  <div class='ocr_page' id='page_1' title='image "/cluster/home/n/w/nwhite01/storage/ocr_20150623/44/mdp.39015011915454/358.png"; bbox 0 0 3766 5986; ppageno 0'>
   <div class='ocr_carea' id='block_1_1' title="bbox 263 209 365 269">
    <p class='ocr_par' dir='ltr' id='par_1_1' title="bbox 263 209 365 269">
     <span class='ocr_line' id='line_1_1' title="bbox 263 209 365 269; baseline 0.02 -3"><span class='ocrx_word' id='word_1_1' title='bbox 263 209 365 269; x_wconf 78' lang='grc'><strong>701</strong></span> 
     </span>
    </p>
   </div>
   <div class='ocr_carea' id='block_1_2' title="bbox 1307 203 2396 262">
    <p class='ocr_par' dir='ltr' id='par_1_2' title="bbox 1307 203 2396 262">
     <span class='ocr_line' id='line_1_2' title="bbox 1307 203 2396 262; baseline -0.002 -3"><span class='ocrx_word' id='word_1_2' title='bbox 1307 204 1378 259; x_wconf 82' lang='lat' dir='ltr'><strong>IN</strong></span> <span class='ocrx_word' id='word_1_3' title='bbox 1416 203 1953 262; x_wconf 70' lang='lat' dir='ltr'><strong>ECCLESIASTEN.</strong></span> <span class='ocrx_word' id='word_1_4' title='bbox 1987 204 2268 261; x_wconf 73' lang='lat' dir='ltr'><strong>HOMILIA</strong></span> <span class='ocrx_word' id='word_1_5' title='bbox 2309 203 2396 258; x_wconf 83' lang='lat' dir='ltr'><strong>VI.</strong></span> 
     </span>
    </p>
   </div>
   <div class='ocr_carea' id='block_1_3' title="bbox 3404 204 3510 260">
    <p class='ocr_par' dir='ltr' id='par_1_3' title="bbox 3404 204 3510 260">
     <span class='ocr_line' id='line_1_3' title="bbox 3404 204 3510 260; baseline 0.028 -3"><span class='ocrx_word' id='word_1_6' title='bbox 3404 204 3510 260; x_wconf 67' lang='lat'><strong>70%</strong></span> 
     </span>
    </p>
   </div>
   <div class='ocr_carea' id='block_1_4' title="bbox 262 283 1835 402">
    <p class='ocr_par' dir='ltr' id='par_1_4' title="bbox 262 326 1835 402">
     <span class='ocr_line' id='line_1_4' title="bbox 262 326 1835 402; baseline -0.001 -19"><span class='ocrx_word' id='word_1_7' title='bbox 262 332 595 402; x_wconf 80' lang='grc' dir='ltr'>ὑπέρχρονον</span> <span class='ocrx_word' id='word_1_8' title='bbox 618 328 897 400; x_wconf 77' lang='grc' dir='ltr'><strong>ἀτιμάζων</strong></span> <span class='ocrx_word' id='word_1_9' title='bbox 928 327 1022 381; x_wconf 73' lang='grc' dir='ltr'><strong>καὶ</strong></span> <span class='ocrx_word' id='word_1_10' title='bbox 1066 326 1129 381; x_wconf 71' lang='grc' dir='ltr'>τὸ</span> <span class='ocrx_word' id='word_1_11' title='bbox 1168 326 1415 381; x_wconf 62' lang='lat' dir='ltr'><strong>mam</strong></span> <span class='ocrx_word' id='word_1_12' title='bbox 1445 328 1835 400; x_wconf 79' lang='grc' dir='ltr'>ἀποπεμπόμε-</span> 
     </span>
    </p>
   </div>
   <div class='ocr_carea' id='block_1_5' title="bbox 1950 283 3506 402">
    <p class='ocr_par' dir='ltr' id='par_1_5' title="bbox 1950 310 3506 397">
     <span class='ocr_line' id='line_1_5' title="bbox 1950 310 3506 397; baseline -0.003 -15"><span class='ocrx_word' id='word_1_13' title='bbox 1950 329 2005 383; x_wconf 90' lang='lat' dir='ltr'><strong>in</strong></span> <span class='ocrx_word' id='word_1_14' title='bbox 2034 343 2145 397; x_wconf 90' lang='lat' dir='ltr'><strong>quo</strong></span> <span class='ocrx_word' id='word_1_15' title='bbox 2177 326 2540 383; x_wconf 85' lang='lat' dir='ltr'><strong>ostenduntur</strong></span> <span class='ocrx_word' id='word_1_16' title='bbox 2563 325 2711 380; x_wconf 83' lang='lat' dir='ltr'><strong>vires</strong></span> <span class='ocrx_word' id='word_1_17' title='bbox 2753 324 2975 394; x_wconf 81' lang='lat' dir='ltr'><strong>quidem</strong></span> <span class='ocrx_word' id='word_1_18' title='bbox 3000 310 3307 394; x_wconf 73' lang='lat' dir='ltr'><strong>iuventutis</strong></span> <span class='ocrx_word' id='word_1_19' title='bbox 3343 332 3506 393; x_wconf 72' lang='lat' dir='ltr'><strong>sepa-</strong></span> 
     </span>
    </p>
   </div>
   <div class='ocr_carea' id='block_1_6' title="bbox 257 411 1843 489">
    <p class='ocr_par' dir='ltr' id='par_1_6' title="bbox 257 411 1843 489">
     <span class='ocr_line' id='line_1_6' title="bbox 257 411 1843 489; baseline 0.002 -19"><span class='ocrx_word' id='word_1_20' title='bbox 257 434 372 482; x_wconf 84' lang='grc' dir='ltr'>νος.</span> <span class='ocrx_word' id='word_1_21' title='bbox 407 411 578 471; x_wconf 43' lang='grc' dir='ltr'>,Ἀλλὰ</span> <span class='ocrx_word' id='word_1_22' title='bbox 605 418 798 487; x_wconf 80' lang='grc' dir='ltr'>καιρὸς</span> <span class='ocrx_word' id='word_1_23' title='bbox 823 416 889 472; x_wconf 72' lang='grc' dir='ltr'>ἂν</span> <span class='ocrx_word' id='word_1_24' title='bbox 928 416 1017 487; x_wconf 75' lang='grc' dir='ltr'><strong>εἴη</strong></span> <span class='ocrx_word' id='word_1_25' title='bbox 1052 418 1148 470; x_wconf 79' lang='grc' dir='ltr'>καὶ</span> <span class='ocrx_word' id='word_1_26' title='bbox 1178 417 1350 489; x_wconf 74' lang='grc' dir='ltr'>αὐτὴν</span> <span class='ocrx_word' id='word_1_27' title='bbox 1377 418 1508 488; x_wconf 76' lang='grc' dir='ltr'>ἡμῖν</span> <span class='ocrx_word' id='word_1_28' title='bbox 1532 418 1600 473; x_wconf 89' lang='grc' dir='ltr'><strong>δι’</strong></span> <span class='ocrx_word' id='word_1_29' title='bbox 1619 418 1843 473; x_wconf 81' lang='grc' dir='ltr'>ἀκολού-</span> 
     </span>
    </p>
   </div>
   <div class='ocr_carea' id='block_1_7' title="bbox 256 507 1843 579">
    <p class='ocr_par' dir='ltr' id='par_1_7' title="bbox 256 507 1843 579">
     <span class='ocr_line' id='line_1_7' title="bbox 256 507 1843 579; baseline 0 -16"><span class='ocrx_word' id='word_1_30' title='bbox 256 510 369 564; x_wconf 79' lang='grc' dir='ltr'>θου·</span> <span class='ocrx_word' id='word_1_31' title='bbox 400 507 763 579; x_wconf 68' lang='grc' dir='ltr'><strong>προστεθῆναι</strong></span> <span class='ocrx_word' id='word_1_32' title='bbox 806 507 916 562; x_wconf 85' lang='grc' dir='ltr'><strong>τῶν</strong></span> <span class='ocrx_word' id='word_1_33' title='bbox 962 508 1334 564; x_wconf 74' lang='grc' dir='ltr'>θεοπνεύστων</span> <span class='ocrx_word' id='word_1_34' title='bbox 1376 508 1552 578; x_wconf 79' lang='grc' dir='ltr'>λόγων</span> <span class='ocrx_word' id='word_1_35' title='bbox 1582 509 1682 579; x_wconf 80' lang='grc' dir='ltr'>τὴν</span> <span class='ocrx_word' id='word_1_36' title='bbox 1707 508 1843 563; x_wconf 80' lang='grc' dir='ltr'>θεω-</span> 
     </span>
    </p>
   </div>
   <div class='ocr_carea' id='block_1_8' title="bbox 257 601 402 670">
    <p class='ocr_par' dir='ltr' id='par_1_8' title="bbox 257 601 402 670">
     <span class='ocr_line' id='line_1_8' title="bbox 257 601 402 670; baseline 0.014 -18"><span class='ocrx_word' id='word_1_37' title='bbox 257 601 402 670; x_wconf 84' lang='grc' dir='ltr'>ρίαν.</span> 
     </span>
    </p>
   </div>
   <div class='ocr_carea' id='block_1_9' title="bbox 1948 413 3509 478">
    <p class='ocr_par' dir='ltr' id='par_1_9' title="bbox 1948 413 3509 478">
     <span class='ocr_line' id='line_1_9' title="bbox 1948 413 3509 478; baseline -0.002 -6"><span class='ocrx_word' id='word_1_38' title='bbox 1948 425 2079 472; x_wconf 64' lang='lat' dir='ltr'><strong>ratm</strong></span> <span class='ocrx_word' id='word_1_39' title='bbox 2105 417 2177 469; x_wconf 86' lang='lat' dir='ltr'><strong>ah</strong></span> <span class='ocrx_word' id='word_1_40' title='bbox 2198 414 2511 478; x_wconf 84' lang='lat' dir='ltr'><strong>insolentia,</strong></span> <span class='ocrx_word' id='word_1_41' title='bbox 2545 428 2575 467; x_wconf 89' lang='lat' dir='ltr'><strong>a</strong></span> <span class='ocrx_word' id='word_1_42' title='bbox 2604 413 2901 468; x_wconf 77' lang='lat' dir='ltr'><strong>senectutis</strong></span> <span class='ocrx_word' id='word_1_43' title='bbox 2928 421 3108 469; x_wconf 85' lang='lat' dir='ltr'><strong>autem</strong></span> <span class='ocrx_word' id='word_1_44' title='bbox 3137 413 3509 469; x_wconf 67' lang='lat' dir='ltr'><strong>imbecillitate</strong></span> 
     </span>
    </p>
   </div>
   <div class='ocr_carea' id='block_1_10' title="bbox 1944 500 3507 577">
    <p class='ocr_par' dir='ltr' id='par_1_10' title="bbox 1944 500 3507 577">
     <span class='ocr_line' id='line_1_10' title="bbox 1944 500 3507 577; baseline -0.002 -15"><span class='ocrx_word' id='word_1_45' title='bbox 1944 505 2233 577; x_wconf 85' lang='lat' dir='ltr'><strong>prudentia</strong></span> <span class='ocrx_word' id='word_1_46' title='bbox 2282 505 2507 559; x_wconf 84' lang='lat' dir='ltr'><strong>minime</strong></span> <span class='ocrx_word' id='word_1_47' title='bbox 2563 512 2856 573; x_wconf 84' lang='lat' dir='ltr'><strong>separata:</strong></span> <span class='ocrx_word' id='word_1_48' title='bbox 2902 500 3036 557; x_wconf 85' lang='lat' dir='ltr'><strong>adeo</strong></span> <span class='ocrx_word' id='word_1_49' title='bbox 3085 510 3147 558; x_wconf 92' lang='lat' dir='ltr'><strong>ut</strong></span> <span class='ocrx_word' id='word_1_50' title='bbox 3203 505 3313 559; x_wconf 85' lang='lat' dir='ltr'><strong>sint</strong></span> <span class='ocrx_word' id='word_1_51' title='bbox 3360 506 3507 559; x_wconf 87' lang='lat' dir='ltr'><strong>vires</strong></span> 
     </span>
    </p>
   </div>
   <div class='ocr_carea' id='block_1_11' title="bbox 1943 594 3505 666">
    <p class='ocr_par' dir='ltr' id='par_1_11' title="bbox 1943 594 3505 666">
     <span class='ocr_line' id='line_1_11' title="bbox 1943 594 3505 666; baseline -0.003 -15"><span class='ocrx_word' id='word_1_52' title='bbox 1943 605 2364 666; x_wconf 64' lang='lat' dir='ltr'><strong>«intemperata:</strong></span> <span class='ocrx_word' id='word_1_53' title='bbox 2389 610 2513 649; x_wconf 88' lang='lat' dir='ltr'><strong>cum</strong></span> <span class='ocrx_word' id='word_1_54' title='bbox 2548 594 2855 664; x_wconf 81' lang='lat' dir='ltr'><strong>prudentia,</strong></span> <span class='ocrx_word' id='word_1_55' title='bbox 2880 610 2944 649; x_wconf 83' lang='lat' dir='ltr'><strong>ex</strong></span> <span class='ocrx_word' id='word_1_56' title='bbox 2977 608 3136 663; x_wconf 64' lang='lat' dir='ltr'><strong>aquo</strong></span> <span class='ocrx_word' id='word_1_57' title='bbox 3158 594 3423 664; x_wconf 77' lang='lat' dir='ltr'><strong>fugientes</strong></span> <span class='ocrx_word' id='word_1_58' title='bbox 3450 603 3505 647; x_wconf 75' lang='lat' dir='ltr'><strong>et</strong></span> 
     </span>
    </p>
   </div>
   <div class='ocr_carea' id='block_1_12' title="bbox 253 683 3504 758">
    <p class='ocr_par' dir='ltr' id='par_1_12' title="bbox 253 683 3504 758">
     <span class='ocr_line' id='line_1_12' title="bbox 253 683 3504 758; baseline -0.002 -15"><span class='ocrx_word' id='word_1_59' title='bbox 253 688 553 744; x_wconf 68' lang='lat' dir='ltr'><strong>senectutis</strong></span> <span class='ocrx_word' id='word_1_60' title='bbox 592 686 1041 754; x_wconf 80' lang='lat' dir='ltr'><strong>imbecillitatem,</strong></span> <span class='ocrx_word' id='word_1_61' title='bbox 1074 696 1130 744; x_wconf 92' lang='lat' dir='ltr'><strong>et</strong></span> <span class='ocrx_word' id='word_1_62' title='bbox 1162 686 1465 758; x_wconf 74' lang='lat' dir='ltr'><strong>iuventutis</strong></span> <span class='ocrx_word' id='word_1_63' title='bbox 1500 687 1804 742; x_wconf 77' lang='lat' dir='ltr'><strong>audaciam.</strong></span> <span class='ocrx_word' id='word_1_64' title='bbox 1843 685 1923 740; x_wconf 89' lang='lat' dir='ltr'><strong>lta</strong></span> <span class='ocrx_word' id='word_1_65' title='bbox 1952 686 2045 755; x_wconf 88' lang='lat' dir='ltr'><strong>qui</strong></span> <span class='ocrx_word' id='word_1_66' title='bbox 2068 692 2285 754; x_wconf 82' lang='lat' dir='ltr'><strong>tempus</strong></span> <span class='ocrx_word' id='word_1_67' title='bbox 2326 683 2535 751; x_wconf 84' lang='lat' dir='ltr'><strong>definit,</strong></span> <span class='ocrx_word' id='word_1_68' title='bbox 2559 684 2816 740; x_wconf 78' lang='lat' dir='ltr'><strong>omnibus</strong></span> <span class='ocrx_word' id='word_1_69' title='bbox 2876 697 2972 753; x_wconf 84' lang='lat' dir='ltr'><strong>per</strong></span> <span class='ocrx_word' id='word_1_70' title='bbox 3037 691 3329 753; x_wconf 87' lang='lat' dir='ltr'><strong>utrumque</strong></span> <span class='ocrx_word' id='word_1_71' title='bbox 3382 700 3504 738; x_wconf 86' lang='lat' dir='ltr'><strong>ver-</strong></span> 
     </span>
    </p>
   </div>
   <div class='ocr_carea' id='block_1_13' title="bbox 253 777 3505 852">
    <p class='ocr_par' dir='ltr' id='par_1_13' title="bbox 253 777 3505 852">
     <span class='ocr_line' id='line_1_13' title="bbox 253 777 3505 852; baseline -0.001 -18"><span class='ocrx_word' id='word_1_72' title='bbox 253 781 345 835; x_wconf 87' lang='lat' dir='ltr'><strong>bis</strong></span> <span class='ocrx_word' id='word_1_73' title='bbox 378 788 617 850; x_wconf 78' lang='lat' dir='ltr'><strong>separat,</strong></span> <span class='ocrx_word' id='word_1_74' title='bbox 657 780 806 852; x_wconf 84' lang='lat' dir='ltr'><strong>quod</strong></span> <span class='ocrx_word' id='word_1_75' title='bbox 843 795 910 836; x_wconf 81' lang='lat' dir='ltr'><strong>ex</strong></span> <span class='ocrx_word' id='word_1_76' title='bbox 948 794 1222 838; x_wconf 74' lang='lat' dir='ltr'><strong>mensurae</strong></span> <span class='ocrx_word' id='word_1_77' title='bbox 1248 780 1464 837; x_wconf 79' lang='lat' dir='ltr'><strong>defectu</strong></span> <span class='ocrx_word' id='word_1_78' title='bbox 1505 782 1704 845; x_wconf 89' lang='lat' dir='ltr'><strong>oritur,</strong></span> <span class='ocrx_word' id='word_1_79' title='bbox 1748 780 1979 835; x_wconf 86' lang='lat' dir='ltr'><strong>vitium:</strong></span> <span class='ocrx_word' id='word_1_80' title='bbox 2012 787 2073 833; x_wconf 88' lang='lat' dir='ltr'><strong>ut</strong></span> <span class='ocrx_word' id='word_1_81' title='bbox 2124 779 2215 849; x_wconf 91' lang='lat' dir='ltr'><strong>qui</strong></span> <span class='ocrx_word' id='word_1_82' title='bbox 2244 788 2298 833; x_wconf 88' lang='lat' dir='ltr'><strong>et</strong></span> <span class='ocrx_word' id='word_1_83' title='bbox 2331 778 2476 848; x_wconf 87' lang='lat' dir='ltr'><strong>quod</strong></span> <span class='ocrx_word' id='word_1_84' title='bbox 2539 786 2753 849; x_wconf 88' lang='lat' dir='ltr'><strong>tempus</strong></span> <span class='ocrx_word' id='word_1_85' title='bbox 2817 777 3050 843; x_wconf 79' lang='lat' dir='ltr'><strong>excedit,</strong></span> <span class='ocrx_word' id='word_1_86' title='bbox 3112 777 3405 847; x_wconf 77' lang='lat' dir='ltr'><strong>vituperat,</strong></span> <span class='ocrx_word' id='word_1_87' title='bbox 3451 787 3505 831; x_wconf 91' lang='lat' dir='ltr'><strong>et</strong></span> 
     </span>
    </p>
   </div>
   <div class='ocr_carea' id='block_1_14' title="bbox 251 867 3501 941">
    <p class='ocr_par' dir='ltr' id='par_1_14' title="bbox 251 867 3501 941">
     <span class='ocr_line' id='line_1_14' title="bbox 251 867 3501 941; baseline -0.002 -17"><span class='ocrx_word' id='word_1_88' title='bbox 251 869 308 924; x_wconf 89' lang='lat' dir='ltr'><strong>id</strong></span> <span class='ocrx_word' id='word_1_89' title='bbox 338 869 485 940; x_wconf 83' lang='lat' dir='ltr'><strong>quod</strong></span> <span class='ocrx_word' id='word_1_90' title='bbox 527 869 732 937; x_wconf 82' lang='lat' dir='ltr'><strong>deficit,</strong></span> <span class='ocrx_word' id='word_1_91' title='bbox 806 872 1084 927; x_wconf 77' lang='lat' dir='ltr'><strong>smundat.</strong></span> <span class='ocrx_word' id='word_1_92' title='bbox 1157 868 1264 927; x_wconf 85' lang='lat' dir='ltr'><strong>Sed</strong></span> <span class='ocrx_word' id='word_1_93' title='bbox 1310 879 1527 941; x_wconf 79' lang='lat' dir='ltr'><strong>tempus</strong></span> <span class='ocrx_word' id='word_1_94' title='bbox 1572 877 1659 926; x_wconf 83' lang='lat' dir='ltr'><strong>est</strong></span> <span class='ocrx_word' id='word_1_95' title='bbox 1697 876 2097 939; x_wconf 83' lang='lat' dir='ltr'><strong>consequenter</strong></span> <span class='ocrx_word' id='word_1_96' title='bbox 2153 867 2385 922; x_wconf 85' lang='lat' dir='ltr'><strong>addendi</strong></span> <span class='ocrx_word' id='word_1_97' title='bbox 2413 868 2587 937; x_wconf 80' lang='lat' dir='ltr'><strong>ipsam</strong></span> <span class='ocrx_word' id='word_1_98' title='bbox 2613 867 2876 923; x_wconf 85' lang='lat' dir='ltr'><strong>divinitus</strong></span> <span class='ocrx_word' id='word_1_99' title='bbox 2924 867 3315 937; x_wconf 78' lang='lat' dir='ltr'><strong>ittspiratorum</strong></span> <span class='ocrx_word' id='word_1_100' title='bbox 3376 881 3501 921; x_wconf 80' lang='lat' dir='ltr'><strong>ver-</strong></span> 
     </span>
    </p>
   </div>
   <div class='ocr_carea' id='block_1_15' title="bbox 251 955 1008 1033">
    <p class='ocr_par' dir='ltr' id='par_1_15' title="bbox 251 955 1008 1033">
     <span class='ocr_line' id='line_1_15' title="bbox 251 955 1008 1033; baseline 0.004 -17"><span class='ocrx_word' id='word_1_101' title='bbox 251 955 452 1017; x_wconf 80' lang='lat' dir='ltr'><strong>borum</strong></span> <span class='ocrx_word' id='word_1_102' title='bbox 478 962 1008 1033; x_wconf 83' lang='lat' dir='ltr'><strong>contemplationem.</strong></span> 
     </span>
    </p>
   </div>
   <div class='ocr_carea' id='block_1_16' title="bbox 336 1056 1830 1130">
    <p class='ocr_par' dir='ltr' id='par_1_16' title="bbox 336 1056 1830 1130">
     <span class='ocr_line' id='line_1_16' title="bbox 336 1056 1830 1130; baseline 0.003 -23"><span class='ocrx_word' id='word_1_103' title='bbox 336 1073 355 1107; x_wconf 81' lang='grc' dir='ltr'><strong>ι</strong></span> <span class='ocrx_word' id='word_1_104' title='bbox 378 1056 603 1129; x_wconf 68' lang='grc' dir='ltr'>καιρὸς,</span> <span class='ocrx_word' id='word_1_105' title='bbox 625 1074 646 1108; x_wconf 72' lang='grc' dir='ltr'><strong>ι</strong></span> <span class='ocrx_word' id='word_1_106' title='bbox 668 1058 824 1127; x_wconf 59' lang='grc' dir='ltr'>φησι,</span> <span class='ocrx_word' id='word_1_107' title='bbox 853 1075 872 1108; x_wconf 77' lang='grc' dir='ltr'><strong>ι</strong></span> <span class='ocrx_word' id='word_1_108' title='bbox 889 1056 987 1110; x_wconf 74' lang='grc' dir='ltr'>τοῦ</span> <span class='ocrx_word' id='word_1_109' title='bbox 1002 1059 1200 1122; x_wconf 81' lang='grc' dir='ltr'>τεκεῖν,</span> <span class='ocrx_word' id='word_1_110' title='bbox 1213 1059 1308 1111; x_wconf 77' lang='grc' dir='ltr'>καὶ</span> <span class='ocrx_word' id='word_1_111' title='bbox 1324 1058 1510 1130; x_wconf 81' lang='grc' dir='ltr'>καιρὸς</span> <span class='ocrx_word' id='word_1_112' title='bbox 1525 1057 1620 1112; x_wconf 83' lang='grc' dir='ltr'><strong>τοῦ</strong></span> <span class='ocrx_word' id='word_1_113' title='bbox 1634 1057 1830 1111; x_wconf 80' lang='grc' dir='ltr'>ἀποθα-</span> 
     </span>
    </p>
   </div>
   <div class='ocr_carea' id='block_1_17' title="bbox 253 1145 1829 1218">
    <p class='ocr_par' dir='ltr' id='par_1_17' title="bbox 253 1145 1829 1218">
     <span class='ocr_line' id='line_1_17' title="bbox 253 1145 1829 1218; baseline 0.001 -19"><span class='ocrx_word' id='word_1_114' title='bbox 253 1147 391 1199; x_wconf 87' lang='grc' dir='ltr'>νεῖν.</span> <span class='ocrx_word' id='word_1_115' title='bbox 413 1164 437 1197; x_wconf 66' lang='grc' dir='ltr'><em>θ</em></span> <span class='ocrx_word' id='word_1_116' title='bbox 455 1145 650 1210; x_wconf 80' lang='grc' dir='ltr'>Καλῶς</span> <span class='ocrx_word' id='word_1_117' title='bbox 673 1149 732 1202; x_wconf 77' lang='grc' dir='ltr'>ἐν</span> <span class='ocrx_word' id='word_1_118' title='bbox 750 1146 990 1218; x_wconf 81' lang='grc' dir='ltr'>πρώτοις</span> <span class='ocrx_word' id='word_1_119' title='bbox 1009 1148 1109 1218; x_wconf 72' lang='grc' dir='ltr'>τὴν</span> <span class='ocrx_word' id='word_1_120' title='bbox 1124 1149 1435 1216; x_wconf 77' lang='grc' dir='ltr'><strong>ἀναγκαίαν</strong></span> <span class='ocrx_word' id='word_1_121' title='bbox 1448 1148 1650 1218; x_wconf 82' lang='grc' dir='ltr'>ταύτην</span> <span class='ocrx_word' id='word_1_122' title='bbox 1672 1147 1829 1210; x_wconf 77' lang='grc' dir='ltr'>συζυ-</span> 
     </span>
    </p>
   </div>
   <div class='ocr_carea' id='block_1_18' title="bbox 252 1236 1888 1312">
    <p class='ocr_par' dir='ltr' id='par_1_18' title="bbox 252 1236 1888 1312">
     <span class='ocr_line' id='line_1_18' title="bbox 252 1236 1888 1312; baseline 0.001 -23"><span class='ocrx_word' id='word_1_123' title='bbox 252 1236 387 1306; x_wconf 70' lang='grc' dir='ltr'>γίαν</span> <span class='ocrx_word' id='word_1_124' title='bbox 421 1236 502 1306; x_wconf 81' lang='grc' dir='ltr'>τῷ</span> <span class='ocrx_word' id='word_1_125' title='bbox 530 1237 674 1307; x_wconf 83' lang='grc' dir='ltr'>λόγῳ</span> <span class='ocrx_word' id='word_1_126' title='bbox 708 1237 993 1302; x_wconf 75' lang='grc' dir='ltr'>συνέζευξε</span> <span class='ocrx_word' id='word_1_127' title='bbox 1015 1279 1032 1304; x_wconf 87' lang='grc'><strong>,</strong></span> <span class='ocrx_word' id='word_1_128' title='bbox 1069 1239 1358 1293; x_wconf 82' lang='grc' dir='ltr'><strong>συνάπτων</strong></span> <span class='ocrx_word' id='word_1_129' title='bbox 1391 1240 1459 1310; x_wconf 76' lang='grc' dir='ltr'><strong>τῇ</strong></span> <span class='ocrx_word' id='word_1_130' title='bbox 1489 1239 1700 1308; x_wconf 72' lang='grc' dir='ltr'>γενέσει</span> <span class='ocrx_word' id='word_1_131' title='bbox 1740 1238 1831 1290; x_wconf 77' lang='grc' dir='ltr'>τὸν</span> <span class='ocrx_word' id='word_1_132' title='bbox 1882 1308 1888 1312; x_wconf 13' lang='grc' dir='ltr'><strong><em>ἢ</em></strong></span> 
     </span>
    </p>
   </div>
   <div class='ocr_carea' id='block_1_19' title="bbox 258 1325 1830 1401">
    <p class='ocr_par' dir='ltr' id='par_1_19' title="bbox 258 1325 1830 1401">
     <span class='ocr_line' id='line_1_19' title="bbox 258 1325 1830 1401; baseline 0.002 -22"><span class='ocrx_word' id='word_1_133' title='bbox 258 1325 512 1382; x_wconf 83' lang='grc' dir='ltr'>θάνατον.</span> <span class='ocrx_word' id='word_1_134' title='bbox 536 1328 767 1383; x_wconf 84' lang='grc' dir='ltr'>Ἐπεται</span> <span class='ocrx_word' id='word_1_135' title='bbox 795 1327 905 1398; x_wconf 81' lang='grc' dir='ltr'><strong>γὰρ</strong></span> <span class='ocrx_word' id='word_1_136' title='bbox 930 1331 1051 1381; x_wconf 83' lang='grc' dir='ltr'>κατ’</span> <span class='ocrx_word' id='word_1_137' title='bbox 1074 1329 1322 1400; x_wconf 79' lang='grc' dir='ltr'>ἀνάγκην</span> <span class='ocrx_word' id='word_1_138' title='bbox 1346 1329 1424 1400; x_wconf 84' lang='grc' dir='ltr'>τῷ</span> <span class='ocrx_word' id='word_1_139' title='bbox 1444 1331 1589 1401; x_wconf 87' lang='grc' dir='ltr'>τόκῳ</span> <span class='ocrx_word' id='word_1_140' title='bbox 1608 1330 1639 1382; x_wconf 79' lang='grc' dir='ltr'>ὁ</span> <span class='ocrx_word' id='word_1_141' title='bbox 1665 1327 1830 1383; x_wconf 81' lang='grc' dir='ltr'>θάνα-</span> 
     </span>
    </p>
   </div>
   <div class='ocr_carea' id='block_1_20' title="bbox 254 1420 1833 1497">
    <p class='ocr_par' dir='ltr' id='par_1_20' title="bbox 254 1420 1833 1497">
     <span class='ocr_line' id='line_1_20' title="bbox 254 1420 1833 1497; baseline -0.001 -21"><span class='ocrx_word' id='word_1_142' title='bbox 254 1435 374 1482; x_wconf 81' lang='grc' dir='ltr'>τος.</span> <span class='ocrx_word' id='word_1_143' title='bbox 408 1420 502 1472; x_wconf 76' lang='grc' dir='ltr'>καὶ</span> <span class='ocrx_word' id='word_1_144' title='bbox 526 1421 678 1473; x_wconf 82' lang='grc' dir='ltr'>πᾶσα</span> <span class='ocrx_word' id='word_1_145' title='bbox 708 1421 924 1497; x_wconf 76' lang='grc' dir='ltr'>γένεσις</span> <span class='ocrx_word' id='word_1_146' title='bbox 954 1422 1034 1484; x_wconf 77' lang='grc' dir='ltr'>εἰς</span> <span class='ocrx_word' id='word_1_147' title='bbox 1061 1420 1266 1491; x_wconf 74' lang='grc' dir='ltr'>φθορὰν</span> <span class='ocrx_word' id='word_1_148' title='bbox 1293 1421 1571 1475; x_wconf 80' lang='grc' dir='ltr'><strong>διαλύεται</strong></span> <span class='ocrx_word' id='word_1_149' title='bbox 1591 1438 1605 1452; x_wconf 73' lang='grc' dir='ltr'><strong>ο</strong></span> <span class='ocrx_word' id='word_1_150' title='bbox 1631 1422 1717 1475; x_wconf 76' lang='grc' dir='ltr'><strong>ἵνα</strong></span> <span class='ocrx_word' id='word_1_151' title='bbox 1743 1421 1833 1474; x_wconf 70' lang='grc' dir='ltr'><strong>διὰ</strong></span> 
     </span>
    </p>
   </div>
   <div class='ocr_carea' id='block_1_21' title="bbox 254 1508 1831 1583">
    <p class='ocr_par' dir='ltr' id='par_1_21' title="bbox 254 1508 1831 1583">
     <span class='ocr_line' id='line_1_21' title="bbox 254 1508 1831 1583; baseline 0.001 -21"><span class='ocrx_word' id='word_1_152' title='bbox 254 1508 356 1562; x_wconf 83' lang='grc' dir='ltr'>τοῦ</span> <span class='ocrx_word' id='word_1_153' title='bbox 399 1510 765 1581; x_wconf 72' lang='grc' dir='ltr'>συνημμένως</span> <span class='ocrx_word' id='word_1_154' title='bbox 794 1509 1070 1583; x_wconf 70' lang='grc' dir='ltr'><strong>δειχθῆναι</strong></span> <span class='ocrx_word' id='word_1_155' title='bbox 1114 1511 1207 1564; x_wconf 81' lang='grc' dir='ltr'>τὸν</span> <span class='ocrx_word' id='word_1_156' title='bbox 1240 1510 1467 1566; x_wconf 85' lang='grc' dir='ltr'>θάνατόν</span> <span class='ocrx_word' id='word_1_157' title='bbox 1502 1528 1563 1565; x_wconf 84' lang='grc' dir='ltr'><strong>τε</strong></span> <span class='ocrx_word' id='word_1_158' title='bbox 1598 1512 1693 1565; x_wconf 73' lang='grc' dir='ltr'>καὶ</span> <span class='ocrx_word' id='word_1_159' title='bbox 1734 1512 1831 1583; x_wconf 83' lang='grc' dir='ltr'>τὴν</span> 
     </span>
    </p>
   </div>
   <div class='ocr_carea' id='block_1_22' title="bbox 252 1582 1828 1674">
    <p class='ocr_par' dir='ltr' id='par_1_22' title="bbox 252 1582 1828 1674">
     <span class='ocr_line' id='line_1_22' title="bbox 252 1582 1828 1674; baseline 0.004 -24"><span class='ocrx_word' id='word_1_160' title='bbox 252 1600 492 1668; x_wconf 79' lang='grc' dir='ltr'>γένεσιν,</span> <span class='ocrx_word' id='word_1_161' title='bbox 526 1602 690 1654; x_wconf 79' lang='grc' dir='ltr'>οἱονεὶ</span> <span class='ocrx_word' id='word_1_162' title='bbox 730 1582 940 1671; x_wconf 70' lang='grc' dir='ltr'>κέντρῳ</span> <span class='ocrx_word' id='word_1_163' title='bbox 976 1601 1084 1653; x_wconf 76' lang='grc' dir='ltr'>τινὶ</span> <span class='ocrx_word' id='word_1_164' title='bbox 1119 1604 1187 1672; x_wconf 75' lang='grc' dir='ltr'><strong>τῇ</strong></span> <span class='ocrx_word' id='word_1_165' title='bbox 1234 1601 1329 1655; x_wconf 82' lang='grc' dir='ltr'><strong>τοῦ</strong></span> <span class='ocrx_word' id='word_1_166' title='bbox 1364 1601 1596 1656; x_wconf 83' lang='grc' dir='ltr'>θανάτου</span> <span class='ocrx_word' id='word_1_167' title='bbox 1643 1582 1828 1674; x_wconf 79' lang='grc' dir='ltr'>μνήμῃ</span> 
     </span>
    </p>
   </div>
   <div class='ocr_carea' id='block_1_23' title="bbox 2008 1049 3503 1122">
    <p class='ocr_par' dir='ltr' id='par_1_23' title="bbox 2008 1049 3503 1122">
     <span class='ocr_line' id='line_1_23' title="bbox 2008 1049 3503 1122; baseline 0.003 -17"><span class='ocrx_word' id='word_1_168' title='bbox 2008 1053 2118 1115; x_wconf 64' lang='lat' dir='ltr'><strong>Le</strong></span> <span class='ocrx_word' id='word_1_169' title='bbox 2147 1049 2387 1120; x_wconf 87' lang='lat' dir='ltr'><strong>Tempus</strong></span> <span class='ocrx_word' id='word_1_170' title='bbox 2422 1058 2530 1114; x_wconf 81' lang='lat' dir='ltr'><strong>est,</strong></span> <span class='ocrx_word' id='word_1_171' title='bbox 2566 1069 2584 1103; x_wconf 75' lang='grc' dir='ltr'><strong>ι</strong></span> <span class='ocrx_word' id='word_1_172' title='bbox 2620 1050 2818 1120; x_wconf 83' lang='lat' dir='ltr'><strong>inquit,</strong></span> <span class='ocrx_word' id='word_1_173' title='bbox 2856 1067 2878 1101; x_wconf 85' lang='grc' dir='ltr'><strong>ι</strong></span> <span class='ocrx_word' id='word_1_174' title='bbox 2910 1050 3176 1120; x_wconf 87' lang='lat' dir='ltr'><strong>pariendi,</strong></span> <span class='ocrx_word' id='word_1_175' title='bbox 3211 1060 3265 1107; x_wconf 90' lang='lat' dir='ltr'><strong>et</strong></span> <span class='ocrx_word' id='word_1_176' title='bbox 3294 1063 3503 1122; x_wconf 74' lang='lat' dir='ltr'><strong>tentpus</strong></span> 
     </span>
    </p>
   </div>
   <div class='ocr_carea' id='block_1_24' title="bbox 1937 1140 3501 1211">
    <p class='ocr_par' dir='ltr' id='par_1_24' title="bbox 1937 1140 3501 1211">
     <span class='ocr_line' id='line_1_24' title="bbox 1937 1140 3501 1211; baseline 0.001 -14"><span class='ocrx_word' id='word_1_177' title='bbox 1937 1143 2259 1197; x_wconf 64' lang='lat' dir='ltr'><strong>moriendi.»</strong></span> <span class='ocrx_word' id='word_1_178' title='bbox 2290 1140 2523 1196; x_wconf 84' lang='lat' dir='ltr'><strong>Pulchre</strong></span> <span class='ocrx_word' id='word_1_179' title='bbox 2561 1143 2616 1195; x_wconf 93' lang='lat' dir='ltr'><strong>in</strong></span> <span class='ocrx_word' id='word_1_180' title='bbox 2642 1142 2909 1211; x_wconf 88' lang='lat' dir='ltr'><strong>principio</strong></span> <span class='ocrx_word' id='word_1_181' title='bbox 2933 1141 3116 1195; x_wconf 80' lang='lat' dir='ltr'><strong>verbis</strong></span> <span class='ocrx_word' id='word_1_182' title='bbox 3142 1141 3282 1196; x_wconf 84' lang='lat' dir='ltr'><strong>hanc</strong></span> <span class='ocrx_word' id='word_1_183' title='bbox 3310 1158 3501 1198; x_wconf 85' lang='lat' dir='ltr'><strong>neces-</strong></span> 
     </span>
    </p>
   </div>
   <div class='ocr_carea' id='block_1_25' title="bbox 1935 1232 3504 1302">
    <p class='ocr_par' dir='ltr' id='par_1_25' title="bbox 1935 1232 3504 1302">
     <span class='ocr_line' id='line_1_25' title="bbox 1935 1232 3504 1302; baseline -0.001 -14"><span class='ocrx_word' id='word_1_184' title='bbox 1935 1234 2137 1288; x_wconf 82' lang='lat' dir='ltr'><strong>sariam</strong></span> <span class='ocrx_word' id='word_1_185' title='bbox 2179 1233 2465 1302; x_wconf 80' lang='lat' dir='ltr'><strong>conjunxit</strong></span> <span class='ocrx_word' id='word_1_186' title='bbox 2506 1232 2968 1301; x_wconf 73' lang='lat' dir='ltr'><strong>coniugationem,</strong></span> <span class='ocrx_word' id='word_1_187' title='bbox 2999 1246 3124 1285; x_wconf 87' lang='lat' dir='ltr'><strong>cum</strong></span> <span class='ocrx_word' id='word_1_188' title='bbox 3153 1234 3504 1301; x_wconf 78' lang='lat' dir='ltr'><strong>generatione</strong></span> 
     </span>
    </p>
   </div>
   <div class='ocr_carea' id='block_1_26' title="bbox 1936 1323 3500 1394">
    <p class='ocr_par' dir='ltr' id='par_1_26' title="bbox 1936 1323 3500 1394">
     <span class='ocr_line' id='line_1_26' title="bbox 1936 1323 3500 1394; baseline -0.001 -15"><span class='ocrx_word' id='word_1_189' title='bbox 1936 1326 2200 1394; x_wconf 76' lang='lat' dir='ltr'><strong>copulatis</strong></span> <span class='ocrx_word' id='word_1_190' title='bbox 2234 1332 2482 1379; x_wconf 86' lang='lat' dir='ltr'><strong>mortem.</strong></span> <span class='ocrx_word' id='word_1_191' title='bbox 2517 1323 2739 1378; x_wconf 83' lang='lat' dir='ltr'><strong>Partum</strong></span> <span class='ocrx_word' id='word_1_192' title='bbox 2768 1324 2912 1379; x_wconf 88' lang='lat' dir='ltr'><strong>enim</strong></span> <span class='ocrx_word' id='word_1_193' title='bbox 2942 1337 3091 1377; x_wconf 89' lang='lat' dir='ltr'><strong>mors</strong></span> <span class='ocrx_word' id='word_1_194' title='bbox 3130 1324 3374 1393; x_wconf 84' lang='lat' dir='ltr'><strong>sequitur</strong></span> <span class='ocrx_word' id='word_1_195' title='bbox 3404 1341 3500 1378; x_wconf 90' lang='lat' dir='ltr'><strong>ne-</strong></span> 
     </span>
    </p>
   </div>
   <div class='ocr_carea' id='block_1_27' title="bbox 1934 1414 3493 1484">
    <p class='ocr_par' dir='ltr' id='par_1_27' title="bbox 1934 1414 3493 1484">
     <span class='ocr_line' id='line_1_27' title="bbox 1934 1414 3493 1484; baseline -0.002 -14"><span class='ocrx_word' id='word_1_196' title='bbox 1934 1417 2204 1479; x_wconf 81' lang='lat' dir='ltr'><strong>cessario,</strong></span> <span class='ocrx_word' id='word_1_197' title='bbox 2234 1425 2290 1471; x_wconf 92' lang='lat' dir='ltr'><strong>et</strong></span> <span class='ocrx_word' id='word_1_198' title='bbox 2330 1415 2510 1470; x_wconf 88' lang='lat' dir='ltr'><strong>omnis</strong></span> <span class='ocrx_word' id='word_1_199' title='bbox 2549 1415 2828 1484; x_wconf 75' lang='lat' dir='ltr'><strong>generatio</strong></span> <span class='ocrx_word' id='word_1_200' title='bbox 2860 1414 3178 1470; x_wconf 82' lang='lat' dir='ltr'><strong>dissolvitur</strong></span> <span class='ocrx_word' id='word_1_201' title='bbox 3215 1414 3271 1467; x_wconf 89' lang='lat' dir='ltr'><strong>in</strong></span> <span class='ocrx_word' id='word_1_202' title='bbox 3312 1414 3493 1467; x_wconf 85' lang='lat' dir='ltr'><strong>interi-</strong></span> 
     </span>
    </p>
   </div>
   <div class='ocr_carea' id='block_1_28' title="bbox 1936 1503 3501 1575">
    <p class='ocr_par' dir='ltr' id='par_1_28' title="bbox 1936 1503 3501 1575">
     <span class='ocr_line' id='line_1_28' title="bbox 1936 1503 3501 1575; baseline -0.003 -15"><span class='ocrx_word' id='word_1_203' title='bbox 1936 1516 2092 1573; x_wconf 86' lang='lat' dir='ltr'><strong>tum;</strong></span> <span class='ocrx_word' id='word_1_204' title='bbox 2140 1515 2201 1560; x_wconf 89' lang='lat' dir='ltr'><strong>ut</strong></span> <span class='ocrx_word' id='word_1_205' title='bbox 2237 1513 2525 1575; x_wconf 83' lang='lat' dir='ltr'><strong>propterea</strong></span> <span class='ocrx_word' id='word_1_206' title='bbox 2570 1504 2718 1574; x_wconf 87' lang='lat' dir='ltr'><strong>quod</strong></span> <span class='ocrx_word' id='word_1_207' title='bbox 2758 1503 3094 1571; x_wconf 86' lang='lat' dir='ltr'><strong>conjunctim</strong></span> <span class='ocrx_word' id='word_1_208' title='bbox 3136 1511 3359 1557; x_wconf 86' lang='lat' dir='ltr'><strong>ostensa</strong></span> <span class='ocrx_word' id='word_1_209' title='bbox 3390 1505 3501 1558; x_wconf 86' lang='lat' dir='ltr'><strong>sint</strong></span> 
     </span>
    </p>
   </div>
   <div class='ocr_carea' id='block_1_29' title="bbox 1936 1592 3499 1665">
    <p class='ocr_par' dir='ltr' id='par_1_29' title="bbox 1936 1592 3499 1665">
     <span class='ocr_line' id='line_1_29' title="bbox 1936 1592 3499 1665; baseline -0.004 -14"><span class='ocrx_word' id='word_1_210' title='bbox 1936 1610 2087 1651; x_wconf 82' lang='lat' dir='ltr'><strong>mors</strong></span> <span class='ocrx_word' id='word_1_211' title='bbox 2115 1602 2170 1651; x_wconf 88' lang='lat' dir='ltr'><strong>et</strong></span> <span class='ocrx_word' id='word_1_212' title='bbox 2201 1595 2504 1665; x_wconf 75' lang='lat' dir='ltr'><strong>generatio,</strong></span> <span class='ocrx_word' id='word_1_213' title='bbox 2533 1593 2811 1649; x_wconf 88' lang='lat' dir='ltr'><strong>mentione</strong></span> <span class='ocrx_word' id='word_1_214' title='bbox 2840 1592 3037 1646; x_wconf 82' lang='lat' dir='ltr'><strong>mortis</strong></span> <span class='ocrx_word' id='word_1_215' title='bbox 3064 1592 3232 1645; x_wconf 83' lang='lat' dir='ltr'><strong>veluti</strong></span> <span class='ocrx_word' id='word_1_216' title='bbox 3261 1592 3499 1662; x_wconf 86' lang='lat' dir='ltr'><strong>quodam</strong></span> 
     </span>
    </p>
   </div>
   <div class='ocr_carea' id='block_1_30' title="bbox 251 1683 1835 1764">
    <p class='ocr_par' dir='ltr' id='par_1_30' title="bbox 251 1688 1830 1764">
     <span class='ocr_line' id='line_1_30' title="bbox 251 1688 1830 1764; baseline 0.001 -21"><span class='ocrx_word' id='word_1_217' title='bbox 251 1691 386 1753; x_wconf 86' lang='grc' dir='ltr'>τοὺς</span> <span class='ocrx_word' id='word_1_218' title='bbox 411 1688 814 1760; x_wconf 81' lang='grc' dir='ltr'>ὲμδαθύνοντας</span> <span class='ocrx_word' id='word_1_219' title='bbox 850 1695 951 1763; x_wconf 78' lang='grc' dir='ltr'>τῆς</span> <span class='ocrx_word' id='word_1_220' title='bbox 991 1692 1132 1745; x_wconf 82' lang='grc' dir='ltr'>κατὰ</span> <span class='ocrx_word' id='word_1_221' title='bbox 1174 1693 1352 1761; x_wconf 79' lang='grc' dir='ltr'>σάρκα</span> <span class='ocrx_word' id='word_1_222' title='bbox 1385 1692 1531 1762; x_wconf 79' lang='grc' dir='ltr'>ζωῆς</span> <span class='ocrx_word' id='word_1_223' title='bbox 1555 1692 1830 1764; x_wconf 80' lang='grc' dir='ltr'>διυπνίσῃ,</span> 
     </span>
    </p>
   </div>
   <div class='ocr_carea' id='block_1_31' title="bbox 1950 1683 3589 1764">
    <p class='ocr_par' dir='ltr' id='par_1_31' title="bbox 1950 1683 3589 1755">
     <span class='ocr_line' id='line_1_31' title="bbox 1950 1683 3589 1755; baseline -0.004 -11"><span class='ocrx_word' id='word_1_224' title='bbox 1950 1688 2159 1744; x_wconf 77' lang='lat' dir='ltr'><strong>ttimttlo</strong></span> <span class='ocrx_word' id='word_1_225' title='bbox 2213 1702 2311 1743; x_wconf 87' lang='lat' dir='ltr'><strong>eos</strong></span> <span class='ocrx_word' id='word_1_226' title='bbox 2362 1684 2784 1755; x_wconf 74' lang='lat' dir='ltr'><strong>expcrgefaciat,</strong></span> <span class='ocrx_word' id='word_1_227' title='bbox 2837 1685 2935 1754; x_wconf 86' lang='lat' dir='ltr'><strong>qui</strong></span> <span class='ocrx_word' id='word_1_228' title='bbox 2978 1684 3032 1736; x_wconf 89' lang='lat' dir='ltr'><strong>in</strong></span> <span class='ocrx_word' id='word_1_229' title='bbox 3091 1683 3328 1739; x_wconf 84' lang='lat' dir='ltr'><strong>carnalis</strong></span> <span class='ocrx_word' id='word_1_230' title='bbox 3380 1686 3502 1738; x_wconf 65' lang='lat' dir='ltr'><strong>vitae</strong></span> <span class='ocrx_word' id='word_1_231' title='bbox 3574 1698 3589 1705; x_wconf 58' lang='grc' dir='ltr'><strong><em>ί</em></strong></span> 
     </span>
    </p>
   </div>
   <div class='ocr_carea' id='block_1_32' title="bbox 252 1783 1828 1860">
    <p class='ocr_par' dir='ltr' id='par_1_32' title="bbox 252 1783 1828 1860">
     <span class='ocr_line' id='line_1_32' title="bbox 252 1783 1828 1860; baseline 0.001 -22"><span class='ocrx_word' id='word_1_232' title='bbox 252 1787 356 1838; x_wconf 74' lang='grc' dir='ltr'>καὶ</span> <span class='ocrx_word' id='word_1_233' title='bbox 383 1785 518 1855; x_wconf 82' lang='grc' dir='ltr'>πρὸς</span> <span class='ocrx_word' id='word_1_234' title='bbox 560 1783 660 1855; x_wconf 80' lang='grc' dir='ltr'>τὴν</span> <span class='ocrx_word' id='word_1_235' title='bbox 701 1784 957 1855; x_wconf 73' lang='grc' dir='ltr'>φροντίδα</span> <span class='ocrx_word' id='word_1_236' title='bbox 988 1785 1097 1839; x_wconf 85' lang='grc' dir='ltr'><strong>τῶν</strong></span> <span class='ocrx_word' id='word_1_237' title='bbox 1142 1784 1442 1860; x_wconf 79' lang='grc' dir='ltr'>μελλόντων</span> <span class='ocrx_word' id='word_1_238' title='bbox 1477 1784 1828 1858; x_wconf 82' lang='grc' dir='ltr'>διαναστήσῃ.</span> 
     </span>
    </p>
   </div>
   <div class='ocr_carea' id='block_1_33' title="bbox 255 1873 1830 1947">
    <p class='ocr_par' dir='ltr' id='par_1_33' title="bbox 255 1873 1830 1947">
     <span class='ocr_line' id='line_1_33' title="bbox 255 1873 1830 1947; baseline 0.001 -20"><span class='ocrx_word' id='word_1_239' title='bbox 255 1873 446 1928; x_wconf 82' lang='grc' dir='ltr'>Ταῦτα</span> <span class='ocrx_word' id='word_1_240' title='bbox 490 1874 772 1944; x_wconf 80' lang='grc' dir='ltr'>φιλοσοφεῖ</span> <span class='ocrx_word' id='word_1_241' title='bbox 803 1875 945 1929; x_wconf 83' lang='grc' dir='ltr'>κατὰ</span> <span class='ocrx_word' id='word_1_242' title='bbox 982 1876 1044 1928; x_wconf 83' lang='grc' dir='ltr'>τὸ</span> <span class='ocrx_word' id='word_1_243' title='bbox 1087 1875 1311 1946; x_wconf 79' lang='grc' dir='ltr'><strong>λεληθὸς</strong></span> <span class='ocrx_word' id='word_1_244' title='bbox 1351 1877 1411 1930; x_wconf 84' lang='grc' dir='ltr'>ὲν</span> <span class='ocrx_word' id='word_1_245' title='bbox 1439 1879 1561 1940; x_wconf 79' lang='grc' dir='ltr'>ταῖς</span> <span class='ocrx_word' id='word_1_246' title='bbox 1590 1875 1830 1947; x_wconf 81' lang='grc' dir='ltr'>πρώταις</span> 
     </span>
    </p>
   </div>
   <div class='ocr_carea' id='block_1_34' title="bbox 251 1966 1831 2040">
    <p class='ocr_par' dir='ltr' id='par_1_34' title="bbox 251 1966 1831 2040">
     <span class='ocr_line' id='line_1_34' title="bbox 251 1966 1831 2040; baseline 0.003 -22"><span class='ocrx_word' id='word_1_247' title='bbox 251 1967 368 2019; x_wconf 85' lang='grc' dir='ltr'>τῶν</span> <span class='ocrx_word' id='word_1_248' title='bbox 403 1966 623 2037; x_wconf 75' lang='grc' dir='ltr'>βιϐλίων</span> <span class='ocrx_word' id='word_1_249' title='bbox 659 1970 992 2038; x_wconf 75' lang='grc' dir='ltr'>ἐπιγραφαῖς</span> <span class='ocrx_word' id='word_1_250' title='bbox 1031 1969 1127 2022; x_wconf 75' lang='grc' dir='ltr'>καὶ</span> <span class='ocrx_word' id='word_1_251' title='bbox 1163 1970 1195 2021; x_wconf 84' lang='grc' dir='ltr'><strong>ὁ</strong></span> <span class='ocrx_word' id='word_1_252' title='bbox 1226 1968 1379 2039; x_wconf 82' lang='grc' dir='ltr'>φίλος</span> <span class='ocrx_word' id='word_1_253' title='bbox 1407 1968 1486 2040; x_wconf 82' lang='grc' dir='ltr'><strong>τῷ</strong></span> <span class='ocrx_word' id='word_1_254' title='bbox 1513 1969 1635 2039; x_wconf 82' lang='grc' dir='ltr'><strong>Θεῷ</strong></span> <span class='ocrx_word' id='word_1_255' title='bbox 1661 1970 1831 2023; x_wconf 39' lang='lat' dir='ltr'><strong>Matii.</strong></span> 
     </span>
    </p>
   </div>
   <div class='ocr_carea' id='block_1_35' title="bbox 254 2057 1827 2132">
    <p class='ocr_par' dir='ltr' id='par_1_35' title="bbox 254 2057 1827 2132">
     <span class='ocr_line' id='line_1_35' title="bbox 254 2057 1827 2132; baseline 0.004 -22"><span class='ocrx_word' id='word_1_256' title='bbox 254 2058 362 2129; x_wconf 85' lang='grc' dir='ltr'><strong>σῆς</strong></span> <span class='ocrx_word' id='word_1_257' title='bbox 387 2057 548 2122; x_wconf 77' lang='grc' dir='ltr'>εὐθὺς</span> <span class='ocrx_word' id='word_1_258' title='bbox 587 2061 659 2130; x_wconf 75' lang='grc' dir='ltr'>τῇ</span> <span class='ocrx_word' id='word_1_259' title='bbox 699 2059 915 2113; x_wconf 82' lang='grc' dir='ltr'>Γενέσει</span> <span class='ocrx_word' id='word_1_260' title='bbox 946 2062 1427 2132; x_wconf 81' lang='grc' dir='ltr'>συμπαραγράψας</span> <span class='ocrx_word' id='word_1_261' title='bbox 1448 2062 1548 2131; x_wconf 75' lang='grc' dir='ltr'>τὴν</span> <span class='ocrx_word' id='word_1_262' title='bbox 1589 2061 1827 2128; x_wconf 80' lang='grc' dir='ltr'>Ἔξοδον·</span> 
     </span>
    </p>
   </div>
   <div class='ocr_carea' id='block_1_36' title="bbox 249 2148 1830 2225">
    <p class='ocr_par' dir='ltr' id='par_1_36' title="bbox 249 2148 1830 2225">
     <span class='ocr_line' id='line_1_36' title="bbox 249 2148 1830 2225; baseline 0.004 -24"><span class='ocrx_word' id='word_1_263' title='bbox 249 2148 334 2214; x_wconf 80' lang='grc' dir='ltr'>ὡς</span> <span class='ocrx_word' id='word_1_264' title='bbox 360 2149 486 2213; x_wconf 82' lang='grc' dir='ltr'>τοὺς</span> <span class='ocrx_word' id='word_1_265' title='bbox 507 2150 933 2221; x_wconf 69' lang='grc' dir='ltr'>ἐντυγχάνοντας</span> <span class='ocrx_word' id='word_1_266' title='bbox 955 2153 1071 2216; x_wconf 82' lang='grc' dir='ltr'>τοῖς</span> <span class='ocrx_word' id='word_1_267' title='bbox 1094 2152 1616 2225; x_wconf 65' lang='grc' dir='ltr'><strong>ἐπιγεγραμμένας,</strong></span> <span class='ocrx_word' id='word_1_268' title='bbox 1645 2153 1740 2211; x_wconf 70' lang='grc' dir='ltr'>καὶ</span> <span class='ocrx_word' id='word_1_269' title='bbox 1762 2153 1830 2208; x_wconf 82' lang='grc' dir='ltr'><strong>δι’</strong></span> 
     </span>
    </p>
   </div>
   <div class='ocr_carea' id='block_1_37' title="bbox 250 2238 1829 2311">
    <p class='ocr_par' dir='ltr' id='par_1_37' title="bbox 250 2238 1829 2311">
     <span class='ocr_line' id='line_1_37' title="bbox 250 2238 1829 2311; baseline 0.003 -17"><span class='ocrx_word' id='word_1_270' title='bbox 250 2238 428 2308; x_wconf 77' lang='grc' dir='ltr'>αὐτῆς</span> <span class='ocrx_word' id='word_1_271' title='bbox 458 2238 555 2309; x_wconf 85' lang='grc' dir='ltr'>τῆς</span> <span class='ocrx_word' id='word_1_272' title='bbox 586 2239 697 2293; x_wconf 83' lang='grc' dir='ltr'><strong>τῶν</strong></span> <span class='ocrx_word' id='word_1_273' title='bbox 719 2238 938 2311; x_wconf 73' lang='grc' dir='ltr'>βιϐλίων</span> <span class='ocrx_word' id='word_1_274' title='bbox 968 2241 1177 2308; x_wconf 82' lang='grc' dir='ltr'>τάξεως</span> <span class='ocrx_word' id='word_1_275' title='bbox 1204 2242 1271 2296; x_wconf 82' lang='grc' dir='ltr'>τὰ</span> <span class='ocrx_word' id='word_1_276' title='bbox 1295 2244 1418 2297; x_wconf 82' lang='grc' dir='ltr'>καθ’</span> <span class='ocrx_word' id='word_1_277' title='bbox 1451 2245 1676 2307; x_wconf 72' lang='grc' dir='ltr'>ἑαυτοὺς</span> <span class='ocrx_word' id='word_1_278' title='bbox 1700 2260 1829 2298; x_wconf 69' lang='lat' dir='ltr'><strong>ttat-</strong></span> 
     </span>
    </p>
   </div>
   <div class='ocr_carea' id='block_1_38' title="bbox 250 2328 1831 2407">
    <p class='ocr_par' dir='ltr' id='par_1_38' title="bbox 250 2328 1831 2407">
     <span class='ocr_line' id='line_1_38' title="bbox 250 2328 1831 2407; baseline 0.004 -26"><span class='ocrx_word' id='word_1_279' title='bbox 250 2328 526 2399; x_wconf 77' lang='grc' dir='ltr'>δευθῆναι.</span> <span class='ocrx_word' id='word_1_280' title='bbox 549 2328 688 2383; x_wconf 76' lang='grc' dir='ltr'>Οὔτε</span> <span class='ocrx_word' id='word_1_281' title='bbox 712 2329 822 2400; x_wconf 72' lang='grc' dir='ltr'><strong>γὰρ</strong></span> <span class='ocrx_word' id='word_1_282' title='bbox 850 2332 970 2384; x_wconf 81' lang='grc' dir='ltr'>ἔστι</span> <span class='ocrx_word' id='word_1_283' title='bbox 990 2333 1203 2401; x_wconf 82' lang='grc' dir='ltr'>γένεσιν</span> <span class='ocrx_word' id='word_1_284' title='bbox 1226 2332 1534 2388; x_wconf 75' lang='grc' dir='ltr'>ἀκούσαντα</span> <span class='ocrx_word' id='word_1_285' title='bbox 1566 2335 1640 2407; x_wconf 83' lang='grc' dir='ltr'>μὴ</span> <span class='ocrx_word' id='word_1_286' title='bbox 1674 2334 1831 2402; x_wconf 70' lang='grc' dir='ltr'><strong>Ἐξοο</strong></span> 
     </span>
    </p>
   </div>
   <div class='ocr_carea' id='block_1_39' title="bbox 252 2416 1833 2497">
    <p class='ocr_par' dir='ltr' id='par_1_39' title="bbox 252 2416 1833 2497">
     <span class='ocr_line' id='line_1_39' title="bbox 252 2416 1833 2497; baseline 0.004 -25"><span class='ocrx_word' id='word_1_287' title='bbox 252 2419 346 2472; x_wconf 82' lang='grc' dir='ltr'><strong>δον</strong></span> <span class='ocrx_word' id='word_1_288' title='bbox 382 2419 542 2490; x_wconf 69' lang='grc' dir='ltr'>ειζδθὺς</span> <span class='ocrx_word' id='word_1_289' title='bbox 580 2422 849 2492; x_wconf 76' lang='grc' dir='ltr'>ἐννοῆσαι.</span> <span class='ocrx_word' id='word_1_290' title='bbox 896 2424 967 2476; x_wconf 87' lang='grc' dir='ltr'><em>Ὃ</em></span> <span class='ocrx_word' id='word_1_291' title='bbox 1001 2423 1069 2494; x_wconf 80' lang='grc' dir='ltr'>δὴ</span> <span class='ocrx_word' id='word_1_292' title='bbox 1099 2424 1197 2478; x_wconf 67' lang='grc' dir='ltr'>καὶ</span> <span class='ocrx_word' id='word_1_293' title='bbox 1233 2416 1468 2478; x_wconf 68' lang='grc' dir='ltr'>ἐνταῦθα</span> <span class='ocrx_word' id='word_1_294' title='bbox 1499 2425 1767 2497; x_wconf 82' lang='grc' dir='ltr'>νενοηκὼς</span> <span class='ocrx_word' id='word_1_295' title='bbox 1802 2425 1833 2477; x_wconf 83' lang='grc' dir='ltr'>ὀ</span> 
     </span>
    </p>
   </div>
   <div class='ocr_carea' id='block_1_40' title="bbox 256 2510 1832 2587">
    <p class='ocr_par' dir='ltr' id='par_1_40' title="bbox 256 2510 1832 2587">
     <span class='ocr_line' id='line_1_40' title="bbox 256 2510 1832 2587; baseline 0.004 -24"><span class='ocrx_word' id='word_1_296' title='bbox 256 2510 438 2580; x_wconf 75' lang='grc' dir='ltr'>μέγας</span> <span class='ocrx_word' id='word_1_297' title='bbox 476 2512 903 2585; x_wconf 77' lang='grc' dir='ltr'>Ἐκκλησιαστὴς</span> <span class='ocrx_word' id='word_1_298' title='bbox 943 2515 1309 2569; x_wconf 74' lang='grc' dir='ltr'>ἐπιδείκνυται</span> <span class='ocrx_word' id='word_1_299' title='bbox 1330 2556 1344 2581; x_wconf 95' lang='grc'><strong>,</strong></span> <span class='ocrx_word' id='word_1_300' title='bbox 1388 2518 1455 2587; x_wconf 79' lang='grc' dir='ltr'><strong>τῇ</strong></span> <span class='ocrx_word' id='word_1_301' title='bbox 1495 2517 1705 2586; x_wconf 79' lang='grc' dir='ltr'>γενέσει</span> <span class='ocrx_word' id='word_1_302' title='bbox 1740 2516 1832 2569; x_wconf 82' lang='grc' dir='ltr'><strong>σύ-</strong></span> 
     </span>
    </p>
   </div>
   <div class='ocr_carea' id='block_1_41' title="bbox 200 2602 1827 2677">
    <p class='ocr_par' dir='ltr' id='par_1_41' title="bbox 200 2602 1827 2677">
     <span class='ocr_line' id='line_1_41' title="bbox 200 2602 1827 2677; baseline 0.002 -24"><span class='ocrx_word' id='word_1_303' title='bbox 200 2674 211 2677; x_wconf 90' lang='lat'><em>_</em></span> <span class='ocrx_word' id='word_1_304' title='bbox 252 2616 473 2671; x_wconf 74' lang='grc' dir='ltr'>στοιχον</span> <span class='ocrx_word' id='word_1_305' title='bbox 508 2602 797 2669; x_wconf 78' lang='grc' dir='ltr'><strong>ἀποδείξας</strong></span> <span class='ocrx_word' id='word_1_306' title='bbox 834 2603 926 2655; x_wconf 79' lang='grc' dir='ltr'>τὸν</span> <span class='ocrx_word' id='word_1_307' title='bbox 974 2603 1220 2657; x_wconf 75' lang='grc' dir='ltr'>θάνατον.</span> <span class='ocrx_word' id='word_1_308' title='bbox 1262 2605 1465 2676; x_wconf 80' lang='grc' dir='ltr'>Καιρὸς</span> <span class='ocrx_word' id='word_1_309' title='bbox 1508 2605 1639 2677; x_wconf 85' lang='grc' dir='ltr'>γὰρ,</span> <span class='ocrx_word' id='word_1_310' title='bbox 1673 2605 1827 2676; x_wconf 61' lang='grc' dir='ltr'>φησι,</span> 
     </span>
    </p>
   </div>
   <div class='ocr_carea' id='block_1_42' title="bbox 249 2688 1833 2764">
    <p class='ocr_par' dir='ltr' id='par_1_42' title="bbox 249 2688 1833 2764">
     <span class='ocr_line' id='line_1_42' title="bbox 249 2688 1833 2764; baseline 0.006 -23"><span class='ocrx_word' id='word_1_311' title='bbox 249 2688 363 2743; x_wconf 70' lang='grc' dir='ltr'>τοῦ</span> <span class='ocrx_word' id='word_1_312' title='bbox 378 2694 576 2756; x_wconf 78' lang='grc' dir='ltr'><strong>τεκεῖν,</strong></span> <span class='ocrx_word' id='word_1_313' title='bbox 607 2693 702 2746; x_wconf 75' lang='grc' dir='ltr'>καὶ</span> <span class='ocrx_word' id='word_1_314' title='bbox 726 2694 915 2764; x_wconf 70' lang='grc' dir='ltr'>καιρὸς</span> <span class='ocrx_word' id='word_1_315' title='bbox 951 2693 1048 2749; x_wconf 76' lang='grc' dir='ltr'>τοῦ</span> <span class='ocrx_word' id='word_1_316' title='bbox 1076 2695 1385 2749; x_wconf 72' lang='grc' dir='ltr'>ἀποθανεῖν.</span> <span class='ocrx_word' id='word_1_317' title='bbox 1420 2692 1623 2749; x_wconf 84' lang='grc' dir='ltr'>Ἦλθεν</span> <span class='ocrx_word' id='word_1_318' title='bbox 1652 2699 1681 2750; x_wconf 83' lang='grc' dir='ltr'><strong><em>ὁ</em></strong></span> <span class='ocrx_word' id='word_1_319' title='bbox 1713 2714 1833 2750; x_wconf 88' lang='grc' dir='ltr'>και-</span> 
     </span>
    </p>
   </div>
   <div class='ocr_carea' id='block_1_43' title="bbox 255 2778 1830 2861">
    <p class='ocr_par' dir='ltr' id='par_1_43' title="bbox 255 2778 1830 2861">
     <span class='ocr_line' id='line_1_43' title="bbox 255 2778 1830 2861; baseline 0.003 -26"><span class='ocrx_word' id='word_1_320' title='bbox 255 2778 376 2850; x_wconf 77' lang='grc' dir='ltr'>ρὸς,</span> <span class='ocrx_word' id='word_1_321' title='bbox 414 2782 568 2851; x_wconf 67' lang='grc' dir='ltr'>φησι,</span> <span class='ocrx_word' id='word_1_322' title='bbox 602 2783 697 2837; x_wconf 74' lang='grc' dir='ltr'>καὶ</span> <span class='ocrx_word' id='word_1_323' title='bbox 731 2783 987 2854; x_wconf 68' lang='grc' dir='ltr'><strong>ἐτέχθηνυ</strong></span> <span class='ocrx_word' id='word_1_324' title='bbox 1018 2785 1136 2854; x_wconf 70' lang='grc' dir='ltr'>ἥξει</span> <span class='ocrx_word' id='word_1_325' title='bbox 1181 2789 1211 2861; x_wconf 72' lang='grc' dir='ltr'><strong>δ</strong></span> <span class='ocrx_word' id='word_1_326' title='bbox 1250 2786 1459 2856; x_wconf 74' lang='grc' dir='ltr'>καιρὸς,</span> <span class='ocrx_word' id='word_1_327' title='bbox 1500 2787 1595 2840; x_wconf 73' lang='grc' dir='ltr'>καὶ</span> <span class='ocrx_word' id='word_1_328' title='bbox 1638 2787 1830 2857; x_wconf 82' lang='grc' dir='ltr'>τεθνή-</span> 
     </span>
    </p>
   </div>
   <div class='ocr_carea' id='block_1_44' title="bbox 250 2867 1831 2948">
    <p class='ocr_par' dir='ltr' id='par_1_44' title="bbox 250 2867 1831 2948">
     <span class='ocr_line' id='line_1_44' title="bbox 250 2867 1831 2948; baseline 0.005 -26"><span class='ocrx_word' id='word_1_329' title='bbox 250 2867 441 2938; x_wconf 79' lang='grc' dir='ltr'>ξομαι.</span> <span class='ocrx_word' id='word_1_330' title='bbox 476 2871 541 2925; x_wconf 84' lang='grc' dir='ltr'>Εί</span> <span class='ocrx_word' id='word_1_331' title='bbox 575 2872 709 2943; x_wconf 72' lang='grc' dir='ltr'>πρὸς</span> <span class='ocrx_word' id='word_1_332' title='bbox 737 2873 894 2926; x_wconf 85' lang='grc' dir='ltr'>τοῦτο</span> <span class='ocrx_word' id='word_1_333' title='bbox 921 2875 1120 2937; x_wconf 63' lang='grc' dir='ltr'>πάντες</span> <span class='ocrx_word' id='word_1_334' title='bbox 1148 2872 1452 2945; x_wconf 71' lang='grc' dir='ltr'>ἐϐλέπομεν</span> <span class='ocrx_word' id='word_1_335' title='bbox 1469 2916 1483 2938; x_wconf 94' lang='grc'><strong>,</strong></span> <span class='ocrx_word' id='word_1_336' title='bbox 1510 2877 1609 2930; x_wconf 75' lang='grc' dir='ltr'>οὐκ</span> <span class='ocrx_word' id='word_1_337' title='bbox 1637 2877 1703 2930; x_wconf 76' lang='grc' dir='ltr'>ἂν</span> <span class='ocrx_word' id='word_1_338' title='bbox 1731 2879 1831 2948; x_wconf 77' lang='grc' dir='ltr'>τὴν</span> 
     </span>
    </p>
   </div>
   <div class='ocr_carea' id='block_1_45' title="bbox 251 2958 1828 3039">
    <p class='ocr_par' dir='ltr' id='par_1_45' title="bbox 251 2958 1828 3039">
     <span class='ocr_line' id='line_1_45' title="bbox 251 2958 1828 3039; baseline 0.006 -26"><span class='ocrx_word' id='word_1_339' title='bbox 251 2958 519 3032; x_wconf 83' lang='grc' dir='ltr'>σύντομον</span> <span class='ocrx_word' id='word_1_340' title='bbox 558 2965 785 3034; x_wconf 76' lang='grc' dir='ltr'>πορείαν</span> <span class='ocrx_word' id='word_1_341' title='bbox 836 2966 1259 3031; x_wconf 73' lang='grc' dir='ltr'>καταλιπόντες,</span> <span class='ocrx_word' id='word_1_342' title='bbox 1305 2967 1489 3038; x_wconf 79' lang='grc' dir='ltr'>κύκλῳ</span> <span class='ocrx_word' id='word_1_343' title='bbox 1531 2968 1670 3039; x_wconf 82' lang='grc' dir='ltr'>μετὰ</span> <span class='ocrx_word' id='word_1_344' title='bbox 1719 2967 1828 3022; x_wconf 82' lang='grc' dir='ltr'>τῶν</span> 
     </span>
    </p>
   </div>
   <div class='ocr_carea' id='block_1_46' title="bbox 250 3022 1897 3130">
    <p class='ocr_par' dir='ltr' id='par_1_46' title="bbox 250 3022 1897 3130">
     <span class='ocr_line' id='line_1_46' title="bbox 250 3022 1897 3130; baseline 0.007 -28"><span class='ocrx_word' id='word_1_345' title='bbox 250 3022 470 3104; x_wconf 54' lang='lat' dir='ltr'><strong>iusva</strong></span> <span class='ocrx_word' id='word_1_346' title='bbox 498 3022 839 3125; x_wconf 57' lang='grc' dir='ltr'>περιῇειμεν,</span> <span class='ocrx_word' id='word_1_347' title='bbox 876 3022 1319 3128; x_wconf 63' lang='grc' dir='ltr'>τῆν’περιοδικὴν</span> <span class='ocrx_word' id='word_1_348' title='bbox 1343 3059 1437 3112; x_wconf 76' lang='grc' dir='ltr'><strong>τοῦ</strong></span> <span class='ocrx_word' id='word_1_349' title='bbox 1460 3022 1586 3129; x_wconf 63' lang='grc' dir='ltr'><strong>’βιέυ</strong></span> <span class='ocrx_word' id='word_1_350' title='bbox 1619 3059 1826 3130; x_wconf 82' lang='grc' dir='ltr'>πλάνην</span> <span class='ocrx_word' id='word_1_351' title='bbox 1854 3022 1897 3081; x_wconf 76' lang='lat' dir='ltr'>c</span> 
     </span>
    </p>
   </div>
   <div class='ocr_carea' id='block_1_47' title="bbox 251 3141 1830 3220">
    <p class='ocr_par' dir='ltr' id='par_1_47' title="bbox 251 3141 1830 3220">
     <span class='ocr_line' id='line_1_47' title="bbox 251 3141 1830 3220; baseline 0.008 -28"><span class='ocrx_word' id='word_1_352' title='bbox 251 3141 520 3207; x_wconf 70' lang='grc' dir='ltr'>ἑκουσίως</span> <span class='ocrx_word' id='word_1_353' title='bbox 544 3144 921 3217; x_wconf 79' lang='grc' dir='ltr'>πλανώμενοι,</span> <span class='ocrx_word' id='word_1_354' title='bbox 968 3149 1027 3200; x_wconf 72' lang='grc' dir='ltr'>ὲν</span> <span class='ocrx_word' id='word_1_355' title='bbox 1070 3144 1406 3212; x_wconf 78' lang='grc' dir='ltr'>δυναστείαις</span> <span class='ocrx_word' id='word_1_356' title='bbox 1454 3151 1548 3214; x_wconf 69' lang='lat' dir='ltr'><strong>atati.</strong></span> <span class='ocrx_word' id='word_1_357' title='bbox 1595 3166 1830 3220; x_wconf 78' lang='grc' dir='ltr'>περιφα-</span> 
     </span>
    </p>
   </div>
   <div class='ocr_carea' id='block_1_48' title="bbox 252 3230 1831 3311">
    <p class='ocr_par' dir='ltr' id='par_1_48' title="bbox 252 3230 1831 3311">
     <span class='ocr_line' id='line_1_48' title="bbox 252 3230 1831 3311; baseline 0.008 -29"><span class='ocrx_word' id='word_1_358' title='bbox 252 3230 432 3293; x_wconf 80' lang='grc' dir='ltr'>νείαις</span> <span class='ocrx_word' id='word_1_359' title='bbox 458 3233 551 3286; x_wconf 78' lang='grc' dir='ltr'><strong>καὶ</strong></span> <span class='ocrx_word' id='word_1_360' title='bbox 585 3234 853 3300; x_wconf 81' lang='grc' dir='ltr'>πλούτοις,</span> <span class='ocrx_word' id='word_1_361' title='bbox 887 3237 955 3290; x_wconf 86' lang='grc' dir='ltr'><strong>δι’</strong></span> <span class='ocrx_word' id='word_1_362' title='bbox 988 3232 1065 3290; x_wconf 78' lang='grc' dir='ltr'>ὧν</span> <span class='ocrx_word' id='word_1_363' title='bbox 1094 3240 1214 3302; x_wconf 78' lang='grc' dir='ltr'>ταῖς</span> <span class='ocrx_word' id='word_1_364' title='bbox 1246 3239 1554 3304; x_wconf 89' lang='grc' dir='ltr'>πολυοδιαις</span> <span class='ocrx_word' id='word_1_365' title='bbox 1581 3242 1677 3293; x_wconf 84' lang='grc' dir='ltr'>τοῦ</span> <span class='ocrx_word' id='word_1_366' title='bbox 1714 3241 1831 3311; x_wconf 84' lang='grc' dir='ltr'>βίου</span> 
     </span>
    </p>
   </div>
   <div class='ocr_carea' id='block_1_49' title="bbox 253 3320 1832 3401">
    <p class='ocr_par' dir='ltr' id='par_1_49' title="bbox 253 3320 1832 3401">
     <span class='ocr_line' id='line_1_49' title="bbox 253 3320 1832 3401; baseline 0.006 -28"><span class='ocrx_word' id='word_1_367' title='bbox 253 3320 451 3376; x_wconf 82' lang='grc' dir='ltr'>τούτου</span> <span class='ocrx_word' id='word_1_368' title='bbox 491 3325 991 3396; x_wconf 78' lang='grc' dir='ltr'>ὲναμηχανοῦντες,</span> <span class='ocrx_word' id='word_1_369' title='bbox 1017 3329 1197 3383; x_wconf 81' lang='grc' dir='ltr'>οὐκέτι</span> <span class='ocrx_word' id='word_1_370' title='bbox 1239 3330 1333 3383; x_wconf 77' lang='grc' dir='ltr'>τοῦ</span> <span class='ocrx_word' id='word_1_371' title='bbox 1373 3330 1694 3401; x_wconf 74' lang='grc' dir='ltr'>λαϐυρίνθου</span> <span class='ocrx_word' id='word_1_372' title='bbox 1734 3332 1832 3401; x_wconf 76' lang='grc' dir='ltr'>τῆς</span> 
     </span>
    </p>
   </div>
   <div class='ocr_carea' id='block_1_50' title="bbox 220 3413 1833 3501">
    <p class='ocr_par' dir='ltr' id='par_1_50' title="bbox 220 3413 1833 3501">
     <span class='ocr_line' id='line_1_50' title="bbox 220 3413 1833 3501; baseline -0.003 -24"><span class='ocrx_word' id='word_1_373' title='bbox 220 3446 223 3447; x_wconf 49' lang='grc' dir='ltr'><strong>ν</strong></span> <span class='ocrx_word' id='word_1_374' title='bbox 256 3413 408 3489; x_wconf 40' lang='lat' dir='ltr'><strong>(alii;</strong></span> <span class='ocrx_word' id='word_1_375' title='bbox 434 3415 637 3484; x_wconf 66' lang='grc' dir='ltr'>ταύτης</span> <span class='ocrx_word' id='word_1_376' title='bbox 666 3417 767 3488; x_wconf 69' lang='grc' dir='ltr'>τὴν</span> <span class='ocrx_word' id='word_1_377' title='bbox 797 3417 974 3485; x_wconf 71' lang='grc' dir='ltr'>ἔξοδον</span> <span class='ocrx_word' id='word_1_378' title='bbox 999 3419 1414 3501; x_wconf 57' lang='grc' dir='ltr'>ᾄξευρίσκομεν,</span> <span class='ocrx_word' id='word_1_379' title='bbox 1451 3421 1517 3473; x_wconf 84' lang='grc' dir='ltr'><strong>δι’</strong></span> <span class='ocrx_word' id='word_1_380' title='bbox 1547 3417 1621 3474; x_wconf 86' lang='grc' dir='ltr'>ὧν</span> <span class='ocrx_word' id='word_1_381' title='bbox 1648 3420 1833 3474; x_wconf 88' lang='grc' dir='ltr'>δοκοῦ-</span> 
     </span>
    </p>
   </div>
   <div class='ocr_carea' id='block_1_51' title="bbox 260 3507 1834 3583">
    <p class='ocr_par' dir='ltr' id='par_1_51' title="bbox 260 3507 1834 3583">
     <span class='ocr_line' id='line_1_51' title="bbox 260 3507 1834 3583; baseline 0.006 -26"><span class='ocrx_word' id='word_1_382' title='bbox 260 3522 365 3576; x_wconf 83' lang='grc' dir='ltr'><strong>μεν</strong></span> <span class='ocrx_word' id='word_1_383' title='bbox 404 3507 742 3575; x_wconf 77' lang='grc' dir='ltr'>σπουδάζειν,</span> <span class='ocrx_word' id='word_1_384' title='bbox 785 3509 876 3564; x_wconf 78' lang='grc' dir='ltr'>διὰ</span> <span class='ocrx_word' id='word_1_385' title='bbox 906 3512 1110 3566; x_wconf 81' lang='grc' dir='ltr'>τούτων</span> <span class='ocrx_word' id='word_1_386' title='bbox 1145 3514 1355 3576; x_wconf 79' lang='grc' dir='ltr'>ἑαυτοῖς</span> <span class='ocrx_word' id='word_1_387' title='bbox 1388 3512 1458 3565; x_wconf 80' lang='grc' dir='ltr'><strong>τὰ</strong></span> <span class='ocrx_word' id='word_1_388' title='bbox 1501 3515 1699 3583; x_wconf 84' lang='grc' dir='ltr'>σημεῖα</span> <span class='ocrx_word' id='word_1_389' title='bbox 1734 3512 1834 3583; x_wconf 84' lang='grc' dir='ltr'><strong>τῆς</strong></span> 
     </span>
    </p>
   </div>
   <div class='ocr_carea' id='block_1_52' title="bbox 256 3595 1831 3673">
    <p class='ocr_par' dir='ltr' id='par_1_52' title="bbox 256 3595 1831 3673">
     <span class='ocr_line' id='line_1_52' title="bbox 256 3595 1831 3673; baseline 0.012 -25"><span class='ocrx_word' id='word_1_390' title='bbox 256 3595 536 3661; x_wconf 79' lang='grc' dir='ltr'>ἀπλανοῦς</span> <span class='ocrx_word' id='word_1_391' title='bbox 579 3598 886 3672; x_wconf 81' lang='grc' dir='ltr'>ὁδοιπορίας</span> <span class='ocrx_word' id='word_1_392' title='bbox 929 3603 1266 3673; x_wconf 81' lang='grc' dir='ltr'>συγχέοντες.</span> <span class='ocrx_word' id='word_1_393' title='bbox 1313 3602 1401 3666; x_wconf 84' lang='grc' dir='ltr'>Ὠς</span> <span class='ocrx_word' id='word_1_394' title='bbox 1443 3602 1700 3672; x_wconf 81' lang='grc' dir='ltr'>μακάριοί</span> <span class='ocrx_word' id='word_1_395' title='bbox 1731 3618 1793 3670; x_wconf 84' lang='grc' dir='ltr'><strong>γε</strong></span> <span class='ocrx_word' id='word_1_396' title='bbox 1814 3642 1831 3667; x_wconf 75' lang='grc'><strong>9</strong></span> 
     </span>
    </p>
   </div>
   <div class='ocr_carea' id='block_1_53' title="bbox 206 3686 1835 3769">
    <p class='ocr_par' dir='ltr' id='par_1_53' title="bbox 206 3686 1835 3769">
     <span class='ocr_line' id='line_1_53' title="bbox 206 3686 1835 3769; baseline 0.003 -31"><span class='ocrx_word' id='word_1_397' title='bbox 206 3762 214 3769; x_wconf 29' lang='grc' dir='ltr'><strong>ο</strong></span> <span class='ocrx_word' id='word_1_398' title='bbox 259 3686 419 3755; x_wconf 59' lang='grc' dir='ltr'>φησι,</span> <span class='ocrx_word' id='word_1_399' title='bbox 443 3687 551 3740; x_wconf 85' lang='grc' dir='ltr'><strong>τῶν</strong></span> <span class='ocrx_word' id='word_1_400' title='bbox 586 3688 888 3761; x_wconf 79' lang='grc' dir='ltr'>ἀνθρώπων</span> <span class='ocrx_word' id='word_1_401' title='bbox 915 3693 1136 3753; x_wconf 78' lang='grc' dir='ltr'>ἐκεῖνοι,</span> <span class='ocrx_word' id='word_1_402' title='bbox 1173 3692 1223 3745; x_wconf 84' lang='grc' dir='ltr'>οἳ</span> <span class='ocrx_word' id='word_1_403' title='bbox 1255 3691 1355 3755; x_wconf 79' lang='grc' dir='ltr'>τὰς</span> <span class='ocrx_word' id='word_1_404' title='bbox 1381 3690 1696 3760; x_wconf 76' lang='grc' dir='ltr'>περιοδικὰς</span> <span class='ocrx_word' id='word_1_405' title='bbox 1733 3691 1835 3761; x_wconf 81' lang='grc' dir='ltr'>τῆς</span> 
     </span>
    </p>
   </div>
   <div class='ocr_carea' id='block_1_54' title="bbox 259 3775 1835 3853">
    <p class='ocr_par' dir='ltr' id='par_1_54' title="bbox 259 3775 1835 3853">
     <span class='ocr_line' id='line_1_54' title="bbox 259 3775 1835 3853; baseline 0.009 -25"><span class='ocrx_word' id='word_1_406' title='bbox 259 3775 411 3847; x_wconf 78' lang='grc' dir='ltr'>ζωῆς</span> <span class='ocrx_word' id='word_1_407' title='bbox 449 3777 665 3842; x_wconf 83' lang='grc' dir='ltr'>ἀπάτας</span> <span class='ocrx_word' id='word_1_408' title='bbox 704 3781 1122 3847; x_wconf 79' lang='grc' dir='ltr'>καταλιπόντες,</span> <span class='ocrx_word' id='word_1_409' title='bbox 1170 3783 1261 3836; x_wconf 76' lang='grc' dir='ltr'><strong>ἐπὶ</strong></span> <span class='ocrx_word' id='word_1_410' title='bbox 1300 3781 1405 3853; x_wconf 75' lang='grc' dir='ltr'>τὴν</span> <span class='ocrx_word' id='word_1_411' title='bbox 1436 3781 1697 3852; x_wconf 84' lang='grc' dir='ltr'>σύντομον</span> <span class='ocrx_word' id='word_1_412' title='bbox 1736 3781 1835 3851; x_wconf 75' lang='grc' dir='ltr'><strong>τῆς</strong></span> 
     </span>
    </p>
   </div>
   <div class='ocr_carea' id='block_1_55' title="bbox 261 3862 1836 3941">
    <p class='ocr_par' dir='ltr' id='par_1_55' title="bbox 261 3862 1836 3941">
     <span class='ocr_line' id='line_1_55' title="bbox 261 3862 1836 3941; baseline 0.005 -25"><span class='ocrx_word' id='word_1_413' title='bbox 261 3864 466 3936; x_wconf 79' lang='grc' dir='ltr'>ἀρετῆς</span> <span class='ocrx_word' id='word_1_414' title='bbox 495 3866 612 3920; x_wconf 82' lang='grc' dir='ltr'>ὁδὸν</span> <span class='ocrx_word' id='word_1_415' title='bbox 640 3869 864 3932; x_wconf 74' lang='grc' dir='ltr'>ἑαυτοὺς</span> <span class='ocrx_word' id='word_1_416' title='bbox 894 3868 1116 3938; x_wconf 80' lang='grc' dir='ltr'>ἄγουσιν</span> <span class='ocrx_word' id='word_1_417' title='bbox 1141 3872 1155 3923; x_wconf 89' lang='lat'><strong>!</strong></span> <span class='ocrx_word' id='word_1_418' title='bbox 1187 3868 1335 3941; x_wconf 80' lang='grc' dir='ltr'><strong>Αὕτη</strong></span> <span class='ocrx_word' id='word_1_419' title='bbox 1366 3870 1424 3924; x_wconf 77' lang='grc' dir='ltr'><em>δέ</em></span> <span class='ocrx_word' id='word_1_420' title='bbox 1457 3862 1573 3923; x_wconf 71' lang='grc' dir='ltr'>ἐστι</span> <span class='ocrx_word' id='word_1_421' title='bbox 1609 3870 1672 3923; x_wconf 80' lang='grc' dir='ltr'>τὸ</span> <span class='ocrx_word' id='word_1_422' title='bbox 1699 3869 1836 3940; x_wconf 78' lang='grc' dir='ltr'>πρὸς</span> 
     </span>
    </p>
   </div>
   <div class='ocr_carea' id='block_1_56' title="bbox 266 3955 1838 4031">
    <p class='ocr_par' dir='ltr' id='par_1_56' title="bbox 266 3955 1838 4031">
     <span class='ocr_line' id='line_1_56' title="bbox 266 3955 1838 4031; baseline -0.001 -22"><span class='ocrx_word' id='word_1_423' title='bbox 266 3955 434 4026; x_wconf 78' lang='grc' dir='ltr'>μηδὲν</span> <span class='ocrx_word' id='word_1_424' title='bbox 456 3957 565 4010; x_wconf 86' lang='grc' dir='ltr'><strong>τῶν</strong></span> <span class='ocrx_word' id='word_1_425' title='bbox 603 3958 729 4029; x_wconf 81' lang='grc' dir='ltr'>τῇδε</span> <span class='ocrx_word' id='word_1_426' title='bbox 760 3960 860 4029; x_wconf 85' lang='grc' dir='ltr'>τὴν</span> <span class='ocrx_word' id='word_1_427' title='bbox 883 3959 1062 4029; x_wconf 71' lang='grc' dir='ltr'>ψυχὴν</span> <span class='ocrx_word' id='word_1_428' title='bbox 1087 3959 1459 4031; x_wconf 75' lang='grc' dir='ltr'>ἐπιστρέφειν,</span> <span class='ocrx_word' id='word_1_429' title='bbox 1481 3958 1618 4013; x_wconf 78' lang='grc' dir='ltr'>ἀλλὰ</span> <span class='ocrx_word' id='word_1_430' title='bbox 1647 3970 1838 4014; x_wconf 78' lang='grc' dir='ltr'>συντεο</span> 
     </span>
    </p>
   </div>
   <div class='ocr_carea' id='block_1_57' title="bbox 262 4046 1836 4123">
    <p class='ocr_par' dir='ltr' id='par_1_57' title="bbox 262 4046 1836 4123">
     <span class='ocr_line' id='line_1_57' title="bbox 262 4046 1836 4123; baseline 0.002 -25"><span class='ocrx_word' id='word_1_431' title='bbox 262 4046 460 4101; x_wconf 81' lang='grc' dir='ltr'>τὰσθαι</span> <span class='ocrx_word' id='word_1_432' title='bbox 490 4050 559 4120; x_wconf 77' lang='grc' dir='ltr'><strong>τῇ</strong></span> <span class='ocrx_word' id='word_1_433' title='bbox 596 4050 798 4121; x_wconf 75' lang='grc' dir='ltr'>σπουδῇ</span> <span class='ocrx_word' id='word_1_434' title='bbox 842 4053 977 4123; x_wconf 77' lang='grc' dir='ltr'>πρὸς</span> <span class='ocrx_word' id='word_1_435' title='bbox 1024 4051 1087 4103; x_wconf 79' lang='grc' dir='ltr'><strong>τὺ</strong></span> <span class='ocrx_word' id='word_1_436' title='bbox 1136 4050 1227 4105; x_wconf 82' lang='grc' dir='ltr'>διὰ</span> <span class='ocrx_word' id='word_1_437' title='bbox 1271 4051 1508 4115; x_wconf 83' lang='grc' dir='ltr'>πίστεως</span> <span class='ocrx_word' id='word_1_438' title='bbox 1551 4053 1608 4104; x_wconf 73' lang='grc' dir='ltr'>ὲν</span> <span class='ocrx_word' id='word_1_439' title='bbox 1656 4049 1836 4102; x_wconf 67' lang='grc' dir='ltr'>ἐλπίσι</span> 
     </span>
    </p>
   </div>
   <div class='ocr_carea' id='block_1_58' title="bbox 263 4140 1835 4214">
    <p class='ocr_par' dir='ltr' id='par_1_58' title="bbox 263 4140 1835 4214">
     <span class='ocr_line' id='line_1_58' title="bbox 263 4140 1835 4214; baseline 0.004 -24"><span class='ocrx_word' id='word_1_440' title='bbox 263 4140 646 4210; x_wconf 81' lang='grc' dir='ltr'>προκείμενον.</span> <span class='ocrx_word' id='word_1_441' title='bbox 672 4141 840 4197; x_wconf 83' lang='grc' dir='ltr'>Πάλιν</span> <span class='ocrx_word' id='word_1_442' title='bbox 864 4142 923 4195; x_wconf 75' lang='grc' dir='ltr'>δὲ</span> <span class='ocrx_word' id='word_1_443' title='bbox 944 4144 1006 4197; x_wconf 78' lang='grc' dir='ltr'>τὸ</span> <span class='ocrx_word' id='word_1_444' title='bbox 1033 4144 1195 4214; x_wconf 80' lang='grc' dir='ltr'>ῥηθὲν</span> <span class='ocrx_word' id='word_1_445' title='bbox 1216 4143 1578 4213; x_wconf 72' lang='grc' dir='ltr'>ἐξετάσωμεν.</span> <span class='ocrx_word' id='word_1_446' title='bbox 1608 4142 1835 4213; x_wconf 78' lang='grc' dir='ltr'>Καιρὸς,</span> 
     </span>
    </p>
   </div>
   <div class='ocr_carea' id='block_1_59' title="bbox 262 4231 1837 4304">
    <p class='ocr_par' dir='ltr' id='par_1_59' title="bbox 262 4231 1837 4304">
     <span class='ocr_line' id='line_1_59' title="bbox 262 4231 1837 4304; baseline 0.001 -20"><span class='ocrx_word' id='word_1_447' title='bbox 262 4231 421 4301; x_wconf 69' lang='grc' dir='ltr'>φησι,</span> <span class='ocrx_word' id='word_1_448' title='bbox 470 4232 565 4285; x_wconf 80' lang='grc' dir='ltr'>τοῦ</span> <span class='ocrx_word' id='word_1_449' title='bbox 613 4235 827 4299; x_wconf 75' lang='grc' dir='ltr'>τεκεῖν,</span> <span class='ocrx_word' id='word_1_450' title='bbox 860 4234 955 4289; x_wconf 63' lang='grc' dir='ltr'><strong>καὶ⁸</strong></span> <span class='ocrx_word' id='word_1_451' title='bbox 991 4234 1182 4304; x_wconf 78' lang='grc' dir='ltr'>καιρὸς</span> <span class='ocrx_word' id='word_1_452' title='bbox 1210 4233 1326 4288; x_wconf 72' lang='grc' dir='ltr'>ιτοῦ</span> <span class='ocrx_word' id='word_1_453' title='bbox 1366 4233 1675 4288; x_wconf 79' lang='grc' dir='ltr'>ἀποθανεῖν.</span> <span class='ocrx_word' id='word_1_454' title='bbox 1710 4232 1837 4287; x_wconf 70' lang='grc' dir='ltr'>Εἴθε</span> 
     </span>
    </p>
   </div>
   <div class='ocr_carea' id='block_1_60' title="bbox 1933 1773 3497 1849">
    <p class='ocr_par' dir='ltr' id='par_1_60' title="bbox 1933 1773 3497 1849">
     <span class='ocr_line' id='line_1_60' title="bbox 1933 1773 3497 1849; baseline -0.004 -14"><span class='ocrx_word' id='word_1_455' title='bbox 1933 1777 2263 1849; x_wconf 81' lang='lat' dir='ltr'><strong>profundum</strong></span> <span class='ocrx_word' id='word_1_456' title='bbox 2296 1787 2425 1833; x_wconf 90' lang='lat' dir='ltr'><strong>sunt</strong></span> <span class='ocrx_word' id='word_1_457' title='bbox 2456 1776 2721 1842; x_wconf 84' lang='lat' dir='ltr'><strong>immersi,</strong></span> <span class='ocrx_word' id='word_1_458' title='bbox 2752 1783 2807 1831; x_wconf 86' lang='lat' dir='ltr'><strong>et</strong></span> <span class='ocrx_word' id='word_1_459' title='bbox 2853 1776 2919 1829; x_wconf 89' lang='lat' dir='ltr'><strong>ad</strong></span> <span class='ocrx_word' id='word_1_460' title='bbox 2966 1788 3153 1830; x_wconf 86' lang='lat' dir='ltr'><strong>curam</strong></span> <span class='ocrx_word' id='word_1_461' title='bbox 3192 1773 3497 1829; x_wconf 88' lang='lat' dir='ltr'><strong>futurorum</strong></span> 
     </span>
    </p>
   </div>
   <div class='ocr_carea' id='block_1_61' title="bbox 1930 1865 3502 1936">
    <p class='ocr_par' dir='ltr' id='par_1_61' title="bbox 1930 1865 3502 1936">
     <span class='ocr_line' id='line_1_61' title="bbox 1930 1865 3502 1936; baseline -0.003 -11"><span class='ocrx_word' id='word_1_462' title='bbox 1930 1871 2158 1925; x_wconf 78' lang='lat' dir='ltr'><strong>excitet.</strong></span> <span class='ocrx_word' id='word_1_463' title='bbox 2193 1867 2323 1923; x_wconf 72' lang='lat' dir='ltr'><strong>Haec</strong></span> <span class='ocrx_word' id='word_1_464' title='bbox 2371 1867 2536 1923; x_wconf 85' lang='lat' dir='ltr'><strong>tacite</strong></span> <span class='ocrx_word' id='word_1_465' title='bbox 2567 1865 2985 1936; x_wconf 84' lang='lat' dir='ltr'><strong>philosophatur</strong></span> <span class='ocrx_word' id='word_1_466' title='bbox 3015 1866 3069 1919; x_wconf 81' lang='lat' dir='ltr'><strong>in</strong></span> <span class='ocrx_word' id='word_1_467' title='bbox 3108 1865 3302 1935; x_wconf 89' lang='lat' dir='ltr'><strong>primis</strong></span> <span class='ocrx_word' id='word_1_468' title='bbox 3335 1867 3502 1921; x_wconf 74' lang='lat' dir='ltr'><strong>libro—</strong></span> 
     </span>
    </p>
   </div>
   <div class='ocr_carea' id='block_1_62' title="bbox 1930 1955 3501 2026">
    <p class='ocr_par' dir='ltr' id='par_1_62' title="bbox 1930 1955 3501 2026">
     <span class='ocr_line' id='line_1_62' title="bbox 1930 1955 3501 2026; baseline -0.002 -11"><span class='ocrx_word' id='word_1_469' title='bbox 1930 1974 2056 2015; x_wconf 77' lang='lat' dir='ltr'><strong>rum</strong></span> <span class='ocrx_word' id='word_1_470' title='bbox 2105 1972 2333 2015; x_wconf 87' lang='lat' dir='ltr'><strong>suorum</strong></span> <span class='ocrx_word' id='word_1_471' title='bbox 2394 1956 2849 2026; x_wconf 87' lang='lat' dir='ltr'><strong>inscriptionibus</strong></span> <span class='ocrx_word' id='word_1_472' title='bbox 2902 1955 2999 2011; x_wconf 87' lang='lat' dir='ltr'><strong>Dei</strong></span> <span class='ocrx_word' id='word_1_473' title='bbox 3036 1970 3267 2025; x_wconf 72' lang='lat' dir='ltr'><strong>quoque</strong></span> <span class='ocrx_word' id='word_1_474' title='bbox 3291 1957 3501 2012; x_wconf 73' lang='lat' dir='ltr'><strong>aniticus</strong></span> 
     </span>
    </p>
   </div>
   <div class='ocr_carea' id='block_1_63' title="bbox 1931 2034 3496 2121">
    <p class='ocr_par' dir='ltr' id='par_1_63' title="bbox 1931 2034 3496 2121">
     <span class='ocr_line' id='line_1_63' title="bbox 1931 2034 3496 2121; baseline -0.003 -15"><span class='ocrx_word' id='word_1_475' title='bbox 1931 2050 2137 2117; x_wconf 68' lang='lat' dir='ltr'><strong>Moses,</strong></span> <span class='ocrx_word' id='word_1_476' title='bbox 2168 2051 2262 2121; x_wconf 86' lang='lat' dir='ltr'><strong>qui</strong></span> <span class='ocrx_word' id='word_1_477' title='bbox 2297 2049 2484 2106; x_wconf 81' lang='lat' dir='ltr'><strong>statim</strong></span> <span class='ocrx_word' id='word_1_478' title='bbox 2511 2063 2639 2103; x_wconf 85' lang='lat' dir='ltr'><strong>cum</strong></span> <span class='ocrx_word' id='word_1_479' title='bbox 2668 2046 2887 2114; x_wconf 82' lang='lat' dir='ltr'><strong>Genesi,</strong></span> <span class='ocrx_word' id='word_1_480' title='bbox 2915 2048 3061 2118; x_wconf 90' lang='lat' dir='ltr'><strong>quod</strong></span> <span class='ocrx_word' id='word_1_481' title='bbox 3089 2059 3167 2103; x_wconf 86' lang='lat' dir='ltr'><strong>est</strong></span> <span class='ocrx_word' id='word_1_482' title='bbox 3196 2034 3496 2117; x_wconf 79' lang='lat' dir='ltr'><strong>generatio,</strong></span> 
     </span>
    </p>
   </div>
   <div class='ocr_carea' id='block_1_64' title="bbox 1931 2138 3493 2213">
    <p class='ocr_par' dir='ltr' id='par_1_64' title="bbox 1931 2138 3493 2213">
     <span class='ocr_line' id='line_1_64' title="bbox 1931 2138 3493 2213; baseline -0.001 -16"><span class='ocrx_word' id='word_1_483' title='bbox 1931 2143 2102 2199; x_wconf 82' lang='lat' dir='ltr'><strong>simul</strong></span> <span class='ocrx_word' id='word_1_484' title='bbox 2127 2156 2348 2213; x_wconf 86' lang='lat' dir='ltr'><strong>quoque</strong></span> <span class='ocrx_word' id='word_1_485' title='bbox 2380 2140 2608 2210; x_wconf 83' lang='lat' dir='ltr'><strong>scripsit</strong></span> <span class='ocrx_word' id='word_1_486' title='bbox 2638 2138 2910 2204; x_wconf 72' lang='lat' dir='ltr'><strong>Escdum,</strong></span> <span class='ocrx_word' id='word_1_487' title='bbox 2946 2139 2997 2192; x_wconf 91' lang='lat' dir='ltr'><strong>id</strong></span> <span class='ocrx_word' id='word_1_488' title='bbox 3032 2148 3133 2204; x_wconf 86' lang='lat' dir='ltr'><strong>est,</strong></span> <span class='ocrx_word' id='word_1_489' title='bbox 3162 2153 3447 2195; x_wconf 79' lang='lat' dir='ltr'><strong>excessum</strong></span> <span class='ocrx_word' id='word_1_490' title='bbox 3479 2158 3493 2195; x_wconf 88' lang='lat'><strong>:</strong></span> 
     </span>
    </p>
   </div>
   <div class='ocr_carea' id='block_1_65' title="bbox 1933 2229 3499 2303">
    <p class='ocr_par' dir='ltr' id='par_1_65' title="bbox 1933 2229 3499 2303">
     <span class='ocr_line' id='line_1_65' title="bbox 1933 2229 3499 2303; baseline -0.003 -16"><span class='ocrx_word' id='word_1_491' title='bbox 1933 2239 1995 2287; x_wconf 90' lang='lat' dir='ltr'><strong>ut</strong></span> <span class='ocrx_word' id='word_1_492' title='bbox 2036 2233 2131 2303; x_wconf 85' lang='lat' dir='ltr'><strong>qui</strong></span> <span class='ocrx_word' id='word_1_493' title='bbox 2177 2247 2247 2287; x_wconf 78' lang='lat' dir='ltr'><strong>ea</strong></span> <span class='ocrx_word' id='word_1_494' title='bbox 2286 2232 2528 2301; x_wconf 72' lang='lat' dir='ltr'><strong>legerent</strong></span> <span class='ocrx_word' id='word_1_495' title='bbox 2571 2243 2693 2301; x_wconf 67' lang='lat' dir='ltr'><strong>quae</strong></span> <span class='ocrx_word' id='word_1_496' title='bbox 2741 2229 2943 2297; x_wconf 85' lang='lat' dir='ltr'><strong>scripta</strong></span> <span class='ocrx_word' id='word_1_497' title='bbox 2981 2239 3128 2295; x_wconf 84' lang='lat' dir='ltr'><strong>sunt,</strong></span> <span class='ocrx_word' id='word_1_498' title='bbox 3179 2230 3345 2284; x_wconf 85' lang='lat' dir='ltr'><strong>etiam</strong></span> <span class='ocrx_word' id='word_1_499' title='bbox 3403 2243 3499 2300; x_wconf 88' lang='lat' dir='ltr'><strong>per</strong></span> 
     </span>
    </p>
   </div>
   <div class='ocr_carea' id='block_1_66' title="bbox 1930 2319 3505 2393">
    <p class='ocr_par' dir='ltr' id='par_1_66' title="bbox 1930 2319 3505 2393">
     <span class='ocr_line' id='line_1_66' title="bbox 1930 2319 3505 2393; baseline -0.002 -16"><span class='ocrx_word' id='word_1_500' title='bbox 1930 2322 2112 2393; x_wconf 86' lang='lat' dir='ltr'><strong>ipsum</strong></span> <span class='ocrx_word' id='word_1_501' title='bbox 2145 2321 2392 2377; x_wconf 79' lang='lat' dir='ltr'><strong>ordinem</strong></span> <span class='ocrx_word' id='word_1_502' title='bbox 2439 2321 2710 2374; x_wconf 72' lang='lat' dir='ltr'><strong>librorum</strong></span> <span class='ocrx_word' id='word_1_503' title='bbox 2745 2334 2808 2374; x_wconf 87' lang='lat' dir='ltr'><strong>ca</strong></span> <span class='ocrx_word' id='word_1_504' title='bbox 2833 2320 3115 2374; x_wconf 71' lang='lat' dir='ltr'><strong>discerent</strong></span> <span class='ocrx_word' id='word_1_505' title='bbox 3148 2335 3267 2389; x_wconf 66' lang='lat' dir='ltr'><strong>qua:</strong></span> <span class='ocrx_word' id='word_1_506' title='bbox 3317 2319 3382 2374; x_wconf 89' lang='lat' dir='ltr'><strong>ad</strong></span> <span class='ocrx_word' id='word_1_507' title='bbox 3415 2336 3505 2375; x_wconf 83' lang='lat' dir='ltr'><strong>sc-</strong></span> 
     </span>
    </p>
   </div>
   <div class='ocr_carea' id='block_1_67' title="bbox 1931 2411 3499 2481">
    <p class='ocr_par' dir='ltr' id='par_1_67' title="bbox 1931 2411 3499 2481">
     <span class='ocr_line' id='line_1_67' title="bbox 1931 2411 3499 2481; baseline 0 -15"><span class='ocrx_word' id='word_1_508' title='bbox 1931 2413 2082 2481; x_wconf 85' lang='lat' dir='ltr'><strong>ipsos</strong></span> <span class='ocrx_word' id='word_1_509' title='bbox 2128 2412 2420 2481; x_wconf 85' lang='lat' dir='ltr'><strong>pertinent.</strong></span> <span class='ocrx_word' id='word_1_510' title='bbox 2472 2411 2662 2481; x_wconf 77' lang='lat' dir='ltr'><strong>Neque</strong></span> <span class='ocrx_word' id='word_1_511' title='bbox 2707 2414 2855 2467; x_wconf 85' lang='lat' dir='ltr'><strong>enim</strong></span> <span class='ocrx_word' id='word_1_512' title='bbox 2911 2411 3021 2466; x_wconf 79' lang='lat' dir='ltr'><strong>ﬁeri</strong></span> <span class='ocrx_word' id='word_1_513' title='bbox 3077 2418 3256 2481; x_wconf 88' lang='lat' dir='ltr'><strong>potest</strong></span> <span class='ocrx_word' id='word_1_514' title='bbox 3316 2421 3374 2466; x_wconf 92' lang='lat' dir='ltr'><strong>ut</strong></span> <span class='ocrx_word' id='word_1_515' title='bbox 3406 2412 3499 2480; x_wconf 87' lang='lat' dir='ltr'><strong>qui</strong></span> 
     </span>
    </p>
   </div>
   <div class='ocr_carea' id='block_1_68' title="bbox 1931 2502 3500 2574">
    <p class='ocr_par' dir='ltr' id='par_1_68' title="bbox 1931 2502 3500 2574">
     <span class='ocr_line' id='line_1_68' title="bbox 1931 2502 3500 2574; baseline -0.001 -15"><span class='ocrx_word' id='word_1_516' title='bbox 1931 2502 2208 2568; x_wconf 81' lang='lat' dir='ltr'><strong>Genesim,</strong></span> <span class='ocrx_word' id='word_1_517' title='bbox 2234 2505 2646 2574; x_wconf 73' lang='lat' dir='ltr'><strong>generationem</strong></span> <span class='ocrx_word' id='word_1_518' title='bbox 2677 2503 2923 2572; x_wconf 82' lang='lat' dir='ltr'><strong>inquam,</strong></span> <span class='ocrx_word' id='word_1_519' title='bbox 2948 2502 3201 2568; x_wconf 79' lang='lat' dir='ltr'><strong>audierit,</strong></span> <span class='ocrx_word' id='word_1_520' title='bbox 3233 2518 3339 2556; x_wconf 87' lang='lat' dir='ltr'><strong>non</strong></span> <span class='ocrx_word' id='word_1_521' title='bbox 3366 2502 3500 2557; x_wconf 79' lang='lat' dir='ltr'><strong>Exo-</strong></span> 
     </span>
    </p>
   </div>
   <div class='ocr_carea' id='block_1_69' title="bbox 1932 2594 3498 2665">
    <p class='ocr_par' dir='ltr' id='par_1_69' title="bbox 1932 2594 3498 2665">
     <span class='ocr_line' id='line_1_69' title="bbox 1932 2594 3498 2665; baseline -0.002 -15"><span class='ocrx_word' id='word_1_522' title='bbox 1932 2596 2083 2656; x_wconf 86' lang='lat' dir='ltr'><strong>dum.</strong></span> <span class='ocrx_word' id='word_1_523' title='bbox 2120 2598 2175 2651; x_wconf 83' lang='lat' dir='ltr'><strong>id</strong></span> <span class='ocrx_word' id='word_1_524' title='bbox 2206 2604 2293 2653; x_wconf 83' lang='lat' dir='ltr'><strong>est</strong></span> <span class='ocrx_word' id='word_1_525' title='bbox 2316 2609 2601 2652; x_wconf 70' lang='lat' dir='ltr'><strong>excessum</strong></span> <span class='ocrx_word' id='word_1_526' title='bbox 2632 2595 2889 2665; x_wconf 83' lang='lat' dir='ltr'><strong>protinus</strong></span> <span class='ocrx_word' id='word_1_527' title='bbox 2919 2595 3136 2663; x_wconf 85' lang='lat' dir='ltr'><strong>cogitet.</strong></span> <span class='ocrx_word' id='word_1_528' title='bbox 3189 2594 3344 2660; x_wconf 82' lang='lat' dir='ltr'><strong>Quod</strong></span> <span class='ocrx_word' id='word_1_529' title='bbox 3373 2595 3498 2664; x_wconf 89' lang='lat' dir='ltr'><strong>qui-</strong></span> 
     </span>
    </p>
   </div>
   <div class='ocr_carea' id='block_1_70' title="bbox 1932 2678 3499 2757">
    <p class='ocr_par' dir='ltr' id='par_1_70' title="bbox 1932 2678 3499 2757">
     <span class='ocr_line' id='line_1_70' title="bbox 1932 2678 3499 2757; baseline -0.003 -14"><span class='ocrx_word' id='word_1_530' title='bbox 1932 2687 2055 2743; x_wconf 79' lang='lat' dir='ltr'><strong>dem</strong></span> <span class='ocrx_word' id='word_1_531' title='bbox 2091 2688 2179 2742; x_wconf 86' lang='lat' dir='ltr'><strong>hic</strong></span> <span class='ocrx_word' id='word_1_532' title='bbox 2202 2701 2423 2757; x_wconf 89' lang='lat' dir='ltr'><strong>quoque</strong></span> <span class='ocrx_word' id='word_1_533' title='bbox 2458 2698 2719 2756; x_wconf 74' lang='lat' dir='ltr'><strong>magnum</strong></span> <span class='ocrx_word' id='word_1_534' title='bbox 2757 2684 3092 2740; x_wconf 74' lang='lat' dir='ltr'><strong>intellexisse</strong></span> <span class='ocrx_word' id='word_1_535' title='bbox 3131 2678 3499 2740; x_wconf 79' lang='lat' dir='ltr'><strong>Ecclesiasten</strong></span> 
     </span>
    </p>
   </div>
   <div class='ocr_carea' id='block_1_71' title="bbox 1931 2776 3499 2847">
    <p class='ocr_par' dir='ltr' id='par_1_71' title="bbox 1931 2776 3499 2847">
     <span class='ocr_line' id='line_1_71' title="bbox 1931 2776 3499 2847; baseline -0.002 -12"><span class='ocrx_word' id='word_1_536' title='bbox 1931 2780 2261 2842; x_wconf 74' lang='lat' dir='ltr'><strong>ostenditur,</strong></span> <span class='ocrx_word' id='word_1_537' title='bbox 2305 2779 2483 2847; x_wconf 84' lang='lat' dir='ltr'><strong>utqui</strong></span> <span class='ocrx_word' id='word_1_538' title='bbox 2522 2779 2578 2831; x_wconf 90' lang='lat' dir='ltr'><strong>in</strong></span> <span class='ocrx_word' id='word_1_539' title='bbox 2619 2776 2811 2832; x_wconf 89' lang='lat' dir='ltr'><strong>eodem</strong></span> <span class='ocrx_word' id='word_1_540' title='bbox 2848 2777 3042 2831; x_wconf 79' lang='lat' dir='ltr'><strong>ordine</strong></span> <span class='ocrx_word' id='word_1_541' title='bbox 3074 2778 3317 2846; x_wconf 86' lang='lat' dir='ltr'><strong>posuerit</strong></span> <span class='ocrx_word' id='word_1_542' title='bbox 3355 2792 3499 2832; x_wconf 85' lang='lat' dir='ltr'><strong>mor-</strong></span> 
     </span>
    </p>
   </div>
   <div class='ocr_carea' id='block_1_72' title="bbox 1931 2867 3498 2941">
    <p class='ocr_par' dir='ltr' id='par_1_72' title="bbox 1931 2867 3498 2941">
     <span class='ocr_line' id='line_1_72' title="bbox 1931 2867 3498 2941; baseline -0.003 -17"><span class='ocrx_word' id='word_1_543' title='bbox 1931 2878 2041 2926; x_wconf 86' lang='lat' dir='ltr'><strong>tem</strong></span> <span class='ocrx_word' id='word_1_544' title='bbox 2070 2882 2183 2940; x_wconf 81' lang='lat' dir='ltr'><strong>quo</strong></span> <span class='ocrx_word' id='word_1_545' title='bbox 2225 2870 2647 2941; x_wconf 85' lang='lat' dir='ltr'><strong>generationem.-</strong></span> <span class='ocrx_word' id='word_1_546' title='bbox 2689 2869 2930 2937; x_wconf 85' lang='lat' dir='ltr'><strong>Tempus</strong></span> <span class='ocrx_word' id='word_1_547' title='bbox 2970 2877 3056 2922; x_wconf 75' lang='lat' dir='ltr'><strong>est</strong></span> <span class='ocrx_word' id='word_1_548' title='bbox 3087 2867 3254 2931; x_wconf 85' lang='lat' dir='ltr'><strong>enim,</strong></span> <span class='ocrx_word' id='word_1_549' title='bbox 3298 2868 3498 2938; x_wconf 89' lang='lat' dir='ltr'><strong>inquit,</strong></span> 
     </span>
    </p>
   </div>
   <div class='ocr_carea' id='block_1_73' title="bbox 1934 2958 3497 3035">
    <p class='ocr_par' dir='ltr' id='par_1_73' title="bbox 1934 2958 3497 3035">
     <span class='ocr_line' id='line_1_73' title="bbox 1934 2958 3497 3035; baseline -0.004 -15"><span class='ocrx_word' id='word_1_550' title='bbox 1934 2963 2199 3035; x_wconf 80' lang='lat' dir='ltr'><strong>pariendi,</strong></span> <span class='ocrx_word' id='word_1_551' title='bbox 2217 2969 2499 3035; x_wconf 86' lang='lat' dir='ltr'><strong>ettempus</strong></span> <span class='ocrx_word' id='word_1_552' title='bbox 2528 2959 2816 3017; x_wconf 84' lang='lat' dir='ltr'><strong>moriendi.</strong></span> <span class='ocrx_word' id='word_1_553' title='bbox 2847 2958 3028 3025; x_wconf 78' lang='lat' dir='ltr'><strong>Venit,</strong></span> <span class='ocrx_word' id='word_1_554' title='bbox 3048 2960 3497 3030; x_wconf 83' lang='lat' dir='ltr'><strong>inquit,tempus,</strong></span> 
     </span>
    </p>
   </div>
   <div class='ocr_carea' id='block_1_74' title="bbox 1932 3048 3500 3121">
    <p class='ocr_par' dir='ltr' id='par_1_74' title="bbox 1932 3048 3500 3121">
     <span class='ocr_line' id='line_1_74' title="bbox 1932 3048 3500 3121; baseline -0.002 -14"><span class='ocrx_word' id='word_1_555' title='bbox 1932 3060 1988 3108; x_wconf 90' lang='lat' dir='ltr'><strong>et</strong></span> <span class='ocrx_word' id='word_1_556' title='bbox 2010 3061 2172 3109; x_wconf 87' lang='lat' dir='ltr'><strong>natus</strong></span> <span class='ocrx_word' id='word_1_557' title='bbox 2207 3067 2326 3108; x_wconf 86' lang='lat' dir='ltr'><strong>sum</strong></span> <span class='ocrx_word' id='word_1_558' title='bbox 2352 3070 2367 3118; x_wconf 92' lang='lat'><strong>;</strong></span> <span class='ocrx_word' id='word_1_559' title='bbox 2398 3053 2574 3107; x_wconf 87' lang='lat' dir='ltr'><strong>veniet</strong></span> <span class='ocrx_word' id='word_1_560' title='bbox 2604 3060 2838 3121; x_wconf 86' lang='lat' dir='ltr'><strong>tempus,</strong></span> <span class='ocrx_word' id='word_1_561' title='bbox 2866 3060 2919 3105; x_wconf 91' lang='lat' dir='ltr'><strong>et</strong></span> <span class='ocrx_word' id='word_1_562' title='bbox 2944 3051 3168 3104; x_wconf 86' lang='lat' dir='ltr'><strong>moriar.</strong></span> <span class='ocrx_word' id='word_1_563' title='bbox 3205 3048 3264 3103; x_wconf 88' lang='lat' dir='ltr'><strong>Si</strong></span> <span class='ocrx_word' id='word_1_564' title='bbox 3298 3050 3361 3103; x_wconf 87' lang='lat' dir='ltr'><strong>ad</strong></span> <span class='ocrx_word' id='word_1_565' title='bbox 3399 3051 3500 3105; x_wconf 88' lang='lat' dir='ltr'><strong>hoc</strong></span> 
     </span>
    </p>
   </div>
   <div class='ocr_carea' id='block_1_75' title="bbox 1932 3126 3500 3214">
    <p class='ocr_par' dir='ltr' id='par_1_75' title="bbox 1932 3126 3500 3214">
     <span class='ocr_line' id='line_1_75' title="bbox 1932 3126 3500 3214; baseline -0.002 -16"><span class='ocrx_word' id='word_1_566' title='bbox 1932 3144 2246 3199; x_wconf 84' lang='lat' dir='ltr'><strong>universum</strong></span> <span class='ocrx_word' id='word_1_567' title='bbox 2280 3143 2787 3214; x_wconf 85' lang='lat' dir='ltr'><strong>aspiceremus,uon</strong></span> <span class='ocrx_word' id='word_1_568' title='bbox 2819 3141 3011 3196; x_wconf 81' lang='lat' dir='ltr'><strong>relicto</strong></span> <span class='ocrx_word' id='word_1_569' title='bbox 3053 3140 3153 3195; x_wconf 75' lang='lat' dir='ltr'><strong>vite</strong></span> <span class='ocrx_word' id='word_1_570' title='bbox 3178 3126 3500 3209; x_wconf 70' lang='lat' dir='ltr'><strong>compendio</strong></span> 
     </span>
    </p>
   </div>
   <div class='ocr_carea' id='block_1_76' title="bbox 1933 3230 3500 3301">
    <p class='ocr_par' dir='ltr' id='par_1_76' title="bbox 1933 3230 3500 3301">
     <span class='ocr_line' id='line_1_76' title="bbox 1933 3230 3500 3301; baseline -0.003 -13"><span class='ocrx_word' id='word_1_571' title='bbox 1933 3235 1989 3288; x_wconf 81' lang='lat' dir='ltr'><strong>in</strong></span> <span class='ocrx_word' id='word_1_572' title='bbox 2019 3234 2252 3288; x_wconf 87' lang='lat' dir='ltr'><strong>circuitu</strong></span> <span class='ocrx_word' id='word_1_573' title='bbox 2284 3247 2406 3287; x_wconf 89' lang='lat' dir='ltr'><strong>cum</strong></span> <span class='ocrx_word' id='word_1_574' title='bbox 2428 3233 2609 3301; x_wconf 86' lang='lat' dir='ltr'><strong>impiis</strong></span> <span class='ocrx_word' id='word_1_575' title='bbox 2628 3232 3056 3296; x_wconf 82' lang='lat' dir='ltr'><strong>ambularemus,</strong></span> <span class='ocrx_word' id='word_1_576' title='bbox 3095 3230 3281 3286; x_wconf 89' lang='lat' dir='ltr'><strong>mundi</strong></span> <span class='ocrx_word' id='word_1_577' title='bbox 3316 3232 3408 3299; x_wconf 88' lang='lat' dir='ltr'><strong>qui</strong></span> <span class='ocrx_word' id='word_1_578' title='bbox 3445 3232 3500 3284; x_wconf 91' lang='lat' dir='ltr'><strong>in</strong></span> 
     </span>
    </p>
   </div>
   <div class='ocr_carea' id='block_1_77' title="bbox 1932 3323 3500 3394">
    <p class='ocr_par' dir='ltr' id='par_1_77' title="bbox 1932 3323 3500 3394">
     <span class='ocr_line' id='line_1_77' title="bbox 1932 3323 3500 3394; baseline -0.001 -17"><span class='ocrx_word' id='word_1_579' title='bbox 1932 3324 2119 3378; x_wconf 84' lang='lat' dir='ltr'><strong>orbem</strong></span> <span class='ocrx_word' id='word_1_580' title='bbox 2137 3324 2529 3394; x_wconf 85' lang='lat' dir='ltr'><strong>circumagitur</strong></span> <span class='ocrx_word' id='word_1_581' title='bbox 2551 3338 2736 3379; x_wconf 88' lang='lat' dir='ltr'><strong>errore</strong></span> <span class='ocrx_word' id='word_1_582' title='bbox 2753 3332 2942 3379; x_wconf 84' lang='lat' dir='ltr'><strong>nostra</strong></span> <span class='ocrx_word' id='word_1_583' title='bbox 2962 3332 3153 3392; x_wconf 88' lang='lat' dir='ltr'><strong>sponte</strong></span> <span class='ocrx_word' id='word_1_584' title='bbox 3172 3323 3500 3387; x_wconf 84' lang='lat' dir='ltr'><strong>errantes,in</strong></span> 
     </span>
    </p>
   </div>
   <div class='ocr_carea' id='block_1_78' title="bbox 1933 3412 3501 3482">
    <p class='ocr_par' dir='ltr' id='par_1_78' title="bbox 1933 3412 3501 3482">
     <span class='ocr_line' id='line_1_78' title="bbox 1933 3412 3501 3482; baseline 0.001 -17"><span class='ocrx_word' id='word_1_585' title='bbox 1933 3413 2173 3482; x_wconf 81' lang='lat' dir='ltr'><strong>potentia</strong></span> <span class='ocrx_word' id='word_1_586' title='bbox 2194 3418 2248 3467; x_wconf 90' lang='lat' dir='ltr'><strong>et</strong></span> <span class='ocrx_word' id='word_1_587' title='bbox 2274 3413 2529 3481; x_wconf 87' lang='lat' dir='ltr'><strong>superbia</strong></span> <span class='ocrx_word' id='word_1_588' title='bbox 2550 3420 2604 3467; x_wconf 90' lang='lat' dir='ltr'><strong>et</strong></span> <span class='ocrx_word' id='word_1_589' title='bbox 2620 3412 2847 3475; x_wconf 86' lang='lat' dir='ltr'><strong>divitiis,</strong></span> <span class='ocrx_word' id='word_1_590' title='bbox 2869 3423 2966 3479; x_wconf 84' lang='lat' dir='ltr'><strong>per</strong></span> <span class='ocrx_word' id='word_1_591' title='bbox 2995 3427 3116 3481; x_wconf 73' lang='lat' dir='ltr'><strong>qua:</strong></span> <span class='ocrx_word' id='word_1_592' title='bbox 3133 3412 3187 3466; x_wconf 91' lang='lat' dir='ltr'><strong>in</strong></span> <span class='ocrx_word' id='word_1_593' title='bbox 3214 3412 3501 3481; x_wconf 76' lang='lat' dir='ltr'><strong>multiplici</strong></span> 
     </span>
    </p>
   </div>
   <div class='ocr_carea' id='block_1_79' title="bbox 1933 3500 3503 3571">
    <p class='ocr_par' dir='ltr' id='par_1_79' title="bbox 1933 3500 3503 3571">
     <span class='ocr_line' id='line_1_79' title="bbox 1933 3500 3503 3571; baseline -0.001 -15"><span class='ocrx_word' id='word_1_594' title='bbox 1933 3508 1987 3556; x_wconf 92' lang='lat' dir='ltr'><strong>et</strong></span> <span class='ocrx_word' id='word_1_595' title='bbox 2007 3503 2154 3555; x_wconf 84' lang='lat' dir='ltr'><strong>varia</strong></span> <span class='ocrx_word' id='word_1_596' title='bbox 2171 3501 2334 3570; x_wconf 84' lang='lat' dir='ltr'><strong>hujus</strong></span> <span class='ocrx_word' id='word_1_597' title='bbox 2355 3501 2545 3555; x_wconf 83' lang='lat' dir='ltr'><strong>mundi</strong></span> <span class='ocrx_word' id='word_1_598' title='bbox 2561 3500 2646 3555; x_wconf 88' lang='lat' dir='ltr'><strong>via</strong></span> <span class='ocrx_word' id='word_1_599' title='bbox 2664 3500 2945 3570; x_wconf 78' lang='lat' dir='ltr'><strong>implicati,</strong></span> <span class='ocrx_word' id='word_1_600' title='bbox 2960 3516 2991 3556; x_wconf 92' lang='lat' dir='ltr'><strong>e</strong></span> <span class='ocrx_word' id='word_1_601' title='bbox 3006 3501 3316 3571; x_wconf 82' lang='lat' dir='ltr'><strong>labyrintho</strong></span> <span class='ocrx_word' id='word_1_602' title='bbox 3340 3502 3503 3567; x_wconf 85' lang='lat' dir='ltr'><strong>hujus</strong></span> 
     </span>
    </p>
   </div>
   <div class='ocr_carea' id='block_1_80' title="bbox 1932 3589 3504 3658">
    <p class='ocr_par' dir='ltr' id='par_1_80' title="bbox 1932 3589 3504 3658">
     <span class='ocr_line' id='line_1_80' title="bbox 1932 3589 3504 3658; baseline -0.001 -13"><span class='ocrx_word' id='word_1_603' title='bbox 1932 3591 2059 3646; x_wconf 78' lang='lat' dir='ltr'><strong>vita:</strong></span> <span class='ocrx_word' id='word_1_604' title='bbox 2082 3593 2287 3646; x_wconf 78' lang='lat' dir='ltr'><strong>exitum</strong></span> <span class='ocrx_word' id='word_1_605' title='bbox 2318 3591 2543 3645; x_wconf 86' lang='lat' dir='ltr'><strong>minime</strong></span> <span class='ocrx_word' id='word_1_606' title='bbox 2573 3589 2988 3654; x_wconf 82' lang='lat' dir='ltr'><strong>invenimus,eo</strong></span> <span class='ocrx_word' id='word_1_607' title='bbox 3016 3589 3134 3658; x_wconf 90' lang='lat' dir='ltr'><strong>ipso</strong></span> <span class='ocrx_word' id='word_1_608' title='bbox 3172 3592 3315 3658; x_wconf 88' lang='lat' dir='ltr'><strong>quod</strong></span> <span class='ocrx_word' id='word_1_609' title='bbox 3342 3592 3504 3644; x_wconf 85' lang='lat' dir='ltr'><strong>vehe-</strong></span> 
     </span>
    </p>
   </div>
   <div class='ocr_carea' id='block_1_81' title="bbox 1935 3679 3505 3745">
    <p class='ocr_par' dir='ltr' id='par_1_81' title="bbox 1935 3679 3505 3745">
     <span class='ocr_line' id='line_1_81' title="bbox 1935 3679 3505 3745; baseline -0.002 -8"><span class='ocrx_word' id='word_1_610' title='bbox 1935 3693 2147 3738; x_wconf 86' lang='lat' dir='ltr'><strong>menter</strong></span> <span class='ocrx_word' id='word_1_611' title='bbox 2166 3683 2494 3745; x_wconf 86' lang='lat' dir='ltr'><strong>|aborare,et</strong></span> <span class='ocrx_word' id='word_1_612' title='bbox 2520 3682 2760 3736; x_wconf 84' lang='lat' dir='ltr'><strong>studium</strong></span> <span class='ocrx_word' id='word_1_613' title='bbox 2783 3680 3031 3733; x_wconf 82' lang='lat' dir='ltr'><strong>videmur</strong></span> <span class='ocrx_word' id='word_1_614' title='bbox 3047 3679 3320 3739; x_wconf 85' lang='lat' dir='ltr'><strong>adhibere.</strong></span> <span class='ocrx_word' id='word_1_615' title='bbox 3342 3688 3505 3734; x_wconf 78' lang='lat' dir='ltr'><strong>certae</strong></span> 
     </span>
    </p>
   </div>
   <div class='ocr_carea' id='block_1_82' title="bbox 1935 3768 3499 3842">
    <p class='ocr_par' dir='ltr' id='par_1_82' title="bbox 1935 3768 3499 3842">
     <span class='ocr_line' id='line_1_82' title="bbox 1935 3768 3499 3842; baseline -0.003 -13"><span class='ocrx_word' id='word_1_616' title='bbox 1935 3782 1988 3829; x_wconf 89' lang='lat' dir='ltr'><strong>ct</strong></span> <span class='ocrx_word' id='word_1_617' title='bbox 2010 3787 2039 3826; x_wconf 87' lang='lat' dir='ltr'><strong>a</strong></span> <span class='ocrx_word' id='word_1_618' title='bbox 2056 3788 2164 3842; x_wconf 85' lang='lat' dir='ltr'><strong>qua</strong></span> <span class='ocrx_word' id='word_1_619' title='bbox 2187 3771 2429 3827; x_wconf 83' lang='lat' dir='ltr'><strong>aberrari</strong></span> <span class='ocrx_word' id='word_1_620' title='bbox 2456 3782 2563 3825; x_wconf 87' lang='lat' dir='ltr'><strong>non</strong></span> <span class='ocrx_word' id='word_1_621' title='bbox 2584 3778 2762 3840; x_wconf 81' lang='lat' dir='ltr'><strong>potest</strong></span> <span class='ocrx_word' id='word_1_622' title='bbox 2782 3771 2881 3825; x_wconf 77' lang='lat' dir='ltr'><strong>vite</strong></span> <span class='ocrx_word' id='word_1_623' title='bbox 2904 3770 3061 3839; x_wconf 85' lang='lat' dir='ltr'><strong>signa</strong></span> <span class='ocrx_word' id='word_1_624' title='bbox 3082 3768 3499 3824; x_wconf 78' lang='lat' dir='ltr'><strong>confundentes.</strong></span> 
     </span>
    </p>
   </div>
   <div class='ocr_carea' id='block_1_83' title="bbox 1936 3861 3505 3932">
    <p class='ocr_par' dir='ltr' id='par_1_83' title="bbox 1936 3861 3505 3932">
     <span class='ocr_line' id='line_1_83' title="bbox 1936 3861 3505 3932; baseline -0.004 -13"><span class='ocrx_word' id='word_1_625' title='bbox 1936 3865 2109 3932; x_wconf 82' lang='lat' dir='ltr'><strong>Quam</strong></span> <span class='ocrx_word' id='word_1_626' title='bbox 2143 3864 2310 3927; x_wconf 85' lang='lat' dir='ltr'><strong>beati,</strong></span> <span class='ocrx_word' id='word_1_627' title='bbox 2349 3863 2548 3932; x_wconf 83' lang='lat' dir='ltr'><strong>inquit,</strong></span> <span class='ocrx_word' id='word_1_628' title='bbox 2592 3870 2722 3918; x_wconf 89' lang='lat' dir='ltr'><strong>sunt</strong></span> <span class='ocrx_word' id='word_1_629' title='bbox 2756 3862 2833 3916; x_wconf 88' lang='lat' dir='ltr'><strong>illi</strong></span> <span class='ocrx_word' id='word_1_630' title='bbox 2868 3862 3139 3925; x_wconf 79' lang='lat' dir='ltr'><strong>homines,</strong></span> <span class='ocrx_word' id='word_1_631' title='bbox 3170 3861 3412 3930; x_wconf 83' lang='lat' dir='ltr'><strong>quiquae</strong></span> <span class='ocrx_word' id='word_1_632' title='bbox 3448 3862 3505 3913; x_wconf 89' lang='lat' dir='ltr'><strong>in</strong></span> 
     </span>
    </p>
   </div>
   <div class='ocr_carea' id='block_1_84' title="bbox 1936 3951 3505 4022">
    <p class='ocr_par' dir='ltr' id='par_1_84' title="bbox 1936 3951 3505 4022">
     <span class='ocr_line' id='line_1_84' title="bbox 1936 3951 3505 4022; baseline -0.003 -12"><span class='ocrx_word' id='word_1_633' title='bbox 1936 3956 2125 4010; x_wconf 87' lang='lat' dir='ltr'><strong>orbem</strong></span> <span class='ocrx_word' id='word_1_634' title='bbox 2176 3953 2430 4009; x_wconf 85' lang='lat' dir='ltr'><strong>feruntur</strong></span> <span class='ocrx_word' id='word_1_635' title='bbox 2478 3952 2774 4009; x_wconf 81' lang='lat' dir='ltr'><strong>fraudibus</strong></span> <span class='ocrx_word' id='word_1_636' title='bbox 2806 3952 2971 4022; x_wconf 86' lang='lat' dir='ltr'><strong>hujus</strong></span> <span class='ocrx_word' id='word_1_637' title='bbox 3000 3953 3125 4007; x_wconf 68' lang='lat' dir='ltr'><strong>‘vitae</strong></span> <span class='ocrx_word' id='word_1_638' title='bbox 3161 3952 3387 4014; x_wconf 85' lang='lat' dir='ltr'><strong>relictis,</strong></span> <span class='ocrx_word' id='word_1_639' title='bbox 3436 3951 3505 4005; x_wconf 88' lang='lat' dir='ltr'><strong>ad</strong></span> 
     </span>
    </p>
   </div>
   <div class='ocr_carea' id='block_1_85' title="bbox 1937 4041 3509 4117">
    <p class='ocr_par' dir='ltr' id='par_1_85' title="bbox 1937 4041 3509 4117">
     <span class='ocr_line' id='line_1_85' title="bbox 1937 4041 3509 4117; baseline -0.004 -15"><span class='ocrx_word' id='word_1_640' title='bbox 1937 4045 2407 4117; x_wconf 82' lang='lat' dir='ltr'><strong>compendiariam</strong></span> <span class='ocrx_word' id='word_1_641' title='bbox 2435 4045 2659 4100; x_wconf 82' lang='lat' dir='ltr'><strong>virtutis</strong></span> <span class='ocrx_word' id='word_1_642' title='bbox 2681 4044 2824 4099; x_wconf 90' lang='lat' dir='ltr'><strong>viam</strong></span> <span class='ocrx_word' id='word_1_643' title='bbox 2858 4058 2918 4099; x_wconf 92' lang='lat' dir='ltr'><strong>se</strong></span> <span class='ocrx_word' id='word_1_644' title='bbox 2950 4041 3242 4098; x_wconf 89' lang='lat' dir='ltr'><strong>conferunt</strong></span> <span class='ocrx_word' id='word_1_645' title='bbox 3267 4045 3285 4097; x_wconf 78' lang='lat' dir='ltr'><strong>l</strong></span> <span class='ocrx_word' id='word_1_646' title='bbox 3312 4042 3389 4096; x_wconf 75' lang='lat' dir='ltr'><strong>Ea</strong></span> <span class='ocrx_word' id='word_1_647' title='bbox 3410 4058 3509 4096; x_wconf 87' lang='lat' dir='ltr'><strong>au-</strong></span> 
     </span>
    </p>
   </div>
   <div class='ocr_carea' id='block_1_86' title="bbox 1940 4133 3508 4205">
    <p class='ocr_par' dir='ltr' id='par_1_86' title="bbox 1940 4133 3508 4205">
     <span class='ocr_line' id='line_1_86' title="bbox 1940 4133 3508 4205; baseline -0.006 -11"><span class='ocrx_word' id='word_1_648' title='bbox 1940 4147 2046 4195; x_wconf 88' lang='lat' dir='ltr'><strong>tem</strong></span> <span class='ocrx_word' id='word_1_649' title='bbox 2084 4146 2191 4204; x_wconf 89' lang='lat' dir='ltr'><strong>est,</strong></span> <span class='ocrx_word' id='word_1_650' title='bbox 2243 4136 2311 4191; x_wconf 90' lang='lat' dir='ltr'><strong>ad</strong></span> <span class='ocrx_word' id='word_1_651' title='bbox 2361 4136 2498 4191; x_wconf 88' lang='lat' dir='ltr'><strong>nihil</strong></span> <span class='ocrx_word' id='word_1_652' title='bbox 2534 4141 2726 4191; x_wconf 86' lang='lat' dir='ltr'><strong>eorum</strong></span> <span class='ocrx_word' id='word_1_653' title='bbox 2764 4151 2886 4205; x_wconf 73' lang='lat' dir='ltr'><strong>quae</strong></span> <span class='ocrx_word' id='word_1_654' title='bbox 2936 4135 3025 4189; x_wconf 88' lang='lat' dir='ltr'><strong>hic</strong></span> <span class='ocrx_word' id='word_1_655' title='bbox 3082 4140 3211 4189; x_wconf 87' lang='lat' dir='ltr'><strong>sunt</strong></span> <span class='ocrx_word' id='word_1_656' title='bbox 3265 4133 3508 4186; x_wconf 85' lang='lat' dir='ltr'><strong>animum</strong></span> 
     </span>
    </p>
   </div>
   <div class='ocr_carea' id='block_1_87' title="bbox 1939 4224 3509 4296">
    <p class='ocr_par' dir='ltr' id='par_1_87' title="bbox 1939 4224 3509 4296">
     <span class='ocr_line' id='line_1_87' title="bbox 1939 4224 3509 4296; baseline -0.006 -10"><span class='ocrx_word' id='word_1_657' title='bbox 1939 4231 2284 4296; x_wconf 85' lang='lat' dir='ltr'><strong>convertere,</strong></span> <span class='ocrx_word' id='word_1_658' title='bbox 2320 4227 2418 4283; x_wconf 86' lang='lat' dir='ltr'><strong>sed</strong></span> <span class='ocrx_word' id='word_1_659' title='bbox 2457 4228 2575 4282; x_wconf 81' lang='lat' dir='ltr'><strong>acri</strong></span> <span class='ocrx_word' id='word_1_660' title='bbox 2608 4227 2792 4282; x_wconf 88' lang='lat' dir='ltr'><strong>studio</strong></span> <span class='ocrx_word' id='word_1_661' title='bbox 2826 4229 3161 4282; x_wconf 78' lang='lat' dir='ltr'><strong>contendere</strong></span> <span class='ocrx_word' id='word_1_662' title='bbox 3190 4225 3255 4279; x_wconf 84' lang='lat' dir='ltr'><strong>ad</strong></span> <span class='ocrx_word' id='word_1_663' title='bbox 3283 4225 3337 4278; x_wconf 92' lang='lat' dir='ltr'><strong>id</strong></span> <span class='ocrx_word' id='word_1_664' title='bbox 3363 4224 3509 4294; x_wconf 86' lang='lat' dir='ltr'><strong>quod</strong></span> 
     </span>
    </p>
   </div>
   <div class='ocr_carea' id='block_1_88' title="bbox 264 4315 1835 4418">
    <p class='ocr_par' dir='ltr' id='par_1_88' title="bbox 264 4319 1835 4395">
     <span class='ocr_line' id='line_1_88' title="bbox 264 4319 1835 4395; baseline 0.003 -24"><span class='ocrx_word' id='word_1_665' title='bbox 264 4319 435 4388; x_wconf 74' lang='grc' dir='ltr'>κάμοὶ</span> <span class='ocrx_word' id='word_1_666' title='bbox 480 4320 689 4388; x_wconf 84' lang='grc' dir='ltr'>γένοιτο</span> <span class='ocrx_word' id='word_1_667' title='bbox 727 4323 789 4377; x_wconf 78' lang='grc' dir='ltr'>ὲν</span> <span class='ocrx_word' id='word_1_668' title='bbox 814 4322 993 4395; x_wconf 82' lang='grc' dir='ltr'>καιρῷ</span> <span class='ocrx_word' id='word_1_669' title='bbox 1021 4335 1083 4376; x_wconf 84' lang='grc' dir='ltr'><strong>τε</strong></span> <span class='ocrx_word' id='word_1_670' title='bbox 1122 4325 1153 4377; x_wconf 76' lang='grc' dir='ltr'>ὁ</span> <span class='ocrx_word' id='word_1_671' title='bbox 1180 4322 1358 4386; x_wconf 61' lang='grc' dir='ltr'>τόκος,</span> <span class='ocrx_word' id='word_1_672' title='bbox 1388 4324 1482 4377; x_wconf 78' lang='grc' dir='ltr'>καὶ</span> <span class='ocrx_word' id='word_1_673' title='bbox 1519 4324 1548 4376; x_wconf 84' lang='grc' dir='ltr'>ὁ</span> <span class='ocrx_word' id='word_1_674' title='bbox 1585 4321 1835 4393; x_wconf 73' lang='grc' dir='ltr'>εὔκαιρος</span> 
     </span>
    </p>
   </div>
   <div class='ocr_carea' id='block_1_89' title="bbox 1950 4315 3511 4418">
    <p class='ocr_par' dir='ltr' id='par_1_89' title="bbox 1950 4315 3511 4392">
     <span class='ocr_line' id='line_1_89' title="bbox 1950 4315 3511 4392; baseline -0.005 -17"><span class='ocrx_word' id='word_1_675' title='bbox 1950 4336 2036 4392; x_wconf 83' lang='lat' dir='ltr'><strong>per</strong></span> <span class='ocrx_word' id='word_1_676' title='bbox 2060 4320 2223 4376; x_wconf 83' lang='lat' dir='ltr'><strong>fidem</strong></span> <span class='ocrx_word' id='word_1_677' title='bbox 2257 4321 2315 4374; x_wconf 89' lang='lat' dir='ltr'><strong>in</strong></span> <span class='ocrx_word' id='word_1_678' title='bbox 2347 4332 2444 4390; x_wconf 85' lang='lat' dir='ltr'><strong>spe</strong></span> <span class='ocrx_word' id='word_1_679' title='bbox 2478 4325 2563 4373; x_wconf 86' lang='lat' dir='ltr'><strong>est</strong></span> <span class='ocrx_word' id='word_1_680' title='bbox 2601 4317 2965 4388; x_wconf 80' lang='lat' dir='ltr'><strong>propositum.</strong></span> <span class='ocrx_word' id='word_1_681' title='bbox 2988 4315 3147 4382; x_wconf 80' lang='lat' dir='ltr'><strong>Quod</strong></span> <span class='ocrx_word' id='word_1_682' title='bbox 3181 4316 3392 4369; x_wconf 91' lang='lat' dir='ltr'><strong>dictum</strong></span> <span class='ocrx_word' id='word_1_683' title='bbox 3427 4325 3511 4369; x_wconf 87' lang='lat' dir='ltr'><strong>est</strong></span> 
     </span>
    </p>
   </div>
   <div class='ocr_carea' id='block_1_90' title="bbox 263 4409 1837 4484">
    <p class='ocr_par' dir='ltr' id='par_1_90' title="bbox 263 4409 1837 4484">
     <span class='ocr_line' id='line_1_90' title="bbox 263 4409 1837 4484; baseline 0.001 -21"><span class='ocrx_word' id='word_1_684' title='bbox 263 4409 517 4476; x_wconf 70' lang='grc' dir='ltr'>θάνατοςι</span> <span class='ocrx_word' id='word_1_685' title='bbox 550 4412 623 4465; x_wconf 78' lang='grc' dir='ltr'><strong>Οὐ</strong></span> <span class='ocrx_word' id='word_1_686' title='bbox 664 4412 774 4483; x_wconf 78' lang='grc' dir='ltr'><strong>γὰρ</strong></span> <span class='ocrx_word' id='word_1_687' title='bbox 805 4414 869 4468; x_wconf 72' lang='grc' dir='ltr'>ἄν</span> <span class='ocrx_word' id='word_1_688' title='bbox 897 4428 982 4477; x_wconf 82' lang='grc' dir='ltr'><strong>τις</strong></span> <span class='ocrx_word' id='word_1_689' title='bbox 1011 4412 1153 4469; x_wconf 72' lang='grc' dir='ltr'>εἴποι</span> <span class='ocrx_word' id='word_1_690' title='bbox 1200 4415 1302 4484; x_wconf 76' lang='grc' dir='ltr'>τὴν</span> <span class='ocrx_word' id='word_1_691' title='bbox 1338 4413 1591 4467; x_wconf 80' lang='grc' dir='ltr'>ἀκούσιον</span> <span class='ocrx_word' id='word_1_692' title='bbox 1630 4414 1837 4484; x_wconf 82' lang='grc' dir='ltr'>ταύτην</span> 
     </span>
    </p>
   </div>
   <div class='ocr_carea' id='block_1_91' title="bbox 262 4500 1837 4576">
    <p class='ocr_par' dir='ltr' id='par_1_91' title="bbox 262 4500 1837 4576">
     <span class='ocr_line' id='line_1_91' title="bbox 262 4500 1837 4576; baseline 0.002 -22"><span class='ocrx_word' id='word_1_693' title='bbox 262 4500 452 4565; x_wconf 81' lang='grc' dir='ltr'>ὠδῖνα,</span> <span class='ocrx_word' id='word_1_694' title='bbox 494 4501 592 4554; x_wconf 55' lang='grc' dir='ltr'><strong>καὶ⁹</strong></span> <span class='ocrx_word' id='word_1_695' title='bbox 635 4503 728 4556; x_wconf 83' lang='grc' dir='ltr'>τὸν</span> <span class='ocrx_word' id='word_1_696' title='bbox 767 4503 1074 4575; x_wconf 79' lang='grc' dir='ltr'>αὐτόματον</span> <span class='ocrx_word' id='word_1_697' title='bbox 1113 4503 1339 4558; x_wconf 78' lang='grc' dir='ltr'>θάνατον</span> <span class='ocrx_word' id='word_1_698' title='bbox 1375 4503 1526 4576; x_wconf 79' lang='grc' dir='ltr'>παρὰ</span> <span class='ocrx_word' id='word_1_699' title='bbox 1565 4502 1659 4557; x_wconf 85' lang='grc' dir='ltr'><strong>τοῦ</strong></span> <span class='ocrx_word' id='word_1_700' title='bbox 1710 4502 1837 4557; x_wconf 82' lang='grc' dir='ltr'>Ἐκ-</span> 
     </span>
    </p>
   </div>
   <div class='ocr_carea' id='block_1_92' title="bbox 265 4591 1840 4668">
    <p class='ocr_par' dir='ltr' id='par_1_92' title="bbox 265 4591 1840 4668">
     <span class='ocr_line' id='line_1_92' title="bbox 265 4591 1840 4668; baseline 0.001 -21"><span class='ocrx_word' id='word_1_701' title='bbox 265 4591 598 4662; x_wconf 82' lang='grc' dir='ltr'>κλησιαστοῦ</span> <span class='ocrx_word' id='word_1_702' title='bbox 630 4593 727 4649; x_wconf 79' lang='grc' dir='ltr'><strong>νῦν</strong></span> <span class='ocrx_word' id='word_1_703' title='bbox 751 4596 827 4658; x_wconf 77' lang='grc' dir='ltr'>ὡς</span> <span class='ocrx_word' id='word_1_704' title='bbox 851 4597 910 4649; x_wconf 81' lang='grc' dir='ltr'>ὲν</span> <span class='ocrx_word' id='word_1_705' title='bbox 938 4596 1140 4666; x_wconf 80' lang='grc' dir='ltr'>ἀρετῆς</span> <span class='ocrx_word' id='word_1_706' title='bbox 1164 4594 1500 4668; x_wconf 81' lang='grc' dir='ltr'>κατορθώσει</span> <span class='ocrx_word' id='word_1_707' title='bbox 1527 4596 1840 4668; x_wconf 75' lang='grc' dir='ltr'>προδείκνυ-</span> 
     </span>
    </p>
   </div>
   <div class='ocr_carea' id='block_1_93' title="bbox 268 4683 1837 4759">
    <p class='ocr_par' dir='ltr' id='par_1_93' title="bbox 268 4683 1837 4759">
     <span class='ocr_line' id='line_1_93' title="bbox 268 4683 1837 4759; baseline 0.003 -22"><span class='ocrx_word' id='word_1_708' title='bbox 268 4683 416 4738; x_wconf 86' lang='grc' dir='ltr'>σθαι.</span> <span class='ocrx_word' id='word_1_709' title='bbox 453 4685 591 4739; x_wconf 79' lang='grc' dir='ltr'>Οὔτε</span> <span class='ocrx_word' id='word_1_710' title='bbox 634 4685 745 4758; x_wconf 80' lang='grc' dir='ltr'><strong>γὰρ</strong></span> <span class='ocrx_word' id='word_1_711' title='bbox 789 4687 883 4740; x_wconf 70' lang='grc' dir='ltr'><strong>ἐπὶ</strong></span> <span class='ocrx_word' id='word_1_712' title='bbox 914 4686 993 4758; x_wconf 82' lang='grc' dir='ltr'>τῷ</span> <span class='ocrx_word' id='word_1_713' title='bbox 1044 4686 1306 4759; x_wconf 87' lang='grc' dir='ltr'>θελήματι</span> <span class='ocrx_word' id='word_1_714' title='bbox 1355 4689 1454 4759; x_wconf 84' lang='grc' dir='ltr'>τῆς</span> <span class='ocrx_word' id='word_1_715' title='bbox 1506 4688 1762 4756; x_wconf 78' lang='grc' dir='ltr'>γυναικὸς</span> <span class='ocrx_word' id='word_1_716' title='bbox 1803 4689 1837 4758; x_wconf 79' lang='grc' dir='ltr'><strong>ἡ</strong></span> 
     </span>
    </p>
   </div>
   <div class='ocr_carea' id='block_1_94' title="bbox 264 4767 1840 4850">
    <p class='ocr_par' dir='ltr' id='par_1_94' title="bbox 264 4767 1840 4850">
     <span class='ocr_line' id='line_1_94' title="bbox 264 4767 1840 4850; baseline 0.004 -22"><span class='ocrx_word' id='word_1_717' title='bbox 264 4774 398 4840; x_wconf 79' lang='grc' dir='ltr'>ὠδίς</span> <span class='ocrx_word' id='word_1_718' title='bbox 420 4792 433 4806; x_wconf 74' lang='grc' dir='ltr'><strong>ο</strong></span> <span class='ocrx_word' id='word_1_719' title='bbox 462 4768 586 4829; x_wconf 78' lang='grc' dir='ltr'>οὔτε</span> <span class='ocrx_word' id='word_1_720' title='bbox 610 4767 677 4830; x_wconf 71' lang='grc' dir='ltr'><strong>⁴ὲν</strong></span> <span class='ocrx_word' id='word_1_721' title='bbox 704 4780 775 4849; x_wconf 75' lang='grc' dir='ltr'>τῇ</span> <span class='ocrx_word' id='word_1_722' title='bbox 798 4780 1115 4850; x_wconf 83' lang='grc' dir='ltr'>προαιρέσει</span> <span class='ocrx_word' id='word_1_723' title='bbox 1152 4778 1259 4833; x_wconf 78' lang='grc' dir='ltr'><strong>τῶν</strong></span> <span class='ocrx_word' id='word_1_724' title='bbox 1286 4779 1660 4835; x_wconf 82' lang='grc' dir='ltr'>τελευτώντων</span> <span class='ocrx_word' id='word_1_725' title='bbox 1684 4783 1714 4834; x_wconf 82' lang='grc' dir='ltr'><strong>ὁ</strong></span> <span class='ocrx_word' id='word_1_726' title='bbox 1741 4779 1840 4835; x_wconf 77' lang='grc' dir='ltr'><strong>θά-</strong></span> 
     </span>
    </p>
   </div>
   <div class='ocr_carea' id='block_1_95' title="bbox 49 4864 1840 4945">
    <p class='ocr_par' dir='ltr' id='par_1_95' title="bbox 49 4864 1840 4945">
     <span class='ocr_line' id='line_1_95' title="bbox 49 4864 1840 4945; baseline 0.016 -37"><span class='ocrx_word' id='word_1_727' title='bbox 49 4874 65 4901; x_wconf 65' lang='grc' dir='ltr'><strong>ἰ</strong></span> <span class='ocrx_word' id='word_1_728' title='bbox 157 4864 162 4869; x_wconf 86' lang='grc'><em>’</em></span> <span class='ocrx_word' id='word_1_729' title='bbox 266 4883 449 4937; x_wconf 78' lang='grc' dir='ltr'>νατος.</span> <span class='ocrx_word' id='word_1_730' title='bbox 485 4868 552 4921; x_wconf 86' lang='grc' dir='ltr'><strong>Ὅ</strong></span> <span class='ocrx_word' id='word_1_731' title='bbox 585 4867 641 4922; x_wconf 81' lang='grc' dir='ltr'>δὲ</span> <span class='ocrx_word' id='word_1_732' title='bbox 671 4870 757 4938; x_wconf 72' lang='grc' dir='ltr'><strong>ἐφ’</strong></span> <span class='ocrx_word' id='word_1_733' title='bbox 785 4872 919 4939; x_wconf 73' lang='grc' dir='ltr'>ἡμῖν</span> <span class='ocrx_word' id='word_1_734' title='bbox 944 4871 1046 4924; x_wconf 84' lang='grc' dir='ltr'>οὐκ</span> <span class='ocrx_word' id='word_1_735' title='bbox 1065 4870 1236 4935; x_wconf 76' lang='grc' dir='ltr'>εστιν,</span> <span class='ocrx_word' id='word_1_736' title='bbox 1259 4871 1385 4925; x_wconf 76' lang='grc' dir='ltr'>οὔτε</span> <span class='ocrx_word' id='word_1_737' title='bbox 1409 4872 1606 4945; x_wconf 79' lang='grc' dir='ltr'>ἀρετὴν</span> <span class='ocrx_word' id='word_1_738' title='bbox 1630 4873 1696 4928; x_wconf 76' lang='grc' dir='ltr'>ἄν</span> <span class='ocrx_word' id='word_1_739' title='bbox 1730 4890 1840 4937; x_wconf 76' lang='grc' dir='ltr'>τις,</span> 
     </span>
    </p>
   </div>
   <div class='ocr_carea' id='block_1_96' title="bbox 46 5256 183 5273">
    <p class='ocr_par' dir='ltr' id='par_1_96' title="bbox 46 5256 183 5273">
     <span class='ocr_line' id='line_1_96' title="bbox 46 5256 183 5273; baseline -0.029 0"><span class='ocrx_word' id='word_1_740' title='bbox 46 5256 183 5273; x_wconf 45' lang='grc' dir='ltr'><strong>μ’.</strong></span> 
     </span>
    </p>
   </div>
   <div class='ocr_carea' id='block_1_97' title="bbox 269 4955 1842 5034">
    <p class='ocr_par' dir='ltr' id='par_1_97' title="bbox 269 4955 1842 5034">
     <span class='ocr_line' id='line_1_97' title="bbox 269 4955 1842 5034; baseline 0.004 -26"><span class='ocrx_word' id='word_1_741' title='bbox 269 4955 396 5009; x_wconf 72' lang='grc' dir='ltr'>οὔτε</span> <span class='ocrx_word' id='word_1_742' title='bbox 434 4956 637 5033; x_wconf 25' lang='grc' dir='ltr'>κακίαν.</span> <span class='ocrx_word' id='word_1_743' title='bbox 680 4958 956 5028; x_wconf 82' lang='grc' dir='ltr'>ὁρίσαιτο·</span> <span class='ocrx_word' id='word_1_744' title='bbox 991 4958 1185 5013; x_wconf 82' lang='grc' dir='ltr'>οὐκοῦν</span> <span class='ocrx_word' id='word_1_745' title='bbox 1226 4962 1412 5032; x_wconf 79' lang='grc' dir='ltr'>νοῆσαι</span> <span class='ocrx_word' id='word_1_746' title='bbox 1451 4964 1716 5034; x_wconf 80' lang='grc' dir='ltr'>προσήκει</span> <span class='ocrx_word' id='word_1_747' title='bbox 1748 4963 1842 5017; x_wconf 81' lang='grc' dir='ltr'><strong>τδν</strong></span> 
     </span>
    </p>
   </div>
   <div class='ocr_carea' id='block_1_98' title="bbox 268 5045 1840 5123">
    <p class='ocr_par' dir='ltr' id='par_1_98' title="bbox 268 5045 1840 5123">
     <span class='ocr_line' id='line_1_98' title="bbox 268 5045 1840 5123; baseline 0.004 -24"><span class='ocrx_word' id='word_1_748' title='bbox 268 5045 433 5100; x_wconf 81' lang='grc' dir='ltr'>τόκον</span> <span class='ocrx_word' id='word_1_749' title='bbox 470 5048 563 5100; x_wconf 80' lang='grc' dir='ltr'>τὸν</span> <span class='ocrx_word' id='word_1_750' title='bbox 610 5046 899 5119; x_wconf 78' lang='grc' dir='ltr'>εὔκαιρον,</span> <span class='ocrx_word' id='word_1_751' title='bbox 949 5050 1044 5104; x_wconf 79' lang='grc' dir='ltr'>καὶ</span> <span class='ocrx_word' id='word_1_752' title='bbox 1091 5050 1184 5103; x_wconf 75' lang='grc' dir='ltr'>τὸν</span> <span class='ocrx_word' id='word_1_753' title='bbox 1233 5052 1291 5104; x_wconf 77' lang='grc' dir='ltr'>ὲν</span> <span class='ocrx_word' id='word_1_754' title='bbox 1338 5051 1533 5123; x_wconf 73' lang='grc' dir='ltr'>καιρῷ</span> <span class='ocrx_word' id='word_1_755' title='bbox 1559 5053 1840 5123; x_wconf 79' lang='grc' dir='ltr'>γινόμενον</span> 
     </span>
    </p>
   </div>
   <div class='ocr_carea' id='block_1_99' title="bbox 271 5138 1843 5214">
    <p class='ocr_par' dir='ltr' id='par_1_99' title="bbox 271 5138 1843 5214">
     <span class='ocr_line' id='line_1_99' title="bbox 271 5138 1843 5214; baseline 0.004 -24"><span class='ocrx_word' id='word_1_756' title='bbox 271 5138 522 5192; x_wconf 83' lang='grc' dir='ltr'>θάνατον.</span> <span class='ocrx_word' id='word_1_757' title='bbox 566 5139 718 5210; x_wconf 67' lang='grc' dir='ltr'>Ἐμοὶ</span> <span class='ocrx_word' id='word_1_758' title='bbox 752 5141 898 5194; x_wconf 83' lang='grc' dir='ltr'>δοκεῖ</span> <span class='ocrx_word' id='word_1_759' title='bbox 927 5141 1089 5204; x_wconf 82' lang='grc' dir='ltr'>τόκος</span> <span class='ocrx_word' id='word_1_760' title='bbox 1123 5141 1332 5213; x_wconf 77' lang='grc' dir='ltr'>ὥριμος</span> <span class='ocrx_word' id='word_1_761' title='bbox 1364 5143 1460 5197; x_wconf 74' lang='grc' dir='ltr'>καὶ</span> <span class='ocrx_word' id='word_1_762' title='bbox 1489 5144 1589 5196; x_wconf 84' lang='grc' dir='ltr'>οὐκ</span> <span class='ocrx_word' id='word_1_763' title='bbox 1621 5143 1843 5214; x_wconf 77' lang='grc' dir='ltr'>ἀμϐλωο</span> 
     </span>
    </p>
   </div>
   <div class='ocr_carea' id='block_1_100' title="bbox 272 5227 1842 5304">
    <p class='ocr_par' dir='ltr' id='par_1_100' title="bbox 272 5227 1842 5304">
     <span class='ocr_line' id='line_1_100' title="bbox 272 5227 1842 5304; baseline 0.004 -22"><span class='ocrx_word' id='word_1_764' title='bbox 272 5228 459 5301; x_wconf 79' lang='grc' dir='ltr'>θρίδης</span> <span class='ocrx_word' id='word_1_765' title='bbox 485 5227 643 5294; x_wconf 74' lang='grc' dir='ltr'>εἶναι,</span> <span class='ocrx_word' id='word_1_766' title='bbox 660 5232 809 5295; x_wconf 74' lang='grc' dir='ltr'>ὃταν,</span> <span class='ocrx_word' id='word_1_767' title='bbox 831 5231 1015 5296; x_wconf 85' lang='grc' dir='ltr'>καθώς</span> <span class='ocrx_word' id='word_1_768' title='bbox 1030 5250 1195 5304; x_wconf 79' lang='grc' dir='ltr'>φησιν</span> <span class='ocrx_word' id='word_1_769' title='bbox 1227 5233 1475 5298; x_wconf 71' lang='grc' dir='ltr'>Ἡσαΐας,</span> <span class='ocrx_word' id='word_1_770' title='bbox 1493 5237 1559 5288; x_wconf 77' lang='grc' dir='ltr'>ὲκ</span> <span class='ocrx_word' id='word_1_771' title='bbox 1580 5234 1675 5288; x_wconf 82' lang='grc' dir='ltr'>τοῦ</span> <span class='ocrx_word' id='word_1_772' title='bbox 1696 5234 1842 5288; x_wconf 88' lang='grc' dir='ltr'>θείου</span> 
     </span>
    </p>
   </div>
   <div class='ocr_carea' id='block_1_101' title="bbox 184 5321 1840 5395">
    <p class='ocr_par' dir='ltr' id='par_1_101' title="bbox 184 5321 1840 5395">
     <span class='ocr_line' id='line_1_101' title="bbox 184 5321 1840 5395; baseline 0.003 -21"><span class='ocrx_word' id='word_1_773' title='bbox 184 5350 195 5387; x_wconf 57' lang='grc' dir='ltr'><em>ξ</em></span> <span class='ocrx_word' id='word_1_774' title='bbox 270 5335 357 5385; x_wconf 83' lang='grc' dir='ltr'><strong>τις</strong></span> <span class='ocrx_word' id='word_1_775' title='bbox 403 5321 569 5391; x_wconf 64' lang='grc' dir='ltr'>φόβου</span> <span class='ocrx_word' id='word_1_776' title='bbox 602 5324 950 5394; x_wconf 76' lang='grc' dir='ltr'>κυοφορήσας</span> <span class='ocrx_word' id='word_1_777' title='bbox 983 5323 1072 5376; x_wconf 79' lang='grc' dir='ltr'>διὰ</span> <span class='ocrx_word' id='word_1_778' title='bbox 1110 5323 1219 5377; x_wconf 84' lang='grc' dir='ltr'><strong>τῶν</strong></span> <span class='ocrx_word' id='word_1_779' title='bbox 1258 5324 1359 5395; x_wconf 77' lang='grc' dir='ltr'>τῆς</span> <span class='ocrx_word' id='word_1_780' title='bbox 1405 5324 1582 5395; x_wconf 78' lang='grc' dir='ltr'>ψυχῆς</span> <span class='ocrx_word' id='word_1_781' title='bbox 1632 5324 1840 5379; x_wconf 81' lang='grc' dir='ltr'>ὠδίνων</span> 
     </span>
    </p>
   </div>
   <div class='ocr_carea' id='block_1_102' title="bbox 272 5411 1839 5488">
    <p class='ocr_par' dir='ltr' id='par_1_102' title="bbox 272 5411 1839 5488">
     <span class='ocr_line' id='line_1_102' title="bbox 272 5411 1839 5488; baseline 0.003 -24"><span class='ocrx_word' id='word_1_782' title='bbox 272 5411 375 5483; x_wconf 81' lang='grc' dir='ltr'>τὴν</span> <span class='ocrx_word' id='word_1_783' title='bbox 413 5412 548 5466; x_wconf 83' lang='grc' dir='ltr'>ἰδίαν</span> <span class='ocrx_word' id='word_1_784' title='bbox 590 5413 862 5484; x_wconf 84' lang='grc' dir='ltr'>σωτηρίαν</span> <span class='ocrx_word' id='word_1_785' title='bbox 899 5416 1155 5488; x_wconf 76' lang='grc' dir='ltr'>γεννήσῃ.</span> <span class='ocrx_word' id='word_1_786' title='bbox 1199 5415 1439 5469; x_wconf 81' lang='grc' dir='ltr'>Ἐαυτῶν</span> <span class='ocrx_word' id='word_1_787' title='bbox 1484 5416 1592 5485; x_wconf 86' lang='grc' dir='ltr'><strong>γὰρ</strong></span> <span class='ocrx_word' id='word_1_788' title='bbox 1640 5417 1839 5486; x_wconf 88' lang='grc' dir='ltr'>τρόπον</span> 
     </span>
    </p>
   </div>
   <div class='ocr_carea' id='block_1_103' title="bbox 179 5479 1842 5576">
    <p class='ocr_par' dir='ltr' id='par_1_103' title="bbox 179 5479 1842 5576">
     <span class='ocr_line' id='line_1_103' title="bbox 179 5479 1842 5576; baseline 0.005 -26"><span class='ocrx_word' id='word_1_789' title='bbox 179 5479 202 5550; x_wconf 54' lang='grc' dir='ltr'><strong>ί</strong></span> <span class='ocrx_word' id='word_1_790' title='bbox 277 5479 399 5555; x_wconf 77' lang='grc' dir='ltr'>τινὰ</span> <span class='ocrx_word' id='word_1_791' title='bbox 419 5501 654 5570; x_wconf 72' lang='grc' dir='ltr'>πατέρες</span> <span class='ocrx_word' id='word_1_792' title='bbox 671 5479 951 5570; x_wconf 67' lang='grc' dir='ltr'>γινόμεθα,</span> <span class='ocrx_word' id='word_1_793' title='bbox 975 5479 1206 5558; x_wconf 62' lang='grc' dir='ltr'>ὃτάνδιὰ</span> <span class='ocrx_word' id='word_1_794' title='bbox 1229 5505 1328 5574; x_wconf 84' lang='grc' dir='ltr'>τῆς</span> <span class='ocrx_word' id='word_1_795' title='bbox 1350 5479 1571 5574; x_wconf 67' lang='grc' dir='ltr'>ἁγαθῆς</span> <span class='ocrx_word' id='word_1_796' title='bbox 1588 5479 1842 5576; x_wconf 76' lang='grc' dir='ltr'>προαιρέ-</span> 
     </span>
    </p>
   </div>
   <div class='ocr_carea' id='block_1_104' title="bbox 279 5590 1841 5675">
    <p class='ocr_par' dir='ltr' id='par_1_104' title="bbox 279 5590 1841 5675">
     <span class='ocr_line' id='line_1_104' title="bbox 279 5590 1841 5675; baseline 0.001 -29"><span class='ocrx_word' id='word_1_797' title='bbox 279 5607 415 5654; x_wconf 81' lang='grc' dir='ltr'>σεως</span> <span class='ocrx_word' id='word_1_798' title='bbox 453 5590 651 5675; x_wconf 72' lang='grc' dir='ltr'>αὐτοὺς</span> <span class='ocrx_word' id='word_1_799' title='bbox 688 5590 978 5661; x_wconf 80' lang='grc' dir='ltr'>πλάσωμέν</span> <span class='ocrx_word' id='word_1_800' title='bbox 1008 5610 1063 5645; x_wconf 82' lang='grc' dir='ltr'><strong>τε</strong></span> <span class='ocrx_word' id='word_1_801' title='bbox 1107 5596 1195 5647; x_wconf 66' lang='grc' dir='ltr'>καὶ</span> <span class='ocrx_word' id='word_1_802' title='bbox 1229 5596 1596 5664; x_wconf 77' lang='grc' dir='ltr'>γεννήσωμεν,</span> <span class='ocrx_word' id='word_1_803' title='bbox 1639 5596 1728 5648; x_wconf 69' lang='grc' dir='ltr'>καὶ</span> <span class='ocrx_word' id='word_1_804' title='bbox 1763 5598 1841 5657; x_wconf 80' lang='grc' dir='ltr'><strong>είς</strong></span> 
     </span>
    </p>
   </div>
   <div class='ocr_carea' id='block_1_105' title="bbox 1941 4406 3508 4478">
    <p class='ocr_par' dir='ltr' id='par_1_105' title="bbox 1941 4406 3508 4478">
     <span class='ocr_line' id='line_1_105' title="bbox 1941 4406 3508 4478; baseline -0.006 -9"><span class='ocrx_word' id='word_1_805' title='bbox 1941 4422 2122 4470; x_wconf 86' lang='lat' dir='ltr'><strong>autem</strong></span> <span class='ocrx_word' id='word_1_806' title='bbox 2176 4427 2376 4469; x_wconf 85' lang='lat' dir='ltr'><strong>rursus</strong></span> <span class='ocrx_word' id='word_1_807' title='bbox 2424 4410 2820 4467; x_wconf 72' lang='lat' dir='ltr'><strong>examinemus.</strong></span> <span class='ocrx_word' id='word_1_808' title='bbox 2868 4406 3108 4478; x_wconf 85' lang='lat' dir='ltr'><strong>Tempus</strong></span> <span class='ocrx_word' id='word_1_809' title='bbox 3157 4413 3263 4472; x_wconf 90' lang='lat' dir='ltr'><strong>est,</strong></span> <span class='ocrx_word' id='word_1_810' title='bbox 3311 4407 3508 4477; x_wconf 78' lang='lat' dir='ltr'><strong>inquit,</strong></span> 
     </span>
    </p>
   </div>
   <div class='ocr_carea' id='block_1_106' title="bbox 1941 4499 3511 4577">
    <p class='ocr_par' dir='ltr' id='par_1_106' title="bbox 1941 4499 3511 4577">
     <span class='ocr_line' id='line_1_106' title="bbox 1941 4499 3511 4577; baseline -0.005 -17"><span class='ocrx_word' id='word_1_811' title='bbox 1941 4504 2213 4577; x_wconf 80' lang='lat' dir='ltr'><strong>pariendi,</strong></span> <span class='ocrx_word' id='word_1_812' title='bbox 2244 4513 2301 4559; x_wconf 91' lang='lat' dir='ltr'><strong>et</strong></span> <span class='ocrx_word' id='word_1_813' title='bbox 2324 4512 2543 4573; x_wconf 83' lang='lat' dir='ltr'><strong>tempus</strong></span> <span class='ocrx_word' id='word_1_814' title='bbox 2565 4500 2854 4555; x_wconf 85' lang='lat' dir='ltr'><strong>moriendi.</strong></span> <span class='ocrx_word' id='word_1_815' title='bbox 2888 4500 3107 4555; x_wconf 85' lang='lat' dir='ltr'><strong>Utinam</strong></span> <span class='ocrx_word' id='word_1_816' title='bbox 3136 4499 3269 4553; x_wconf 80' lang='lat' dir='ltr'><strong>mihi</strong></span> <span class='ocrx_word' id='word_1_817' title='bbox 3295 4512 3511 4568; x_wconf 83' lang='lat' dir='ltr'><strong>quoque</strong></span> 
     </span>
    </p>
   </div>
   <div class='ocr_carea' id='block_1_107' title="bbox 1943 4589 3506 4664">
    <p class='ocr_par' dir='ltr' id='par_1_107' title="bbox 1943 4589 3506 4664">
     <span class='ocr_line' id='line_1_107' title="bbox 1943 4589 3506 4664; baseline -0.006 -13"><span class='ocrx_word' id='word_1_818' title='bbox 1943 4597 2127 4663; x_wconf 84' lang='lat' dir='ltr'><strong>detur,</strong></span> <span class='ocrx_word' id='word_1_819' title='bbox 2154 4604 2215 4650; x_wconf 90' lang='lat' dir='ltr'><strong>ut</strong></span> <span class='ocrx_word' id='word_1_820' title='bbox 2243 4596 2299 4650; x_wconf 70' lang='lat' dir='ltr'><strong>in</strong></span> <span class='ocrx_word' id='word_1_821' title='bbox 2338 4602 2584 4664; x_wconf 84' lang='lat' dir='ltr'><strong>tempore</strong></span> <span class='ocrx_word' id='word_1_822' title='bbox 2611 4605 2827 4656; x_wconf 89' lang='lat' dir='ltr'><strong>nascar,</strong></span> <span class='ocrx_word' id='word_1_823' title='bbox 2863 4598 2919 4647; x_wconf 91' lang='lat' dir='ltr'><strong>et</strong></span> <span class='ocrx_word' id='word_1_824' title='bbox 2951 4598 3256 4662; x_wconf 77' lang='lat' dir='ltr'><strong>Opportune</strong></span> <span class='ocrx_word' id='word_1_825' title='bbox 3284 4589 3506 4652; x_wconf 73' lang='lat' dir='ltr'><strong>moriar!</strong></span> 
     </span>
    </p>
   </div>
   <div class='ocr_carea' id='block_1_108' title="bbox 1946 4681 3508 4750">
    <p class='ocr_par' dir='ltr' id='par_1_108' title="bbox 1946 4681 3508 4750">
     <span class='ocr_line' id='line_1_108' title="bbox 1946 4681 3508 4750; baseline -0.006 -9"><span class='ocrx_word' id='word_1_826' title='bbox 1946 4685 2117 4741; x_wconf 75' lang='lat' dir='ltr'><strong>Nemo</strong></span> <span class='ocrx_word' id='word_1_827' title='bbox 2142 4684 2288 4741; x_wconf 86' lang='lat' dir='ltr'><strong>enim</strong></span> <span class='ocrx_word' id='word_1_828' title='bbox 2314 4684 2513 4738; x_wconf 79' lang='lat' dir='ltr'><strong>dixerit</strong></span> <span class='ocrx_word' id='word_1_829' title='bbox 2546 4682 2973 4737; x_wconf 85' lang='lat' dir='ltr'><strong>involuntariam</strong></span> <span class='ocrx_word' id='word_1_830' title='bbox 2998 4683 3140 4735; x_wconf 87' lang='lat' dir='ltr'><strong>hanc</strong></span> <span class='ocrx_word' id='word_1_831' title='bbox 3177 4681 3508 4750; x_wconf 79' lang='lat' dir='ltr'><strong>partionem,</strong></span> 
     </span>
    </p>
   </div>
   <div class='ocr_carea' id='block_1_109' title="bbox 1942 4766 3509 4844">
    <p class='ocr_par' dir='ltr' id='par_1_109' title="bbox 1942 4766 3509 4844">
     <span class='ocr_line' id='line_1_109' title="bbox 1942 4766 3509 4844; baseline -0.007 -15"><span class='ocrx_word' id='word_1_832' title='bbox 1942 4782 1997 4830; x_wconf 86' lang='lat' dir='ltr'><strong>et</strong></span> <span class='ocrx_word' id='word_1_833' title='bbox 2029 4781 2385 4844; x_wconf 82' lang='lat' dir='ltr'><strong>spontaneam</strong></span> <span class='ocrx_word' id='word_1_834' title='bbox 2432 4778 2663 4825; x_wconf 88' lang='lat' dir='ltr'><strong>mortem</strong></span> <span class='ocrx_word' id='word_1_835' title='bbox 2696 4780 2842 4823; x_wconf 84' lang='lat' dir='ltr'><strong>nunc</strong></span> <span class='ocrx_word' id='word_1_836' title='bbox 2871 4770 3089 4824; x_wconf 82' lang='lat' dir='ltr'><strong>ostendi</strong></span> <span class='ocrx_word' id='word_1_837' title='bbox 3132 4769 3201 4821; x_wconf 84' lang='lat' dir='ltr'><strong>ab</strong></span> <span class='ocrx_word' id='word_1_838' title='bbox 3233 4766 3509 4821; x_wconf 82' lang='lat' dir='ltr'><strong>Ecclesia-</strong></span> 
     </span>
    </p>
   </div>
   <div class='ocr_carea' id='block_1_110' title="bbox 1942 4856 3513 4934">
    <p class='ocr_par' dir='ltr' id='par_1_110' title="bbox 1942 4856 3513 4934">
     <span class='ocr_line' id='line_1_110' title="bbox 1942 4856 3513 4934; baseline -0.006 -14"><span class='ocrx_word' id='word_1_839' title='bbox 1942 4873 2046 4929; x_wconf 88' lang='lat' dir='ltr'><strong>ste,</strong></span> <span class='ocrx_word' id='word_1_840' title='bbox 2077 4873 2338 4934; x_wconf 84' lang='lat' dir='ltr'><strong>tanquam</strong></span> <span class='ocrx_word' id='word_1_841' title='bbox 2368 4877 2436 4917; x_wconf 78' lang='lat' dir='ltr'><strong>ex</strong></span> <span class='ocrx_word' id='word_1_842' title='bbox 2463 4875 2530 4916; x_wconf 90' lang='lat' dir='ltr'><strong>eo</strong></span> <span class='ocrx_word' id='word_1_843' title='bbox 2563 4860 2637 4915; x_wconf 87' lang='lat' dir='ltr'><strong>sit</strong></span> <span class='ocrx_word' id='word_1_844' title='bbox 2669 4867 2827 4915; x_wconf 83' lang='lat' dir='ltr'><strong>recta</strong></span> <span class='ocrx_word' id='word_1_845' title='bbox 2865 4859 3086 4913; x_wconf 82' lang='lat' dir='ltr'><strong>virtutis</strong></span> <span class='ocrx_word' id='word_1_846' title='bbox 3125 4859 3287 4911; x_wconf 83' lang='lat' dir='ltr'><strong>actio.</strong></span> <span class='ocrx_word' id='word_1_847' title='bbox 3324 4856 3513 4927; x_wconf 79' lang='lat' dir='ltr'><strong>Neque</strong></span> 
     </span>
    </p>
   </div>
   <div class='ocr_carea' id='block_1_111' title="bbox 1942 4948 3509 5025">
    <p class='ocr_par' dir='ltr' id='par_1_111' title="bbox 1942 4948 3509 5025">
     <span class='ocr_line' id='line_1_111' title="bbox 1942 4948 3509 5025; baseline -0.005 -14"><span class='ocrx_word' id='word_1_848' title='bbox 1942 4956 2088 5011; x_wconf 91' lang='lat' dir='ltr'><strong>enim</strong></span> <span class='ocrx_word' id='word_1_849' title='bbox 2115 4962 2340 5025; x_wconf 87' lang='lat' dir='ltr'><strong>propter</strong></span> <span class='ocrx_word' id='word_1_850' title='bbox 2367 4952 2619 5007; x_wconf 85' lang='lat' dir='ltr'><strong>mulieris</strong></span> <span class='ocrx_word' id='word_1_851' title='bbox 2648 4952 2985 5007; x_wconf 87' lang='lat' dir='ltr'><strong>voluntatem</strong></span> <span class='ocrx_word' id='word_1_852' title='bbox 3028 4948 3244 5003; x_wconf 77' lang='lat' dir='ltr'><strong>exsistit</strong></span> <span class='ocrx_word' id='word_1_853' title='bbox 3275 4959 3467 5017; x_wconf 84' lang='lat' dir='ltr'><strong>partus</strong></span> <span class='ocrx_word' id='word_1_854' title='bbox 3493 4966 3509 5003; x_wconf 89' lang='lat'><strong>:</strong></span> 
     </span>
    </p>
   </div>
   <div class='ocr_carea' id='block_1_112' title="bbox 1944 5038 3506 5116">
    <p class='ocr_par' dir='ltr' id='par_1_112' title="bbox 1944 5038 3506 5116">
     <span class='ocr_line' id='line_1_112' title="bbox 1944 5038 3506 5116; baseline -0.004 -16"><span class='ocrx_word' id='word_1_855' title='bbox 1944 5060 2123 5116; x_wconf 86' lang='lat' dir='ltr'><strong>neque</strong></span> <span class='ocrx_word' id='word_1_856' title='bbox 2172 5058 2324 5100; x_wconf 81' lang='lat' dir='ltr'><strong>mors</strong></span> <span class='ocrx_word' id='word_1_857' title='bbox 2367 5051 2453 5098; x_wconf 88' lang='lat' dir='ltr'><strong>est</strong></span> <span class='ocrx_word' id='word_1_858' title='bbox 2497 5045 2555 5096; x_wconf 80' lang='lat' dir='ltr'><strong>in</strong></span> <span class='ocrx_word' id='word_1_859' title='bbox 2607 5041 2984 5098; x_wconf 89' lang='lat' dir='ltr'><strong>decedentinm</strong></span> <span class='ocrx_word' id='word_1_860' title='bbox 3040 5039 3211 5092; x_wconf 88' lang='lat' dir='ltr'><strong>libero</strong></span> <span class='ocrx_word' id='word_1_861' title='bbox 3259 5038 3506 5094; x_wconf 80' lang='lat' dir='ltr'><strong>arbitrio.</strong></span> 
     </span>
    </p>
   </div>
   <div class='ocr_carea' id='block_1_113' title="bbox 1946 5134 3512 5203">
    <p class='ocr_par' dir='ltr' id='par_1_113' title="bbox 1946 5134 3512 5203">
     <span class='ocr_line' id='line_1_113' title="bbox 1946 5134 3512 5203; baseline -0.005 -11"><span class='ocrx_word' id='word_1_862' title='bbox 1946 5136 2105 5203; x_wconf 84' lang='lat' dir='ltr'><strong>Quod</strong></span> <span class='ocrx_word' id='word_1_863' title='bbox 2145 5145 2325 5191; x_wconf 87' lang='lat' dir='ltr'><strong>autem</strong></span> <span class='ocrx_word' id='word_1_864' title='bbox 2378 5148 2489 5189; x_wconf 89' lang='lat' dir='ltr'><strong>non</strong></span> <span class='ocrx_word' id='word_1_865' title='bbox 2537 5141 2622 5189; x_wconf 90' lang='lat' dir='ltr'><strong>est</strong></span> <span class='ocrx_word' id='word_1_866' title='bbox 2655 5134 2711 5188; x_wconf 88' lang='lat' dir='ltr'><strong>in</strong></span> <span class='ocrx_word' id='word_1_867' title='bbox 2761 5140 2948 5186; x_wconf 90' lang='lat' dir='ltr'><strong>nostra</strong></span> <span class='ocrx_word' id='word_1_868' title='bbox 2997 5137 3283 5201; x_wconf 80' lang='lat' dir='ltr'><strong>petestate,</strong></span> <span class='ocrx_word' id='word_1_869' title='bbox 3336 5144 3512 5197; x_wconf 88' lang='lat' dir='ltr'><strong>neque</strong></span> 
     </span>
    </p>
   </div>
   <div class='ocr_carea' id='block_1_114' title="bbox 1947 5218 3512 5294">
    <p class='ocr_par' dir='ltr' id='par_1_114' title="bbox 1947 5218 3512 5294">
     <span class='ocr_line' id='line_1_114' title="bbox 1947 5218 3512 5294; baseline -0.004 -14"><span class='ocrx_word' id='word_1_870' title='bbox 1947 5226 2211 5281; x_wconf 84' lang='lat' dir='ltr'><strong>virtutem</strong></span> <span class='ocrx_word' id='word_1_871' title='bbox 2252 5237 2431 5294; x_wconf 89' lang='lat' dir='ltr'><strong>neque</strong></span> <span class='ocrx_word' id='word_1_872' title='bbox 2470 5223 2661 5277; x_wconf 85' lang='lat' dir='ltr'><strong>vitium</strong></span> <span class='ocrx_word' id='word_1_873' title='bbox 2696 5223 2988 5291; x_wconf 87' lang='lat' dir='ltr'><strong>quisquam</strong></span> <span class='ocrx_word' id='word_1_874' title='bbox 3021 5219 3313 5275; x_wconf 86' lang='lat' dir='ltr'><strong>definierit.</strong></span> <span class='ocrx_word' id='word_1_875' title='bbox 3348 5218 3512 5274; x_wconf 73' lang='lat' dir='ltr'><strong>Intel-</strong></span> 
     </span>
    </p>
   </div>
   <div class='ocr_carea' id='block_1_115' title="bbox 1949 5312 3552 5387">
    <p class='ocr_par' dir='ltr' id='par_1_115' title="bbox 1949 5312 3552 5387">
     <span class='ocr_line' id='line_1_115' title="bbox 1949 5312 3552 5387; baseline -0.003 -13"><span class='ocrx_word' id='word_1_876' title='bbox 1949 5319 2121 5387; x_wconf 74' lang='lat' dir='ltr'><strong>ligere</strong></span> <span class='ocrx_word' id='word_1_877' title='bbox 2154 5326 2286 5386; x_wconf 89' lang='lat' dir='ltr'><strong>ergo</strong></span> <span class='ocrx_word' id='word_1_878' title='bbox 2330 5320 2544 5383; x_wconf 82' lang='lat' dir='ltr'><strong>oportet</strong></span> <span class='ocrx_word' id='word_1_879' title='bbox 2573 5321 2793 5383; x_wconf 87' lang='lat' dir='ltr'><strong>partum</strong></span> <span class='ocrx_word' id='word_1_880' title='bbox 2840 5312 3245 5383; x_wconf 85' lang='lat' dir='ltr'><strong>tempestivum,</strong></span> <span class='ocrx_word' id='word_1_881' title='bbox 3276 5320 3330 5366; x_wconf 92' lang='lat' dir='ltr'><strong>et</strong></span> <span class='ocrx_word' id='word_1_882' title='bbox 3363 5326 3510 5366; x_wconf 87' lang='lat' dir='ltr'><strong>mor-</strong></span> <span class='ocrx_word' id='word_1_883' title='bbox 3544 5362 3552 5369; x_wconf 94' lang='lat'><strong><em>.</em></strong></span> 
     </span>
    </p>
   </div>
   <div class='ocr_carea' id='block_1_116' title="bbox 1945 5403 3508 5480">
    <p class='ocr_par' dir='ltr' id='par_1_116' title="bbox 1945 5403 3508 5480">
     <span class='ocr_line' id='line_1_116' title="bbox 1945 5403 3508 5480; baseline -0.004 -16"><span class='ocrx_word' id='word_1_884' title='bbox 1945 5418 2055 5466; x_wconf 87' lang='lat' dir='ltr'><strong>tem</strong></span> <span class='ocrx_word' id='word_1_885' title='bbox 2083 5423 2204 5480; x_wconf 67' lang='lat' dir='ltr'><strong>quae</strong></span> <span class='ocrx_word' id='word_1_886' title='bbox 2244 5412 2331 5462; x_wconf 89' lang='lat' dir='ltr'><strong>est</strong></span> <span class='ocrx_word' id='word_1_887' title='bbox 2383 5406 2440 5459; x_wconf 89' lang='lat' dir='ltr'><strong>in</strong></span> <span class='ocrx_word' id='word_1_888' title='bbox 2487 5414 2752 5474; x_wconf 90' lang='lat' dir='ltr'><strong>tempore.</strong></span> <span class='ocrx_word' id='word_1_889' title='bbox 2805 5403 2937 5458; x_wconf 83' lang='lat' dir='ltr'><strong>Mihi</strong></span> <span class='ocrx_word' id='word_1_890' title='bbox 2992 5403 3210 5459; x_wconf 88' lang='lat' dir='ltr'><strong>videtur</strong></span> <span class='ocrx_word' id='word_1_891' title='bbox 3260 5411 3508 5459; x_wconf 87' lang='lat' dir='ltr'><strong>maturus</strong></span> 
     </span>
    </p>
   </div>
   <div class='ocr_carea' id='block_1_117' title="bbox 1947 5494 3507 5571">
    <p class='ocr_par' dir='ltr' id='par_1_117' title="bbox 1947 5494 3507 5571">
     <span class='ocr_line' id='line_1_117' title="bbox 1947 5494 3507 5571; baseline -0.007 -13"><span class='ocrx_word' id='word_1_892' title='bbox 1947 5516 2070 5558; x_wconf 88' lang='lat' dir='ltr'><strong>esse</strong></span> <span class='ocrx_word' id='word_1_893' title='bbox 2105 5507 2294 5571; x_wconf 87' lang='lat' dir='ltr'><strong>partus</strong></span> <span class='ocrx_word' id='word_1_894' title='bbox 2351 5506 2405 5554; x_wconf 86' lang='lat' dir='ltr'><strong>et</strong></span> <span class='ocrx_word' id='word_1_895' title='bbox 2455 5512 2563 5552; x_wconf 90' lang='lat' dir='ltr'><strong>non</strong></span> <span class='ocrx_word' id='word_1_896' title='bbox 2611 5497 2915 5565; x_wconf 86' lang='lat' dir='ltr'><strong>abortivus,</strong></span> <span class='ocrx_word' id='word_1_897' title='bbox 2967 5496 3205 5569; x_wconf 90' lang='lat' dir='ltr'><strong>quando,</strong></span> <span class='ocrx_word' id='word_1_898' title='bbox 3259 5505 3317 5551; x_wconf 91' lang='lat' dir='ltr'><strong>ut</strong></span> <span class='ocrx_word' id='word_1_899' title='bbox 3373 5494 3507 5550; x_wconf 87' lang='lat' dir='ltr'><strong>dicit</strong></span> 
     </span>
    </p>
   </div>
   <div class='ocr_carea' id='block_1_118' title="bbox 1950 5586 3523 5662">
    <p class='ocr_par' dir='ltr' id='par_1_118' title="bbox 1950 5586 3523 5662">
     <span class='ocr_line' id='line_1_118' title="bbox 1950 5586 3523 5662; baseline -0.007 -14"><span class='ocrx_word' id='word_1_900' title='bbox 1950 5593 2163 5661; x_wconf 86' lang='lat' dir='ltr'><strong>Esaias,</strong></span> <span class='ocrx_word' id='word_1_901' title='bbox 2213 5608 2336 5647; x_wconf 86' lang='lat' dir='ltr'><strong>cum</strong></span> <span class='ocrx_word' id='word_1_902' title='bbox 2388 5591 2658 5662; x_wconf 85' lang='lat' dir='ltr'><strong>quispiam</strong></span> <span class='ocrx_word' id='word_1_903' title='bbox 2691 5605 2755 5646; x_wconf 74' lang='lat' dir='ltr'><strong>ex</strong></span> <span class='ocrx_word' id='word_1_904' title='bbox 2802 5589 2898 5647; x_wconf 86' lang='lat' dir='ltr'><strong>Dei</strong></span> <span class='ocrx_word' id='word_1_905' title='bbox 2942 5591 3135 5648; x_wconf 86' lang='lat' dir='ltr'><strong>timore</strong></span> <span class='ocrx_word' id='word_1_906' title='bbox 3176 5586 3523 5662; x_wconf 38' lang='lat' dir='ltr'><strong>conceperit,</strong></span> 
     </span>
    </p>
   </div>
   <div class='ocr_carea' id='block_1_119' title="bbox 3472 5798 3535 5829">
    <p class='ocr_par' dir='ltr' id='par_1_119' title="bbox 3472 5798 3535 5829">
     <span class='ocr_line' id='line_1_119' title="bbox 3472 5798 3535 5829; baseline 0 -6"><span class='ocrx_word' id='word_1_907' title='bbox 3472 5826 3479 5829; x_wconf 33' lang='grc' dir='ltr'><strong><em>γ</em></strong></span> <span class='ocrx_word' id='word_1_908' title='bbox 3498 5798 3535 5823; x_wconf 69' lang='lat' dir='ltr'><strong>r‘</strong></span> 
     </span>
    </p>
   </div>
  </div>
