3766 5986
266 125 370 178 703

1505 123 1560 179 S.
1602 125 1929 184 GREGORII
1969 125 2262 182 NYSSENI

3411 125 3532 183 70‘

265 254 364 309 per
394 236 591 290 animae
623 236 677 290 in
716 244 876 306 partu
924 236 1144 292 labores
1173 251 1330 292 suam
1369 237 1601 293 salutem
1635 257 1835 309 genue-

1955 242 2054 308 ρῶς
2085 241 2506 312 προαγάγωμεν.
2554 239 2725 294 Τοῦτο
2763 241 2820 295 δὲ
2857 240 3118 310 ποιοῦμεν
3138 280 3150 304 ,
3181 239 3270 293 διὰ
3302 239 3399 292 τοῦ
3429 242 3534 293 δὲ-

265 331 356 383 rit.
391 327 564 382 Nobis
593 329 737 381 enim
792 328 928 396 ipsis
965 328 1371 396 quodammodo
1399 341 1582 400 patres
1624 346 1836 396 sumus,

265 417 487 488 quando
523 433 620 486 per
661 417 864 470 bonum
911 417 1080 470 animi
1117 418 1450 484 institutum,
1499 421 1840 490 liberumque

268 509 558 580 arbitrium
591 523 693 562 nos
731 507 878 577 ipsos
909 504 1330 564 formaverilnus
1368 518 1422 564 et
1466 512 1838 580 genuerimus,

267 613 322 655 et
354 600 409 653 in
455 600 632 653 lucem
672 597 1028 652 ediderinms.
1054 595 1167 652 Hoc
1193 608 1374 653 autem
1402 599 1629 654 facimus
1657 615 1722 655 ex
1752 615 1838 666 eo,

269 691 414 760 quod
459 689 626 744 Deum
680 689 737 743 in
783 703 884 743 nos
915 689 1065 758 ipsos
1113 689 1691 752 admittamus,eﬁ‘ecti
1743 690 1839 744 ﬁlii

272 783 368 838 Dei
406 790 459 837 et
491 781 587 835 ﬁlii
623 781 866 844 virtutis,
907 787 962 835 et
1009 780 1106 834 lilii
1140 780 1430 836 Altissimi.
1461 783 1527 836 Et
1565 797 1665 836 nos
1691 782 1840 852 ipsos

274 894 465 934 rursus
511 878 792 932 abortivos
846 877 1085 942 edimus,
1131 892 1346 947 nosque
1396 876 1744 948 imperfectos
1787 884 1841 932 et

271 972 674 1025 subventaneos
697 968 998 1032 reddimus,
1026 970 1250 1039 quando
1266 985 1376 1024 non
1402 971 1566 1025 fuerit
1594 971 1646 1024 in
1676 970 1840 1031 nobis

274 1063 673 1123 formata,sicut
695 1062 773 1114 ait
798 1061 1356 1130 Apostolus,¢Christi
1385 1060 1841 1131 forma.:0portet

267 1154 415 1207 enim
443 1153 713 1220 integrum
745 1161 798 1204 et
823 1151 1115 1219 perfectum
1136 1168 1258 1206 esse
1273 1153 1547 1208 hominem
1566 1153 1680 1208 Dei.
1705 1153 1842 1208 Inte-

156 1245 176 1266 ‘
271 1257 364 1310 ger
385 1251 564 1294 autem
597 1241 688 1293 ille
712 1242 934 1295 omnino
956 1251 1061 1305 est,
1082 1243 1422 1312 cuiperl‘ecta
1453 1251 1662 1298 natura:
1692 1258 1841 1297 como

274 1333 417 1398 pleta
449 1329 548 1382 fuit
579 1331 738 1384 ratio.
777 1330 833 1384 Si
865 1333 987 1399 quis
1021 1347 1153 1401 ergo
1183 1349 1280 1402 per
1307 1334 1565 1387 virtutem
1599 1335 1840 1403 seipsum

273 1420 366 1473 Dei
406 1419 572 1473 ﬁlium
606 1419 820 1482 fecerit,
848 1423 1098 1489 praeclari
1127 1424 1288 1492 hujus
1313 1432 1468 1478 ortus
1499 1432 1719 1493 accepta
1744 1438 1841 1493 po-

274 1515 491 1574 testate,
540 1509 588 1562 is
636 1509 788 1562 novit
824 1517 1038 1578 tempus
1084 1511 1214 1564 boni
1265 1519 1478 1580 partus,
1535 1519 1589 1566 et
1645 1513 1839 1566 merito

1941 331 2131 398 ξασθαι
2167 335 2223 386 ἐν
2261 333 2476 395 ἑαυτοῖς
2507 332 2601 385 τὸν
2636 332 2789 396 Θεὸν,
2828 331 2994 384 τέκνα
3039 330 3194 395 Θεοῦ,
3225 332 3322 384 καὶ
3352 331 3534 383 τέκνα

1937 421 2238 491 δυνάμεως,
2273 421 2371 474 καὶ
2403 421 2509 474 υίοὶ
2566 421 2821 490 Ὑψίστου
2860 421 3160 488 γενόμενοι.
3208 420 3320 474 Καὶ
3354 421 3534 474 πάλιν

1938 511 2163 574 ἑαυτοὺς
2206 511 2613 582 ἀμϐλίσκομεν,
2662 512 2757 564 καὶ
2801 512 3265 582 ἁτελεσφορήτους
3307 527 3368 564 τε
3422 512 3535 565 καὶ

1938 601 2270 672 ὑπηνεμίους
2323 600 2785 673 ἅπεργαζόμεθα,
2837 602 2965 654 ὅταν
3015 601 3089 672 μὴ
3147 601 3413 673 μορφωθῇ
3462 602 3534 653 ἐν

1937 693 2101 760 ἡμῖν,
2139 690 2318 754 καθώς
2353 707 2520 760 φησιν
2559 695 2588 744 6
2648 691 2994 756 Ἀπόστολος,
3040 711 3058 743 ι
3083 695 3116 762 ἡ
3149 691 3244 743 τοῦ
3278 689 3531 760 Χριστοῦ
3637 735 3640 738 .

1941 781 2142 851 μορφή.
2167 799 2184 833 ι
2228 783 2321 832 Δεῖ
2347 781 2454 851 γὰρ
2485 778 2644 840 εἶναι,
2690 782 2875 853 φησὶν,
2914 782 3100 853 ἄρτιον
3137 783 3228 834 τὸν
3258 781 3354 834 τοῦ
3379 782 3532 858 Θεοῦ

1938 869 2237 940 ἄνθρωπον.
2316 873 2537 943 ΙἈρτιος
2590 872 2646 925 δὲ
2697 872 2914 936 πάντως
2980 873 3188 936 ἐκεῖνός
3238 875 3421 941 ἐστιν,
3465 870 3531 942 ΐρ

1937 959 2156 1024 τελείως
2181 961 2209 1012 6
2237 962 2335 1031 τῆς
2363 961 2578 1030 φύσεως
2603 962 3069 1032 συμτίεπλὴρωται
3094 962 3268 1030 λόγος.
3307 964 3531 1016 Οὐκοῦν

1939 1050 1986 1101 εί
2029 1051 2126 1119 μέν
2161 1069 2246 1114 τις
2287 1052 2353 1104 δι’
2386 1053 2590 1122 ἀρετῆς
2627 1053 2817 1107 τέκνον
2862 1053 2997 1106 Θεοῦ
3031 1053 3220 1106 ἑαυτὸν
3249 1055 3529 1125 ἐποίησε,

1938 1139 2118 1193 λαϐὼν
2152 1141 2399 1205 ἐξουσίαν
2423 1144 2525 1213 τῆς
2550 1144 2825 1213 εὐγενείας
2841 1143 3061 1214 ταύτης,
3088 1129 3405 1212 ἐγνωλοῦτος
3431 1147 3531 1199 τὸν

1938 1231 2126 1302 καιρὸν
2148 1233 2245 1300 τῆς
2283 1233 2491 1304 ἀγαθῆς
2516 1234 2721 1298 ὠδῖνος,
2743 1234 2837 1287 καὶ
2859 1235 3059 1306 χαίρει,
3087 1235 3228 1288 κατὰ
3253 1236 3317 1288 τὸ
3341 1237 3531 1303 Εὐαγο

1937 1321 2144 1389 γέλιον,
2183 1323 2444 1389 εἰκότως,
2496 1326 2576 1378 ὄτι
2629 1325 2890 1396 ἐγεννήθη
2950 1325 3232 1397 ἄνθρωπος
3284 1328 3365 1390 είς
3430 1329 3530 1379 τὸν

1939 1411 2160 1481 κόσμον.
2230 1413 2287 1465 '0
2341 1413 2400 1465 δὲ
2450 1413 2740 1482 γενόμενος
2788 1413 2975 1467 τέκνον
3022 1416 3226 1486 ὀργῆς,
3268 1419 3365 1469 καὶ
3407 1416 3531 1478 υἱὸς

1939 1503 2234 1566 ἀπωλείας,
2292 1506 2385 1557 καὶ
2430 1505 2654 1568 σκότους
2692 1505 2939 1574 ἔκγονος,
2991 1507 3234 1578 γέννημα
3280 1508 3528 1578 ἐχίδνης,

273 1599 474 1668 gaudet
501 1597 884 1666 convenienter
913 1596 1225 1670 Evangelia,
1260 1601 1406 1670 quod
1447 1609 1610 1656 natus
1641 1603 1712 1655 sit
1751 1602 1842 1654 ho-

1955 1592 2159 1660 ἔκγονον
2189 1594 2374 1660 κακὸν,
2411 1595 2506 1647 καὶ
2537 1596 2605 1648 τὰ
2642 1595 2774 1650 ἄλλα
2806 1600 2980 1652 πάντα
3016 1600 3084 1652 δι’
3119 1593 3192 1653 ὦν
3223 1603 3250 1653 6
3281 1602 3530 1672 πονηρὸς

275 1705 364 1742 ιιιο
410 1690 466 1743 in
501 1690 726 1743 mundo.
776 1690 880 1754 Qui
922 1701 1104 1744 autem
1137 1700 1299 1745 natus
1335 1701 1419 1745 est
1463 1691 1607 1746 ﬁlius
1639 1693 1752 1758 iraa,
1788 1700 1841 1746 et

274 1781 418 1836 ﬁlius
453 1781 796 1851 perditionis,
835 1791 889 1836 et
920 1782 1064 1838 fetus
1094 1783 1469 1847 tenebrarum,
1511 1799 1730 1851 germen
1762 1783 1842 1836 vi-

272 1887 438 1940 perae,
470 1873 649 1928 malus
699 1872 864 1939 fetus,
909 1882 964 1929 et
1011 1875 1118 1927 alia
1166 1875 1372 1935 omnia,
1422 1875 1622 1943 quibus
1668 1875 1844 1928 malus

275 1963 415 2018 male
439 1964 589 2018 audit
624 1973 836 2032 partus,
889 1964 936 2019 is
977 1979 1086 2018 non
1117 1964 1272 2017 novit
1317 1972 1531 2034 tempus
1567 1963 1712 2034 quod
1756 1964 1841 2035 gi-

274 2055 390 2122 gnit
439 2055 659 2109 vitalia:
713 2062 798 2110 est
843 2056 990 2110 enim
1043 2071 1210 2109 unum
1245 2064 1462 2125 tempus
1507 2057 1727 2125 pariens
1773 2056 1842 2111 ad

271 2146 462 2211 vitam,
487 2154 540 2200 et
580 2162 688 2200 non
726 2147 903 2215 plura.
942 2147 1047 2212 Qui
1089 2161 1222 2216 ergo
1255 2153 1478 2215 propter
1517 2148 1844 2218 importuni-

274 2244 439 2290 tatem
469 2244 684 2305 partum
723 2253 834 2291 non
861 2245 945 2292 est
977 2244 1283 2300 assecutus,
1313 2239 1550 2307 sei-psum
1591 2239 1845 2307 parturiit

273 2327 546 2392 iutcritui,
577 2335 631 2382 et
661 2328 730 2383 ad
763 2338 993 2382 mortem
1025 2343 1139 2381 suae
1172 2336 1257 2382 est
1285 2329 1481 2382 anima:
1515 2330 1846 2383 obstetrica-

273 2425 383 2471 tus.
420 2417 476 2471 Si
512 2426 596 2472 est
623 2429 804 2474 autem
847 2418 1195 2487 perspicuum
1247 2417 1706 2486 quemadmodum
1747 2433 1845 2472 na-

272 2509 476 2561 scimur
499 2509 551 2560 in
578 2520 842 2577 tempore,
874 2508 1221 2576 perspicuum
1241 2521 1458 2576 quoque
1481 2517 1566 2562 est
1591 2508 1844 2562 omnibus

272 2598 726 2668 quemadmodum
748 2600 1015 2652 morimur
1041 2599 1097 2650 in
1115 2597 1844 2666 tempore,quemadmodnm

273 2697 464 2743 sancto
492 2688 662 2743 Paulo
695 2691 762 2742 ad
800 2689 997 2743 bonam
1034 2694 1264 2741 mortem
1296 2702 1458 2741 omne
1488 2697 1699 2756 tempus
1729 2693 1846 2741 erat

1944 1681 2282 1737 διαϐάλλεται
2306 1686 2482 1749 τόκος,
2505 1687 2606 1739 ούκ
2633 1687 2772 1755 ἔγνω
2793 1688 2881 1740 τὸν
2909 1689 3274 1757 ζωογονοῦντα
3301 1693 3522 1762 καιρόν·

1941 1769 2020 1836 εἷς
2051 1774 2159 1845 γὰρ
2196 1776 2386 1846 καιρὸς
2409 1775 2608 1830 τίκτων
2641 1781 2722 1841 είς
2744 1779 2909 1851 ζωὴν,
2945 1781 3040 1833 καὶ
3067 1783 3126 1834 ού
3155 1765 3356 1836 πολλοί.
3386 1779 3468 1838 Οῦ
3495 1786 3530 1836 6

1941 1864 2254 1935 διαμαρτὼν
2300 1868 2356 1920 ὲν
2405 1869 2473 1937 τῇ
2511 1869 2737 1938 ἀκαιρία
2779 1870 2874 1922 τοῦ
2911 1871 3067 1924 τόκου
3093 1913 3108 1938 ,
3153 1876 3218 1942 τῇ
3268 1873 3531 1946 ἀπωλείᾳ

1942 1953 2132 2006 ἑαυτὸν
2160 1952 2335 2020 ὥδινε,
2382 1956 2477 2008 καὶ
2503 1955 2581 2025 τῷ
2611 1956 2824 2028 θανάτῳ
2847 1957 2944 2028 τὴν
2966 1959 3143 2029 ψυχὴν
3163 1963 3528 2031 ὲμαιεύσατο.

1942 2045 2005 2097 Εἰ
2037 2044 2094 2097 δὲ
2135 2046 2366 2116 φανερόν
2403 2047 2520 2100 ὲστι
2560 2048 2675 2111 πῶς
2709 2051 2765 2102 ὲν
2798 2050 2973 2120 καιρῷ
3007 2051 3324 2121 τικτόμεθα,
3358 2053 3531 2122 δῆλον

1944 2135 2076 2187 πᾶσι
2105 2135 2220 2198 πῶς
2243 2137 2300 2188 ὲν
2329 2137 2506 2208 καιρῷ
2532 2139 2967 2210 ἀποθνήσκομεν,
2995 2137 3106 2194 οἷον
3135 2145 3242 2206 πᾶς
3262 2144 3342 2215 τῷ
3374 2145 3529 2216 ἁγίῳ

1943 2225 2138 2296 Παύλῳ
2169 2227 2356 2298 καιρὸς
2375 2229 2468 2280 τοῦ
2493 2229 2699 2297 ἀγαθοῦ
2735 2229 2960 2284 θανάτου
2993 2231 3246 2305 εὔκαιρος
3281 2233 3371 2306 ἦν.
3412 2237 3529 2306 Boi

1942 2317 2047 2387 γὰρ
2062 2319 2118 2371 ὲν
2157 2321 2264 2379 τοῖς
2290 2319 2436 2381 ἰδίοις
2457 2320 2655 2388 λόγοις,
2692 2321 2908 2392 ἔνορκον
2940 2325 3140 2395 τρόπον
3172 2329 3292 2380 τινὰ
3329 2328 3526 2381 ποιού-

1949 2423 2130 2476 μενος,
2179 2410 2236 2460 ἐν
2276 2403 2358 2471 οἷς
2387 2426 2570 2479 φησιν,
2593 2410 2674 2462 ὅτι
2719 2429 2740 2463 ι
2763 2413 2900 2464 Καθ’
2928 2415 3138 2485 ἡμέραν
3167 2417 3526 2487 ἀποθνήσκω,

1944 2495 2009 2566 νὴ
2038 2496 2133 2567 τὴν
2169 2497 2439 2569 ὑμετέραν
2472 2499 2736 2568 καύχησιν
2759 2517 2771 2530 ·
2812 2521 2830 2552 ι
2877 2504 2970 2554 καὶ
3012 2504 3092 2570 τὸ,
3126 2522 3144 2554 ι
3175 2506 3379 2559 Ἕνεκα
3424 2507 3527 2560 σοῦ

1945 2585 2318 2657 θανατούμεθα
2372 2590 2552 2642 πᾶσαν
2611 2590 2842 2660 ἡμέραν.
2871 2610 2890 2642 ι
2925 2595 3036 2646 Καὶ
3094 2595 3249 2648 αὐτοὶ
3292 2598 3352 2648 ὲν
3394 2599 3530 2650 ἑαυ-

1942 2680 2056 2741 τοῖς
2099 2678 2155 2731 τὸ
2192 2678 2475 2750 ἀπόκριμα
2512 2678 2606 2732 τοῦ
2653 2680 2881 2734 θανάτου
2919 2684 3254 2754 ἐσχήκαμεν.
3290 2687 3527 2752 Πάντως

272 2788 660 2848 opportunum.
687 2781 898 2834 Clamat
925 2779 1070 2832 enim
1102 2779 1157 2831 in
1191 2778 1305 2832 suis
1326 2777 1842 2846 scriptis,quodam-

1955 2770 2000 2823 se
2032 2769 2131 2822 οὐκ
2165 2769 2357 2838 ἄδηλον
2403 2769 2519 2833 πῶς
2545 2770 2876 2842 ἀποθνήσκει
2910 2774 3030 2826 καθ’
3063 2776 3273 2845 ἡμέραν
3305 2780 3334 2829 6
3369 2780 3530 2831 Παῦ-

275 2865 436 2918 modo
459 2865 968 2934 adjurans,quando
986 2865 1154 2919 dicit:
1186 2883 1203 2914 ι
1236 2864 1491 2929 Quotidie
1511 2866 1736 2928 morior,
1749 2878 1842 2932 per

1955 2860 2056 2923 λος,
2089 2861 2116 2911 ὁ
2149 2860 2416 2941 μηδέποτε
2453 2863 2520 2930 τῇ
2563 2861 2804 2933 ἁμαρτίᾳ
2829 2861 2958 2929 ζῶν,
2988 2865 3015 2915 6
3047 2865 3132 2918 ἀεὶ
3156 2866 3222 2919 τὰ
3256 2868 3392 2937 μέλη
3420 2869 3528 2938 τῆς

274 2963 512 3009 vestram
536 2957 916 3025 gloriationem
939 2957 985 2988 “
1003 2962 1084 3009 iet
1113 2955 1248 3009 illud
1275 2974 1319 3008 ;‹
1346 2956 1576 3024 Propter
1597 2964 1648 3010 te
1673 2965 1842 3012 morte

1955 2951 2150 3020 σαρκὸς
2177 2951 2406 3022 νεκρῶν,
2452 2953 2546 3005 καὶ
2583 2953 2679 3022 τὴν
2707 2954 2971 3023 νέκρωσιν
3009 2956 3104 3008 τοῦ
3140 2956 3390 3028 σώματος
3424 2961 3526 3012 τοῦ

275 3042 540 3096 aﬁicimur
572 3044 818 3112 quotidie
841 3044 907 3102 ⁸³.
933 3063 952 3096 ›
992 3042 1058 3095 Et
1087 3042 1189 3111 ipsi
1214 3044 1268 3096 in
1293 3044 1449 3098 nobis
1477 3043 1612 3113 ipsis
1631 3058 1848 3111 respon-

275 3149 395 3187 sum
415 3133 607 3187 mortis
632 3131 1186 3187 habuimus.0mnino
1211 3144 1387 3188 autem
1411 3149 1519 3186 non
1545 3142 1628 3187 est
1645 3135 1846 3188 obscu-

275 3240 418 3286 rum,
458 3223 910 3293 quemadmodum
949 3222 1153 3278 Paulus
1195 3225 1428 3277 moritur
1458 3222 1720 3292 quotidie,
1749 3223 1843 3292 qui

276 3329 557 3384 nunquam
589 3321 810 3384 peccato
844 3314 992 3377 vivit,
1015 3315 1108 3383 qui
1153 3328 1365 3382 semper
1389 3313 1631 3366 membra
1657 3314 1869 3388 carnis,

275 3407 589 3468 mortiﬁcal,
622 3413 676 3460 et
699 3405 1167 3460 mortiﬁcationem
1196 3403 1444 3473 corporis
1473 3402 1679 3458 Christi
1701 3403 1754 3455 in
1784 3419 1843 3457 se

274 3498 593 3552 circumfert
613 3499 678 3565 ⁸⁵,
710 3498 799 3570 qui
825 3512 1040 3567 semper
1068 3513 1190 3550 cum
1227 3497 1444 3551 Christo
1481 3495 1839 3566 cruciﬁgitur,

274 3591 368 3657 qui
403 3605 678 3659 nunquam
721 3589 827 3645 sibi
862 3590 1015 3653 vivit,
1065 3588 1162 3644 sed
1205 3587 1474 3641 viventem
1521 3585 1579 3639 in
1616 3601 1674 3640 se
1722 3587 1841 3654 ipso

272 3681 747 3748 habetChristum,
778 3682 892 3735 haec
917 3695 1036 3735 meo
1055 3679 1267 3749 judicio
1298 3677 1463 3732 fuerit
1481 3692 1626 3732 mors
1645 3692 1844 3745 oppor-

274 3779 428 3835 tuna,
453 3788 573 3842 quae
599 3787 739 3826 verae
761 3773 886 3826 vitm
914 3771 1018 3824 fuit
1041 3769 1407 3824 conciliatrix.
1443 3785 1462 3816 ι
1491 3768 1598 3835 Ego
1624 3785 1642 3817 ι
1673 3767 1842 3829 enim,

274 3862 474 3931 inquit,
495 3881 514 3914 ι
537 3863 808 3929 occidam,
825 3862 1072 3915 etvivere
1087 3859 1280 3913 faciam
1300 3859 1344 3889 ⁸⁵
1367 3877 1380 3911 :
1404 3876 1421 3907 ι
1446 3863 1840 3924 utpersuasum

1945 3040 2183 3112 Χριστοῦ
2209 3042 2267 3094 ἐν
2291 3041 2467 3112 ἑαυτῷ
2495 3044 2826 3114 περιφέρων,
2849 3048 2880 3100 ⁴ὁ
2906 3046 3134 3099 πάν-τοτε
3163 3050 3382 3119 Χριστῷ
3424 3068 3528 3105 συ-

1947 3131 2363 3202 σταυρούμενος,
2392 3135 2418 3185 ὁ
2450 3133 2720 3203 μηδέποτε
2762 3135 2939 3205 ἑαυτῷ
2965 3136 3074 3199 ζῶν
3095 3178 3109 3201 ,
3161 3140 3295 3192 ἀλλὰ
3340 3141 3526 3206 ζῶντα

1944 3221 2083 3291 έχων
2122 3224 2177 3274 ὲν
2224 3223 2401 3292 ἑαυτῷ
2445 3225 2536 3276 τὸν
2574 3223 2830 3295 Χριστόν·
2851 3221 3006 3289 οὗτος
3047 3228 3114 3282 ἂν
3151 3230 3235 3298 εἴη
3269 3233 3413 3285 κατά
3456 3251 3525 3301 γε

1945 3312 2043 3381 τὴν
2070 3313 2342 3383 ἡμετέραν
2373 3315 2552 3384 κρίσιν
2579 3317 2608 3368 6
2636 3314 2891 3386 εὔκαιρος
2919 3316 3163 3384 θάνατος,
3193 3323 3222 3373 6
3244 3322 3344 3392 τῆς
3382 3324 3527 3388 ἀλη-

1947 3400 2070 3464 θοῦς
2097 3402 2240 3472 ζωῆς
2275 3405 2559 3472 γενόμενος
2592 3405 2867 3475 πρόξενος.
2901 3425 2920 3458 ‹
2943 3408 3084 3476 Ἐγὼ
3118 3429 3137 3461 ι
3177 3411 3312 3482 γὰρ,
3332 3416 3522 3482 φησιν,

1953 3519 1970 3548 ι
1997 3500 2280 3552 ἀποκτενῶ
2310 3502 2401 3554 καὶ
2422 3501 2521 3572 ζῇν
2556 3504 2785 3572 ποιήσω’
2817 3523 2836 3556 ι
2871 3505 2947 3567 ὡς
2985 3508 3269 3561 πεπεῖσθαι
3304 3509 3523 3577 ἀληθῶς

1947 3590 2081 3644 Θεοῦ
2115 3592 2285 3662 δῶρον
2325 3589 2462 3647 είναι
2499 3596 2559 3648 τὸ
2601 3597 2938 3668 νεκρωθῆναι
2983 3603 3048 3669 τῇ
3098 3601 3342 3672 ἁμαρτίᾳ
3368 3644 3380 3658 .
3425 3606 3524 3656 καὶ

1948 3679 2350 3752 ζωοποιηθῆναι
2373 3685 2450 3754 τῷ
2479 3687 2769 3755 πνεύματι.
2799 3688 2896 3740 Διά
2926 3689 3033 3760 γὰρ
3061 3691 3154 3742 τοῦ
3179 3694 3519 3755 ἀποκτεῖναι,

1947 3767 2251 3866 ζωοποιεῖν⁶
2263 3774 2657 3841 ἐπαγγέλλεται
2685 3779 2718 3848 ἡ
2747 3777 2864 3830 θεία
2898 3782 3047 3851 φωνή
3071 3797 3083 3810 ·
3112 3782 3295 3851 ὅμοιον
3319 3784 3377 3836 δὲ
3407 3790 3523 3866 τος

1943 3861 2252 3930 εἰρημένοις
2293 3865 2387 3916 καὶ
2424 3865 2485 3916 τὸ
2525 3867 2810 3936 ἑπόμενον·

274 3957 346 4009 sit
382 3971 510 4009 vere
554 3954 644 4008 Dei
689 3967 812 4008 esse
850 3953 1076 4016 donum,
1130 3956 1410 4004 mortuum
1479 3963 1602 4003 esse
1636 3957 1882 4016 peccato,
1922 3961 1976 4005 et
2009 3953 2342 4008 viviﬁcatum
2387 3957 2603 4026 spiritu.
2655 3957 2946 4028 Propterea
3004 3963 3147 4017 enim
3193 3965 3338 4032 quod
3371 3968 3523 4020 occi-

273 4046 434 4112 derit,
481 4043 762 4097 viviﬁcare
812 4041 1084 4111 promittit
1130 4055 1234 4094 vox
1289 4039 1494 4092 divina.
1541 4041 1614 4094 Iis
1664 4049 1846 4095 autem
1886 4060 2008 4114 quae
2034 4046 2184 4100 dicta
2228 4059 2391 4112 sunt,
2430 4051 2606 4104 simile
2667 4068 2883 4122 quoque
2909 4062 2990 4108 est
3035 4058 3179 4124 quod
3225 4061 3518 4126 sequitur:

341 4138 396 4191 2.
433 4155 451 4187 ι
489 4135 748 4205 Tempus,
793 4153 811 4185 ι
857 4133 1055 4203 inquit,
1116 4152 1134 4183 ι
1186 4133 1492 4202 plantandi,
1541 4143 1596 4188 et
1623 4141 1836 4202 tempus

1973 4144 1992 4177 ί
2011 4139 2235 4210 Καιρὸς,
2257 4141 2408 4211 φησι,
2434 4141 2526 4194 τοῦ
2554 4144 2835 4210 φυτεῦσαι,
2864 4147 2952 4199 καὶ
2984 4149 3172 4220 καιρὸς
3196 4150 3290 4201 τοῦ
3313 4153 3520 4208 ἐκτῖλαιι

275 4227 542 4283 evellendi
577 4227 723 4296 quod
773 4225 1083 4295 plantatum
1130 4233 1237 4278 est.
1280 4243 1299 4276 ι
1356 4223 1576 4279 Scimus
1611 4225 1736 4293 quis
1775 4225 1850 4279 sit

277 4329 462 4373 noster
506 4318 765 4385 agricola,
800 4323 853 4370 et
893 4331 1019 4378 nos,
1061 4314 1349 4383 cujusnam
1393 4314 1565 4369 simus
1612 4315 1851 4383 agricul-

279 4418 424 4462 tura.
467 4408 602 4462 Nam
648 4407 780 4461 illud
828 4406 1049 4476 quidem
1079 4421 1108 4459 a
1142 4406 1383 4472 Christo,
1421 4406 1526 4460 hoc
1555 4415 1736 4462 autem
1766 4406 1850 4460 di-

276 4501 512 4554 dicimus
547 4512 578 4550 a
617 4513 776 4552 servo
809 4497 1016 4551 Christi
1064 4495 1256 4551 Paulo.
1299 4496 1442 4550 Dicit
1469 4497 1613 4551 enim
1665 4496 1848 4551 Domi-

277 4606 426 4646 nus:
473 4607 492 4641 ι
548 4589 709 4644 Pater
756 4605 913 4644 meus
958 4590 1200 4658 agricola
1253 4599 1337 4644 est
1365 4589 1433 4644 ⁸⁸.
1479 4607 1498 4640 ι
1551 4590 1848 4658 Apostolus

276 4689 456 4736 autem
511 4681 671 4736 nobis
718 4681 897 4737 dicit:
953 4698 972 4731 ι
1010 4679 1107 4733 Dei
1151 4681 1490 4749 agricultura
1537 4681 1674 4734 estis
1706 4681 1773 4733 ⁸⁷.
1823 4697 1842 4732 ι

277 4773 504 4842 Magnus
549 4787 681 4841 ergo
732 4771 973 4841 agricola
1007 4771 1114 4823 scit
1160 4769 1338 4822 solum
1388 4769 1528 4822 bona
1579 4769 1848 4837 plantare.

282 4884 300 4915 ‹
370 4864 644 4918 Plantavit
700 4865 846 4918 enim
884 4862 1028 4916 Deus
1080 4861 1396 4930 paradisum
1458 4861 1514 4913 in
1573 4857 1738 4914 Edem
1780 4859 1849 4913 ad

277 4955 553 5011 Orientem
602 4957 646 4988 ⁸⁸
695 4973 710 5010 :
768 4974 791 5007 ι
837 4954 987 5008 vellit
1040 4959 1220 5006 autem
1253 4967 1317 5006 ea
1340 4965 1462 5020 quae
1507 4958 1636 5005 sunt
1688 4950 1848 5006 bonis

279 5049 581 5102 contraria.
621 5065 641 5099 ι
673 5045 864 5101 Omnis
889 5044 1034 5098 enim
1063 5044 1326 5112 plantatio
1357 5057 1522 5112 quam
1555 5057 1661 5095 non
1689 5043 1844 5112 plan—

279 5142 414 5192 tavit
450 5139 612 5194 Paler
631 5153 782 5192 meus
835 5135 1102 5197 cwlestis,
1145 5132 1519 5186 cradicahitur
1545 5133 1609 5184 ⁸³.
1652 5152 1669 5182 ι
1707 5132 1844 5184 Pha-

283 5231 481 5284 risaica
510 5244 638 5295 ergo
663 5227 864 5280 malitia
885 5232 939 5279 ct
961 5222 1337 5288 incredulitas,
1370 5233 1423 5278 et
1449 5223 1646 5294 ingrati
1677 5221 1842 5277 animi

352 5407 394 5434 ⁸⁷
436 5404 446 5454 Ι
483 5402 603 5455 Cor.
648 5417 735 5460 xv,
764 5401 820 5451 51

283 5489 366 5536 ιιι,
400 5473 450 5525 9.
529 5472 571 5496 F‘
614 5473 746 5522 Cui.
788 5486 845 5529 ιι,
878 5470 927 5519 8.
1010 5470 1048 5497 "9
1095 5469 1503 5530 .‘datlll.xv,l5-

1943 4229 2004 4281 τὸ
2055 4228 2662 4301 πεφυτευμένον.›οἷδα
2688 4236 2804 4309 ⁵μὲν
2853 4238 2936 4300 τίς
2982 4240 3142 4309 ἡμῶν
3185 4242 3212 4292 6
3251 4245 3516 4314 γεωργὸς,

1944 4322 2040 4373 καὶ
2080 4323 2239 4391 ἡμεῖς
2285 4322 2428 4385 τίνος
2471 4322 2756 4394 γεώργιον.
2805 4328 2877 4379 Τὸ
2923 4328 3021 4398 μὲν
3053 4329 3163 4401 γὰρ
3195 4333 3346 4403 παρά
3385 4333 3518 4405 Χρι-

1947 4409 2107 4474 στοῦ,
2139 4411 2200 4463 τὸ
2233 4411 2288 4462 δὲ
2331 4411 2481 4480 παρὰ
2521 4413 2616 4466 τοῦ
2651 4414 2836 4467 δούλου
2865 4416 2957 4468 τοῦ
3001 4419 3234 4489 Χριστοῦ
3269 4424 3521 4494 μεμαθὴ-

1945 4516 2121 4570 καμεν
2161 4501 2395 4555 Παύλου.
2440 4503 2496 4555 Ὀ
2546 4503 2643 4573 μὲν
2693 4505 2802 4576 γὰρ
2832 4506 3035 4575 Κύριός
3068 4525 3250 4578 φησιν,
3283 4512 3366 4563 ὅτι
3402 4533 3418 4562 ι
3461 4513 3518 4566 '0

1945 4592 2132 4660 Πατήρ
2169 4609 2269 4662 μου
2316 4593 2558 4663 γεωργός
2595 4596 2776 4648 ἐστιν’
2811 4599 2878 4649 »ὁ
2913 4597 2971 4649 δὲ
3022 4598 3340 4663 Ἀπόστολος
3383 4602 3517 4672 πρὸς

1944 4683 2091 4752 ἡμᾶς
2110 4683 2276 4750 λέγει·
2308 4685 2389 4736 ὅτι
2415 4702 2434 4734 ‹
2465 4683 2598 4737 Θεοῦ
2627 4684 2894 4755 γεώργιὸν
2915 4689 3057 4741 ἐστε.
3081 4707 3099 4739 ι
3140 4691 3199 4743 '0
3228 4687 3321 4744 οῦν
3345 4693 3516 4760 μέγας

1946 4773 2186 4845 γὲωργὸς
2214 4776 2281 4827 τὰ
2305 4776 2482 4844 ἀγαθά
2509 4776 2758 4845 φυτεύειν
2790 4778 3077 4832 ἐπίσταται
3101 4781 3278 4850 μόνον.
3303 4801 3320 4832 ι
3354 4784 3515 4851 Ἐφύ-

1945 4881 2106 4916 τευσε
2149 4864 2258 4934 γὰρ
2287 4867 2314 4917 6
2358 4865 2491 4927 Θεὸς
2532 4867 2858 4936 παράδεισον
2885 4871 2944 4921 ὲν
2997 4870 3158 4941 Ἐδὲμ
3197 4873 3336 4927 κατά
3381 4877 3517 4927 ἀνα-

1951 4952 2179 5026 τολ.ὰς,ι
2206 4955 2274 5006 τὰ
2303 4955 2358 5008 δὲ
2387 4957 2604 5010 ἐναντία
2624 4960 2736 5019 τοῖς
2750 4958 2973 5026 ἀγαθοῖς
2989 4961 3284 5016 ἀποτίλλει.
3316 4982 3334 5013 ι
3362 4967 3515 5018 Πᾶσα

1952 5042 2060 5111 γὰρ
2096 5044 2285 5110 φυτεία
2313 5046 2378 5115 ἣν
2426 5046 2524 5099 οὐκ
2564 5046 2855 5114 ἐφύτευσεν
2909 5052 2938 5102 6
2993 5053 3178 5122 Πατὴρ
3239 5071 3337 5123 μου
3376 5058 3403 5107 ὁ
3430 5057 3518 5107 ού-

1955 5130 2154 5199 ράνιος,
2181 5132 2627 5203 ὲκριζωθὴσεται.
2664 5153 2683 5186 ›
2721 5135 2929 5189 Οὐκοῦν
2956 5138 2989 5206 ἡ
3030 5140 3327 5208 φαρισαῖκί·
3357 5140 3515 5193 κακία

1951 5237 2011 5273 τε
2054 5224 2145 5275 καὶ
2175 5224 2430 5288 ἀπιστία,
2462 5227 2554 5278 καὶ
2585 5227 2616 5295 ἡ
2657 5226 2793 5297 πρὸς
2839 5228 2906 5280 τὰ
2935 5228 3195 5299 γινόμενα
3239 5230 3392 5302 παρὰ
3424 5229 3514 5285 τοῦ

928 5401 973 5431 ⁸³
1015 5399 1168 5452 Rom.
1209 5400 1422 5453 vm.36.
1494 5402 1538 5434 ⁸¹ι
1580 5402 1618 5455 ll
1671 5402 1797 5454 Cor.
1832 5416 1906 5466 IV,
1938 5399 2021 5454 lO.
2099 5400 2142 5432 ⁸⁵
2171 5399 2325 5456 Deut.
2368 5414 2537 5463 xxxii,
2571 5399 2659 5453 59.
2736 5397 2955 5452 "Joan.
2985 5416 3074 5464 xv,
3118 5400 3166 5453 l.
3241 5401 3286 5432 "
3323 5402 3339 5454 Ι
3388 5401 3510 5456 Cor.
