3766 5986
158 187 268 242 705

1229 176 1296 232 IN
1332 173 1869 232 ECCLESIASTEN.
1927 173 2208 229 llthlLlA
2243 177 2326 233 Vl.

3314 187 3417 242 706

158 305 365 379 Κυρίου
393 297 648 372 θαὺματα
702 297 1095 370 ἀγνωμοσύνη,
1131 297 1304 351 ταῦτα
1341 296 1409 350 τά
1448 296 1592 365 φυτά
1626 298 1717 348 ἐστ

1910 294 2051 348 imen
2086 296 2151 349 ad
2185 311 2246 350 ea
2277 312 2398 364 qum
2431 312 2459 350 a
2502 297 2732 352 Domino
2767 299 2906 354 facta
2953 311 3082 356 sunt
3125 303 3413 372 miracula,

160 398 227 450 τὰ
279 393 653 463 ἐκτιλλόμενα.
703 391 820 462 Χρὴ
865 389 974 460 γὰρ
1033 389 1398 459 ἐπικρατῆσαι
1451 387 1511 438 τὸ
1561 389 1732 457 κήρυ-

154 505 278 558 γμα
305 488 402 556 τῆς
426 485 716 554 σωτηρίας,
753 502 771 534 ι
801 484 922 554 Χρὴ
952 480 1291 552 κηρυχθῆναι
1317 479 1378 531 τὸ
1406 478 1732 545 Εὑαγγέλιον

154 582 216 632 ἐν
247 577 348 646 ὅλῳ
377 576 454 646 τῷ
479 576 686 645 κόσμῳ.
720 595 738 625 ι
777 575 896 645 Χρὴ
925 575 1103 626 πᾶσαν
1126 571 1376 638 γλῶσσαν
1409 569 1732 639 ἐξομολογή-

157 667 356 720 σασθαι
385 667 467 718 ὅτι
504 665 709 734 Κύριος
759 662 965 732 Ἰησοῦς
1016 661 1246 729 Χριστὸς
1292 662 1372 722 είς
1412 659 1566 723 δόξαν
1596 657 1731 710 Θεοῦ

153 757 390 828 Πατρός.
440 757 593 808 Ἐπεὶ
638 750 730 806 οὖν
760 754 931 807 ταῦτα
976 753 1230 821 γενέσθαι
1275 751 1380 822 χρὴ
1413 751 1663 816 πάντως,
1697 754 1730 822 ἡ

153 848 254 900 νῦν
283 844 658 917 ἐπικρατοῦσα
686 861 846 896 τινων
874 843 1098 895 ἀπιστία
1124 843 1224 894 οὐκ
1254 840 1398 893 ἔστιν
1425 843 1488 894 ἐκ
1512 842 1610 911 τῆς
1638 839 1730 892 τοῦ

151 940 372 1008 Πατρδς
399 938 652 1006 φυτείας,
682 937 815 989 ἀλλά
842 935 935 988 τοῦ
971 935 1439 1006 παρασπείροντος
1480 934 1550 987 τὰ
1575 933 1732 997 ζιζά-

150 1026 329 1100 νιαῘῆ
359 1030 452 1082 τοῦ
484 1020 959 1097 παραφυτεύοντος
993 1028 1070 1096 τῷ
1097 1026 1407 1096 Δεσποτικῷ
1451 1024 1732 1096 ἀμπελῶνι

149 1122 255 1192 τὴν
303 1119 598 1190 Σοδομικὴν
638 1118 971 1188 κληματίδα,
1007 1120 1184 1189 Ὅπερ
1213 1115 1304 1171 οὖν
1349 1120 1406 1170 ἐν
1437 1116 1517 1186 τῷ
1552 1118 1730 1184 Εὐαγ-

148 1211 320 1280 ﬁlim
358 1211 509 1281 παρά
551 1209 650 1277 τῆς
685 1209 1018 1278 Δεσποτικῆς
1075 1209 1256 1276 φωνῆς
1304 1207 1727 1276 ἐπαιδεύθημενο

148 1303 314 1354 τοῦτο
335 1301 430 1353 νῦν
456 1301 550 1354 καλ⁵
575 1303 632 1352 ἐν
660 1299 736 1369 τῷ
763 1300 1042 1369 αἰνίγματι
1063 1298 1154 1350 106
1181 1297 1604 1366 Ἐκκλησιαστοῧ
1633 1299 1733 1350 ἐδι-

149 1393 458 1461 δάχθημεν,
485 1393 566 1444 ὅτι
592 1391 753 1454 αὐτὸς
784 1391 972 1459 καιρός
1005 1393 1118 1444 ἐστι
1157 1389 1218 1442 τό
1251 1407 1309 1442 τε
1351 1392 1612 1459 σωτήριον
1632 1389 1730 1458 τῆς

150 1485 392 1544 πίστεως
423 1481 586 1550 φυτὸν
614 1479 1046 1552 παραδέξασθαι,
1083 1481 1142 1533 τὸ
1189 1479 1319 1532 αὐτὸ
1348 1481 1446 1549 τῆς
1476 1479 1730 1542 ἀπιστίας

107 1635 114 1641 _
147 1574 408 1628 ἀποτῖλαι
439 1573 694 1636 ζιζάνιον.
738 1575 802 1624 Ὃ
846 1572 902 1623 δὲ
930 1572 1021 1623 ἐπὶ
1072 1571 1269 1642 μέρους
1301 1573 1428 1641 περὶ
1460 1571 1554 1623 106
1589 1570 1730 1624 κατά

1841 387 1924 440 hie
1973 388 2172 456 plantae
2225 398 2352 442 sunt
2407 404 2528 457 quin
2580 391 2906 446 evelluntur.
2942 394 3219 449 Dominari
3267 397 3412 451 enim

1840 485 2058 546 oportet
2105 481 2440 547 praaconium
2479 481 2692 536 salutis.
2728 482 2955 550 Oportet
2989 484 3150 538 etiam
3205 486 3411 540 invale-

1839 584 1995 624 scere
2043 570 2490 640 praidicationem
2545 574 2760 627 salutis.
2799 593 2816 624 ι
2885 573 3111 644 Oportet
3167 577 3414 648 Evange-

1839 661 1970 714 lium
2003 663 2286 731 praedicari
2321 664 2375 716 in
2409 671 2522 718 toto
2550 666 2754 719 mundo
2781 666 2848 718 9°.
2889 685 2906 718 ι
2941 666 3165 736 Oportet
3194 684 3409 725 onmem

1839 749 2083 820 linguam
2125 751 2396 816 confiteri,
2453 755 2599 823 quod
2651 754 2916 810 Dominus
2961 754 3124 812 Jesus
3157 757 3412 812 Christus

1839 841 1894 895 in
1934 841 2163 910 gloriam
2214 841 2308 896 Dei
2341 841 2522 898 Patris
2555 844 2621 896 9'.
2663 844 2935 910 Quoniam
2981 863 3111 918 ergo
3147 849 3262 903 haec
3289 865 3409 904 om-

1838 934 1972 986 nino
2005 932 2122 987 licri
2151 942 2388 1003 oportet,
2419 951 2541 1004 quae
2577 953 2722 991 nunc
2763 939 2817 992 in
2850 941 3131 996 nonnullis
3162 940 3412 994 domina-

1840 1033 1928 1078 tur
1959 1026 2340 1090 incredulitas,
2369 1043 2481 1082 non
2526 1039 2609 1086 est
2641 1046 2704 1085 ex
2740 1028 3068 1097 plantatione
3085 1032 3287 1095 Patris,
3313 1034 3406 1088 sed

1837 1115 1957 1184 ejus
1985 1117 2077 1184 qui
2101 1117 2502 1185 superseminat
2525 1118 2756 1183 zizania,
2784 1121 2868 1172 vel
2897 1121 2988 1187 qui
3015 1119 3170 1187 juxta
3196 1122 3408 1175 vineam

1836 1206 2053 1260 Domini
2079 1208 2358 1276 palmitem
2393 1209 2602 1278 plantat
2631 1209 3017 1264 Sodomorum.
3050 1210 3203 1276 Quod
3243 1212 3411 1280 igitur

1836 1301 1892 1352 in
1930 1297 2223 1369 Evangelio
2257 1299 2556 1354 didicimus
2589 1315 2618 1352 a
2653 1316 2786 1356 voce
2821 1301 3058 1367 Domini,
3107 1303 3210 1356 hoc
3263 1321 3409 1358 nunc

1835 1405 2055 1459 quoque
2105 1391 2392 1460 aenigmate
2440 1391 2628 1444 docuit
2677 1407 2778 1446 nos
2829 1391 3210 1459 Ecclesiastes,
3261 1395 3406 1463 quod

1836 1481 1979 1534 idem
2010 1487 2095 1535 est
2120 1488 2334 1549 tempus
2371 1487 2425 1535 et
2461 1481 2758 1535 salutarem
2798 1480 2920 1536 fidei
2954 1483 3194 1551 plantam
3230 1483 3409 1538 susci-

1838 1570 2044 1640 piendi,
2097 1579 2152 1624 et
2207 1573 2388 1640 ipsum
2433 1571 2840 1626 incredulitatis
2885 1573 3075 1628 lolium
3117 1573 3404 1629 evellendi.

155 1665 247 1735 τὴν
302 1665 486 1716 πίστιν
535 1659 956 1732 κατορθώματος
1004 1661 1249 1731 εἴρηται,
1285 1659 1443 1712 τοῦτο
1495 1661 1588 1713 καὶ
1638 1662 1724 1712 ἐπὶ

1906 1664 1986 1717 ιοι]
2021 1674 2202 1716 autem
2240 1664 2294 1716 in
2330 1672 2484 1733 parte
2517 1664 2724 1720 dictum
2755 1673 2838 1720 est
2878 1666 2946 1719 de
2979 1680 3044 1719 eo
3081 1665 3224 1735 quod
3261 1674 3408 1721 recte

152 1755 338 1824 πάσης
363 1753 562 1823 ἀρετῆς
593 1750 901 1814 ἀκολούθως
930 1750 994 1804 ἄν
1021 1768 1104 1812 τις
1135 1753 1362 1821 νοήσειε.
1402 1750 1607 1821 Καιρὺς
1635 1751 1728 1803 106

149 1843 418 1912 φυτεῦσαι
454 1841 551 1912 τὴν
597 1840 951 1910 σωφροσύνην
1003 1841 1094 1893 καὶ
1127 1839 1332 1893 ὲκτῖλαι
1361 1841 1423 1893 τὸ
1464 1840 1565 1909 τῆς
1602 1841 1731 1893 ἀκοο

144 1932 343 1995 λασίας
393 1931 576 1999 φυτόν.
621 1928 777 1983 Οὕτω
820 1931 914 1982 καὶ
953 1930 1294 2001 δικαιοσύνης
1338 1931 1726 2002 φυτευθείσης,

149 2023 550 2095 ἀπορῤιζοῦται
582 2022 643 2075 τὸ
671 2022 853 2075 ἄδικον
877 2022 1179 2092 βλάστημα,
1211 2024 1303 2075 καὶ
1332 2023 1394 2075 τὺ
1423 2025 1521 2093 τῆς
1549 2041 1731 2077 ταπειο

153 2115 491 2188 νοφροσύνης
522 2113 708 2183 φυτὸν,
747 2114 838 2167 τὸν
864 2114 1030 2181 τῦφον
1068 2113 1329 2184 ἀνέτρεψε
1347 2154 1359 2176 ,
1387 2115 1422 2184 ἦ
1447 2131 1504 2166 τε
1541 2116 1727 2185 ἀγάπη

149 2209 504 2278 βλαστήσασα
526 2207 586 2260 τὸ
613 2207 847 2278 πονηρὸν
876 2205 990 2259 τοῦ·
999 2207 1188 2276 μίσους
1205 2206 1418 2275 δένδρον
1439 2205 1698 2276 ἐξήρανεν
1713 2221 1728 2236 °

149 2300 343 2370 ὥσπερ
376 2300 470 2351 καὶ
505 2301 568 2351 ἐκ
586 2297 678 2351 106
709 2297 948 2351 ἐναντίου
975 2297 1208 2368 δένδρου,
1239 2298 1426 2367 μίσους
1458 2297 1727 2368 δηλαδὴ,ή

149 2391 339 2446 ἀδικία
388 2389 768 2461 πληθυνομένη
821 2388 918 2460 τὴν
949 2390 1167 2456 ἀγάπην
1207 2388 1506 2457 κατέψυξε,
1537 2391 1630 2441 καὶ
1662 2388 1730 2442 τὰ

150 2484 296 2535 ἄλλα
329 2480 505 2534 πάντα
537 2479 678 2532 κατά
711 2479 801 2532 τὸν
843 2480 1000 2532 αὐτὸν
1029 2479 1256 2550 τρόπον,
1285 2479 1370 2530 ἵνα
1405 2479 1480 2549 μὴ
1513 2479 1578 2531 τὰ
1609 2479 1728 2532 καθ’

147 2573 386 2624 ἕκαστον
411 2570 663 2636 λέγοντες
691 2567 1056 2638 διατρίϐωμεν
1075 2607 1089 2633 ,
1127 2567 1327 2638 ὁμοίως
1369 2566 1636 2630 νοοῦντες,
1667 2569 1727 2620 οὐ

148 2661 566 2732 σφσλησόμεθα.
609 2662 780 2714 Πάλιν
819 2664 847 2714 ὁ
874 2659 1072 2731 ἐφεξῆς
1107 2659 1263 2729 λόγος
1303 2658 1590 2729 σύμφωνος
1616 2663 1728 2725 τοῖς

148 2753 652 2824 προεξητασμένοις
678 2752 812 2806 ἐστί.

225 2865 244 2897 ι
282 2844 490 2916 Καιρδς
512 2845 639 2915 γὰρ,
672 2865 691 2897 ›
721 2845 874 2914 φησὶ,
900 2863 919 2895 ι
953 2843 1045 2896 τοῦ
1067 2845 1402 2907 ἀποκτεῖναι,
1425 2843 1614 2914 καιρὸς
1634 2844 1726 2897 τοῦ

1832 1762 2044 1824 gestum
2069 1763 2152 1808 est
2182 1770 2246 1808 ex
2284 1754 2406 1819 fide,
2438 1756 2540 1809 hoc
2573 1757 2734 1809 etiam
2769 1757 2823 1809 in
2865 1757 3012 1809 omni
3044 1757 3244 1810 virtute
3273 1771 3407 1811 eon-

1831 1853 2124 1913 sequenter
2158 1845 2517 1899 intellexeris.
2552 1845 2791 1915 Tempus
2824 1857 2909 1900 est
2946 1846 3227 1914 plantandi
3262 1853 3405 1899 tem-

1830 1935 2152 2004 perantiam,
2187 1944 2240 1990 et
2264 1935 2530 1990 evellendi
2561 1937 2804 2004 plantam
2836 1937 3292 2006 intemperantiae.
3325 1938 3404 1990 Ita

1831 2025 1992 2078 etiam
2026 2024 2266 2092 plantata
2302 2024 2542 2093 jnstitia,
2583 2025 2844 2093 injustum
2875 2041 3097 2096 germen
3143 2026 3405 2082 radicitus

1833 2115 2109 2177 evellitur,
2137 2122 2191 2169 et
2220 2116 2403 2184 planta
2435 2116 2767 2172 humilitatis
2794 2118 2988 2170 evertit
3010 2119 3403 2187 arrogantiam,

1833 2214 1887 2262 et
1922 2223 2040 2276 quae
2073 2209 2396 2277 germinavit
2431 2209 2696 2276 Charitas,
2729 2207 3027 2263 exsiccavit
3072 2209 3266 2262 malam
3315 2223 3406 2260 ar-

1834 2299 2020 2353 borem
2050 2298 2161 2351 odii
2205 2316 2218 2350 :
2257 2298 2534 2366 quomodo
2565 2299 2729 2352 etiam
2769 2315 2835 2353 ex
2869 2300 3145 2354 contraria
3185 2299 3401 2356 arbore.

1835 2405 2030 2458 nempe
2061 2389 2208 2453 odio,
2232 2390 2592 2458 multiplicata
2614 2390 2881 2458 injustitia
2905 2389 3189 2457 refrigerat
3221 2389 3404 2442 chari—

1835 2489 2022 2534 tatem.
2064 2479 2184 2533 Alia
2227 2497 2446 2549 quoque
2473 2482 2678 2544 omnia,
2707 2497 2775 2536 ne
2807 2483 2859 2535 in
2893 2483 3123 2552 singulis
3156 2483 3405 2538 dicendis

1834 2570 2214 2634 immoremur,
2257 2571 2449 2625 eodem
2503 2573 2664 2626 modo
2718 2573 2969 2628 similiter
3015 2574 3400 2644 intelligentes,

1835 2674 1946 2714 non
1977 2661 2374 2716 aberrabimus.
2411 2661 2622 2717 Rursus
2656 2663 2709 2716 id
2743 2663 2885 2732 quod
2919 2664 3175 2733 deinceps
3219 2668 3401 2735 sequi-

1835 2760 1946 2814 tur,
1984 2759 2250 2805 consonat
2282 2751 2349 2806 iis
2381 2768 2502 2821 qua:
2533 2752 2686 2821 prius
2720 2761 2848 2806 sunt
2883 2754 3216 2808 examinata.

1905 2843 1960 2896 5.
1997 2861 2015 2894 ι
2051 2841 2288 2910 Tempus
2315 2850 2398 2898 est
2427 2843 2597 2907 enim,
2647 2862 2666 2894 ι
2708 2844 2905 2914 inquit,
2945 2862 2962 2895 ι
3010 2844 3316 2911 occidendi,
3349 2853 3404 2898 et

151 2935 433 2991 ἰάσασθαι.
449 2955 468 2986 ι
489 2936 658 2988 Τοῦτο
671 2936 727 2988 δὲ
746 2935 929 3004 σαφῶς
945 2937 1002 2989 ἐν
1019 2935 1096 3006 τῷ
1117 2935 1434 3006 προφητικῷ
1451 2953 1583 3006 προε
1591 2954 1622 3007 ρ
1629 2954 1724 3007 μη-

1906 2944 2051 2999 npus
2069 2928 2345 2984 medendi.
2386 2947 2406 2981 ι
2439 2929 2552 2983 lloc
2579 2939 2755 2984 autem
2785 2938 2972 3000 aperte
3007 2932 3311 2999 explicatur
3347 2933 3400 2986 in

147 3028 394 3086 νεύεται,
416 3027 445 3079 δ
468 3029 530 3079 ἐκ
552 3025 840 3097 προσώπου
876 3026 970 3078 τοῦ
1014 3025 1146 3079 Θεοῦ
1191 3044 1384 3097 φησιν,
1420 3027 1500 3079 ὅτι
1527 3046 1544 3077 ι
1591 3027 1729 3096 Ἐγὼ

148 3115 442 3172 ἀποκτενῶ
460 3117 552 3169 καί
567 3117 662 3186 ζῇν
680 3118 907 3187 ποιήσω.
922 3135 940 3168 ι
962 3116 1084 3169 Ἐὰν
1105 3115 1213 3187 γὰρ
1233 3117 1304 3188 μὴ
1323 3117 1728 3187 ἀποκτείνωμεν

152 3211 211 3260 ἐν
239 3209 460 3270 ἑαυτοῖς
484 3207 582 3277 τὴν
611 3207 829 3276 ἔχθραν,
860 3207 958 3259 οὑκ
983 3207 1241 3276 ἰασόμεθα
1263 3208 1360 3278 τὴν
1380 3207 1728 3278 ἀγαπητικὴν

148 3299 395 3354 διάθεσιν
419 3298 517 3368 τὴν
542 3299 598 3350 ἐν
622 3299 750 3369 ἡμῖν
771 3297 856 3350 διὰ
873 3297 967 3350 τοῦ
996 3298 1187 3367 μίσους
1213 3300 1538 3368 νοσήσασαν.
1573 3298 1728 3351 Οὕτω

150 3389 246 3440 καὶ
270 3388 344 3440 τά
363 3386 527 3439 λοιπά
549 3387 723 3439 πάντα
739 3387 838 3439 ὅσα
864 3387 955 3437 ἐπὶ
977 3385 1131 3454 κακῷ
1148 3384 1266 3437 καθ’
1287 3385 1440 3456 ἡμῶν
1461 3384 1525 3454 ζῇ
1548 3401 1562 3416 ·
1587 3384 1729 3452 λέγω

150 3477 214 3549 δὴ
242 3479 348 3548 τὴν
379 3475 552 3546 κακὴν
581 3475 687 3528 τῶν
706 3475 1042 3546 παθημάτων
1060 3474 1382 3546 παράταξιν,
1401 3475 1602 3528 καὶτὸν
1626 3475 1726 3543 ἐμ-

151 3568 346 3636 φύλιον
374 3567 562 3620 τοῦτον
597 3566 851 3638 πόλεμον,
885 3567 974 3620 τὸν
1004 3568 1124 3620 καθ’
1153 3567 1308 3638 ήμῶν
1337 3567 1426 3618 διὰ
1453 3565 1559 3619 τῶν
1603 3565 1728 3636 ήδο-

152 3658 258 3712 νῶν
307 3659 765 3728 στρατευόμενον,
817 3659 910 3711 καὶ
941 3657 1412 3728 αἰχμαλωτίζοντα
1461 3658 1610 3726 ἡμᾶς
1649 3655 1728 3726 τῷ

153 3750 302 3819 νόμῳ
334 3751 434 3818 τῆς
463 3749 754 3819 ἁμαρτίας,
807 3749 995 3819 καιρός
1025 3751 1139 3800 ἐστι
1178 3747 1271 3800 106
1299 3749 1630 3800 ἀποκτεῖναι.
1670 3747 1728 3799 '0

152 3839 260 3910 γὰρ
291 3838 405 3890 τῶν
436 3839 692 3891 τοιούτων
732 3838 925 3907 φόνος,
968 3840 1109 3900 ἴασις
1147 3834 1354 3905 γίνεται
1395 3835 1488 3889 τυῦ
1516 3835 1604 3888 διὰ
1629 3835 1728 3906 τῆς

154 3916 434 3999 ἁμαρτίας
454 3927 930 3999 ἐξασθενήσαντος.
958 3929 1124 3981 Φασὶν
1151 3930 1198 3980 οἱ
1229 3929 1402 3998 ἰατροὶ
1429 3926 1528 3988 τὰς
1547 3925 1729 3994 ἕλμιν-

153 4016 272 4080 θας,
311 4017 409 4068 καὶ
439 4013 576 4069 ἄλλα
617 4016 739 4072 τινὰ
757 4017 990 4070 ιτοιαῦτα
1030 4015 1193 4091 θηρία
1234 4017 1434 4071 ἔσωθεν
1466 4019 1531 4069 ἐκ
1565 4033 1730 4070 κακο-

152 4108 360 4177 χυμίας
385 4106 766 4175 ζωογονεῖσθαι
786 4110 899 4170 τοῖς
922 4108 1267 4178 σπλάγχνοις,
1289 4104 1363 4162 ὢν
1386 4108 1548 4179 ἡζωὴ
1573 4108 1728 4170 νόσος

152 4203 230 4271 τῷ
256 4201 475 4272 σώματι
507 4202 715 4270 γίνεται
735 4215 749 4230 ⁸
784 4203 831 4254 εἰ
861 4202 915 4255 δὲ
942 4201 1122 4255 ἐκεῖνα
1145 4202 1231 4255 διά
1257 4218 1400 4264 τινος
1443 4216 1730 4272 φαρμακο-

1831 3022 2117 3091 propheta,
2152 3035 2276 3076 cum
2313 3019 2448 3075 dicit
2479 3036 2544 3075 ex
2577 3036 2811 3089 persona
2840 3020 2934 3075 Dei
2964 3040 2976 3075 :
3016 3041 3033 3074 ι
3067 3021 3324 3076 Occidam
3352 3033 3403 3076 et

1829 3114 2013 3167 vivere
2052 3113 2252 3166 faciam
2301 3113 2412 3166 ".i
2442 3111 2560 3167 Nisi
2591 3113 2736 3166 enim
2778 3114 2833 3166 in
2883 3113 3043 3168 nobis
3087 3112 3402 3186 occidamus

1829 3202 2174 3269 inimicitias,
2236 3217 2345 3256 non
2405 3203 2746 3258 medebimur
2799 3202 3070 3258 ali‘ectioni
3121 3204 3402 3259 charitatis

1830 3311 1952 3366 quae
1972 3302 2199 3366 azgrotat
2221 3301 2444 3363 propter
2466 3293 2672 3348 odium.
2705 3295 2781 3348 ita
2813 3295 2974 3349 etiam
3001 3304 3193 3350 caetera
3217 3295 3399 3348 omnia

1829 3399 1952 3454 quae
1988 3384 2132 3437 malo
2158 3392 2350 3438 nostro
2382 3383 2648 3438 adversus
2677 3399 2778 3438 nos
2806 3385 3032 3452 vivunt,
3064 3386 3184 3440 dico
3208 3386 3399 3439 malam

1831 3475 1996 3528 animi
2030 3481 2279 3527 motuum
2331 3473 2529 3537 aciem,
2575 3480 2628 3525 et
2665 3471 2767 3525 hoc
2801 3473 2961 3527 civile
3011 3474 3157 3542 quod
3205 3475 3259 3527 in
3300 3490 3402 3528 nos
3483 3503 3496 3512 -

1829 3581 1927 3636 per
1955 3565 2260 3633 voluptates
2290 3563 2501 3632 geritur
2527 3562 2755 3626 bellum,
2792 3569 2845 3616 et
2873 3577 2974 3616 nos
2998 3563 3244 3629 captivos
3277 3565 3400 3617 red—

1829 3657 1910 3710 dit
1942 3655 2046 3726 legi
2080 3655 2311 3725 peccati,
2337 3662 2552 3723 tempus
2577 3661 2661 3706 est
2689 3651 2996 3706 occidendi.
3026 3651 3229 3706 Eorum
3255 3655 3398 3710 enim

1829 3748 2027 3810 credes,
2063 3754 2146 3800 est
2184 3744 2393 3801 medela
2443 3744 2562 3813 ejus
2608 3745 2700 3813 qui
2749 3742 2997 3797 infirmus
3047 3744 3259 3798 exstitit
3306 3759 3403 3812 per

1827 3846 2136 3910 peccatum.
2188 3837 2358 3890 Aiunt
2408 3835 2605 3891 medici
2663 3835 2986 3898 lumbricos,
3047 3843 3100 3888 et
3152 3835 3398 3904 quaedam

1827 3930 2097 3999 ejusmodi
2123 3930 2230 3982 alia
2273 3928 2551 3991 animalia,
2587 3943 2652 3982 ex
2685 3928 2844 3982 malis
2883 3927 3208 3982 humoribus
3253 3928 3400 3981 intus

1828 4025 1947 4076 viva
1984 4021 2129 4092 gigni
2172 4021 2227 4074 in
2279 4020 2606 4082 visceribus,
2641 4034 2875 4090 quorum
2913 4021 3022 4074 vita
3057 4028 3142 4075 est
3176 4021 3400 4075 morbus

1829 4115 2068 4184 corpori.
2121 4113 2276 4179 Quod
2325 4112 2370 4167 si
2409 4113 2500 4166 illa
2547 4112 2834 4167 interfecta
2882 4113 2993 4168 sint
3022 4128 3117 4182 per
3160 4114 3397 4182 aliquam

1830 4205 2212 4260 medicamenti
2248 4203 2550 4274 potionem,
2585 4222 2784 4262 rursus
2824 4213 3063 4274 aegrotus
3094 4206 3402 4258 restituitur

152 4295 356 4355 ποσίας
387 4293 716 4363 ἀναιρεθείη,
748 4293 910 4346 πάλιν
931 4295 1010 4356 είς
1039 4293 1226 4362 ὑγείαν
1257 4293 1286 4343 ὁ
1313 4292 1534 4362 κάμνων
1563 4293 1724 4364 ἀναῤ-

1906 4298 2078 4352 istime
2106 4297 2347 4352 sanitati.
2389 4295 2516 4350 Ha‘c
2548 4312 2670 4366 quae
2712 4297 2929 4366 corpori
2995 4295 3269 4360 accidunt,
3306 4297 3401 4349 ha-

154 4385 517 4454 ῥωσθήσεται.
551 4384 827 4453 Ἀναλογεῖ
843 4384 912 4436 τά
930 4383 1152 4437 τοιαῦτα
1170 4382 1262 4436 τοῦ
1288 4382 1533 4453 σώματος
1577 4384 1724 4454 πάθη

154 4476 293 4546 πρὸς
337 4474 409 4547 τὰ
461 4474 561 4543 τῆς
609 4475 790 4546 ψυχῆς
837 4476 1274 4546 ἀρρωστήματα·
1331 4474 1457 4527 ὅταν
1502 4475 1530 4526 ὁ
1562 4471 1730 4541 θυμὸς

152 4568 370 4621 ἔνδοθεν
411 4565 696 4636 ὲκμύζωνῗ,
724 4566 759 4637 ἢ
783 4567 872 4621 διὰ
897 4567 1000 4637 τῆς
1027 4566 1389 4638 μνησικακίας
1426 4565 1526 4636 τῆς
1551 4563 1730 4633 ψυχῆς

152 4662 243 4715 τὸν
284 4661 438 4736 τόνον
465 4660 558 4714 καὶ
603 4661 729 4726 τοὺς
759 4661 1049 4731 λογισμοὺς
1075 4657 1402 4730 ἐκνευρίξων
1423 4697 1438 4723 ,
1479 4658 1512 4729 ἢ
1544 4659 1604 4710 τὸ
1633 4655 1727 4710 τοῦ

155 4751 354 4819 φθόνου
384 4751 602 4823 θηρίον,
633 4751 666 4822 ἢ
714 4752 769 4804 εί
787 4769 841 4805 τι
885 4752 1012 4806 ἄλλο
1047 4750 1299 4804 τοσοῦτον
1324 4749 1492 4804 κακὸν
1518 4750 1551 4819 ἡ
1581 4748 1724 4818 κακὴ

152 4842 338 4896 δίαιτα
382 4841 743 4914 ζωογονήσειο
786 4844 815 4896 ὁ
849 4841 1166 4911 αἰσθόμενος
1204 4842 1287 4895 ὅτι
1321 4840 1508 4911 θηρίον
1540 4839 1726 4910 τρέφει

154 4928 378 4984 ἔνδοθεν.
407 4932 440 5000 ή
473 4930 618 5001 ψυχὴ
649 4929 844 4994 αὑτοῦ,
871 4929 1140 5000 εὐκαίρως
1179 4931 1439 5000 χρήσεται
1469 4926 1544 4996 τῷ
1573 4928 1727 4980 ἀναι-

157 5021 359 5091 ρετικῷ
395 5022 506 5075 τῶν
552 5023 740 5076 παθῶν
783 5024 1075 5096 φαρμάκῳ.
1117 5020 1287 5073 Τοῦτο
1314 5019 1370 5071 δέ
1410 5020 1619 5089 ἐστινὴ
1665 5019 1730 5070 ἐκ

1828 4389 1958 4444 bent
1977 4390 2269 4458 quamdam
2294 4388 2699 4459 proportionem
2729 4394 2784 4442 et
2815 4387 3247 4442 convenientiam
3273 4403 3396 4442 emn
3431 4454 3442 4459 γ

1827 4480 2033 4535 morbis
2066 4481 2281 4534 animae.
2332 4479 2563 4546 Quando
2605 4479 2684 4532 ira
2730 4479 2880 4533 intus
2929 4477 3121 4544 fervet,
3157 4487 3252 4534 aut
3303 4497 3400 4550 per

1826 4570 2044 4640 injuriae
2072 4581 2308 4641 accepta:
2331 4571 2765 4626 recordationem
2791 4580 3015 4626 enervat
3041 4572 3206 4625 animi
3233 4572 3400 4627 robur

1825 4670 1879 4716 et
1909 4662 2193 4727 rationem,
2227 4672 2320 4716 aut
2351 4662 2566 4716 invidia!
2594 4661 2848 4723 bestiam,
2873 4670 2966 4714 aut
2995 4661 3040 4716 si
3065 4663 3211 4728 quod
3246 4662 3395 4716 aliud

1821 4753 2088 4822 ejusmodi
2139 4754 2343 4807 malum
2386 4754 2527 4807 mala
2560 4751 2775 4807 vivendi
2821 4753 2962 4806 ratio
3002 4754 3395 4821 procreaverit.

1824 4843 1916 4911 qui
1965 4844 2202 4898 senserit
2233 4843 2380 4913 quod
2414 4846 2563 4898 intus
2609 4844 2842 4898 bestiam
2889 4843 2984 4895 alit
3032 4842 3153 4911 ejus
3194 4842 3389 4900 anima,

1825 4943 2131 5002 Opportune
2182 4942 2371 4989 utetur
2423 4936 2819 4991 medicamento
2867 4933 3018 5003 quod
3062 4933 3230 4986 animi
3267 4933 3395 4985 vitia

1829 5024 2114 5078 interimit.
2150 5023 2263 5079 Hoc
2297 5034 2476 5080 autem
2502 5035 2586 5081 est
2605 5025 2850 5081 doctrina
2873 5025 3167 5096 Evangelii,
3209 5030 3268 5077 ut
3293 5023 3400 5078 illis

154 5111 246 5164 106
275 5112 606 5181 Εὐαγγελίου
634 5114 969 5180 διδασκαλία,
997 5113 1136 5167 ὥστε
1155 5111 1374 5165 ἐκείνων
1411 5126 1724 5180 φονοκτονη-

1906 5116 2092 5180 ecatis,
2135 5117 2183 5170 ei
2212 5117 2304 5186 qui
2333 5117 2436 5170 hoc
2461 5117 2670 5183 fecerit,
2714 5116 2859 5171 adsit
2891 5115 3125 5171 sanitas.

156 5203 356 5258 θέντων
385 5206 734 5274 ἐπιγενέσθαι
757 5206 834 5276 τῷ
868 5204 1188 5276 πεποιηκότι
1221 5203 1320 5273 τὴν
1353 5201 1515 5255 ἴασιν.

228 5313 246 5345 ‹
275 5295 481 5366 Καιρδς
501 5295 595 5349 τοῦ
619 5295 887 5361 καθελεῖν,
904 5295 1008 5350 ’καὶ
1033 5295 1224 5366 καιρὸς
1246 5293 1338 5348 106
1369 5291 1723 5363 ἀνοικοδομῆ-

151 5393 264 5442 nat.
299 5405 316 5438 ι
350 5385 536 5441 Ταῦτα
577 5389 672 5440 καὶ
697 5389 754 5440 ἐν
782 5391 894 5452 τοῖς
918 5387 994 5459 τῷ
1021 5389 1274 5460 προφήτῃ
1304 5386 1545 5457 Ἱερεμίᾳ
1573 5383 1722 5454 παρά

234 5565 280 5594 ⁹⁰
310 5561 498 5616 Matth.
541 5578 692 5632 xxvi,
747 5562 829 5620 15.
911 5564 952 5595 ’⁸
995 5562 1336 5634 Philippm,
1363 5563 1450 5617 Η.

1907 5313 1927 5345 ‹
1959 5293 2199 5365 Tempus
2242 5305 2328 5352 est
2359 5297 2639 5363 diruendi,
2685 5305 2739 5353 ct
2772 5306 2987 5368 tempus
3016 5296 3341 5352 aediﬁcandi.
3378 5317 3396 5348 ι

1831 5383 1958 5440 Haec
1986 5386 2122 5442 disci
2173 5399 2407 5460 possunt
2448 5391 2613 5448 etiam
2653 5406 2717 5446 ex
2753 5390 2820 5449 iis
2854 5407 2976 5463 quae
3019 5407 3050 5446 a
3097 5388 3210 5448 Deo
3254 5389 3403 5446 dicta

1527 5565 1571 5595 "
1612 5562 1772 5619 Deut.
1799 5577 1972 5626 mm,
1997 5561 2086 5616 59.
