3766 5986
1504 51 1567 58 ﬁ

377 166 485 220 701
522 140 538 149 ’

1602 151 1666 206 s.
1705 104 2039 204 cannon"
2070 148 2371 207 NYSSENI

3511 155 3603 210 ’ὶθθ

376 287 506 336 sunt
562 276 844 333 Hieremiae
889 274 1190 345 prophetae,
1234 273 1325 326 cui
1378 269 1641 325 divinitus
1687 268 1814 321 data
1861 280 1921 320 es

2050 266 2140 320 τοῦ
2167 267 2302 321 Θεοῦ
2349 268 2590 340 ῥηθεῖσιν
2636 269 2752 323 ἔστι
2784 270 3010 341 μαθεῖν,
3053 264 3099 340 ᾧ
3127 269 3335 325 δέδοται
3369 268 3601 342 θεόθενὴ

276 433 281 442 γ
377 376 617 441 potestas
649 367 715 421 ad
743 366 896 436 prius
922 364 1289 435 purgandum,
1314 370 1371 416 et
1407 360 1671 415 radicitus
1703 357 1940 412 evellen-

280 462 281 467 “
372 459 526 524 dum,
548 466 604 513 et
626 457 1035 524 fodiendum,et
1050 464 1179 508 tunc
1204 451 1570 515 excitandum,
1594 447 1939 506 etaediﬁcan-

350 550 502 622 dum
529 557 585 604 et
615 547 974 617 plantandum
994 545 1062 598 ".
1094 543 1322 614 Oportet
1345 543 1492 598 enim
1520 543 1573 595 in
1596 541 1755 595 nobis
1785 542 1939 609 prius

371 640 513 694 dirui
553 639 670 691 vitii
700 636 949 700 mdiﬁcia,
973 642 1028 689 et
1059 643 1191 688 tunc
1220 632 1466 687 invenire
1498 638 1715 698 tempus
1730 638 1786 683 et
1809 643 1934 698 spa-

372 729 510 785 tium
542 729 606 783 ad
633 727 817 795 templi
842 726 932 780 Dei
951 723 1438 785 constructionem,
1465 719 1616 790 quod
1638 719 1940 775 aediﬁcatur

373 820 430 874 in
462 820 640 881 nobis,
664 818 824 886 cujus
849 815 1076 870 materia
1095 824 1179 870 est
1204 815 1398 868 virtus.
1416 810 1474 865 Si
1496 811 1621 881 quis
1637 812 1782 865 enim
1809 808 1940 866 tedi-

372 909 499 964 ﬂcat
528 923 694 977 super
722 905 1140 961 fundamentum
1172 904 1277 957 hoc
1304 917 1498 956 aurum
1527 911 1582 957 et
1628 909 1936 970 argentum,

370 1000 576 1069 lapides
599 997 958 1068 pretiosos,ea
980 1002 1335 1049 nominantur
1352 994 1525 1049 virtus
1551 1009 1565 1046 :
1591 992 1732 1061 ligna
1756 1002 1938 1049 autem

368 1098 425 1147 et
471 1092 653 1144 fenum
692 1095 746 1142 et
769 1086 971 1156 stipula
993 1084 1064 1147 ³⁸,
1110 1084 1225 1138 vitii
1258 1083 1551 1152 exponitur
1578 1089 1794 1144 natura,
1817 1094 1938 1152 quae

368 1181 591 1251 quidem
612 1195 723 1233 non
746 1186 968 1247 paratur
988 1175 1052 1230 ad
1077 1173 1221 1229 aliud
1241 1190 1403 1244 quam
1422 1182 1481 1229 ut
1504 1174 1627 1244 igne
1648 1188 1938 1229 consuma—

371 1270 624 1326 tur.Cum
650 1270 812 1340 igitur
835 1285 898 1324 ex
923 1268 1046 1322 feno
1065 1275 1120 1322 et
1139 1266 1339 1336 stipula
1356 1264 1816 1326 fuerintazdiiicia,
1833 1265 1937 1319 hoc

369 1372 474 1427 est,
496 1378 561 1417 ex
580 1359 1208 1430 injustitia,superbia,et
1229 1357 1439 1411 ceteris
1461 1356 1585 1413 vitae
1611 1356 1937 1425 vitiis,prius

366 1454 519 1523 jubet
552 1452 773 1507 verbum
821 1464 885 1505 ea
912 1450 1151 1511 abolere,
1175 1456 1230 1502 et
1273 1447 1471 1502 deinde
1496 1461 1690 1500 aurum
1716 1446 1936 1502 virtutis

368 1543 579 1598 edicere
599 1542 880 1596 materiam
915 1548 1205 1595 structurae
1221 1537 1418 1593 domus
1440 1536 1761 1606 spiritualis.
1791 1535 1935 1592 Fieri

2043 360 2290 430 δύναμις,
2317 362 2470 425 είςτὸ
2489 362 2754 434 πρότερον
2776 363 3078 433 καθαίρειν,
3109 363 3202 416 καὶ
3228 362 3500 433 ὲκριζοῦν,
3523 371 3602 420 xai

2046 454 2484 517 κατασκάπτειν,
2512 456 2605 508 καὶ
2636 455 2756 507 τότε
2797 454 3077 526 ἀνορθοῦν,
3121 455 3216 508 καὶ
3252 455 3604 525 ἀνοικοδομεῖν

2045 545 2140 597 καὶ
2168 545 2585 615 καταφυτεὺειν.
2628 546 2750 617 Χρὴ
2796 547 2907 618 7&9
2936 547 3201 618 πρότερον
3229 549 3287 601 ὲν
3312 550 3448 618 ἡμῖν
3475 549 3601 618 ἐρει-

2046 637 2291 707 πωθῆναι
2344 637 2413 691 τά
2448 639 2548 708 τῆς
2581 639 2778 702 κακίας
2828 639 3303 709 άνοικοδομήματα
3323 678 3339 705 ,
3381 639 3477 693 καὶ
3497 639 3606 692 τότε

2046 728 2232 798 καιρόν
2256 745 2315 782 τε
2353 728 2447 782 καὶ
2485 728 2826 799 εὐρυχωρίαν
2854 730 3031 800 εὑρεῖν
3062 731 3198 799 πρὸς
3229 730 3331 801 τὴν
3363 730 3460 783 τοῦ
3488 730 3605 786 ναοῦ

2045 816 2136 871 τοῦ
2163 816 2300 873 Θεοῦ
2329 817 2693 888 κατασκευὴν,
2725 816 2818 871 τοῦ
2845 820 2904 871 ἐν
2931 820 3051 881 ταῖς
3088 818 3289 888 ψυχαῖς
3308 819 3607 889 οἰκοδομου-

2047 907 2210 978 μένου
2229 949 2244 973 ,
2274 902 2337 962 οῦ
2367 910 2400 979 ἡ
2432 907 2530 979 ὑλη
2558 909 2728 979 ἀρετὴ
2768 908 3002 978 γίνεται.
3050 910 3118 963 Et
3146 927 3231 973 τις
3259 910 3371 981 γάρ
3400 911 3607 964 hamato.

2043 999 2197 1068 δομεί
2234 999 2329 1051 ἐπὶ
2356 999 2447 1052 τὸν
2489 998 2738 1070 θεμέλιον
2779 999 2965 1053 τοῦτον
3009 1000 3229 1070 χρυσίον
3266 1001 3300 1071 ἦ
3329 1000 3603 1071 ἀργύριον,

2043 1088 2222 1153 λίθους
2264 1089 2510 1158 τιμίους,
2568 1089 2740 1143 ταῦτα
2778 1090 2811 1158 ἡ
2861 1088 3029 1160 ἀρετὴ
3063 1088 3424 1160 ὀνομάζεται·
3487 1089 3607 1157 ξύλα

2042 1181 2101 1233 δὲ
2137 1181 2231 1233 καὶ
2276 1180 2467 1250 χόρτος
2514 1181 2606 1234 καὶ
2651 1179 2890 1251 καλάμη,
2943 1182 2976 1252 ἡ
3012 1180 3109 1248 τῆς
3171 1181 3369 1246 κακίας
3448 1183 3609 1254 ἑρμη-

2043 1270 2255 1326 νεύεται
2294 1271 2484 1340 φύσις,
2514 1272 2635 1340 ἥτις
2672 1273 2754 1337 εἰς
2792 1271 2942 1325 οὐδὲν
2975 1271 3098 1326 ἄλλο
3119 1311 3133 1334 ,
3162 1271 3297 1343 ἤείς
3330 1273 3505 1344 πυρὸς
3527 1275 3607 1327 διι-

2045 1358 2220 1427 πάνην
2250 1357 2746 1429 παρασκευάζεται.
2783 1359 2952 1413 Ὅταν
2981 1356 3073 1412 οῦν
3093 1362 3156 1412 ὲκ
3181 1360 3373 1430 χόρτου
3400 1361 3501 1415 καὶ
3521 1381 3607 1416 κα-

2042 1448 2223 1518 λάμης
2262 1447 2331 1500 τά
2354 1448 2755 1520 οἰκοδομήματα
2798 1443 2869 1520 ᾖ,
2896 1448 3199 1515 τουτέστιν,
3231 1449 3293 1514 ἐξ
3315 1450 3531 1514 ἀδικίας
3554 1468 3606 1503 τε

2043 1540 2137 1592 καὶ
2172 1539 2577 1610 ὑπερηφανίας,
2610 1539 2704 1592 καὶ
2738 1540 2836 1609 τῆς
2877 1539 3069 1609 λοιπῆς
3098 1539 3192 1592 τοῦ
3228 1541 3343 1610 βίου
3377 1542 3606 1605 κακίας,

366 1634 512 1689 enim
533 1647 641 1688 non
658 1639 859 1701 potest,
886 1641 943 1685 ut
959 1646 1083 1686 cum
1107 1631 1309 1700 stipula
1330 1629 1604 1683 coalescat
1626 1635 1924 1697 argentum,

2050 1625 2307 1695 πρότερον
2338 1624 2511 1680 ταῦτα
2558 1628 2636 1691 είς
2662 1627 2965 1697 ἀφανισμὸν
2994 1630 3222 1697 ἀγαγεῖν
3251 1632 3279 1683 ό
3307 1630 3473 1700 λόγος
3499 1632 3607 1686 δια⁴

369 1724 455 1778 vel
481 1724 606 1777 feno
629 1722 1001 1793 agglutinetur
1024 1736 1241 1782 aurum,
1267 1721 1349 1774 vel
1389 1721 1536 1789 ligno
1556 1719 1935 1797 margaritum.

369 1815 476 1870 Sed
517 1815 561 1871 si
603 1815 707 1868 hoc
755 1827 840 1870 est
875 1814 1143 1875 futttrum,
1193 1818 1410 1880 oportet
1457 1811 1681 1865 omnino
1731 1808 1936 1864 aboleri

365 1907 617 1962 alterum.
666 1904 797 1971 Quae
839 1911 925 1958 est
967 1902 1116 1957 enim
1164 1902 1270 1956 luci
1320 1901 1556 1955 societas
1598 1915 1723 1954 cum
1777 1908 1936 1954 tene-

366 1997 482 2053 bris
508 1996 593 2047 "?
627 1994 988 2049 Destruentur
1016 2006 1148 2062 ergo
1183 1993 1337 2060 prius
1365 2005 1529 2060 opera
1557 1990 1933 2055 tenebrarum,

365 2097 420 2143 et
449 2096 579 2142 tunc
600 2090 992 2142 construentur
1018 2081 1199 2136 lucida
1231 2081 1356 2139 vitae
1382 2080 1633 2135 aedilicia.

2035 1714 2315 1768 κελεύεται
2333 1732 2348 1747 ο
2384 1712 2484 1769 εἷθ’
2507 1716 2650 1770 οῦτω
2679 1717 2738 1769 τὸ
2762 1719 2983 1787 χρυσίον
3002 1719 3102 1789 τῆς
3129 1721 3331 1791 ἀρετῆς
3356 1720 3497 1793 ὓλην
3516 1722 3609 1792 τῆς

2034 1807 2381 1877 κατασκευῆς
2418 1806 2512 1860 τοῦ
2543 1808 2912 1889 πνευματικοῦ
2942 1808 3090 1863 οἴκου
3129 1811 3489 1881 ποιήσασθαι.
3540 1814 3607 1866 Οὑ

2029 1895 2144 1970 γὰρ
2178 1896 2294 1950 ἔστι
2341 1896 2654 1967 συμφυῆναι
2698 1900 2765 1968 τῇ
2804 1898 3028 1971 καλάμῃ
3053 1900 3144 1954 τὸν
3181 1900 3450 1973 ἄργυρον,
3475 1904 3509 1974 ἢ
3538 1903 3610 1974 τῷ

2033 1989 2210 2060 χόρτῳ
2240 1987 2462 2058 χρυσίον
2505 1988 3010 2060 προσλιπανθῆναι,
3062 1989 3095 2066 ᾖ
3141 1992 3235 2057 τὸν
3265 1995 3611 2067 μαργαρίτην

2036 2078 2115 2149 τῷ
2153 2076 2313 2148 ξύλῳ.
2369 2076 2506 2129 Ἀλλ’
2551 2080 2600 2131 εἰ
2635 2078 2817 2148 μέλλει
2841 2078 3001 2134 τοῦτο
3046 2077 3221 2146 εἶναι,
3251 2084 3611 2158 χρὴβάντως

365 2178 722 2248 ἀφανισθῆναι
765 2175 827 2227 τὸ
853 2175 1059 2243 ἕτερον.
1097 2172 1193 2233 Τίς
1220 2171 1329 2242 γὰρ
1358 2171 1612 2225 κοινωνία
1638 2169 1777 2238 φωτὶ
1841 2168 1978 2238 πρὸς
2032 2167 2256 2230 σκότος;
2305 2166 2516 2221 Οὐκοῦν
2565 2166 3022 2240 καθαιρεθήσεται
3066 2169 3330 2242 πρότερον
3383 2172 3460 2227 τὰ
3522 2173 3609 2226 τοῦ

366 2272 620 2336 σκότους,
660 2270 754 2323 καὶ
794 2268 913 2320 τότε
959 2264 1534 2335 κατασκευασθήσεται
1575 2265 1645 2317 τὰ
1691 2263 1928 2331 φωτεινὰ
1964 2261 2058 2315 τοῦ
2083 2262 2198 2332 βίου
2224 2262 2648 2334 οἰκοδομήματα.

436 2368 489 2420 4.
541 2385 560 2417 ι
596 2364 833 2433 Tempus
899 2369 982 2417 est
1030 2360 1215 2425 ﬂendi,
1266 2368 1325 2414 et
1360 2367 1577 2429 tempus
1632 2358 1866 2414 ridendi.
1905 2378 1924 2411 ι

2103 2376 2121 2410 ι
2163 2358 2370 2430 Καιρὸς
2411 2358 2505 2412 τοῦ
2542 2358 2796 2423 κλαῦσαι,
2831 2361 2925 2414 καὶ
2956 2361 3145 2432 καιρὸς
3168 2362 3262 2416 τοῦ
3292 2364 3551 2434 γελάσαι.
3587 2386 3604 2417 ι

367 2456 683 2512 Declaratur
714 2455 802 2508 hic
833 2456 987 2508 locus
1013 2466 1148 2506 voce
1184 2450 1523 2520 evangelica,
1567 2464 1690 2519 quae
1718 2449 1924 2518 prolata

2050 2448 2391 2520 ἰαφηνίξεται
2418 2452 2446 2503 ὁ
2474 2450 2629 2518 λόγος
2676 2446 2830 2515 οὗτος
2865 2454 2932 2523 τῇ
2978 2454 3307 2525 εὐαγγελικῇ
3354 2461 3517 2528 φωνῇ
3549 2461 3609 2528 τῇ

364 2551 464 2605 fuit
491 2565 520 2602 a
553 2562 789 2618 persona
825 2544 1061 2610 Domini,
1113 2558 1233 2612 quae
1264 2544 1484 2612 quidem
1515 2543 1664 2607 dicit,
1714 2563 1734 2595 ι
1783 2543 1924 2601 Beati

2050 2556 2093 2592 ac
2145 2538 2437 2610 προσώπου
2486 2539 2582 2592 τοῦ
2639 2535 2845 2610 Κυθρίου
2894 2544 3277 2616 γεγενημένῃ,
3330 2546 3365 2616 ἦ
3409 2565 3611 2617 φησιν,

364 2639 457 2709 qui
477 2635 947 2707 lugent,quoniam
969 2633 1073 2704 ipsi
1096 2632 1368 2701 accipient
1388 2632 1893 2687 consolationem".
1907 2651 1924 2685 ι

2050 2633 2108 2697 in
2150 2648 2169 2681 ι
2192 2630 2469 2701 Μακάριοι
2500 2633 2555 2700 oi,
2585 2631 2927 2699 πενθοῦντες,
2954 2636 3035 2687 ὅτι
3068 2636 3223 2689 αὑτοὶ
3251 2638 3613 2710 παρακληθήι

362 2729 521 2783 Nunc
544 2737 628 2783 est
647 2742 778 2797 ergo
801 2734 1016 2795 tempus
1036 2724 1196 2778 ﬂendi
1225 2743 1238 2779 :
1270 2722 1481 2779 ridendi
1507 2734 1686 2778 autem
1715 2734 1924 2794 tempus

2050 2736 2241 2773 τονται.
2278 2736 2295 2770 ι
2333 2718 2448 2772 Νῦν
2478 2710 2569 2773 οῦν
2599 2721 2746 2774 ἐστιν
2787 2724 2815 2775 ὁ
2845 2722 2938 2776 τοῦ
2968 2723 3202 2779 κλαῦσαι
3236 2728 3434 2798 καιρός
3454 2746 3470 2760 ·
3505 2733 3536 2783 ὁ
3561 2731 3614 2783 δὲ

361 2824 419 2876 in
451 2836 547 2889 spe
569 2819 871 2889 reponitur.
904 2818 1152 2872 Praesens
1181 2816 1325 2871 enim
1360 2815 1582 2870 tristitia
1616 2814 1705 2870 [iet
1753 2824 1924 2871 mater

2050 2810 2127 2863 τοῦ
2185 2810 2415 2879 γελάσαι
2444 2811 2511 2865 δι’
2544 2812 2753 2875 ἐλπίδος
2781 2814 3096 2869 ἀπόκειται*
3129 2810 3323 2889 ἡγὰρ
3356 2821 3615 2891 παροῦσα

362 2912 561 2967 laetitiae
610 2925 732 2979 quae
772 2916 1043 2978 speratur.
1090 2907 1225 2972 Quis
1254 2915 1433 2961 autem
1454 2922 1565 2961 non
1598 2906 1655 2960 in
1684 2907 1835 2960 luctu
1874 2914 1924 2963 et

2050 2900 2305 2969 ιατήφεια
2341 2899 2814 2973 τῆςὲλπιζομένης
2854 2904 3192 2978 εὐφροσύνης
3220 2909 3406 2981 μήτηρ
3441 2914 3610 2983 γενή-

362 3016 595 3057 mcerore
636 3008 804 3054 totam
853 3014 1006 3054 suam
1055 3000 1221 3055 vitam
1267 2997 1700 3066 consumpserit,
1757 2998 1929 3069 siqui-

359 3095 485 3146 dem
521 3091 605 3145 sui
626 3105 846 3146 sensum
877 3088 1171 3158 acceperit,
1215 3096 1273 3143 et
1321 3102 1419 3142 sua
1463 3087 1782 3156 cognoverit
1806 3103 1928 3158 qua

359 3181 551 3235 habuit
581 3186 635 3235 et
676 3177 929 3247 perdidit,
971 3185 1027 3231 et
1065 3178 1121 3231 in
1162 3191 1272 3246 quo
1321 3183 1468 3231 statu
1504 3184 1624 3232 erat
1667 3176 1736 3232 ab
1770 3176 1927 3234 initio

358 3282 575 3334 natura,
605 3279 660 3326 et
689 3271 742 3323 in
767 3284 877 3340 quo
906 3278 991 3323 est
1014 3269 1068 3322 in
1091 3266 1424 3337 praesentia?
1457 3264 1610 3322 Tunc
1639 3253 1789 3325 mors
1816 3282 1927 3323 non

358 3371 496 3428 erat,
538 3360 764 3415 morbus
798 3359 1005 3419 aberat,
1040 3371 1240 3410 meum
1277 3363 1332 3410 et
1375 3363 1550 3420 tuum,
1598 3357 1762 3411 verba
1809 3357 1926 3413 hac

249 3461 268 3474 '
358 3454 689 3526 perniciosa,
743 3466 774 3505 a
821 3450 932 3535 vita
982 3448 1216 3518 primum
1266 3446 1489 3502 fuerunt
1538 3448 1920 3529 exterminata.

355 3545 489 3600 Nam
521 3545 663 3599 sicut
692 3526 1002 3596 communis
1044 3550 1127 3594 est
1151 3539 1256 3603 sol,
1284 3547 1339 3593 et
1380 3552 1474 3595 aer
1504 3526 1832 3612 communis,
1871 3548 1926 3595 et

355 3644 483 3691 ante
510 3635 692 3690 omnia
725 3632 820 3687 Dei
845 3639 932 3686 est
956 3631 1266 3686 communis
1296 3629 1492 3699 gratia,
1523 3640 1579 3683 et
1614 3629 1924 3686 benedictio

353 3726 661 3782 communis
686 3742 701 3790 ;
729 3724 801 3777 ita
834 3723 996 3778 etiam
1023 3736 1087 3775 ex
1118 3736 1274 3791 aequo
1305 3720 1475 3776 libere
1500 3728 1619 3776 erat
1642 3722 1923 3791 proposita

356 3814 603 3884 cujusvis
647 3812 779 3867 boni
828 3811 1197 3889 participatio,
1242 3819 1295 3865 et
1335 3824 1444 3864 non
1487 3811 1924 3880 cognoscebatur

354 3906 583 3961 morbus
607 3904 867 3966 avaritiae,
896 3917 999 3956 nec
1033 3917 1101 3956 ex
1144 3916 1209 3955 eo
1239 3900 1383 3970 quod
1427 3900 1698 3970 quispiam
1738 3903 1921 3959 minus

324 3997 614 4087 rhabebat,
643 3994 769 4048 odio
801 3993 1034 4047 habebat
1068 3993 1328 4068 eumqui
1370 3993 1685 4068 superabat.
1734 3992 1921 4065 Neque

353 4088 497 4143 enim
525 4093 641 4141 erat
669 4085 893 4138 omnino
928 4083 1074 4152 quod
1103 4091 1386 4152 superaret
1415 4103 1428 4137 :
1461 4090 1514 4137 et
1557 4083 1664 4137 alia
1691 4094 1918 4153 praeter.

352 4193 416 4235 ea
470 4173 915 4237 innumerabilia,
950 4186 1071 4242 qua:
1098 4186 1200 4226 nec
1235 4172 1416 4247 verbis
1446 4173 1662 4242 quidem
1688 4186 1918 4243 possunt

349 4269 613 4340 explicari
641 4287 655 4322 :
690 4283 812 4337 quae
841 4266 1060 4337 quidem
1111 4265 1485 4337 magnitudine
1533 4269 1596 4321 ea
1622 4282 1744 4336 qua:
1771 4267 1918 4323 dicta

349 4369 480 4418 sunt
517 4361 810 4430 plurimum
864 4359 1216 4414 antecellunt.
1276 4355 1486 4420 Honor,
1534 4358 1783 4426 inquam,
1826 4373 1923 4428 par

350 4452 581 4518 angelis,
609 4450 748 4518 apud
778 4448 944 4502 Deum
976 4448 1328 4514 conﬁdentia,
1353 4430 1920 4517 supermundanorum

348 4540 620 4595 bonorum
647 4539 1054 4607 contemplatio,
1082 4535 1341 4593 ineffabili
1368 4532 1540 4592 beatae
1565 4547 1775 4594 natura:
1804 4541 1921 4609 pul—

348 4631 660 4687 chritudine
698 4644 800 4685 nos
836 4644 1056 4700 quoque
1106 4623 1412 4691 lidnestari,
1460 4629 1516 4684 in
1550 4630 1709 4685 nobis
1735 4641 1920 4687 osten-

347 4725 529 4779 dendo
556 4721 799 4777 divinam
832 4722 1123 4792 imaginem
1154 4721 1208 4774 in
1235 4720 1430 4774 animae
1449 4720 1649 4774 decore
1676 4720 1919 4776 relucen-

347 4826 474 4871 tem.
502 4816 594 4870 Illa
624 4823 804 4869 autem
839 4829 961 4883 qua:
992 4814 1045 4866 in
1072 4825 1260 4866 eorum
1296 4811 1474 4865 locum
1508 4821 1912 4873 successerunt.

344 4916 473 4964 sunt
508 4917 770 4977 tanquam
804 4904 1112 4974 improbum
1159 4916 1386 4956 examen
1425 4900 1821 4964 calamitatum,
1860 4909 1915 4956 et

344 4999 721 5055 molestiarum
783 4995 925 5048 mala
997 5002 1256 5061 tanquam
1324 5005 1611 5060 vesparum
1668 4997 1907 5046 caterva.

343 5090 613 5157 Quidnam
652 5104 719 5143 ex
766 5087 891 5140 vita:
922 5083 1083 5138 malis
1121 5066 1353 5156 prini't'im
1398 5080 1684 5157 dicemus}
1715 5079 1908 5143 Omnia

341 5180 590 5235 eumdem
634 5177 864 5232 honoris
896 5174 1123 5245 gradum
1160 5172 1300 5226 inter
1343 5186 1401 5227 se
1427 5145 1693 5235 obtinent,
1725 5173 1908 5225 omnia

342 5272 548 5343 primas
572 5278 757 5324 tenent
784 5268 840 5321 in
863 5262 1132 5319 malorum
1172 5261 1514 5324 excellentia,
1546 5260 1732 5318 omnia
1761 5275 1906 5329 prte-

275 5353 285 5365 ’
342 5362 472 5416 bent
493 5375 678 5430 parem
708 5359 891 5413 luctus
925 5353 1294 5411 occasionem.
1323 5351 1465 5419 Quid
1490 5352 1636 5408 enim
1670 5350 1904 5407 miseria:

2030 3002 2204 3044 σεται.
2244 2991 2342 3055 Τίς
2387 2991 2446 3045 δὲ
2479 2993 2578 3046 οὑκ
2605 2991 2670 3046 ἂν
2704 2994 2762 3046 ὲν
2797 2994 3019 3066 θρήνοις
3056 2998 3151 3051 καὶ
3184 2999 3613 3072 σκυθρωπότητι

2029 3081 2207 3169 πάντα
2244 3082 2337 3136 τὸν
2373 3082 2486 3156 βίον
2530 3082 2722 3139 ἑαυτοῦ
2748 3086 3128 3159 δαπανήσειεν,
3164 3090 3325 3163 εἴπερ
3351 3094 3613 3165 αἴσθησιν

2026 3171 2179 3225 λάϐοι
2196 3173 2358 3238 αὑτὸς
2376 3174 2590 3240 ἑαυτοῦ,
2612 3176 2705 3229 καὶ
2736 3177 2887 3249 γνοίη
2912 3179 3036 3234 καθ’
3059 3182 3249 3236 ἑαυτὸν
3275 3182 3312 3236 ὅ.
3339 3201 3401 3236 τε
3436 3183 3609 3257 εἶχεν,

2027 3259 2063 3314 ὅ.
2082 3258 2151 3315 τέ
2171 3262 2473 3350 ἀπώλεσεν,
2508 3265 2603 3319 καὶ
2624 3268 2684 3320 ὲν
2713 3261 2795 3331 οἷς
2820 3264 2887 3338 ἦν
2916 3269 2978 3323 τὸ
2996 3273 3118 3326 κατ’
3150 3273 3327 3344 ἀρχὰς
3358 3277 3392 3347 ἡ
3420 3259 3609 3345 φῦσις,

2026 3352 2120 3409 καὶ
2172 3355 2230 3406 ὲν
2262 3355 2403 3407 τίσιν
2452 3356 2547 3408 ἐπὶ
2572 3356 2665 3411 τοῦ
2702 3360 2968 3429 παρόντος
2998 3359 3180 3430 ἐστίν;
3211 3364 3344 3418 Τότε
3372 3366 3611 3433 θάνατος

2024 3443 2123 3496 οὑκ
2152 3439 2240 3513 ἦν,
2265 3444 2416 3509 νόσος
2447 3446 2615 3517 ἀπῆν,
2649 3448 2710 3502 τὸ
2742 3448 2874 3519 ἐμὸν
2902 3453 3007 3504 καὶ
3032 3454 3094 3505 τὸ
3139 3453 3250 3519 σὺν,
3287 3455 3361 3509 τά
3387 3460 3611 3531 πονηρὰ

2023 3533 2195 3588 ταῦτα
2224 3537 2465 3606 ῥήματα,
2499 3538 2601 3608 τῆς
2628 3539 2774 3611 ζωῆς
2803 3532 3333 3617 πρῶτονὲξώριστο·
3368 3548 3464 3613 Ὦς
3496 3551 3609 3623 γὰρ

2024 3624 2200 3689 κοινὸς
2255 3627 2284 3679 ό
2329 3627 2502 3696 ἥλιος,
2539 3628 2634 3680 καὶ
2673 3631 2701 3682 ό
2738 3630 2851 3701 ἀὴρ
2891 3631 3088 3696 κοινὸς,
3118 3634 3348 3705 καὶοπρὸ
3376 3637 3606 3692 πάντων

2020 3713 2115 3766 τοῦ
2143 3714 2332 3786 Gentii)
2355 3717 2512 3789 χάρις
2545 3720 2719 3790 κοινὴ.
2742 3721 2961 3789 εὐλογία
2983 3725 3135 3794 κοινή
3152 3742 3181 3793 ;
3200 3710 3381 3801 οὕτως
3415 3731 3605 3801 ὲνίσῳ

2021 3806 2114 3859 καὶ
2148 3808 2347 3872 παντὸς
2370 3808 2578 3887 ἀγαθοῦ
2602 3812 2860 3881 μετουσία
2881 3814 2999 3867 κατ’
3021 3797 3268 3879 ἐξουσίαν
3286 3797 3598 3888 προέκειτο.

2020 3901 2115 3953 καὶ
2144 3901 2178 3970 ή
2207 3900 2363 3964 νόσος
2402 3902 2500 3971 τῆς
2552 3902 2860 3970 πλεονεξίας
2890 3904 2988 3958 οὑκ
3039 3907 3382 3978 ὲγνωρίζετο,
3413 3913 3514 3966 καὶ
3541 3913 3604 3965 τὸ

2021 3990 2154 4061 πρὸς
2185 3992 2246 4045 τὸ
2286 3992 2634 4051 ἐλαττοῦσθαι
2697 3998 2869 4064 μῖσος-
2893 3994 3034 4057 κατά
3074 3997 3181 4050 τῶν
3212 3999 3605 4070 ὑπερεχόντων

2019 4078 2236 4152 οὑκῆν.
2267 4083 2401 4136 Οὐδὲ
2434 4085 2540 4156 γὰρ
2590 4084 2728 4147 ὅλως
2771 4085 2831 4138 τὸ
2872 4087 3135 4157 ὑπερέχον
3167 4082 3262 4159 ἦν·
3295 4085 3391 4144 καὶ
3422 4095 3599 4164 μυρία

2020 4173 2114 4226 ἐπὶ
2139 4173 2346 4237 τούτοις
2363 4174 2518 4234 ἄλλα.
2550 4175 2586 4230 ἀ
2605 4176 2715 4229 οὐδ’
2740 4176 2805 4230 ἂν
2827 4178 3172 4248 παραστῆσαι
3213 4196 3299 4244 τις
3332 4181 3595 4256 δυνηθείη

2019 4264 2103 4334 τῷ
2135 4264 2296 4335 λόγῳ,
2321 4265 2644 4335 πάμπληθες
2687 4266 2793 4320 τῶν
2824 4268 3128 4339 εἰρημένων
3166 4271 3304 4326 κατά
3328 4272 3386 4325 τὸ
3418 4290 3593 4344 μεγα-

2018 4357 2157 4412 λεῖον
2185 4357 2503 4427 προέχοντα.
2545 4357 2705 4426 Λέγω
2732 4357 2796 4428 δὴ
2817 4359 2919 4429 τὴν
2953 4359 3089 4430 πρὸς
3120 4361 3381 4429 ἀγγέλους
3407 4365 3593 4434 ὁμοτι-

2019 4446 2172 4536 μίαν,
2193 4447 2293 4516 τὴν
2313 4447 2406 4500 ἐπὶ
2432 4446 2566 4501 Θεοῦ
2597 4449 2931 4519 παρρησίαν,
2951 4451 3051 4521 τὴν
3068 4449 3173 4503 τῶν
3194 4452 3588 4524 ὑπερκοσμίων

2016 4536 2236 4604 ἀγαθῶν
2265 4537 2521 4609 θεωρίαν,
2555 4537 2725 4616 τὸτῷ
2767 4539 3030 4610 ἀφράστῳ
3063 4541 3250 4595 κάλλει
3276 4543 3374 4612 τῆς
3405 4562 3590 4614 μακα-

2021 4626 2140 4696 ρίας
2202 4625 2417 4694 φύσεως
2462 4626 2556 4683 καὶ
2604 4629 2751 4697 ἡμᾶς
2796 4628 3149 4698 ὡραΐζεσθαι,
3173 4629 3488 4697 δεικνύντας
3527 4636 3590 4688 ὲν

2006 4718 2223 4781 ἑαυτοῖς
2249 4716 2347 4787 τὴν
2378 4716 2525 4771 θείαν
2554 4718 2739 4773 εἰκόνα
2768 4721 2831 4791 τῇ
2853 4718 2972 4793 ὥρᾳ
2996 4720 3096 4789 τῆς
3122 4722 3302 4793 ψυχῆς
3328 4726 3500 4778 ἀποστ
3510 4725 3592 4779 ίλ-

2013 4807 2233 4861 ϐουσαν.
2268 4807 2348 4864 Τὰ
2373 4807 2568 4891 δὲεάντ’
2595 4808 2838 4875 ἐκείνων,
2857 4804 2943 4889 οἷα
2959 4813 2987 4863 ό
3007 4813 3237 4884 πονηρὸς
3268 4815 3377 4869 τῶν
3402 4802 3587 4884 παθη-

2012 4900 2196 4968 μάτων
2225 4899 2411 4969 ὲσμὸς,
2466 4901 2500 4970 ὴ
2536 4900 2678 4971 κακὴ
2711 4900 2819 4953 τῶν
2856 4901 3115 4975 λυπηρῶν
3157 4905 3386 4975 σφηκία.
3422 4908 3487 4960 Τί
3516 4910 3587 4962 ἄν

2007 5007 2091 5052 τις
2120 4988 2333 5058 πρῶτον
2349 4988 2479 5061 εἴπῃ
2509 4990 2616 5043 τῶν
2645 4992 2740 5045 τοῦ
2794 4992 2910 5063 βίου
2939 4993 3163 5063 κακῶν,
3190 4996 3376 5051 Πάντα
3396 5002 3587 5069 ὁμοτί-

2012 5094 2128 5147 μως
2179 5078 2292 5148 ἔχει
2328 5078 2464 5150 πρὸς
2507 5080 2732 5151 ἄλληλα,
2777 5085 2953 5137 πάντα
2995 5088 3318 5157 προτερεύει
3339 5092 3458 5154 ταῖς
3473 5091 3584 5145 τῶν

2008 5167 2194 5222 κακῶν
2222 5167 2452 5238 ἐξοχαῖς,
2484 5170 2661 5224 πάντα
2695 5171 2804 5225 τῶν
2837 5174 2965 5237 ἴσων
3006 5175 3218 5248 θρήνων
3247 5179 3471 5253 ἀφορμὴ
3491 5180 3584 5250 7i-

2006 5276 2175 5312 νεται.
2214 5259 2279 5311 Τί
2316 5260 2517 5330 μᾶλλον
2550 5264 2660 5335 γάρ
2691 5281 2777 5326 τις
2805 5265 3067 5337 θρηνήσει
3104 5269 3205 5337 τῆς
3240 5270 3579 5343 ἀθλιότητος

2006 5349 2176 5405 Πόθεν
2210 5353 2370 5409 πλέον
2402 5354 2500 5425 τὴν
2540 5354 2700 5423 φύσιν
2737 5357 3166 5430 ἀπολοφύρηται,
3196 5360 3259 5416 τδ
3288 5362 3580 5439 ὠκύμορον

418 5541 461 5576 ιι
490 5539 637 5593 llier.
672 5553 712 5606 ι,
750 5536 834 5590 i0.
910 5538 954 5571 ιι
995 5536 1188 5597 lCor..
1228 5553 1312 5605 ιιι,
1352 5500 1434 5593 ια’
1470 5552 1593 5607 sqq.
1668 5535 1714 5567 "
1752 5532 1798 5589 ιι
1847 5532 1923 5599 Co

2050 5549 2107 5604 ll,
2149 5536 2238 5591 ιι.
2313 5536 2583 5609 “_Matth.
2617 5555 2672 5604 ν,
2704 5540 2754 5594 5.
