3766 5986
163 207 275 266 700

1260 204 1325 258 IN
1369 201 1902 259 ECCLESIASTEN.
1947 202 2230 257 IlOMILIA
2271 202 2359 257 Vl.

3305 198 3408 254 7l0

162 320 265 385 τῆς
295 314 461 384 ζωῆς,
493 313 553 365 τὸ
586 313 861 374 ἐπίπονον,
890 311 951 363 τὸ
972 310 1080 369 ἀπὸ
1094 310 1342 382 δακρύων
1369 310 1631 380 ἄρχεσθαι
1648 312 1740 365 καὶ

1854 310 2018 379 magis
2051 309 2297 375 deﬂebis,
2331 318 2386 364 et
2433 322 2540 378 qua
2573 324 2639 365 ex
2672 318 2827 379 parte
2855 312 3029 383 magis
3055 313 3304 383 quereris
3333 313 3401 368 de

162 406 497 475 καταλήγειν
518 405 597 465 είς
628 403 880 472 δάκρυον,
912 402 1005 472 τὴν
1033 401 1270 470 ἐλεεινὴν
1299 402 1618 470 νηπιότητα,
1639 401 1739 472 τὴν

165 497 226 547 ἐν
256 494 335 563 τῷ
363 495 512 563 γήρᾳ
544 492 869 562 παράνοιαν,
913 491 972 543 τὸ
1012 485 1278 544 ἀστατοῧν
1326 492 1424 559 τῆς
1465 492 1735 560 νεότητος,

161 584 229 637 τὸ
284 583 624 655 πολύμοχθον
674 583 783 635 τῶν
826 586 892 653 τῇ
945 582 1130 653 ἡλικίᾳ.
1182 581 1615 653 καθεστηκότων,
1646 582 1739 636 τοῦ

158 677 352 744 γάμου
399 675 462 728 τὸ
525 674 802 745 φορτικὸν,
841 675 941 742 τῆς
986 673 1230 744 ἀγαμεας
1264 673 1324 727 τὸ
1369 674 1593 744 ἔρημον,
1640 674 1738 744 τῆς

161 764 426 827 ἀπαιδίας
456 764 515 816 τὸ
532 763 778 835 ἄρριζον,
825 764 920 816 τοῦ
950 762 1178 817 πλούτου
1212 764 1272 817 τὸ
1302 764 1609 833 ἐπίφθονον,
1640 767 1741 835 τῆς

161 855 360 917 πενίας
393 855 456 907 τὸ
503 854 808 907 ἐπώδυνον·
864 855 958 907 καὶ
1001 854 1189 907 σιωπῶ
1229 854 1327 918 τὰς
1368 856 1740 926 πολυτρόπους

160 944 276 997 τῶν
309 945 633 1015 νοσημάτων
670 943 950 1014 διαφορὰς,
980 943 1078 1006 τὰς
1105 943 1303 1006 λώϐας.
1331 946 1457 1007 τοὺς
1487 946 1738 1014 ἀκρωτη-

162 1032 578 1105 ριασμίεν]οὺς,
598 1034 696 1095 τὰς
713 1033 921 1100 σήψεις,
942 1032 1039 1096 τὰς
1051 1032 1159 1087 τῶν
1175 1031 1739 1104 αἱσθητηρίωνπηρώ-

162 1142 307 1189 σεις,
335 1124 432 1187 τὰς
467 1125 530 1176 ἐκ
566 1123 834 1192 δαιμόνων
874 1122 1219 1195 παραφορὰς,
1253 1122 1429 1177 πάντα
1445 1124 1544 1177 ὅσα
1577 1126 1610 1195 ἡ
1637 1122 1740 1191 φύ-
1766 1196 1793 1209 ῃ

162 1233 253 1278 at;
283 1217 343 1268 ὲν
369 1216 533 1284 ἑαυτῇ
568 1213 832 1283 περιέχει,
865 1211 901 1266 ἃ
928 1215 994 1282 τῇ
1009 1212 1237 1282 δυνάμει
1263 1211 1495 1275 ἕκαστος
1531 1212 1741 1283 ἀνθρὼ-⁹

72 1296 77 1299 ’
159 1325 288 1361 πων
348 1308 495 1360 ἐστὶν
545 1304 684 1376 ἔχων
713 1307 771 1358 ἐν
801 1307 867 1375 τῇ
902 1305 1062 1373 φύσει
1098 1304 1168 1357 τὰ
1210 1305 1377 1374 πάθη.
1414 1304 1522 1376 Τὴν
1550 1305 1606 1357 δέ
1632 1305 1740 1357 τῶν

159 1397 392 1468 ἐρώτων
453 1397 668 1468 μανίαν,
730 1395 822 1449 καὶ
864 1395 954 1448 τὸν
1001 1393 1210 1464 δυσώδη
1251 1394 1528 1465 βόρϐορον,
1569 1395 1648 1458 εἰς
1681 1394 1741 1446 ὃν

161 1487 607 1559 καταστρέφεται
642 1489 695 1557 νή
744 1485 967 1555 τοιαύτη
995 1486 1188 1549 λύσσα,
1224 1485 1478 1556 παρίημι,
1518 1484 1611 1537 καὶ
1641 1483 1739 1553 τὴν

162 1577 604 1649 συνεζευγμένην
626 1579 692 1648 τῇ
718 1579 890 1648 τροφῇ
907 1576 994 1630 διὰ
1022 1576 1120 1645 τῆς
1152 1576 1525 1645 ἀποποιήσεως
1548 1573 1736 1644 ἀηδίαν

158 1668 227 1720 ού
255 1667 422 1736 λέγω,
453 1666 528 1731 ὡς
572 1668 638 1720 ἂν
671 1666 747 1736 μὴ
782 1666 992 1735 δόξαιμι
1033 1664 1121 1718 διὰ
1151 1666 1363 1719 πάντων
1408 1662 1736 1735 στηλιτεύειν

158 1757 245 1828 τῷ
279 1758 427 1828 λόγῳ
464 1758 557 1812 τὸν
583 1757 718 1828 βίον,
768 1756 1092 1826 κοπροποιόν
1130 1772 1250 1809 τινα
1270 1755 1368 1825 τὴν
1396 1755 1555 1823 φύσιν
1584 1753 1739 1825 ήμῶν

160 1848 564 1903 ἀποδεικνύων.
623 1848 803 1903 Πάντα
851 1848 1007 1937 ἀφεὶς
1050 1847 1221 1900 ταῦτα
1269 1847 1364 1901 καὶ
1405 1846 1474 1900 τὰ
1492 1845 1739 1911 τοιαῦτα,

161 1941 351 1992 ἐκεῖνο
384 1938 617 2006 μάλιστά
640 1954 782 2008 φημι
809 1934 1059 2007 δακρύων
1086 1936 1236 2002 ἄξιον
1255 1934 1391 1992 εἶναι
1418 1941 1529 2004 τοῖς
1553 1937 1741 1992 aio-Bat-

161 2028 438 2097 νομένοις,
461 2029 524 2081 τὸ
552 2027 749 2082 εἰδέναι
788 2027 995 2090 πάντας
1035 2026 1225 2096 ὅτιτῆς
1239 2027 1744 2100 σκιοειδοῦςταύτης

143 2119 300 2190 ζωῆς
315 2112 790 2187 παραδρλψοούσης,
807 2116 956 2185 μένει
975 2115 1122 2186 ἡμᾶς
1133 2130 1217 2175 τις
1233 2113 1427 2184 ἐκδοχὴ
1488 2116 1739 2189 κρίσεως,

165 2209 264 2259 καὶ
295 2206 464 2276 πυρὸς
485 2207 645 2279 ζῆλος
668 2207 866 2263 ἐσθίειν
896 2205 1178 2277 μέλλοντος
1208 2208 1335 2273 τοὺς
1369 2207 1737 2276 ὑπεναντίους.

176 2301 241 2353 ’0
297 2293 392 2354 οὖν
448 2294 622 2354 ταῦτα
649 2300 742 2353 καὶ
773 2299 841 2352 τὰ
868 2296 1089 2351 τοιαῦτα
1124 2298 1488 2371 λογιζόμενος,
1525 2296 1613 2370 ἆρ’
1641 2300 1742 2355 οὐκ

161 2392 259 2445 ἀεὶ
296 2391 374 2461 τῷ
413 2390 594 2461 θρήνῳ
612 2389 943 2461 συζήσεται;

243 2571 453 2627 Οὐκοῦν
472 2572 661 2643 καιρὸς
691 2571 757 2627 ἂν
788 2569 873 2641 εἴη
895 2570 989 2624 νῦν
1016 2569 1186 2650 satira
1216 2569 1294 2640 τῷ
1323 2569 1567 2653 λογισμῷ
1602 2570 1742 2641 λαμ-

167 2665 376 2719 6ἀνειν.
420 2664 637 2739 Ἐκγὰρ
663 2663 754 2716 τοῦ
785 2662 1119 2732 σκυθρωπῶς
1149 2662 1285 2739 πρὸς
1320 2661 1418 2732 τὴν
1463 2662 1741 2732 παροῦσαν

168 2756 318 2824 ἔχειν
363 2736 525 2826 ζωὴν,
549 2753 609 2808 τὸ
640 2753 803 2824 μηδὲν
841 2753 1180 2823 πλημμελεῖν
1215 2734 1271 2806 ἐν
1308 2754 1479 2824 ταύτῃ
1507 2753 1646 2809 κατὰ
1680 2752 1741 2806 τὸ

166 2845 322 2909 εἰκὸς
366 2846 819 2915 προσγενήσεται.
871 2844 1072 2897 Τούτου
1107 2843 1170 2897 -δέ
1209 2844 1663 2916 κατορθωθέντος,
1705 2844 1739 2915 ἠ

1842 399 2075 454 natura?
2114 400 2237 454 vitae
2280 399 2600 454 brevitatem
2628 405 2684 453 et
2717 400 2959 455 laborem
2994 403 3236 472 incipere
3264 419 3293 457 a
3325 405 3405 463 ll-

1841 491 2084 560 crymis,
2139 500 2196 546 et
2256 489 2507 545 desinere
2566 490 2622 544 in
2686 490 2977 560 lacrymas,
3039 494 3405 550 miserabilem

1841 578 2153 645 infamiam,
2183 581 2236 634 in
2269 586 2546 635 senectute
2576 578 2855 643 delirium.
2882 583 3187 650 iuventutis
3217 586 3421 641 incon-7

1840 670 2124 735 stantiam,
2156 670 2464 725 constantis
2495 671 2674 726 aetatis
2692 671 2940 731 laborum
2972 675 3402 742 perpessionem,

1843 774 2014 815 onera
2038 762 2394 824 matrimonii,
2438 763 2722 818 caelibatus
2768 764 3141 828 solitudinem,
3184 765 3238 820 in
3274 766 3407 821 libe-

1842 867 2031 907 rorum
2075 853 2307 907 orbitate
2340 852 2574 909 deﬁcere
2611 854 2875 922 radicem,
2918 857 3234 913 divitiarum
3267 859 3408 915 invi-

1842 946 2011 1006 diam,
2054 945 2400 1015 paupertatis
2442 946 2774 1002 molestiam.
2836 947 3014 1004 Taceo
3055 950 3405 1021 multiplicem

1844 1033 2160 1089 morborum
2188 1032 2576 1099 dill‘erentiam,
2617 1035 2840 1101 damna,
2873 1038 3270 1104 mutilationes,
3301 1057 3406 1110 pu-

1842 1123 2217 1189 trefactiones,
2237 1140 2500 1180 sensuum
2518 1126 2804 1192 orbitates,
2838 1142 2867 1181 a
2891 1129 3230 1185 daemonibus
3252 1146 3410 1186 vexa-

1844 1213 2041 1277 tiones,
2082 1229 2443 1285 quaecumque
2504 1217 2560 1270 in
2615 1232 2676 1272 se
2721 1218 2969 1279 continet
3014 1230 3231 1284 natura,
3285 1236 3409 1289 quae

1841 1303 2062 1371 quidem
2119 1304 2283 1359 homo
2335 1305 2565 1375 quilibet
2618 1314 2893 1377 potestate
2926 1310 3127 1374 'babet,
3179 1318 3305 1367 cum
3341 1326 3407 1366 ea

1841 1393 2093 1447 accidant
2124 1394 2178 1447 in
2209 1402 2426 1449 natura.
2465 1396 2622 1451 Mitto
2660 1406 2845 1453 autem
2871 1400 3078 1455 amoris
3113 1400 3406 1467 insaniam,

1840 1489 1895 1536 et
1925 1483 2066 1536 male
2114 1484 2271 1538 olens
2299 1497 2518 1540 omnum
2570 1484 2627 1538 in
2661 1500 2771 1554 quo
2811 1494 3092 1561 voculatur
3137 1488 3408 1557 eiusmodi

1843 1572 2046 1636 rabies,
2102 1588 2204 1629 nec
2255 1573 2453 1644 loquor
2496 1574 2566 1631 de
2622 1573 2911 1633 nutritioni
2963 1578 3254 1646 conjuncta
3310 1594 3409 1649 per

1843 1664 2214 1723 excretionem
2255 1665 2525 1731 molestia,
2576 1681 2645 1721 ne
2675 1666 2861 1722 videar
2898 1668 3150 1722 oratione
3187 1670 3409 1725 omnino

1842 1752 2024 1808 invehi
2073 1752 2128 1808 in
2178 1754 2369 1820 vitam,
2426 1756 2688 1811 stercoris
2722 1755 3054 1812 eﬂectrieem
3111 1758 3410 1819 ostendens

1840 1830 1966 1902 esse
2002 1854 2246 1902 nostram
2285 1859 2559 1903 naturam.
2588 1846 2684 1903 llis
2716 1847 2974 1903 omnibus
3000 1849 3405 1917 praetermissis,

1840 1944 1895 1992 et
1924 1953 2047 2007 quze
2071 1946 2200 1993 sunt
2230 1938 2569 2007 huiusmodi,
2599 1937 2731 1992 illud
2764 1938 2888 1993 dico
2912 1940 3146 1999 maxime
3182 1938 3406 2010 dignum

1841 2040 1966 2082 esse
1994 2014 2353 2097 lacrymis'iis
2387 2028 2481 2098 qui
2512 2028 2781 2093 sentiunt,
2807 2028 2954 2097 quod
2990 2028 3407 2092 sciantomnes,

1842 2132 1970 2173 cum
2017 2118 2132 2173 haec
2178 2120 2437 2176 umbrosa
2473 2119 2583 2173 vita
2633 2119 2977 2189 praeterierit.
3033 2134 3136 2175 nos
3191 2135 3411 2182 manere

1842 2211 2278 2280 expectationem
2320 2210 2539 2281 iudicii,
2589 2218 2644 2265 et
2676 2210 2851 2267 zelum
2903 2210 3046 2279 ignis
3097 2210 3410 2266 devoraturi

1844 2302 2212 2359 adversarios.
2250 2302 2356 2368 Qui
2390 2317 2520 2372 ergo
2551 2302 2666 2357 haec
2696 2312 2747 2358 et
2774 2317 2899 2372 quae
2936 2310 3065 2357 sunt
3096 2303 3410 2372 huiusmodi

1843 2399 2083 2459 reputat,
2116 2405 2183 2444 an
2217 2407 2327 2451 non
2361 2407 2578 2462 semper
2605 2392 2770 2447 simul
2812 2394 2954 2447 vivet
2984 2407 3112 2449 cum
3162 2394 3316 2451 luctu
3355 2403 3412 2451 et

1844 2481 2234 2537 lamentatione
2254 2483 2278 2536 ἲ

1920 2571 2157 2641 Tempus
2191 2587 2319 2643 ergo
2349 2581 2432 2629 est
2474 2572 2589 2628 haec
2620 2589 2765 2627 nunc
2805 2581 2986 2629 mente
3018 2573 3295 2631 versandi.
3331 2572 3411 2630 Ex

1845 2678 1912 2718 eo
1939 2665 2086 2720 enim
2116 2665 2258 2733 quod
2282 2705 2297 2731 ,
2327 2674 2594 2735 quantum
2625 2664 2692 2719 ad
2726 2673 3049 2734 praesentem
3084 2665 3250 2720 vitam
3281 2666 3411 2720 atti-

1845 2766 1941 2812 net
1964 2800 1979 2822 ,
2010 2773 2247 2815 mmrore
2269 2765 2324 2812 et
2353 2757 2604 2813 molestia
2636 2757 2815 2811 allecti
2849 2759 3051 2823 simus.
3092 2765 3151 2812 ut
3187 2757 3322 2813 nilnil
3356 2758 3412 2813 in

1845 2863 1910 2905 ea
1962 2864 2284 2919 peccemus,
2318 2856 2379 2903 ut
2420 2856 2508 2903 est
2553 2857 3017 2915 consentaneum,
3057 2848 3250 2904 aderit.
3294 2849 3413 2903 Hoc

168 2937 571 3005 ἐπαγγελθεῖσα
601 2938 701 3007 τῆς
727 2934 1063 3034 εὐφροσύνης
1089 2934 1249 3005 χάρις
1270 2934 1336 2988 δι’
1370 2936 1583 3000 ἐλπίδος
1608 2936 1740 3006 ἡμῖν

1854 2949 2031 2997 autem
2079 2941 2126 2999 si
2158 2951 2308 2996 recte
2356 2939 2485 3004 ﬁat,
2526 2940 2796 3009 promissa
2847 2938 3049 2995 laetitia!
3094 2938 3268 3008 gratia
3317 2953 3414 3008 per

168 3029 530 3084 ἀποκείσεται
546 3046 560 3059 ·
588 3031 622 3100 ή
645 3029 702 3082 δέ
732 3027 886 3091 ἐλπὶς
900 3028 959 3080 ού
977 3025 1344 3097 καταισχύνει,
1374 3025 1556 3091 καθώς
1577 3044 1741 3097 φησιν

1854 3047 1997 3102 spem
2032 3032 2198 3094 nobis
2239 3031 2539 3102 reponitur.
2572 3031 2709 3099 Spes
2740 3036 2918 3085 autem
2953 3028 3163 3100 pudore
3192 3044 3301 3084 non
3333 3027 3415 3083 al-

166 3126 201 3178 ὁ
244 3121 586 3186 ’Δπόστολος.
624 3120 698 3173 Τὸ
740 3118 799 3174 δέ
850 3121 1208 3190 ἐπαγόμενον,
1259 3116 1368 3172 οἷον
1406 3118 1740 3190 ἐπανάληψις

167 3213 271 3268 τοῦ
298 3211 691 3283 προειρημένου
711 3209 879 3265 ἐστιν.
905 3209 1089 3263 Εἰπὼν
1112 3208 1221 3280 γὰρ
1249 3208 1343 3262 τοῦ
1378 3207 1610 3280 δακρύου
1646 3208 1740 3262 καὶ

167 3304 268 3358 τοῦ
280 3303 511 3372 γέλωτος
526 3301 624 3372 τήν
644 3299 947 3372 εὐκαιρίαν,
966 3300 1238 3370 ἐπήγαγε·
1267 3319 1285 3350 ι
1312 3299 1517 3369 Καιρὸς
1535 3297 1742 3353 τοῦκό-

167 3395 401 3466 ψασθαι,
428 3393 616 3464 καιρὸς
646 3391 741 3445 τοῦ
773 3390 1130 3463 ὀρχήσασθαι,
1152 3409 1171 3440 ι
1203 3392 1338 3461 ὅπερ
1356 3389 1504 3447 οὐδὲν
1527 3388 1673 3452 ἄλλο,
1704 3388 1738 3458 ἢ

168 3486 427 3547 ἐπίτασις
446 3483 703 3552 ἐκατέρου
726 3481 834 3535 τῶν
854 3499 962 3552 μνη
973 3481 1337 3552 μονωθέντων
1355 3480 1522 3535 ἐστίν.
1555 3480 1615 3533 '0
1634 3479 1741 3550 γὰρ

168 3575 422 3646 εὐπαθής
446 3590 508 3628 τε
534 3576 628 3629 καὶ
660 3573 959 3637 ἐνδιάθετος
996 3573 1214 3644 θρῆνος,
1251 3572 1478 3637 κοπετὸς
1510 3572 1615 3625 ὑπὸ
1643 3570 1743 3642 τῆς

169 3670 394 3741 Γραφῆς
416 3666 759 3738 ὀνομάζεται.
803 3664 1072 3730 Ὡσαύτως
1116 3666 1173 3720 δέ
1199 3666 1292 3718 καὶ
1323 3667 1356 3736 ή
1395 3665 1617 3736 ὄρχησις
1647 3681 1744 3735 ση-

175 3762 361 3833 μαίνει
406 3760 505 3829 τὴν
541 3759 640 3831 τῇς
689 3758 1026 3830 εὐφροσύνης
1066 3756 1334 3821 ἐπίτασιν,
1364 3756 1545 3819 καθὼς
1582 3757 1640 3809 ἐν
1663 3753 1743 3825 τῷ

176 3844 493 3920 Εὐαγγελίῳ
515 3851 576 3902 τὸ
598 3847 835 3907 τοιοῦτον
859 3848 1154 3919 ἐμάθομεν,
1181 3850 1238 3901 ἐν
1261 3840 1342 3912 οἷς
1370 3863 1552 3917 φησιν,
1592 3865 1611 3897 ι
1640 3845 1747 3901 Ηύ-

170 3944 238 4013 λή
248 3958 422 4012 σαμεν
443 3942 704 4010 opimant
720 3939 819 3993 οὐκ
833 3937 1176 4009 ὠρχήσασθε·
1195 3937 1574 4009 ἐθρηνήσαμεν
1590 3937 1742 4006 ὑμῖν,

173 4035 273 4087 καὶ
304 4033 404 4085 οὐκ
442 4028 725 4100 ἐκόψασθε.
758 4048 777 4083 ι
818 4027 975 4083 Οὕτω
993 4029 1164 4097 μρησὶν
1193 4030 1227 4099 ή
1255 4028 1483 4099 ἱστορία,
1515 4028 1744 4082 κοπετὸν

177 4126 278 4190 μὲν
309 4123 402 4176 ἐπὶ
438 4123 503 4195 τῇ
520 4119 845 4190 μεταστάσει
872 4118 967 4172 τοῦ
996 4119 1240 4182 Μωσέως
1265 4118 1358 4173 ἐπὶ
1388 4121 1501 4181 τοῖς
1531 4118 1746 4192 Ἰσραη-

173 4213 350 4273 λίταις
377 4208 647 4278 γενέσθαι,
692 4205 1035 4278 ὀρχήσασθαι
1058 4205 1115 4258 δὲ
1141 4205 1231 4259 τὸν
1263 4204 1424 4260 Δαϐιδ
1451 4205 1549 4275 τῆς
1589 4204 1748 4259 κιῦω·
1799 4212 1803 4217 ’

66 4293 91 4312 ⁵
170 4302 271 4356 τοῦ
317 4297 796 4371 προπομπεύοντα,
821 4298 909 4371 ﬁge
963 4294 1131 4367 αὐτὴν
1177 4296 1243 4348 ἐκ
1272 4289 1389 4349 τῶν
1438 4294 1742 4364 ἀλλοφύλων

1854 4294 1994 4367 apud
2026 4294 2327 4360 lsraelitas,
2350 4310 2474 4351 cum
2499 4296 2762 4366 migraret
2790 4298 3030 4362 Moses‘,
3063 4297 3295 4353 saltasse
3326 4311 3415 4351 au-
3450 4346 3459 4350 -

171 4354 563 4462 άνεκομίσατο,
589 4388 662 4459 μὴ
686 4354 751 4441 ἐν
767 4354 1447 4458 συνήθει-δεικνύμενον
1477 4354 1737 4455 σχήματι.

184 4478 657 4549 Ὑποφθέγγεσθαι
717 4477 826 4550 γὰρ
883 4477 1043 4531 αὐτόν
1093 4492 1226 4546 φησι
1265 4474 1373 4528 τῶν
1412 4475 1744 4546 ἐναρμονίων

178 4572 356 4644 μελῶν
380 4572 439 4625 ἐν
457 4568 536 4640 τῷ
559 4569 802 4640 μουσικῷ
826 4569 1040 4639 ὀργάνῳ
1069 4567 1500 4637 ἀνακρουόμενρν
1524 4583 1538 4598 ο
1563 4582 1750 4633 συγκι-

175 4662 387 4716 νεῖσθαι
413 4661 471 4714 δέ
491 4660 627 4730 πρὸς
639 4659 734 4712 τὸν
762 4658 966 4729 ῥυθμὸν
989 4656 1065 4728 τῷ
1095 4657 1237 4721 ποδὶ,
1266 4658 1359 4712 καὶ
1390 4658 1456 4729 τῇ
1478 4656 1537 4711 ἐν
1556 4648 1748 4727 ῥυθμῷ

176 4755 389 4824 κινήσει
410 4751 505 4805 τοῦ
533 4749 782 4820 σώματος
815 4750 914 4821 τὴν
956 4748 1102 4805 ἔνδον
1122 4748 1465 4820 δημοσιεύειν
1488 4747 1745 4832 διάθεσιν.

190 4842 408 4914 Ἐπειδὴ
462 4840 639 4896 τοίνυν
670 4839 890 4904 διπλοῦς
944 4838 1043 4910 μὲν
1088 4841 1118 4893 ὀ
1149 4840 1449 4909 ἄνθρωπος,
1477 4840 1541 4892 ἐκ
1567 4837 1747 4910 ψυχῆς

174 4935 318 5002 λέγω
347 4932 441 4989 καὶ
466 4930 736 5001 σώματος,
771 4929 933 5000 διπλῆ
971 4929 1027 4983 δέ
1060 4929 1199 4999 καὶὴ
1232 4928 1365 5001 ζωή,
1397 4928 1745 5003 καταλλήλως

173 5028 231 5079 ἐν
273 5023 521 5094 ἐκατέρῳ
543 5022 651 5077 τῶν
674 5023 733 5075 ἐν
756 5024 790 5091 ή
803 5021 1341 5092 μῖν’ἐνεργουμὲνων,
1383 5020 1547 5075 καλὸν
1572 5020 1638 5074 ἂν
1658 5019 1759 5102 εἴη.

170 5118 240 5187 τῇ
266 5116 556 5185 σωματικῇ
584 5112 697 5185 ζωῇ
731 5113 1099 5184 κοπτομένους
1115 5115 1132 5135 ⁶
1152 5111 1342 5167 πολλαὶ
1364 5112 1457 5166 καὶ
1484 5111 1591 5167 τῶν
1616 5110 1747 5182 θρή-

177 5224 279 5261 νων
307 5205 452 5259 κατὰ
481 5205 573 5259 τὸν
605 5204 717 5275 βίον
740 5203 925 5263 τοῦτον
948 5204 1007 5258 αἱ
1030 5202 1296 5275 ἀφορμαὶ,
1317 5204 1383 5273 τῇ
1404 5203 1549 5273 ψυχῇ
1568 5218 1746 5273 παρα·-

175 5297 463 5362 σκευάζειν
494 5296 594 5367 τὴν
622 5295 940 5366 ἐναρμόνιον
968 5294 1215 5367 ὄρχησιν.
1239 5294 1402 5347 Ὅσον
1426 5290 1534 5364 γάρ
1577 5292 1737 5346 πλέον

172 5386 675 5456 καταστυγνάζεται
694 5384 783 5439 διὰ
812 5385 1151 5471 κατηφείαςὸ
1174 5383 1307 5461 βίος,
1336 5382 1571 5453 τοσούτῳ
1603 5382 1741 5453 μᾶλ-

584 5513 613 5522 .-

1846 3123 1989 3190 ﬁcit,
2018 3132 2079 3178 ut
2110 3124 2245 3179 dicit
2280 3123 2578 3194 Apostolus
2608 3125 2676 3177 ".
2712 3122 2867 3188 Quod
2901 3131 3081 3185 autem
3120 3122 3411 3192 subiungi-

1845 3223 1956 3280 tur,
1982 3223 2066 3270 est
2094 3213 2261 3275 veluti
2292 3214 2542 3283 repetitio
2569 3211 2690 3282 eius
2716 3211 2863 3282 quod
2892 3211 3048 3282 prius
3075 3210 3280 3268 dictum
3306 3220 3410 3268 est.

1845 3302 1980 3359 Nam
2023 3319 2146 3365 cum
2196 3302 2424 3369 dixisset
2468 3303 2833 3373 lacrymarum
2877 3309 2936 3356 et
2967 3303 3114 3358 risus
3147 3308 3410 3373 opportu-

1848 3395 2094 3458 nitatem,
2152 3390 2477 3462 subiunxit:
2519 3410 2538 3443 ι
2567 3389 2806 3459 Tempus
2852 3398 2939 3445 est
2980 3391 3307 3463 plangendi,
3359 3401 3413 3446 et

1847 3478 2062 3555 tempus
2105 3483 2374 3546 saltandi,
2411 3502 2428 3533 ι
2456 3480 2602 3550 quod
2647 3481 2868 3550 quidem
2907 3480 3046 3537 nihil
3093 3490 3178 3539 est
3225 3482 3407 3547 aliud,

1847 3589 2010 3646 quam
2051 3573 2403 3644 ampliﬁcatio
2441 3572 2730 3642 utriusque
2769 3586 2960 3627 eorum
3005 3586 3236 3641 quorum
3267 3572 3406 3629 facta

1844 3673 1931 3720 est
1960 3663 2184 3719 mentio.
2215 3655 2476 3731 Nam‘qui
2508 3660 2670 3718 facile
2698 3668 2979 3729 movetur,
3010 3671 3065 3717 et
3096 3669 3181 3719 est
3217 3677 3283 3717 ex
3321 3662 3407 3719 in-

1848 3761 2003 3811 terna
2039 3752 2361 3815 allectione,
2404 3753 2623 3817 luctus,
2673 3767 2703 3807 a
2753 3752 3039 3822 Scriptura
3090 3752 3408 3809 nominatur

1847 3845 2104 3914 planctus
2153 3845 2221 3897 ⁸⁸.
2255 3842 2522 3899 Similiter
2550 3849 2732 3899 autem
2760 3832 2834 3897 et
2877 3842 3097 3899 saltatio
3141 3841 3413 3913 signiﬁcat

1847 3936 2113 3989 intensam
2146 3933 2387 3988 laetitiam
2409 3972 2424 3998 ,
2457 3932 2730 4002 quomodo
2764 3931 3059 3991 didicimus
3086 3933 3141 3988 in
3169 3931 3413 4005 Evange-

1851 4026 1948 4089 lio,
1999 4037 2127 4083 cum
2199 4025 2417 4079 dieitu
2448 4021 2792 4081 Tibiavobis
2834 4024 3172 4092 cecinimus,
3213 4034 3268 4080 et
3302 4039 3414 4080 non

1852 4100 2137 4181 saltastis;
2176 4114 2466 4171 'lamentati
2501 4131 2694 4177 sumus
2728 4116 2921 4183 vobis,
2955 4126 3011 4173 et
3055 4130 3163 4175 non
3196 4115 3413 4186 planxi-

1852 4205 1955 4261 stis
1982 4203 2059 4257 ⁹⁹.σ
2084 4223 2103 4255 ι
2132 4202 2207 4258 lta
2237 4203 2373 4258 dicit
2408 4204 2638 4260 historia
2672 4205 2846 4262 fuisse
2877 4204 3093 4274 quidem
3134 4206 3412 4275 planctum

1852 4395 1960 4445 tem
1990 4384 2247 4441 Davidem
2276 4400 2461 4440 arcam
2490 4385 2547 4439 in
2577 4400 2776 4455 pompa
2799 4385 3218 4454 praecedentem,
3247 4402 3415 4457 quan-

1853 4477 1925 4533 do
1954 4492 2075 4533 eam
2102 4477 2354 4547 repetivit
2377 4477 2448 4533 ab
2478 4476 2819 4545 alienigenis,
2850 4492 2959 4535 non
2991 4493 3057 4535 eo
3087 4478 3274 4535 babittt
3306 4493 3415 4549 quo

1850 4568 2080 4624 solebat.
2112 4566 2459 4625 Dicit'enim
2483 4582 2610 4625 eum
2651 4565 2845 4623 modos
2882 4568 3152 4625 cecinisse
3196 4569 3416 4625 harmo-

1849 4659 2041 4721 nicos,
2082 4658 2390 4729 pulsantem
2432 4657 2700 4711 musicum
2736 4657 3196 4713 instrumentum:
3228 4674 3289 4715 se
3319 4674 3416 4713 au-

1847 4759 1957 4807 tem
1991 4748 2227 4806 movisse
2255 4748 2322 4802 ad
2352 4761 2667 4812 numerum,
2698 4753 2753 4801 et
2782 4761 3073 4802 numeroso
3103 4757 3413 4805 motuteor—

1849 4839 2000 4911 poris
2028 4838 2085 4892 in
2115 4837 2392 4909 publicum
2425 4837 2694 4892 internam
2724 4836 3019 4906 protulisse
3047 4835 3410 4901 aﬂectionem.

1849 4922 2543 5000 Quoniamigitur’duplex
2573 4927 2789 4997 quidem
2818 4936 2900 4992 est
2934 4926 3201 4993 lt'omo,‘ut
3226 4927 3318 4997 qui
3346 4942 3412 4984 ex

1848 5022 2029 5077 anima
2061 5029 2276 5077 constet
2301 5030 2355 5076 et
2384 5036 2650 5091 corpore,
2693 5028 2748 5075 et
2792 5021 3178 5079 convenienter
3216 5019 3413 5089 duplex

1849 5126 2066 5182 quoque
2093 5118 2178 5166 est
2203 5110 2315 5166 vita
2342 5128 2358 5177 ;
2389 5112 2445 5165 in
2476 5122 2709 5180 utroque
2730 5104 2920 5167 eorum
2950 5125 3069 5180 qua:
3095 5109 3229 5171 ﬁunt
3261 5124 3291 5163 a
3321 5125 3413 5163 no-

1848 5201 1957 5263 bis.
1995 5200 2196 5255 bonum
2230 5198 2394 5255 fuerit
2426 5200 2549 5253 vitae
2579 5213 2873 5267 corporea,
2909 5208 2967 5254 ut
2994 5199 3086 5269 qui
3117 5199 3409 5268 plangunt,

1847 5290 2046 5345 multas
2075 5289 2319 5345 luctuum
2346 5297 2400 5343 et
2427 5288 2876 5343 lamentationum
2906 5287 2961 5343 in
2992 5288 3095 5343 hac
3122 5287 3231 5342 vita
3261 5301 3414 5343 occa-

1845 5383 2028 5438 siones
2060 5388 2114 5438 et
2144 5363 2478 5435 adminicula
2509 5377 2706 5432 animae
2738 5386 2931 5448 parent
2961 5378 3028 5435 ad
3061 5391 3412 5436 numerosam

238 5571 281 5603 ”
319 5568 482 5624 ﬂom.
513 5585 569 5638 v,
603 5568 655 5622 5.
731 5568 778 5601 ³⁸
813 5565 961 5621 Matt.
1024 5582 1081 5630 tt,
1127 5564 1214 5619 18.
1291 5566 1337 5599 ’⁸
1376 5564 1509 5620 Luc.
1532 5580 1628 5627 vtt,
1652 5562 1741 5617 52.
1821 5562 1837 5595 ¹
1874 5560 2031 5620 Deut.
2055 5579 2241 5627 τισιν,
2274 5563 2327 5618 8.
2404 5563 2423 5594 ²
2457 5558 2500 5613 ll
2526 5556 2655 5628 Reg.
2683 5574 2754 5620 vr,
2791 5556 2874 5617 l4.

1197 5694 1233 5718 (ν
