3766 5986
395 177 495 233 ἨΙ

1600 175 1658 230 S.
1697 173 2026 231 GllEGORIl
2069 170 2365 228 NYSSENI
3542 171 3625 226 712

397 297 760 353 saltationem.
800 291 935 348 Nam
964 309 1072 362 quo
1111 293 1284 363 magis
1323 293 1432 346 vita
1471 308 1706 348 marrorc
1751 295 1962 362 angitur

2080 295 2159 344 λον
2181 293 2237 344 αἱ
2258 289 2358 358 τῆς
2388 285 2727 356 εὐφροσύνης
2755 282 3001 355 ἀφορμαὶ
3018 286 3083 354 τῇ
3106 283 3250 353 ψυχῇ
3284 281 3628 354 συναθροίζων.

397 395 450 442 et
487 386 854 446 contrahitur,
885 399 952 438 eo
985 383 1221 451 majores
1266 382 1466 435 lzrlitize
1498 381 1820 435 occasiones
1846 395 1977 434 cnn-

399 486 691 552 gregantur
725 476 778 528 in
811 477 1013 526 anima.
1056 477 1218 525 Arcta
1249 481 1302 526 et
1336 488 1530 540 aspera
1567 487 1654 526 res
1687 480 1771 525 est
1801 471 1976 525 conti-

400 569 584 624 nentia
608 607 622 628 ,
657 582 745 620 res
775 567 953 619 tristis
981 573 1062 618 est
1095 564 1378 617 humilitas
1401 603 1416 625 ,
1451 579 1538 616 res
1579 572 1663 616 est
1710 563 1974 615 lamenta-

402 659 528 714 bilis
572 658 832 711 damnum
877 655 985 724 pati
1019 673 1031 707 :
1088 653 1268 707 luctus
1297 662 1380 706 est
1411 659 1829 720 argumentum,
1867 665 1975 703 non

403 753 614 800 tantum
661 746 894 806 hahere,
939 751 1202 812 quantum
1255 744 1289 795 ii
1329 743 1424 810 qui
1455 743 1792 796 dominatum
1829 741 1974 794 oliti-

401 847 572 893 nent:
607 837 701 891 scd
752 839 842 905 qui
891 837 1130 903 seipsum
1181 835 1463 895 humiliat,
1519 833 1870 894 exaltaliitur,
1920 839 1975 886 et

399 928 494 997 qui
535 927 588 979 in
639 935 952 995 paupertate
991 932 1297 988 exercetur,
1353 924 1733 988 coronabitur,
1779 932 1832 975 et
1880 921 1972 990 qui

400 1021 637 1074 scatebat
674 1017 986 1076 ulceribus.
1036 1023 1089 1068 et
1134 1014 1189 1067 in
1233 1015 1487 1068 onmihus
1526 1014 1850 1068 ostendebat
1887 1013 1973 1066 vi-

399 1119 509 1165 tam
540 1107 758 1175 dignam
791 1120 912 1174 quae
941 1106 1237 1174 lugeretur,
1277 1104 1519 1171 quiescet
1554 1104 1608 1156 in
1645 1104 1768 1157 sinu
1801 1103 1976 1156 Abra-

399 1199 500 1252 hae.
539 1197 596 1250 In
629 1212 735 1266 quo
768 1212 868 1251 nos
913 1209 1131 1264 quoque
1179 1195 1378 1257 simus,
1432 1192 1809 1248 misericordia
1852 1193 1973 1262 ejus

400 1290 493 1357 qui
527 1302 632 1341 nos
663 1296 884 1350 servat,
916 1285 1045 1341 Jcsu
1080 1285 1286 1340 Chi-isti
1315 1301 1330 1350 ;
1363 1285 1448 1338 cui
1485 1285 1656 1354 gloria
1692 1285 1745 1338 in
1773 1285 1974 1339 saecula

402 1379 753 1434 saeculorum.
792 1379 984 1431 Amen.

962 1465 1244 1520 HOMILIA
1289 1466 1403 1521 VII.

477 1580 496 1612 ι
530 1559 769 1628 Tempus
803 1557 1041 1626 jaciendi
1085 1558 1313 1626 lapides,
1342 1569 1394 1610 et
1425 1565 1642 1626 tempus
1677 1557 1968 1628 colligendi

2078 401 2186 436 ται.
2241 382 2471 448 Στυγνδν
2510 381 2541 448 ή
2593 379 2884 448 ἐγκράτεια
2909 394 2921 407 ο
2948 376 3188 445 κατηφὲς
3219 378 3251 445 ἡ
3283 375 3626 439 ταπείνωσις-

2077 476 2270 546 θρῆνος
2318 473 2378 525 τὸ
2405 469 2766 540 ζημιοῦσθαι·
2803 467 3031 530 πένθους
3065 467 3317 529 ὑπόθεσις
3343 467 3408 518 16
3441 467 3514 536 μὴ
3540 469 3630 518 ἴσον

2077 570 2213 640 πρὸς
2242 569 2368 630 τοὺς
2396 564 2727 637 κρατοῦντας
2749 563 2890 633 ἔχειν
2917 578 2930 591 ·
2958 561 3071 614 ἀλλ’
3092 561 3119 612 6
3137 561 3412 613 ταπεινῶν
3442 561 3628 620 ἑαυτὸν,

2078 661 2441 730 ὑψωθήσεται,
2487 658 2580 710 καὶ
2620 657 2649 708 6
2687 653 2921 707 ἐναθλῶν
2947 655 3013 722 τῇ
3044 652 3204 721 πενία
3245 651 3632 718 στεφανωθήσε-

2076 767 2184 813 ται,
2209 750 2303 802 καὶ
2331 750 2358 802 6
2380 753 2491 810 τοῖς
2527 748 2708 800 ’ἐλκεσι
2755 745 2933 815 βρύων
2969 745 3061 797 καὶ
3079 744 3165 796 διὰ
3198 743 3417 795 πάντων
3455 741 3630 811 θρήνου

2076 841 2222 904 ἄξιον
2245 841 2336 894 τὸν
2389 839 2576 893 ἑαυτοῦ
2610 837 2722 907 βίον
2745 835 3200 904 ἐπιδεικνύμενος,
3233 834 3311 902 τῷ
3345 834 3527 901 κόλπῳ
3554 833 3630 885 τοῦ

2075 934 2420 1003 Πατριάρχου
2443 929 2888 984 ἐναναπαὺσεται.
2907 927 2994 978 Ἐν
3007 920 3050 992 ᾧ
3069 927 3163 978 καὶ
3180 927 3340 994 ἡμεῖς
3361 923 3630 991 γενοίμεθα

2073 1023 2150 1092 τῷ
2186 1024 2324 1075 ἐλέει
2364 1021 2458 1075 τοῦ
2511 1021 2770 1084 σώζοντος
2818 1019 2965 1087 ἡμᾶς
3014 1015 3185 1086 Ἰησοῦ
3226 1013 3487 1084 Χριστοῦ*
3530 1007 3570 1078 ᾧ
3606 1015 3631 1082 ή

2074 1116 2200 1179 δόξα
2255 1116 2347 1168 καὶ
2397 1115 2458 1168 16
2505 1115 2703 1184 κράτος
2742 1114 2822 1176 εἰς
2865 1112 2991 1172 τοὺς
3037 1107 3234 1172 αἰῶνας
3279 1109 3390 1161 τῶν
3421 1106 3628 1161 αἰώνων.

2083 1193 2280 1280 δἈμήν.
3155 1210 3163 1221 ’

2673 1480 2920 1536 ΟΜΙΛΙΑ
2959 1481 3031 1532 Z'.

2147 1592 2166 1625 ι
2195 1573 2396 1645 Καιρὸς
2415 1574 2506 1628 τοῦ
2534 1573 2710 1644 βαλεῖν
2730 1573 2932 1635 λίθουςτ
2954 1572 3048 1624 καὶ
3074 1569 3261 1640 καιρὸς
3290 1568 3390 1622 τοῦ
3421 1586 3633 1635 συναγα·

400 1651 626 1722 lapides.
659 1669 676 1702 ι
705 1649 804 1704 Per
836 1664 896 1702 ea
928 1664 1048 1717 quae
1081 1649 1321 1703 ostendit
1343 1690 1356 1710 ,
1393 1648 1706 1703 auditorum
1738 1650 1851 1716 jam
1889 1651 1962 1703 vi-

2080 1668 2189 1734 γεῖν
2242 1666 2441 1729 λίθους.
2485 1685 2502 1716 ι
2532 1665 2776 1732 Ηὺξησεν
2815 1663 2912 1732 ήδη
2962 1662 3028 1714 δι’
3082 1654 3157 1714 ὧν
3201 1660 3371 1724 ἔδειξε
3420 1659 3518 1729 τὴν
3545 1659 3633 1710 τῶν

398 1759 488 1808 res
522 1743 672 1795 auxit
702 1741 1202 1816 ecclesiasticarum
1234 1742 1514 1809 cepiarum
1559 1741 1875 1809 praefectus,
1911 1751 1968 1796 ut

397 1844 452 1889 et
478 1835 588 1903 jam
619 1833 832 1902 possint
862 1832 1024 1886 ferire
1058 1832 1410 1886 adversarios
1432 1873 1446 1898 ,
1478 1841 1531 1886 et
1561 1848 1622 1886 ea
1651 1848 1969 1901 comparare

397 1943 518 1997 quae
551 1935 678 1980 sunt
714 1925 834 1977 usui
866 1923 932 1976 ad
976 1922 1304 1977 feriendum.
1348 1921 1420 1974 Ea
1463 1923 1608 1976 enim
1653 1938 1772 1992 quae
1815 1923 1967 1992 prius

397 2018 724 2078 didicimus,
761 2031 828 2070 ex
858 2030 924 2070 eo
953 2014 1092 2084 quod
1129 2015 1384 2070 omnibus
1423 2016 1641 2086 adaptet
1684 2032 1802 2071 eam
1847 2033 1970 2086 qua:

396 2117 569 2165 estex
601 2117 847 2176 tempore
874 2119 1187 2160 mensuram
1213 2145 1227 2168 ,
1259 2113 1310 2158 et
1340 2121 1459 2159 eam
1493 2121 1614 2174 qua:
1643 2116 1727 2160 est
1756 2108 1810 2160 in
1845 2085 1973 2161 uni:

395 2217 558 2260 verso
589 2202 1050 2270 opportunitatem
1074 2239 1088 2262 ,
1127 2199 1250 2253 boni
1287 2205 1342 2252 et
1379 2198 1593 2252 honesti
1639 2201 1970 2254 constituere

393 2293 634 2364 judicem
663 2293 843 2347 edocti
879 2307 1102 2354 sumus,
1137 2292 1202 2344 ad
1238 2291 1379 2344 hanc
1426 2306 1528 2346 nos
1565 2290 1839 2346 deducunt
1885 2292 1968 2346 fa-

398 2387 654 2441 cultatem
673 2426 685 2448 ,
712 2393 770 2440 ut
796 2385 1131 2453 intelligatur
1160 2385 1352 2438 anima:
1378 2393 1578 2438 nostra:
1600 2399 1721 2437 esse
1751 2383 1968 2452 aliquod

397 2479 677 2532 brachium
700 2517 714 2542 ,
747 2487 800 2532 et
833 2484 978 2532 recta
1006 2477 1290 2530 mittamus
1326 2475 1536 2544 lapides
1581 2476 1673 2542 qui
1715 2474 1970 2529 occidant

397 2570 671 2633 inimicos,
697 2577 752 2623 et
773 2585 964 2624 rursus
988 2585 1084 2624 eos
1105 2583 1424 2622 revocemus
1446 2606 1461 2629 ,
1494 2568 1558 2620 ad
1591 2581 1970 2635 quemcunque

401 2661 608 2716 hostem
634 2660 964 2730 jecerimus,
994 2659 1059 2712 ad
1095 2658 1199 2712 hoc
1234 2668 1291 2710 ut
1319 2672 1534 2726 semper
1565 2657 1783 2711 eosdem
1813 2655 1970 2724 jacu-

399 2754 572 2808 Iemur
601 2752 655 2806 in
687 2752 1084 2806 adversarium.
1113 2751 1289 2818 Atque
1326 2749 1360 2802 ii
1403 2749 1620 2818 quidem
1663 2747 1758 2817 qui
1796 2748 1968 2802 solam

396 2844 680 2897 intuentur
711 2845 943 2897 litteram
969 2883 984 2904 ,
1013 2852 1064 2896 et
1089 2841 1154 2895 ad
1182 2856 1402 2896 sensum
1431 2841 1521 2909 qui
1548 2847 1632 2894 cst
1658 2841 1724 2893 ad
1750 2853 1969 2891 manum

397 2940 610 2986 tantum
630 2932 945 2994 advertunt,
963 2931 1458 2985 accommodahunt
1476 2930 1644 3000 legem
1664 2928 1830 2984 Musis
1844 2943 1971 2997 prae-

400 3024 649 3078 sentibus
681 3024 898 3086 verbis,
924 3024 977 3076 in
1009 3038 1114 3092 qua
1144 3023 1229 3077 lex
1257 3022 1412 3092 jubet
1438 3023 1622 3091 jacere
1649 3021 1856 3090 lapides
1877 3061 1891 3085 ,
1922 3022 1968 3076 si

398 3114 678 3182 quidpiam
714 3114 1066 3168 inveniantur
1097 3114 1262 3182 aliqui
1297 3113 1615 3182 delinquere
1661 3113 1716 3167 in
1766 3113 1968 3184 legem,

399 3205 544 3258 sicut
585 3214 640 3256 et
676 3218 776 3257 nos
818 3218 912 3270 per
956 3204 1127 3272 ipsam
1162 3201 1454 3257 didicimus
1491 3203 1812 3268 historiam,
1860 3212 1968 3256 tam

399 3296 454 3348 in
485 3295 552 3349 iis
577 3295 670 3364 qui
708 3301 934 3363 peccant
966 3294 1232 3349 adversus
1263 3293 1558 3348 Sahhatum
1581 3337 1595 3358 ,
1623 3309 1787 3362 quam
1820 3296 1874 3348 in
1905 3309 1970 3349 eo

399 3387 491 3454 qui
529 3401 684 3440 sacra
723 3393 808 3440 est
845 3385 1144 3440 suﬂuratus
1167 3427 1181 3450 ,
1219 3391 1273 3439 et
1309 3386 1361 3438 in
1395 3386 1518 3440 aliis
1551 3386 1772 3440 delictis
1797 3425 1810 3448 ,
1847 3400 1968 3454 qua:

399 3477 485 3531 lex
516 3477 683 3545 jussit
736 3475 919 3546 puniri
971 3475 1262 3546 lapidibus.
1299 3475 1410 3547 Ego
1445 3485 1657 3542 autem,
1692 3477 1736 3531 si
1773 3491 1970 3547 cogere

398 3569 608 3638 lapides
652 3575 1018 3636 opportunum
1067 3566 1272 3621 faceret
1313 3567 1711 3630 Ecclesiastes,
1745 3567 1813 3621 de
1860 3583 1969 3637 quo

397 3659 480 3712 lex
513 3656 648 3712 nihil
677 3659 865 3728 jubet,
898 3675 1076 3726 neque
1119 3659 1228 3712 ulla
1269 3674 1336 3713 ex
1368 3659 1597 3714 historia
1630 3661 1775 3713 actio
1803 3659 1970 3714 refert

399 3749 576 3805 simile
596 3789 610 3814 ,
641 3750 710 3803 iis
741 3752 1041 3805 assentirer
1067 3751 1158 3818 qui
1186 3749 1351 3804 verba
1377 3765 1474 3818 per
1494 3751 1666 3820 legem
1695 3751 1967 3820 interpre-

395 3849 602 3905 tantur,
636 3841 779 3910 quod
815 3842 1026 3895 scilicet
1057 3848 1192 3893 tunc
1225 3841 1296 3894 sit
1328 3848 1539 3909 tempus
1567 3841 1804 3910 jaciendi
1828 3842 1966 3910 lapi-

397 3931 519 3994 des,
550 3931 770 3999 quando
803 3930 1072 3998 quispiam
1099 3931 1178 3984 vel
1201 3931 1432 4000 deliquit
1462 3933 1724 3987 adversus
1761 3934 1970 3988 Sabha-

399 4029 515 4073 tum
538 4058 552 4081 ,
583 4020 665 4073 vel
694 4021 918 4073 abstulit
949 4019 1155 4086 aliquid
1185 4035 1372 4074 eorum
1403 4039 1522 4090 quae
1545 4033 1671 4077 sunt
1694 4025 1964 4080 dedicata.

398 4108 557 4164 Nunc
605 4118 786 4162 autem
843 4107 1082 4176 adjectio
1132 4109 1252 4174 ejus
1295 4111 1439 4178 quod
1477 4120 1727 4180 oporteat
1775 4129 1968 4168 rursus

401 4216 594 4271 cogere
627 4198 834 4269 lapides
855 4239 868 4262 ,
905 4199 1053 4268 quod
1083 4199 1302 4267 quidem
1339 4202 1486 4254 nulla
1516 4202 1630 4272 lege
1662 4211 1746 4256 est
1775 4203 1968 4258 deﬁni-

397 4299 550 4354 tum,
585 4305 686 4345 nos
715 4289 867 4344 ducit
900 4287 966 4342 ad
998 4288 1166 4342 alium
1194 4304 1433 4344 sensum.
1475 4289 1758 4347 Discamus
1785 4304 1964 4348 autem

309 4407 316 4413 -
399 4381 704 4451 cujusmodi
735 4384 805 4434 sit
834 4381 937 4434 hoc
965 4396 1138 4449 genus
1168 4380 1429 4449 lapidum,
1449 4382 1592 4450 quod
1614 4390 1735 4452 post
1757 4383 1964 4453 jactum

398 4487 594 4526 rursus
626 4481 803 4539 potest
830 4471 1097 4541 possideri
1129 4473 1198 4527 ab
1225 4488 1290 4528 eo
1322 4474 1413 4542 qui
1447 4474 1696 4543 projecit.

469 4557 761 4627 Postquam
818 4559 964 4612 enim
1011 4560 1217 4629 lapides
1263 4561 1317 4615 in
1359 4571 1600 4632 tempore
1641 4564 1960 4633 jecerimus,

397 4663 592 4703 rursus
624 4662 718 4703 eos
749 4663 944 4718 cogere
977 4649 1238 4704 docemur
1270 4651 1324 4705 in
1377 4663 1638 4722 tempore.
1677 4655 1805 4709 Mihi
1834 4672 1965 4726 ergo

397 4740 615 4794 videtur
640 4754 748 4794 non
785 4741 920 4796 satis
953 4743 1261 4796 sublimiter
1307 4744 1553 4814 accipere
1606 4745 1778 4815 legem
1813 4749 1868 4801 in
1899 4764 1964 4803 eo

399 4845 562 4885 sensu
596 4831 688 4900 qui
736 4838 820 4885 est
860 4831 927 4885 ad
977 4848 1218 4886 manum.
1255 4833 1393 4897 Ouid
1439 4835 1581 4888 enim
1622 4853 1878 4908 magnum
1910 4848 1964 4895 et

397 4921 542 4989 quod
588 4919 755 4976 Deum
801 4921 1010 4985 deceat,
1043 4935 1264 4992 apparet
1298 4925 1351 4978 in
1383 4927 1530 4980 nudo
1574 4943 1736 4983 sensu
1771 4945 1959 4985 eorum

396 5027 517 5080 qua:
542 5011 745 5082 scripta
776 5012 940 5066 sunt?
975 5011 1032 5066 Si
1080 5015 1207 5082 quis
1255 5015 1625 5086 deprehensus
1658 5031 1802 5076 esset
1845 5037 1965 5076 sar-

397 5109 637 5156 mentum
668 5103 932 5173 colligens
959 5101 1223 5167 Sabbato,
1255 5117 1537 5176 propterea
1561 5113 1843 5180 oportebat
1865 5113 1966 5167 ho-

396 5190 596 5245 minem
640 5191 799 5244 obrui
836 5191 1108 5260 lapidibus
1133 5194 1174 5258 ³,
1215 5210 1338 5248 cum
1371 5199 1516 5252 nulla
1554 5199 1749 5269 injuria
1791 5217 1963 5272 appa-

397 5289 514 5335 reat
543 5281 597 5334 in
639 5280 878 5335 delicto?
918 5283 1091 5346 Quam
1124 5287 1267 5338 enim
1313 5287 1513 5344 fecerat
1544 5292 1820 5361 injuriam,
1859 5293 1964 5345 alio

398 5387 536 5440 quas
559 5371 799 5428 festucas
819 5388 950 5429 casu
971 5374 1226 5444 disjectas
1249 5397 1341 5451 per
1361 5383 1711 5442 solitudinem
1735 5385 1800 5439 ad
1822 5385 1961 5457 ignis

449 5543 471 5574 ³
517 5543 678 5603 Νιιιη.
709 5565 797 5617 ιγ,
818 5553 887 5607 52
906 5571 1018 5625 sqq,

2075 1757 2373 1811 ἀκουόντων
2403 1757 2554 1825 ίσχὺν
2586 1756 2612 1807 6
2635 1756 2733 1823 τῆς
2758 1750 3213 1822 ἐκκλησιαστικῆς
3241 1751 3528 1820 δυνάμεως
3553 1766 3632 1800 11-

2078 1846 2314 1918 ξίαρχος,
2350 1847 2490 1900 ὥστε
2527 1846 2622 1898 καὶ
2670 1844 2850 1913 βαλεῖν
2896 1839 3152 1895 δὺνᾶσθαι
3200 1843 3326 1903 τους
3365 1841 3632 1894 ἀντιτεταο

2075 1938 2331 2006 γμένους,
2351 1934 2563 1998 καὶτὰς
2589 1936 2668 1996 εἰς
2691 1934 2751 1986 16
2779 1933 2958 2002 βαλεῖν
2995 1930 3352 2003 παρασκευὰς
3387 1930 3636 2000 συμπορί-

2076 2027 2282 2091 ζεσθαι.
2318 2028 2384 2078 Ἀ
2411 2025 2518 2097 γάρ
2542 2023 3066 2097 προεπαιδεὺθημεν,
3093 2023 3160 2075 δι’
3200 2016 3276 2075 ὧν
3300 2023 3473 2074 πᾶσιν
3493 2023 3637 2089 ἐφαρ-

2079 2116 2262 2186 μόζειν
2293 2117 2354 2170 τὸ
2391 2118 2454 2170 ἐκ
2484 2117 2578 2170 τοῦ
2629 2113 2839 2187 χρόνου
2867 2117 3084 2187 μέτρον,
3128 2117 3220 2169 καὶ
3249 2117 3352 2186 τήν
3390 2117 3450 2168 ἐν
3497 2116 3636 2167 παντὶ

2075 2207 2357 2279 εὐκαιρίαν
2385 2207 2652 2262 ποιεῖσθαι
2681 2207 2773 2260 τοῦ
2801 2207 2966 2260 καλοῦ
2996 2208 3277 2278 κριτήριον
3317 2223 3389 2275 με
3399 2205 3637 2276 μῇαθήκα-

2080 2317 2198 2369 μεν,
2227 2303 2306 2363 εἰς
2329 2300 2532 2370 ταύτην
2553 2301 2701 2370 ἡμᾶς
2731 2301 2850 2367 άγει
2871 2299 2970 2368 τὴν
2993 2299 3242 2367 δύναμιν,
3278 2297 3427 2366 ὥστε
3460 2295 3638 2364 νοηθῆ-

2074 2389 2161 2442 ναί
2190 2407 2312 2443 τινα
2338 2390 2492 2460 ήμῶν
2521 2391 2617 2459 τῆς
2642 2389 2818 2459 ψυχῆς
2849 2389 3127 2460 βραχίονα,
3153 2388 3244 2441 καὶ
3277 2389 3426 2441 κατὰ
3451 2385 3637 2440 σκοποῦ

2077 2483 2316 2552 πέμπειν
2361 2482 2485 2543 τοὺς
2515 2481 2890 2550 ἀναιρετικοὺς
2927 2479 3020 2532 τοῦ
3062 2478 3256 2549 ἐχθροῦ
3290 2478 3522 2540 λίθους,
3559 2476 3638 2529 καὶ

2078 2571 2237 2624 πάλιν
2265 2571 2650 2625 ἀνακαλεῖσθαι
2678 2570 2897 2632 τούτους
2921 2571 3002 2632 είς
3024 2564 3134 2622 οἷον
3171 2568 3236 2621 ἂν
3263 2568 3360 2621 τὸν
3393 2568 3638 2636 πολέμιον

2077 2663 2325 2734 βάλωμεν
2350 2665 2428 2725 εἰς
2461 2663 2523 2715 16
2546 2662 2631 2714 dial.
2665 2662 2751 2715 διὰ
2782 2662 2889 2715 τῶν
2923 2661 3099 2714 αὑτῶν
3122 2659 3539 2723 κατακοντίζειν
3562 2647 3637 2708 τὸν

2075 2753 2467 2823 ἀντικείμενον.
2506 2754 2568 2804 Ol
2605 2752 2701 2823 μὲν
2727 2747 2821 2804 οῦν
2850 2751 2982 2822 πρὸς
3011 2750 3069 2803 16
3097 2750 3332 2820 γράμμα
3361 2743 3638 2819 βλέποντες

2080 2847 2258 2914 μόνον,
2291 2845 2384 2897 καὶ
2423 2847 2489 2915 τῇ
2537 2844 2814 2915 προχείρῳ
2857 2844 3254 2913 παριστάμενοι
3286 2841 3504 2913 διανοίᾳ
3539 2841 3638 2892 τῶν

2077 2921 2380 3006 είρημένων
2401 2975 2414 3000 ,
2460 2937 2550 2989 τὸν
2579 2935 2820 2998 Μωσέως
2845 2935 3006 3004 νόμον
3031 2935 3160 2996 ἴσως
3192 2933 3433 3002 παροῦσι
3470 2935 3639 3004 ῥητοῖς

1997 3007 2040 3066 C
2072 3029 2496 3099 ἐφαρμόσουσιν,
2542 3027 2627 3095 ἐφ’
2661 3027 2719 3080 ὃν
2771 3028 3102 3098 προστάσσει
3145 3028 3175 3078 6
3217 3025 3387 3095 νόμος
3439 3025 3637 3094 βάλλει-ι

2071 3119 2272 3180 λίθους,
2304 3117 2357 3169 εί
2385 3135 2438 3170 τι
2469 3117 2906 3188 παρανομοῦντες
2938 3117 3275 3187 εὑρίσκοιντο
3295 3158 3309 3182 ,
3335 3112 3430 3168 οἷα
3467 3115 3531 3185 δὴ
3557 3115 3638 3167 καὶ

2070 3208 2136 3262 δι’
2174 3208 2344 3277 αὐτῆς
2379 3208 2774 3279 μεμαθήκαμεν
2799 3209 2897 3277 τῆς
2939 3207 3198 3278 ἱστορίας,
3227 3207 3318 3258 ἐπί
3347 3223 3408 3259 τε
3430 3208 3545 3260 τῶν
3572 3208 3640 3266 εἰς

2070 3297 2129 3350 16
2153 3297 2415 3350 σάϐϐατον
2439 3299 2937 3369 ἐξαμαρτανόντων,
2974 3298 3066 3350 καὶ
3096 3297 3188 3349 τοῦ
3220 3297 3288 3349 τὰ
3317 3297 3442 3367 ἱερὰ
3469 3297 3641 3350 κεκλο-

2072 3389 2250 3456 φότος,
2281 3387 2372 3440 καὶ
2417 3390 2508 3441 ἐπὶ
2547 3389 2654 3440 τῶν
2691 3388 2864 3442 ἄλλων
2897 3387 3389 3457 πλημμελημάτων
3435 3385 3523 3450 οἷς
3551 3388 3638 3456 τὴν

2069 3480 2156 3533 διὰ
2189 3481 2296 3533 τῶν
2335 3481 2498 3533 λίθων
2530 3480 2799 3550 τιμωρίαν
2827 3482 2854 3532 6
2885 3480 3048 3550 νόμος
3078 3479 3358 3544 ἐπέταξεν.
3417 3479 3565 3547 Ἐγὼ
3589 3479 3638 3531 δὲ

2069 3573 2116 3624 εἰ
2148 3572 2240 3624 καὶ
2269 3571 2328 3623 τὸ
2362 3573 2686 3638 συναγαγεῖν
2724 3570 2904 3633 λίθους
2932 3571 3188 3640 εὑκαιρον
3233 3572 3263 3622 6
3314 3570 3637 3639 Ἐκκλησια-

2072 3663 2203 3732 στὴς
2244 3663 2498 3724 ἐποιεῖτο,
2551 3662 2676 3730 περὶ
2730 3653 2791 3712 οὗ
2825 3661 2990 3730 νόμος
3032 3661 3208 3723 οὐδεὶς
3252 3661 3634 3728 ἑγκελεὺεται,

2069 3753 2192 3806 οὔτε
2221 3755 2317 3824 τῆς
2342 3753 2581 3827 ἱστορίας
2625 3753 2821 3822 πρᾶξιν
2856 3753 3142 3822 ὑφηγεῖται
3189 3752 3247 3804 16
3282 3753 3494 3821 ὅμοιον,
3528 3771 3637 3806 ουν-

2069 3845 2271 3915 εθέμην
2303 3845 2368 3898 ἂν
2393 3848 2503 3907 τοῖς
2525 3843 2614 3896 διὰ
2639 3845 2731 3897 τοῦ
2755 3843 2920 3913 νόμου
2950 3843 3011 3894 16
3036 3843 3194 3913 ῥητὸν
3225 3843 3634 3914 ἑρμηνεύουσιν.

2068 3937 2144 4000 ὡς
2169 3938 2286 3989 τότε
2311 3937 2461 3999 ὄντος
2489 3935 2679 4005 καιροῦ
2708 3935 2886 4004 βαλεῖν
2909 3935 3110 3999 λίθους,
3135 3935 3259 3986 ὅταν
3279 3951 3364 3996 τις
3392 3935 3426 4004 ἢ
3469 3952 3636 4005 παρα-

2068 4027 2284 4098 νομήσῃ
2308 4025 2367 4078 16
2394 4025 2678 4090 σάϐϐατον,
2699 4025 2732 4094 ἦ
2754 4042 2806 4076 τι
2829 4025 2937 4076 τῶν
2966 4024 3330 4076 ἀνατεθέντων
3357 4025 3632 4094 ὑφέληται.

2069 4119 2206 4172 Νυνὶ
2234 4119 2343 4188 δὲὴ
2376 4117 2658 4188 προσθήκη
2691 4115 2784 4167 τοῦ
2813 4115 2922 4167 δεῖν
2952 4114 3114 4167 πάλιν
3146 4118 3481 4182 συναγαγεῖν
3523 4117 3636 4174 τοὺς

2069 4213 2270 4276 λίθους,
2299 4211 2433 4281 ὅπερ
2463 4208 2636 4262 οὑδενὶ
2665 4207 2814 4276 νόμῳ
2835 4205 3150 4276 διώρισται,
3179 4206 3257 4267 είς
3288 4205 3460 4274 ἇιλλην
3497 4205 3636 4273 ἡμᾶς

2069 4302 2193 4370 ἄγει
2250 4300 2488 4354 διάνοιαν
2513 4315 2526 4328 ⁸
2573 4297 2831 4368 μάθωμεν
2859 4298 3041 4348 ὁποῖον
3079 4294 3237 4348 τοῦτο
3293 4295 3440 4362 γένος
3483 4295 3635 4347 λίθων

2070 4394 2238 4455 ἐστὶν,
2269 4393 2298 4444 6
2322 4389 2458 4462 μετὰ
2486 4389 2582 4460 τὴν
2607 4387 2762 4459 βολὴν
2789 4386 2950 4440 πάλιν
2978 4385 3166 4456 κτῆμα
3189 4384 3284 4438 τοῦ
3317 4386 3634 4456 προϊεμένου

2069 4481 2313 4551 γίνεσθαι
2346 4480 2472 4550 χρή.

2155 4571 2406 4625 Ἐπειδὰν
2433 4571 2542 4638 γὰρ
2575 4569 2825 4638 βάλωμεν
2867 4567 3010 4620 κατὰ
3043 4567 3234 4638 καιρὸν
3262 4567 3392 4631 τοὺς
3427 4568 3632 4629 λίθους,

2072 4661 2231 4714 πάλιν
2260 4661 2584 4725 συναγαγεῖν
2599 4657 2792 4718 αὑτοὺς
2816 4658 2873 4708 ἐν
2901 4655 3074 4726 καιρῷ
3093 4655 3474 4725 διδασκόμεθα.
3495 4657 3636 4727 Ἐμοὶ

2075 4751 2173 4822 μὲν
2203 4747 2296 4803 οὖν
2322 4749 2467 4802 δοκεῖ
2489 4748 2620 4818 μηδὲ
2641 4747 2732 4799 τὸν
2755 4746 2918 4815 νόμον
2948 4746 3122 4808 οὕτως
3139 4747 3360 4817 ὑψηλῶς
3387 4749 3530 4800 κατὰ
3547 4747 3636 4816 τὴν

2071 4840 2361 4910 πρόχειρον
2402 4839 2610 4891 ἔννοιαν
2658 4836 3038 4907 ἐκλαμϐάνειν.
3089 4837 3155 4888 Τί
3194 4835 3302 4907 γὰρ
3337 4837 3634 4908 θεοπρεπὲς

2071 4931 2166 4985 καὶ
2210 4931 2354 5005 μέγα
2383 4932 2448 5000 τῇ
2475 4929 2602 4999 ψιλῇ
2635 4927 2840 4998 διανοίᾳ
2867 4927 2977 4980 τῶν
3002 4929 3410 4998 γεγραμμένων
3441 4929 3633 4998 ἐμφαί-

2067 5040 2216 5076 νεται
2249 5038 2263 5086 ;
2293 5021 2356 5073 Εἰ
2395 5019 2859 5092 φρυγανιζόμενός
2891 5035 2976 5080 τις
3005 5019 3148 5071 ἐάλω
3177 5019 3319 5071 κατὰ
3338 5019 3402 5071 16
3438 5020 3632 5072 σάόὁαο

2066 5131 2179 5176 τον,
2225 5111 2314 5164 διὰ
2353 5111 2512 5165 τοῦτο
2554 5109 2986 5178 καταλευσθῆναι
3031 5109 3122 5162 τὸν
3168 5108 3460 5179 ἄνθρωπον
3492 5110 3595 5163 ἔδει
3619 5149 3631 5170 ,

2071 5205 2340 5275 μηδεμιᾶς
2372 5203 2583 5265 ἀδικίας
2614 5203 2672 5254 ἐν
2702 5201 2780 5271 τῷ
2811 5201 3240 5271 πλημμελήματι
3273 5203 3631 5272 φαινομένης;

2068 5297 2134 5348 Τί
2173 5296 2283 5369 γὰρ
2315 5296 2488 5364 ἠδίκει
2521 5293 2644 5348 τινὰ
2670 5293 2854 5364 κάρφη
2890 5294 3029 5346 κατὰ
3057 5292 3119 5345 16
3153 5293 3372 5362 συμϐὰν
3400 5294 3628 5363 διεῤῥιμ-

2073 5386 2208 5457 μένα
2250 5386 2390 5440 κατὰ
2429 5385 2527 5455 τὴν
2567 5383 2771 5455 ἔρημον
2805 5383 2940 5456 πρὸς
2970 5381 3067 5454 τὴν
3098 5381 3193 5436 τοῦ
3234 5384 3412 5456 πυρὸς
3459 5384 3628 5456 χρείαν

3727 2821 3729 2947 l
