3738 5984
130 220 225 276 715
432 174 443 201 9
538 276 553 315 Ι
1174 216 1239 270 IN
1272 214 1819 271 ECCLESIASTEN.
1863 215 2149 271 HOMlLIA
2189 216 2302 271 VII.
3269 223 3363 276 7N

129 323 612 397 συγκομιζόμενοςς
654 329 729 377 Οὐ
777 331 886 397 γὰρ
925 330 986 379 τὸ
1018 326 1297 409 ἀλλότριον
1331 328 1605 399 ἀφαιρεῖσι

1886 341 2107 384 nenluin
2156 334 2498 403 apportans?
2552 333 2670 389 Non
2700 336 2845 391 enim
2893 346 3188 395 accusatur
3221 342 3362 409 quod

127 420 519 489 κατηγορεῖται,
553 416 693 470 ὥστε
720 417 896 471 δοκεῖν
926 406 1169 486 εύλόγωέ
1198 419 1296 490 τὴν
1334 421 1548 473 ἀδικίαν
1593 438 1603 472 :

1887 435 2027 473 anum
2075 421 2306 487 auferat,
2353 430 2412 477 ut
2454 422 2579 492 jure
2627 424 2875 480 videatur
2912 429 3093 497 puniri
3142 429 3363 497 injuria.

127 508 395 574 λάξεσθαι,
425 507 559 561 ἀλλά
588 507 651 561 τὸ
677 511 829 579 κοινῇ
862 509 997 562 πᾶσι
1040 510 1403 581 προκείμενον
1428 509 1577 581 αύτῷ

1920 512 2066 581 quod
2097 523 2182 568 est
2214 515 2579 569 communiter
2608 517 2862 572 omnibus
2891 520 3254 588 propositum,
3288 532 3364 577 est

126 619 234 655 τιον
254 600 455 670 γίνεται
475 600 573 670 τῆς
604 599 714 653 τῶν
744 598 909 653 λίθων
944 600 1127 672 βολῆς.
1172 603 1312 654 Ἀλλ’
1342 603 1424 656 ὅτι
1458 605 1517 656 ἐν
1548 604 1602 656 Σι

1893 618 2057 667 'ausa,
2085 613 2143 657 ut
2174 607 2225 660 in
2256 621 2380 660 eum
2412 606 2690 676 jaciantur
2720 607 2947 678 lapides.
2983 609 3088 672 Sed
3117 612 3244 681 quia
3267 613 3369 667 hoe

130 695 269 768 ϐάτῳ
300 692 456 747 τοῦτο
486 693 736 764 ἐποίησε,
760 692 849 745 διὰ
877 693 1037 747 τοῦτο
1071 694 1146 758 ὡς
1171 694 1496 767 κακουργῶν
1523 712 1606 749 και

1895 702 1924 747 ιι
1960 693 2013 747 in
2044 692 2306 757 Sabbato.
2337 703 2622 766 propterea
2648 696 2943 752 damnatur
2971 706 3228 769 tanquam
3262 716 3371 755 ma-

131 787 379 858 κρίνεται.
420 785 515 850 Τίς
538 785 638 838 οὐκ
674 781 835 849 οἶδεν,
868 785 951 838 ὅτι
994 785 1105 838 τῶν
1129 786 1431 858 γινομένων
1460 786 1607 839 ἐκασ·

1895 800 2006 840 cus.
2043 785 2180 853 Quis
2210 788 2407 852 nescit,
2450 790 2594 859 quod
2625 805 2812 846 eorum
2844 808 2966 863 qua:
3001 793 3138 848 ﬁunt
3175 810 3371 849 unum-

129 882 188 950 τῇ
212 878 316 950 ἰδίᾳ⁴
342 877 588 950 κρίνεται
619 877 799 945 φύσει,
826 877 939 931 εἴτε
966 877 1158 942 κακὸν,
1193 877 1304 931 εἴτε
1335 878 1411 950 μὴ
1451 879 1605 932 τοιοῦί

1893 866 2071 950 idque,
2108 881 2328 950 propria
2376 880 2657 948 judicatur
2704 890 2920 948 natura,
2971 884 3113 940 sitne
3166 885 3369 939 bonum

130 973 296 1031 ἐστινς
333 971 390 1023 '0
414 970 470 1023 δὲ
497 970 689 1041 χρόνος
727 969 846 1023 καθ’
873 969 934 1023 ὃν
963 971 1266 1042 ἐνεργεῖται
1299 971 1520 1042 πρᾶξις,
1557 970 1606 1038 ἔξ

1896 971 2137 1025 malum?
2162 971 2400 1042 Tempus
2422 981 2602 1027 autem
2632 972 2685 1026 in
2712 990 2820 1044 quo
2848 975 2906 1028 lit
2931 976 3094 1039 actio,
3122 974 3372 1031 conside-

129 1060 213 1113 θεν
261 1060 358 1131 τῆς
401 1060 494 1114 τοῦ
529 1061 811 1129 γινομένου
848 1060 1065 1129 φύσεως
1115 1061 1422 1131 θ’ωρείται.
1478 1063 1543 1115 Τί
1584 1080 1605 1130 γ

1893 1078 1947 1115 ιιι·
1975 1070 2129 1117 extra
2167 1063 2287 1131 ejus
2313 1063 2458 1133 quod
2490 1063 2548 1117 ﬁt
2572 1073 2845 1118 naturam.
2877 1064 3016 1130 Quid
3046 1068 3189 1120 enim
3219 1083 3369 1122 com-

130 1152 294 1205 κοινὸν
325 1151 437 1222 ἔχει
476 1152 538 1203 τὸ
571 1151 820 1222 χρονικδν
853 1152 1151 1222 διάστημα,
1180 1154 1333 1233 Ιπρδς
1363 1153 1422 1206 τὸ
1462 1155 1527 1206 ὲκ
1559 1172 1600 1207 π

1896 1165 1961 1204 ne
2008 1151 2171 1206 habet
2219 1151 2482 1222 temporis
2530 1152 2789 1223 spatium,
2847 1169 2971 1208 cum
3024 1170 3090 1209 eo
3133 1157 3278 1225 quod
3306 1174 3370 1211 ex

130 1245 380 1315 αιρέσεως
406 1244 681 1315 ἡμετέρας
716 1242 1150 1313 ἀποτελούμενον
1177 1261 1190 1307 ;
1235 1244 1359 1297 Ἐάν
1383 1244 1574 1316 ἔρηταί

1899 1250 1991 1295 ιιι)
2019 1242 2190 1298 libero
2226 1244 2505 1315 peragitur
2536 1244 2808 1300 arbitrio?
2846 1243 2902 1299 Si
2931 1246 3057 1315 quis
3086 1262 3187 1301 nos
3222 1257 3375 1318 roget

129 1337 286 1406 ἡμᾶς.
312 1336 362 1390 τί
408 1335 590 1405 ἡμέρα
630 1335 764 1395 ἐστὶ,
802 1334 861 1386 τὸ
902 1334 1043 1402 ὑπὲρ
1099 1335 1203 1403 γῆς
1241 1331 1381 1388 εἶναι
1410 1335 1502 1388 τὸν
1542 1336 1605 1406 ῆλ

1898 1333 1928 1385 d
1966 1333 2039 1387 sit
2062 1334 2203 1396 dies,
2240 1336 2410 1391 solem
2443 1351 2566 1391 esse
2600 1352 2765 1404 super
2794 1343 2995 1390 terram
3028 1337 3253 1392 omnino
3284 1354 3370 1392 rc-

131 1429 331 1489 πάντως
348 1424 808 1498 ἀποκρωούμεθα.
832 1426 925 1479 καὶ
975 1426 1172 1496 μέτρον
1193 1426 1360 1497 αὐτῆς
1390 1425 1607 1497 ὄρθρον

1899 1423 2217 1488 ndehimus,
2261 1435 2315 1480 et
2347 1442 2506 1481 mane
2532 1436 2586 1481 et
2619 1443 2898 1499 vesperam
2929 1436 3233 1485 statuemus
3256 1431 3375 1498 ejus

131 1518 352 1588 ἑσπέραν
376 1516 693 1587 ποιούμεθα.
739 1517 869 1591 Ὀδὲ
899 1516 1141 1579 τοιοῦτο)
1156 1516 1310 1585 λόγος
1340 1517 1441 1586 τῆς
1463 1518 1607 1589 ἡμέρ

1900 1529 1923 1567 e
1951 1530 2284 1572 mensuram.
2318 1516 2443 1573 Ηαεο
2465 1529 2646 1575 autem
2677 1520 2780 1574 diei
2810 1521 2952 1574 ratio
2979 1536 3084 1574 non
3112 1530 3376 1591 congruet

130 1609 183 1661 ού
216 1585 309 1680 μιᾷ
345 1626 450 1661 τ.ε.ι
482 1632 503 1674 ί.
520 1585 615 1678 όνῃ
642 1607 749 1660 τῶν
782 1585 923 1659 κατὰ
944 1607 1041 1677 τὴν
1061 1585 1425 1679 ἐϐδοματικὴν
1450 1585 1606 1680 περίο

1933 1606 2033 1661 soli
2068 1622 2133 1663 ex
2178 1607 2246 1664 iis
2289 1608 2381 1679 qui
2409 1603 2705 1665 volvuntur
2731 1626 2826 1681 per
2866 1611 3127 1666 ambitum
3167 1585 3374 1668 he'bdo-

130 1664 615 1770 ἀνακυκλουμένων.
636 1664 1122 1771 ὲιραρμοσθήσεται
1141 1716 1154 1729 ο
1188 1664 1326 1753 ἀλλά
1354 1664 1447 1754 καὶ
1469 1664 1606 1771 πρὼλ

1894 1695 1990 1759 die,
2022 1698 2117 1754 sed
2142 1710 2194 1753 et
2223 1664 2383 1769 priini
2429 1708 2485 1755 et
2523 1664 2771 1767 secundi,
2826 1713 2877 1757 et
2908 1719 3083 1773 usque
3106 1703 3171 1758 ad
3203 1705 3370 1774 septi-

133 1794 215 1845 καὶ
252 1792 510 1863 δευτέρας
557 1789 652 1845 καὶ
683 1790 844 1861 μέχρι
876 1790 976 1860 τῆς
1018 1790 1272 1861 ἐὸδόμης,
1319 1793 1347 1844 ὁ
1375 1791 1535 1856 αὐτός
1578 1793 1603 1845 ἐ

1896 1804 1945 1843 ιιι
1977 1790 2165 1845 eadem
2189 1798 2272 1846 est
2298 1792 2458 1858 ratio,
2489 1808 2668 1863 neque
2691 1794 2808 1849 dies
2827 1794 3050 1848 Sabhati
3074 1795 3372 1866 quidquam

133 1884 424 1952 λόγος,’καὶ
477 1882 630 1935 οὐδὲν
665 1883 698 1953 ἡ
738 1882 831 1934 τοῦ
878 1881 1156 1935 Σαϐϐάτω
1192 1883 1375 1954 ἡμέρα
1408 1882 1551 1936 κατά
1597 1900 1609 1931 ι

1895 1880 1978 1933 ’ert
2004 1895 2033 1933 a
2063 1882 2279 1937 caeteris
2313 1883 2365 1936 in
2393 1898 2460 1938 eo
2484 1884 2629 1954 quod
2661 1884 2732 1936 sit
2760 1885 2897 1939 dies.
2945 1884 3000 1938 Si
3038 1886 3163 1955 quis
3191 1894 3371 1941 autem

133 1976 307 2039 λοιπὰς
330 1975 472 2029 κατά
492 1974 551 2027 τὸ
577 1971 715 2027 εἶναι
736 1975 919 2045 ἡμέρα
948 1975 1345 2046 παρήλλακται.
1382 1976 1506 2029 Ἐὰν
1531 1976 1585 2029 δέ

1900 1971 2128 2025 minabit
2156 1973 2299 2042 quod
2332 1974 2455 2029 sibi'
2476 1975 2592 2028 vult
2624 1983 2927 2045 peccatum,
2976 1975 3226 2032 dicemus
3256 1991 3375 2031 om-

135 2068 221 2138 τὴν
237 2067 324 2121 τοῦ
345 2067 749 2138 ἁμαρτήματος
779 2066 1011 2139 ἐξετάσῃ
1037 2067 1297 2129 διάνοιαν,
1321 2067 1381 2120 τὸ
1409 2068 1483 2137 μὴ
1509 2068 1611 2120 δεῖν

1898 2077 1942 2116 ο⁴
1961 2063 2097 2117 nihil
2127 2064 2307 2121 facere
2335 2075 2526 2121 contra
2562 2067 2896 2137 proximum,
2946 2076 3005 2122 ut
3044 2090 3061 2122 ι
3083 2067 3205 2123 Non
3237 2085 3374 2125 ιιιω-

136 2160 257 2215 κατὰ
294 2160 386 2213 τοῦ
413 2159 589 2223 πέλας
628 2161 821 2218 ποιεῖν,
855 2159 1073 2222 πάντως
1095 2158 1352 2230 ἐροῦμεν,
1384 2152 1495 2212 οἷον
1515 2177 1530 2192 ο
1567 2179 1599 2210 «η

1894 2153 2071 2221 lberis,
2110 2172 2216 2211 non
2244 2158 2487 2220 occides.
2524 2174 2633 2213 non
2684 2158 3011 2223 l'nraheris,»
3051 2168 3105 2214 et
3141 2169 3370 2216 caetera:

138 2251 447 2321 μοιχεύσεις,
481 2253 542 2304 οὐ
577 2249 876 2320 φονεύσεις,
907 2250 968 2303 οὐ
994 2249 1233 2319 κλέψεις,
1268 2271 1286 2302 ι
1307 2250 1400 2303 καὶ
1419 2250 1489 2304 τὰ
1511 2249 1614 2302 λοιτ

1896 2261 2029 2299 rrum
2061 2248 2142 2300 lex
2167 2254 2252 2302 cst
2273 2249 2542 2317 generalis
2573 2251 2625 2302 in
2658 2264 2717 2304 se
2737 2250 2948 2319 singula
2978 2250 3372 2321 complectens,

138 2338 202 2397 ὧν
237 2345 440 2413 γενικὸς
478 2345 599 2396 ἐστι
649 2342 834 2412 νόμος,
865 2342 936 2394 τὰ
981 2342 1104 2396 καθ’
1153 2342 1383 2395 ἕκαστον
1426 2344 1483 2396 ἐν
1520 2343 1614 2396 ἐαυ

1900 2337 1933 2390 d
1974 2338 2121 2407 quod
2166 2338 2354 2392 datum
2385 2347 2469 2394 est
2511 2351 2842 2410 praeceptum
2887 2341 3147 2411 diligendi
3184 2343 3374 2412 proxi-

140 2437 406 2506 περιέχων,
443 2420 703 2503 καὶδπερ
727 2436 759 2504 η
784 2433 878 2486 τοῦ
917 2434 1204 2505 ἀγαπῆσαι
1240 2434 1332 2487 τὸν
1370 2433 1599 2504 πλησίον

1900 2443 1946 2483 m
1976 2436 2034 2483 ut
2065 2429 2329 2499 seipsum,
2358 2430 2473 2485 haec
2501 2432 2766 2500 quotidie,
2794 2446 2891 2487 seu
2917 2442 3066 2488 recte
3096 2441 3150 2487 et
3173 2449 3236 2489 ex
3266 2435 3376 2489 vir-

140 2530 313 2583 ἑαυτόν
337 2547 350 2560 ·
383 2529 561 2583 ταῦτα
585 2530 679 2582 καὶ
708 2528 849 2582 κατὰ
875 2530 1055 2582 πᾶσαν
1086 2529 1303 2601 ἡμέραν
1330 2528 1524 2601 ἐπίσης
1568 2545 1616 2583 κε

1898 2533 1935 2583 3,
1969 2535 2064 2575 seu
2093 2529 2285 2574 contra
2319 2521 2463 2591 ieges
2486 2522 2640 2583 ﬁant,
2681 2531 2771 2575 aut
2807 2531 2935 2576 sunt
2961 2524 3186 2579 omnino
3209 2524 3374 2586 bona,

113 2620 419 2692 ,ορθούμενά
454 2639 518 2675 τε
562 2622 655 2675 καὶ
695 2619 1193 2691 παρανομούμενα,
1226 2620 1259 2690 ἢ
1301 2620 1446 2675 καλὰ
1478 2621 1589 2675 πάν

1925 2609 2305 2680 intelliguntur
2327 2625 2449 2665 esse
2477 2613 2775 2666 contraria.
2811 2612 2980 2667 Nemo
3013 2621 3194 2668 autem
3228 2614 3375 2685 quod

143 2713 292 2774 ἐστὶν,
323 2713 355 2783 ἢ
386 2715 449 2766 ἐκ
486 2711 582 2765 τοῦ
615 2710 859 2765 ἐναντίου
890 2712 1179 2782 νοούμενα.
1209 2711 1323 2764 Οὐκ
1355 2709 1423 2764 ἂν
1449 2711 1506 2764 δέ
1552 2728 1619 2773 τις

1904 2702 2004 2754 lum
2044 2709 2127 2754 est
2170 2700 2702 2785 hodie\judicatum,
2752 2709 2806 2757 et
2838 2718 2936 2773 pro
2982 2702 3184 2758 delicto
3224 2705 3380 2758 habi-

145 2808 360 2874 σήμερον
408 2802 579 2856 κακὸν
611 2801 805 2873 ἐκρίθη
829 2801 1144 2871 γενόμενον,
1175 2801 1286 2855 εἴτε
1332 2800 1492 2871 φόνος
1524 2801 1608 2871 εἴη

1901 2805 1948 2853 ι,
1990 2805 2088 2845 seu
2116 2791 2315 2852 czedes.
2368 2807 2464 2845 seu
2495 2793 2792 2862 quidquam
2825 2793 2971 2848 aliud
3020 2795 3377 2865 prohibitum,

98 2946 107 2953 α
143 2892 528 2964 πλημμέλημα,
577 2894 688 2946 εῐτε
739 2909 793 2945 τι
839 2892 968 2947 ἄλλο
1022 2890 1131 2945 τῶν
1180 2890 1571 2962 ἀπειρημένων

1902 2906 1903 2909 η
1957 2882 2136 2952 ipsum
2180 2883 2270 2938 die
2304 2885 2554 2955 sequenti
2592 2885 2795 2940 bonum
2840 2900 2965 2941 esse
2996 2896 3050 2941 et
3091 2887 3378 2942 honestum

144 2984 260 3037 αὐτὸ
287 2984 438 3038 τοῦτο
466 2987 535 3056 τῇ
566 2968 764 3053 ἐφεξῆς
802 2982 967 3037 καλὸν
1008 2977 1149 3035 εἶναι
1190 2981 1486 3050 νομίσειεν.
1517 2982 1579 3035 Εἰ
1604 2999 1620 3034 ι

1907 2974 2097 3029 suerit.
2135 2973 2191 3028 Si
2224 2990 2355 3046 ergo
2382 2976 2584 3029 malum
2632 2983 2717 3031 est
2751 2976 3084 3046 hujusmodi.
3129 2996 3379 3049 quocun-

142 3077 196 3128 τὸ
222 3078 381 3130 κακὸν
409 3078 497 3131 ἀεὶ
526 3076 766 3130 τοιοῦτόν
800 3077 969 3139 ἐστιν,
999 3077 1057 3128 ἐν
1088 3067 1242 3145 ᾧπερ
1272 3074 1338 3128 ἂν
1364 3074 1542 3145 χρόνῳ
1561 3074 1618 3127 τύ

1905 3086 1910 3116 ε
1935 3074 2180 3136 tempore
2204 3066 2559 3121 admittatur:
2598 3078 2652 3122 et
2679 3066 2733 3121 id
2761 3070 2903 3137 quod
2931 3078 3016 3124 est
3042 3072 3175 3124 nulli
3210 3074 3381 3142 culpa:

144 3166 484 3241 τολμώμενον,
512 3170 610 3222 καὶ
634 3168 695 3221 τὸ
721 3166 1033 3231 ἀνεύθυνον,
1064 3166 1189 3219 ούδέ
1218 3166 1284 3219 ἂν
1310 3166 1519 3233 γένοιτο
1550 3182 1620 3219 πα

1906 3174 1980 3222 ιο,
2043 3176 2109 3212 ne
2150 3158 2264 3213 ﬁeri
2301 3161 2518 3228 quidem
2571 3169 2753 3230 potest
2805 3169 2863 3214 ut
2910 3171 3133 3232 propter
3167 3173 3382 3235 tempus

145 3260 224 3313 τδν
242 3261 423 3331 χρόνον
453 3248 775 3313 ὑπεύθυνον.
811 3259 871 3312 Εἰ
893 3259 1073 3317 τοίνυν
1090 3258 1150 3311 τὸ
1180 3257 1286 3328 πρὸ
1301 3257 1397 3311 τοῦ
1419 3256 1621 3310 Σαϐϐάι

1902 3249 2025 3317 lnod
2065 3250 2137 3303 sit
2172 3251 2389 3306 crimini
2436 3251 2759 3307 obnoxium.
2799 3250 2854 3306 Si
2890 3268 3019 3323 ergo
3067 3262 3193 3310 ante
3247 3253 3378 3310 Sab-

146 3350 553 3421 φρυγανίζεσθαι
590 3351 685 3405 καὶ
716 3350 896 3421 πυρὰν
939 3350 1152 3405 ἅπτειν.
1187 3348 1292 3413 ἐξω
1329 3348 1543 3411 ἀδικίας
1584 3350 1622 3400 ti

1907 3360 1990 3398 um
2023 3345 2167 3415 ligna
2213 3347 2493 3417 colligere,
2522 3354 2577 3400 et
2604 3361 2794 3416 rogum
2827 3347 3151 3412 accendere,
3186 3358 3271 3403 est
3316 3351 3383 3403 ah

152 3442 237 3494 καὶ
278 3443 550 3506 κολάσεως
578 3459 592 3473 ’
645 3443 741 3496 καὶ
797 3441 915 3505 πῶς
970 3442 1031 3494 τὸ
1081 3441 1214 3493 αὐτὸ
1261 3439 1422 3493 τοῦτο
1471 3440 1625 3492 ἐπιού

1908 3435 2097 3505 [nitate
2124 3447 2416 3496 remotum,
2455 3452 2555 3491 nec
2587 3446 2673 3491 est
2701 3438 3037 3507 puniendum
3064 3456 3078 3494 :
3114 3445 3384 3509 quomodo

149 3534 311 3605 ἡμέρα
338 3534 717 3606 πλημμέλημα
737 3534 945 3601 γίνεται
968 3552 982 3598 ;
1027 3531 1168 3586 Ἀλλ’
1192 3527 1310 3585 οἶδα
1334 3531 1395 3583 τὸ
1427 3529 1625 3584 Σάὸὁαπ

1907 3548 1912 3581 :
1936 3529 2114 3599 ipsum
2146 3531 2377 3585 edicitur
2406 3529 2665 3584 delictum
2696 3530 2785 3585 die
2809 3533 3097 3600 sequenti?
3116 3534 3383 3589 Cmterum

149 3625 235 3695 τῆς
265 3628 641 3690 ἀναπαύσεως,
690 3621 821 3697 οἶδα
848 3625 939 3678 τὸν
966 3624 1065 3695 τῆς
1103 3622 1379 3695 ἀπραξίας
1420 3622 1606 3693 νόμον,

1906 3622 1932 3675 ri
1970 3619 2271 3676 Sahbatum
2307 3623 2528 3690 quietis,
2580 3624 2705 3677 novi
2758 3625 2929 3692 legem
2977 3624 3114 3679 nihil
3165 3630 3382 3697 agendi,

150 3717 255 3788 οὐχὶ
276 3722 509 3792 πεδήσας
539 3719 632 3772 τὸν
673 3719 960 3790 ἄνθρωπον
992 3718 1091 3788 τῆς
1119 3715 1354 3786 φυσικῆς
1399 3714 1626 3785 ἐνεργείι

1907 3726 1928 3766 e
1960 3726 2066 3764 non
2105 3712 2321 3783 alligata
2359 3714 2599 3769 hominis
2620 3716 2856 3768 naturali
2888 3715 3228 3786 operatione,
3259 3735 3383 3773 eum

153 3807 405 3880 ἄπρακτον
426 3809 568 3865 εἶναι
586 3810 979 3865 διακελεύεται.
1015 3810 1079 3862 Et
1108 3808 1219 3880 γὰρ
1246 3808 1312 3861 ἂν
1346 3808 1440 3861 καὶ
1468 3806 1629 3861 ἀδύνα

1897 3808 1957 3855 ιρι
1983 3801 2117 3854 nihil
2147 3818 2324 3871 agere.
2360 3801 2417 3857 Si
2452 3804 2597 3858 enim
2623 3804 2779 3873 jubet
2813 3821 2935 3875 quae
2964 3806 3078 3861 fieri
3111 3823 3218 3862 non
3254 3825 3373 3879 pos-

155 3899 360 3964 κελεύει,
388 3904 691 3975 ἀπρακτεῖν
739 3900 1100 3972 προστάσσων
1141 3902 1296 3971 ἡμῖν,
1337 3895 1418 3964 οἷς
1463 3901 1558 3954 καὶ
1584 3900 1631 3953 δί

1910 3902 1961 3956 ιι,
1989 3893 2192 3962 jnbcns
2226 3911 2325 3950 nos
2358 3897 2491 3950 nihil
2522 3910 2707 3968 agere,
2744 3899 2946 3968 quibus
2989 3901 3150 3955 etiam
3181 3903 3386 3972 absque

155 3987 249 4042 τῶν
292 3991 486 4046 λοιπῶν
519 3992 723 4064 ἔργων,
763 3992 895 4045 αὐτὸ
938 3991 999 4044 τὸ
1036 3992 1133 4060 τῆς
1170 3988 1316 4060 ζωῆς
1364 3986 1504 4054 εἶδος
1548 3989 1631 4060 έρἸ

1911 3984 2029 4039 eris
2058 3987 2318 4055 operibus
2352 3990 2532 4058 ipsum
2563 3990 2688 4044 vita-
2725 4005 2900 4061 genus
2928 4000 3012 4048 est
3045 4008 3216 4063 opus:
3259 3996 3387 4051 otiu-

157 4079 283 4132 ὲστίν
305 4097 317 4109 °
347 4082 638 4154 ὀφθαλμῶν
672 4083 770 4153 μὲν
799 4085 832 4153 ἡ
862 4083 1003 4146 δψις,
1034 4082 1204 4151 ἀκοῆς
1228 4081 1286 4134 δὲ
1309 4084 1343 4152 ἡ
1372 4082 1513 4137 κατά
1547 4082 1633 4151 (prii

1916 4095 1987 4132 im
2008 4081 2237 4155 quidem
2270 4081 2443 4143 visus,
2478 4086 2693 4137 aurium
2724 4092 2904 4141 autem
2935 4100 3001 4140 ea
3031 4102 3153 4155 qua:
3180 4098 3263 4142 est
3307 4104 3390 4142 se-

157 4157 400 4242 élépysm,
440 4176 737 4246 μυκτήρων
769 4175 826 4227 δὲ
858 4176 891 4242 ἡ
921 4174 1207 4244 ὄσφρησις,
1250 4173 1516 4243 στόματος
1548 4175 1583 4245 ἢ
1613 4190 1633 4226 ’τ

1912 4171 2052 4225 idum
2095 4182 2350 4226 naturam
2381 4174 2648 4243 operatio,
2682 4177 2897 4231 narium
2939 4193 3066 4231 vero
3106 4178 3388 4240 odoratus.

158 4263 299 4334 ἀέρος
320 4268 468 4338 ὁλκὴ,
496 4267 751 4337 γλώσσης
780 4269 808 4321 ὁ
836 4267 1012 4335 λόγος,
1043 4266 1253 4320 ὀδοῦσιν
1293 4269 1326 4337 ὴ
1368 4267 1574 4339 τροφῆς
1605 4267 1634 4319 ὑ

1911 4277 1926 4315 5
1957 4262 2099 4317 aeris
2131 4270 2420 4326 attractus,
2458 4264 2655 4334 lingua:
2685 4282 2886 4329 sermo,
2919 4266 3175 4321 dentibus
3207 4270 3387 4322 nutri-

159 4356 348 4425 ηρεσία,
385 4360 709 4428 σπλάγχνων
746 4360 780 4429 η
809 4358 996 4426 πέψις,
1027 4358 1184 4411 ποσὶν
1206 4359 1239 4427 ἡ
1265 4358 1499 4427 κίνησις,
1525 4375 1635 4429 χερι

1915 4354 1982 4407 nti
2015 4353 2440 4419 administratio,
2484 4358 2787 4412 visceribus
2810 4360 3120 4417 concoctio.
3166 4361 3391 4429 pedibus

160 4448 320 4502 ἐκεῖνα
344 4452 472 4522 πρὸς
499 4452 536 4506 ἃ
565 4453 806 4520 πέφυκεν
822 4453 952 4521 ἡμῖν
975 4452 1217 4518 ἐνεργεῖν
1241 4448 1414 4504 ταῦτα
1445 4450 1514 4503 τὰ
1550 4449 1636 4520 μέ)

1916 4453 2023 4503 tus.
2060 4446 2314 4501 manibus
2352 4461 2415 4500 ea
2445 4462 2566 4517 qua:
2606 4456 2664 4502 ut
2701 4448 2793 4503 illa
2824 4450 3066 4504 membra
3095 4467 3392 4522 operareu-

166 4536 269 4601 Πῶς
296 4537 385 4594 οὖν
423 4544 537 4596 ἐστι
580 4542 803 4596 δυνατὸν
834 4542 1149 4611 κυρωθῆναι
1178 4541 1270 4594 τὸν
1299 4541 1398 4611 τῆς
1429 4537 1642 4611 ἀπραξίι

1932 4534 2090 4590 nobis
2122 4550 2150 4589 a
2181 4546 2375 4591 natura
2406 4546 2490 4593 est
2535 4538 2780 4593 insitum.
2812 4539 3098 4606 Quomodo
3120 4558 3250 4613 ergo
3280 4542 3392 4598 ﬁeri

164 4628 305 4697 νόμον
344 4633 401 4685 οὐ
431 4633 899 4704 παραδεχομένοις
928 4633 1029 4704 τὴν
1071 4632 1272 4704 ἀργίαν
1309 4632 1410 4698 τῆς
1457 4631 1640 4700 φύσεω

1916 4634 2014 4689 est,
2048 4635 2105 4681 ut
2131 4629 2266 4683 nihil
2290 4629 2485 4699 agendi
2513 4630 2603 4683 lex
2626 4630 3011 4709 conﬁrmetur,
3043 4632 3087 4686 si
3114 4643 3172 4687 ut
3200 4642 3392 4687 natura

168 4716 273 4783 Πῶς
302 4714 603 4797 πείσω’τὸν
628 4716 920 4795 ’ὀφθαλμὸν
957 4724 1031 4793 μὴ
1061 4724 1193 4793 ὁρᾷν
1222 4725 1283 4776 ἐν
1320 4721 1585 4792 Σαϐϐάτῳ
1609 4761 1623 4784 ,

1919 4709 2095 4771 otiosa
2136 4718 2358 4774 minime
2395 4719 2774 4774 admittimus?
2826 4721 3109 4786 Quomodo
3166 4738 3395 4791 persna-

166 4806 307 4872 φύσις
333 4813 445 4864 ἐστὶ
488 4813 550 4865 τὸ
572 4814 788 4876 πάντως
810 4829 862 4865 τι
896 4811 1115 4882 βλέπειν
1136 4828 1155 4869 z
1189 4810 1311 4874 Πῶς
1335 4812 1431 4881 τὴν
1456 4812 1642 4865 ἀκουσιι

1920 4820 1956 4860 o
1986 4807 2148 4861 oculo
2175 4823 2243 4862 ne
2271 4808 2448 4863 videat
2495 4808 2760 4870 Sabbalo,
2793 4809 2954 4878 cujus
2990 4818 3183 4864 natura
3219 4822 3304 4865 est
3339 4819 3396 4863 ut

169 4893 255 4960 κῆν
277 4898 475 4970 ἐπίσχω
502 4902 783 4973 ἐνέργειαν
809 4917 823 4966 ;
860 4900 984 4966 Πῶς
1016 4901 1210 4972 πεισθῇ
1246 4917 1335 4970 μοι
1357 4902 1391 4971 ἡ
1441 4900 1645 4969 δσφρησ

1920 4913 2034 4967 iper
2060 4898 2267 4969 aliquid
2300 4900 2566 4969 aspiciat?
2602 4899 2888 4967 Quomodo
2918 4902 3175 4956 audiendi
3206 4903 3396 4957 sistam

170 4983 254 5055 τὴν
294 4990 674 5063 ἀντιληπτικὴν
716 4991 972 5062 αἴσθησιν
1025 4991 1134 5045 τῶν
1178 4989 1369 5061 ἀτμῶν
1414 4988 1646 5043 ἀποθέσθ

1924 4987 2190 5042 rationem
2217 4988 2240 5040 ?
2271 4988 2558 5054 Qno:i.odo
2581 5005 2610 5042 a
2639 5005 2723 5045 nte
2753 4991 3169 5059 persuadeliitur
3202 4993 3398 5046 odora-

174 5078 295 5129 κατὰ
312 5080 367 5130 τὸ
382 5082 654 5135 Σάϐϐατον
675 5084 827 5143 ςΠίῦς
854 5082 911 5135 δὲ
929 5082 1029 5135 οὐκ
1040 5082 1322 5152 ἐνεργήσει
1344 5080 1411 5133 τὰ
1433 5079 1647 5150 σπλάγχ

1976 5087 2037 5131 ut
2078 5080 2315 5149 deponat
2354 5097 2578 5136 sensum
2612 5083 2702 5152 qui
2734 5084 3095 5151 apprehendit
3129 5085 3400 5153 vapores?

175 5165 256 5234 τὴν
277 5169 397 5223 ἰδίαν
425 5174 719 5244 ἐνέργειαν,
761 5174 839 5244 τῷ
865 5174 1015 5243 νόμῳ
1039 5171 1378 5236 δουλεύοντα,
1406 5170 1548 5223 ὥστε
1581 5171 1651 5224 ἀπ

1992 5179 2129 5225 iacto
2158 5182 2339 5227 autem
2364 5175 2826 5242 nonexercehunt
2851 5175 3062 5230 viscera
3093 5191 3246 5228 suam
3278 5191 3401 5245 ope-

128 5248 286 5325 ίπτον
325 5265 415 5335 τὴν
452 5266 655 5337 τροφὴν
699 5268 955 5336 ἐμμεῖναι
993 5262 1071 5333 τῷ
1119 5263 1354 5334 σώματι,
1406 5262 1495 5316 ἵνα
1540 5264 1604 5334 ἀρ

1927 5280 2115 5328 onem,
2169 5267 2271 5335 legi
2304 5266 2619 5333 servientia,
2663 5268 2737 5322 ita
2775 5276 2834 5321 ut
2883 5270 3153 5323 incoctum
3188 5278 3403 5322 maneat

178 5348 305 5424 δείξῃ
325 5357 416 5426 τὴν
444 5356 606 5424 φύσιν
639 5358 779 5412 κατά
809 5358 869 5431 τὸ
907 5357 1184 5410 Σάδδατον
1209 5373 1224 5421 ;
1262 5357 1325 5409 Et
1365 5357 1429 5426 δὴ
1460 5357 1527 5410 τά.
1557 5358 1654 5411 λοιτ

1927 5373 2145 5425 corpore
2193 5358 2609 5421 nutrimentum,
2667 5372 2745 5431 ιιι¹
2772 5361 2824 5414 in
2866 5359 3125 5425 Sabbatov
3151 5370 3403 5416 naturam

178 5440 259 5492 τνῦ
290 5443 523 5514 σώματος
551 5448 706 5518 ἡμῶν
726 5450 786 5502 ού
825 5448 1046 5502 δύναται
1072 5446 1326 5512 δέξασθαι
1362 5447 1453 5501 τὸν
1487 5451 1585 5519 τῆς
1619 5450 1654 5502 ἀ

1924 5448 2080 5502 endat
2110 5448 2389 5503 otiosam?
2421 5446 2478 5500 Si
2513 5449 2695 5518 itaque
2726 5453 2949 5522 reliquie
2997 5463 3178 5516 partes
3205 5468 3400 5521 corpo-

181 5532 289 5597 Υίας
315 5535 468 5606 νόμον
512 5538 658 5607 (οὐδὲ
689 5539 797 5609 γάρ
826 5538 962 5601 ὅλως
989 5539 1045 5591 ἐν
1077 5540 1143 5609 τῇ
1188 5537 1299 5609 ζωῇ
1331 5536 1483 5591 ἔσται
1531 5538 1601 5590 τὰ
1642 5557 1657 5608 ι

1933 5541 2100 5596 nostri
2133 5557 2238 5594 non
2267 5548 2492 5609 possunt
2518 5543 2799 5612 suscipere
2827 5544 2999 5614 legent
3029 5545 3162 5598 nihil
3188 5542 3400 5612 agendi.

184 5620 514 5696 ἐνεργοῦντα),
534 5630 634 5682 ούκ
657 5630 768 5683 ἔστι
790 5630 1005 5693 πάντως
1019 5629 1079 5680 τὸ
1098 5630 1170 5700 μὴ
1188 5647 1260 5683 πα
1270 5629 1635 5699 ρανομηοῆναι

1925 5647 2005 5701 [ne
2038 5633 2182 5687 enim
2231 5634 2455 5687 omnino
2490 5633 2610 5686 viva
2649 5641 2803 5686 erunt
2842 5649 2962 5703 quae
3012 5650 3120 5686 non
3172 5646 3401 5700 operam

481 5726 745 5788 Parnm.
789 5728 905 5787 Gn.
954 5727 1170 5786 XLIV.
3008 5726 3085 5784 23
