3738 5984
357 197 461 249 7ιῦ

1586 201 1657 257 S.‘
1674 190 2008 255 GREGORII
2037 195 2326 253 NYSSENI

3493 210 3582 266 7l6

354 321 443 364 tur
468 310 776 365 :itieri'non
799 319 995 382 potest
1024 321 1081 367 ut
1116 319 1339 371 omnino
1383 332 1491 371 non
1522 317 1759 375 violetur
1793 317 1926 399 sab-

2093 317 2330 382 i66at'cov,
2348 319 2448 373 xiv
2467 321 2721 392 ἀκίνητος
2742 323 2774 394 ἡ
2797 322 2917 394 χεὶρ
2939 323 2971 395 ἢ
2996 325 3023 376 ὁ
3044 324 3175 389 ποῦς
3196 326 3292 380 ἐπὶ
3311 326 3404 381 τοῦ
3431 326 3583 387 αὐτοῦ

354 404 559 465 batum,
590 401 805 457 etiamsi
830 418 933 473 .pes
964 414 1056 458 aut
1079 418 1275 462 manus
1299 418 1512 463 maneat
1542 409 1833 465 immobilis
1867 409 1919 462 in

352 496 539 547 eadem
580 493 749 563 ﬁgura
779 505 833 549 Bt
861 496 1051 551 eodem
1098 498 1238 553 loco.
1279 498 1415 554 Cum
1445 514 1574 573 ergo
1605 517 1713 555 non
1760 501 1920 556 alicui

353 585 517 653 parti,
552 585 647 640 sed
693 587 790 641 toti
823 585 1028 642 homini
1061 589 1143 645 lex
1196 590 1304 647 lata
1347 594 1438 657 sit,
1500 608 1603 650 non
1655 608 1721 650 eo
1752 595 1920 665 magis

349 673 487 726 nihil
521 681 742 745 agentes
774 686 870 745 per
898 686 1065 732 unum
1102 695 1165 733 ex
1201 680 1458 738 membris
1487 683 1654 753 legem
1684 682 1924 739 servabi-

344 780 497 831 mus,
534 771 579 823 ’si
616 770 841 839 reliquis
884 780 1144 827 sensuum
1197 773 1572 831 instrumentis
1623 773 1921 831 secundum

347 864 603 913 naturam
638 864 949 930 operantes,
986 862 1254 921 violemus
1284 865 1429 936 quod
1451 867 1668 936 jussum
1694 874 1797 920 est.
1826 864 1921 918 At-

354 952 444 1020 qui
474 953 559 1008 lex
587 951 713 1007 data
745 962 830 1007 est
859 948 1153 1023 divinitus;
1191 950 1325 1010 nihil
1364 965 1543 1010 autem
1578 970 1766 1011 eorum
1804 971 1925 1026 qua:

353 1060 384 1097 a
422 1043 532 1099 Deo
559 1044 845 1113 iubentur,
882 1052 966 1100 est
1004 1048 1302 1116 ejusmodi,
1347 1058 1404 1102 ut
1430 1047 1501 1102 sit
1540 1052 1734 1119 praeter
1762 1054 1922 1102 natu-

354 1148 493 1200 ram,
540 1140 633 1189 aut
685 1137 756 1191 sit
789 1144 939 1190 θυι-ο
985 1140 1248 1193 rationem
1284 1139 1521 1195 virtutis.
1556 1140 1709 1205 Quod
1742 1146 1921 1193 autem

349 1226 564 1280 mtionc
589 1235 739 1281 caret
768 1229 961 1289 otium,
989 1242 1096 1283 non
1124 1238 1207 1283 est
1233 1231 1422 1284 virtus.
1455 1229 1816 1297 Qumreudum
1842 1241 1925 1285 est

346 1333 479 1389 ergo
514 1318 643 1389 quid
671 1319 773 1374 sibi
810 1322 923 1373 vult
966 1328 1289 1391 praeceptum
1318 1323 1412 1375 otii
1447 1321 1690 1378 Sabbati.

421 1409 553 1465 Dico
584 1410 765 1481 itaque
789 1410 1075 1480 cujuslibet
1100 1411 1231 1482 legis
1258 1426 1286 1465 a
1321 1408 1428 1467 Deo
1455 1415 1592 1469 datae
1618 1430 1780 1470 ιιιιιιιη
1805 1435 1926 1475 esse

330 1510 603 1572 iscopum,
638 1506 697 1555 tit
734 1516 762 1554 a
796 1502 912 1555 vitii
945 1510 1107 1571 opere
1137 1504 1324 1557 mundi
1357 1505 1464 1558 sint
1507 1509 1596 1576 qui
1634 1509 1804 1578 legem
1834 1526 1925 1564 ac-

2023 410 2296 481 σχήματός
2310 427 2369 463 τε
2385 412 2480 465 καὶ
2501 412 2663 465 τόπου
2684 414 2838 483 μένῃ.
2866 412 3016 467 Ἐπεὶ
3035 409 3127 468 οῦν
3151 417 3273 486 οὐχὶ
3292 417 3449 488 μέρει
3464 421 3580 481 τινι.

2023 500 2136 553 ἀλλ’
2160 500 2265 570 ὅλῳ
2286 503 2460 554 κεῖται
2487 501 2563 572 τῷ
2599 500 2869 573 ἀνθρώπῳ
2890 503 3072 570 νόμος,
3090 505 3154 556 οὐ
3187 505 3387 575 μᾶλλον
3418 507 3583 579 ἀπρα-

2024 590 2277 655 κτοῦντες
2308 590 2378 644 δι’
2402 592 2519 655 ἑνὸς
2544 591 2653 644 τῶν
2681 592 2856 662 μελῶν
2876 592 3037 662 νόμον
3061 593 3389 665 φυλάξομεν,
3414 598 3463 650 εί
3483 599 3582 658 τοῖς

2023 679 2232 743 λοιποῖς
2291 680 2666 751 αἰσθητηρίοις
2706 682 2846 734 κατά
2902 682 3063 751 φύσιν
3107 684 3487 754 ἐνεργοῦντες,
3528 685 3583 737 τὸ

1990 774 1997 781 ’
2025 772 2364 842 προσταχθὲν
2382 772 2805 843 παραλύσωμεν.
2838 771 3000 825 Ἀλλά
3022 773 3130 844 μὴν
3153 771 3340 826 θεόθεν
3358 774 3549 843 όνόμος
3566 794 3578 805 ·

2022 862 2175 915 οὐδὲν
2208 862 2266 916 δὲ
2311 862 2418 916 τῶν
2452 865 2601 934 παρὰ
2639 863 2774 917 Θεοῦ
2818 865 3304 935 προσταττομένων
3331 864 3580 918 τοιοῦτον

2023 953 2185 1004 οἱονεὶ
2217 953 2368 1023 παρά
2406 952 2568 1022 φύσιν
2592 949 2754 1016 εῖναι,
2785 953 2818 1024 ἢ
2844 953 2950 1018 ἔξω
2970 954 3062 1008 τοῦ
3089 955 3210 1008 κατ’
3249 956 3455 1028 ἀρετὴν
3480 956 3577 1009 δεί-

2024 1042 2252 1095 κνυσθαι
2284 1042 2544 1111 λόγου.Ἡ
2572 1044 2628 1097 δὲ
2651 1045 2844 1112 ἄλογος
2881 1044 3068 1114 ἀργία,
3100 1046 3268 1117 ἀρετὴ
3295 1049 3397 1101 οὐκ
3427 1046 3579 1101 ἐστιν.

2024 1135 2215 1202 Ζητεῖν
2243 1135 2353 1207 ἄρα
2380 1137 2640 1205 προσήκει
2664 1135 2724 1201 ,τί
2745 1135 2993 1205 βούλεται
3013 1137 3073 1189 τὸ
3100 1138 3465 1210 παράγγελμα
3492 1139 3580 1209 τῆς
3663 1168 3679 1177 ρ

2024 1224 2117 1276 τοῦ
2151 1225 2431 1278 Σαύὸάτου
2465 1226 2684 1297 ἀργίας.
3036 1260 3039 1261 ν

2093 1411 2238 1480 Φημὶ
2265 1409 2442 1463 τοίνυν
2471 1409 2582 1478 ἐγὼ
2611 1410 2790 1481 πάσης
2818 1411 3136 1481 νομοθεσίας
3167 1412 3267 1483 τῆς
3295 1413 3481 1467 θεόθεν
3502 1427 3588 1482 τεο

2024 1501 2329 1570 γενημένης
2370 1501 2465 1554 ἕνα
2512 1501 2711 1554 σκοπὸν
2741 1497 2899 1566 εῖναι,
2931 1501 2993 1555 τὸ
3022 1502 3350 1573 καθαρεύειν
3387 1502 3466 1574 τῷ
3496 1504 3583 1574 τῆς

353 1602 633 1664 ceperunt,
685 1604 738 1649 et
773 1595 857 1648 lex
897 1594 1077 1649 animis
1109 1606 1228 1662 qum
1257 1597 1420 1649 vetita
1469 1597 1739 1666 prohibet,
1770 1599 1922 1669 jubet

2093 1591 2225 1653 ικίας
2267 1590 2412 1661 ἔργῳ
2459 1592 2583 1653 τοὺς
2630 1589 2977 1662 δειξαμένους
3015 1592 3106 1644 τὸν
3145 1592 3328 1663 νόμον,
3363 1594 3459 1646 καὶ
3488 1594 3581 1655 πᾶς

354 1660 744 1741 sabbatismum
777 1701 937 1756 agere
963 1701 991 1739 a
1030 1660 1187 1742 malis
1225 1660 1503 1757 operibus.
1547 1682 1659 1742 lloc
1692 1660 1820 1744 sunt
1848 1698 1922 1746 ta-

2093 1699 2182 1752 μος
2212 1683 2240 1735 ὁ
2266 1682 2332 1735 τὰ
2362 1660 2707 1753 ἀπειρημένα
2735 1660 2956 1736 κωλύων
2979 1660 3326 1748 σαὸϐατίζειν
3356 1685 3465 1738 ἀπὸ
3487 1684 3583 1738 τῶν

354 1777 510 1841 bulze,
540 1773 644 1829 hoc
681 1772 916 1830 Levitica
964 1762 1292 1840 observatio,
1343 1774 1446 1832 hoc
1477 1778 1621 1847 quod
1671 1786 1923 1837 accurate

346 1858 608 1917 traditum
643 1871 728 1918 est
771 1863 824 1917 in
868 1863 1306 1930 Deuteronomio,
1347 1870 1405 1919 ut
1434 1867 1593 1922 otiosi
1625 1867 1818 1933 simus,
1869 1877 1923 1924 et

354 1936 486 2003 nillil
517 1961 741 2020 agamus
786 1951 1020 2014 illorum,
1056 1960 1286 2021 quorum
1318 1965 1456 2022 opus
1500 1958 1585 2009 est
1614 1954 1823 2011 Vitium.
1863 1951 1918 2010 Si

351 2050 479 2111 ergo
505 2042 576 2095 ita
613 2042 695 2096 lex
736 2042 1034 2111 accipiatur
1060 2050 1116 2095 ut
1144 2043 1306 2097 homo
1336 2046 1407 2098 sit
1434 2045 1645 2100 otiosus
1679 2045 1732 2099 in
1766 2048 1917 2110 vitio,

351 2148 449 2203 ego
487 2134 703 2203 quoque
747 2132 1019 2189 assentior
1071 2136 1371 2205 sapientem
1408 2135 1771 2192 Ecclesiasten
1821 2136 1920 2190 ad-

352 2241 545 2281 versus
576 2240 700 2281 eum
731 2227 823 2296 qui
853 2243 951 2282 sua
992 2228 1138 2297 ligna
1164 2228 1389 2297 colligit,
1431 2229 1763 2284 constituere
1790 2236 1921 2283 tem-

352 2328 452 2384 pus
477 2316 542 2370 ad
565 2315 878 2385 iaciendum
912 2319 1140 2388 lapides,
1176 2326 1400 2389 prepter
1431 2320 1576 2389 quod
1601 2321 1922 2389 prohibetur

352 2409 602 2463 collectio
657 2418 1056 2465 sarmentorum
1110 2412 1247 2476 vitii,
1309 2427 1427 2480 qua:
1471 2413 1802 2482 colliguntur
1852 2411 1918 2466 ad

354 2502 634 2556 materiam
666 2501 775 2573 igni
807 2503 1281 2573 suppeditandam.
1315 2502 1420 2557 Sed
1443 2505 1487 2559 si
1527 2503 1670 2557 nuda
1707 2513 1921 2559 maneat

353 2592 550 2657 littera,
599 2604 706 2648 non
758 2591 917 2648 video
945 2593 1401 2664 quemadmodum
1433 2596 1488 2648 in
1542 2594 1660 2665 iege
1691 2595 1917 2665 cegitari

346 2687 522 2757 possit
570 2686 713 2755 quod
766 2685 873 2741 Deo
906 2686 1128 2757 dignum
1174 2686 1263 2741 sit.
1302 2683 1606 2742 Videndum
1656 2693 1740 2740 est
1788 2700 1921 2757 ergo

351 2776 573 2845 quinam
603 2778 713 2832 sint
763 2774 989 2846 lapides,
1032 2779 1122 2847 qui
1155 2776 1419 2833 adversus
1450 2790 1573 2830 eum
1614 2777 1916 2846 jaciuutur,

350 2883 418 2923 ne
437 2862 865 2938 colligenddrum
884 2877 1286 2923 sarmentorum
1307 2867 1551 2923 studium
1579 2867 1737 2922 linem
1757 2878 1918 2922 suum

2024 1772 2272 1844 πονηρῶν
2292 1772 2467 1842 ἔργων
2495 1773 3077 1829 διακελεύεται.-Τοῦτο
3101 1775 3158 1827 αί
3187 1773 3414 1841 πλάκες,
3442 1773 3584 1829 τοῦτο

2022 1865 2057 1935 ἡ
2088 1863 2342 1933 Λευῖτικὴ
2378 1864 2774 1934 παρατήρησις,
2805 1862 2962 1917 τοῦτο
3000 1864 3031 1933 ή
3083 1865 3142 1917 ἐν
3169 1862 3246 1935 τῷ
3274 1866 3585 1936 Δευτερονο-

2025 1952 2131 2024 μίῳ
2175 1951 2446 2024 ἀκρίϐεια,
2473 1953 2534 2006 τό
2560 1955 2761 2024 ἀργοὺς
2788 1955 2936 2025 ἡμᾶς
2963 1956 3057 2007 καὶ⁸
3103 1955 3425 2025 ἀπράκτους
3456 1955 3585 2008 huic

2017 2060 2124 2096 νων
2154 2037 2310 2109 εἶναι,
2337 2037 2411 2098 ὧν
2439 2044 2507 2098 re:
2526 2043 2683 2117 ἔργον
2710 2045 2878 2102 κακία
2907 2044 3073 2102 ἐστίν.
3104 2046 3168 2100 Et
3201 2046 3299 2118 μὲν
3336 2041 3433 2101 οὖν
3459 2046 3587 2101 οὕτω

2020 2151 2101 2196 τις
2138 2134 2470 2206 ἐκλαμϐάνει
2499 2137 2589 2190 τὸν
2628 2139 2809 2208 νόμον,
2847 2137 3015 2208 ἀργὸν
3053 2139 3112 2191 ὲν
3138 2138 3307 2210 κακίᾳ
3339 2134 3483 2194 εἶναι
3506 2139 3587 2193 τὸν

2021 2225 2323 2295 ἄνθρωπον,
2361 2228 2512 2296 κάγὼ
2544 2229 2830 2300 συντίθημι
2859 2229 2949 2282 τὸν
2978 2229 3140 2299 σοφὸν
3164 2229 3587 2302 Ἑκκλησιαστὴν

2021 2318 2162 2372 κατὰ
2190 2319 2283 2373 τοῦ
2319 2320 2450 2386 ξύλα
2480 2321 2672 2375 ἑαυτοῦ
2705 2323 3044 2391 συνάγοντος,
3073 2323 3262 2392 καιρὸν
3286 2324 3495 2395 ὁρίζειν
3517 2325 3587 2387 είς

2020 2407 2080 2460 τὸ
2115 2408 2329 2479 βάλλειν
2352 2409 2552 2474 λίθους,
2573 2411 2641 2464 δι’
2663 2410 2722 2465 ὃν
2751 2404 3073 2483 κωλύεταίή
3105 2412 3340 2484 συλλογὴ
3367 2404 3476 2467 τιῖἶν
3499 2413 3588 2482 τῆς

2022 2500 2218 2563 κακίας
2250 2500 2562 2571 φρυγάνων,
2588 2502 2696 2556 τῶν
2725 2504 2804 2566 είς
2826 2502 3159 2574 πυρδς·ῦλην
3191 2502 3584 2575 συναγομένων.

2021 2592 2085 2644 Ei
2116 2576 2186 2645 es
2228 2591 2452 2662 ψιλότης
2496 2593 2800 2664 παραμένει
2844 2593 2921 2664 τῷ
2978 2594 3282 2665 γράμματι,
3336 2597 3443 2650 οὐκ
3485 2592 3589 2649 οἶδα

2020 2683 2166 2747 ὅπως
2212 2683 2271 2735 τὸ
2308 2683 2612 2754 θεοπρεπὲς
2655 2687 2712 2737 ἐν
2750 2683 2826 2754 τῷ
2862 2685 3012 2756 νόμῳ
3045 2685 3340 2752 λογίσαιτο.
3390 2685 3588 2740 Οὐκοῦν

2022 2775 2237 2844 νοητέον
2262 2778 2386 2838 τοὺς
2415 2775 2594 2838 λίθους
2631 2775 2774 2838 τίνες
2807 2776 2943 2828 εἰσιν
2985 2777 3034 2828 οἱ
3061 2778 3201 2831 κατά
3229 2775 3326 2829 τοῦ
3355 2776 3586 2830 τοιούτω

2024 2865 2361 2936 βαλλόμενοι,
2417 2850 2501 2919 ἵνα
2547 2866 2620 2938 μὴ
2669 2868 2748 2929 είς
2791 2866 2940 2930 τέλος
2968 2867 3215 2934 ἀφίκοιτο
3263 2870 3298 2938 ἡ
3341 2869 3472 2939 περὶ
3506 2869 3588 2920 τδν

351 2966 694 3029 assequatur.
725 2959 821 3014 Sin
855 2967 1032 3014 autem
1058 2959 1201 3029 ligna
1230 2960 1376 3023 sunt,
1409 2974 1505 3029 per
1529 2974 1648 3029 quae
1669 2959 1810 3029 ignis
1831 2975 1919 3013 ar-

2093 2957 2396 3027 ιυγανισμδν
2446 2956 2670 3027 σπουδή.
2718 2957 2781 3009 Ei
2824 2956 2879 3010 δὲ
2909 2957 2975 3011 τὰ
3012 2955 3141 3020 ξύλα
3188 2957 3255 3012 δι’
3285 2951 3366 3012 ὧν
3397 2961 3459 3013 τὸ
3488 2956 3588 3029 πῦρ

349 3048 498 3103 debit
522 3049 570 3103 ei
601 3048 693 3118 qui
719 3049 1015 3120 collegerit,
1045 3059 1174 3104 sunt
1201 3060 1380 3105 autem
1415 3065 1478 3105 ea
1533 3051 1756 3104 omnino
1782 3053 1916 3107 satis

348 3140 497 3193 clara
524 3140 572 3194 ei
602 3139 695 3208 qui
728 3145 1002 3209 utcunque
1031 3156 1251 3196 sensum
1292 3142 1568 3197 induxerit
1589 3147 1912 3216 mysticum:

352 3231 575 3300 pulchre
601 3231 747 3286 enim
782 3230 1115 3301 Apostolus‘
1140 3233 1304 3303 ligna,
1338 3234 1593 3303 stipulam
1620 3241 1673 3288 et
1709 3234 1914 3297 fenum,

351 3323 551 3377 malum
596 3323 841 3377 nominat
883 3321 1193 3388 aedilicium,
1255 3332 1543 3394 propterea
1599 3327 1743 3396 quod
1791 3324 1916 3381 talia

348 3412 571 3467 aedilicia
627 3412 760 3468 iiuut
812 3414 948 3483 ignis
980 3414 1032 3467 in
1087 3425 1328 3485 tempore
1371 3417 1583 3485 judicii,
1639 3426 1693 3471 et
1732 3418 1917 3473 sterile

349 3513 683 3559 sarmentum
740 3505 847 3575 igni
887 3507 1061 3559 solum
1112 3521 1234 3562 esse
1278 3515 1461 3577 aptum
1510 3510 1913 3579 pronuntiavit:

348 3606 399 3651 et
432 3597 604 3667 palea,
652 3596 823 3666 inquit
860 3610 957 3650 vox
992 3594 1290 3667 Evangelii,
1338 3609 1564 3668 paratur
1605 3598 1717 3668 igni
1750 3616 1763 3653 :
1794 3613 1917 3667 per-

348 3689 592 3758 spicuum
622 3695 727 3754 est,
774 3689 915 3758 quod
959 3688 1102 3758 ligna
1129 3700 1248 3759 qua:
1282 3690 1346 3744 ad
1380 3690 1558 3759 ignem
1594 3692 1914 3746 struendum

349 3780 698 3849 colliguntur,
743 3788 872 3833 sunt
921 3779 1103 3833 inania
1152 3780 1312 3847 hujus
1343 3780 1467 3833 vitae
1502 3778 1704 3838 studia,
1765 3780 1918 3848 isque

347 3877 432 3923 est
462 3871 555 3938 qui
584 3869 637 3922 in
669 3875 911 3937 tempore
962 3868 1262 3938 percutitur
1313 3869 1606 3938 lapidibus.
1654 3885 1814 3942 quem
1870 3869 1915 3924 si

349 3962 473 4031 quis
530 3959 856 4013 intelleXerit
892 3972 1011 4013 eam
1065 3972 1186 4028 quae
1232 3961 1296 4013 ad
1331 3962 1472 4013 mala
1511 3975 1789 4035 propensa
1834 3968 1917 4017 est

349 4051 752 4121 cogitationem,
802 4048 849 4103 is
890 4064 920 4102 a
958 4063 1125 4118 scopo
1164 4050 1385 4104 minimc
1431 4052 1785 4106 aberraverit.
1822 4051 1917 4109 Est

294 4206 299 4209 ι
348 4151 528 4197 autem
563 4142 785 4196 omnino
815 4140 1243 4211 intelligendum,
1279 4141 1423 4211 quod
1457 4158 1577 4212 qua:
1604 4144 1793 4198 vitium
1827 4160 1919 4215 pe-

348 4222 554 4287 rimunt
573 4233 958 4298 cogitationes,
991 4246 1069 4286 eae
1098 4241 1226 4287 sunt
1261 4232 1486 4301 lapides,
1517 4236 1608 4303 qui
1637 4237 1704 4287 ab
1733 4235 1909 4291 Eccle-

2020 3048 2418 3119 ἐκκαυθήσεται
2461 3048 2540 3117 τῷ
2581 3047 2928 3118 συνειλοχότι,
2959 3047 3175 3111 πάντως
3208 3048 3265 3101 δὲ
3293 3050 3400 3103 οὐκ
3431 3049 3588 3119 ἀδηλα

2018 3139 2210 3201 ταῦτα,
2242 3137 2320 3208 τῷ
2347 3140 2442 3191 καὶ
2467 3137 2712 3192 ὁπωσοῦν
2750 3138 3005 3208 μυστικὺν
3034 3140 3370 3208 ὲπαγαγόντι
3405 3141 3584 3210 λόγον·

2017 3227 2053 3299 ἦ
2074 3229 2183 3300 γὰρ
2211 3227 2391 3290 καλῶς
2417 3230 2446 3281 ό
2472 3228 2793 3290 Ἀπόστολος
2815 3228 2965 3292 ξύλα,
2997 3229 3248 3299 καλάμην
3278 3233 3378 3285 καὶ
3406 3232 3586 3301 χόρτον

2017 3322 2114 3388 τὴν
2159 3316 2397 3391 πονηράν
2433 3315 2716 3389 οἰκοδομὴν
2761 3320 3034 3389 ὀνομάζει,
3074 3320 3207 3374 διότι
3253 3322 3324 3374 τὰ
3366 3322 3585 3376 τοιαῦτα

2017 3413 2423 3483 οἰκοδομήματα
2464 3412 2522 3464 ὲν
2562 3409 2639 3478 τῷ
2680 3410 2778 3479 τῆς
2822 3400 3055 3482 κρίσεως
3108 3411 3285 3482 καιρῷ
3338 3413 3454 3484 πῦρ
3510 3414 3585 3480 γί-

2019 3519 2190 3567 νεται,
2227 3504 2320 3556 καὶ
2376 3503 2437 3555 τὸ
2497 3502 2743 3572 ἄχυρονβ
2776 3502 2939 3572 φησὶν
3026 3503 3059 3572 ἠ
3112 3502 3207 3555 τοῦ
3257 3503 3582 3573 Εύαγγελίου

2019 3595 2190 3667 φωνὴ,
2226 3596 2360 3668 πυρὶ
2409 3593 2777 3666 ἐτοιμάζεται,
2813 3597 2905 3646 καὶ
2954 3594 3053 3665 τὴν
3084 3594 3333 3667 ἄκαρπον
3382 3595 3585 3668 κλημα-

2017 3689 2156 3751 τίδα,
2202 3688 2346 3757 μόνῳ
2396 3685 2610 3740 εὔθετον
2648 3684 2732 3756 τῷ
2766 3686 2898 3757 πυρὶ
2931 3687 3279 3755 ἀπεφήνατο-
3324 3687 3487 3758 δῆλον
3525 3687 3586 3739 ἂν

2016 3779 2123 3847 εἴη,
2154 3778 2235 3830 ὅτι
2279 3776 2409 3840 ξύλα
2437 3776 2586 3829 ἐστὶν
2636 3777 2716 3838 είς
2767 3775 2932 3847 πυρὸς
2967 3776 3321 3847 παρασκευὴν
3370 3777 3586 3844 συναγόι

2021 3886 2175 3939 μενα,
2204 3868 2273 3921 τά
2318 3869 2521 3937 μάταια
2564 3864 2661 3918 τοῦ
2706 3864 2819 3935 βίου
2849 3865 3273 3935 ἐπιτηδεύματα,
3303 3867 3404 3920 καὶ
3442 3857 3585 3927 οὗτός

2017 3964 2163 4013 ἐστιν
2202 3962 2230 4011 ό
2260 3961 2318 4012 ὲν
2352 3956 2530 4028 καιρῷ
2560 3961 2671 4019 τοῖς
2706 3956 2870 4017 λίθοις
2915 3955 3258 4026 βαλλόμενος,
3290 3957 3465 4026 όνπερ
3500 3955 3583 4007 τὸν

2017 4054 2096 4114 εἰς
2126 4050 2193 4104 τὰ
2223 4047 2367 4103 κακά
2396 4048 2630 4121 ῥέποντα
2659 4048 2913 4116 λογισμόν
2940 4064 3022 4110 τις
3049 4049 3268 4115 νοήσας.
3297 4048 3400 4117 οὐχ
3422 4047 3584 4115 ἀμάρ-

2018 4159 2098 4196 τοι
2124 4141 2219 4194 τοῦ
2250 4141 2475 4203 δέοντος.
2503 4139 2621 4211 Χρὴ
2651 4139 2708 4191 δὲ
2746 4139 2962 4199 πάντως
2987 4140 3128 4190 νοεῖν
3164 4139 3245 4190 ὅτι
3276 4138 3326 4191 οἱ
3373 4140 3581 4206 ἀναιρε·

2018 4234 2160 4287 τικοὶ
2202 4234 2299 4304 τῆς
2347 4232 2546 4295 κακίας
2583 4230 2853 4300 λογισμοὶ,
2905 4223 3049 4283 οὗτοί
3102 4231 3239 4282 εἰσιν
3272 4230 3324 4281 oi
3362 4229 3498 4282 λίθοι
3536 4228 3580 4278 οἱ

348 4323 517 4378 siastc
571 4320 737 4376 funda
796 4328 944 4376 recte
997 4320 1296 4390 iaciuntur,
1347 4334 1484 4392 quos
1530 4338 1745 4393 semper
1775 4325 1911 4377 mitti

2093 4326 2286 4395 στόχως
2336 4324 2440 4378 ὑπὸ
2488 4323 2580 4375 τοῦ
2642 4318 3065 4391 Ἐκκλησιαστοῦ
3122 4319 3580 4389 σφενδονούμενρι,

350 4423 563 4485 oportet
591 4423 644 4468 et
665 4414 865 4482 colligi.
900 4412 1036 4467 Mitti
1068 4413 1287 4482 quidem
1321 4414 1386 4468 ad
1413 4428 1535 4469 eum
1562 4415 1912 4471 avertendum

349 4504 442 4576 qui
472 4512 662 4559 contra
689 4505 853 4557 vitam
882 4513 1122 4559 nostram
1149 4505 1409 4574 eligitur:
1440 4507 1618 4576 colligi
1647 4515 1824 4561 autem
1849 4506 1914 4560 ad

351 4599 475 4663 hoc,
502 4602 563 4649 ut
593 4596 787 4669 animat
815 4602 1017 4649 nostra:
1050 4597 1206 4651 sinus
1230 4599 1419 4666 plenus
1449 4598 1520 4653 sit
1551 4598 1618 4653 iis
1645 4612 1915 4667 praepara-

349 4689 437 4753 tis,
474 4697 532 4741 ut
568 4685 635 4740 ad
666 4701 884 4740 manum
932 4686 1003 4740 sit
1031 4688 1176 4756 quod
1211 4687 1313 4757 iaci
1353 4688 1522 4757 possit
1570 4688 1622 4740 in
1655 4688 1913 4742 adversa-

347 4782 507 4848 rium,
536 4780 581 4835 si
611 4779 829 4849 quando
854 4779 1009 4833 aliter
1036 4780 1191 4833 nobis
1220 4780 1381 4833 fuerit
1404 4779 1708 4835 insidiatus.
1761 4780 1917 4834 [inde

347 4885 476 4942 ergo
492 4868 811 4940 colligemus
828 4867 1035 4937 lapides
1053 4868 1252 4937 quibus
1281 4868 1560 4922 inimicum
1582 4867 1920 4922 obruamus?

348 4959 541 5015 Audivi
568 4959 908 5029 prophetiam
938 4958 1206 5013 dicentem
1233 4977 1244 5012 :
1291 4976 1309 5009 ι
1331 4958 1562 5032 Lapides
1586 4962 1763 5015 sancti
1799 4960 1924 5016 vol-'

353 5062 551 5106 runtur
573 5064 738 5120 super
784 5057 985 5103 terram
1006 5050 1049 5102 ⁸.
1087 5068 1106 5102 ι
1147 5048 1183 5102 li
1214 5058 1393 5104 autem
1425 5057 1576 5112 sunt.
1604 5064 1723 5121 qua:
1764 5067 1792 5104 a
1831 5052 1918 5107 di-

351 5142 552 5196 vinitus
570 5141 830 5210 inspirata
851 5139 1133 5210 Scriptura
1161 5140 1228 5194 ad
1253 5155 1350 5195 nos
1373 5141 1534 5195 verba
1557 5141 1911 5207 descendunt,

350 5247 468 5300 qua:
506 5231 761 5303 colligere
804 5239 1019 5300 oportet
1058 5232 1113 5284 in
1157 5232 1282 5286 sinu
1315 5230 1528 5295 animae,
1570 5241 1626 5286 ut
1673 5234 1726 5287 in
1775 5241 1913 5288 tcm-

351 5336 478 5389 pore
512 5323 582 5377 iis
610 5331 827 5376 utamur
875 5321 1139 5387 adversus
1182 5337 1278 5376 eos
1315 5321 1407 5390 qui
1441 5333 1564 5376 sunt
1599 5324 1755 5379 nobis
1793 5341 1911 5378 mo-

349 5412 506 5467 lesti:
542 5426 774 5482 quorum
806 5417 890 5465 est
912 5411 1047 5465 adeo
1066 5411 1504 5480 pulcherjactus,
1536 5420 1592 5466 ut
1624 5420 1676 5467 ct
1698 5414 1908 5469 hoswm
1960 5450 1965 5455 η

411 5581 431 5610 δ
468 5540 641 5644 lCor:
664 5606 742 5651 ιιι,
770 5554 885 5641 ιεζ
931 5592 952 5621 ⁸
984 5591 1150 5643 Zach'.
1181 5606 1256 5653 Ix,
1294 5588 1377 5647 1‘6.

2022 4417 2114 4480 οὒς
2159 4407 2245 4471 ἀεὶ
2277 4416 2370 4470 καὶ
2403 4413 2713 4487 πέμπεσθαι
2754 4412 2878 4483 χρὴ.
2912 4411 3006 4465 καὶ
3048 4410 3408 4476 συνάγεσθαι·
3451 4410 3582 4479 πέμ-

2023 4508 2218 4560 πεσθαι
2267 4506 2367 4577 μὲν
2409 4506 2488 4567 εἰς
2521 4503 2847 4574 ’καθαίρεσιν
2873 4501 2966 4554 τοῦ
3012 4502 3153 4554 κατὰ
3187 4498 3288 4569 τῆς
3321 4500 3584 4571 ἡμετέρας

2021 4603 2167 4683 ζωῆς
2198 4597 2499 4668 ὑψουμένου
2521 4612 2535 4626 ’
2581 4594 2907 4663 συνάγεσθαι
2939 4593 3017 4683 δὲ,
3051 4593 3131 4655 είς
3167 4591 3243 4683 τὸ-
3270 4591 3363 4645 ἀεὶ
3415 4591 3581 4659 πλήρη

2020 4679 2158 4743 εἶναι
2207 4688 2298 4741 τὸν
2351 4688 2450 4757 τῆς
2479 4685 2656 4755 ψυχῆς
2699 4684 2898 4737 κόλπον
2940 4681 3048 4734 τῶν
3104 4679 3362 4735 τοιούτων
3412 4694 3583 4751 παρα·

2023 4780 2250 4847 σκευῶν,
2283 4780 2422 4833 ὥστε
2454 4777 2743 4849 πρόχειρον
2775 4771 2913 4829 εἶναι
2935 4773 3076 4827 κατά
3108 4770 3204 4824 τοῦ
3266 4772 3464 4845 ἐχθροῦ
3491 4770 3583 4841 τὴν

2022 4871 2201 4942 βολὴν,
2226 4868 2407 4922 εῐποτε
2427 4866 2601 4928 ἄλλως
2632 4864 2732 4934 τὴν
2764 4862 2884 4917 καθ’
2900 4865 2932 4933 ἡ
2942 4861 3058 4933 μῶν
3087 4858 3381 4930 ἐπιϐουλὴν
3404 4859 3582 4928 twen-

2020 4976 2185 5016 σειεν.
2219 4959 2387 5014 Πόθεν
2417 4952 2510 5012 οῦν
2541 4956 2932 5024 συναγάγωμεν
2958 4951 3137 5015 λίθους
3164 4944 3245 5014 οἷς
3272 4951 3369 5004 τὸν
3396 4948 3582 5021 ὲχθρδν

2019 5050 2455 5121 καταχὼσιομεν;
2491 5049 2734 5100 Ἤκουσα
2783 5044 2883 5113 τῆς
2921 5042 3260 5114 προφητείας
3302 5041 3578 5109 εἰπούσης.

2016 5155 2034 5187 ι
2074 5135 2228 5191 Δίθοι
2264 5135 2412 5203 amt
2450 5132 2719 5187 κυλίονται
2757 5134 2851 5186 ἐπὶ
2879 5133 2980 5203 τῆς
3009 5133 3134 5204 γῆς.
3175 5152 3194 5185 ι
3227 5128 3389 5189 Οὗτοι
3436 5134 3482 5188 δ’
3516 5133 3577 5189 ἂν

2011 5221 2121 5280 εἷεν
2145 5225 2252 5281 ἀπὸ
2276 5228 2375 5297 τῆς
2393 5223 2751 5278 θεοπνεύστου
2784 5224 3005 5295 Γραφῆς
3026 5227 3107 5288 εἰς
3136 5227 3283 5296 ἡμᾶς
3310 5227 3579 5286 κατιόντες

2014 5318 2182 5386 λόγοι,
2199 5316 2291 5380 οὓς
2318 5317 2421 5388 χρὴ
2449 5318 2771 5383 συναγαγεῖν
2793 5318 2850 5369 ἐν
2877 5314 2955 5385 τῷ
2979 5319 3077 5388 τῆς
3095 5317 3276 5389 ψυχῆς
3298 5319 3503 5389 κόλπῳ,
3517 5308 3578 5370 ἰν*

2019 5414 2076 5463 ὲν
2099 5406 2276 5479 καιρῴ
2304 5407 2445 5461 κατά
2466 5406 2575 5460 τῶν
2598 5405 2909 5465 λυπούντων
2932 5406 3282 5525 χρησώμεθα,
3310 5401 3435 5481 ὧνή
3458 5403 3574 5480 βολὴ
