3738 5984
135 246 223 300 717
1112 237 1177 291 ΙΝ
1217 234 1748 305 ECCLESIASTEN.
1790 234 2076 291 HOMILIA
2116 237 2224 292 Vll.
3216 224 3318 278 7l8

130 358 254 412 οὕτω
288 352 442 422 καλὴ,
485 352 580 406 καὶ
610 352 823 421 ἀναιρεῖ
864 350 951 403 τὸν
985 350 1261 418 πολέμιον,
1315 348 1407 401 καὶ
1436 348 1534 416 τῆς
1569 346 1663 399 τοῦ

1837 349 2104 410 lerimaut,
2134 357 2188 402 et
2218 348 2287 401 ab
2313 345 2433 415 ejus
2464 345 2553 413 qui
2582 344 2718 414 jacit
2752 358 2913 396 manu
2943 355 3328 408 nonsepan-n-

130 448 380 520 βάλλοντος
409 442 590 513 χειρὸς
617 443 678 495 οὺ
714 441 1016 512 χωρίζεται.
1064 442 1122 493 '0
1155 440 1265 510 γὰρ
1299 437 1376 508 τῷ
1405 437 1537 507 λίθῳ
1568 438 1665 507 τῆς

1837 454 1873 490 ι’.
1910 439 2014 503 Qui
2047 439 2191 491 enim
2221 437 2403 505 lapide
2438 434 2812 503 temperantia:
2842 432 3169 501 impudicam
3201 445 3325 497 ιιι-ο-
3386 428 3393 438 '

132 535 450 605 σωφροσύνης
495 530 844 584 καταϐάλλων
902 530 994 583 τὸν
1044 529 1341 582 ἀκόλαστον
1385 525 1661 595 λογισμὸν,

1837 530 1966 583 :rnit
2005 528 2420 597 cogitationem.
2452 540 2574 594 qua:
2612 536 2713 594 per
2738 524 3041 591 voluptates
3073 520 3327 575 sarmenti

129 627 207 680 τὸν
228 625 305 679 διὰ
328 621 436 675 τῶν
456 621 661 692 ἡδονῶν
675 622 772 683 τὰς
803 619 896 672 τοῦ
927 619 1088 689 πυρὸς
1110 618 1240 681 ὕλας
1267 616 1664 687 φρυγανιζόμε-

1840 620 1874 673 ii
1910 619 2187 673 materiam
2214 617 2541 688 suppeditat,
2574 618 2718 670 illam
2746 616 2895 685 jartu
2926 625 3168 682 superat,
3192 620 3246 665 et
3274 612 3329 665 in

131 733 222 775 νον,
261 710 506 765 κάκεῖνον
531 711 597 779 τῇ
627 707 754 778 βολῇ
802 706 1232 778 κατηγωνίσατο,
1260 707 1352 759 καὶ
1379 704 1465 756 διὰ
1486 703 1665 773 χειρὸς

1837 724 1924 769 mu
1961 724 2174 777 semper
2211 709 2314 762 fert
2346 722 2521 761 arma.
2557 706 2821 760 ltaetiam
2849 703 3063 771 justitia
3098 701 3156 754 lit
3193 700 3330 769 lapis

131 807 201 857 ἀεὶ
228 803 368 873 φέρει
402 799 466 852 1:6
507 798 689 852 ὅπλον.
739 796 894 851 Οὕτω
936 797 1029 850 καὶ
1077 799 1110 867 ἡ
1157 794 1466 862 δικαιοσύνη
1518 793 1663 856 λίθος

1838 815 2028 855 versus
2068 799 2416 868 injustitiam,
2447 800 2701 866 illamque
2734 796 2971 866 perimit,
2999 802 3051 849 ct
3080 802 3333 847 servatur

130 892 246 945 κατὰ
278 891 369 958 τῆς
416 888 625 950 ἀδικίας
662 887 889 955 γίνεται,
924 885 1181 954 κάκείνην
1209 885 1441 954 ἀναιρεῖ,
1472 882 1565 936 καὶ
1606 884 1663 934 ἐν

1846 893 1967 946 sinu
1994 891 2115 961 ejus
2143 891 2237 960 qui
2283 890 2522 945 admisit.
2556 889 2755 944 Eodem
2801 888 2964 943 modo
2997 888 3178 941 omnia
3210 903 3333 957 qua:

128 981 192 1050 τῷ
238 980 411 1049 κόλπῳ
446 977 538 1031 τοῦ
592 977 927 1047 προσεμένου
973 975 1316 1045 φυλάττεται.
1370 973 1525 1026 Κατὰ
1572 972 1662 1024 τὸν

1877 997 1943 1036 eo
1972 980 2116 1052 quod
2159 962 2490 1037 est'melius
2532 981 2932 1050 intelliguntur,
2969 989 3023 1033 et
3060 979 3329 1035 deteriora

127 1073 265 1125 αὑτὸν
293 1070 486 1141 τρόπον
526 1068 704 1122 πάντα
730 1067 865 1137 πρὸς
894 1067 955 1119 τὸ
982 1069 1225 1138 κρεῖττον
1258 1064 1537 1135 νοούμενα,
1566 1065 1662 1118 ἀν-

1837 1073 2060 1134 rimunt,
2090 1082 2145 1126 et
2167 1087 2276 1125 non
2311 1080 2637 1140 separantur
2661 1071 2730 1124 ab
2756 1084 2821 1122 eo
2843 1069 2934 1137 qui
2958 1085 3023 1123 ex
3052 1071 3251 1124 virtute
3272 1085 3333 1125 se

126 1162 348 1233 αιρετικὰ
376 1161 485 1215 τῶν
506 1159 761 1230 χειρόνων
791 1157 1017 1226 γίνεται,
1047 1156 1252 1209 καὶτοῦ
1281 1154 1662 1226 κατορθοῦντος

1837 1158 1919 1209 rit.
1953 1155 2067 1210 Mea
2094 1157 2314 1226 quidem
2347 1157 2619 1211 sententia
2653 1163 2870 1224 Oportet
2892 1155 2966 1207 ita
3001 1155 3055 1207 in
3085 1163 3333 1225 tempore

122 1254 206 1324 τὴν
228 1251 413 1323 ἀρετὴν
441 1253 502 1304 οὐ
534 1249 843 1319 χωρίζεται.
883 1248 1038 1300 Κατὰ
1066 1263 1125 1299 τε
1161 1245 1253 1298 τὸν
1282 1245 1543 1315 ἡμέτερον
1575 1244 1663 1296 λό-

1837 1263 1939 1302 :ere
1971 1249 2198 1318 lapides,
2230 1257 2282 1303 et
2309 1248 2363 1301 in
2390 1259 2634 1316 tempore
2661 1247 2917 1317 colligere
2945 1246 3171 1325 lapides,
3198 1255 3257 1300 ut
3278 1257 3334 1301 et

125 1362 223 1411 γον,
252 1342 412 1405 οὕτως
447 1341 552 1411 χρὴ
579 1342 635 1393 ἐν
665 1337 838 1409 καιρῷ
869 1337 1048 1407 βαλεῖν
1079 1338 1201 1399 τοὺς
1244 1328 1443 1399 λίθους,
1484 1336 1575 1389 καὶ
1603 1337 1661 1388 ἐν

1837 1350 1977 1405 mper
2011 1335 2183 1389 bonos
2211 1336 2492 1390 mittamus
2524 1335 2730 1405 jactus,
2761 1337 2827 1389 ad
2859 1335 3191 1406 proﬂiganda
3212 1352 3334 1407 quae

125 1432 276 1504 καιρῷ
328 1432 651 1499 συναγαγεῖν
700 1428 900 1491 λίθους,
930 1427 1003 1490 ὼς
1039 1426 1132 1479 καὶ
1164 1426 1249 1478 ἀεὶ
1298 1426 1536 1495 πέμπειν
1567 1425 1662 1488 τὰς

1837 1434 1892 1478 nt
1919 1426 2210 1489 deteriora,
2239 1435 2292 1479 et
2324 1427 2480 1482 nobis
2510 1442 2786 1497 nunquam
2817 1427 3031 1481 deliciat
3062 1427 3333 1497 ejusmodi

122 1522 305 1589 ἀγαθὰς
333 1520 490 1591 βολὰς
533 1519 626 1572 ἐπὶ
662 1518 722 1570 τὸ
754 1515 1035 1570 καταλύειν
1074 1514 1140 1567 τὰ
1168 1515 1404 1584 χείρονα,
1435 1513 1530 1566 καὶ⁸
1561 1531 1662 1582 μη-

1837 1533 2039 1571 ιιιοιιιιιη
2076 1519 2255 1587 copia.
2294 1518 2399 1584 Qui
2431 1527 2612 1573 autem
2643 1519 2901 1588 deinceps
2924 1520 3175 1588 sequitur
3207 1536 3331 1575 ver-

122 1613 289 1664 ὁέποτε
336 1612 482 1682 ἡμᾶς
533 1608 830 1661 ἐπιλείπειν
876 1604 1282 1658 τῶντοιούτων
1330 1603 1509 1657 ὅπλων
1561 1603 1658 1673 τὴν

124 1794 241 1865 μένη
271 1793 440 1865 ῥῆσις,
485 1788 828 1861 περιλήψεώς
864 1806 1005 1852 τινος
1051 1787 1240 1859 καιρὸν
1272 1787 1366 1840 καὶ
1409 1785 1662 1856 ἀκαιρίαν

121 1886 356 1956 ὁρίζεται.

184 1977 323 2045 Ἔχει
348 1974 403 2027 δὲ
440 1975 474 2042 ἡ
515 1972 657 2035 λέξις
682 1970 853 2033 οὕτως
875 1987 888 1999 ο
934 1988 950 2020 ι
983 1969 1184 2039 Καιρὸς
1211 1968 1304 2021 τοῦ
1334 1966 1660 2038 περιλαϐεῖν,

122 2068 200 2120 καί
222 2065 398 2139 καιρὸς
423 2064 521 2119 τοῦ
544 2063 913 2135 μακρυνθῆναι
943 2063 1048 2115 ἀπὸ
1071 2061 1427 2132 περιλήψεως.
1446 2081 1463 2111 ι
1480 2058 1666 2113 Ταῦτα

120 2156 168 2209 δὲ
190 2157 282 2210 οὐκ
304 2156 364 2209 ἂν
394 2155 570 2218 ἄλλως
595 2154 800 2223 γένοιτο
828 2154 957 2223 ἡμῖν
995 2155 1279 2223 καταφανῆ
1304 2151 1371 2205 τὰ
1396 2154 1489 2221 νοή
1499 2169 1662 2221 ματα,

122 2246 186 2316 μὴ
213 2246 304 2317 τῆς
338 2245 537 2313 λέξεως
567 2244 827 2315 πρότερον
854 2242 942 2297 διὰ
975 2243 1071 2314 τῆς
1102 2244 1320 2315 Γραφῆς
1349 2243 1629 2313 νοηθείσης
1650 2261 1661 2273 ’

120 2334 517 2404 ὥστεγενέσθαι
570 2334 727 2404 δῆλον
766 2336 939 2404 ἡμῖν,-
970 2334 1061 2385 ἐπὶ
1108 2332 1248 2396 τίνος
1290 2327 1428 2386 οἶδεν
1472 2334 1500 2384 6
1550 2331 1666 2384 θεό·

120 2442 354 2489 πνευστος
397 2425 555 2494 λόγος
603 2428 668 2495 τῇ
717 2426 866 2494 φωνῇ
918 2422 1235 2494 κεχρῆσθαι.
1286 2425 1351 2476 ’Ὀ
1385 2423 1480 2493 μὲν
1518 2418 1608 2476 οὖν
1637 2423 1666 2473 6

122 2516 273 2584 μέγας
297 2516 453 2569 Δαϐλδ
484 2515 573 2569 διὰ
599 2514 824 2584 ψαλμῶν
856 2514 1169 2584 ὁιεσήμανε,
1199 2516 1294 2567 καὶ
1453 2512 1624 2580 λέγων
1649 2530 1661 2542 ·

124 2606 459 2661 ιΚυκλώσατε
494 2605 651 2671 Σιὼν,
680 2605 1119 2676 καὶ’περι).άϐετε
1152 2605 1344 2674 αὑτήν·
1373 2624 1391 2656 ι
1417 2604 1575 2668 αὐτὸς
1608 2603 1665 2656 δὲ

118 2693 250 2761 οὗτος
280 2700 306 2752 6
337 2698 608 2770 Σολομῶν,
656 2699 742 2750 ὅτε
786 2696 882 2768 τὴν
929 2695 1228 2750 ἐνδιάθετον
1287 2694 1458 2747 ἐποίει
1507 2694 1667 2758 συζυ-

118 2790 226 2856 γίαν
253 2793 341 2845 τοῦ
368 2791 647 2864 ἐρωτικῶς
689 2790 822 2862 πρὸς
857 2791 956 2861 τὴν
999 2790 1190 2860 σοφίαν
1220 2789 1567 2852 διατεθένῖος,
1598 2791 1667 2843 τά

116 2897 166 2932 τε
210 2882 332 2936 ἄλλα
366 2882 521 2955 φησϊ,
562 2882 627 2936 δι’
649 2876 723 2937 ὧν
769 2883 974 2951 γίνεται
1006 2880 1134 2952 ἡμῖν
1164 2878 1300 2953 πρὸς
1334 2880 1431 2951 τὴν
1469 2880 1666 2951 ἀρετὴν

1762 1608 1954 1661 borum
1985 1618 2294 1672 contextus,
2323 1610 2510 1665 definit
2538 1619 2751 1681 tempus
2779 1620 2834 1666 et
2858 1610 3329 1679 importunitatem

121 1670 387 1770 ἁφθονίανῗ
425 1670 488 1752 Ἦ
535 1699 592 1751 δὲ
628 1694 822 1766 ἐφεξῆς
876 1694 1016 1749 κατὰ
1057 1692 1117 1746 τὸ
1160 1693 1448 1747 ἀκόλουθον
1480 1670 1658 1759 ἐγκει-

1837 1697 2049 1766 jusdam
2082 1699 2420 1768 complexus.

1837 1970 1926 2026 Sic
1955 1980 2133 2025 autem
2164 1972 2327 2027 habet
2354 1975 2743 2030 contextusz5.
2785 1993 2803 2025 ι
2823 1974 3063 2046 Tempus
3083 1982 3170 2029 est
3190 1988 3333 2030 com-

1767 2061 2060 2132 plectendi,
2117 2071 2171 2115 et
2213 2071 2427 2133 tempus
2478 2074 2563 2119 est
2609 2066 2796 2133 procul
2827 2081 2885 2120 se
2930 2064 3242 2121 removendi
3299 2082 3329 2121 a

1765 2154 2117 2224 complexu.»
2176 2151 2295 2207 Non
2347 2155 2453 2209 erit
2502 2165 2681 2210 autem
2732 2171 2929 2212 sensus
2962 2158 3132 2231 nobis
3175 2161 3333 2214 aliter

1764 2245 1969 2308 clarus.
2012 2260 2174 2315 quam
2234 2246 2278 2301 si
2314 2257 2604 2303 contextus
2647 2263 2745 2317 per
2794 2249 3134 2319 Scripturam
3168 2249 3332 2306 fuerit

1764 2336 1917 2406 prius
1945 2337 2276 2400 intellectus,
2310 2344 2369 2391 ut
2415 2338 2573 2392 nobis
2603 2337 2694 2393 fiat
2722 2340 3071 2409 perspicuum
3110 2341 3162 2394 in
3194 2356 3333 2411 quo-

1767 2442 1890 2479 nam
1932 2426 2198 2482 divinitus
2234 2426 2498 2495 inspirata
2545 2427 2827 2498 Scriptura
2884 2446 3016 2485 voce
3058 2431 3137 2485 uti
3171 2432 3333 2487 sciat.

1766 2516 1942 2585 Atque
1973 2531 2205 2585 tnagnus
2237 2518 2459 2587 quidem
2490 2516 2655 2571 David
2689 2514 2867 2573 hocin
2904 2519 3137 2575 Psalmis
3167 2521 3335 2590 signi-

1767 2609 1965 2663 ﬁcavit.
2000 2608 2212 2663 Clamat
2235 2608 2379 2662 enim
2411 2608 2601 2663 dicens
2628 2628 2641 2665 :
2682 2628 2700 2660 ι
2720 2608 3069 2667 Circumdate
3099 2609 3253 2678 Sion,
3279 2623 3336 2668 et

1766 2699 2190 2767 complectimini
2245 2701 2461 2753 eam°.n
2510 2699 2605 2753 llic
2656 2701 2773 2769 ipse
2820 2709 3001 2754 autem
3052 2700 3333 2764 Salomon,

1728 2842 1735 2849 ,
1766 2788 1985 2858 quando
2007 2788 2340 2841 intrinsecus
2369 2788 2598 2856 positam
2634 2786 2865 2842 faciebat
2894 2789 3332 2857 conjunctionem

1766 2880 1886 2949 ejus
1919 2880 2011 2948 qui
2041 2893 2225 2933 amore
2252 2889 2445 2948 captus
2472 2889 2587 2933 erat
2621 2878 2922 2948 sapientiae,
2958 2888 3010 2933 et
3040 2879 3145 2934 alia
3176 2880 3332 2942 dicit.

120 2972 376 3041 συνάφεια.
412 2975 508 3028 καὶ
538 2974 694 3026 τοῦτο
726 2973 918 3041 ἐπᾶιγει
940 2990 952 3001 ·
984 2993 1001 3021 ‹
1024 2973 1065 3024 Τ
1073 2973 1263 3043 ίμησον
1294 2972 1482 3042 αὐτὴν,
1501 2972 1585 3024 ἵνα
1604 2988 1662 3024 σε

1839 2989 1862 3024 r
1889 2986 2010 3041 quae
2049 2970 2105 3024 lit
2137 2972 2297 3026 nobis
2338 2986 2462 3024 cum
2514 2970 2716 3025 virtute
2747 2970 3081 3051 cpnjunctio,
3130 2981 3183 3026 et
3230 2972 3335 3025 hoc

117 3064 382 3138 περιλάϐῃ.
406 3085 424 3116 ι
463 3065 528 3119 Εἰ
557 3063 647 3119 οὖν
677 3064 839 3118 Δαϐὶδ
856 3063 949 3134 τὴν
969 3062 1103 3116 Σιὼν
1132 3062 1278 3134 ἡμᾶς
1295 3062 1663 3134 παρακελεύεο

117 3172 194 3207 ται
241 3158 698 3229 περιλαμϐάνειν·
735 3155 986 3226 Σολομὼν
1032 3154 1089 3207 δὲ
1137 3156 1262 3217 τοίνς
1307 3154 1667 3225 τετιμηκότας

115 3247 202 3316 την
234 3249 417 3317 σοφίαν
446 3249 779 3322 παρ’.αὑτῆς
819 3242 937 3300 εἶπε
973 3244 1492 3325 περιλαμϐάνεσθαι,
1528 3247 1667 3317 τάχα

116 3335 201 3402 τῆς
224 3340 600 3410 προσηκούσης
629 3338 834 3400 ἐννοίας
855 3338 952 3406 οὐχ
978 3336 1384 3413 ἁμαρτάνομεν,
1407 3335 1669 3407 μαθόντες

115 3426 168 3476 τὸ
194 3431 436 3499 πρᾶγμα,
486 3424 553 3485 οὗ
592 3428 844 3498 εὔκαιρος
876 3430 1019 3481 ἐστιν
1053 3429 1087 3497 ἡ
1123 3425 1426 3496 περίληψις.
1462 3427 1535 3480 Τὸ
1562 3427 1667 3497 γὰρ

119 3516 237 3570 Σιὼν
275 3520 397 3589 ὅρος
427 3521 547 3575 ἐστὶ
574 3524 671 3592 τῆς
708 3518 1087 3593 Ἱεροσολύμων
1120 3519 1294 3590 ἄκρας
1339 3508 1671 3589 ὑπερφαινόέ

120 3624 276 3675 μενον.
331 3613 389 3665 ὐ
416 3609 511 3668 οὖν
552 3612 757 3683 ταύτην
793 3610 852 3666 σε
903 3610 1328 3684 περιλαμϐάνειν
1370 3612 1668 3682 προτρεπό-

123 3713 280 3762 μενος,
309 3700 373 3772 τῇ
405 3703 586 3774 ὑψηλῇ
620 3702 862 3776 πολιτείᾳ
890 3701 1107 3773 συμφυῆ
1133 3697 1269 3754 εἶναι
1305 3701 1670 3771 παρακελεύε-

118 3802 195 3841 ται
223 3788 355 3844 ὥστε
389 3796 470 3857 είς
514 3793 686 3862 αὐτὴν
719 3791 920 3860 φθάσαι
954 3791 1059 3845 τῶν
1106 3789 1315 3862 ἀρετῶν
1359 3789 1455 3860 τὴν
1501 3792 1668 3862 ὀικῷ-

120 3877 273 3945 τεολιν,
302 3882 365 3952 ἢν
393 3881 471 3953 τῷ
497 3883 725 3953 ὀνόματι
751 3881 887 3934 Σιὼν
915 3878 1215 3952 παραδηλοῖ
1232 3880 1298 3933 δι’
1327 3878 1470 3947 αίνίγ
1480 3896 1667 3949 ματος.

130 3968 179 4021 ’0
223 3971 275 4037 δὲ
320 3975 421 4044 τῆς
474 3975 672 4043 σοφίας
709 3972 1110 4037 ἐσσυνοικίζων,
1158 3970 1254 4041 τὴν
1288 3969 1415 4041 παρ’
1445 3971 1669 4032 ἐκείνοις

122 4060 369 4134 ἑπομένην
390 4065 690 4136 περίληψίν
718 4081 798 4117 σοι
834 4061 1261 4133 εὐαγγελίζεται.
1304 4061 1510 4114 Οὐκοῦν
1545 4079 1668 4114 και·-

121 4151 200 4219 ρός
237 4153 349 4208 ἐστι
388 4154 530 4210 Σιὼν
580 4154 1025 4227 περιλαμϐάνειν,
1061 4154 1153 4207 καὶ
1195 4151 1298 4205 ὑπὸ
1338 4153 1436 4221 τῆς
1468 4152 1670 4220 σοφίας

122 4241 628 4313 περιλαμϐάνεσθαι,
660 4245 755 4299 τοῦ
792 4245 889 4317 μὲν
924 4246 1184 4315 ὀνόματος
1212 4242 1347 4297 Σιὼν
1380 4244 1438 4296 τὸ
1470 4243 1671 4313 ὑψηλὸν

1766 3064 2065 3134 subjungit,
2113 3063 2330 3118 Honora
2372 3063 2566 3132 ipsam,
2619 3073 2677 3118 ut
2719 3074 2773 3119 te
2820 3065 3239 3133 complectatur.
3276 3064 3335 3117 Si

1766 3168 1896 3222 ergo
1922 3152 2088 3207 David
2115 3154 2272 3223 jubet
2308 3168 2409 3206 nos
2434 3152 2564 3206 Sion
2591 3154 2913 3223 complecti:
2951 3152 3207 3207 Salomon
3239 3169 3338 3216 aue

1768 3256 1874 3302 tem
1926 3246 2063 3321 dicit
2099 3262 2194 3303 eos
2235 3249 2325 3315 qui
2378 3248 2722 3301 honorarunt
2762 3247 3111 3317 sapientiam,
3162 3247 3337 3316 ipsam

1769 3337 2057 3407 complecti
2082 3339 2124 3399 ⁷,
2159 3352 2187 3389 a
2219 3337 2578 3393 conveniente
2618 3352 2784 3393 sensu
2813 3337 2949 3391 forte
2977 3354 3086 3391 non
3113 3336 3338 3391 aberra-

1770 3443 1912 3493 mus,
1972 3429 2017 3483 si
2071 3443 2182 3483 rem
2235 3427 2590 3483 didicerimus
2641 3429 2802 3497 cujus
2849 3441 2933 3483 est
2980 3428 3337 3497 tempestivus

1769 3519 2102 3587 complexus.
2144 3517 2272 3572 Sion
2321 3518 2465 3571 enim
2514 3532 2670 3572 mons
2699 3527 2783 3573 est
2815 3517 3336 3589 Hierosolymorum,

1768 3612 1861 3679 qui
1886 3625 2051 3679 super
2071 3625 2251 3663 arcem
2279 3609 2500 3663 eminet.
2530 3609 2630 3673 Qui
2648 3623 2778 3679 ergo
2800 3608 3121 3661 adhortatur
3140 3617 3337 3663 nteant

1770 3702 2172 3770 complectaris,
2207 3700 2363 3769 jubet
2390 3708 2448 3753 ut
2471 3699 2694 3755 sublimi
2730 3700 2854 3753 vita:
2876 3699 3097 3769 agenda)
3126 3699 3338 3754 ratione

1769 3793 2071 3855 coalescas,
2124 3800 2183 3847 ut
2216 3793 2503 3861 pervenias
2537 3792 2601 3844 ait
2631 3790 2802 3859 ipsam
2832 3804 3009 3844 arcem
3050 3791 3336 3853 virtutum,

1769 3898 1934 3953 quam
1963 3882 2067 3937 sub
2096 3883 2313 3936 nomine
2345 3879 2476 3935 Sion
2507 3880 2779 3950 signiﬁcat
2808 3880 2861 3934 in
2889 3879 3194 3950 aenigmate.
3232 3880 3336 3947 Qui

1770 3988 1901 4041 ergo
1932 3982 2110 4028 tecum
2135 3973 2382 4026 habitare
2408 3972 2523 4025 vult
2554 3970 2901 4041 sapientiam,
2934 3986 3058 4026 eum
3082 3971 3176 4041 qui
3195 3972 3340 4042 apud

1772 4063 1897 4118 illos
1925 4064 2172 4132 sequitur
2201 4063 2491 4116 annuntiat
2529 4063 2626 4117 tibi
2672 4064 3035 4134 complexum.
3083 4063 3175 4119 Est
3209 4080 3340 4136 ergo

1772 4162 1987 4223 tempus
2013 4153 2405 4221 complectendi
2439 4154 2595 4216 Sion.
2630 4164 2684 4209 et
2717 4163 2933 4226 tempus
2962 4164 3019 4208 ut
3056 4172 3156 4211 nos
3189 4172 3340 4211 com-

1774 4246 2042 4314 plectatur
2064 4246 2348 4314 sapientia,
2376 4248 2597 4301 nominc
2615 4247 2834 4316 quidem
2860 4248 2992 4300 Sion
3015 4248 3338 4303 ostendente

118 4334 203 4401 τῆς
233 4336 501 4403 πολιτείας
538 4337 983 4409 ἐνδεικνυμένου,
1015 4337 1113 4405 τῆς
1157 4335 1212 4387 δὲ
1262 4335 1452 4402 σοφίας
1491 4337 1666 4387 πᾶσαν

1842 4336 2158 4390 blimitatem
2187 4336 2307 4390 vita:
2325 4336 2546 4405 agenda:
2578 4337 2841 4403 rationis;
2873 4338 3135 4407 sapientia
3159 4349 3337 4393 autem

118 4421 211 4473 ἀπὸ
244 4427 439 4495 μέρους
472 4429 575 4498 τὴν
616 4428 817 4499 ἀρετὴν
844 4427 912 4479 δι’
936 4425 1135 4497 ἐαυετῆς
1172 4425 1559 4496 σημαινούσης.
1607 4427 1666 4481 Ei

1884 4437 2035 4495 parte
2066 4441 2279 4480 omnem
2334 4442 2428 4496 per
2471 4441 2530 4480 se
2578 4427 2829 4505 virtutem
2876 4426 3236 4496 signiﬁcante.
3280 4430 3338 4482 Si

118 4512 273 4567 τοίνυν
303 4518 629 4589 ἐγνώκαμεν
668 4519 758 4572 διὰ
802 4518 911 4570 τῶν
948 4518 1250 4588 εἰρημένων
1279 4517 1340 4569 τὸ
1376 4516 1477 4587 τῆς
1513 4535 1666 4588 περι-

1837 4532 1901 4586 go
1933 4531 2028 4585 per
2070 4532 2134 4569 ea
2166 4530 2287 4586 qua“:
2324 4516 2468 4569 dicta
2500 4523 2628 4570 sunt
2678 4517 3037 4585 cognovimus
3075 4527 3339 4588 opportu-

118 4595 307 4673 λήψεως
346 4610 628 4682 εῦκαιρον,
657 4611 743 4665 διὰ
772 4610 878 4664 τῶν
906 4608 1085 4662 αὐτῶν
1114 4607 1485 4679 ἐδιδάχθημεν,
1513 4609 1671 4664 τίνων

119 4692 143 4741 ὁ
167 4698 426 4769 χωρισμὸς
455 4704 558 4772 τῆς
595 4700 870 4770 συμφυΐας
914 4699 1031 4751 ἐστὶ
1057 4697 1508 4769 λυσιτελέστερος.
1539 4701 1674 4753 Και-

123 4782 201 4849 ίλλς
228 4787 348 4857 γὰρ,
390 4792 549 4860 φησὶ,
589 4790 687 4844 τοῦ
731 4790 1104 4862 μακρυνθῆναι
1153 4790 1262 4843 ἀπὺ
1306 4789 1666 4863 περιλήψεως.

131 4870 181 4923 ὐ
210 4877 334 4946 πρὸς
356 4880 455 4950 τὴν
487 4879 694 4952 ἀρετὴν
716 4880 1033 4943 οίκειωθεὶς,
1058 4879 1159 4948 τῆς
1182 4879 1316 4951 πρὸς
1344 4881 1442 4950 τὴν
1472 4887 1668 4934 κακίαν

123 4962 335 5029 σχέσεως
361 4968 747 5041 ἠλλοτρίωται.
780 4990 797 5021 ι
827 4969 920 5033 Τίς
952 4971 1061 5039 γὰρ
1084 4969 1336 5021 κοινωνία
1365 4970 1504 5036 φωτὶ
1534 4970 1670 5040 πρὸς

123 5050 309 5117 σκότος,
357 5052 390 5125 ἢ
441 5055 670 5127 Χριστῷ
720 5054 856 5128 πρὸς
902 5052 1117 5121 Βελίαλ;
1147 5078 1167 5109 ι
1192 5057 1261 5109 Ἣ
1303 5058 1420 5119 πῶς
1450 5056 1670 5113 δυνατόν

120 5139 220 5194 ἐστι
244 5144 355 5199 δυσὶ
387 5149 604 5219 κυρίοις
640 5147 894 5211 ἐναντίοις
917 5146 1252 5209 δουλεύοντα,
1284 5146 1469 5201 εὔνουν
1489 5149 1667 5218 ἀμφο-

120 5230 271 5299 τέροις
308 5239 595 5307 γενέσθαι;
645 5240 707 5292 Ἥ
740 5228 846 5311 γάρ
872 5239 966 5292 τοῦ
997 5238 1113 5302 ἐνὸς
1131 5240 1340 5311 ἀγάπη,
1377 5230 1529 5311 μῖσος
1573 5241 1665 5294 τοῦ

118 5320 281 5395 ἑτέρου
329 5329 612 5403 ἐποίησεν.
649 5331 817 5385 Ὅταν
863 5326 956 5384 οὖν
992 5333 1025 5401 ὴ
1070 5331 1384 5402 ἀγαπητικὴ
1431 5330 1667 5394 διάθεσις

121 5420 347 5492 περιττοιῇ
377 5422 436 5475 τὸ
483 5420 676 5488 καλὸν,
703 5423 862 5476 τοῦτο
900 5422 957 5476 δέ
987 5424 1099 5475 ἐστι
1145 5423 1207 5477 τὸ
1264 5420 1536 5495 εὔκαιρον,
1566 5424 1667 5475 ἐπε

1772 4609 1994 4661 nitatem
2036 4606 2374 4675 complexus,
2417 4621 2514 4676 per
2546 4621 2609 4660 ea
2651 4606 2768 4675 ipsa
2814 4606 3124 4671 didicimus,
3161 4623 3192 4662 a
3220 4611 3342 4679 qui-

1772 4697 2000 4751 busnam
2041 4696 2315 4765 separatio
2347 4696 2417 4749 sit
2447 4696 2633 4748 utilior
2663 4696 3070 4765 conjunctione.
3100 4697 3340 4768 Tempus

1769 4797 1854 4841 est
1884 4787 2050 4852 enim,
2096 4786 2292 4857 inquit,
2330 4788 2487 4855 longe
2530 4786 2643 4840 ﬁeri
2678 4802 2708 4839 a
2735 4788 3041 4856 complexu.
3095 4787 3199 4854 Qui
3227 4790 3340 4843 vir-

1772 4877 1875 4931 tuti
1906 4885 1990 4932 est
2034 4878 2362 4947 conjunctus
2391 4879 2804 4933 necessitudine
2839 4894 2902 4933 ac
2953 4879 3338 4948 familiaritate,

1773 4976 1857 5023 est
1890 4967 2156 5023 alienatus
2196 4969 2265 5022 ab
2299 4984 2361 5023 ea
2397 4984 2517 5038 qua:
2550 4985 2673 5023 cum
2708 4970 2841 5024 vitio
2869 4981 2952 5025 est
3002 4971 3337 5028 habitudine.

1778 5059 1946 5125 «Quae
1994 5068 2078 5113 est
2129 5061 2275 5113 enim
2311 5062 2548 5116 societas
2595 5061 2703 5116 luci
2757 5077 2882 5115 cum
2933 5063 3195 5127 tenebris,
3248 5076 3342 5118 aut

1772 5152 1990 5207 Christo
2034 5167 2156 5206 cum
2195 5152 2476 5207 Belial”;
2515 5156 2621 5209 Aut
2656 5155 2932 5225 quomodo
2980 5155 3096 5211 ﬁeri
3140 5164 3340 5227 potest,

1775 5253 1833 5299 ut
1862 5244 1955 5314 qui
1983 5243 2197 5298 d'uobus
2218 5246 2456 5301 dominis
2478 5249 2649 5302 servit
2677 5248 2970 5303 contrariis
2998 5249 3069 5303 sit
3101 5249 3345 5318 utrisque

1773 5336 2070 5390 benevolus
2092 5334 2146 5387 ’?
2180 5334 2353 5391 Unius
2374 5337 2519 5390 enim
2561 5337 2781 5393 dilectio
2806 5339 2987 5394 odium
3019 5338 3180 5396 efﬁcit
3213 5320 3344 5397 alte;

1774 5427 1907 5481 rius.
1936 5423 2167 5491 Quando
2206 5441 2334 5496 ergo
2376 5425 2687 5483 dilectionis
2718 5425 2932 5483 al'feuio
2972 5428 3075 5484 sibi
3108 5428 3346 5485 vindieat

106 5600 114 5605 ’
184 5600 201 5628 ⁸
236 5601 367 5654 l‘sal.
394 5618 525 5660 Lvn.
560 5601 641 5656 l3.
721 5602 739 5631 "
778 5582 1034 5671 Ρτοντιέ,
1059 5601 1111 5656 8.
1188 5602 1211 5634 ⁸
1238 5599 1429 5657 llCor.
1455 5616 1531 5665 γι,
1560 5599 1648 5666 14,

1842 5602 1865 5633 ⁹
1903 5599 2092 5659 Matth.
2125 5618 2199 5667 Vt,
2227 5602 2316 5658 24.
