3766 5986
143 142 265 195 72]
1188 144 1252 203 IN
1298 145 1827 203 ECCLESIASTEN.

3336 139 3439 192 τίὶὲ

1867 138 2152 200 IIOMILIA‘
2173 142 2277 199 VII.

140 274 365 327 μενοι,
392 259 481 312 καὶ
507 257 574 311 τὰ
593 256 727 311 ἀλλα
754 259 928 311 πάντα
961 258 1054 312 τοῦ
1080 260 1327 314 διαϐόλου
1350 262 1626 333 κειμήλια,

1954 278 1971 308 ι
2006 258 2149 312 enim
2192 265 2319 310 sunt
2366 275 2382 306 ι
2441 270 2704 323 pauperes
2755 253 2949 323 Spiritu
2974 260 3071 314 ιι,
3124 272 3140 303 ι
3191 252 3435 305 videlicet

139 350 521 419 καριώτερον
552 348 669 417 μὲν,
700 351 760 401 τὸ
785 350 919 420 μηδὲ
940 348 1035 420 τὴν
1067 352 1243 423 ἀρχήν
1268 370 1388 405 τινα
1434 352 1759 423 κτήσασθαι,

136 441 251 493 ἵνα.
320 441 557 494 καθόλου
592 442 899 511 ἁκτήμονες
942 441 1050 495 τῶν
1084 443 1418 513 μολυνόντων
1453 444 1758 514 γενώμεθα.

138 531 368 585 Καλὸν
404 532 459 585 δὲ
487 532 585 602 οὐχ
616 527 778 602 ἧττον
810 532 888 603 τῷ
916 533 1279 605 πρυληφθέντι
1307 538 1374 606 τῇ
1410 538 1622 607 πονηρᾷ
1645 537 1762 589 κτί-

139 639 242 675 σει
273 622 353 674 τὸ
386 623 649 676 ἀπολέσαι
680 622 750 675 τὰ
778 624 1002 678 τοιαῦτα
1037 627 1312 697 κτήματα,
1344 629 1437 681 καὶ
1461 630 1540 691 είς
1562 631 1760 698 ἀφανι-⁹

141 708 310 783 σμὸν
369 716 617 782 ἀγαγεῖν.
658 714 818 767 Ἀλλά
861 716 921 768 τὸ
961 718 1095 788 μηδὲ
1129 718 1263 782 ὅλως
1316 720 1443 773 ποτὲ
1471 720 1616 789 ἔχειν
1655 721 1760 798 τῶν

135 806 440 860 τοιούτων
473 808 785 877 μετουσίαν,
817 811 1062 880 κρεῖττον
1096 810 1129 882 ἦ
1159 812 1299 866 κατά
1339 812 1436 884 τὴν
1484 813 1760 883 ἀνθρωπί-

137 914 255 966 νην
309 897 486 966 φύσιν
524 899 661 960 ἐστὶ,
688 899 752 951 τὸ
785 899 840 951 δὲ
884 899 1115 954 λαϐόντα
1165 902 1518 972 ἐξαφανίσαι,
1566 903 1758 979 τούτου

135 989 250 1039 καὶ
286 990 328 1057 ἠ
370 988 480 1040 τῶν
513 987 814 1059 ἀνθρώπων
836 989 1065 1060 δύναμις
1109 992 1209 1063 τὴν
1237 995 1389 1063 ἰσχὺν
1417 994 1548 1064 ἔχει.
1578 994 1670 1047 Διὸ
1694 995 1759 1047 τὸ

142 1079 346 1149 μηδὲν
396 1081 691 1150 ἐσχηκέναι
738 1082 847 1134 τῶν
895 1082 988 1135 τοῦ
1038 1085 1414 1155 ἀντικειμένου
1465 1089 1758 1158 κτημάτων

140 1169 336 1238 μόνου
368 1170 463 1223 τοῦ
506 1171 709 1237 Κυρίου
761 1171 878 1223 ἐστὶ
902 1210 917 1233 ,
952 1170 1046 1224 τοῦ
1084 1175 1445 1243 μετασχόντος
1482 1177 1612 1247 ἡμῖν
1650 1176 1756 1229 τῶν

137 1261 352 1314 αὐτῶν
394 1262 733 1332 παθημάτων
754 1263 921 1333 χωρὶς
942 1265 1234 1336 ἁμαρτίας.
1261 1285 1278 1316 ι
1296 1267 1551 1336 Ἔρχεται
1573 1262 1701 1339 γὰρ,
1733 1288 1751 1320 ι

137 1354 358 1421 φησιν,
392 1372 411 1403 ι
452 1355 482 1406 6
512 1354 694 1423 ἄρχων
720 1354 815 1408 τοῦ
851 1357 1056 1426 κόσμου
1079 1356 1287 1419 τούτου,
1314 1361 1407 1412 καὶ
1432 1362 1488 1411 ἐν
1513 1362 1634 1430 ἐμοὶ
1661 1364 1752 1415 εὐ-

140 1441 353 1511 ρίσκει
380 1441 494 1494 τῶν
527 1443 670 1495 ἰδίων
701 1444 871 1517 οὐδέν.
913 1464 932 1495 ι
976 1444 1048 1497 Τὸ
1076 1445 1132 1498 δὲ
1156 1446 1222 1498 δι’
1262 1447 1553 1516 ἐπιμελοῦς
1584 1464 1753 1517 μετα-

128 1532 398 1602 -μελείας
434 1534 627 1587 ἑαυτὸν
660 1535 965 1605 ἐκκαθῆραι
986 1577 999 1597 ,
1034 1535 1193 1589 τοῦτο
1221 1537 1310 1590 καὶ
1337 1538 1423 1590 ἐπ’
1451 1537 1752 1608 ἀνθρώπων

136 1624 261 1676 τῶν
294 1624 374 1677 δι’
409 1626 611 1695 ἀρετῆς
666 1627 893 1689 ἑαυτοὺς
941 1627 1364 1699 λαμπρυνόντων
1408 1629 1551 1682 ἔστιν
1602 1630 1746 1684 ίδεῖν.
1784 1608 1824 1662 Β

153 1715 494 1769 ’Δπώλεσεν
522 1719 551 1769 6
582 1717 791 1781 Παῦλος
818 1718 879 1771 τὸ
898 1720 1131 1790 πονηρὸν
1151 1720 1338 1791 κτῆμα
1365 1722 1460 1792 τῆς
1475 1722 1750 1787 ἀπιστίας,

137 1804 238 1857 διὰ
258 1805 381 1861 Δτοῦ
411 1805 759 1875 ἐνεργοῦντος
793 1810 851 1860 ὲν
865 1807 1012 1878 αῦτῷ
1032 1809 1131 1878 τῆς
1159 1811 1488 1881 προφητείας
1525 1812 1623 1883 τὴν
1651 1813 1750 1881 χὰ-

145 1912 237 1946 οιν
271 1912 288 1926 ·
331 1895 560 1965 πλήρης
602 1896 696 1948 τοῦ
750 1897 1023 1969 θησαυροῦ
1073 1899 1325 1967 ἐγένετο,
1359 1900 1417 1953 ὃν
1465 1902 1748 1973 ἐζήτησεν.

156 1985 494 2039 Ἀπώλεσεν
532 1987 758 2050 Ἡσαΐας
802 1989 859 2041 ἐν
906 1988 983 2060 τῷ
1021 1990 1303 2062 καθαρσίῳ
1343 1989 1437 2044 τοῦ
1481 1993 1626 2046 θείου
1660 1995 1753 2047 ἀν-

142 2077 370 2146 θρακος
434 2080 539 2131 πᾶν
585 2081 829 2150 ῥυπαρὸν
858 2120 872 2144 ,
914 2083 1007 2134 καὶ
1057 2083 1241 2152 ῥῆμα,
1275 2083 1368 2136 καὶ
1426 2085 1603 2154 νόημα
1626 2102 1640 2114 ’
1662 2085 1750 2139 διὰ

141 2166 316 2229 τοῦτο
372 2168 672 2240 ἐπληρώθη
718 2170 812 2223 τοῦ
869 2171 1027 2240 ἁγίου
1067 2172 1402 2243 Πνεῦματος,
1464 2175 1749 2230 Ἀπόλλυσι

136 2260 260 2321 ,πᾶς
290 2263 356 2311 ὲν
392 2263 458 2330 τῇ
492 2261 790 2332 μεταλήψει
821 2261 916 2316 τοῦ
959 2264 1266 2333 κρείττονος
1294 2266 1403 2318 πᾶν
1427 2265 1487 2318 τὸ
1522 2268 1657 2337 πρὸς
1690 2268 1750 2321 τὸ

142 2350 412 2403 ἐναντίον
452 2350 756 2421 νοούμενον.
799 2352 983 2415 Οὕτως
1019 2356 1047 2406 6
1071 2353 1303 2426 σώφρων
1331 2357 1430 2427 τὴν
1453 2359 1748 2414 ἀκολασίαν

144 2441 451 2507 ἀπόλλυσι,
493 2441 589 2513 τὴν
623 2443 836 2497 ἀδικίαν
864 2448 892 2499 6
933 2446 1159 2512 δίκαιος,
1183 2450 1281 2519 τὴν
1306 2451 1685 2521 ὑπερηφανίαν
1718 2455 1747 2505 6

149 2533 413 2603 μέτριος,
435 2536 466 2587 6
497 2534 687 2598 εὖνους
718 2536 810 2589 τὸν
839 2537 1050 2605 φθόνον,
1084 2543 1112 2593 6
1141 2542 1481 2611 ἀγαπητικὸς
1506 2543 1607 2614 τὴν
1642 2546 1747 2597 ἀπ-

147 2622 625 2696 έχθειαν.“Ὠσπερ
648 2628 753 2697 γὰρ
779 2630 806 2681 6
833 2630 891 2681 ὲν
912 2628 990 2700 τῷ
1022 2631 1338 2703 Εὐαγγελίῳ
1362 2632 1559 2701 τυφλὸς
1586 2624 1747 2705 εὗρεν

147 2712 177 2793 _6
214 2712 295 2784 μὴ
333 2710 508 2784 εἶχεν,
537 2718 604 2770 ἐκ
634 2718 727 2770 τοῦ
758 2717 1070 2773 ἀπολέσαιό
1098 2713 1244 2788 εἶχε*
1278 2714 1379 2785 τῆς
1411 2719 1521 2793 γὰρ
1550 2718 1745 2793 τυφλὸ-

138 2781 317 2873 ἶητος
350 2781 764 2876 ἀφαιρεθείσης,
795 2808 942 2878 ήτοῦ
967 2781 1522 2882 φωτὸςάντειῆλθεὶ
1558 2781 1699 2887 αὐγή
1726 2830 1738 2844 ·

98 2958 109 2963 α
150 2895 248 2946 καὶ
270 2896 372 2947 ἐπὶ
403 2896 503 2948 τοῦ
538 2896 760 2968 λεπροῦ,
790 2898 882 2951 τοῦ
917 2900 1118 2964 πάθους
1149 2901 1555 2970 ἀφανισθέντος,
1588 2906 1743 2976 ἠτῆς

147 2985 346 3053 ὑγείας
393 2989 753 3059 ἐπανέρχεται
803 2993 963 3064 χάρις
990 3009 1004 3023 ·
1031 2994 1127 3047 καὶ
1152 2995 1243 3048 ἐπὶ
1267 2995 1374 3048 τῶν
1417 2999 1480 3050 ἐκ
1511 2997 1741 3053 θανάτου

148 3076 539 3157 ἀνισταμένων
569 3081 602 3149 ἡ
654 3082 917 3152 νεκρότης
946 3086 1012 3154 τῇ
1050 3084 1320 3157 παρουσίᾳ
1345 3087 1442 3157 τῆς
1472 3088 1615 3158 ζωῆς
1642 3090 1742 3141 ὐπ-

147 3163 461 3236 εχώρησεν’
480 3158 654 3232 οὕτως
684 3170 777 3222 καὶ
799 3172 893 3224 ἐπὶ
916 3173 1016 3243 τῆς
1036 3176 1402 3246 προκειμένης
1427 3180 1560 3249 ἡμῖν
1589 3180 1739 3248 φιλο-

150 3256 351 3325 σοφίας
381 3259 487 3312 οὐκ
518 3259 634 3313 ἔστι
667 3278 720 3313 τι
766 3262 874 3315 τῶν
919 3263 1137 3334 ὑψηλῶν
1173 3267 1495 3336 κτήσασθαι,
1530 3270 1603 3341 μὴ
1640 3272 1737 3341 τὴν

150 3337 279 3415 περὶ
300 3344 374 3398 τὰ
403 3348 570 3417 γήῖνά
595 3364 657 3401 τε
684 3349 780 3401 καὶ
817 3351 1049 3405 ταπεινὰ
1080 3354 1315 3425 σπουδὴν
1345 3337 1732 3424 ἀπολέσαντας.

161 3434 251 3486 Ἐν
282 3436 400 3506 γάρ
432 3437 510 3508 τῷ
531 3439 700 3493 ταῦτα
719 3442 1011 3514 εὑρίσκειν,
1030 3445 1326 3500 ἀπόλλυται
1360 3450 1491 3519 ἡμῖν
1511 3449 1578 3504 τὰ
1604 3469 1736 3522 προ-
1801 3478 1805 3482 ι

150 3524 419 3597 τιμότερα
442 3545 454 3558 ·
497 3530 597 3609 καὶ,
736 3530 1055 3604 ἔμπαλιν,ή
1096 3536 1297 3590 τούτων
1339 3539 1601 3605 ἀπώλεια,
1635 3543 1735 3614 τῆς

148 3615 257 3667 τῶν
312 3618 523 3688 τιμίων
573 3608 842 3692 εὑρέσεως
892 3624 1148 3693 πρόξενος
1190 3631 1499 3700 γενήσεται.
1550 3608 1733 3689 Ταῦτα

153 3705 306 3775 παρὰ
331 3708 439 3777 τῆς
476 3710 570 3762 τοῦ
604 3710 802 3784 Κυρίου
847 3715 1031 3785 φωνῆς
1064 3719 1484 3792 μεμαθήκαμενο
1516 3743 1535 3775 ι
1557 3726 1613 3780 Ὀ
1641 3728 1729 3780 εὑ-

156 3800 263 3871 ρὼν
288 3803 394 3875 τὴν
438 3804 615 3873 ψυχὴν
636 3803 805 3857 ἀὑτοῦ
847 3806 1101 3861 ἀπολέσει
1130 3809 1329 3880 αὐτὴν,
1362 3814 1456 3866 καὶ
1482 3816 1513 3868 6
1539 3818 1732 3872 ἀπολὲο

153 3908 250 3956 σας
280 3895 382 3966 τὴν
409 3895 590 3965 ψυχὴν
617 3896 783 3949 αὐτοῦ
824 3898 1008 3952 ἕνεκεν
1043 3901 1198 3971 ἐμοῦ,
1241 3903 1461 3974 εὑρήσει
1490 3908 1678 3981 αὐτήν.
1708 3930 1726 3962 ι

150 3983 224 4036 Τὸ
248 3984 360 4056 γὰρ
396 3986 457 4038 ὲν
494 3988 606 4049 τοῖς
648 3986 787 4039 κατὰ
832 3989 932 4058 τὴν
981 3988 1115 4061 ὓλην
1156 3982 1609 4065 σπουδαζομένοις
1633 4001 1731 4070 τὴν

151 4075 325 4146 ψυχὴν
354 4076 645 4149 εὑρεθῆναι
684 4078 856 4132 αἴτιον
886 4080 1092 4148 γίνεται
1127 4081 1222 4134 τοῦ
1249 4084 1305 4135 ἐν
1325 4087 1435 4149 τοῖς
1458 4088 1732 4159 ἀληθινοῖς

151 4165 378 4233 ἀγαθοῖς
406 4169 577 4240 αὐτὴν
606 4170 680 4241 μὴ
708 4160 1029 4242 εὑρεθῆναι·
1054 4176 1147 4228 καὶ
1166 4176 1226 4230 τὸ
1255 4176 1510 4248 ἔμπαλιν,
1540 4184 1573 4252 ἡ
1604 4186 1729 4236 τού-

154 4272 258 4346 των
281 4261 540 4331 στέρησις
567 4263 661 4315 καὶ
681 4261 944 4327 ἀπώλεια,
970 4266 1081 4320 τῶν
1106 4267 1475 4341 ἐλπιζομένων
1495 4272 1728 4346 ὓπαρξις
1764 4283 1805 4336 ι)

156 4342 378 4434 γίνεται.
413 4366 430 4399 ι
452 4350 517 4401 Τί
536 4350 646 4421 γὰρ
665 4350 953 4419 ὠφελεῖται
980 4355 1264 4427 ἄνθρωπος
1286 4359 1381 4413 ἐὰν
1409 4361 1501 4415 τὸν
1525 4342 1727 4434 κόσμον

160 4430 284 4525 ελον
304 4440 568 4513 κερδήσῃ,
592 4443 691 4515 τὴν
707 4444 763 4500 δὲ
777 4444 955 4519 ψυχὴν
978 4448 1143 4503 αὐτοῦ
1161 4452 1410 4525 ζημιωθῇ
1434 4471 1448 4519 ;
1481 4475 1575 4509 »-‹
1608 4430 1736 4510 Και-

164 4517 272 4585 ρὸς,
305 4542 325 4575 ι
356 4528 511 4596 φησὶ,
543 4546 562 4580 ι
587 4528 681 4582 τοῦ
700 4517 955 4603 ζητῆσαι,
980 4534 1072 4586 καὶ
1102 4517 1290 4607 καιρδς
1307 4517 1729 4596 τοῦ-ἀπολέσαι.»

166 4610 424 4703 Εἰῌτοίνυν
451 4618 696 4691 ἔγνωμεν
713 4624 767 4676 τί
796 4626 912 4679 ἐστι
933 4625 993 4678 τὸ
1013 4625 1342 4699 ζητούμενον
1369 4631 1577 4703 κέρδος,
1601 4633 1628 4685 ὅ
1652 4633 1737 4688 διὰ

159 4700 245 4799 ἰοῦ
282 4706 545 4761 ἀπολέσαι
567 4711 634 4764 τὰ
673 4713 858 4799 κακῶς
889 4717 1155 4786 κτηθέντα
1182 4720 1512 4791 εὑρίσκεται,
1530 4726 1591 4779 τὸ
1625 4728 1722 4799 μὲν

158 4786 494 4887 ζητήσωμεν,
526 4798 585 4851 τὸ
608 4799 665 4852 δὲ
689 4777 1042 4874 ἀπολέσωμεν
1062 4823 1075 4836 ·
1108 4807 1175 4861 τὰ
1208 4777 1348 4863 καλά
1376 4777 1721 4887 ζητήσῴμῖέῖιξ

159 4878 222 4932 τὰ
257 4886 402 4975 κακά
432 4889 805 4963 ἀπολέσωμεν.
831 4896 1026 4961 Καλῶς
1050 4898 1109 4952 δὲ
1144 4904 1237 4955 καὶ
1286 4878 1578 4975 προσφυιῦς
1601 4878 1725 4973 ’τοῖς

160 4972 641 5069 ξτροεξητασμένοις
680 4985 773 5037 καὶ
798 4986 831 5056 ἡ
877 4987 1165 5059 ἀκολουθία
1189 4993 1298 5047 τῶν
1326 4972 1723 5069 γεγραμμένων

162 5060 431 5162 ἒπέιγεται.
454 5073 590 5140 Φησὶ
608 5077 733 5146 γάρ·
757 5096 774 5128 ι
800 5079 1002 5150 Καιρὸς
1037 5083 1131 5135 τοῦ
1165 5060 1515 5153 φυλάξὰιᾶαί
1536 5060 1722 5162 καιρὸς

162 5149 247 5253 ξοῦ
273 5154 571 5253 ἔκδαλεῖν.»
601 5166 665 5218 Τί
686 5167 947 5241 φυλάξαι;
975 5149 1224 5245 Δηλονότι
1252 5149 1559 5248 τὸήεὺρεθὲν
1589 5149 1719 5253 ἡμῖν

163 5238 222 5338 EI!
243 5247 338 5315 τῆς
359 5248 653 5323 ζητήσεως.
675 5257 740 5309 Τί
765 5260 1045 5330 ἐκϐαλεῖν;
1079 5266 1298 5319 ιἘκεῖνο
1324 5268 1560 5333 πάντως,
1594 5266 1653 5324 οὗ
1680 5276 1714 5344 η

163 5329 393 5394 ἀπώλεια
430 5342 724 5400 λυσιτελεῖν
776 5344 1054 5423 ἐνομίσθη.
1114 5354 1357 5424 Ἐγένετό
1413 5376 1491 5412 σοι
1543 5329 1720 5435 νόημα

236 5515 274 5548 ⁸⁵
314 5521 569 5597 ιιυιιιω,
594 5530 646 5587 5.
728 5534 768 5564 ⁸⁸
807 5531 962 5590 Joan.
987 5538 1209 5606 x1v,30.
1292 5542 1331 5575 ¹⁷
1372 5540 1563 5598 Matth.
1590 5560 1642 5615 κ,
1667 5542 1755 5599 59.

1867 346 1959 414 qui
2008 352 2135 398 sunt
2196 344 2382 396 talium
2432 342 2586 410 egeni
2634 340 2969 405 divitiarum,
3018 353 3070 393 et
3119 337 3253 393 alias
3307 354 3438 408 opes

1864 446 2056 487 omnes
2116 431 2316 485 diaboli
2380 431 2592 484 beatius
2651 429 2867 497 quidem
2934 440 3018 481 est
3084 443 3150 481 ne
3215 429 3437 481 omnino

1864 518 2081 588 quidem
2145 517 2444 588 possidere,
2500 525 2557 569 ιιι
2599 532 2785 571 eorum
2829 531 2949 585 quae
2992 530 3091 570 nos
3130 515 3434 584 inquinant,

1862 619 2148 663 careamus
2203 604 2428 659 omnino
2483 602 2856 677 possessione.
2895 599 3026 656 -Νοη
3095 602 3276 656 minus
3336 618 3435 654 au-

1863 700 1969 746 tem
2021 691 2223 746 bonum
2269 700 2353 747 est
2399 690 2446 745 ei
2497 706 2661 760 quem
2705 691 2846 744 mala
2893 689 3094 743 invasit
3135 689 3434 758 possessio.

1862 791 1951 832 res
1980 777 2250 846 ejusmodi
2306 792 2429 847 quae
2455 778 2524 832 ab
2572 778 2694 847 ipso
2723 778 3077 847 possidentur
3109 775 3357 845 perdere.
3384 785 3437 829 et

1861 866 2084 918 omnino
2110 864 2311 919 delere.
2337 864 2444 919 Sed
2475 881 2660 919 eorum
2684 867 2902 934 quidem
2930 880 3038 917 non
3063 879 3185 919 esse
3210 864 3436 916 omnino

1859 951 2173 1020 participes,
2233 952 2425 1006 melius
2463 963 2568 1015 est,
2624 966 2785 1021 quam
2820 954 2878 1004 tit
2917 951 2971 1004 id
3002 952 3221 1005 evenire
3264 951 3434 1019 possit

1862 1037 2111 1091 humanae
2138 1050 2363 1102 naturae,
2396 1036 2492 1093 sed
2522 1053 2649 1092 cum
2679 1039 2953 1108 acceperit
2989 1052 3052 1091 ea
3101 1037 3344 1103 abolere,
3379 1038 3428 1089 id

1858 1123 2020 1177 sitmn
2043 1134 2125 1178 est
2151 1124 2205 1177 in
2256 1126 2491 1180 hominis
2552 1133 2836 1193 potestate.
2901 1123 3083 1178 Solius
3141 1123 3321 1192 itaque
3349 1133 3432 1177 est

1861 1207 2070 1261 Domini
2113 1209 2249 1263 nihil
2304 1209 2558 1264 habuisse
2590 1226 2776 1264 eorum
2814 1226 2934 1280 qua:
2969 1210 3211 1280 possidet
3241 1211 3429 1264 adver-

1856 1296 2058 1355 sarius.
2110 1298 2201 1366 qui
2237 1312 2424 1351 earum
2462 1314 2600 1368 quas
2664 1315 2761 1354 nos
2795 1300 2941 1368 passi
2970 1314 3159 1353 sumus
3191 1298 3430 1351 al'lcctio»

1856 1399 1983 1436 num
2016 1385 2113 1437 fuit
2145 1387 2416 1455 particeps
2436 1395 2567 1456 pra‘t
2588 1403 2629 1440 'r
2655 1396 2956 1457 peccatum.
2988 1407 3005 1439 ι
3040 1386 3198 1442 Venit
3226 1388 3426 1449 enim,»

1853 1470 2049 1540 inquit,
2106 1475 2420 1541 «princeps
2480 1473 2641 1542 hujus
2697 1474 2904 1538 mundi,
2945 1484 2998 1527 et
3045 1475 3098 1528 in
3155 1491 3240 1529 me
3296 1474 3428 1528 nihil

1857 1555 2152 1611 invenith
2181 1559 2413 1627 propriis
2444 1560 2507 1612 “.
2548 1580 2566 1612 ι
2614 1560 2863 1630 Seipsum
2916 1571 3095 1614 autem
3151 1577 3246 1630 per
3303 1562 3430 1614 dili-

1855 1653 2069 1712 gentem
2101 1661 2404 1715 expurgare
2457 1649 2852 1716 pix-nitentium,
2904 1650 3252 1719 bocquoq‘ue
3303 1651 3428 1704 licet

1856 1730 2037 1786 videre
2068 1733 2120 1786 in
2154 1734 2467 1788 hominibus
2493 1735 2586 1804 qui
2619 1751 2677 1790 se
2707 1736 2857 1804 ipsos
2902 1739 3177 1792 illustrant
3215 1739 3431 1790 virtuti-

1854 1816 1977 1871 bus.
2013 1819 2208 1872 Amisit
2239 1818 2443 1874 Paulus
2475 1822 2669 1874 malam
2711 1823 3106 1878 incredulitatis
3132 1825 3431 1893 possessio-

1853 1918 1973 1957 nem
2009 1920 2104 1973 per
2128 1920 2251 1959 eum
2283 1907 2374 1975 qui
2407 1908 2459 1960 in
2485 1908 2602 1976 ipso
2630 1921 2889 1977 operatur
2916 1912 3146 1980 gratiam
3194 1912 3427 1982 prophe-

1853 1990 1983 2044 tiae:
2055 1994 2259 2060 plenus
2292 2002 2472 2048 autent
2534 1994 2635 2047 l'uit
2683 1996 2943 2051 thesauro
2971 2014 3132 2067 quem
3189 1999 3422 2069 quatsiit.

1852 2085 2089 2139 Perdidit
2119 2085 2287 2142 Isaias
2309 2089 2362 2141 in
2403 2088 2571 2142 divini
2624 2091 2880 2146 carbonis
2912 2093 3232 2161 purgatione
3254 2093 3416 2164 quid-

1848 2176 1978 2244 quid
2008 2177 2060 2230 in
2088 2192 2147 2232 se
2179 2187 2291 2231 erat
2315 2180 2619 2243 sordidum,
2652 2193 2704 2235 et
2731 2184 2981 2245 verbum,
3012 2192 3066 2238 et
3104 2186 3420 2254 cogitatum.

1850 2258 2147 2335 Propterea
2175 2272 2410 2339 repletus
2443 2271 2544 2325 fuit
2577 2281 2770 2327 sancto
2823 2273 3049 2344 Spiritu.
3085 2275 3269 2329 Perdit
3303 2277 3426 2344 qui-

1850 2358 1978 2413 libet
2000 2360 2051 2412 in
2081 2360 2200 2428 ejus
2229 2362 2370 2430 quod
2401 2372 2484 2417 est
2526 2365 2725 2419 melius
2775 2367 3210 2435 participatione,
3259 2369 3423 2437 quid-

1845 2450 1976 2518 quid
2011 2452 2329 2521 intelligitur
2358 2453 2406 2508 ei
2437 2469 2559 2509 esse
2583 2458 2938 2510 contrarium.
2977 2458 3066 2511 Sic
3114 2467 3421 2527 temperans

1845 2539 2025 2607 perdit
2045 2540 2539 2611 intemperantiam,
2596 2545 2780 2615 justus
2833 2547 3183 2616 iujustitiam,
3232 2551 3419 2604 mode-

1846 2637 1965 2684 stus
1985 2632 2314 2700 superbiam,
2352 2634 2673 2690 benevolus
2712 2636 2991 2703 invidiam,
3040 2640 3131 2707 qui
3166 2648 3252 2693 est
3289 2643 3419 2694 clla-

1844 2720 2007 2774 ritate
2034 2722 2295 2790 praeditus
2332 2723 2669 2781 inimicitias.
2701 2726 2984 2792 Quomodo
3005 2730 3147 2782 enim
3182 2732 3273 2800 qui
3303 2744 3419 2786 erat

1842 2825 2022 2867 caseus
2056 2812 2110 2866 in
2171 2813 2484 2884 Evangelia,
2550 2817 2753 2871 invenit
2803 2821 2944 2888 quod
3002 2836 3113 2875 non
3161 2824 3413 2876 habebat:

1844 2901 2026 2958 ablata
2071 2904 2217 2958 enim
2240 2906 2506 2971 caecitate,
2532 2908 2652 2976 ejus
2676 2910 2796 2964 loco
2819 2913 3089 2966 successit
3160 2913 3418 2981 splendor

1845 2991 2021 3058 lucis;
2075 3004 2129 3048 et
2168 2996 2222 3049 in
2255 2997 2489 3065 leproso.
2521 3000 2703 3053 ablato
2739 3003 2928 3057 morbo
2951 3001 3090 3056 redit
3119 3002 3292 3072 gratia
3322 3019 3413 3057 sa-

1843 3090 2066 3158 uitatis;
2096 3099 2149 3145 et
2175 3094 2228 3145 in
2264 3094 2329 3148 iis
2349 3095 2441 3163 qui
2475 3104 2707 3166 surgunt
2740 3112 2769 3150 a
2802 3098 3056 3162 mortuis,
3097 3099 3418 3153 adveniente

1839 3182 1945 3235 vita
1972 3198 2122 3239 mors
2172 3186 2379 3241 recedit
2429 3208 2441 3243 :
2487 3189 2561 3242 ita
2624 3189 2789 3243 etiam
2844 3190 2899 3243 in
2946 3190 3222 3261 proposita
3257 3193 3414 3246 nobis

1838 3272 2199 3352 pliilosOpltia,
2237 3277 2348 3333 fieri
2380 3295 2484 3333 non
2516 3288 2693 3349 potest
2747 3291 2805 3334 ut
2834 3283 3037 3352 aliquid
3068 3284 3415 3352 possideatur

1834 3348 2037 3419 eorum
2099 3383 2222 3437 qua:
2290 3379 2419 3424 sunt
2479 3373 2714 3437 excelsa,
2796 3373 2901 3426 nisi
2982 3389 3163 3429 rerum
3240 3384 3413 3430 terre-

1837 3472 2030 3512 narum
2088 3468 2141 3513 et
2215 3461 2497 3516 humilium
2580 3464 2820 3518 studium
2890 3465 3256 3521 amiserimus.
3338 3467 3410 3521 Ea

1834 3548 1980 3602 enim
2053 3548 2378 3605 inveniendo
2435 3561 2661 3621 pereunt
2723 3554 2879 3609 nobis
2923 3570 3044 3624 qua:
3075 3565 3203 3611 sunt
3270 3574 3410 3628 prte-

1834 3636 2125 3692 stantiora.
2181 3638 2245 3692 Et
2293 3649 2481 3695 contra
2547 3658 2736 3696 eorum
2815 3646 3039 3700 amissio
3099 3651 3411 3716 procurabit

1837 3728 2206 3783 inventionem
2258 3745 2437 3785 rerum
2487 3734 2870 3801 pretiosarum.
2908 3735 3033 3791 llaec
3065 3738 3355 3795 didicimus
3378 3758 3408 3795 a

1833 3836 1967 3877 voce
1992 3822 2205 3877 Domini
2242 3841 2255 3876 :
2297 3842 2315 3875 ι
2367 3824 2472 3892 Qui
2502 3827 2709 3882 invenit
2743 3830 2978 3883 animam
3007 3846 3183 3896 suam,
3222 3832 3407 3902 perdet

1831 3926 1952 3966 eam
1988 3930 2001 3967 :
2033 3921 2086 3967 et
2138 3914 2230 3983 qui
2280 3916 2519 3985 perdidit
2576 3918 2813 3973 animam
2856 3937 3009 3985 suam
3045 3934 3264 3993 prepter
3298 3941 3402 3988 me,

1835 4003 2070 4058 inveniet
2102 4003 2273 4072 ipsam
2316 4007 2378 4059 ".
2420 4026 2439 4058 ι
2473 4007 2627 4074 Quod
2673 4011 2816 4064 enim
2875 4012 3093 4067 inventa
3126 4018 3195 4069 sit
3223 4017 3403 4069 anima
3466 4044 3471 4049 ι

1834 4093 1887 4145 in
1952 4093 2020 4149 iis
2074 4109 2307 4163 (tuorum
2356 4098 2598 4152 studium
2656 4100 2960 4156 collocatur
3012 4104 3067 4158 in
3150 4106 3400 4169 materia,

1835 4198 2000 4237 causa
2026 4194 2110 4243 est
2135 4197 2193 4236 ut
2224 4186 2337 4255 ipsa
2370 4202 2478 4241 non
2513 4188 2826 4245 inveniatur
2864 4190 2917 4244 in
2951 4194 3094 4247 veris
3123 4192 3305 4249 bonis.
3339 4193 3404 4247 Et

1834 4278 2047 4337 contra,
2070 4288 2257 4327 eorum
2285 4275 2517 4344 privatio
2545 4286 2599 4332 et
2628 4280 3124 4345 amissio,ellicitur
3145 4283 3403 4336 substan-

1832 4362 1907 4415 tia
1933 4378 2120 4417 eorum
2154 4380 2274 4433 quae
2291 4376 2599 4433 sperantur.
2637 4388 2655 4419 ι
2708 4370 2847 4434 Quid
2875 4371 3015 4425 enim
3045 4373 3267 4441 prodest
3306 4374 3401 4427 lio-

1831 4455 1963 4508 mini
1997 4455 2042 4510 si
2091 4465 2261 4510 totum
2308 4459 2566 4512 nmndum
2604 4460 2866 4525 lucretur,
2895 4462 3166 4528 jacturam
3216 4475 3401 4521 autem

1829 4544 1993 4600 faciat
2024 4546 2217 4602 animae
2241 4550 2321 4602 ‘3?
2346 4568 2363 4600 ι
2388 4579 2455 4588 -
2480 4567 2498 4600 ι
2524 4549 2760 4619 Tempus
2791 4561 2892 4617 est,
2929 4572 2946 4604 ι
2976 4555 3172 4624 inquit,
3196 4575 3215 4607 ι
3249 4573 3397 4627 ιιυιιιυ

1831 4637 1980 4691 rendi
2015 4647 2070 4691 et
2109 4647 2320 4708 tempus
2356 4649 2440 4696 est
2483 4643 2786 4697 amittendi.
2844 4663 2863 4696 ι
2937 4646 3003 4701 Si
3028 4663 3158 4717 ergo
3191 4652 3401 4705 scimus

1827 4725 1958 4794 quid
1984 4728 2056 4781 sit
2088 4728 2301 4807 lucrum
2326 4732 2473 4799 quod
2498 4733 2779 4801 quaeritur,
2811 4735 2954 4804 quod
2986 4738 3203 4806 quidem
3237 4756 3302 4793 ex
3332 4755 3399 4794 eo

1828 4817 2275 4890 invenltur,quod
2299 4823 2559 4892 perierint
2580 4840 2699 4895 quae
2722 4828 2861 4881 male
2884 4843 3136 4896 possessa
3149 4830 3395 4897 fuerant,

1826 4910 1958 4965 illud
2018 4916 2235 4983 quidem
2289 4931 2635 4985 quairamus.
2692 4918 2795 4972 hoc
2847 4934 2977 4974 vero
3039 4922 3396 4981 amittamus:

1825 5002 1967 5057 bona
1997 5020 2330 5074 quaeramus.
2379 5009 2517 5061 mala
2574 5012 2912 5067 amittamus.
2952 5013 3118 5068 Recte
3141 5027 3401 5073 autemet

1827 5095 2074 5165 apposite
2108 5096 2175 5149 iis
2199 5113 2319 5165 qme
2342 5099 2493 5166 prius
2520 5111 2649 5154 sunt
2675 5104 3007 5171 examinata,
3043 5106 3399 5179 subiungitur

1826 5182 2217 5254 consequentia
2243 5202 2432 5241 cerum
2464 5206 2584 5259 qua:
2619 5192 2822 5262 scripta
2873 5204 3020 5249 sunt.
3053 5196 3191 5253 Dicit
3219 5202 3391 5265 enim,

1832 5297 1849 5328 ι
1888 5276 2125 5346 Tempus
2156 5285 2241 5333 est
2270 5281 2546 5342 servandi,
2582 5276 2651 5334 et—
2684 5291 2897 5354 tempus
2926 5299 3009 5342 est
3060 5289 3335 5358 cjicicndi.
3372 5314 3398 5346 ιι

1827 5370 1967 5436 Quid
2001 5373 2291 5425 servandi?
2323 5372 2377 5425 Id
2418 5374 2628 5431 scilicet
2674 5378 2818 5447 quod
2849 5396 2878 5434 a
2915 5385 3072 5440 nobis
3117 5385 3398 5445 inventum

1839 5546 1879 5578 ¹⁸
1920 5545 2110 5602 Matth.
2139 5564 2249 5619 xw,
2272 5546 2367 5604 26.
