3738 5984
384 156 485 209 79.5

1616 159 1676 215 S.
1710 158 2032 217 GREGORII
2066 161 2356 221 NYSSENI
3516 161 3612 216 .726

377 285 461 328 est
489 288 553 329 ex
577 271 950 342 inquisitione.
982 272 1122 340 Quid
1140 273 1435 341 ejiciendi?
1464 273 1517 329 Id
1549 275 1760 331 scilicet
1789 275 1939 344 cujus

2125 279 2236 344 Ξιὺν,
2273 280 2517 351 εἰσῆλθεν
2549 281 2808 355 ἐπιθυμία
2847 276 2942 338 τοῦ
2973 285 3099 339 ἰδεῖν
3126 286 3217 340 τὸν
3241 286 3399 355 Θεὸν,
3437 287 3609 360 ἐδίψη-

379 366 728 420 amissionem
751 366 1123 420 existimatum
1147 377 1230 421 est
1258 365 1531 422 conferre.
1570 364 1701 421 Orta
1727 375 1813 422 est
1846 367 1943 421 tibi

380 457 519 510 bona
567 457 964 527 cogitatio,.tc
1036 458 1262 512 incessit
1331 458 1666 513 desiderium
1726 459 1943 514 videndi

377 530 568 612 Deum,
598 550 767 604 sitivit
798 550 979 603 anima
998 559 1087 603 tua
1109 551 1175 604 ad
1209 549 1374 605 Deum
1410 549 1627 613 fortem,
1665 551 1844 605 vivum
1877 552 1942 618 ",

376 642 473 695 tibi
515 650 639 696 orta
694 649 779 696 est
822 641 1086 711 appetitio
1121 649 1178 695 ut
1213 657 1367 697 esses
1396 642 1450 696 in
1490 642 1647 698 atriis
1674 642 1888 696 Domini
1927 658 1939 692 :

374 730 513 783 atria
548 738 728 785 autem
762 730 972 785 Domini
1009 740 1168 797 sunt,
1198 747 1319 787 meo
1341 732 1557 802 quidem
1576 732 1807 800 judicio,
1836 732 1945 786 vir-

373 830 520 877 tutes
549 838 672 878 cum
724 824 923 894 quibus
974 824 1185 880 habitat
1242 825 1408 890 ratio,
1443 833 1496 878 et
1524 825 1836 895 quicunque
1865 838 1944 880 se-

371 918 560 986 quitur
591 916 884 971 rationem.
918 916 1043 973 llaec
1069 917 1304 979 custodi,
1338 934 1407 972 ne
1433 917 1528 972 tibi
1562 916 1783 972 elﬂuant
1814 917 1944 972 divi-

371 1011 461 1064 tiae
515 1009 843 1065 mundarum
899 1010 1099 1066 mentis
1156 1010 1589 1079 possessionum.
1637 1009 1944 1080 Ingreditur

371 1102 639 1172 quaepiam
698 1102 973 1155 contraria
1024 1100 1302 1169 cogitatio,
1359 1110 1620 1172 tanquam
1684 1101 1773 1156 fur
1829 1117 1940 1155 non

371 1194 719 1255 manifestus,
745 1209 864 1264 quze
896 1192 1130 1247 mundas
1182 1192 1429 1264 proﬂigat
1457 1193 1834 1262 cegitationes,
1878 1208 1971 1249 ea.

370 1293 454 1339 est
501 1283 767 1354 ejicienda
787 1296 839 1337 et
867 1299 897 1337 a
922 1292 1099 1338 mente
1115 1283 1477 1338 amandanda.
1505 1282 1563 1337 In
1590 1298 1653 1338 ea
1674 1285 1818 1340 enim
1848 1286 1943 1341 de—

371 1381 660 1437 turbanda.
716 1386 834 1433 tuto
865 1379 1283 1435 conservabitur
1335 1378 1493 1434 nobis
1527 1377 1793 1432 bonorum
1829 1379 1943 1434 the-

371 1486 590 1525 saurus.
619 1470 675 1523 Si
707 1482 889 1523 autem
910 1484 1018 1524 non
1051 1466 1218 1522 fuerit
1240 1466 1414 1536 ejecta
1435 1481 1556 1536 qua:
1577 1465 1773 1535 perdit,
1807 1468 1941 1523 nihil

2050 388 2141 425 σεν
2166 375 2199 444 ή
2229 373 2373 445 ψυχή
2401 391 2494 428 σου
2517 376 2655 446 πρὸς
2679 376 2770 429 τὸν
2795 376 2927 429 Θεὸν
2942 377 3035 432 τὸν
3059 379 3400 449 ίσχυρὸν,τδν
3422 380 3611 445 ζῶντα.

2047 463 2208 528 πόθος
2257 466 2469 537 ἐγένετό
2511 483 2593 519 σοι
2633 465 2726 519 τοῦ
2776 464 2834 519 ὲν
2874 468 2994 530 ταῖς
3041 466 3230 531 αὐλαῖς
3277 467 3367 522 τοῦ
3415 469 3613 540 Κυρίου

2044 559 2295 627 γενέσθαι
2316 576 2331 592 ·
2370 559 2526 612 αὐλαὶ
2555 560 2600 635 δ’
2631 560 2697 614 ἂν
2722 555 2829 613 εἷεν
2869 558 2963 613 τοῦ
2996 561 3222 629 Κυρίου,
3252 563 3397 616 κατά
3434 578 3505 630 γε
3531 560 3615 616 τὸν

2044 651 2176 720 ἐμὸν
2211 650 2385 718 λόγον,
2421 652 2479 703 αἱ
2508 652 2718 722 ἀρεταὶ,
2741 645 2829 714 αἷς
2850 638 3224 714 σύναυλίζεται
3244 653 3274 704 6
3301 650 3487 719 λόγος,
3528 652 3613 706 καὶ

2043 744 2153 805 πᾶς
2194 745 2223 796 ὁ
2254 743 2332 812 τῷ
2382 743 2526 813 λόγῳ
2562 743 2844 812 ἑπόμενος.
2877 743 3063 797 Ταῦτα
3112 740 3383 811 φύλαξον,
3420 743 3501 805 ὡς
3548 743 3614 813 μὴ

2042 832 2364 903 διαρῤυῆναί
2400 849 2482 885 σοι
2529 833 2622 886 τὸν
2649 833 2876 887 πλοῦτον
2909 832 3019 887 τῶν
3061 832 3320 903 καθαρῶν
3360 836 3467 904 τῆς
3507 835 3612 888 δια-

2042 925 2192 988 νοίας
2221 924 2534 995 κτημάτων.
2549 922 2939 996 Παρεισδύεταί
2962 940 3046 986 τις
3070 922 3331 993 λογισμὸς
3350 923 3612 987 ἐναντίος,

2042 1011 2152 1070 οἷόν
2181 1033 2266 1081 τις
2303 1016 2557 1087 λαθραίος
2593 1016 2835 1086 κλέπτης
2863 1014 3169 1085 ἀφανισμὸν
3216 1013 3326 1068 τῶν
3359 1014 3614 1084 καθαρῶν

2043 1109 2331 1179 νοημάτων
2360 1108 2697 1181 ποιούμενος,
2732 1106 3022 1176 ὲκϐλητέος
3050 1102 3204 1168 οὗτος
3233 1105 3328 1157 καὶ
3358 1106 3612 1169 ἀποπεμ-

2044 1200 2202 1264 πτέος
2228 1201 2329 1269 τῆς
2357 1200 2614 1263 διανοίας.
2652 1200 2740 1252 Ἐν
2779 1197 2889 1270 γὰρ
2917 1197 2996 1268 τῷ
3023 1198 3231 1259 ἐκεῖνον
3266 1195 3612 1259 ἀπώσασθαι,

2039 1293 2106 1346 δι’
2129 1292 2426 1362 ἀσφαλείας
2452 1294 2583 1363 ἡμῖν
2607 1293 2636 1344 6
2667 1292 2773 1345 τῶν
2803 1290 3023 1360 ἀγαθῶν
3052 1289 3324 1361 θησαυρὸς
3342 1288 3612 1360 φυλαχθῆ-

2042 1397 2215 1433 σεται.
2256 1381 2319 1433 Εἰ
2359 1380 2416 1433 δὲ
2454 1381 2529 1451 μὴ
2575 1379 2861 1451 ἐκϐληθείη
2889 1381 2918 1433 6
2963 1377 3354 1448 λυμαινόμενος
3379 1417 3397 1442 ,
3426 1377 3611 1447 κέρδος

2040 1473 2192 1525 οὐδὲν
2222 1472 2373 1526 ἔσται
2393 1473 2491 1543 τῆς
2506 1475 2618 1543 οιτή
2628 1486 2780 1536 σεως,
2804 1474 2861 1525 ἐν
2885 1474 2950 1543 τῇ
2976 1471 3084 1524 τῶν
3107 1469 3466 1541 τοιχωρύχων
3495 1472 3610 1523 ἑπι-

373 1565 508 1617 lueri
542 1563 966 1632 possidebimus,
1011 1562 1286 1615 latronum
1318 1559 1414 1629 qui
1449 1573 1638 1614 muros
1678 1559 1939 1615 eﬁodiunt

2125 1564 2204 1635 ιλῇ
2226 1565 2323 1636 τῆς
2357 1564 2616 1635 εὐπορίας
2637 1562 3030 1635 ὑπορρεούσης.

373 1653 586 1713 iusuliis
611 1652 977 1707 dililueutibus
1000 1649 1375 1706 facultatibus.

441 1745 706 1811 Quoniam
789 1759 920 1809 ergo
993 1752 1205 1812 tempus
1289 1745 1565 1812 quaerendi
1625 1745 1939 1808 didicimus,

376 1857 394 1890 ι
430 1839 610 1893 omnis
642 1849 818 1891 autem
851 1835 941 1905 qui
982 1836 1196 1905 quaerit,
1226 1835 1429 1891 invenit
1465 1838 1511 1869 ²⁰
1545 1855 1556 1890 :
1590 1856 1608 1888 ι
1645 1844 1702 1891 ιιι
1726 1851 1941 1907 perma-

372 1938 495 1985 neat
528 1929 677 2000 quod
715 1929 1000 1983 inventum
1044 1934 1148 1993 est,
1176 1926 1435 1982 thesauro
1477 1928 1790 1999 diligentem
1838 1927 1940 1981 ali-

370 2037 535 2091 quam
605 2021 950 2090 imponamus
992 2017 1319 2073 custodiam:
1390 2036 1409 2069 ι
1453 2018 1633 2081 Omni,
1685 2036 1705 2069 ι
1744 2017 1938 2088 inquit,

374 2131 395 2162 ι
436 2094 691 2166 custodia
734 2125 894 2164 serva
944 2123 1040 2162 cor
1071 2115 1223 2162 tuum
1255 2109 1322 2171 ἰ,
1373 2128 1391 2158 ι
1430 2117 1486 2163 ut
1522 2118 1807 2178 postquam
1856 2107 1942 2162 in-

370 2202 607 2266 veneris,
640 2200 921 2255 custodias
953 2200 1229 2255 iuventam
1283 2201 1533 2270 gratiam,
1585 2207 1665 2263 ut,
1707 2198 1939 2268 exempli

370 2307 561 2356 causa,
586 2291 681 2361 qui
712 2292 778 2347 ad
816 2289 971 2345 ﬁdem
1000 2290 1257 2353 accessit,
1282 2289 1574 2357 puritatem
1611 2288 1820 2342 invenit
1846 2303 1941 2356 per

368 2383 665 2437 lavacrum.
698 2378 804 2434 Sed
832 2378 1003 2447 major
1035 2387 1117 2434 est
1149 2379 1300 2432 labor
1329 2377 1382 2431 in
1411 2375 1771 2431 custodiendo
1793 2374 1939 2444 quod

368 2469 601 2540 accepit,
673 2484 836 2537 quam
897 2469 952 2522 in
997 2467 1325 2522 inveniendo
1378 2466 1526 2535 quod
1564 2480 1676 2521 non
1727 2465 1935 2520 habuit.

368 2561 651 2629 Quomodo
680 2576 809 2630 ergo
829 2561 1149 2617 dicebamus
1179 2574 1287 2613 non
1329 2558 1515 2626 aliquo
1552 2565 1798 2627 tempore
1826 2557 1937 2611 cir-

367 2653 663 2711 cumscribi
722 2650 1183 2722 opportunitatem
1242 2649 1575 2712 inveniendi,
1625 2648 1720 2703 sed
1769 2656 1936 2704 totam

368 2749 532 2802 vitam
570 2763 694 2803 esse
719 2762 886 2802 unum
923 2755 1136 2815 tempus
1164 2742 1318 2797 bona:
1339 2742 1485 2796 illius
1516 2741 1888 2811 inquisitionis
1918 2759 1932 2795 :

369 2844 440 2896 ita
469 2842 631 2896 etiam
662 2848 877 2909 tempus
922 2835 1186 2891 custodia:
1211 2842 1380 2889 totam
1414 2834 1579 2889 vitam
1611 2835 1788 2890 metiri
1812 2849 1938 2903 pro-

2123 1747 2338 1814 Ἑπειδὴ
2367 1743 2458 1801 οὖν
2479 1745 2723 1816 ἐδιδάχθη
2732 1762 2829 1817 μεν
2845 1743 3135 1814 τδνκαιρδν
3146 1745 3242 1799 τοῦ
3253 1746 3465 1818 ζητεῖν,
3476 1766 3494 1798 ι
3512 1746 3612 1808 πᾶς

2041 1831 2098 1884 δὲ
2117 1832 2147 1884 6
2169 1834 2344 1905 ζητῶν
2357 1830 2621 1904 εύρσίκεῐ,
2648 1848 2667 1882 ι
2690 1831 2839 1890 ὅπως
2863 1829 2930 1884 ἂν
2955 1830 3015 1882 τὸ
3043 1831 3266 1902 εὑρεθὲν
3298 1831 3611 1904 παραμένῃ,

2041 1919 2242 1991 ἀκριϐῆ
2268 1935 2389 1972 τινα
2414 1917 2491 1988 τῷ
2518 1916 2776 1988 θησαυρῷ
2802 1920 2902 1990 τὴν
2929 1922 3171 1993 φρουράν
3200 1925 3610 1995 ὲπιστήσωμεν.

2049 2032 2067 2065 ι
2096 2010 2251 2084 Πάσῃ
2280 2011 2513 2081 φυλακῇ,
2529 2029 2546 2061 ι
2575 2012 2729 2080 φησι,
2746 2032 2767 2065 Ι
2789 2016 2940 2083 τήρει
2964 2013 3061 2080 σὴν
3082 2014 3326 2084 καρδίαν,
3351 2034 3369 2065 ι
3393 2015 3538 2085 μετά
3560 2014 3616 2067 τὸ

2040 2105 2221 2176 εὑρεῖν
2242 2102 2320 2172 τῷ
2347 2102 2574 2172 φυλάξαι
2596 2102 2694 2173 τὴν
2716 2100 3027 2171 εὑρεθεῖσαν
3042 2101 3204 2171 χάριν
3221 2119 3235 2133 ο
3255 2098 3371 2157 οἷον
3404 2101 3566 2175 εὗρεν
3590 2108 3616 2158 ὁ

2042 2193 2353 2266 προσελθὼν
2376 2196 2439 2263 τῇ
2468 2193 2645 2247 πίστει
2658 2192 2762 2261 τὴν
2777 2191 2866 2244 διὰ
2883 2189 2975 2243 τοῦ
2990 2191 3217 2261 λουτροῦ
3241 2193 3612 2266 καθαρότητα.

2053 2285 2213 2339 Ἀλλὰ
2243 2284 2442 2354 μείζων
2473 2284 2502 2335 ὀ
2539 2283 2696 2345 πόνος
2719 2283 2775 2334 ἐν
2814 2280 2892 2352 τῷ
2925 2281 3155 2350 φυλάξαι
3182 2282 3210 2335 ὃ
3243 2284 3465 2347 ἔλαϐεν,
3501 2286 3534 2355 ἢ
3564 2287 3616 2337 ἐν

2030 2375 2117 2444 ,τῷ
2136 2376 2315 2446 εὑρεῖν
2344 2374 2372 2427 ὃ
2391 2375 2492 2426 οὐκ
2522 2367 2686 2443 εἶχεν.
2711 2372 2918 2444 Ὥσπερ
2938 2368 3032 2426 οὖν
3068 2372 3296 2445 εἴπομεν
3329 2375 3408 2445 μὴ
3445 2376 3617 2445 χρόνῳ

2038 2469 2144 2520 τινὶ
2175 2467 2274 2537 τὴν
2301 2464 2393 2519 τοῦ
2450 2463 2630 2534 ζητεῖν
2668 2465 2951 2535 εὐκαιρίαν
3006 2466 3444 2539 περιορίζεσθαι,
3483 2468 3615 2521 ἀλλά

2040 2562 2215 2611 πάντα
2247 2558 2336 2610 τὸν
2371 2557 2481 2627 βίον
2505 2557 2598 2609 ἕνα
2629 2556 2816 2626 καιρὸν
2857 2553 2993 2610 εἶναι
3017 2559 3115 2628 τῆς
3151 2560 3362 2631 ἀγαθῆς
3399 2556 3615 2631 ἐκείνης

2036 2651 2318 2722 ζητήσεως
2339 2666 2351 2680 ·
2383 2647 2525 2702 οὕτω
2568 2650 2661 2702 καὶ
2703 2648 2797 2705 τδν
2832 2652 2930 2719 τῆς
2951 2649 3198 2720 φυλακῆς
3235 2650 3435 2720 καιρὸν
3472 2652 3616 2722 πάσῃ

2036 2746 2102 2814 τῇ
2138 2743 2250 2813 ζωῇ
2282 2740 2594 2817 μετρεῖσθαι
2640 2740 3078 2810 ἀποφαινόμεθα·
3108 2742 3206 2812 τὴν
3228 2743 3402 2815 αὐτὴν
3437 2744 3614 2813 φωνὴν

2037 2837 2134 2905 τῆς
2162 2833 2498 2905 προφητείας
2530 2833 2620 2887 καὶ
2643 2832 2738 2886 νῦν
2770 2834 3158 2904 παραθέμενοι,
3184 2836 3284 2907 τὴν
3313 2837 3613 2905 λέγουσιν’

368 2935 708 2997 nuntiamus,
735 2930 924 2986 eadem
949 2943 1082 2982 voce
1117 2928 1411 2996 prephetiaz
1432 2942 1580 2981 nunc
1602 2941 1822 2996 quoque
1842 2925 1936 2980 ad-

2125 2927 2158 2977 ii
2186 2923 2453 2994 ὀφθαλμοί
2481 2939 2582 2993 μου
2610 2922 2901 2985 διαπαντὸς
2930 2922 3067 2994 πρὸς
3097 2923 3189 2977 τὸν
3248 2925 3489 2992 Κύριονο
3539 2925 3616 2977 ὅτι

366 3027 550 3086 ducta,
577 3039 696 3093 qua:
727 3023 894 3076 dicit:
925 3040 942 3071 ι
973 3019 1128 3073 Oculi
1157 3019 1263 3073 mei
1290 3033 1506 3088 semper
1524 3020 1588 3072 ad
1615 3018 1935 3074 Dominum:

2040 3018 2203 3079 αὐτὸς
2253 3015 2518 3071 ὲκσπάσει
2550 3014 2615 3068 ὲκ
2661 3013 2885 3082 παγίδος
2934 3014 3058 3076 τοὺς
3100 3013 3269 3085 πόξας
3310 3031 3442 3083 μου.
3472 3034 3493 3068 ι
3539 3014 3616 3068 Ἐν

366 3118 625 3183 quoniam
665 3114 781 3182 ipse
818 3111 1013 3166 evellet
1052 3125 1116 3163 ex
1163 3110 1355 3177 laqueo
1407 3109 1571 3177 pedes
1613 3123 1766 3165 meos
1803 3111 1870 3163 “.
1912 3128 1932 3161 ι

2125 3108 2212 3178 ὶτῳ
2252 3106 2361 3177 γάρ
2393 3107 2508 3159 ἐστι
2543 3105 2609 3160 τὸ
2641 3102 2840 3160 ἄσυλον
2870 3101 2969 3174 τὴν
3004 3102 3214 3176 ἀγαθὴν
3247 3107 3450 3175 κτῆσιν
3487 3106 3613 3177 ἡμῖν

369 3208 426 3261 Ιιι
453 3206 555 3259 hoc
583 3205 727 3260 enim
758 3202 1059 3271 poterimus
1091 3201 1248 3254 nobis
1291 3202 1556 3271 integram
1590 3207 1646 3255 et
1676 3202 1935 3257 intactam

2125 3194 2423 3260 λάττεσθαι,
2457 3196 2518 3249 ὲν
2562 3192 2643 3265 τῷ
2677 3193 2769 3247 τὸν
2787 3192 2917 3245 Θεὸν
2955 3191 3172 3261 φύλακα
3192 3193 3302 3246 τῶν
3326 3194 3614 3266 ἡμετέρων

367 3310 696 3354 conservare
730 3295 925 3348 bonam
978 3293 1406 3362 possessionem,
1453 3292 1600 3363 quod
1631 3291 1799 3348 Deum
1827 3301 1939 3348 sta-

2125 3288 2387 3360 .ήσασθαι.
2426 3285 2598 3343 Ὅταν
2625 3286 2734 3357 γὰρ
2757 3287 2807 3339 οἱ
2831 3283 3098 3354 ὀφθαλμοί
3129 3301 3232 3354 μου
3255 3279 3358 3339 ὦσι
3389 3287 3614 3341 διαπαν-

368 3402 588 3445 tuantus
616 3395 928 3445 nostrarum
952 3400 1133 3443 rerum
1165 3386 1470 3440 custodem.
1518 3384 1748 3452 Quando
1791 3384 1936 3440 enim

2125 3399 2128 3435 7
2174 3379 2311 3450 πρὸς
2349 3378 2440 3431 τὸν
2476 3376 2712 3449 Κύριον,
2745 3377 2866 3430 τότε
2908 3372 3178 3448 ἄπρακτοι
3243 3377 3491 3447 γίνονται
3525 3376 3611 3430 τοῦ

368 3481 512 3535 oculi
562 3480 664 3536 mei
691 3494 905 3548 semper
952 3475 1158 3533 fuerint
1202 3477 1269 3531 ad
1303 3476 1618 3539 Dominum,
1646 3486 1777 3532 tunc
1804 3476 1938 3533 nihil

2125 3472 2412 3543 τικειμένου
2461 3472 2519 3524 αί
2572 3467 2799 3536 παγίδες
2819 3510 2834 3534 ,
2866 3466 2933 3520 δι’
2964 3460 3039 3520 ὧν
3077 3468 3287 3543 ἐκεῖνος
3317 3468 3429 3520 τῶν
3460 3471 3519 3523 ἐν
3552 3471 3610 3538 τῇ

369 3578 623 3641 poterunt
677 3570 890 3627 ellicere
944 3568 1122 3637 laquei
1166 3567 1492 3630 adversarii.
1531 3584 1627 3638 per
1656 3583 1798 3635 quos
1850 3569 1939 3622 ille

2125 3567 2183 3636 [ᾗ
2210 3564 2406 3633 τιμίων
2436 3562 2532 3633 τὴν
2561 3559 2848 3630 ἐπιϐουλὴν
2867 3557 3203 3629 τεχνάζεται.
3230 3576 3254 3611 ,ι
3282 3557 3376 3628 Μὴ
3406 3558 3570 3630 δῴης,
3592 3575 3609 3608 ο

369 3665 593 3721 molitur
641 3662 869 3717 insidias
949 3662 1017 3717 iis
1073 3676 1194 3731 quae
1246 3671 1375 3716 sunt
1433 3661 1628 3715 animae
1677 3661 1938 3731 pretiosa.

373 3773 393 3806 ε
450 3753 566 3811 Non
604 3754 719 3819 des,
769 3772 789 3804 ι
832 3754 1028 3822 inquit,
1089 3772 1106 3802 ι
1158 3753 1215 3807 in
1271 3752 1688 3806 commotionem
1751 3750 1939 3821 pedem

370 3858 545 3912 tuum,
596 3855 651 3900 et
698 3862 803 3901 non
834 3844 1148 3901 dormitabit
1175 3843 1271 3912 qui
1310 3843 1552 3898 custodit
1601 3851 1655 3898 te
1685 3843 1751 3896 ”.
1795 3861 1812 3893 ι
1848 3840 1942 3896 Est

368 3954 497 4008 ergo
528 3952 768 4005 presens
798 3938 1086 4012 contextus
1114 3949 1458 4002 consequens
1483 3935 1532 3987 ei
1576 3934 1670 4003 qui
1709 3948 1942 4002 praeces-

369 4030 458 4089 sit.
494 4030 586 4083 Ille
610 4027 776 4097 jussit
798 4043 1043 4097 qumrerc
1081 4039 1137 4081 ut
1184 4026 1528 4081 inveniamus
1563 4014 1608 4081 ι’
1632 4026 1722 4080 hic
1750 4025 1944 4081 sitadct

369 4120 650 4176 custodire
688 4135 755 4175 ne
782 4119 1090 4188 perdamus.
1147 4117 1338 4173 Modus
1365 4128 1545 4173 autem
1571 4119 1819 4174 servandi
1843 4118 1943 4173 bo-

368 4228 439 4267 na
468 4221 552 4267 est
580 4213 633 4267 in
664 4211 947 4280 ejiciendis
976 4211 1043 4265 iis
1075 4212 1589 4282 quaeintelliguntur
1618 4225 1683 4265 ex
1715 4218 1935 4264 contra-

370 4303 482 4367 rio;
510 4303 783 4374 quomodo
807 4302 1063 4372 oppidum
1095 4300 1237 4371 quod
1274 4302 1575 4365 obsidetur,
1635 4300 1807 4354 tutius
1833 4314 1929 4353 cu-

369 4397 603 4449 stoditur
621 4394 812 4462 ejectis
840 4394 1250 4464 proditoribus:
1298 4394 1539 4463 quandiu
1587 4401 1766 4447 autent
1813 4394 1967 4447 suut’

370 4489 539 4549 intus,
573 4489 745 4557 magis
773 4487 1104 4541 insidiantur
1134 4487 1168 4541 ii
1210 4487 1304 4555 qui
1359 4487 1547 4548 latent,
1580 4499 1743 4554 quam
1777 4485 1812 4538 ii
1848 4484 1941 4554 qui

370 4590 498 4635 sunt
518 4581 691 4647 aperti
720 4580 923 4634 hostes.
948 4578 1188 4649 Tempus
1210 4586 1296 4633 est
1321 4578 1492 4642 enim,
1532 4577 1731 4647 inquit,
1755 4586 1940 4632 custo-

369 4670 576 4735 diendi,
606 4678 659 4725 et
686 4682 896 4739 tempus
926 4671 1238 4739 abiiciendi.

437 4764 595 4831 Quod
670 4775 850 4818 autem
927 4763 1186 4833 deinceps
1244 4762 1510 4832 sequitur,
1561 4763 1796 4815 animant
1872 4761 1939 4817 ad

369 4858 628 4926 majorem
703 4855 772 4910 de
826 4856 988 4909 rebus
1077 4871 1197 4924 que
1278 4853 1482 4909 cadunt
1565 4852 1667 4908 sub
1743 4852 1944 4907 intelli-

369 4950 607 5016 gentiam
683 4948 905 5003 deducit
977 4947 1404 5016 philosophiam.
1470 4944 1723 5000 Ostendit
1797 4945 1939 4999 enim

369 5038 515 5109 quod
567 5038 901 5094 universitas
949 5046 1034 5093 est
1115 5036 1216 5091 sibi
1274 5036 1377 5106 ipsi
1436 5036 1771 5096 continens,
1839 5049 1942 5089 nec

368 5146 636 5202 compago
694 5145 882 5185 eorum
931 5144 1053 5199 quae
1104 5129 1309 5184 cadunt
1352 5128 1455 5182 sub
1502 5126 1940 5197 intelligentiam,

370 5224 538 5278 ullam
576 5224 740 5279 habet
781 5222 1138 5279 solutionem.
1182 5222 1276 5276 sed
1322 5230 1407 5275 est
1452 5219 1702 5289 quaedam
1749 5234 1941 5274 eorum

370 5329 493 5381 quae
519 5324 668 5377 sunt,
698 5316 840 5369 inter
872 5331 932 5370 se
963 5314 1193 5368 invicem
1240 5311 1601 5381 conspiratio.
1627 5310 1813 5381 Neque
1847 5311 1942 5366 ab-

375 5405 614 5459 scissum
648 5415 731 5460 est
760 5407 1076 5461 universum
1112 5406 1181 5458 ab
1211 5420 1273 5458 ea
1302 5419 1425 5472 quae
1459 5413 1544 5458 est
1585 5416 1772 5457 secum
1805 5418 1940 5455 cnu-

2042 3657 2226 3727 φησὶν,
2264 3676 2283 3708 ι
2319 3658 2397 3718 εἰς
2440 3653 2599 3707 σάλον
2624 3652 2716 3707 τὸν
2909 3666 3026 3716 σου,
3052 3650 3146 3703 καὶ
3193 3649 3255 3702 οὐ
3298 3649 3553 3716 νυστάξει
3586 3650 3614 3702 ό

2043 3749 2349 3819 φυλάσσων.
2396 3765 2414 3799 ι
2443 3743 2652 3799 Οὐκοῦν
2679 3741 2972 3806 ἀκόλουθος
2999 3743 3034 3813 ὴ
3069 3738 3319 3811 παροῦσα
3356 3742 3517 3812 ῥῆσις
3540 3738 3614 3807 τῷ

2042 3839 2335 3911 προάγοντι
2369 3836 2532 3905 λόγῳ.
2571 3836 2805 3897 Ἐκεῖνος
2836 3831 3088 3885 ἐκέλευσε
3115 3831 3298 3901 ζητεῖν
3336 3831 3427 3884 ἵνα
3455 3830 3613 3901 εὔρω-

2046 3949 2174 4002 μεν,
2205 3924 2356 3992 οὗτος
2388 3927 2681 3997 φυλάσσειν
2719 3923 3096 3995 συμϐουλεύει,
3117 3923 3205 3975 ἵνα
3235 3922 3310 3993 μὴ
3345 3922 3613 4003 ἀπολέσω-

2047 4038 2165 4090 μεν.
2205 4020 2261 4074 Ὀ
2287 4018 2345 4071 δὲ
2380 4015 2472 4070 τοῦ
2506 4014 2792 4085 φυλάττειν
2813 4014 2880 4066 τὰ
2918 4006 3099 4082 ἀγαθά
3131 4012 3333 4084 τρόπος
3361 4012 3514 4065 ἐστὶν
3560 4012 3612 4062 ἐν

2044 4114 2121 4185 τῷ
2162 4109 2446 4166 ἐκϐάλλειν
2488 4106 2559 4160 τὰ
2585 4108 2652 4159 ὲκ
2677 4104 2770 4160 τοῦ
2801 4103 3041 4157 ἐναντίου
3080 4100 3349 4171 νοούμενα
3382 4118 3396 4131 ’
3433 4100 3613 4166 ὥσπερ

2046 4203 2138 4256 ἐπὶ
2155 4204 2250 4274 τῆς
2272 4195 2679 4268 πολεμουμένης
2707 4192 2910 4255 πόλεως
2937 4190 3317 4261 ἀσφαλεστέρα
3345 4188 3553 4257 γίνεται
3581 4189 3609 4255 ἠ

1971 4264 2016 4320 ι)
2046 4264 2260 4365 φρουρἀι
2295 4264 2695 4359 τῶν-προδοτῶν
2725 4284 3097 4355 ἐκϐληθέντων
3130 4299 3144 4314 ·
3176 4282 3281 4346 ἕως
3304 4283 3349 4336 δ’
3382 4282 3452 4338 ἂν
3472 4283 3611 4340 ἐντὸς

2045 4380 2167 4445 ὦσι,
2207 4381 2405 4454 μᾶλλον
2451 4374 2854 4432 ἐπιϐουλεύουσι
2890 4374 2999 4428 τῶν
3029 4372 3279 4443 φανερῶν
3311 4371 3539 4444 ἐχθρῶν.
3567 4372 3611 4423 οι

2045 4474 2416 4536 λανθάνοντες.
2451 4470 2656 4541 Καιρὸς
2690 4468 2817 4541 γὰρ,
2841 4466 3026 4541 φησιν,
3054 4464 3151 4521 τοῦ
3190 4464 3508 4534 φυλάσσειν,
3528 4462 3613 4518 καί

2047 4567 2235 4639 καιρὸς
2263 4564 2357 4619 τοῦ
2386 4562 2691 4617 ἐκϐάλλειν.

2128 4749 2193 4803 'll
2233 4748 2291 4802 δὲ
2336 4745 2532 4817 ἑφεξῆς
2581 4741 2872 4797 ἀκολουθία
2902 4736 2997 4795 τοῦ
3035 4738 3195 4807 λόγου
3266 4740 3348 4803 εἰς
3400 4736 3614 4809 μείζονά

2046 4865 2170 4904 τινα
2213 4847 2313 4918 τὴν
2357 4845 2486 4913 περὶ
2535 4839 2645 4893 τῶν
2688 4836 2893 4909 νοητῶν
2946 4835 3266 4905 φιλοσοφίαν
3307 4835 3414 4906 τὴν
3442 4832 3612 4905 ψυχὴν

2047 4942 2190 5009 ἄγει.
2244 4937 2491 4992 Δείκνυσι
2533 4931 2641 5003 γὰρ
2672 4930 2756 4984 ὅτι
2800 4928 3022 4998 συνεχές
3048 4929 3167 4980 ἐστι
3200 4926 3261 4980 τὸ
3293 4927 3405 4978 πᾶν
3448 4924 3613 4993 ἑαυτῷ
3653 4967 3661 4977 ,

2047 5035 2143 5088 καὶ
2173 5033 2272 5085 οὐκ
2300 5032 2413 5101 ἔχει
2441 5025 2563 5080 τινὰ
2584 5024 2738 5076 λύσιν
2763 5024 2795 5094 ἡ
2830 5020 3067 5091 ἁρμονία
3092 5019 3200 5073 τῶν
3228 5019 3457 5090 νοητῶν,
3489 5015 3614 5072 ἀλλά

2045 5127 2131 5189 τίς
2171 5126 2288 5177 ἐστι
2325 5121 2601 5190 σύμπνοια
2626 5115 2735 5169 τῶν
2763 5114 2931 5168 ὄντων
2961 5112 3098 5182 πρὸς
3132 5111 3359 5183 ἄλληλα.
3386 5110 3495 5164 Καὶ
3520 5108 3611 5161 οὐκ

2041 5215 2368 5286 ἀπέσχισται
2414 5211 2476 5263 τὸ
2501 5210 2610 5262 πᾶν
2634 5207 2737 5276 τῆς
2766 5205 2904 5277 πρὸς
2926 5204 3123 5258 ἑαυτὸν
3153 5202 3471 5272 συναφείας,
3504 5195 3611 5253 ἀλλ’

2040 5311 2098 5364 ἐν
2139 5308 2219 5379 τῷ
2251 5302 2392 5359 εἶναι
2449 5303 2599 5374 μένει
2638 5299 2709 5353 τά
2759 5298 2938 5352 πάντα
2969 5300 3036 5367 τῇ
3070 5295 3164 5348 τοῦ
3206 5290 3361 5358 ὄντος
3398 5291 3610 5359 δυνάμει

2043 5398 2535 5474 περικρατούμενα.
2558 5392 2642 5455 Τὸ
2679 5392 2737 5445 δὲ
2776 5389 2946 5452 ὅντως
2978 5387 3064 5450 ὃν,
3101 5387 3134 5459 ἦ
3178 5386 3314 5442 αὐτὸ
3347 5383 3609 5456 αγαθότης

445 5585 487 5617 "
521 5584 666 5640 Psal.
702 5601 810 5653 xu,
841 5586 895 5639 2.
974 5587 1017 5620 ³ο
1058 5584 1247 5638 Matth.
1279 5602 1374 5649 vn,
1407 5585 1459 5639 8.
1538 5586 1579 5616 “
1620 5582 1782 5638 Prov.
1821 5600 1893 5649 Iv,
1924 5585 2015 5640 ‘25.
2091 5585 2136 5618 ²²
2173 5580 2320 5636 Psal.
2349 5592 2494 5644 xnv,
2541 5573 2625 5628 l5.
2704 5571 2750 5605 ”
2784 5569 2929 5627 Psal.
2968 5584 3093 5638 cxx,
3121 5568 3182 5625 5.
3212 5642 3231 5651 ᾗ,
