3752 5984
388 175 490 232 727

1581 200 1639 258 S.
1672 200 1997 261 GREGORII
2034 211 2325 271 NY’SSENI

387 294 733 370 Ecelesia:,ct
764 319 956 363 rursus
986 292 1293 378 opportune
1320 326 1568 380 assuere,
1608 321 1831 388 quando
1857 340 1869 390 ι

2115 348 2190 393 κς.
2256 333 2394 386 Ἀλλ’
2443 332 2551 387 εἴτε
2613 336 2755 389 κατὰ
2801 337 2898 409 τὴν
2949 338 3437 410 προεξετασθεῖσαν
3490 344 3597 410 ἡμῖν

281 458 289 468 ι
384 389 763 454 paenitentiam
794 395 863 449 ab
893 397 1311 468 inquinamento
1340 400 1498 459 fuerit
1536 408 1744 463 abluta.
1778 389 1947 466 Multa

381 489 561 534 autem
596 483 867 551 ejusmodi
901 488 1028 544 licet
1077 491 1262 547 videre
1291 502 1400 548 tam
1446 495 1501 550 in
1528 501 1771 570 antiquis
1822 520 1948 557 uar-

382 570 707 639 rationibus,
744 592 907 646 quam
935 579 989 633 in
1017 581 1120 635 hac
1161 591 1346 639 nostra
1377 587 1506 652 vita,
1551 596 1674 660 qua:
1719 608 1946 648 mermo-

380 661 519 716 mice
548 662 686 718 fiunt
720 668 774 720 in
817 670 1088 726 ecclesiis.
1145 673 1312 730 Scitis
1343 678 1487 732 enim
1523 695 1551 734 a
1608 684 1809 751 quibus
1850 686 1943 740 ab-

380 752 524 821 rupti
562 770 772 825 sumus,
801 770 853 813 et
883 762 1083 830 quibus
1112 768 1408 821 assuimur.
1434 771 1678 829 Abscissi
1709 776 1853 829 enim
1879 777 1948 833 ab

381 841 598 909 liazresi,
630 845 822 914 pietati
855 864 921 904 ac
963 868 1105 908 verae
1151 857 1405 926 religioni
1446 872 1713 932 perpetuo
1764 867 1944 922 insui-

2055 418 2286 490 θεωρίαν
2318 423 2597 495 φιλοσοφεῖ
2626 427 2754 498 περὶ
2792 428 2898 481 τῶν
2933 428 3099 483 ὅντων
3128 432 3156 483 6
3185 430 3345 499 λόγος
3363 468 3380 492 ,
3421 431 3525 483 εἴτε
3547 434 3599 489 τὰ

2053 508 2275 562 τοιαῦτα
2320 510 2407 565 διὰ
2449 515 2547 584 τῆς
2592 516 2898 587 συμϐουλῆς
2938 514 3140 585 ταύτης
3176 519 3448 584 παιδεύει,
3481 521 3600 575 κατὰ

2054 598 2229 651 πάντα
2249 600 2311 652 τὸ
2331 601 2605 671 ὲπωφελές
2624 620 2682 656 τε
2707 592 3085 677 καῖχρήσιμον
3112 609 3359 680 περιέχει
3382 608 3417 676 ἠ
3443 609 3609 683 ῥῆσις,

2053 687 2113 739 ὲν
2143 689 2319 760 καιρῷ
2365 708 2424 744 τε
2464 695 2854 765 ἀπορρηγνῦσα
2882 689 2958 750 ὧν
3000 699 3212 770 πονηρὰ
3253 701 3288 770 ή
3328 699 3598 771 συνάφεια,

2054 781 2147 832 καὶ
2200 782 2338 835 κατὰ
2383 785 2573 856 καιρὸν
2626 788 2781 841 πάλιν
2828 789 3168 844 συνάπτουσα
3210 785 3287 845 ὢν
3334 793 3599 865 ὲπωφελὴς

2051 870 2203 943 ἐστιν,
2231 874 2264 945 ή
2292 874 2503 938 ἓνωσις.

379 950 502 988 ιιιιη·
536 956 551 991 :
592 946 720 995 tunc
748 942 1025 1002 intuentes
1059 948 1347 1006 infractam
1393 954 1648 1013 Ecclesiae
1700 961 1974 1029 tunicam,
2019 966 2237 1033 quando
2287 984 2317 1023 a
2355 973 2743 1030 communione
2780 990 2905 1031 cum
2931 976 3122 1034 haeresi
3150 978 3317 1034 fuerit
3347 979 3601 1049 quispiam

379 1026 566 1049 ..l-__-_.
621 1046 635 1049 -
705 1030 738 1049 ﬁ
798 1036 809 1049 ι
902 1036 914 1047 ο
1232 1043 1242 1049 .

1962 1026 1970 1029 ν
2036 1026 2052 1033 ,
2786 1026 2905 1031 ηπ-
2931 1026 3122 1034 ηψπ-
3150 1026 3316 1034 _____-
3351 1026 3599 1049 ,ηρ-η.

288 1069 294 1074 .
377 1026 661 1098 abruptus.
705 1030 811 1088 Sed
871 1036 985 1091 sive
1016 1043 1405 1098 convenienter
1457 1053 1931 1121 contemplationi,
1973 1073 2096 1125 qua:
2120 1059 2277 1128 prius
2307 1076 2337 1114 a
2399 1064 2563 1119 nobis
2624 1065 2727 1121 fuit
2758 1069 3090 1132 examinata,
3121 1069 3189 1125 de
3224 1071 3293 1125 iis
3324 1085 3451 1140 quae
3491 1082 3602 1125 sunt

376 1122 430 1174 id
468 1124 613 1223 quod
645 1123 854 1179 dictum
903 1137 989 1183 est
1026 1132 1487 1204 philosophatur:
1523 1140 1636 1195 sive
1673 1146 1803 1202 dato
1858 1122 2092 1205 consilio
2120 1122 2225 1208 'de
2289 1153 2377 1210 his
2419 1157 2625 1223 erudit,
2658 1159 2885 1213 omnino
2931 1161 3178 1217 continet
3226 1122 3520 1218 coniextus
3557 1165 3600 1219 id

376 1214 522 1279 quod
558 1223 644 1269 est
672 1219 1041 1288 conducibile,
1085 1232 1144 1277 ut
1181 1228 1274 1295 qui
1314 1237 1369 1282 et

379 1318 571 1360 rursus
602 1307 899 1381 coniungat
926 1328 990 1368 ea
1031 1329 1264 1385 quorum
1297 1319 1447 1376 utilis
1469 1331 1553 1377 est
1592 1328 1741 1381 uuio.

444 1396 557 1452 Nos
583 1408 764 1456 autem
818 1419 1107 1475 pergamus
1162 1410 1231 1464 ad
1275 1427 1339 1466 ea
1379 1429 1499 1483 quae
1546 1417 1806 1491 deinceps
1844 1440 1933 1477 se-
1972 1432 2013 1487 Β

376 1497 621 1552 quuutur
647 1491 701 1544 in
736 1504 1016 1560 contextu,
1050 1515 1146 1569 per
1179 1516 1301 1569 quae
1355 1505 1485 1558 mihi
1517 1496 1733 1562 ridetur
1766 1514 1944 1567 oratio

364 1574 471 1648 ‘per
502 1583 878 1640 sublimiorem
905 1591 1251 1645 considerata
1297 1594 1724 1667 philoSOpbia'm,
1768 1602 1942 1672 majo-

377 1686 489 1724 rem
548 1688 673 1727 cum
731 1677 918 1731 verbis
976 1678 1179 1735 habere
1244 1686 1703 1743 convenientiam.
1764 1685 1945 1746 Priori

371 1763 517 1819 enim
548 1765 669 1820 loco
691 1769 1021 1824 collocatum
1054 1782 1391 1846 esttempus
1436 1779 1679 1845 tacendi,
1728 1788 1784 1837 et
1823 1791 1945 1852 post

372 1855 653 1910 silentium
687 1858 836 1912 dedit
878 1870 1095 1930 tempus
1127 1864 1406 1934 loquendi.
1454 1868 1688 1934 Quando
1719 1888 1851 1943 ergo
1885 1882 1940 1929 et

370 1947 439 2000 de
471 1946 805 2016 quibusnam
847 1961 934 2005 est
962 1953 1156 2007 melius
1186 1958 1407 2011 tacere?
1430 1957 1636 2014 Dixerit
1669 1963 1943 2033 quispiam

368 2053 432 2090 ex
466 2037 539 2092 iis
567 2039 659 2108 qui
697 2041 765 2093 ad
789 2056 971 2097 mores
996 2043 1303 2113 aspiciunt,
1338 2062 1481 2118 saape
1516 2050 1791 2106 silentium
1822 2069 1944 2111 esse

369 2130 653 2186 decentius
683 2147 958 2197 sermone,
991 2143 1051 2189 ut
1088 2139 1365 2207 quomodo
1414 2141 1685 2198 discernit
1738 2143 1942 2203 Paulus

368 2228 835 2295 opportunitatem
885 2230 1090 2286 silentii
1143 2243 1197 2288 et
1249 2239 1545 2301 sermonis,
1639 2240 1942 2309 aliquando

368 2318 591 2385 quidem
627 2318 929 2377 decernens
972 2332 1153 2379 tacere
1190 2340 1204 2378 :
1238 2327 1534 2397 aliquando
1579 2339 1762 2384 autem
1819 2348 1942 2401 per-
1972 2379 1979 2387 .

371 2409 594 2464 mittens
630 2411 798 2481 loqui.
831 2432 848 2463 ι
876 2413 1067 2470 Omnis
1093 2431 1277 2472 sermo
1317 2420 1493 2476 malus
1524 2438 1586 2475 ex
1624 2438 1719 2477 ore
1750 2432 1939 2479 vestro

370 2514 479 2553 non
511 2501 737 2570 prodeat
753 2503 818 2555 ’°.
847 2523 864 2555 ι
904 2502 1031 2560 "me
1087 2515 1172 2561 est
1196 2506 1281 2561 lex
1313 2508 1539 2563 silentii.
1594 2512 1701 2566 Sed
1732 2513 1776 2567 si
1814 2514 1940 2579 quis

372 2590 442 2643 sit
463 2592 640 2648 bonus
700 2598 765 2647 ad
819 2595 1239 2652 aediﬁcationem
1282 2598 1427 2664 ﬁdei,
1475 2609 1531 2653 ut
1579 2601 1666 2656 det
1706 2605 1937 2671 gratiam

372 2682 763 2740 audientibus:
801 2687 911 2741 hoc
943 2694 1027 2742 est
1065 2699 1277 2759 tempus
1313 2691 1591 2761 loquendi.
1636 2714 1653 2744 ε
1682 2694 1936 2752 Mulieres

1403 1229 1454 1283 in
1505 1240 1750 1304 tempore
1798 1254 1862 1295 ea
1920 1242 2225 1316 abrumpat,
2261 1264 2495 1319 quorum
2529 1252 2669 1305 mala
2707 1260 2793 1308 est
2821 1255 3152 1320 commistio,
3198 1254 3344 1311 etin
3378 1264 3601 1326 tempore

2122 1429 2313 1498 Ἡμεῖς
2337 1429 2393 1482 δὲ
2426 1429 2561 1499 πρὸς
2586 1429 2654 1483 τὰ
2686 1429 2886 1500 ἐφεξῆς
2925 1428 3018 1483 τοῦ
3047 1429 3205 1498 λόγου
3240 1429 3597 1517 προέλθωμεν,

2043 1514 2111 1568 δι’
2143 1511 2203 1569 οὐ
2236 1534 2324 1586 μοι
2352 1517 2498 1571 δοκεῖ
2529 1518 2727 1588 μᾶλλον
2753 1519 2780 1570 6
2807 1518 2947 1572 κατὰ
2972 1518 3070 1590 τὴν
3100 1511 3443 1590 ὑψηλοτέραν
3470 1519 3597 1588 φιλο-

2047 1606 2234 1677 σοφίαν
2283 1608 2579 1680 θεωρηθεὶς
2615 1610 2772 1679 λόγος
2815 1608 3139 1675 οίκειώσεως
3177 1609 3320 1681 πρὸς
3354 1610 3417 1664 τὸ
3458 1610 3600 1681 ῥητὸν

2044 1698 2210 1768 ἔχειν.
2238 1699 2608 1769 Προτέτακται
2634 1700 2742 1771 γὰρ
2767 1702 2793 1752 6
2813 1699 2906 1752 τοῦ
2937 1701 3094 1771 σιγᾷν
3116 1700 3327 1772 καιρὸς,
3358 1701 3453 1753 καὶ
3481 1700 3599 1770 μετᾶ

2044 1789 2143 1860 τὴν
2181 1788 2337 1860 σιγὴν
2377 1789 2544 1843 ἔδωκε
2578 1791 2667 1842 τὴν
2712 1788 2808 1842 τοῦ
2850 1789 3027 1857 λέγειν
3064 1790 3275 1861 καιρόν.
3315 1790 3457 1843 Πότε
3487 1786 3598 1851 οὖν,

2044 1882 2138 1935 καὶ
2185 1884 2313 1952 περὶ
2362 1883 2522 1936 τίνων
2565 1881 2626 1935 τὸ
2660 1883 2816 1953 σιγᾷν
2866 1884 3012 1935 ἐστιν
3049 1881 3305 1951 ἄμεινον;
3348 1882 3490 1935 εῐποι
3532 1898 3600 1943 τις

2038 1973 2148 2028 τῶν
2194 1974 2328 2045 πρὸς
2372 1974 2433 2027 τὸ
2464 1971 2594 2045 ἦθος
2631 1974 2937 2046 βλεπόντων
2979 1973 3221 2044 πολλαχῆ
3250 1973 3355 2044 τὴν
3410 1973 3600 2048 σιωπὴν

2040 2063 2546 2136 εὐσχημονεστέραν
2592 2060 2729 2117 εἶναι
2772 2064 2869 2124 τοῦ
2901 2063 3089 2132 λόγου,
3131 2057 3242 2117 οἷον
3280 2062 3471 2126 καθὼς
3498 2062 3600 2115 6a:-

2041 2154 2215 2225 κρίνει
2240 2155 2339 2225 τῆς
2368 2154 2575 2225 σιωπῆς
2606 2171 2665 2207 τε
2696 2154 2789 2208 καὶ
2818 2152 2912 2207 τοῦ
2939 2153 3099 2221 λόγου
3130 2154 3230 2224 τὴν
3263 2153 3549 2225 εὐκαιρίαν
3576 2156 3603 2207 6

2040 2245 2272 2308 Παῦλος,
2315 2244 2444 2299 ποτὲ
2480 2246 2579 2315 μὲν
2608 2244 2912 2315 νομοθετῶν
2940 2246 3001 2297 τὺ
3033 2247 3210 2315 σιγᾷν,
3240 2246 3377 2298 ποτὲ
3410 2246 3467 2298 δὲ
3495 2246 3599 2297 ἑπι-

2038 2332 2254 2403 τρέπων
2281 2332 2342 2386 τὸ
2373 2331 2569 2401 λέγειν·
2609 2352 2627 2384 ι
2658 2334 2772 2397 Πᾶς
2817 2332 2974 2402 λόγος
3005 2333 3212 2405 σαπρὸς
3248 2335 3315 2387 ὲκ
3358 2334 3456 2387 τοῦ
3493 2334 3598 2387 στόο

2041 2441 2209 2495 ματος
2240 2424 2394 2494 ὑμῶν
2432 2425 2506 2495 μὴ
2536 2424 2936 2495 ἐκπορευέσθω.
2964 2442 2985 2477 ι
3022 2416 3190 2488 Οὗτος
3227 2426 3447 2496 σιωπῆς
3470 2427 3498 2478 6
3522 2425 3598 2478 νό-

2041 2532 2138 2584 μος
2156 2529 2168 2542 ·
2204 2515 2320 2568 ἀλλ’
2345 2515 2399 2568 εί
2414 2533 2496 2580 τις
2523 2516 2726 2585 ἀγαθὸς
2754 2517 2888 2586 πρὸς
2913 2516 3197 2595 οἰκοδομὴν
3216 2516 3320 2587 τῆς
3351 2519 3595 2580 πίστεως,

2038 2608 2123 2660 ἵνα
2163 2606 2240 2677 δῷ
2272 2608 2430 2678 χάριν
2466 2610 2577 2671 τοῖς
2612 2607 2900 2661 ἀκούουσιν
2920 2647 2934 2669 ,
2962 2602 3114 2671 οὗτος
3136 2608 3231 2662 τοῦ
3267 2609 3454 2685 λέγειν
3485 2627 3593 2662 και-

2040 2700 2147 2772 ρός-⁸
2187 2719 2205 2750 ι
2233 2701 2298 2751 Δί
2332 2702 2584 2767 γυναῖκες
2620 2701 2677 2752 ὲν
2711 2702 2830 2763 ταῖς
2863 2699 3178 2771 ἐκκλησίαις
3206 2686 3549 2767 σιγᾶτωσαψ
3572 2716 3592 2752 ο

370 2781 586 2827 taceant
617 2775 669 2828 in
701 2778 1040 2833 ccclesiis".
1067 2799 1085 2831 ι
1150 2778 1373 2835 Rursus
1420 2783 1571 2837 dedit
1618 2792 1837 2854 tempus

2112 2788 2203 2840 ιλιν
2225 2788 2391 2842 ἔδωκε
2419 2791 2486 2860 τῇ
2521 2792 2645 2860 σιγῇ
2672 2788 2765 2843 τδν
2791 2789 2997 2862 καιρόν.
3036 2808 3055 2841 ι
3076 2790 3138 2842 Εἰ
3156 2788 3213 2842 δέ
3231 2807 3284 2842 τι
3313 2789 3594 2860 μανθάνειν

372 2864 558 2917 lentio.
598 2886 615 2917 I
649 2866 704 2919 Si
736 2869 867 2936 quid
910 2881 1090 2924 autem
1144 2871 1333 2925 volunt
1385 2873 1597 2929 discere
1625 2891 1690 2930 ex
1724 2876 1789 2930 iis
1816 2892 1939 2946 qua:

279 2937 288 2946 ’
371 2953 646 3019 nesciunt,
678 2954 824 3009 domi
859 2959 1083 3013 maritos
1112 2975 1244 3015 suos
1276 2962 1616 3033 interrogent
1643 2965 1710 3016 ⁸¹.
1740 2984 1758 3016 ι
1794 2962 1938 3019 Rur-

370 3060 466 3099 sus
527 3046 773 3100 ostendit
836 3051 1302 3117 opportunitatem
1354 3056 1651 3111 sermonis.
1711 3056 1938 3113 «Nolite

377 3138 596 3189 mentiri
635 3138 778 3192 inter
807 3154 903 3193 vos
936 3141 1169 3196 invicem
1193 3142 1259 3196 ⁸³.
1296 3163 1315 3195 ι
1347 3142 1473 3199 Hzec
1501 3162 1723 3218 quoque
1743 3161 1827 3204 est
1861 3150 1938 3205 si-

373 3227 523 3279 lentii
585 3230 990 3295 opportunitas.
1048 3229 1376 3302 «Loquatur
1427 3237 1710 3292 veritatem
1763 3254 1938 3294 unus-

369 3317 601 3383 quisque
632 3332 754 3370 cum
793 3321 1044 3389 proximo
1072 3337 1174 3376 suo
1195 3323 1260 3376 ³³.
1286 3345 1303 3374 ι
1369 3324 1585 3381 Rursus
1643 3327 1803 3383 datur
1842 3345 1936 3400 po-

373 3415 544 3461 testas
603 3408 880 3476 loquendi.
930 3410 1097 3465 Multa
1150 3414 1314 3468 etiam
1377 3416 1690 3486 hujusmodi
1752 3420 1934 3475 aﬂ‘erri

372 3505 602 3565 possunt
640 3513 706 3551 ex
729 3499 896 3555 veteri
924 3499 1223 3571 Scriptura.
1262 3524 1280 3556 ι
1312 3504 1446 3560 Dum
1468 3508 1794 3564 consisteret
1815 3527 1937 3578 pec-

369 3597 525 3641 cator
552 3589 840 3644 adrersuni
876 3608 982 3658 me,
1028 3588 1321 3658 obsurduiT
1350 3605 1405 3651 et
1437 3598 1758 3654 humiliatus
1787 3616 1931 3666 sum,

366 3688 421 3732 et
454 3680 578 3734 silui
613 3696 642 3734 a
680 3682 837 3737 bonis
858 3684 925 3750 ",
970 3695 1024 3739 et
1058 3694 1315 3756 tanquam
1361 3688 1563 3745 surdus
1602 3705 1711 3745 non
1741 3692 1935 3747 audie—

370 3774 512 3836 ham,
543 3781 596 3828 et
633 3783 892 3845 tanquam
916 3785 1100 3859 mutus
1133 3796 1237 3831 non
1267 3772 1517 3849 aperiens
1536 3797 1600 3836 os
1632 3799 1791 3838 suum
1817 3785 1882 3839 ³⁸.
1912 3802 1930 3834 ι

367 3865 550 3920 Mutus
614 3868 669 3921 tit
708 3869 800 3937 qui
854 3870 919 3923 ad
963 3870 1249 3925 referenda
1284 3876 1422 3926 mala
1472 3884 1556 3929 est
1607 3875 1931 3941 immobilis;

366 3958 420 4009 in
452 3958 655 4025 quibus
694 3967 873 4012 autem
913 3961 1174 4014 utendum
1208 3969 1292 4015 est
1334 3978 1606 4026 sermone,
1659 3967 1837 4032 aperit
1879 3967 1935 4020 in

370 4046 648 4116 parabolis
676 4060 741 4101 os
763 4064 946 4113 suum,
980 4050 1223 4118 loquitur
1266 4056 1695 4123 propositiones,
1743 4057 1935 4128 implet

369 4151 432 4191 os
460 4153 620 4193 suum
655 4138 834 4201 laude,
869 4140 1108 4209 linguam
1141 4158 1295 4194 suam
1330 4144 1458 4199 facit
1490 4146 1789 4200 calamum.
1827 4147 1934 4202 Sed

368 4246 493 4284 cum
557 4230 670 4284 sint
725 4231 1148 4286 innumerahiiia
1197 4249 1319 4303 qua:
1374 4236 1427 4289 iu
1481 4236 1767 4307 Scriptura
1809 4249 1940 4293 sunt

366 4323 637 4391 exempla,
697 4323 827 4393 quid
862 4339 1001 4393 opus
1031 4334 1115 4380 est
1159 4327 1433 4382 subtiliter
1468 4344 1630 4398 agere
1675 4331 1728 4383 in
1763 4328 1834 4384 iis
1870 4331 1937 4385 de

367 4415 570 4482 quibus
593 4414 844 4469 constat?
865 4414 1019 4480 Quod
1051 4424 1230 4471 autem
1262 4419 1510 4474 aulehoc
1543 4421 1673 4474 mihi
1702 4421 1937 4490 primum

370 4509 422 4557 in
456 4520 519 4559 os
554 4505 719 4567 venit,
756 4514 941 4574 utpote
972 4507 1116 4576 quod
1159 4508 1374 4563 tacendi
1423 4521 1476 4564 et
1529 4510 1785 4580 loquendi
1834 4527 1936 4582 op-

372 4595 680 4664 portunitas
708 4598 998 4652 conveniat
1034 4600 1505 4669 contemp1atioui,
1540 4618 1661 4671 qum
1692 4601 1818 4657 data
1853 4610 1937 4658 est

369 4688 437 4741 de
465 4694 690 4756 ruptura
716 4695 769 4742 et
797 4695 1012 4751 sutura,
1066 4687 1120 4743 id
1174 4687 1300 4744 volo
1350 4704 1544 4745 rursus
1589 4703 1841 4758 sumere,
1884 4696 1940 4747 et

370 4779 561 4847 paucis
591 4779 794 4835 dicere.
825 4776 960 4832 Nam
995 4786 1049 4834 et
1086 4779 1198 4832 illic
1226 4794 1349 4832 cum
1379 4795 1499 4849 quae
1535 4781 1675 4834 male
1715 4792 1939 4836 contra-
1984 4804 1993 4809 τ

370 4872 453 4925 rio
484 4868 814 4932 adhaeserat,
847 4869 1082 4921 animam
1113 4869 1448 4938 ahripuisset
1495 4872 1693 4935 oratio,
1721 4873 1785 4925 ad
1817 4874 1938 4941 ejus

366 4963 511 5029 quoi
548 4976 673 5015 vere
699 4969 783 5014 est
817 4959 1075 5012 unionem
1115 4974 1235 5013 eam
1265 4959 1491 5015 deduxit
1531 4977 1625 5030 per
1659 4963 1932 5019 adhmsio-

370 5068 514 5113 nem,
565 5049 710 5119 quod
743 5049 962 5115 quidem
1019 5048 1328 5103 orationem
1364 5049 1580 5104 excedit
1610 5069 1623 5104 :
1656 5068 1778 5121 qua:
1816 5053 1939 5123 qui-

366 5144 490 5196 dem
518 5142 662 5195 dicta
695 5149 824 5195 sunt
853 5139 907 5193 in
941 5139 1028 5194 his
1076 5154 1198 5217 qua:
1240 5142 1568 5209 praecedunt.
1622 5142 1721 5198 llic
1755 5154 1934 5199 autem

372 5240 663 5303 propterea
705 5232 837 5286 mihi
870 5216 1311 5300 videturr‘priori
1358 5234 1480 5288 loco
1530 5237 1768 5303 positum
1809 5252 1937 5292 esse

372 5333 577 5388 tacere,
620 5325 761 5393 quod
797 5323 932 5377 illud
968 5316 1114 5393 quod
1160 5338 1321 5378 omne
1356 5340 1557 5385 nomen
1608 5339 1835 5398 superat
1882 5340 1936 5385 et

2040 2879 2279 2933 θέλουσιν
2311 2874 2386 2933 ὧν
2429 2880 2743 2949 ἀγνοοῦσιν,
2791 2882 2849 2934 ὲν
2879 2880 3011 2952 οἴκῳ
3041 2882 3168 2941 τοὺς
3205 2880 3371 2945 ἰδίους
3412 2881 3595 2952 ἄνδρας

2038 2974 2467 3046 ἐπερωτάτωσαν
2484 2988 2498 3000 ⁸
2515 2993 2533 3025 ι
2563 2973 2722 3027 πάλιν
2742 2972 2981 3038 ἐπέδειξε
3003 2971 3097 3025 τοῦ
3119 2971 3277 3040 λόγου
3296 2973 3402 3042 τὴν
3426 2973 3594 3024 εὐκαι-

2040 3062 2185 3135 ρίαν.
2206 3079 2223 3109 I
2242 3061 2332 3130 Μὴ
2356 3060 2618 3130 ψεύδεσθε
2647 3063 2726 3128 εἰς
2762 3062 3050 3131 ἀλλήλους’
3082 3082 3101 3116 ι
3121 3066 3214 3117 καὶ
3234 3061 3377 3131 αὕτη
3399 3063 3592 3131 σιωπῆς

2037 3153 2284 3225 εὐκαιρία
2317 3174 2335 3204 ι
2361 3152 2607 3206 Λαλείτω
2626 3150 2884 3221 ἀλήθειαν
2916 3152 3142 3217 ἕκαστος
3177 3152 3314 3224 μετὰ
3344 3153 3438 3207 τοῦ
3470 3153 3587 3223 πλη-

2039 3250 2151 3302 σίον
2184 3248 2370 3302 αὐτοῦ·
2403 3268 2420 3301 ι
2460 3247 2621 3302 πάλιν
2646 3248 2678 3317 ή
2708 3244 2922 3310 ἐξουσία
2950 3244 3042 3299 τοῦ
3068 3243 3247 3314 λόγου.
3289 3246 3405 3298 Καὶ
3437 3243 3591 3297 πολλὰ

2034 3341 2257 3395 τοιαῦτα
2300 3339 2447 3393 ἐστιν
2487 3341 2661 3392 εἰπεῖν
2696 3339 2790 3392 καὶ
2841 3340 2907 3392 ὲκ
2939 3338 3037 3408 τῆς
3070 3335 3430 3408 ἀρχαιοτέρας
3466 3336 3589 3405 Γρα-

2036 3420 2141 3504 φῆς
2161 3449 2173 3462 ·
2207 3450 2225 3483 ι
2257 3432 2343 3484 Ἐν
2363 3429 2441 3498 τῷ
2458 3428 2716 3497 συστῆναι
2738 3429 2826 3483 τὸν
2848 3427 3169 3498 ἁμαρτωλὸν
3200 3426 3449 3507 ἐναντίον
3477 3442 3587 3495 μου,

2037 3522 2353 3593 ἑγωφώθην,
2381 3522 2476 3575 καὶ
2500 3518 2887 3590 ὲταπεινώθην,
2915 3520 3007 3572 καὶ
3027 3519 3256 3589 ὲσίγησα
3278 3517 3344 3582 ἐξ
3360 3516 3587 3587 ἀγαθῶν,

2038 3617 2126 3669 καὶ
2159 3613 2291 3667 ὡσεὶ
2332 3613 2511 3681 κωφὸς
2558 3611 2658 3664 οὐκ
2704 3611 2930 3682 ἢκουον,
2976 3610 3070 3662 καὶ
3117 3609 3248 3662 ὡσεὶ
3278 3608 3475 3671 ἄλαλος
3500 3608 3588 3660 οὐκ

2035 3706 2266 3774 ἀνοίγων
2289 3705 2349 3757 τὸ
2370 3703 2540 3773 στόμα
2562 3701 2748 3757 αὐτοῦ.
2771 3703 3048 3769 »Ἂιρωνος
3067 3696 3272 3787 γίνεται
3289 3701 3320 3753 6
3349 3700 3478 3771 πρὸς
3501 3701 3587 3767 τὴν

2036 3797 2300 3851 ἀντίδοσιν
2325 3795 2419 3848 τοῦ
2446 3793 2617 3847 κακοῦ
2650 3793 2823 3863 μένων
2847 3792 3100 3861 ἀκίνητος
3119 3809 3136 3824 ο
3152 3785 3217 3844 ίὲν
3244 3785 3327 3855 οἷς
3347 3791 3407 3843 δὲ
3438 3801 3585 3861 προσ-

2037 3884 2259 3957 ήκειτῷ
2293 3884 2436 3955 λόγῳ
2468 3883 2802 3954 χρήσασθαι,
2839 3882 3042 3950 ἀνοίγει
3084 3884 3140 3934 ὲν
3178 3881 3511 3951 παραδολαῖς
3535 3878 3587 3931 τὸ

2039 3980 2245 4047 στόμα,
2280 3975 2577 4045 φθέγγεται
2625 3973 3018 4047 προϐλήματα,
3070 3972 3281 4045 πληροι
3318 3974 3381 4026 τὸ
3430 3972 3585 4041 στόμα

2038 4069 2313 4132 αἰνέσεως,
2343 4067 2587 4135 κάλαμον
2621 4067 2764 4118 ποιεῖ
2796 4066 2893 4135 τὴν
2914 4064 3181 4132 γλῶσσαν.
3222 4063 3385 4116 Ἀλλὰ
3412 4063 3464 4115 τί
3494 4060 3585 4131 χρὴ

2040 4158 2246 4230 μυρίων
2304 4157 2471 4210 όντων
2514 4157 2572 4208 ὲν
2628 4158 2696 4226 τῇ
2752 4155 2938 4226 Γραφῇ
2987 4154 3098 4206 τῶν
3148 4154 3579 4225 ὑποδειγμάτων,

2036 4249 2385 4319 ὶεπτουργεῖν
2408 4247 2465 4299 ὲν
2496 4248 2608 4308 τοῖς
2630 4243 3078 4315 ὁμολογουμένοις
3109 4243 3200 4296 τὸν
3220 4243 3412 4312 λόγον;
3445 4245 3506 4295 Ὅ
3536 4240 3584 4293 δέ

1990 4368 1993 4369 ν
2040 4349 2132 4408 μοι
2155 4338 2261 4408 πρὸ
2282 4335 2483 4390 τούτων
2511 4336 2604 4388 ἐπὶ
2621 4335 2757 4403 νοῦν,
2775 4330 2956 4405 ἦλθεν,
2990 4334 3067 4398 ὡς
3090 4335 3481 4403 συμφωνούσης
3499 4332 3583 4400 τῆς

2037 4427 2165 4497 περὶ
2196 4424 2289 4478 τοῦ
2322 4426 2478 4495 σιγᾷν
2514 4423 2609 4477 καὶ
2650 4424 2831 4478 λαλεῖν
2860 4423 3141 4493 εὐκαιρίας
3187 4427 3255 4494 τῇ
3281 4420 3585 4491 ἀποδοθείσῃ

2037 4518 2166 4588 περὶ
2187 4516 2281 4569 τοῦ
2312 4518 2591 4587 ῥήγματος
2609 4516 2705 4568 καὶ
2726 4516 2824 4586 τῆς
2842 4515 3018 4587 ραφῆς
3040 4515 3263 4589 θεωρίᾳ,
3292 4514 3453 4589 τοῦτο
3476 4511 3584 4583 pos.

2001 4650 2007 4656 .
2036 4607 2201 4679 λομαι
2225 4607 2386 4661 πάλιν
2423 4605 2773 4661 ὲπαναλαόὼν
2793 4647 2807 4672 ,
2833 4608 2900 4661 δι’
2920 4607 3114 4676 ὀλίγων
3136 4609 3330 4660 εἰπεῖν.
3368 4608 3506 4660 Ἐκεῖ
3530 4621 3580 4656 τε

2036 4698 2147 4770 γὰρ
2167 4698 2266 4770 τὴν
2286 4698 2469 4761 κακῶς
2491 4697 2570 4768 τῷ
2595 4690 2820 4768 ἐναντίῳ
2848 4701 3213 4768 προσφυεῖσαν
3236 4695 3412 4770 ψυχὴν
3437 4696 3583 4766 6:06-

2039 4791 2208 4861 ῥήξας
2243 4790 2271 4841 6
2297 4790 2453 4859 λόγος
2481 4792 2559 4854 εἰς
2586 4790 2777 4844 ἕνωσιν
2819 4790 2992 4861 ἤγαγε
3024 4790 3119 4843 τοῦ
3145 4790 3314 4854 ὅντως
3338 4790 3482 4853 ὄντος
3508 4789 3585 4842 διὰ

2035 4882 2135 4950 τῆς
2156 4880 2623 4951 προσκολλήσεως,
2650 4882 2787 4948 ὅπερ
2816 4881 2954 4956 ὐπὲρ
2981 4881 3139 4949 λόγον
3162 4883 3329 4946 ἐστὶν,
3355 4882 3392 4936 ἃ
3413 4885 3440 4936 6
3467 4896 3581 4949 προ-

2036 4969 2213 5023 λαϐὼν
2230 4970 2479 5024 ἀπέδωκε
2506 4970 2683 5039 λόγος.
2702 4970 2963 5025 Ἐνταῦοά
2985 4989 3042 5024 τε
3063 4973 3148 5025 διὰ
3164 4972 3319 5026 τοῦτό
3348 4990 3435 5043 μοι
3454 4971 3581 5024 δοκεῖ

2036 5059 2098 5110 τὸ
2128 5059 2286 5129 σιγᾷν
2319 5058 2708 5131 προτετάχθαι·
2739 5056 2881 5111 τοῦτ’
2912 5057 3028 5110 ἐστι
3064 5058 3199 5112 διότι
3239 5059 3299 5111 τὸ
3326 5059 3460 5126 ὑπὲρ
3487 5056 3579 5107 πᾶν

2036 5149 2211 5201 ἐκεῖνο
2239 5148 2418 5218 νόημά
2452 5165 2511 5201 τε
2545 5149 2638 5201 καὶ⁵
2664 5148 2862 5218 ὄνομα,
2897 5148 2926 5200 6
2973 5150 3001 5218 ἡ
3032 5148 3125 5201 τοῦ
3159 5149 3328 5203 κακοξ
3356 5148 3578 5238 άπορραῖ

2035 5239 2192 5303 γεῖσα
2222 5235 2367 5306 ψυχὴ
2397 5236 2493 5289 xui.
2526 5234 2678 5306 ζητεῖ
2704 5234 3026 5299 διαπαντὸς,
3071 5233 3166 5288 καὶ
3197 5235 3488 5304 ἐνραφῆναι
3513 5233 3578 5299 τῷ

2036 5329 2310 5399 εὑρεθέντι
2340 5329 2569 5396 ἐφίεται,
2605 5328 2760 5381 τοῦτο
2788 5328 2966 5396 πάσης
2993 5325 3390 5396 ὲρμηνευτικῆς
3420 5318 3577 5392 φωνῆς

445 5497 490 5528 ’⁸
534 5495 730 5576 Ephes.
763 5515 833 5576 ιχ.
1036 5499 1079 5529 ³⁸)
1121 5497 1553 5576 ΙΟοιξ-ιινῶό.
1630 5504 1669 5534 ³¹
1713 5503 1927 5568 Cum"1

2088 5506 2130 5537 ³²
2172 5504 2578 5576 Eplies.tv,‘25.
2659 5507 2702 5537 ³³
2743 5469 3146 5567 l’sal.’xuvm,
3186 5505 3297 5559 l-3.
3372 5504 3413 5534 ”
3451 5496 3570 5554 PsaL

274 5632 283 5637 _
374 5582 582 5631 xxxv",
618 5567 696 5618 ιι.
773 5568 817 5597 ³⁵
859 5566 1001 5621 Ρεοι.
1040 5584 1239 5633 LXXVII,
1266 5571 1354 5623 il.
