3738 5984
155 225 268 286 729

1176 221 1243 278 ΙΝ
1282 218 1819 278 ECCLESIASTEN.
1859 219 2141 276 HOMILIA
2182 218 2290 274 VII.

3302 210 3404 265 7'30

156 342 306 393 ὶστιν
344 335 691 409 ὑψηλότερον.
744 334 919 409 Ὅπερ
951 339 981 391 ὁ
1019 336 1339 406 φιλονεικῶν
1368 337 1473 390 ὑπὸ
1506 336 1605 408 τὴν

1923 337 2242 404 ςίιιιιίοιιειη,
2277 331 2421 404 quod
2448 347 2478 385 a
2519 345 2665 385 malo
2693 331 2929 401 abrupta
2951 328 3136 383 anima
3166 336 3221 384 et
3250 345 3399 398 qua:-

156 430 317 497 λόγου
364 427 640 499 σημασίαν
696 426 1003 493 καθέλκειν,
1082 427 1333 482 λανθάνει
1391 427 1729 498 πλημμελῶν

155 522 241 584 εἰς
258 519 316 572 τὸ
337 517 511 571 Θεῖον.
553 517 628 571 Τὸ
652 517 760 588 γάρ
792 517 932 588 ὑπὲρ
963 519 1071 571 πᾶν
1097 512 1236 573 εἶναι
1267 518 1731 589 πεπιστευμένον,

154 612 255 666 καὶ
289 610 427 681 ὑπὲρ
471 610 627 679 λόγον
658 611 870 674 πάντως
919 611 1086 665 ἐστίν.
1141 612 1201 664 '0
1231 610 1287 664 δὲ
1334 611 1476 681 λόγῳ
1504 610 1726 682 διαλαμο

155 705 344 757 δάνειν
373 702 666 773 ἐπιχειρῶν
702 704 763 755 τὸ
786 703 1055 774 ἀόριστον,
1086 703 1268 757 οὐκέτι
1295 703 1477 757 δίδωσι
1505 702 1566 757 τὸ
1590 703 1730 774 ὑπὲρ

158 793 270 844 πᾶν
295 786 433 844 εἰναι
471 793 645 844 ἐκεῖνο
672 790 700 843 δ
726 790 1029 858 ἀντεξάγει,
1065 790 1160 843 τὸν
1199 791 1331 844 lator
1365 790 1522 859 λόγον
1555 789 1732 844 τοιοῦ-

157 882 251 933 τόν
297 898 349 937 τι
390 882 484 935 καὶ
524 881 776 935 τοσοῦτον
813 877 947 935 εἶναι
997 882 1245 952 οἰόμενος
1263 922 1279 949 ,
1320 876 1434 936 οἷον
1468 883 1564 937 καὶ
1608 883 1731 937 ὅσον

155 973 332 1023 εΞπεῖν
363 973 392 1024 ὁ
421 971 575 1041 λόγος
600 970 898 1043 ἐχώρησεν,
936 971 1036 1024 οὐκ
1056 971 1212 1036 εἰδὼς
1229 973 1312 1026 ὅτι
1340 974 1399 1025 ὲν
1422 972 1501 1043 τῷ
1537 974 1732 1048 πεπεῖ-

158 1062 287 1116 σθαι
314 1064 453 1135 ὑπὲρ
482 1063 682 1131 γνῶσιν
708 1059 844 1117 εἶναι
881 1063 942 1116 τὸ
972 1064 1145 1129 Θεῖον,
1163 1065 1221 1117 ὲν
1246 1063 1421 1134 τούτῳ
1446 1065 1480 1135 ἡ
1503 1063 1729 1134 θεοπρε-

158 1155 273 1223 πὴς
306 1150 432 1225 περὶ
467 1153 560 1225 τοῦ
587 1154 754 1218 δντως
801 1153 950 1217 ὄντος
983 1153 1311 1223 φυλάσσεται
1356 1153 1531 1208 ἔννοια
1553 1171 1567 1185 ο
1600 1154 1731 1208 διότι

158 1249 273 1300 πᾶν
306 1247 369 1299 τὸ
392 1248 449 1299 ὲν
473 1250 539 1318 τῇ
573 1247 746 1299 κτίσει
779 1246 859 1311 ὃν,
890 1246 1025 1318 πρὸς
1052 1247 1114 1299 τὸ
1144 1247 1402 1316 συγγενὲς
1426 1247 1490 1300 ὲκ
1517 1245 1732 1314 φύσεως

158 1335 372 1405 βλέπει.
411 1337 518 1388 Καὶ
543 1334 691 1387 οὐδὲν
715 1334 823 1387 τῶν
847 1334 1017 1388 δντων
1040 1335 1099 1400 ἐξ
1132 1335 1327 1388 ἑαυτοῦ
1353 1335 1641 1405 γενόμενον
1675 1336 1733 1389 ὲν

155 1429 235 1499 τῷ
269 1424 411 1482 εἶναι
458 1429 630 1498 μένει.
672 1429 747 1481 Ub
792 1427 904 1499 πῦρ
948 1431 1009 1481 ὲν
1047 1427 1233 1491 ὕδατι,
1266 1427 1365 1480 οὐκ
1402 1429 1459 1480 ὲν
1491 1429 1624 1498 πυρὶ
1671 1427 1734 1480 τὸ

158 1520 328 1591 ὕδωρ,
359 1521 458 1574 οὐκ
487 1522 545 1574 ὲν
571 1518 648 1590 τῷ
674 1518 820 1590 βυθῷ
847 1516 1205 1590 τὸ’χερσαῖον,
1246 1519 1346 1571 οὐκ
1374 1520 1431 1572 ὲν
1456 1522 1521 1589 τῇ
1556 1520 1734 1590 χέρσῳ

155 1610 216 1663 τὸ
249 1610 495 1682 ἔνυδρον,
526 1611 625 1663 οὐκ
656 1612 712 1662 ὲν
739 1612 861 1681 ἀέρι
896 1609 957 1663 τὸ
985 1609 1216 1679 ἔγγειον,
1243 1608 1341 1662 οὐκ
1372 1610 1432 1662 ὲν
1462 1611 1533 1680 γῇ
1570 1602 1733 1663 πάλιν

156 1701 216 1755 τὺ
242 1702 517 1773 ἐναέρρν·
558 1701 673 1755 ἀλλ’
705 1702 762 1754 ἐν
786 1703 896 1763 τοῖς
928 1701 1079 1763 ἰδίοις
1119 1700 1346 1753 ἕκαστον
1389 1701 1547 1770 μένον
1583 1700 1729 1770 ὅροις
1766 1687 1805 1741 Β

155 1794 253 1863 τῆς
283 1792 531 1861 φύσεως,
568 1792 672 1855 ἕως
698 1793 819 1845 τότε
854 1791 1156 1857 έστινρως
1185 1791 1251 1844 ἂν
1279 1789 1388 1844 τῶν
1412 1791 1556 1847 ἰδίων
1587 1793 1729 1863 ὅρων

156 1884 309 1946 ἐντος
342 1883 500 1954 μένῃ.
532 1883 593 1936 Εἰ
619 1882 675 1934 δὲ
704 1881 809 1947 ἔξω
836 1881 1030 1935 ἑαυτοῦ
1060 1881 1291 1950 γένοιτο,
1326 1881 1482 1946 ἐκτὸς
1511 1885 1604 1936 καὶ
1635 1882 1728 1937 τοῦ

156 1970 293 2026 εἶναι
323 1976 643 2042 γενήσεται·
691 1973 786 2025 καὶ
819 1971 1008 2042 ὥσπερ
1039 1970 1147 2024 τῶν
1174 1970 1543 2044 αἰσθητηρίων
1577 1974 1609 2043 ἡ
1642 1972 1732 2027 δύ-

155 2081 353 2135 ναμις,
403 2066 522 2126 ταῖς
569 2064 705 2117 κατὰ
741 2063 901 2133 φύσιν
949 2047 1250 2134 ἐνεργείαις
1303 2064 1728 2136 παραμένουσα,

160 2153 464 2237 μεταϐῆναι
501 2148 634 2223 πρὸς
661 2154 761 2225 τὴν
790 2154 1194 2225 παρακειμένην
1214 2155 1276 2207 οὐ
1306 2154 1548 2209 δύναται.
1591 2154 1730 2209 Οὔτε

158 2243 264 2314 γὰρ
293 2241 574 2312 ὀφθαλμὸς
613 2243 683 2296 τά
713 2244 809 2314 τῆς
839 2245 1008 2314 ἀκοῆς
1055 2247 1390 2316 ἐνεργεῖται,
1435 2243 1560 2298 οὔτε
1594 2246 1731 2318 ἀκοὴ

156 2335 405 2403 γεύεται,
432 2332 555 2386 οὔτε
577 2333 687 2405 ἁφὴ
715 2333 1053 2403 διαλέγεται,
1075 2334 1200 2388 οὔτε
1224 2336 1258 2406 ἠ
1287 2335 1509 2404 γλῶσσα
1535 2337 1603 2390 τά
1633 2338 1732 2409 τῆς

158 2427 334 2496 ὄφεως
380 2426 415 2497 ἢ
455 2425 523 2479 τά
555 2425 653 2494 τῆς
683 2428 852 2498 ἀκοῆς
895 2428 1138 2500 ἐνεργεῖ,
1188 2427 1303 2481 ἀλλ’
1334 2426 1563 2492 ἕκαστος
1606 2428 1731 2499 ὅρον

159 2514 269 2584 ἔχει
296 2513 403 2583 τῆς
430 2512 563 2578 ἰδίας
598 2508 877 2584 δυνάμεως
894 2553 908 2577 ,
937 2514 1035 2584 τὴν
1061 2513 1204 2568 κατὰ
1229 2515 1386 2583 φύσιν
1414 2515 1692 2587 ἐνέργειαν
1715 2533 1728 2543 ·

158 2604 298 2659 οὕτω
324 2605 422 2658 καὶ
449 2606 598 2658 πᾶσα
625 2605 658 2675 ἡ
689 2604 862 2668 κτίσις
894 2604 1000 2671 ἔξω
1029 2606 1228 2676 ἑαυτῆς
1246 2605 1496 2674 γενέσθαι
1529 2607 1617 2661 διὰ
1633 2608 1733 2679 τῆς

162 2697 572 2768 καταληπτικῆς
592 2697 822 2768 θεωρίας
845 2697 905 2749 οὐ
933 2695 1179 2755 δύναται,
1201 2696 1316 2750 ἀλλ’
1343 2699 1400 2751 ὲν
1420 2698 1557 2770 αὐτῇ
1584 2698 1732 2769 μένει

159 2791 269 2856 ἀεὶ,
306 2792 406 2843 καὶ
445 2790 580 2860 ὅπερ
624 2790 690 2843 ἂν
725 2789 837 2861 ἴδῃ,
882 2789 1081 2860 ἑαυτὴν
1120 2788 1340 2859 βλέπει,
1377 2789 1478 2844 κᾶν
1522 2790 1731 2861 οἰηθείη

157 2899 207 2934 τι
242 2882 389 2952 ὑπὲρ
409 2881 606 2952 ἑαυτὴν
631 2880 868 2951 βλέπειν,
898 2880 959 2933 τὸ
1012 2880 1167 2944 ἐκτὸς
1191 2882 1390 2952 ἑαυτῆς
1418 2882 1579 2950 φύσιν
1607 2882 1733 2936 ἰδεῖν

159 2973 256 3025 οὐκ
288 2973 439 3041 ἔχει·
478 2967 586 3025 οἷον
626 2971 725 3040 τὴν
761 2972 1194 3044 διαστηματικὴν
1215 2972 1422 3027 ἔννοιαν
1450 2974 1508 3027 ἐν
1534 2976 1600 3045 τῇ
1623 2975 1735 3028 τῶν

158 3063 322 3116 δντωι
371 3061 574 3133 θεωρίᾳ
603 3062 890 3132 παρελθεῖν
931 3062 1196 3132 βιάζεται,
1223 3063 1338 3117 ἀλλ’
1370 3064 1430 3117 οὐ
1466 3065 1733 3136 παρέρχε-

156 3171 266 3208 ται.
295 3154 470 3208 Παντὶ
509 3154 617 3225 γάρ
656 3153 737 3224 τῷ
778 3155 1153 3226 εὐρισκσμένῳ
1181 3158 1411 3226 νοήματι
1443 3157 1737 3230 συνθεωρεῖ

159 3243 377 3305 πάντως
406 3242 466 3295 τό
510 3241 1165 3313 συγκαταλαμδανόμενον
1206 3246 1273 3315 τῇ
1317 3244 1610 3297 ὑποστάσει
1640 3244 1742 3306 τοῦΔ

156 3336 446 3406 νοουμένου
485 3335 758 3406 διάστημα
782 3351 796 3366 ·
834 3335 895 3387 τὸ
931 3334 987 3388 δὲ
1018 3335 1290 3407 διάστημα
1333 3336 1486 3411 οὐδὲν
1524 3336 1732 3408 άλλο,ἢ

158 3425 330 3488 κτίσις
375 3426 523 3477 ἐστίν
583 3426 792 3478 Ἐκεῖνο
835 3425 893 3478 δὲ
931 3425 990 3479 τὸ
1019 3425 1223 3493 ἀγαθὸν
1243 3467 1257 3488 ,
1280 3426 1309 3478 δ
1331 3427 1514 3498 ζητεῖν
1551 3445 1611 3481 τε
1638 3426 1734 3481 καὶ

159 3499 449 3581 φυλάσσειν
488 3515 780 3587 ἐμάθομεν,
813 3517 923 3570 ἄνω
958 3515 1017 3568 ὃν
1046 3516 1144 3586 τῆς
1176 3516 1403 3580 κτίσεως
1426 3559 1441 3583 ,
1472 3517 1585 3571 άνω
1616 3518 1734 3571 ἐστὶ

160 3606 530 3676 καταλήῴως.
547 3607 611 3659 Ἠ
628 3607 734 3675 γὰρ
753 3607 995 3678 ἡμετέρα
1014 3607 1220 3660 διάνοια
1236 3610 1303 3677 τῇ
1332 3607 1521 3678 διαστη
1529 3610 1730 3679 ματικῇ

159 3700 459 3768 παρατάσει
495 3696 860 3750 ἐνδιοδεύουσα
880 3737 894 3762 ,
924 3696 1040 3760 πῶς
1066 3697 1132 3751 ἂν
1159 3697 1438 3769 καταλάϐῃ
1460 3698 1560 3767 τὴν
1583 3697 1733 3752 ἀδιά-

161 3803 345 3842 στατον
364 3788 527 3858 φύσιν
540 3788 625 3842 διὰ
639 3786 732 3840 τοῦ
750 3788 942 3858 χρόνου
962 3788 1217 3841 ἀνάλυσιν
1232 3789 1318 3841 ἀεὶ
1331 3788 1409 3841 διε
1418 3787 1729 3861 ρευνωμένη

159 3880 223 3932 τὰ
245 3881 352 3933 τῶν
392 3880 794 3951 εὑρισκομένων
819 3878 1158 3950 πρεσϐύτερα
1181 3897 1196 3945 ;
1228 3880 1337 3933 Καὶ
1356 3878 1425 3932 τὰ
1452 3879 1551 3951 μὲν
1571 3887 1747 3955 (ww-7

163 3974 397 4043 σκόμενα
408 3974 602 4035 πάντα,
616 3972 705 4025 διὰ
719 3972 817 4041 τῆς
838 3971 1367 4044 πολυπραγμοσύνης
1386 3972 1729 4043 παρέδραμε,

162 4064 253 4134 τὴν
274 4065 330 4118 δὲ
360 4062 458 4117 τοῦ
480 4063 675 4127 αἰῶνος
697 4062 900 4116 ἔννοιαν
929 4062 1326 4134 παραδραμεῖν,
1352 4062 1607 4134 οὐδεμίαν
1635 4080 1734 4133 μη-

162 4155 321 4227 χανὴν
358 4154 692 4226 ἐξευρίσκει,
716 4155 862 4218 ὅπως
897 4154 962 4208 ἂν
987 4154 1090 4219 ἔξω
1118 4155 1317 4227 ἑαυτὴν
1347 4156 1561 4225 στήσειε
1581 4196 1596 4219 ,
1635 4154 1729 4207 καὶ

163 4248 416 4320 ὑπερθείη
434 4246 526 4299 τοῦ
545 4246 854 4317 προθεωρου
862 4246 1022 4315 μένου
1036 4246 1142 4299 τῶν
1155 4244 1322 4298 ὄντων
1335 4247 1428 4298 καὶ
1451 4244 1616 4300 αὑτοῦ
1633 4245 1729 4299 τοῦ
1744 4304 1749 4311 ,

164 4340 377 4403 αἰῶνος·
413 4338 528 4391 ἀλλ’
556 4336 745 4411 ὥσπερ
791 4337 882 4391 ἐπί
927 4353 1074 4401 τινος
1105 4337 1348 4408 εὑρεθεὶς
1400 4338 1727 4410 ἀκρωρείας.
1762 4374 1806 4429 D

172 4431 508 4486 ’Υποκείσθω
537 4432 593 4484 δὲ
623 4430 797 4502 πέτρα
840 4447 924 4494 τις
963 4426 1102 4484 εἶναι
1139 4429 1258 4483 λεία
1305 4432 1399 4484 καὶ
1438 4433 1729 4504 ἀπότομος,

167 4519 399 4573 κάτωθεν
430 4520 489 4571 ὲν
516 4518 730 4588 ἐρυθρῷ
773 4519 852 4589 τῷ
897 4514 1156 4590 σχήματι,
1193 4520 1274 4582 εἰς
1306 4520 1532 4592 ἄπειρον
1562 4522 1733 4593 μῆκος

167 4611 605 4683 κατατεινομένη,
639 4612 735 4664 κσ¹ι
763 4609 968 4665 ἄνωθεν
1009 4611 1102 4663 ἐπὶ
1134 4610 1196 4663 τὸ
1238 4609 1371 4681 ὕψος
1417 4613 1515 4682 τὴν
1558 4612 1734 4684 ἄκραν

166 4704 369 4776 ἐκείνην
403 4705 675 4778 ἀνέχουσα
696 4747 710 4768 ,
738 4704 834 4775 τὴν
863 4706 919 4756 ὲν
950 4706 1015 4775 τῇ
1043 4703 1278 4775 προϐολῇ
1304 4705 1404 4774 τῆς
1426 4706 1624 4776 ὀφρύος
1652 4707 1733 4768 εἷς

166 4810 212 4845 τι
233 4793 389 4861 βάθος
408 4795 605 4864 ἀχανὲς
623 4794 1086 4847 καταπίπτουσαν·
1108 4796 1244 4866 ὅπερ
1262 4790 1354 4848 οὖν
1376 4796 1522 4860 εἰκὸς
1542 4796 1735 4851 παθεῖν

166 4883 248 4935 τὸν
278 4886 430 4956 ᾷκρῳ
459 4883 538 4955 τῷ
567 4884 688 4937 ποδὶ
713 4885 812 4955 τῆς
843 4884 1196 4957 ὲπινευούσης
1228 4885 1305 4956 τῷ
1345 4887 1496 4956 βάθει
1538 4889 1732 4959 ῥαχίας

167 4973 507 5042 ἐπιψαύοντα,
530 4976 624 5029 καὶ
642 4976 894 5046 οὐδεμίαν
921 4974 1000 5029 ἔτι
1018 4975 1141 5029 οὔτε
1163 4976 1238 5045 τῷ
1260 4976 1383 5031 ποδὶ
1409 4978 1583 5048 βάσιν,
1607 4978 1732 5032 οὔτε

167 5065 226 5133 τῇ
253 5067 412 5138 ιχειρὶ
456 5065 678 5137 ἀντίκλη
727 5065 1128 5138 ὲξευρίσκοντα.
1190 5065 1360 5121 Τοῦτό
1413 5086 1502 5139 μοι
1554 5071 1645 5123 καὶ
1697 5071 1730 5140 ή

156 5150 304 5223 ψυχὴ
332 5153 675 5223 παρελθοῦσα
699 5154 762 5207 τὺ
791 5157 848 5207 ὲν
871 5158 980 5218 τοῖς
1006 5155 1453 5226 διαστηματικοῖς
1479 5157 1728 5228 βάσιμον,

171 5240 224 5291 ἐν
261 5246 324 5314 τῇ
357 5242 582 5316 ζητήσει
625 5244 727 5313 τῆς
780 5245 1106 5317 προαιωνίου
1154 5263 1215 5298 τε
1266 5246 1360 5300 καί
1408 5247 1730 5303 ἀδιαστάτου

172 5332 371 5401 φύσεως
408 5337 626 5408 πάσχει,
671 5339 769 5391 οὐκ
809 5337 1005 5407 ἔχουσα
1037 5337 1066 5391 ὃ
1098 5335 1506 5409 περιδράξηται,
1548 5342 1608 5393 οὐ
1646 5341 1732 5393 τό·

174 5437 285 5485 πον,
310 5426 371 5477 οὐ
407 5429 614 5497 χρόνον,
641 5429 702 5482 οὔ
734 5429 953 5500 μέτρον,
982 5430 1080 5483 οὐκ
1113 5429 1240 5483 ἄλλο
1282 5447 1331 5483 τι
1370 5431 1609 5485 τοιοῦτον
1638 5432 1729 5485 οὺ-

171 5511 285 5578 δὲν,
316 5518 376 5570 οὐ
425 5518 632 5590 δέχεται
678 5520 777 5590 τῆς
830 5521 1068 5584 διανοίας
1097 5522 1252 5592 ἡμῶν
1305 5521 1401 5593 τὴν
1451 5523 1726 5577 ἐπίϐασινο

174 5603 300 5658 ἀλλὰ
325 5600 650 5680 πανταχόθεν
679 5610 784 5665 τῶν
813 5612 1067 5682 ἀλήπτων
1093 5612 1565 5682 άπολισθαίνουσα,
1602 5615 1724 5683 ἰλιγ-

1831 428 1903 481 ι-ἱι
1956 433 2245 496 perpetuo,
2298 433 2353 480 et
2395 422 2680 478 desiderat
2716 422 2865 476 insui
2900 422 2949 476 ei
2997 420 3142 490 quod
3178 428 3264 475 est
3310 420 3402 475 in-
3498 484 3501 489 γ

1828 525 2078 583 ventum,
2118 519 2173 573 id
2209 525 2293 574 est
2327 519 2494 570 altius
2517 530 2682 585 quam
2739 520 2800 569 ut
2825 515 2938 568 ulla
2969 529 3074 568 vox
3124 514 3176 569 id
3224 516 3399 584 possit

1832 610 2209 681 interpretari.
2260 609 2418 676 Quod
2479 606 2723 678 quidem‘
2759 607 2853 676 qui
2896 605 3185 659 contendit
3217 592 3399 658 detra;

1831 701 1962 757 here
1991 700 2061 755 ad
2091 701 2371 757 sermonis
2404 698 2893 776 signiﬁcationem,
2916 695 3244 767 imprudens
3268 709 3398 764 pec-

1830 800 1920 847 cat
1944 794 1998 847 in
2033 792 2224 848 Deum.
2274 789 2434 857 Quod
2462 791 2608 845 enim
2645 790 2920 845 creditum
2955 796 3043 843 est
3073 802 3196 841 esse
3232 799 3401 856 supra

1832 885 2177 951 universum,
2240 884 2469 941 omnino
2519 890 2607 938 est
2650 881 2814 935 etiam
2854 896 3025 951 supra
3064 881 3394 935 orationem.

1831 975 1937 1042 Qui
1988 983 2173 1030 autem
2233 972 2705 1044 comprehendere
2751 980 2991 1026 conatur
3050 971 3301 1025 oratione
3342 970 3401 1024 id

1832 1066 1982 1138 quod
2017 1066 2189 1121 nullis
2230 1065 2431 1121 ﬁnibus
2475 1072 2657 1135 potest
2702 1062 3108 1138 circumscribi,
3155 1078 3263 1129 non
3290 1062 3400 1115 uti-

1832 1067 1982 1138 quod
2017 1067 2189 1121 nullis
2230 1067 2431 1121 ﬁnibus
2475 1072 2657 1135 potest
2702 1067 3108 1217 eircupgéribi,
3155 1078 3263 1129 non
3290 1067 3400 1115 uti-

1831 1172 1941 1229 que
1988 1156 2245 1214 concedit
2305 1171 2477 1226 supra
2515 1155 2837 1215 universum
2928 1167 3017 1209 sse
3072 1154 3207 1207 illud
3252 1153 3401 1222 quod

1831 1258 2023 1304 contra
2063 1246 2308 1314 adducit,
2346 1256 2407 1301 ut
2448 1248 2542 1318 qui
2576 1262 2731 1303 suam
2780 1242 3091 1301 orationem
3139 1245 3299 1298 talem
3345 1254 3399 1300 et

1832 1347 2040 1394 tantam
2062 1354 2186 1394 esse
2215 1347 2387 1407 putet,
2422 1339 2640 1409 qualem
2666 1344 2720 1393 ει
2742 1344 3003 1408 quantam
3038 1336 3403 1405 comprehen-

1832 1430 1913 1485 dit
1941 1430 2139 1496 oratio,
2170 1431 2429 1485 uesciens
2458 1431 2605 1499 quod
2649 1431 2703 1483 in
2739 1446 2805 1483 co
2835 1429 2983 1498 quod
3015 1427 3401 1491 sitcreditum,

1834 1520 2006 1577 Deum
2036 1537 2162 1577 esse
2203 1533 2368 1590 supra
2418 1520 2817 1592 cognitionem,
2873 1520 2928 1573 in
2963 1534 3027 1572 eo
3069 1534 3193 1588 quae
3232 1516 3403 1572 Deum

1833 1610 2011 1674 decet,
2045 1609 2535 1680 comprehenditur
2580 1609 2701 1679 ejus
2740 1608 2886 1679 quod
2926 1623 3054 1663 vere
3088 1614 3175 1661 est
3200 1607 3353 1661 notio
3386 1622 3400 1660 :

1836 1703 2097 1774 quoniam
2139 1703 2406 1772 quidquid
2437 1710 2524 1758 est
2565 1702 2619 1755 in
2648 1709 2923 1762 creatura,
2958 1701 3208 1753 intuetur
3235 1697 3302 1751 ad
3350 1698 3404 1751 id

1834 1792 1983 1864 quod
2016 1800 2104 1847 est
2138 1801 2434 1860 Cognatam
2463 1805 2494 1845 a
2527 1800 2750 1846 natura.
2780 1789 2969 1859 Neque
3001 1789 3303 1859 quidquam
3337 1802 3403 1840 ex

1836 1886 1905 1941 iis
1940 1900 2063 1956 quae
2093 1895 2241 1947 sunt,
2277 1898 2342 1938 ex
2375 1899 2435 1939 se
2468 1888 2869 1948 ortum,manet
2900 1883 2956 1935 in
2988 1879 3251 1936 essentia.
3284 1877 3409 1932 Non

1837 1976 1979 2047 ignis
2009 1977 2065 2030 in
2103 1990 2267 2045 aqua,
2297 1989 2404 2029 non
2432 1989 2573 2044 aqua
2603 1973 2659 2028 in
2686 1974 2834 2042 igne,
2892 1989 3003 2027 non
3041 1974 3095 2026 in
3130 1970 3408 2043 profundo

1837 2075 2141 2132 terrenum,
2169 2080 2281 2119 non
2322 2066 2376 2119 in
2420 2072 2568 2119 terra
2596 2078 2859 2133 aqueum,
2894 2078 3003 2116 non
3039 2063 3092 2116 in
3125 2078 3252 2117 aere
3292 2070 3405 2116 ter-

1841 2173 2057 2220 renum,
2096 2171 2206 2220 non
2240 2157 2294 2211 in
2330 2164 2477 2211 terra
2526 2170 2726 2210 rursus
2771 2156 3019 2210 aerium:
3060 2155 3155 2210 sed
3206 2170 3405 2209 unum-

1836 2253 2094 2319 quadque
2150 2264 2380 2303 manens
2439 2249 2494 2302 in
2562 2246 2804 2319 propriis
2860 2246 3402 2311 naturaa'terminis,
3465 2309 3474 2320 .

1839 2339 2029 2394 tandiu
2054 2348 2161 2401 est,
2201 2338 2448 2408 quandiu
2477 2346 2562 2393 est
2591 2338 2735 2392 intra
2761 2353 2893 2394 suos
2924 2337 3212 2393 terminos.
3245 2336 3403 2401 Quod

1838 2430 1885 2486 si
1914 2439 2068 2486 extra
2110 2446 2172 2486 se
2207 2429 2396 2494 fuerit,
2424 2431 2527 2485 erit
2574 2431 2741 2485 etiam
2787 2438 2942 2485 extra
2982 2429 3307 2488 essentiam,
3351 2437 3407 2482 et

1837 2522 2116 2592 quomodo
2175 2522 2452 2576 sentiendi
2515 2522 3013 2576 instrumentorum
3068 2522 3175 2581 vis.
3232 2520 3287 2574 in
3335 2521 3407 2575 iis

1837 2630 2069 2670 manens
2100 2614 2520 2685 operationibus
2551 2629 2674 2684 qua:
2709 2621 2840 2669 sunt
2889 2613 3192 2669 secundum
3240 2612 3399 2666 natu-

1838 2724 1978 2775 ram,
2012 2723 2121 2762 non
2168 2714 2348 2776 potest
2381 2707 2622 2761 transire
2673 2705 2739 2759 ad
2787 2720 2908 2759 eam
2954 2720 3077 2775 qua:
3116 2714 3199 2758 est
3240 2718 3409 2773 prope

1839 2798 1965 2854 sita.
2028 2796 2218 2867 Neque
2273 2799 2420 2853 enim
2457 2798 2653 2852 oculus
2702 2805 2968 2866 operatur
2999 2810 3060 2851 ea
3107 2811 3230 2865 quae
3277 2803 3409 2849 sunt

1839 2887 2083 2953 auditus,
2111 2903 2290 2959 neque
2315 2888 2469 2942 auris
2495 2895 2701 2958 gustat,
2734 2903 2912 2957 neque
2935 2894 3116 2940 tactus
3143 2887 3409 2956 loquitur,

1839 2995 2015 3051 neque
2050 2981 2236 3051 lingua
2267 2995 2330 3035 ea
2357 2980 2470 3050 agit
2497 2995 2620 3048 quae
2654 2988 2786 3034 sunt
2824 2980 2976 3035 visus
3011 2987 3105 3033 aut
3156 2979 3405 3040 auditus.

1835 3070 1929 3125 sed
1969 3069 2401 3139 unumquodque
2426 3068 2588 3123 habet
2621 3070 2918 3123 terminum
2947 3084 3063 3122 suae
3098 3068 3403 3130 facultat's.

1833 3173 2029 3228 nempe
2061 3173 2181 3213 eam
2211 3159 2590 3228 operationem
2627 3176 2749 3229 quae
2782 3170 2866 3215 est
2901 3159 3209 3214 secundum
3246 3170 3409 3212 uatu-

1833 3264 1974 3304 ram.
2029 3248 2109 3303 Ita
2139 3249 2307 3303 etiam
2343 3251 2526 3307 omnis
2559 3234 2814 3306 creatura
2859 3258 3017 3306 extra
3044 3267 3104 3307 se
3141 3266 3267 3307 esse
3301 3266 3408 3304 non

1833 3347 2013 3410 potest
2053 3355 2150 3409 per
2195 3341 2691 3410 cumpreheudendi
2725 3343 3269 3413 contemplationem,
3316 3344 3407 3397 sed

1831 3429 1888 3483 in
1911 3428 2098 3499 seipsa
2114 3441 2328 3498 semper
2344 3438 2611 3494 manet,et
2632 3430 2899 3500 quidquid
2922 3432 3138 3493 viderit,
3172 3431 3407 3501 seipsam

1835 3520 2101 3582 intuetur,
2137 3526 2191 3574 et
2222 3521 2268 3575 si
2296 3519 2701 3576 existimaverit
2726 3536 2785 3576 se
2815 3523 3024 3590 aliquid
3055 3522 3242 3577 videre
3264 3523 3408 3593 quod

1833 3611 1907 3667 sit
1928 3625 2098 3680 supra
2136 3599 2218 3677 se,
2250 3625 2360 3663 non
2395 3618 2481 3664 est
2506 3627 2569 3664 ea
2606 3621 2803 3665 natura
2832 3621 2889 3665 ut
2913 3613 3094 3667 videat
3133 3623 3290 3668 extra
3324 3629 3407 3687 se,

1834 3710 1894 3756 ut
1921 3701 2072 3756 verbi
2109 3717 2295 3766 causa,
2327 3701 2600 3756 intervalli
2639 3712 2694 3755 et
2743 3704 2909 3774 spatii
2963 3704 3017 3757 in
3058 3715 3238 3759 mente
3279 3721 3411 3759 con-

1833 3792 2138 3863 Ceptionetn
2175 3791 2231 3845 in
2282 3806 2476 3845 eorum
2509 3809 2631 3862 qua:
2681 3803 2812 3848 sunt
2854 3794 3325 3863 contemplatione
3359 3797 3408 3849 vi

1822 3891 2066 3938 conatur
2091 3882 2424 3952 transgredi,
2485 3884 2581 3937 sed
2628 3900 2736 3937 non
2791 3884 3218 3956 transgreditur.
3276 3886 3408 3939 Nam

1833 3990 1958 4029 cum
1986 3974 2135 4029 omni
2157 3988 2276 4043 qua!
2302 3973 2578 4028 invenitur
2606 3976 2811 4031 mentis
2846 3977 3226 4045 conceptione,
3248 3978 3409 4030 simul

1833 4067 2057 4122 omnino
2084 4066 2402 4122 considerat
2427 4066 2808 4134 intervallum,
2850 4069 2994 4140 quod
3045 4070 3209 4123 simul
3260 4083 3410 4123 com-

1835 4158 2194 4230 prehenditur
2217 4173 2343 4213 cutn
2385 4159 2697 4214 substantia
2727 4160 2851 4231 ejus
2886 4159 3032 4231 quod
3069 4171 3251 4215 mente
3271 4175 3411 4214 con-

1833 4249 2058 4319 cipitur.
2106 4246 2455 4303 Intervallum
2485 4258 2666 4304 autem
2723 4251 2858 4303 nihil
2910 4250 3060 4302 aliud
3107 4258 3190 4304 est
3243 4265 3407 4318 quam

1834 4347 2108 4394 creatura.
2134 4337 2271 4393 Illud
2295 4348 2481 4393 autem
2514 4339 2719 4394 bonum
2746 4340 2891 4408 quod
2922 4339 3218 4394 didicimus
3256 4355 3407 4409 qua:-

1832 4443 1953 4485 rerc
1989 4437 2043 4483 et
2081 4428 2382 4494 custodire,
2436 4446 2559 4484 cum
2619 4430 2691 4485 sit
2738 4446 2903 4498 supra
2954 4439 3281 4494 creaturam,
3326 4439 3410 4485 est

1833 4534 1997 4590 supra
2074 4518 2641 4588 comprehensionem.
2718 4516 2917 4574 Nostra
2978 4520 3122 4574 enim
3195 4519 3404 4590 cogita-

1833 4612 1930 4676 tio,
1976 4626 2098 4680 quze
2145 4610 2449 4665 intervallis
2488 4609 2822 4679 disjunctam
2876 4609 3182 4679 ingreditur
3219 4617 3411 4664 cxten-

1832 4699 2067 4763 sionem,
2109 4698 2385 4768 quomodo
2422 4713 2519 4767 per
2554 4705 2769 4767 tempus
2794 4698 3221 4767 comprehendet
3250 4706 3411 4751 natu-

1832 4804 2150 4859 ram,quam
2190 4790 2339 4843 nulla
2365 4787 2728 4842 ditnetiuutur
2769 4789 3077 4852 intervalla,
3119 4805 3239 4856 qua:
3282 4789 3407 4857 qui-

1831 4883 1954 4938 dem
1999 4882 2259 4953 cogitatio
2302 4895 2518 4949 semper
2572 4886 2854 4935 scrutatur
2891 4894 2987 4947 per
3018 4877 3408 4932 resolutionem

1812 4972 2143 5043 ‘antiquiora
2204 4971 2273 5027 iis
2323 4986 2445 5041 quae
2489 4970 2885 5026 inveniuntur?
2949 4971 3011 5024 Et
3057 4970 3240 5025 omnia
3286 4970 3409 5039 qui-

1831 5062 1954 5118 dem
2015 5076 2136 5131 quae
2175 5070 2586 5133 cognoscuntur
2644 5062 3020 5131 pr.etercurrit
3074 5077 3171 5132 per
3221 5060 3407 5116 curio-

1832 5153 2070 5216 sitatem,
2108 5153 2312 5206 nullam
2343 5157 2526 5205 autem
2565 5151 2834 5205 rationem
2870 5153 3101 5215 invenit,
3149 5168 3254 5222 qua
3281 5167 3407 5222 pos-

1831 5246 1904 5299 sit
1931 5252 2355 5313 przetercurrere
2403 5242 2728 5299 aeternitatis
2760 5244 3205 5313 conceptionem,
3255 5253 3311 5298 ut
3346 5260 3406 5300 re

1830 5348 1985 5392 extra
2024 5352 2143 5391 eam
2208 5337 2391 5401 sistat,
2418 5345 2473 5391 ct
2525 5345 2748 5406 superet
2792 5335 2844 5390 id
2886 5336 3030 5405 quod
3066 5353 3128 5391 ex
3176 5336 3246 5391 iis
3287 5354 3405 5405 quzc

1831 5446 1961 5489 sunt
2010 5433 2163 5502 prius
2214 5430 2621 5493 consideratur,
2668 5438 2724 5483 ει
2771 5407 2956 5499 ᾕρειιηῖ
2992 5431 3401 5484 aeternitatem:

1832 5525 1926 5580 sed
1954 5528 2097 5581 sicut
2125 5525 2377 5579 inventus
2403 5525 2457 5577 in
2497 5522 2684 5591 aliquo
2722 5508 3127 5592 promuntorio.
3159 5518 3400 5574 Ponatur

1832 5625 2010 5673 autem
2054 5632 2217 5687 rupes
2254 5615 2437 5686 aliqua
2472 5615 2620 5669 laevis
2655 5623 2706 5669 et
2755 5622 3050 5685 pra'rupta,
3086 5611 3295 5667 tnlcrnc
3347 5612 3402 5666 ir.
