3738 5984
393 170 453 221 51
1633 175 1694 230 S.
1733 175 2065 231 GREGORII
2087 173 2381 230 NYSSENI

3517 178 3613 235 73!

357 284 520 343 rubra
551 284 721 358 ﬁgura
745 286 804 341 in
836 286 1107 345 inﬁnitam
1136 298 1365 345 extensa
1414 291 1833 365 longitudinem,

2174 310 2210 346 τε
2253 294 2346 346 καὶ
2386 293 2678 365 ἁμηχανεί,
2722 292 2817 346 ita).
2858 293 3018 347 πάλιν
3067 293 3203 364 πρὸς
3249 294 3312 350 τὸ
3361 300 3609 366 συγγενὲς
3646 286 3650 295 ’

357 392 596 448 superne
640 378 847 437 habens
890 379 946 433 in
976 381 1265 437 altitudine
1302 383 1438 437 illud
1473 385 1931 455 promontorium,

356 467 501 550 quod
546 467 601 522 in
644 468 888 545 projecto
940 471 1236 543 supercilio
1273 473 1327 526 in
1356 485 1569 529 vastam
1603 474 1752 531 cadit
1803 491 1933 548 pro-.-

356 558 705 614 i'unditatem.
754 560 911 627 Quod
950 577 1081 633 ergo
1112 575 1545 623 consentaneum
1593 574 1678 621 est
1715 567 1935 623 evenire

355 652 406 707 ei
427 652 519 722 qui
540 665 756 709 summo
782 652 921 722 pede
952 656 1127 729 tangit
1151 657 1300 713 illam
1326 658 1494 712 veluti
1518 657 1668 713 dorsi
1692 657 1930 733 spinam,

360 756 486 811 quae
508 741 745 796 declinat
774 742 830 797 in
853 742 1206 811 profundum,
1234 754 1287 802 et
1310 761 1486 816 neque
1514 746 1723 803 invenit
1745 748 1799 803 in
1825 761 1934 821 quo

361 830 485 902 ligat
517 833 669 902 pedis
701 849 977 903 gressum,
1026 852 1206 907 neque
1240 838 1385 908 quod
1422 853 1584 892 manu
1629 836 1935 910 apprehen-

358 919 485 975 dat:
522 922 625 975 hoc
654 923 911 978 usuvcnit
934 923 1151 989 animae,
1184 940 1305 995 quae
1333 925 1552 980 transiit
1581 923 1634 978 id
1665 940 1761 998 per
1786 924 1939 1001 quod.

358 1011 536 1075 incedi
568 1021 745 1084 potest
775 1014 831 1070 in
858 1015 926 1071 iis
948 1031 1068 1089 qua:
1091 1017 1485 1089 disjunguntur
1520 1016 1932 1072 intervallorum

359 1104 578 1177 Spatiis,
611 1103 667 1158 in
689 1105 982 1174 quaerendo
1013 1114 1263 1161 naturam
1288 1121 1409 1176 quae
1436 1117 1521 1161 est
1552 1113 1678 1160 ante
1706 1106 1930 1169 saecula,

358 1207 412 1251 et
448 1211 611 1267 quam
660 1198 811 1255 nulla
861 1200 1164 1259 metiuntur
1216 1199 1525 1261 intervalla,
1571 1209 1640 1252 ut
1663 1213 1783 1271 quae
1809 1211 1934 1252 rum

360 1288 499 1342 nihil
532 1289 731 1347 habeat
780 1289 928 1360 quod
955 1290 1350 1360 apprehendat.
1400 1305 1510 1347 non
1563 1289 1767 1353 locum,
1823 1302 1933 1345 non

364 1390 599 1449 tempus,
618 1396 728 1435 non
752 1396 1087 1447 mensuram,
1107 1398 1217 1437 non
1240 1382 1445 1453 aliquid
1470 1379 1619 1435 aliud
1640 1378 1932 1448 ejusmodi,

363 1479 568 1535 nostrae
617 1468 969 1541 cogitationis
1004 1489 1115 1529 non
1169 1474 1401 1542 suscipit
1444 1473 1779 1542 ingressum:
1837 1469 1932 1525 sed

362 1562 607 1631 Undique
638 1564 887 1623 dilabens
915 1566 984 1619 ab
1029 1566 1094 1621 iis
1122 1580 1243 1635 qua:
1269 1580 1377 1619 non
1426 1571 1653 1633 possunt
1685 1577 1934 1631 compre-

2034 383 2439 455 ἐπιστρέφεται,
2474 381 2746 455 ἀγαπῶσα
2780 383 3032 438 τοσοῦτον
3065 387 3226 453 μόνον
3250 385 3451 455 γνῶναι
3491 390 3612 457 περὶ

2032 477 2126 531 τοῦ
2152 477 2568 549 ὑπερκειμένου,
2595 479 2719 532 ὅσον
2748 478 3058 549 πεισθῆναι,
3092 480 3174 541 ὃτι
3220 481 3353 536 ἄλλο
3390 500 3437 536 τι
3465 488 3613 554 παρὰ

2033 569 2130 640 τὴν
2160 568 2267 625 τῶν
2299 569 2718 641 γινωσκομένων
2760 569 2923 640 φύσιν
2968 571 3107 625 ἐστί.
3151 571 3254 635 Διὰ
3302 571 3459 629 τοῦτο
3491 575 3615 629 ὅταν

2033 660 2163 733 ,ἔλθῃ
2189 662 2268 724 είς
2294 660 2363 714 τὰ
2396 660 2537 731 ὑπὲρ
2568 660 2725 729 λόγον
2751 661 2780 714 ὁ
2817 662 2994 730 λόγος,
3028 662 3239 732 γίνεται
3282 665 3403 719 τότε
3430 666 3613 737 καιρὸς
3650 660 3657 667 ’

2032 751 2125 805 τοῦ
2162 752 2338 822 σιγᾷν,
2367 752 2459 804 καὶ
2507 749 2606 821 τῆς
2649 751 2931 824 ἁφρὰστου
2971 751 3185 824 ἐκείνης
3218 754 3501 826 δυνάμεως
3530 756 3616 809 ἀν-

2032 845 2365 915 ερμήνευτον
2390 845 2447 897 ἐν
2472 841 2550 913 τῷ
2579 843 2875 916 ἀπορρήτῳ
2906 845 3006 916 τῆς
3037 847 3391 918 συνειδήσεως
3421 847 3538 918 ἔχει
3559 850 3617 903 τὸ

1960 990 1963 993 λ
2035 932 2235 1003 θαῦμα,
2262 933 2441 986 εἰδότα
2471 934 2552 986 ὅτι
2586 934 2680 987 καὶ
2711 935 2760 987 οἱ
2795 935 3017 1004 μεγάλοι
3049 937 3119 990 τὰ
3170 938 3309 1009 ἔργα
3356 938 3451 995 τοῦ
3485 939 3615 995 Θεοῦ

2033 1025 2126 1083 καὶ
2150 1023 2209 1077 ού
2237 1023 2326 1078 τὸν
2356 1024 2488 1079 Θεὸν
2517 1024 2759 1091 ἐλάλουν,
2788 1025 3062 1096 λέγοντες
3106 1048 3124 1081 ι
3147 1030 3244 1092 Τίς
3270 1029 3496 1101 λαλήσει
3522 1031 3615 1094 τὰς

2032 1113 2348 1182 δυναστείας
2364 1115 2457 1169 τοῦ
2477 1116 2679 1188 Κυρίου
2701 1133 2717 1182 ;
2752 1135 2771 1168 ι
2805 1102 2919 1182 καί,
2949 1137 2969 1170 ι
2987 1120 3327 1191 Διηγήσομαι
3349 1121 3530 1175 πάντα
3556 1124 3616 1174 τὰ

2033 1202 2171 1276 ἔργα
2202 1222 2293 1259 σου
2311 1222 2326 1237 ο
2347 1224 2365 1256 ι
2385 1206 2503 1271 καὶ,
2525 1226 2543 1259 ι
2563 1208 2728 1261 Γενεὰ
2757 1209 3033 1264 ἐπαινέσει
3057 1210 3127 1263 τὰ
3147 1212 3285 1282 ἔργα
3308 1228 3423 1269 σου.
3437 1212 3615 1269 uini

2032 1294 2247 1359 λαλοῦσι
2283 1297 2378 1350 καὶ
2418 1297 2551 1366 περ)⁸
2584 1297 2787 1352 τούτων
2825 1299 3209 1371 διεξέρχονται,
3242 1303 3338 1356 καὶ
3372 1302 3474 1374 τὴν
3512 1306 3615 1358 τῶν

2034 1386 2332 1456 γεγονότων
2410 1386 2757 1458 ἐξαγόρευσιν
2826 1391 2891 1459 τῇ
2961 1393 3113 1461 φωνῇ
3185 1392 3573 1463 ἐπιτρέπουσιν
3598 1413 3610 1426 ·

2020 1477 2160 1534 ,ὅταν
2188 1475 2244 1528 δὲ
2279 1476 2406 1547 περὶ
2449 1477 2613 1531 αὑτοῦ
2655 1477 2749 1532 τοῦ
2788 1478 3162 1551 ύπερεστῶτος
3190 1482 3372 1553 πάσης
3411 1485 3612 1547 ἐννοίας

2035 1567 2063 1619 ὀ
2095 1566 2271 1635 λόγος,
2320 1567 2532 1637 σιωπὴν
2579 1568 2854 1640 ἄντικρυς,
2897 1570 2962 1624 δι’
2996 1565 3071 1624 ὧν
3114 1571 3353 1641 λέγουσι,
3400 1575 3615 1645 νομοθε-

364 1654 550 1716 hendi,
583 1656 785 1725 caligat
813 1665 867 1710 et
901 1664 984 1713 est
1016 1632 1276 1727 perplexa
1313 1665 1366 1711 et
1389 1632 1726 1724 perturbata,
1783 1664 1835 1708 et

2138 1632 2209 1711 σι.
2242 1657 2474 1725 Λέγουσι
2487 1632 2606 1731 ’γὰρ
2634 1660 2715 1713 ὅτι
2894 1632 3385 1734 μεγαλοπρεπείας,
3411 1632 3513 1736 viiii;
3540 1666 3614 1720 δό-

362 1761 559 1801 rnrsus
584 1749 855 1803 convertit
890 1748 956 1803 ad
1005 1748 1058 1807 id
1090 1749 1234 1820 quod
1267 1760 1351 1805 est
1383 1749 1434 1803 ei
1476 1762 1674 1819 genere
1707 1746 1938 1816 conjun-

361 1843 532 1900 ctum,
568 1836 707 1890 satis
737 1835 944 1897 habens
975 1836 1022 1893 si
1060 1836 1128 1892 de
1165 1851 1231 1892 eo
1262 1836 1407 1909 quod
1439 1845 1522 1892 est
1556 1850 1721 1904 super
1754 1835 1938 1891 omnia

363 1926 467 1983 hoc
502 1926 680 1981 solum
717 1937 1036 1997 cognoscat,
1072 1929 1216 1998 quod
1255 1944 1580 1999 persuasum
1623 1929 1841 1994 habeat,
1882 1928 1936 1985 id

359 2017 697 2087 cssealiqnid
713 2018 859 2072 aliud
883 2033 911 2070 a
936 2029 1130 2074 natura
1154 2035 1344 2076 eorum
1368 2037 1489 2093 quae
1509 2032 1936 2090 cognoscuntur.

360 2105 656 2177 Propterea
681 2108 901 2178 quando
933 2111 1142 2167 venerit
1169 2112 1310 2169 ratio
1334 2120 1389 2166 et
1421 2098 1597 2166 oratio
1625 2111 1692 2166 ad
1725 2127 1787 2168 ea
1818 2123 1940 2181 qum

361 2198 632 2253 rationem
674 2207 958 2270 superant,
1011 2216 1113 2256 nec
1144 2204 1327 2258 verbis
1376 2212 1608 2283 possunt
1655 2203 1939 2274 explicari,

362 2294 497 2345 tunc
520 2299 605 2344 est
636 2297 851 2360 tempus
878 2293 1111 2359 tacendi,
1139 2302 1192 2347 et
1223 2292 1513 2350 ineﬂ'abilis
1554 2295 1702 2353 illius
1732 2303 1944 2355 natura;

364 2380 825 2449 inexplicabilitas
876 2383 1042 2438 habet
1096 2384 1424 2443 miraculum
1472 2384 1526 2438 in
1559 2399 1761 2439 arcano
1809 2399 1943 2439 con-

364 2470 628 2533 scientiae,
665 2473 809 2540 apud
839 2489 964 2527 eum
999 2473 1090 2545 qui
1126 2473 1252 2543 scit,
1285 2473 1428 2543 quod
1451 2474 1615 2527 etiam
1640 2473 1742 2529 viri
1765 2474 1943 2545 magni

363 2560 432 2616 de
448 2560 543 2615 Dei
562 2564 841 2632 operibus.
855 2572 910 2620 et
930 2579 1039 2625 non
1053 2563 1119 2619 de
1135 2563 1243 2618 Deo
1262 2565 1646 2633 loquebantur,
1664 2564 1940 2622 dicentes:

370 2649 537 2716 «Quis
569 2653 823 2723 laquetur
855 2653 1131 2725 potentias
1165 2650 1478 2708 Domini"?
1500 2669 1519 2702 ι
1548 2661 1622 2716 et,
1651 2672 1668 2703 ‹
1698 2652 1945 2709 Narrabo

365 2742 549 2796 omnia
571 2758 735 2811 opera
773 2744 922 2797 tua"
953 2762 966 2797 :
1002 2762 1020 2795 ι
1040 2750 1115 2804 et.
1153 2762 1171 2794 σ
1198 2741 1485 2797 Generatio
1506 2727 1747 2797 laudabit
1780 2757 1946 2813 opera

365 2835 533 2889 tua”.
549 2833 705 2891 illaec
722 2836 911 2889 dicunt
939 2842 993 2889 et
1016 2834 1162 2890 deiis
1180 2834 1482 2898 disserunt,
1500 2841 1554 2889 et
1578 2834 1699 2888 voci
1731 2835 1947 2905 permit.

2040 1741 2157 1812 ξης,
2185 1742 2287 1811 τῆς
2320 1742 2632 1813 ἁγιωσύνης
2665 1742 2853 1811 αὐτοῦ,
2897 1745 2997 1798 οὐκ
3037 1745 3151 1800 ἐστι
3192 1747 3386 1819 πέρας.
3422 1750 3488 1802 ’Ὠ
3530 1750 3615 1803 τοῦ

2038 1832 2340 1904 θαύματοςί
2375 1833 2491 1897 πῶς
2517 1833 2758 1905 ἐφοϐήθη
2789 1837 2857 1907 τῇ
2879 1834 2972 1889 τόῦ
3001 1836 3145 1891 θείου
3186 1837 3467 1908 θαύματος
3497 1839 3612 1909 δόξῃ

2040 1923 2399 1994 προσεγγίσαι
2447 1925 2476 1976 ὁ
2513 1922 2688 1991 λόγος,
2738 1923 2879 1978 ὥστε
2924 1925 3046 1985 οὐδὲ
3085 1926 3195 1979 τῶν
3244 1926 3445 1991 ἔξωθέν
3485 1945 3616 1991 τινος

2041 2012 2427 2085 θεωρουμένων
2450 2012 2508 2065 τὸ
2535 2012 2716 2084 θαῦμα
2758 2014 3081 2091 κατέλαϐεν;
3107 2017 3182 2075 Οὐ
3222 2016 3330 2090 γὰρ
3364 2014 3523 2072 εἶπεν
3546 2021 3618 2073 ὅτι

2040 2106 2138 2175 τῆς
2163 2104 2350 2167 οὐσίας
2377 2103 2470 2157 τοῦ
2499 2104 2634 2159 Θεοῦ
2672 2105 2850 2177 πέρας
2894 2107 2992 2162 οὐκ
3030 2106 3166 2171 ἔστι,
3197 2108 3475 2180 τολμηρὸν
3509 2112 3619 2181 κρί-

2041 2213 2147 2251 νων
2179 2195 2315 2259 ὅλως
2340 2195 2401 2247 τὸ
2432 2196 2512 2258 εἰς
2542 2194 2748 2249 ἔννοιαν
2776 2195 2931 2250 τοῦτο
2964 2196 3169 2261 λαϐεῖν,
3205 2198 3342 2252 ἁλλὰ
3380 2200 3485 2269 τὴν
3514 2202 3620 2254 ἐπι-

2043 2286 2422 2358 θεωρουμένην
2459 2289 2529 2358 τῇ
2564 2285 2689 2363 δόξῃ
2741 2288 3212 2359 μεγαλοπρέπειαν
3254 2290 3528 2367 θαυμάζει
3553 2293 3621 2362 τῷ

2018 2376 2202 2450 “λόγῳ.
2231 2379 2400 2433 Πάλιν
2423 2378 2481 2432 δὲ
2507 2379 2630 2432 οὐδὲ
2656 2380 2828 2447 αὐτῆς
2858 2380 2958 2459 τῆς
2981 2381 3139 2453 δόξης
3163 2384 3260 2453 τὴν
3282 2384 3474 2439 οὐσίαν
3505 2385 3621 2439 ἰδεῖν

2043 2470 2316 2542 ἠδυνήθη·
2354 2469 2490 2523 ἀλλὰ
2527 2470 2626 2543 τῆς
2661 2472 2973 2543 ἁγιωσύνης
3013 2472 3179 2526 αὑτοῦ
3210 2475 3308 2544 τὴν
3341 2474 3501 2541 δόξαν
3546 2476 3621 2541 tg-

2043 2560 2257 2630 επλάγη
2309 2561 2670 2631 κατανοήσας.
2701 2561 2874 2617 Πόσον
2916 2562 3092 2617 τοίνυν
3140 2566 3345 2637 ἀπέσχε
3389 2569 3489 2623 τοῦ
3534 2568 3621 2638 τὴν

2046 2651 2225 2721 φύσιν,
2256 2652 2377 2722 ἥτις
2411 2653 2549 2716 ἐστὶ,
2580 2654 3065 2725 περιεργὰσασθαι,
3106 2652 3165 2723 ὃς
3192 2673 3257 2725 γε
3305 2658 3368 2711 τὸ
3404 2658 3621 2730 ἔσχατον

2045 2742 2153 2799 τῶν
2213 2744 2659 2814 προφαινομένων
2707 2744 2986 2817 θαυμάσαι
3038 2748 3139 2802 οὐκ
3192 2749 3443 2821 ίσχυσενς
3496 2751 3621 2806 Οὔτε

2047 2834 2155 2906 γὰρ
2196 2835 2293 2906 τὴν
2334 2835 2642 2907 ἁγιωσύνην
2674 2836 2839 2890 αὑτοῦ
2886 2837 3211 2910 ἐθαύμασεν,
3255 2839 3377 2894 οὔτε
3411 2821 3513 2911 τὴν
3548 2843 3621 2895 δόο

367 2931 512 2989 tunt,
533 2931 592 2976 ut
611 2924 679 2978 ab
694 2940 757 2978 ea
776 2922 1222 2993 referanturquaa
1252 2923 1393 2976 facta
1425 2929 1575 2978 sunt.
1597 2921 1702 2977 Sed
1728 2939 1843 2994 qum

2143 2946 2146 2962 ν
2171 2924 2271 2993 τῆς
2302 2922 2631 2995 ἁγιωσύνης,
2663 2925 2800 2981 ἁλλὰ
2835 2927 2934 3000 τὴν
2964 2928 3438 3000 μεγαλοπρέπειαν
3468 2933 3619 3001 μόνην

367 3013 436 3066 de
467 3027 533 3067 eo
553 3013 736 3082 agitur
762 3012 909 3083 quod
933 3022 1154 3081 superat
1178 3027 1393 3066 omnem
1419 3011 1619 3065 mentis
1641 3012 1949 3081 conceptio-

367 3118 515 3166 nem,
544 3118 641 3173 per
658 3117 721 3158 ea
747 3119 867 3172 quae
888 3103 1100 3169 dicunt,
1132 3102 1199 3156 de
1220 3102 1437 3157 silentio
1460 3109 1646 3170 aperte
1666 3101 1834 3171 legem
1873 3101 1950 3156 fc-

368 3202 517 3250 runt.
542 3193 741 3247 Dicunt
768 3195 912 3253 enim
931 3212 944 3248 :
961 3192 1388 3265 Magniﬁcentim,
1413 3193 1620 3264 glorise,
1640 3194 1947 3250 sanctitatis

366 3290 490 3360 ejus
524 3303 632 3343 non
665 3299 749 3344 est
790 3287 935 3343 ﬁnis.
967 3287 1012 3343 Ο
1052 3289 1409 3343 miraculum!
1445 3287 1728 3356 Quomodo
1769 3291 1949 3345 timuit

367 3382 543 3436 oratio
575 3386 834 3437 accedere
858 3381 924 3437 ad
951 3381 1180 3453 gloriam
1217 3381 1383 3437 divini
1418 3383 1688 3449 miraculi,
1725 3383 1861 3441 adeo
1889 3394 1949 3443 ut

368 3489 545 3542 neque
568 3473 801 3543 alicujus
817 3489 1004 3531 eorum
1024 3489 1143 3544 quac
1164 3474 1583 3534 considerantur
1604 3475 1947 3535 extrinsecus

368 3565 847 3635 comprehenderit
887 3566 1256 3622 miraculum?
1295 3565 1412 3620 Non
1445 3567 1591 3625 enim
1627 3565 1764 3622 dixit
1803 3583 1816 3617 :
1851 3566 1945 3621 Dei

369 3657 624 3712 essentize
650 3673 756 3710 non
785 3665 871 3713 est
893 3657 1035 3722 ﬁnis;
1059 3656 1239 3711 nimiae
1253 3671 1378 3712 esse
1402 3656 1644 3713 audacia:
1671 3657 1945 3726 judicans,

370 3752 457 3809 vel
490 3752 558 3808 de
586 3767 652 3807 eo
680 3753 944 3823 cogitare;
979 3751 1075 3807 sed
1107 3766 1229 3822 quae
1256 3750 1311 3803 in
1342 3750 1516 3821 gloria
1539 3750 1945 3815 consideratur,

371 3842 815 3903 verbismiratur
847 3839 1334 3912 magniﬁcentiam.
1362 3837 1580 3894 Rursus
1609 3853 1736 3895 vero
1771 3854 1949 3909 neque

372 3932 554 4007 ipsius
585 3932 773 4003 gloriae
797 3929 987 3985 videre
1024 3930 1202 3999 potuit
1231 3929 1531 3984 essentiam
1559 3945 1575 3984 :
1617 3927 1713 3984 sed
1756 3929 1948 3985 obstu-

374 4024 496 4094 puit
524 4038 650 4077 cum
704 4022 1121 4079 considerasset
1166 4021 1395 4091 gloriam
1437 4020 1559 4089 ejus
1610 4020 1943 4079 sanctitatis.

371 4115 650 4187 Quantum
674 4127 804 4184 ergo
836 4111 1012 4189 abfuit
1044 4120 1101 4165 ut
1129 4111 1348 4167 curiose
1381 4116 1670 4181 quaerercl,
1697 4126 1945 4181 qurenam

373 4206 449 4261 sit
475 4212 693 4268 natura,
735 4204 828 4274 qui
869 4203 1120 4261 ultimum
1150 4216 1341 4256 eorum
1369 4216 1492 4271 qua:
1540 4209 1803 4275 appareni
1835 4217 1944 4261 non

2047 3010 2147 3080 τῆς
2178 3010 2336 3080 δόξης
2360 3013 2460 3082 τῆς
2493 3013 2801 3087 ἁγιωσύνης
2842 3014 3119 3085 θαυμάσαι
3153 3018 3508 3089 προθέμενος,
3541 3024 3620 3073 καὶ

2048 3103 2175 3174 περὶ
2198 3103 2258 3155 τὸ
2286 3105 2485 3174 ταύτης
2525 3103 2710 3177 θαῦμα
2756 3107 3037 3178 ὴτόνησεν.
3081 3111 3155 3164 Οὐ
3190 3111 3302 3182 γὰρ
3323 3112 3537 3166 διέλαϐε
3563 3116 3618 3181 τῇ

2045 3190 2252 3263 διανοίᾳ
2280 3193 2372 3247 τοῦ
2403 3194 2818 3267 θαυμαζομένου
2857 3198 2920 3251 τὸ
2964 3199 3154 3271 πέρας.
3196 3202 3289 3255 Διό
3327 3220 3484 3274 φηςιν
3521 3204 3618 3271 Τῆς

2044 3281 2220 3353 δόξης,
2270 3283 2369 3352 τῆς
2420 3285 2912 3357 μεγαλοπρεπείας,
2954 3288 3057 3358 τῆς
3107 3291 3417 3361 ἁγιωσύνης
3466 3291 3617 3346 αὑτοῦ

2045 3377 2143 3429 οὐκ
2183 3375 2329 3431 ἔστιν
2380 3377 2570 3448 πέρας.
2601 3378 2807 3431 Οὐκοῦν
2847 3369 2904 3432 ἐν
2938 3383 3051 3444 τοῖς
3089 3381 3220 3451 περὶ
3256 3383 3390 3436 Θεοῦ
3429 3386 3613 3454 λόγοις.
3646 3434 3654 3439 ,

2045 3467 2171 3520 ὅταν
2205 3468 2302 3539 μὲν
2347 3468 2474 3539 περὶ
2526 3468 2624 3539 τῆς
2665 3470 2908 3542 οὐσίαςὴ
2940 3472 3165 3544 ζήτησις
3201 3475 3279 3551 ᾗ,
3319 3477 3511 3546 καιρὸς
3534 3475 3615 3528 τοῦ

2048 3559 2233 3628 σιγᾷνο
2267 3559 2394 3612 ὅταν
2423 3559 2482 3613 δὲ
2516 3560 2641 3632 περί
2692 3577 2834 3625 τινος
2882 3562 3092 3635 ἀγαθῆς
3138 3566 3438 3636 ἐνεργείας,
3478 3562 3545 3638 ἦς
3586 3568 3611 3632 ἡ

2046 3649 2247 3717 γνῶσις
2273 3651 2367 3703 καὶ
2402 3651 2592 3722 μέχρις
2619 3653 2775 3722 ἡμῶν
2804 3654 3139 3733 καταϐαίνει,
3175 3656 3294 3710 τότε
3322 3657 3501 3711 λαλεῖν
3530 3658 3616 3719 τὰς

2046 3739 2380 3809 δυναστείας,
2406 3742 2750 3813 ἐξαγγέλλειν
2786 3748 2854 3799 τὰ
2895 3746 3178 3825 θαύματα,
3217 3750 3522 3821 διηγεῖσθαι
3556 3751 3613 3804 τὰ

2047 3830 2205 3904 ἔργα,
2235 3833 2425 3909 μέχρις
2449 3834 2640 3887 τούτου
2675 3836 2976 3909 κεχρῆσθαι
3004 3838 3081 3908 τῷ
3108 3840 3272 3911 λόγῳ.
3318 3842 3406 3896 Ἐν
3433 3844 3488 3899 δὲ
3516 3845 3613 3902 τοῖς

2047 3924 2188 3995 ὑπὲρ
2208 3924 2465 3982 ἐπέκεινα
2487 3925 2562 3994 μὴ
2592 3925 2797 3994 ἐφιέναι
2820 3929 2884 4004 τῇ
2914 3928 3089 3982 κτίσει
3121 3930 3247 3994 τοὺς
3288 3931 3452 3996 ἰδίους
3473 3934 3613 4004 ὅρους

2047 4014 2336 4078 ἐκϐαίνειν,
2366 4014 2477 4095 ἀλλ’
2511 4016 2728 4086 ἀγαπᾷν
2760 4018 2810 4071 εἰ
2838 4018 3035 4092 ἑαυτὴν
3064 4019 3200 4091 εἰδῇ.
3235 4021 3301 4076 El
3336 4022 3488 4077 οὔπω
3517 4022 3611 4090 γὰρ

2047 4106 2207 4175 ἔγνω,
2240 4108 2380 4165 κατὰ
2406 4124 2469 4176 γε
2508 4108 2596 4161 τὸν
2632 4108 2895 4181 ἡμέτερον
2933 4103 3110 4185 λόγον,
3147 4112 3347 4184 ἑαυτὴν
3376 4116 3410 4186 ἡ
3436 4114 3608 4174 κτίσις.

2046 4199 2165 4253 οὐδὲ
2198 4199 2492 4263 κατέλαϐεν
2515 4200 2603 4254 οἷα
2631 4201 2729 4272 τῆς
2762 4200 2939 4277 ψυχῆς
2973 4204 3005 4273 ἡ
3045 4203 3220 4269 οὐσία,
3257 4205 3355 4258 τοῦ
3387 4209 3608 4276 σώματος

374 4297 554 4368 potuit
579 4294 840 4351 admirari
867 4294 879 4347 !
905 4292 1091 4364 Neque
1115 4292 1262 4348 enim
1307 4292 1427 4362 ejus
1460 4293 1812 4351 sanctitatem

2130 4290 2294 4361 ρύσις,
2325 4291 2487 4346 πόθεν
2514 4292 2581 4345 τὰ
2614 4292 2762 4355 ὅντα,
2796 4294 2958 4347 πόθεν
3002 4295 3061 4360 ἐξ
3092 4294 3338 4367 ἀλλήλων
3366 4294 3606 4366 γενέσεις.

371 4386 700 4451 admiratus,
756 4401 931 4456 neque
986 4384 1216 4457 gloriam
1275 4383 1611 4449 sanctitatis,
1667 4382 1764 4440 sed
1817 4397 1944 4443 cum

376 4478 691 4541 sanctitatis
711 4476 883 4530 solam
906 4471 1009 4528 sibi
1025 4474 1395 4542 proposuisset
1415 4471 1670 4527 admirari
1695 4475 1946 4547 magum-

374 4568 638 4633 centiam,
674 4566 839 4623 etiam
881 4566 950 4620 ad
984 4581 1105 4621 eam
1143 4564 1526 4624 admirandam
1551 4566 1697 4625 vires
1729 4566 1950 4627 fuerunt

374 4658 685 4717 imbecillaa.
703 4657 824 4731 Non
844 4658 988 4713 enim
1006 4656 1423 4728 comprehendit
1439 4656 1771 4727 cogitatione
1786 4658 1946 4714 tinem

373 4749 496 4823 ejus
519 4749 666 4821 quod
689 4750 1010 4807 admiratur.
1052 4749 1192 4805 Dicit
1229 4749 1439 4818 itaque:
1458 4749 1677 4817 Gloria),
1701 4750 1949 4829 magniﬁ-

370 4844 590 4910 centiae,
613 4842 925 4907 sanctitatis
948 4842 1069 4911 ejus
1094 4857 1202 4899 non
1223 4849 1308 4897 est
1336 4840 1478 4897 ﬁnis.
1498 4841 1557 4894 In
1582 4839 1652 4898 iis
1674 4856 1804 4911 ergo
1828 4857 1950 4910 quae

374 4934 443 4991 de
474 4933 585 4997 Deo
614 4932 897 4997 dicuntur,
944 4930 1167 5005 quando
1212 4929 1477 5001 quaeritur
1504 4930 1727 4999 quidem
1762 4931 1831 4986 de
1861 4947 1950 4988 es-

375 5026 573 5092 sentia,
606 5035 692 5082 est
722 5036 937 5097 tempus
968 5024 1207 5083 tacendi.
1236 5023 1465 5091 Quando
1497 5031 1679 5081 autem
1706 5023 1773 5078 de
1804 5024 1947 5081 bona

2049 4381 2163 4446 πῶς
2200 4382 2260 4435 τὸ
2300 4383 2373 4454 μὴ
2410 4381 2467 4439 ὃν
2509 4382 2803 4444 οὐσιοῦται,
2845 4384 2964 4447 πῶς
3003 4384 3063 4439 τὸ
3111 4383 3171 4438 δν
3210 4387 3291 4450 είς
3331 4385 3397 4441 τὸ
3449 4387 3519 4459 μὴ
3557 4384 3610 4436 ὂν

2048 4473 2358 4539 ἀναλύεται,
2396 4474 2480 4536 τίς
2525 4474 2559 4543 ἡ
2608 4475 2673 4528 ὲκ
2713 4473 2820 4526 τῶν
2851 4475 3105 4531 ἐναντίων
3134 4476 3276 4529 κατὰ
3307 4476 3402 4531 τὸν
3435 4477 3611 4543 κόσμον

2047 4564 2233 4618 τοῦτον
2270 4564 2620 4634 εὐαρμοστία·
2667 4566 2716 4617 εἰ
2758 4565 2958 4638 ἑαυτὴν
2993 4569 3027 4637 ἡ
3062 4568 3236 4629 κτίσις
3264 4567 3367 4621 οὐκ
3408 4563 3529 4628 οἶδε,
3554 4564 3611 4615 τὰ

2050 4654 2187 4725 ὑπὲρ
2231 4652 2428 4724 ἑαυτὴν
2464 4652 2580 4717 πῶς
2634 4654 2990 4725 διηγήσεται;
3043 4654 3251 4713 Οὐκοῦν
3305 4657 3490 4726 καιρὸς
3531 4652 3610 4705 τοῦ

2053 4744 2224 4799 ταῦτα
2249 4745 2431 4814 σιγᾷν
2474 4743 2733 4814 κρείττων
2760 4744 2867 4814 γὰρ
2897 4745 2955 4797 ἐν
2979 4743 3185 4808 τούτοις
3211 4745 3243 4815 ἡ
3277 4747 3471 4815 σιωπή.
3496 4744 3610 4796 Και-

2059 4837 2148 4909 ρὸς
2175 4836 2231 4889 δὲ
2262 4834 2353 4888 τοῦ
2384 4834 2584 4899 λαλεῖν,
2623 4835 2689 4888 δι’
2729 4826 2803 4891 ὧν
2849 4837 2878 4889 ὁ
2923 4836 3036 4905 βίος
3069 4835 3226 4908 ἡμῶν
3268 4837 3405 4907 πρὸς
3431 4832 3610 4906 ἀρετὴν

2004 4940 2009 4945 ·
2055 4928 2379 4993 ἐπιδίδωσιν,
2416 4928 2473 4985 ἐν
2507 4926 2728 4998 Χριστῷ
2762 4927 2935 4998 Ἰησοῦ
2970 4928 3047 4999 τῷ
3092 4928 3283 5005 Κυρίῳ
3324 4929 3496 4999 ἡμῶν,
3521 4919 3608 4992 ᾧὴ

2052 5022 2176 5089 δόξα
2197 5024 2290 5079 καὶ
2304 5021 2365 5075 τὸ
2383 5021 2581 5090 κράτος
2601 5021 2678 5082 είς
2698 5019 2823 5085 τοὺς
2841 5019 3042 5085 αἰῶνας
3056 5019 3163 5072 τῶν
3186 5019 3415 5076 αἰώνων.
3435 5018 3606 5088 Ἀμήν.

376 5120 557 5189 aliqua
611 5119 953 5188 operatione,
993 5117 1156 5187 cujus
1194 5117 1437 5188 cognitio
1481 5116 1551 5179 ad
1592 5131 1694 5179 nos
1749 5132 1923 5187 usque
1957 5115 2261 5176 descendit,
2308 5121 2440 5169 tunc
2497 5120 2713 5185 tempus
2765 5120 2851 5166 est
2898 5111 3153 5182 loquendi
3206 5110 3497 5182 potentias.
3531 5121 3609 5159 au-

376 5209 662 5265 uuntiandi
719 5209 1015 5277 miracula,
1081 5206 1341 5265 narrandi
1401 5221 1600 5277 opera,
1662 5206 1933 5265 hactenus
1974 5205 2163 5261 utendi
2207 5216 2481 5260 sermone.
2534 5199 2590 5255 In
2661 5200 2729 5257 iis
2786 5213 2968 5256 autem
3038 5196 3161 5275 quae
3202 5201 3295 5256 illa
3348 5202 3605 5268 superant.

379 5318 487 5360 non
535 5312 622 5359 est
654 5305 1075 5374 permittendum
1111 5309 1381 5359 creatura:
1419 5310 1480 5355 ut
1554 5316 1687 5357 suos
1761 5303 2023 5359 terminos
2062 5308 2305 5370 superet,
2363 5295 2458 5351 scd
2511 5296 2560 5350 ei
2606 5294 2766 5349 debet
2814 5292 3063 5349 sullicere
3102 5294 3151 5349 'si
3193 5295 3429 5364 seipsam
3459 5286 3605 5383 ηοτξξ.

376 5392 512 5452 Nam
556 5393 602 5447 si
651 5394 891 5448 nondum
927 5397 1190 5461 scipsatn,
1251 5402 1311 5447 ut
1357 5403 1543 5448 nostra
1594 5390 1813 5465 quidem
1850 5393 1954 5448 fert
1995 5391 2200 5460 opinio,
2246 5387 2398 5444 novit
2459 5392 2736 5446 creatura,
2809 5400 2984 5454 neque
3012 5383 3427 5457 comprehendit
3451 5376 3604 5452 quali!

450 5576 495 5609 ³⁸
522 5574 670 5631 Psal.
705 5594 787 5643 εγ,
822 5580 876 5630 2.
949 5580 989 5607 ³τ
1034 5574 1177 5633 l‘sal.
1212 5594 1285 5645 ix,
1320 5579 1372 5630 2.
1454 5580 1494 5609 3"
1520 5578 1663 5634 Psal.
1694 5594 1868 5641 ωιιν,
1898 5577 1946 5630 ί.
