3752 5984
172 193 295 249 75⁸5
1216 206 1283 263 ΙΝ
1322 206 1856 267 ECCLESIASTEN.
1886 208 2175 265 HOMILIA
2220 208 2350 263 Vlil.
3335 208 3437 264 734

170 307 262 397 sit
306 308 506 366 anima:
535 313 800 378 essentia,
850 315 1028 382 qualis
1075 326 1271 379 natura
1318 322 1590 388 corporis,
1628 321 1773 381 unde
1810 328 1941 377 sunt
1976 337 2041 376 ea
2078 337 2200 391 quae
2265 328 2415 383 sunt,
2469 318 2739 397 undenam
2785 325 2989 374 mutua:
3011 332 3078 372 ex
3109 332 3169 371 se
3203 317 3437 372 invicem

175 394 321 450 ίίθιιι
363 401 771 465 generationes.
809 419 918 474 quo
963 418 1128 475 pacto
1172 410 1319 478 quod
1386 426 1496 466 non
1565 418 1652 465 est
1718 409 2090 469 substantiam
2162 409 2419 477 accipiat,
2452 394 2913 476 quemadmodum
2944 406 2998 462 id
3042 406 3188 476 quod
3215 413 3323 470 est,
3380 403 3439 460 in

172 488 418 560 idquod
458 509 565 548 non
600 504 686 550 est
722 492 1069 560 resolvatur:
1112 519 1364 572 quaenam
1397 506 1474 561 sit
1543 521 1608 561 ex
1660 506 1958 567 contrariis
2025 509 2079 563 in
2150 505 2258 561 hoc
2289 505 2499 561 mundo
2532 504 2799 558 continua
2844 503 3173 572 compositio
3211 521 3226 557 :
3267 503 3315 557 si
3352 516 3443 559 se-

175 583 361 652 ipsam
391 603 500 643 non
532 593 686 649 novit
710 602 985 661 creatura,
1018 613 1140 667 quae
1171 616 1339 671 supra
1374 603 1609 670 seipsam
1649 612 1777 657 sunt
1816 601 2093 672 quomodo
2122 600 2442 656 enarrabit?
2463 599 2702 668 Tempus
2736 604 2822 652 est
2848 611 2979 666 ergo
3039 597 3155 652 haec
3190 595 3432 650 tacendi.

174 673 248 727 lu
281 676 366 732 bis
410 679 557 733 enim
602 681 799 739 melius
839 693 924 740 est
970 687 1283 745 silentium:
1327 698 1542 761 tempus
1597 700 1779 749 autem
1814 701 1901 749 est
1954 707 2022 747 ea
2070 689 2351 761 loquendi,
2408 704 2506 759 per
2573 704 2695 758 quae
2741 688 2847 741 vita
2910 696 3097 741 nostra
3136 685 3195 740 in
3239 686 3442 743 virtuts

170 771 386 915 :ccipit
455 774 894 843 incrementum,
946 779 1018 835 in~
1063 782 1285 839 Christo
1343 783 1474 841 Iesu
1531 783 1764 842 Domino
1802 792 2015 848 nostro,
2044 785 2135 840 cui
2162 785 2335 856 gloria
2360 791 2414 839 et
2445 782 2683 853 potentia
2746 781 2804 836 in
2863 780 3062 839 saecula
3088 779 3437 855 saeculortun.

237 877 384 915 inen.

237 877 384 919 IIIOII.

2414 953 2702 1013 HOMILIA
2741 954 2877 1012 VIII.

1934 1049 2066 1105 Car.
2100 1047 2189 1114 Ill,
2220 1063 2273 1102 v.
2296 1048 2351 1100 8.
2399 1066 2417 1099 ι
2455 1046 2696 1117 Tempus
2727 1047 2967 1107 amandi.
2999 1055 3055 1103 et
3075 1040 3291 1117 kmpus
3310 1046 3439 1104 odio

799 959 1043 1016 OMIAIA
1088 961 1172 1013 Ην.
1425 1016 1433 1023 ,
1788 970 1840 1028 Α

257 1044 401 1113 Κεφ.
443 1051 512 1114 γ’,
560 1048 701 1118 στίχ.
735 1048 804 1119 η’.
854 1078 923 1090 -
977 1069 996 1102 ι
1025 1052 1228 1121 Καιρὸς
1255 1053 1347 1106 τοῦ
1383 1054 1630 1125 φιλῆσαι,
1665 1054 1760 1109 καὶ

171 1137 380 1210 καιρὸς
405 1137 498 1192 τοῦ
526 1129 775 1209 μισῆσαι.
792 1158 810 1190 ι
832 1139 929 1202 Τίς
955 1139 1064 1211 ἄρα
1092 1140 1264 1205 οὕτως
1292 1141 1444 1198 ἔσται
1468 1145 1566 1215 τὴν
1592 1144 1762 1215 ἀκοὴν

168 1225 618 1298 κεκαθαρμένος.
651 1228 793 1283 ὥστε
815 1230 1074 1299 καθαρῶς
1097 1231 1351 1298 δέξασθαι
1382 1234 1474 1288 τὸν
1502 1235 1632 1305 περὶ
1665 1233 1760 1290 τοῦ

169 1316 410 1389 φιλῆσαι
453 1320 647 1388 λόγον,
694 1321 859 1390 μηδὲν
907 1321 1008 1391 τῆς
1056 1324 1307 1393 ρυπαρᾶς
1360 1323 1541 1393 φιλίας
1582 1324 1763 1396 ἑαυτῷ

168 1412 641 1483 συνεισφέροντας
667 1414 819 1484 Τάχα
843 1414 937 1467 καὶ
953 1414 1022 1467 τὰ
1040 1416 1285 1486 ἡμέτερα
1307 1409 1421 1469 ὦτα
1442 1416 1632 1487 χρῄζει
1653 1418 1763 1475 τῶν

164 1495 468 1551 δακτύλων
523 1498 697 1569 Ἰησοῦ
722 1538 740 1563 ,
789 1501 876 1555 ἵνα
925 1500 1012 1556 διὰ
1056 1503 1156 1570 τῆς
1207 1503 1357 1566 θείας
1401 1505 1616 1574 ἐπαφῆς
1664 1505 1760 1558 τοῦ

167 1586 445 1657 ἀληθινοῦ
473 1587 671 1656 Λόγου,
713 1589 1049 1662 ὲλευθερωθῇ
1082 1593 1281 1656 παντὸς
1311 1594 1508 1665 ῥύπου,
1539 1594 1632 1649 τοῦ
1661 1594 1760 1667 τὴν

164 1676 356 1747 ἀκοὴν
388 1678 814 1748 ὲμφράσσοντος,
858 1682 892 1751 ἡ
937 1681 1232 1753 ἀκουστικὴ
1258 1684 1357 1752 τῆς
1385 1684 1562 1755 ψυχῆς
1601 1685 1760 1754 ἡμῶν

163 1766 451 1837 δύναμιςο
494 1768 634 1822 ὥστε
678 1772 773 1824 καὶ
817 1771 1057 1829 συνιέναι
1102 1774 1203 1843 τὴν
1247 1774 1533 1845 ἐπαινετὴν
1558 1775 1757 1843 φιλίαν,

168 1859 280 1911 καὶ
302 1862 367 1928 τῇ
393 1859 533 1931 ψυχῇ
567 1861 989 1931 παραδέξασθαι,
1020 1864 1104 1928 τίς
1132 1865 1161 1916 ὀ
1186 1865 1376 1936 καιρὸς
1392 1866 1485 1919 τοῦ
1509 1866 1756 1935 φιλῆσαι,

166 1949 279 2002 καὶ
313 1951 397 2013 τίς
420 1952 448 2003 ὀ
473 1951 661 2021 καιρὸς
698 1952 791 2006 τοῦ
829 1955 1074 2029 μισῆσαι.
1122 1956 1237 2008 Οὐκ
1265 1952 1418 2025 οἶμαι
1450 1955 1635 2010 τοῦτον
1666 1956 1761 2011 ἄλο

165 2038 271 2091 λον
297 2034 434 2092 εἶναι
463 2041 653 2111 καιρὸν
683 2041 820 2113 πλὴν
849 2042 943 2105 τοῦ
987 2046 1372 2116 συμφέροντος.
1434 2048 1497 2100 Ἦ
1525 2048 1634 2117 γάρ
1664 2047 1757 2115 ἀφ’

165 2130 448 2200 ἑκατέρου
481 2132 684 2185 τούτων
713 2132 970 2200 ὠφέλεια,
1002 2134 1145 2187 κατά
1171 2151 1235 2201 γε
1267 2136 1366 2205 τὴν
1386 2135 1523 2213 ἐμὴν
1553 2137 1753 2208 κρίσιν,

163 2223 203 2291 ἡ
246 2222 504 2293 εὐκαιρία
548 2223 647 2294 τῆς
685 2225 930 2294 χρήσεως
956 2225 1279 2297 ἀμφοτέρων
1309 2227 1489 2283 ἐστίν*
1532 2228 1608 2291 ὡς
1641 2230 1755 2297 εἴγε

164 2313 290 2377 ἔξω
333 2312 433 2364 τοῦ
456 2313 852 2378 λυσιτελοῦντος
878 2315 1112 2384 γίνοιτο,
1162 2317 1267 2381 ἔξω
1313 2319 1379 2371 ἂν
1411 2320 1494 2389 εἴη
1542 2320 1755 2379 καὶτοῦ
1791 2310 1828 2363 Β

165 2403 377 2474 καιροῦ
423 2406 485 2458 τὸ
529 2406 811 2477 γινόμενον
840 2424 855 2443 ν
889 2408 1151 2480 πρότερον
1191 2409 1248 2462 δὲ
1292 2410 1411 2480 μὲν,
1440 2407 1616 2482 οἶμαι,
1648 2414 1753 2484 χρὴ

162 2496 377 2564 νοῆσαι
418 2496 526 2548 τῶν
557 2496 652 2549 δύο
693 2497 896 2553 τούτων
933 2501 1193 2570 ῥημάτων
1228 2501 1290 2553 τὸ
1335 2504 1752 2573 σημαινόμενον,

165 2585 276 2638 τοῦ
308 2587 529 2657 φιλῆσαι
551 2587 693 2656 λέγω
722 2588 816 2641 καὶ
846 2589 943 2643 τοῦ
969 2591 1216 2660 μισῆσαι,
1247 2592 1311 2646 ἵν’
1339 2593 1511 2656 οὕτως
1538 2595 1633 2648 καὶ
1653 2595 1753 2666 τὴν

162 2676 435 2748 εὔκαιρον
491 2679 671 2732 αὐτῶν
726 2682 921 2751 χρῆσιν
983 2680 1061 2751 τῷ
1110 2682 1251 2754 λόγῳ
1307 2687 1749 2754 κατανοήσωμεν.

165 2767 404 2837 Φίλτρυν
436 2768 585 2820 ἐστὶν
615 2770 648 2839 ἡ
677 2769 977 2833 ἐνδιάθετος
1010 2771 1136 2841 περὶ
1173 2771 1232 2824 τὸ
1260 2772 1594 2843 καταθύμιον
1633 2774 1755 2844 σχέο

166 2874 269 2921 σις
295 2858 363 2911 δι’
393 2859 590 2929 ἡδονῆς
617 2861 710 2913 καὶ
735 2861 1104 2931 προσπαθείας
1132 2864 1498 2933 ἐνεργουμένη
1533 2881 1547 2894 ⁸
1597 2868 1752 2935 μῖσος

162 2950 227 3002 δὲ
266 2950 297 3020 η
328 2949 463 3019 πρὸς
495 2951 559 3007 τὸ
580 2951 737 3022 ἀηδὲς
763 2945 1112 3023 άλλοτρίωσις
1145 2956 1294 3025 καὶή
1329 2956 1422 3008 τοῦ
1458 2955 1753 3021 λυποῦντος

163 3039 517 3112 ἀποστροφή.
569 3043 721 3095 Ἔστι
747 3043 803 3095 δὲ
834 3043 1037 3096 τούτων
1064 3045 1299 3117 ἑκατέρᾳ
1327 3045 1434 3099 τῶν
1459 3046 1752 3100 διαθέσεων

167 3131 274 3182 καὶ
299 3128 589 3197 λυσιτελῶς
624 3133 714 3186 καὶ
745 3135 837 3186 ἐπὶ
883 3133 991 3189 τῶν
1018 3136 1271 3191 ἐναντίων
1300 3136 1628 3205 χρήσασθαι,
1659 3139 1753 3191 καὶ

166 3221 372 3292 ὥσπερ
420 3223 526 3284 πᾶς
566 3223 594 3274 ὁ
641 3224 760 3276 κατ’
798 3224 996 3295 ἀρετὴν
1029 3225 1141 3295 βίος
1170 3226 1417 3279 ἐντεῦθεν
1454 3227 1553 3298 τὴν
1580 3227 1752 3298 ἀρχὴν

167 3311 312 3382 ἔχει.
356 3312 526 3365 Ὅπου
566 3312 673 3385 γὰρ
707 3313 772 3366 ἂν
793 3302 876 3385 ’τῇ
911 3315 1099 3389 ἀγάπῃ
1133 3316 1404 3386 ῥέᾴωμεν.
1434 3320 1607 3371 έκεῖνο
1634 3321 1753 3382 ταῖς

165 3403 381 3475 ψυχαῖς
421 3404 767 3476 οἰκειούμεθα
790 3445 806 3470 ,
859 3407 952 3460 καὶ
998 3408 1134 3478 πρὸς
1168 3409 1304 3479 ὅπερ
1339 3408 1405 3462 ἂν
1451 3409 1754 3480 μισητικῶς

168 3488 533 3567 διατεθῶμεν,
566 3496 752 3583 τούτου
800 3496 1243 3570 ἀλλοτριούμεθα.
1302 3501 1425 3554 lifts
1470 3502 1579 3573 γὰρ
1618 3502 1752 3573 πρὸς

167 3588 235 3641 τὸ
262 3587 451 3652 καλὸν,
499 3586 794 3665 εῐτέήπρὸς
826 3590 884 3643 τὸ
928 3592 1094 3646 κακὸν
1126 3595 1157 3662 ἡ
1187 3593 1287 3661 τῆς
1316 3591 1494 3662 ψυχῆς
1532 3592 1753 3663 γένηται

172 3681 385 3750 σχέσις,
415 3681 806 3751 κατακιρνᾶταί
851 3698 965 3745 πως
1002 3686 1067 3755 τῇ
1098 3685 1243 3755 ψυχῇ
1278 3684 1340 3737 τὸ
1368 3685 1752 3754 ἀγαπώμενον.

172 3772 244 3823 Ὅ
271 3788 330 3823 τι
357 3770 404 3825 δ’
424 3770 501 3823 ἂν
525 3772 612 3841 εἴη
640 3774 733 3824 καὶ
762 3775 897 3843 ὅπερ
928 3774 994 3828 ἂν
1024 3775 1354 3847 παρεμπέσῃ
1385 3776 1473 3829 διὰ
1503 3776 1667 3846 μέσου
1696 3776 1757 3831 τὸ

175 3864 361 3932 μῖσος.
391 3862 582 3915 τούτου
617 3862 708 3915 τὸν
754 3866 1032 3936 χωρισμὸν
1065 3867 1487 3937 κατειργάσατο,
1514 3868 1624 3921 εἴτε
1657 3868 1754 3923 τοῦ

173 3950 370 4017 καλοῦ,
420 3952 530 4005 εετε
583 3953 676 4007 τοῦ
725 3957 986 4026 χείρονος.
1037 3957 1247 4011 Οὐκοῦν
1285 3959 1644 4012 ἐπισκεπτέον
1684 3959 1757 4013 κᾶν

172 4044 287 4114 εἴη.
324 4043 377 4095 τί
408 4043 507 4113 μὲν
549 4046 853 4116 ἀγαπητὸν,
877 4048 930 4099 τί
964 4046 1021 4105 δὲ
1049 4048 1271 4118 μισητόν
1304 4048 1428 4102 εστι
1467 4051 1532 4119 τῇ
1575 4048 1755 4118 φύσει,

172 4135 251 4198 ὡς
284 4135 354 4189 ἂν
385 4136 443 4190 ὲν
474 4137 647 4207 καιρῴ
678 4140 744 4209 τῇ
777 4138 1000 4210 τοιαυτῃ
1029 4140 1128 4209 τῆς
1155 4139 1332 4210 ψυχῆς
1357 4140 1594 4197 διαθέσει
1620 4157 1758 4211 χρη-

175 4225 440 4295 σάμενοι,
489 4225 598 4278 τῶν
644 4244 705 4279 τε
752 4226 938 4282 κακῶν
983 4227 1253 4297 ἀλλότριοι
1301 4227 1389 4280 διὰ
1435 4226 1529 4279 τοῦ
1568 4228 1758 4297 μίσους

174 4316 472 4388 γενοίμεθα
506 4318 599 4372 καὶ
629 4321 692 4389 τῇ
724 4318 883 4388 φῦσει
908 4318 1018 4373 τῶν
1044 4318 1263 4386 ἀγαθῶν
1291 4318 1752 4391 συγκραθείημεν.

176 4407 292 4463 Καὶ
329 4406 442 4460 εἴθε
486 4407 644 4461 τοῦτο
676 4408 781 4479 πρὸ
807 4408 1023 4463 πάντων
1067 4409 1101 4478 ἡ
1134 4407 1240 4471 τῶν
1265 4406 1565 4478 ἀνθρώπων
1597 4409 1755 4461 ἐπαι-

172 4499 363 4552 δεύετο
392 4499 573 4570 φύσις,
609 4503 688 4569 είς
712 4500 811 4571 τὴν
840 4500 933 4555 τοῦ
968 4499 1132 4560 καλοὖ
1161 4499 1324 4567 λέγω,
1354 4498 1447 4553 καὶ
1479 4497 1554 4569 μὴ
1582 4498 1754 4552 τοιού-

174 4607 271 4643 του
312 4589 617 4663 διάκρισινε
648 4590 723 4643 Οὐ
758 4590 865 4662 γὰρ
898 4589 964 4644 ἂν
994 4589 1150 4660 ἔσχεν
1192 4588 1423 4660 πάροδον
1472 4587 1617 4641 κατὰ
1657 4588 1758 4657 τῆς

177 4680 326 4752 ζωῆς
354 4681 512 4754 ημῶν
538 4681 606 4734 τὰ
632 4681 799 4751 πάθη,
828 4684 876 4735 εί
899 4681 957 4745 ἐξ
985 4682 1157 4753 ἀρχῆς
1185 4680 1246 4733 τὸ
1267 4679 1429 4732 καλὸν
1458 4678 1757 4749 ἐγνωρίσα-

181 4791 302 4843 μεν.
348 4773 484 4826 Novi.
515 4772 571 4826 δὲ
600 4774 696 4844 τὴν
726 4773 920 4841 ἄλογον
948 4772 1200 4841 αἴσθησιν
1231 4770 1325 4825 τοῦ
1356 4769 1521 4823 καλοῦ
1564 4772 1751 4847 κριτή-
1800 4810 1805 4815 .

183 4883 297 4935 ριον
324 4864 473 4935 παρὰ
509 4866 607 4935 τὴν
633 4865 856 4939 πρώτην
887 4864 1217 4935 ποιούμενοι.
1256 4880 1379 4918 συντ
1390 4862 1663 4934 ρεφόμεθα
1688 4865 1755 4932 τῇ

1863 1142 2124 1198 habendi.
2163 1160 2183 1195 ι
2246 1140 2384 1207 Quis
2438 1139 2544 1195 erit
2585 1139 2723 1195 adeo
2768 1139 3018 1209 purgatis
3073 1140 3320 1204 auribus,
3376 1148 3438 1193 ut

1862 1249 2000 1304 pure
2029 1234 2265 1303 accipiat
2293 1233 2344 1287 id
2391 1232 2537 1302 quod
2575 1230 2782 1287 dicitur
2820 1230 2886 1287 de
2920 1230 3176 1294 amando,
3208 1231 3435 1287 obsceni

1862 1324 2070 1385 amoris
2101 1322 2474 1379 nihil‘secum
2510 1320 2781 1376 aﬁ‘erens?
2814 1319 3072 1375 Fortasse
3114 1327 3294 1373 autem
3337 1335 3438 1375 no-

1862 1423 1990 1472 strae
2011 1430 2176 1470 aures
2204 1429 2343 1484 opus
2364 1413 2564 1467 habent
2588 1412 2775 1482 digitis
2802 1410 2956 1475 Jesu,
2992 1420 3048 1466 ut
3075 1426 3172 1481 per
3191 1410 3434 1465 divinum

1865 1504 2026 1561 Verbi
2060 1511 2376 1562 contactum
2403 1501 2475 1557 ab
2504 1503 2652 1557 omni
2685 1500 2866 1567 sorde,
2908 1518 3030 1573 quae
3063 1503 3306 1557 obstruit
3331 1514 3436 1555 au-

1864 1597 2061 1659 ditum.
2096 1596 2365 1652 liberetur
2390 1594 2474 1650 vis
2503 1593 2762 1650 audiendi
2789 1601 2991 1650 nostra:
3019 1593 3216 1655 animae
3249 1611 3263 1646 :
3298 1603 3355 1647 ut
3383 1602 3438 1647 et

1864 1686 2192 1751 laudabilem
2249 1686 2516 1756 intelligat
2569 1699 2836 1748 amorem,
2883 1691 2939 1739 et
2973 1684 3156 1738 anima
3202 1682 3437 1753 accipiat

1860 1778 2138 1848 quodnam
2170 1777 2243 1832 sit
2285 1785 2502 1845 tempus
2529 1774 2775 1837 amandi,
2819 1781 2875 1828 et
2917 1772 3066 1843 quod
3106 1773 3179 1827 sit
3219 1779 3436 1842 tempus

1860 1870 1986 1925 odio
2009 1868 2263 1925 habendi.
2284 1864 2401 1922 Non
2422 1875 2552 1935 puto
2571 1872 2752 1921 autem
2778 1864 2882 1919 hoc
2904 1861 3050 1918 aliud
3077 1878 3200 1918 esse
3219 1871 3436 1931 tempus

1859 1969 2222 2032 praeterquam
2275 1958 2398 2028 ejus
2438 1958 2586 2026 quod
2641 1956 2923 2013 est'ntile.
2983 1955 3118 2021 Qum
3162 1954 3311 2009 enim
3365 1969 3435 2009 ex

1860 2063 2095 2121 utroque
2122 2065 2312 2106 eorum
2357 2048 2577 2118 capitur
2606 2047 2837 2111 utilitas,
2885 2062 3006 2100 meo
3036 2045 3255 2115 quidem
3288 2043 3437 2115 judi-

1857 2145 2073 2208 cio,est
2124 2143 2410 2197 amborum
2455 2156 2590 2197 usus
2638 2139 3044 2209 Opportunitas.
3093 2136 3232 2190 Nam
3275 2137 3325 2192 si
3361 2137 3438 2191 ita

1860 2234 1976 2299 ﬁat,
2021 2240 2081 2288 ut
2124 2232 2198 2289 sit
2251 2238 2520 2287 remotmn
2581 2231 2650 2284 ab
2698 2231 2956 2294 utilitate,
3019 2239 3173 2282 extra
3218 2235 3439 2297 tempus
3500 2254 3509 2265 ι

1858 2324 2024 2386 etiam
2072 2321 2239 2379 fuerit
2274 2322 2327 2381 id
2366 2320 2514 2390 quod
2564 2320 2646 2376 (it.
2683 2320 2859 2389 Atque
2908 2319 3066 2388 prius
3092 2318 3337 2387 quidem,
3376 2326 3440 2372 ut

1859 2414 2075 2483 Opinor,
2109 2412 2520 2482 intelligendum
2549 2421 2636 2467 est
2665 2411 3034 2481 significatum
3063 2410 3261 2464 horum
3298 2409 3439 2463 duo-

1858 2523 1981 2569 rum
2011 2506 2328 2569 verborum,
2363 2504 2608 2567 amandi,
2641 2504 2955 2574 inquam,et
2985 2503 3231 2562 odiendi.
3261 2510 3324 2557 ut
3354 2503 3438 2558 sic

1859 2599 2026 2659 etiam
2057 2604 2430 2666 oppertunum
2462 2610 2655 2651 eorum
2688 2609 2849 2651 usum
2891 2594 3078 2649 verbis
3115 2593 3434 2651 considere-

1859 2703 2004 2749 mus.
2036 2686 2205 2743 Amor
2227 2693 2314 2743 est
2343 2685 2680 2741 intrinsecus
2707 2684 2874 2741 insita
2906 2683 2961 2739 in
2992 2683 3045 2739 id
3076 2682 3225 2752 quod
3252 2682 3439 2738 animo

1858 2787 1942 2843 est
1957 2777 2287 2847 jucundum,
2323 2775 2609 2837 habitudo.
2632 2789 2868 2845 operans
2899 2789 2997 2843 per
3018 2774 3355 2842 voluptatem
3383 2781 3439 2827 et

1858 2865 2532 2939 delectationemuOdimn
2583 2875 2765 2920 autem
2822 2872 2907 2920 est
2953 2864 3214 2919 alienatio
3257 2864 3326 2918 ab
3371 2878 3440 2918 eo

1858 2956 2005 3031 quod
2049 2963 2135 3013 est
2175 2955 2559 3023 injucundum,
2589 2964 2642 3008 et
2687 2954 2903 3009 aversio
2938 2952 3008 3007 ab
3035 2966 3102 3007 eo
3132 2951 3278 3022 quod
3322 2966 3439 3009 mo.

1858 3050 2015 3113 lestia
2049 3048 2234 3107 allicit.
2272 3045 2573 3103 Possumus
2607 3055 2788 3103 autem
2826 3055 3061 3111 utraque
3085 3045 3278 3100 harum
3303 3041 3437 3105 affe-

1858 3141 2105 3200 ctionum
2147 3147 2203 3197 et
2259 3138 2469 3193 utiliter
2514 3137 2618 3197 uti,
2667 3145 2721 3190 et
2749 3148 2961 3198 contra.
3023 3145 3078 3193 et
3113 3142 3171 3191 ut
3210 3149 3331 3203 qua:
3360 3138 3440 3190 ex

1858 3231 2063 3285 virtute
2093 3228 2206 3282 vita
2238 3228 2417 3296 agitur
2441 3227 2570 3295 hinc
2605 3227 2768 3283 habet
2790 3227 3147 3296 principium.
3185 3225 3265 3283 Ad
3291 3226 3438 3295 quod

1859 3322 2004 3381 enim
2030 3332 2219 3374 amore
2252 3317 2519 3377 fuerimus
2544 3319 2825 3386 propensi,
2871 3317 2945 3370 illi
2979 3315 3353 3377 familiaritate
3376 3330 3440 3370 ac

1858 3412 2270 3477 necessitudine
2330 3412 2513 3469 animo
2563 3411 2993 3480 conjungimur,
3048 3417 3103 3469 et
3159 3409 3225 3464 ad
3292 3412 3438 3479 quod

1859 3506 1987 3561 odio
2013 3504 2194 3563 affecti
2236 3519 2448 3567 sumus,
2485 3502 2555 3559 ab
2587 3517 2653 3556 eo
2686 3502 3011 3557 alienantur.
3044 3499 3181 3559 Nam
3219 3501 3333 3556 sive
3362 3501 3431 3555 ad

1860 3598 2098 3661 bonum,
2135 3595 2249 3650 sive
2276 3594 2343 3649 ad
2380 3593 2580 3651 malum
2621 3591 2784 3647 fuerit
2818 3590 3013 3645 anima:
3049 3589 3333 3653 habitudo,
3366 3590 3423 3648 in

1858 3689 2039 3745 anima
2070 3682 2477 3754 quodammodo
2502 3681 2767 3741 miscetur
2797 3678 2941 3749 quod
2969 3678 3234 3748 diligitur.
3266 3677 3437 3744 Quid.

1857 3775 1990 3844 quid
2040 3785 2224 3830 autem
2279 3773 2466 3837 fuerit,
2503 3780 2558 3833 et
2600 3771 2687 3826 eui
2730 3768 3123 3825 intermedium
3164 3767 3437 3823 interees.

1859 3868 1997 3923 serit
2029 3864 2241 3923 odium.
2274 3864 2396 3931 eius
2430 3862 2559 3917 facit
2593 3859 3023 3932 separationem,
3050 3872 3150 3911 seu
3180 3856 3306 3915 boni
3339 3872 3442 3917 seu

1859 3958 2010 4015 mali.
2058 3956 2154 4011 Est
2206 3970 2336 4027 ergo
2376 3952 2841 4009 considerandum
2894 3949 3026 4022 quid
3079 3950 3153 4007 sit
3212 3947 3443 4017 quidem

1859 4048 2181 4113 amandum,
2210 4047 2343 4119 quid
2371 4061 2503 4101 vero
2534 4047 2606 4101 sit
2639 4061 2669 4100 a
2711 4052 2908 4105 natura
2943 4044 3069 4099 odio
3102 4040 3441 4105 habendum,

1859 4147 1920 4195 ut
1955 4140 2011 4201 in
2040 4145 2288 4211 tempore
2318 4143 2540 4191 utentes
2592 4136 2696 4195 hae
2738 4135 2909 4193 animi
2959 4133 3270 4203 affectione,
3321 4139 3377 4191 et
3407 4147 3443 4189 at

1858 4231 2018 4291 malis
2066 4229 2231 4285 alieni
2281 4228 2586 4283 evadamus
2630 4243 2728 4297 per
2757 4227 2968 4291 odium,
3003 4234 3214 4281 etcum
3261 4223 3439 4281 bono-

1806 4372 1811 4375 _
1859 4336 1978 4376 rum
2026 4328 2224 4377 natura
2278 4325 2777 4385 contemperemur.
2821 4314 2887 4368 Et
2920 4314 3127 4373 utinam
3178 4312 3281 4373 hoc
3312 4320 3442 4367 ante

1855 4412 2039 4467 omnia
2090 4411 2376 4465 hominum
2426 4407 2723 4463 doceretur
2755 4413 2977 4468 natura,
3019 4404 3086 4461 ad
3118 4403 3442 4463 discernen-

1855 4501 2008 4566 dum,
2042 4501 2288 4571 inquam,
2319 4499 2523 4555 bonum
2557 4505 2614 4555 et
2648 4497 2963 4561 honestum,
2986 4503 3038 4550 et
3069 4494 3123 4557 id
3148 4494 3294 4563 quod
3327 4509 3440 4557 nan

1853 4600 1939 4647 est
1964 4590 2272 4665 ejusmodi!
2307 4585 2430 4645 Non
2470 4587 2616 4643 enim
2646 4586 2714 4642 ad
2751 4587 2915 4641 vitam
2950 4594 3196 4649 nostram
3230 4584 3439 4643 aditmu

1855 4680 2122 4737 haberent
2151 4679 2319 4737 animi
2352 4676 2819 4749 perturbationes,
2855 4675 2900 4730 si
2939 4674 2991 4727 id
3015 4674 3160 4746 quod
3201 4685 3285 4733 est
3321 4674 3424 4733 bo-

1856 4787 1987 4829 num
2041 4786 2332 4828 nossemus
2389 4771 2458 4823 ab
2505 4768 2687 4822 initio.
2758 4764 2917 4819 Nunc
2968 4772 3152 4818 autem
3216 4778 3438 4823 sensum

1856 4872 2136 4937 expertem
2173 4862 2426 4925 rationis,
2453 4859 2694 4937 iudicem
2724 4856 2850 4910 boni
2875 4865 2929 4910 et
2955 4855 3168 4912 honesti
3197 4855 3438 4931 primum

180 4957 303 5011 κατ’
334 4957 508 5028 ἀρχὰς
555 4957 878 5030 ὲγγινομένῃ
916 4957 1044 5027 περὶ
1074 4957 1182 5011 τῶν
1229 4955 1395 5010 ὄντων
1436 4956 1632 5020 κρίσει,
1664 4954 1757 5009 καὶ

1934 4956 2150 5020 :ientes,
2184 4954 2348 5015 simul
2382 4952 2583 5007 alimur
2613 4962 2837 5029 cumeo
2866 4946 3076 5023 judicio
3113 4946 3182 5005 de
3220 4944 3289 5001 iis
3319 4960 3441 5016 qua:

184 5047 375 5101 τούτου
409 5049 568 5119 χάριν
600 5047 1066 5110 δυσαποσπάστως
1104 5046 1300 5117 ἔχομεν
1326 5044 1433 5099 τῶν
1462 5047 1528 5115 τῇ
1564 5044 1757 5115 αἰσθή-

186 5153 266 5190 σει
291 5136 653 5206 νομισθέντων
683 5132 822 5189 εἷναι
843 5134 1046 5202 καλῶν,
1080 5135 1286 5197 ἑαυτοῖς
1313 5132 1409 5203 τὴν
1438 5131 1564 5202 περὶ
1585 5128 1755 5183 ταῦτα

187 5229 369 5300 σχέσιν
395 5232 461 5301 τῇ
497 5228 794 5300 συντροφία
828 5228 1171 5297 ποιήσαντες.

255 5500 434 5557 Καλὸν
469 5500 713 5570 φαίνεται
755 5494 865 5563 τοῖς
908 5497 1213 5567 ἀνθρώποις
1245 5497 1272 5549 ὃ
1312 5496 1606 5567 ὀφθαλμοῖς
1636 5490 1759 5548 τινα

191 5590 378 5662 ἡδονὴν
408 5591 493 5645 διὰ
520 5595 617 5664 τῆς
646 5590 895 5663 εὐχροίας
924 5590 1214 5660 ἐντίθησιν,
1248 5590 1355 5644 εἴτε
1384 5592 1441 5644 ἐν
1475 5591 1538 5662 τῇ
1564 5588 1754 5660 ἀψύχῳ

1864 5055 2015 5111 sunt,
2065 5044 2213 5117 quod
2264 5045 2408 5098 inest
2451 5057 2481 5095 a
2531 5036 2827 5110 principio,
2874 5044 2930 5092 et
2981 5035 3102 5089 ideo
3151 5032 3442 5088 difficulter

1864 5137 2154 5195 avellimur
2200 5136 2268 5195 ab
2306 5136 2375 5191 iis
2411 5150 2535 5204 quae
2579 5132 2723 5188 bona
2762 5144 2886 5186 esse
2927 5140 3126 5182 sensus
3154 5124 3441 5179 existima-

1858 5228 1958 5289 vit,
2008 5236 2069 5281 ut
2114 5226 2208 5294 qui
2268 5227 2478 5281 llrmatn
2524 5238 2591 5278 ac
2633 5222 2886 5278 stabilem
2932 5217 3094 5285 nobis
3141 5215 3441 5271 fecerimus

1861 5312 2265 5381 habitiidinem,
2328 5334 2394 5373 eo
2446 5316 2592 5388 quod
2638 5332 2762 5370 cum
2818 5314 2888 5369 iis
2938 5311 3102 5368 simul
3150 5309 3336 5365 educti
3386 5317 3442 5368 et

1861 5412 2085 5468 enutriti
2116 5426 2329 5468 smnus.

1934 5503 2227 5558 Pulchrum
2272 5499 2489 5553 videtur
2537 5496 2878 5563 hominibus,
2921 5492 3069 5567 quod
3124 5491 3304 5547 oculis
3342 5506 3440 5563 per

1866 5598 2067 5653 bonum
2102 5594 2340 5651 colorem
2386 5588 2541 5644 affert
2574 5588 2910 5658 voluptatem
2949 5586 3066 5642 sive
3106 5586 3158 5640 in
3196 5583 3437 5640 inanima
