3752 5984
137 229 256 285 ’ΒἾ

1204 228 1276 284 IN
1312 227 1849 287 ECCLESIASTEN.
1878 226 2164 285 HOMILIA
2203 226 2335 285 Vill.

3333 222 3434 274 753

148 359 364 413 μενον,
407 344 505 399 καὶ
529 343 584 400 τί
606 343 668 406 τὸ
692 343 1035 416 μισούμενον.
1067 343 1230 412 Λέγει
1249 343 1360 415 γὰρ
1385 345 1418 416 ἡ
1442 344 1630 417 νεότης

1949 353 2062 397 tura
2089 341 2451 412 diligendum,
2481 348 2536 396 et
2563 354 2684 410 quae
2711 339 2871 396 aliter
2901 354 2960 396 se
2985 339 3208 402 habent,
3238 353 3431 394 rursus

144 439 258 509 τῆς
303 440 540 511 ἡλικίας
584 441 782 496 πάθεσι
819 441 1036 506 ζέουσα,
1079 441 1271 510 καιρὸν
1306 436 1448 494 εἶναι
1485 443 1622 511 αὐτῇ
1670 441 1763 495 τοῦ

95 558 106 565 -
147 528 348 598 φιλεῖν
396 533 572 586 ταῦτα
596 531 632 587 ἃ
662 536 728 604 τῇ
763 533 974 603 νεότητι
1003 532 1132 603 φίλα
1165 533 1334 585 ἐστίν.
1379 531 1517 584 Ἀλλ’
1542 531 1765 602 ἀντιὸοᾷ

81 623 176 672 νδ
223 621 685 694 Ἐκκλησιαστὴς
737 627 802 696 τῇ
861 625 1072 696 νεότητι
1101 665 1114 686 ,
1171 623 1328 678 ἀλλον
1376 624 1474 694 τῆς
1520 623 1764 694 καθαρᾶς

93 765 97 770 .
149 712 361 781 φιλίας
397 717 592 786 καιρὸν
621 712 956 786 ὁριζόμενος.
995 717 1146 788 Μηδὲ
1186 717 1294 788 γὰρ
1322 712 1462 769 εἶναι
1490 715 1647 770 τοῦτο
1679 733 1765 784 cpt-

147 805 305 866 λίαν,
335 805 454 874 τὴν
478 805 924 878 διημαρτημένην
961 809 1062 877 τῆς
1103 807 1282 878 ψυχῆς
1319 807 1447 878 περὶ
1477 807 1546 860 τὰ
1589 808 1766 862 ἄτοπα

150 896 389 968 σχέσιν.
441 897 653 966 Ὥσπερ
694 899 804 969 γὰρ
834 899 1192 970 εύοδουμένης
1237 901 1294 953 ὲν
1327 901 1506 972 ὑγιείᾳ
1535 900 1636 970 τῆς
1667 899 1766 970 φύο

124 973 327 1052 -σίεως,
370 989 440 1040 ἐν
464 987 640 1060 καιρῷ
669 989 1015 1059 προσγίνεται
1039 989 1100 1043 τὸ
1127 989 1276 1060 δίψος
1300 989 1377 1062 τῷ
1401 989 1612 1060 σώματι
1634 1007 1646 1022 ο
1683 986 1764 1055 οἷς

146 1077 212 1132 δὲ
253 1078 326 1130 τὸ
354 1077 710 1150 ’δῆγματῆς
729 1079 954 1155 ,διψάδος
991 1079 1204 1150 ἐχίδνης
1245 1081 1344 1151 τὴν
1372 1079 1626 1150 τοιαύτην
1645 1080 1763 1134 διά-

148 1169 314 1233 θεσιν
349 1169 702 1240 ἐνεποίησεν,
737 1171 836 1224 οὐκ
875 1170 940 1224 ἄν
967 1187 1047 1234 τις
1085 1172 1226 1225 εἴποι
1267 1169 1408 1225 κατά
1453 1171 1642 1242 καιρὸν
1678 1173 1765 1224 ὲν-

147 1257 468 1328 εργείσθοιι
494 1259 592 1330 τὴν
629 1259 814 1329 δίψαν·
855 1262 914 1312 οὐ
943 1260 1052 1330 γὰρ
1085 1262 1288 1332 φυσικὴ
1319 1263 1499 1330 ὗρεξις
1521 1264 1616 1316 ἐπὶ
1643 1263 1765 1316 τού-

147 1365 292 1412 των,
320 1349 476 1404 ἀλλά
501 1351 670 1415 πάθος
690 1353 722 1423 ή
743 1351 870 1420 δίψα
893 1351 1128 1419 γίνεται·
1157 1351 1298 1405 οὕτω
1321 1353 1494 1405 καὶτὸ
1522 1355 1763 1424 ῥυπαρὸν

148 1439 257 1508 τῆς
293 1440 567 1512 νεότητος
599 1441 841 1512 φίλτρον,
881 1441 942 1492 οὐ
980 1442 1220 1512 φίλτρον,
1253 1441 1386 1494 ἀλλά
1434 1442 1586 1508 νόσος
1643 1442 1763 1496 ἐστὶ

150 1528 236 1600 τῷ
275 1530 519 1584 διακαεῖ
561 1547 619 1584 τε
665 1531 757 1584 καὶ
798 1529 989 1602 γνώμη
1035 1530 1112 1601 τῷ
1144 1531 1242 1601 τῆς
1278 1530 1493 1600 ἡλικίας
1523 1532 1761 1604 δήγματι

150 1621 537 1691 ἐγγινομένη.
570 1621 645 1674 Οὐ
675 1621 825 1676 πᾶσα
857 1621 1038 1674 τοίνυν
1069 1619 1218 1689 φιλία
1243 1620 1304 1674 τὸ
1332 1619 1586 1694 εὔκαιρον
1611 1621 1755 1692 ἔχει,

153 1708 279 1762 ἀλλ’
316 1709 355 1780 ἠ
393 1710 533 1778 περὶ
559 1709 620 1762 τὸ
655 1709 815 1779 μόνον
843 1710 1126 1780 ἀγαπητὸν
1155 1710 1434 1780 γινομένη.
1483 1710 1621 1764 Ἀλλ’
1657 1711 1758 1764 οὐκ

153 1798 277 1852 ἐστι
305 1801 498 1869 οσαφῆ
533 1799 660 1871 περὶ
689 1799 892 1852 τούτων
921 1798 1121 1868 γνῶσιν
1163 1799 1346 1853 λαϐεῖν
1367 1841 1380 1862 ,
1438 1799 1512 1871 μὴ
1561 1802 1760 1854 οὑτωσὶ

155 1887 487 1960 διελόμενον
513 1892 570 1942 ὲν
598 1893 664 1962 τῇ
700 1889 902 1961 θεωρίᾳ
931 1891 1020 1944 τὸν
1047 1890 1200 1959 λόγον
1217 1907 1230 1920 ·
1265 1891 1373 1945 τῶν
1401 1891 1619 1960 ἀγαθῶν
1643 1891 1758 1945 τοί-

156 1999 280 2045 νυν,
331 1983 447 2036 ὅσα
492 1983 644 2054 παρά
673 1986 783 2036 τῶν
815 1981 1119 2052 ἀνθρώπων
1156 1981 1534 2046 σπουδάζεται,
1559 1983 1629 2036 τά
1659 1983 1758 2052 μὲν

156 2065 336 2137 ὅντως
393 2073 628 2128 τοιαῦτά
674 2075 852 2134 ἐστιν,
897 2067 984 2126 οἷα
1025 2073 1118 2127 καὶ
1159 2071 1480 2143 ὀνομάζεται
1511 2089 1526 2104 ’
1582 2072 1651 2128 τὰ
1701 2073 1758 2126 δὲ

158 2161 532 2234 ψευδώνυμον
574 2163 670 2234 τὴν
720 2161 1036 2232 ἐπωνυμίαν
1085 2161 1219 2232 ἔχει.
1289 2162 1428 2215 Ὅσα
1482 2161 1591 2234 γάρ
1637 2161 1759 2232 οὐχὶ

160 2253 518 2325 πρόσκαιρον
579 2253 763 2306 δίδωσι
823 2251 922 2323 τὴν
976 2251 1308 2317 ἀπόλαυσιν,
1365 2250 1484 2304 οὐδὲ
1532 2251 1603 2305 τά
1652 2267 1756 2304 τινι

159 2341 434 2396 δοκοῦντα
463 2344 603 2398 καλὶι
642 2343 850 2415 ἑτέροις
893 2343 1140 2414 ἀχρηστα
1168 2341 1374 2410 γίνεται
1406 2381 1422 2406 ,
1465 2341 1600 2396 ἀλλά
1625 2342 1760 2396 πάν-

159 2449 286 2486 τοτε
331 2435 436 2488 καὶ
470 2433 557 2487 διὰ
587 2435 806 2488 πάντων
838 2433 932 2486 καὶ
965 2435 1024 2486 ὲν
1055 2433 1217 2486 πᾶσίν
1261 2434 1408 2510 εστιν
1445 2433 1642 2501 ἀγαθὰ,
1675 2427 1757 2498 οἷς

163 2523 232 2577 ἂν
259 2525 586 2594 ἐγγένηται,
631 2525 806 2580 ταῦτα
845 2525 922 2588 ὡς
965 2521 1181 2594 ἀληθῶς
1225 2524 1372 2594 ὲσειν
1423 2523 1624 2592 ἀγαθὰ,
1667 2525 1757 2578 ἀεὶ

163 2613 438 2679 ὡσαύτως
478 2615 690 2686 ἔχοντα,
739 2615 834 2668 καὶ
863 2615 962 2686 τὴν
996 2615 1088 2668 τοῦ
1122 2613 1361 2686 χείρῦνος
1402 2615 1644 2684 ἐπίμιξιν
1693 2615 1754 2669 οὐ
1785 2658 1794 2664 .

169 2707 608 2778 προσδεχόμενα.
643 2707 822 2778 Ἀπερ
867 2710 976 2770 τοῖς
1025 2705 1264 2778 ἀκριϐῶς
1291 2705 1600 2770 ἐξετάζουσι
1630 2707 1758 2778 περὶ

169 2800 340 2869 μόνην
391 2798 501 2870 τὴν
531 2798 680 2852 θείαν
712 2815 771 2852 τε
799 2798 893 2852 καὶ
918 2798 1086 2852 ἀΐδιον
1121 2799 1402 2868 θεωρεῖται
1443 2797 1624 2866 φύσιν.
1675 2791 1757 2852 Τά

167 2889 225 2944 δὲ
263 2889 402 2944 ἄλλα
447 2890 624 2944 πάντα
656 2891 754 2944 ὅσα
797 2893 864 2962 τῇ
911 2889 1171 2962 αἱσθήσειη
1187 2889 1327 2943 καλά
1359 2890 1494 2951 ἐστι,
1535 2888 1622 2942 διὰ
1657 2889 1756 2958 τῆς

171 2981 312 3034 κατά
341 2982 447 3052 τὴν
481 2975 904 3052 οἴησιν’ἁπάτης
935 2979 1436 3051 καλά,,φαινόμενα,
1473 2979 1596 3032 οὔτε
1641 2979 1754 3032 ἔστι
1781 3005 1824 3062 C

173 3073 252 3141 τῇ.
268 3073 453 3140 φύσει,
473 3071 596 3125 οὔτε
625 3071 1098 3142 fatgem-qicstth
1117 3068 1214 3141 τῆς
1241 3070 1470 3140 ῥοώδους
1498 3071 1591 3124 καὶ
1619 3087 1758 3140 παρ-

172 3164 358 3234 ὠικῆς
385 3164 522 3232 ὄντα
553 3146 798 3234 φύσεως,
849 3162 916 3216 δι’
947 3163 1161 3230 ἀπάτης
1205 3160 1348 3224 τινὸς
1388 3161 1484 3214 καὶ
1519 3161 1756 3232 ματαίας

175 3251 526 3324 προλήψεως,
562 3252 637 3316 ὡς
668 3252 808 3306 κατά
837 3250 1094 3320 ἀλήθειαν
1119 3249 1383 3325 Major;
1411 3247 1754 3312 ἀπαιδεύτοις

176 3342 502 3432 νομίζεται.τ
519 3344 578 3396 Ei
608 3340 698 3396 οὖν
720 3342 828 3395 τῶν
853 3342 1101 3429 ἀστάτων
1129 3339 1505 3411 περιεχόμενοι
1534 3337 1642 3392 τῶν
1666 3339 1753 3392 ἀεὶ

177 3432 427 3486 ἑστώτων
458 3417 971 3507 ούκεπορὲγονται,
1007 3417 1150 3484 ἔοικε
1182 3429 1289 3502 γὰρ
1319 3430 1496 3484 τοίνυν
1519 3423 1631 3483 οἷον
1661 3427 1753 3482 ἐπί

177 3538 318 3588 τινος
363 3525 600 3589 σκοπιᾶς
647 3523 854 3595 ὑψηλῆς
905 3523 1074 3586 ἑστὼς
1118 3525 1146 3577 ό
1189 3521 1614 3592 Ἐκκλησιαστὴς
1657 3521 1756 3592 ἒμ-

176 3613 303 3684 6οᾷν
335 3619 401 3688 τῇ
421 3617 738 3688 ἀνθρωπίνῃ
769 3616 928 3686 φύσει
955 3615 1022 3669 δι’
1049 3608 1124 3669 ὧν
1153 3607 1302 3684 λέγει
1325 3630 1342 3648 ο
1385 3633 1403 3666 ι
1427 3612 1632 3682 Καιρδς
1657 3610 1752 3664 τοῦ

179 3704 420 3778 φιλῆσαι,
455 3707 552 3762 καὶ
585 3708 772 3779 καιρὸς
813 3701 906 3760 τοῦ
943 3706 1188 3777 μισῆσαι,
1214 3727 1232 3758 ι
1257 3707 1337 3760 ὄτι
1383 3703 1518 3759 ἄλλα
1545 3703 1659 3757 ἐστὶ
1685 3702 1754 3758 τά

177 3793 342 3862 ὗντως
378 3798 586 3867 ἀγαθὰ,
630 3799 666 3854 ἃ
699 3799 792 3852 καὶ
819 3798 958 3853 αὐτά
987 3801 1100 3851 ἐστι
1131 3797 1290 3864 καλὰ,
1330 3797 1422 3852 καὶ
1466 3797 1590 3860 τοὺς
1626 3811 1754 3865 μετ-

125 3906 136 3912 ·
179 3884 397 3957 ἐχοντας
425 3889 702 3958 τοιούτου-ς
733 3891 893 3944 ποιεῖ.
1199 3944 1201 3948 .

1865 433 2008 488 citra
2049 447 2292 487 errorem
2323 439 2714 502 agnoscantur,
2745 431 2861 485 haec
2891 445 3041 486 nunc
3079 431 3217 485 dicit
3247 431 3302 484 in
3329 430 3433 484 hoc

1864 526 2002 580 libro
2022 523 2408 588 Ecclesiastes,
2440 543 2458 575 ι
2483 522 2723 592 Tempus
2749 529 2836 578 est
2869 522 3111 590 amandi,
3144 527 3198 575 et
3219 531 3435 590 tempus

1863 623 1950 671 est
1975 615 2102 670 odio
2131 615 2420 670 habendi.»
2453 613 2552 668 Per
2585 628 2707 682 quae
2728 613 2947 682 quidem
2969 611 3232 666 discernit
3250 627 3432 666 rerum
3455 639 3460 647 ·

1863 712 2142 768 naturam,
2180 704 2477 759 ostendens
2506 703 2634 772 quid
2675 702 2884 756 utiliter
2919 709 3155 763 ametur,
3207 709 3261 755 et
3301 700 3432 768 quid

1863 795 1990 850 odio
2029 795 2296 850 habeatur
2351 795 2490 850 Dicit
2529 797 2672 850 enim
2704 795 2965 864 juventus
2991 794 3170 850 :etatis
3217 792 3433 848 t'ervens

1865 886 2173 950 affectibus,
2207 887 2310 942 sibi
2356 895 2570 954 tempus
2601 901 2724 940 esse
2769 885 2984 938 amamii
3015 899 3078 938 ea
3111 898 3233 952 quae
3266 883 3433 936 chara

1863 977 2292 1044 sintjuveututi.
2339 977 2442 1032 Sed
2471 975 2741 1047 juventuti
2769 988 2959 1030 contra
2999 977 3202 1030 clamat
3242 974 3432 1028 Eccle-

1865 1069 2088 1131 siastes,
2129 1069 2396 1124 deﬁniens
2430 1069 2576 1124 aliud
2627 1085 2751 1124 esse
2793 1079 3010 1138 tempus
3045 1083 3194 1138 purae
3233 1068 3429 1121 amici-

1865 1161 1972 1214 tiae.
2002 1158 2120 1213 Non
2155 1161 2300 1214 enim
2351 1161 2452 1215 hoc
2496 1176 2617 1216 esse
2651 1159 3174 1225 amicitiam,anim:e
3209 1158 3430 1213 habitu-

1863 1251 2050 1306 dinem
2090 1253 2438 1307 aberrantem
2471 1252 2523 1306 iu
2557 1253 2722 1306 rebus
2754 1251 3006 1320 turpibus
3034 1257 3087 1303 et
3122 1248 3428 1319 ﬂagitiosis.

1864 1340 2152 1408 Quomodo
2177 1343 2320 1396 enim
2363 1342 2408 1394 si
2444 1341 2496 1394 in
2528 1342 2766 1396 sanitate
2815 1349 2966 1396 recto
2995 1356 3161 1394 cursu
3200 1349 3287 1395 eat
3331 1357 3430 1396 ua—

1866 1442 2007 1498 tura,
2041 1435 2096 1488 in
2129 1443 2375 1504 tempore
2415 1433 2538 1488 sitis
2575 1435 2786 1487 accedit
2819 1433 3040 1502 corpori
3071 1452 3084 1488 :
3110 1435 3310 1500 quibus
3341 1451 3432 1488 au.

1863 1536 1968 1580 tem
1998 1540 2216 1580 morsus
2240 1525 2484 1596 dipsadis
2510 1527 2670 1580 talem
2703 1524 3237 1587 inditaﬂ'ectionem,
3269 1540 3430 1578 nemo

1861 1616 2058 1672 dixerit
2080 1618 2132 1670 in
2156 1625 2397 1686 tempore
2421 1633 2538 1671 eam
2562 1616 2702 1672 ellici
2737 1619 2882 1673 sitim
2907 1637 2918 1668 :
2941 1633 3049 1673 non
3087 1619 3234 1673 enim
3267 1619 3318 1672 in
3345 1618 3433 1673 his

1867 1710 2140 1764 naturalis
2172 1711 2467 1781 appetitus,
2510 1709 2603 1764 sed
2645 1709 2842 1764 vitiosa
2873 1709 3090 1764 aﬂ‘ectio
3127 1717 3212 1764 est
3259 1708 3427 1764 sitis:

1861 1801 1934 1854 ita
2001 1802 2167 1854 etiam
2229 1801 2505 1856 obscenus
2569 1815 2725 1854 amor
2773 1801 3116 1868 juventutis,
3172 1815 3280 1853 non
3347 1812 3431 1855 est

1859 1907 2034 1955 amor,
2066 1893 2158 1945 sed
2188 1893 2412 1947 morbus
2451 1892 2543 1961 qui
2571 1901 2890 1964 procreatur
2921 1891 3131 1946 ardenti
3168 1901 3220 1944 et
3243 1891 3430 1960 dipsa-

1859 1984 1945 2040 dis
1977 1983 2200 2038 minime
2237 1983 2476 2038 absimili
2511 1997 2698 2036 morsu
2727 1982 3054 2050 jurentutis.
3101 1980 3214 2035 Non
3247 1983 3428 2036 omnis

1858 2087 1987 2144 ergo
2017 2086 2295 2144 amor|seu
2327 2071 2566 2125 amicitia
2603 2077 2688 2125 est
2728 2080 3055 2139 Opportuna,
3099 2069 3195 2124 sed
3229 2084 3292 2123 ea
3335 2069 3430 2123 de-

1859 2177 2030 2222 mum,
2056 2176 2175 2230 qua:
2208 2145 2460 2215 versatur
2511 2159 2564 2211 in
2601 2173 2666 2212 eo
2711 2159 2854 2228 quod
2889 2166 2973 2212 est
3023 2159 3200 2212 solum
3241 2172 3430 2248 am‘an-

1857 2253 2010 2306 dum.
2045 2252 2150 2307 Sed
2185 2251 2298 2306 ﬁeri
2339 2266 2448 2305 non
2482 2257 2682 2319 potest,
2728 2257 2785 2303 ut
2817 2250 2886 2304 de
2914 2249 3000 2304 bis
3031 2250 3179 2302 clara
3218 2249 3422 2304 habea-

1859 2349 1948 2395 tur
1980 2342 2244 2412 cognitio,
2287 2341 2390 2396 nisi
2429 2341 2482 2396 id
2505 2341 2572 2396 de
2597 2355 2708 2410 quo
2738 2341 2920 2411 agitur
2954 2341 3026 2394 ita
3062 2341 3342 2394 dividatur
3370 2341 3424 2394 in

1857 2431 2365 2499 contemplatione:
2401 2429 2676 2486 Bonorum
2733 2445 2901 2500 ergo,
2949 2445 3182 2500 quorum
3241 2431 3428 2486 studio

1858 2531 2114 2576 tenentur
2167 2521 2456 2586 homines,
2503 2523 2611 2578 alia
2667 2524 2882 2594 quidem
2932 2539 3059 2578 vere
3120 2531 3250 2578 sunt
3299 2525 3426 2578 talia
3480 2523 3485 2530 ’

1855 2613 2034 2683 qualia
2096 2613 2506 2669 nominantur:
2552 2614 2658 2669 alia
2722 2622 2902 2668 autem
2970 2614 3164 2670 falsam
3226 2615 3428 2670 habent

1857 2705 2294 2772 appellationem.
2346 2704 2478 2771 Quae
2529 2707 2674 2760 enim
2715 2713 2846 2760 sunt
2889 2685 3157 2775 ejusmodi
3207 2715 3265 2760 ut
3317 2723 3424 2761 non

1857 2809 1917 2848 se
1949 2793 2013 2848 ad
2052 2804 2268 2864 tempus
2301 2794 2530 2850 fruenda
2571 2797 2883 2866 praebeant;
2933 2814 3110 2867 neque
3159 2813 3282 2852 cum
3321 2799 3424 2852 ali-

1856 2885 1947 2938 cui
1994 2886 2223 2956 pulchra
2276 2886 2606 2952 videantur,
2661 2889 2783 2944 aliis
2837 2897 2967 2943 sunt
3025 2889 3268 2952 inutilia,
3329 2889 3425 2944 sed

1857 2991 2072 3045 semper
2121 2985 2176 3032 et
2223 2993 2319 3046 per
2351 2979 2556 3043 omnia,
2601 2987 2656 3034 et
2710 2979 2765 3033 in
2797 2981 3052 3036 omnibus
3099 2988 3228 3034 sunt
3285 2981 3425 3034 bona

1855 3068 2056 3136 quibus
2087 3067 2311 3130 fuerint,
2355 3084 2418 3124 ea
2449 3084 2578 3126 vere
2619 3077 2750 3124 sunt
2782 3071 2948 3137 bona,
2984 3087 3201 3140 semper
3229 3071 3427 3126 simili-

1855 3165 1939 3212 ter
1965 3168 2019 3213 et
2049 3161 2238 3214 eodem
2283 3163 2444 3216 modo
2477 3177 2538 3216 se
2581 3163 2861 3226 habentia,
2893 3173 2946 3218 et
2989 3178 3100 3218 non
3129 3163 3425 3217 admitten-

1855 3249 1932 3303 tia
1975 3250 2102 3304 mali
2148 3253 2610 3308 commistionem.
2648 3253 2780 3320 Qua:
2811 3254 3030 3324 quidem
3070 3256 3138 3309 iis
3181 3255 3274 3324 qui
3311 3269 3425 3308 rem

1851 3349 2108 3395 accurate
2141 3344 2477 3407 exatuinant,
2516 3345 2571 3400 in
2601 3347 2717 3400 sola
2740 3347 2926 3401 divina
2970 3355 3024 3401 et
3053 3355 3258 3401 aeterna
3287 3361 3424 3399 cono

1855 3432 2172 3488 siderautur
2221 3441 2442 3490 natura.
2471 3437 2592 3489 Alia
2620 3445 2801 3491 autem
2852 3439 3036 3491 omnia
3071 3453 3192 3507 qua:
3237 3437 3420 3492 sensui

1853 3530 1982 3574 sunt
2012 3521 2240 3590 pulchra
2284 3538 2349 3577 ac
2381 3524 2544 3588 bona,
2579 3525 2807 3595 pulchra
2835 3534 3014 3580 autem
3041 3527 3298 3580 videntur
3328 3542 3426 3594 per

1853 3625 2094 3666 errorem
2138 3613 2434 3682 opinionis,
2485 3631 2661 3684 neque
2703 3625 2850 3680 sunt,
2901 3631 3079 3684 neque
3115 3617 3425 3670 consistunt

1859 3710 2076 3768 natura,
2121 3704 2216 3760 sed
2258 3721 2378 3758 cum
2419 3706 2530 3760 sint
2561 3705 2720 3760 ﬂuxa":
2749 3715 2803 3760 et
2830 3707 3165 3762 transeuntis
3194 3713 3420 3767 naturae,

1853 3807 1955 3864 per
1981 3809 2222 3851 errorem
2258 3799 2547 3867 quemdam
2598 3807 2653 3854 et
2682 3799 2898 3853 inanem
2940 3797 3422 3864 existimationem,

1857 3900 1985 3939 vera
2015 3902 2138 3942 esse
2166 3896 2460 3943 censentur
2489 3889 2802 3946 ineruditis.
2841 3891 2896 3944 Si
2931 3905 3062 3960 ergo
3095 3890 3426 3959 amplecten-

1796 1683 1834 1736 Β

181 3987 262 4036 tes
286 3998 362 4038 ea.
382 3999 508 4054 qua:
542 3990 670 4038 sunt
746 3981 1040 4045 instabilia’,
1105 3996 1169 4036 ea
1202 3959 1650 4050 noniappetunt
1692 3991 1814 4048 quae
1850 3991 2064 4047 semper
2102 3988 2250 4043 sunt,
2303 3980 2516 4035 videtur
2560 3980 2920 4038 Ecclesiastes
2966 3959 3131 4037 veluti
3177 3983 3231 4036 in
3284 3997 3422 4050 qua-

181 4071 300 4127 dam
347 4077 460 4130 alta
511 4083 667 4133 stans
705 4075 946 4144 SpPCIIIa,
992 4073 1058 4129 ad
1099 4073 1391 4126 humanam
1429 4071 1753 4126 exclamare
1791 4077 2041 4125 naturam
2106 4086 2230 4125 cum
2299 4072 2448 4132 dicit.
2487 4091 2505 4124 ι
2541 4071 2782 4142 Tempus
2809 4081 2894 4130 est
2929 4073 3168 4136 amandi,
3201 4083 3254 4130 et
3284 4083 3420 4129 tem-

183 4179 280 4232 pus
305 4174 390 4220 est
421 4166 552 4220 odio
589 4165 844 4226 habendi,
881 4184 900 4213 ι
934 4149 1080 4233 quod
1111 4161 1218 4216 alia
1261 4169 1392 4216 sunt.
1457 4175 1587 4216 vere
1616 4161 1778 4228 bona,
1851 4176 1973 4231 qua:
2004 4162 2168 4218 etiam
2199 4163 2318 4232 ipsa
2360 4172 2486 4218 sunt
2529 4163 2757 4233 pulchra
2807 4173 2860 4219 et
2907 4165 3158 4230 honesta,
3193 4173 3248 4218 et
3288 4168 3424 4223 tales

186 4251 388 4308 faciunt
425 4271 524 4311 eos
557 4255 649 4322 qui
682 4263 818 4310 sunt
841 4253 1154 4324 participes.

248 4341 374 4401 Οἴον
399 4348 511 4420 γὰρ
555 4343 691 4419 ἂνῇ
743 4349 808 4417 τῇ
866 4346 1022 4414 φύσει
1072 4345 1134 4398 τὸ
1191 4343 1567 4416 μετεχόμενον,
1617 4343 1730 4415 πρὸ.

1935 4339 2094 4406 Quale
2117 4339 2262 4396 enim
2289 4345 2372 4393 est
2399 4347 2590 4392 natura
2618 4337 2669 4391 id
2699 4337 2844 4406 quod
2877 4337 3250 4406 participatnr,
3278 4337 3330 4391 in
3365 4338 3417 4392 id

183 4437 335 4492 τοῦτο
391 4439 606 4511 ἀνάγκη
670 4439 764 4492 καὶ
819 4439 878 4492 τὸ
941 4435 1165 4509 μετέχον
1224 4435 1751 4508 συμμετατίθεσοιιι⁹

184 4523 289 4581 οἷον
349 4530 584 4584 εὔπνουν
641 4531 846 4598 γίνεται
903 4531 964 4584 τὸ
1024 4531 1197 4604 στόμα
1249 4527 1343 4581 τοῦ
1402 4527 1654 4590 λαϐόντος
1701 4534 1755 4580 τι

185 4618 286 4671 τῶν
316 4621 689 4675 εὐπνοούντων
742 4620 1048 4692 ἀρωμάτων
1091 4618 1180 4672 διὰ
1205 4617 1297 4670 τοῦ
1349 4617 1630 4684 στόματος,
1664 4617 1754 4668 καὶ

185 4709 413 4778 δυσῶδες
464 4713 624 4768 πάλιν
667 4713 760 4766 τοῦ
811 4712 1061 4784 σκόροδον
1101 4708 1480 4780 ὲντρώγοντος,
1529 4708 1564 4781 ἦ
1609 4725 1754 4771 τινος

187 4799 342 4854 ἄλλου
416 4804 526 4857 τῶν
593 4801 1058 4872 δυσωὸεστέρων.“,
1091 4799 1298 4855 Οὐκοῦν
1369 4799 1554 4872 ἐπειδὴ
1625 4799 1752 4852 δυσ-

188 4889 326 4963 ώδης
367 4897 465 4965 μὲν
497 4898 606 4959 πᾶς
647 4896 816 4966 ῥύπος
849 4895 946 4964 τῆς
977 4893 1280 4964 ἁμαρτίας,
1320 4894 1383 4945 ὲκ
1415 4892 1472 4945 δὲ
1515 4891 1607 4945 τοῦ
1661 4893 1747 4944 ὲν-

189 4983 430 5056 αντίουή
473 4985 642 5056 ἀρετὴ
687 4985 920 5056 Χριστοῦ
968 4986 1116 5037 ἐστιν
1161 4982 1390 5046 εὒωδία,
1437 4984 1470 5052 ἡ
1515 4982 1574 5034 δὲ
1616 4983 1752 5049 ἀγα-

194 5073 386 5146 πητικὴ
427 5078 608 5146 σχέσις
635 5075 732 5146 τὴν
774 5075 908 5145 πρὸς
945 5074 1005 5128 τὸ
1046 5073 1403 5144 ἀγαπώμενον
1450 5073 1749 5142 ἀνάκρασιν

193 5169 424 5232 φυσικῶς
461 5171 855 5238 κατεργάζεται
883 5183 896 5196 ⁸
949 5169 1085 5236 ὅπερ
1129 5165 1194 5220 ἂν
1239 5162 1332 5220 οὖν
1379 5165 1469 5218 διά
1516 5165 1616 5234 τῆς
1659 5181 1748 5233 φι-

77 5255 148 5322 ’ῘἾ
196 5251 305 5318 λίας
356 5259 643 5330 ἐρώμεθα,
686 5262 858 5312 ἐκεῖνο
922 5257 1223 5328 γινόμεθα,
1269 5257 1302 5326 ἢ
1347 5247 1570 5309 ἐὐωδία
1612 5255 1746 5326 Χρι-

197 5344 310 5398 στοῦ
370 5349 403 5419 ἢ
469 5349 718 5404 δυσωδία.
791 5351 849 5403 Ὀ
902 5349 1012 5418 γὰρ
1061 5348 1120 5402 τὸ
1183 5347 1345 5400 καλὸν
1415 5346 1706 5416 ἀγαπήσας
1727 5387 1743 5411 ν

199 5434 347 5500 καλὸς
373 5437 462 5492 καὶ
503 5441 662 5504 αὐτὸς
696 5441 868 5507 ἔσται,
899 5441 997 5510 τῆς
1036 5439 1366 5508 ἀγαθότητος
1393 5434 1486 5489 τοῦ
1517 5437 1572 5490 ὲν
1599 5435 1748 5504 αὐτῷ

271 5608 308 5640 ³⁹
339 5615 378 5670 ll
425 5619 548 5674 Cor.
585 5635 646 5683 tt,
696 5617 778 5672 13.

1852 4434 2016 4488 etiam
2047 4444 2272 4484 necesse
2298 4437 2381 4484 est
2407 4427 2570 4482 simul
2620 4435 3017 4499 transmittetur
3042 4427 3094 4482 id
3126 4429 3269 4498 quod
3301 4445 3420 4496 par-

1851 4523 2073 4594 ticipat,
2119 4528 2177 4574 ut
2216 4520 2354 4574 bene
2399 4517 2553 4574 olens
2590 4519 2648 4572 tit
2673 4534 2738 4572 os
2766 4518 2887 4588 ejus
2915 4520 3006 4588 qui
3040 4533 3160 4595 ,ονε
3209 4522 3419 4588 accepit

1849 4623 2128 4676 aromata,
2177 4621 2232 4668 et
2276 4627 2472 4666 rursus
2516 4611 2656 4666 male
2699 4612 2853 4665 olens
2896 4611 3014 4680 ejus
3057 4611 3148 4683 qui
3180 4611 3419 4678 comedit

1849 4706 2066 4769 allium,
2121 4710 2216 4758 aut
2244 4701 2448 4770 aliquid
2486 4699 2632 4754 aliud
2671 4701 2815 4769 quod
2852 4710 2936 4755 est
2975 4702 3237 4756 ftetidius.
3273 4701 3420 4766 Quo-

1850 4797 1992 4850 uiam
2019 4810 2149 4866 ergo
2177 4793 2364 4850 foetida
2392 4792 2611 4862 quidem
2660 4799 2745 4847 est
2781 4792 2960 4846 omnis
3003 4791 3194 4846 sordes
3229 4805 3419 4860 pecca-

1848 4888 1920 4952 ti;
1961 4896 2151 4942 eontra
2198 4894 2378 4940 autem
2418 4885 2588 4940 virtus
2619 4892 2704 4938 est
2741 4884 2915 4960 bonus
2945 4883 3080 4938 odor
3111 4881 3314 4936 Christi
3349 4877 3414 4946 ",

1847 4976 2062 5029 amandi
2105 4984 2284 5028 autem
2318 4974 2581 5028 habitudo
2613 4973 2935 5028 naturaliter
2973 4971 3134 5026 cilicii.
3173 4979 3417 5025 contem-

1847 5067 2178 5136 perationem
2211 5081 2334 5120 cum
2381 5081 2446 5120 eo
2491 5069 2634 5135 quod
2669 5073 2924 5118 amatur:
2959 5063 3104 5133 quod
3140 5077 3268 5130 ergo
3294 5060 3419 5116 dili-

1845 5159 2020 5228 gimus
2045 5172 2141 5226 per
2165 5173 2405 5212 amorem
2429 5197 2444 5220 ,
2477 5174 2573 5226 per
2603 5159 2733 5210 illud
2762 5155 3062 5211 elliciamur
3090 5154 3290 5208 Christi
3324 5154 3417 5208 bo-

1847 5265 1952 5304 nus
1982 5249 2066 5304 vel
2102 5249 2273 5302 malus
2308 5251 2463 5303 odor.
2506 5249 2610 5314 Qui
2642 5249 2788 5303 enim
2833 5246 2975 5317 quod
3006 5247 3205 5300 bomun
3250 5250 3416 5298 estet
3461 5231 3474 5243 ’

1849 5341 2135 5394 honestum
2179 5341 2414 5400 amavit,
2465 5341 2580 5408 ipse
2621 5355 2840 5409 quoque
2878 5339 2982 5393 erit
3022 5337 3198 5391 bonus
3232 5347 3285 5389 ct
3316 5335 3414 5388 bo-

1853 5439 2069 5496 nestus,
2087 5429 2323 5484 bonitate
2342 5428 2462 5498 ejus
2483 5428 2626 5495 quod
2646 5427 2698 5480 in
2721 5429 2837 5499 ipso
2858 5439 2959 5494 est,
2985 5445 3106 5483 eum
3137 5427 3233 5499 qui
3265 5441 3415 5482 acco-

2515 5513 2528 5536 \
