3738 5984
351 257 453 312 739

1525 254 1586 312 S.
1618 250 1945 309 σκευοιιιι
1986 251 2280 311 NYSSENI

3483 252 3575 309 740

348 374 425 443 pit
454 373 509 425 in
538 369 776 441 seipsam
806 377 1228 425 transmutante.
1258 367 1553 439 Propterea
1587 370 1747 424 nobis
1778 384 1824 424 se

2122 372 2307 441 ομένου
2339 372 2473 443 πρὸς
2495 372 2696 443 ἑαυτὴν
2727 372 2817 425 τὸν
2848 368 3140 440 δεξάμενον
3169 354 3598 440 μεταποιοῡσηξέ

347 478 466 516 sum
494 461 887 517 comedendum
928 460 1185 530 preponit
1220 460 1266 514 is
1307 461 1401 529 qui
1444 472 1659 529 semper
1698 466 1814 521 est,
1859 466 1919 512 ut

345 566 471 607 cum
503 552 681 621 ipsum
704 551 758 603 in
781 548 943 603 nobis
969 548 1104 618 ipsis
1127 549 1500 617 acceperimus
1519 587 1534 612 ,
1562 547 1694 602 illud
1726 547 1919 602 ﬁamus

346 646 495 715 quod
527 645 617 699 ille
649 651 753 698 est.
788 642 932 697 Dicit
984 643 1128 697 enim
1151 680 1165 704 ,
1199 659 1217 692 ι
1246 638 1388 694 Caro
1420 654 1538 694 mea
1571 654 1695 693 vere
1721 646 1807 692 est
1838 638 1918 693 cl—

347 737 454 792 bus
474 776 490 801 ,
526 743 583 790 et
614 734 840 804 sanguis
866 750 1021 789 meus
1048 747 1176 787 vere
1202 716 1286 786 es’t
1322 740 1485 801 potus
1513 729 1580 781 ‘°.
1608 720 1626 779 ι
1654 727 1758 794 Qui
1789 742 1919 799 ergo

346 828 490 882 hanc
524 836 673 880 amat
702 839 925 879 carnem
948 864 963 889 ,
992 838 1101 878 non
1130 830 1215 878 est
1243 821 1454 875 amicus
1486 835 1598 876 suae
1622 819 1805 874 carnis
1824 861 1838 884 ,
1867 827 1920 873 et

346 920 442 988 qui
473 919 526 971 in
558 918 703 971 hunc
737 916 1061 984 sanguinem
1088 922 1173 969 est
1204 912 1431 967 aﬂ‘eetus
1452 954 1466 978 ,
1496 911 1732 966 mundus
1758 912 1859 965 erit
1889 925 1920 964 a

348 1010 538 1066 sensili
576 1012 862 1079 sanguine.
899 1006 1043 1060 Caro
1075 1006 1219 1059 enim
1250 1002 1453 1071 Verbi,
1481 1011 1536 1058 et
1571 1003 1794 1073 sanguis
1826 1002 1920 1072 qui

294 1128 301 1143 ι
348 1111 434 1155 est
456 1103 509 1154 in
540 1101 643 1154 hac
668 1113 976 1163 carne,non
1001 1112 1166 1152 unum
1190 1097 1352 1151 habet
1380 1094 1744 1167 gratiam,sed
1767 1103 1923 1149 estet

352 1193 538 1247 suavis
570 1192 637 1245 iis
669 1192 758 1259 qui
791 1200 1032 1260 gustant,
1064 1197 1117 1244 et
1141 1189 1477 1260 appetendus
1500 1187 1568 1242 iis
1591 1188 1682 1257 qui
1706 1186 1922 1241 deside-

351 1290 499 1345 rant,
519 1282 655 1336 etiis
675 1280 1305 1350 quidiliguntamabilis.
1324 1277 1381 1332 Si
1412 1279 1536 1348 quis
1566 1287 1745 1332 autem
1774 1291 1923 1330 amo-

351 1390 465 1428 rem
484 1371 815 1427 converterit
831 1371 897 1425 ad
915 1386 979 1426 ea
999 1386 1120 1441 quae
1141 1386 1249 1424 non
1267 1370 1598 1436 consistunt,
1612 1367 1922 1438 cujusmodi

353 1472 483 1518 sunt
512 1479 575 1518 ea
610 1474 826 1525 natura,
862 1462 972 1516 tale
1004 1463 1168 1516 etiam
1215 1461 1287 1515 sit
1323 1476 1551 1515 necesse
1584 1469 1668 1515 est
1697 1469 1750 1514 et
1778 1457 1922 1527 quod

354 1555 416 1608 in
445 1554 553 1608 illis
585 1554 767 1608 fuerit.
793 1552 1061 1619 Quoniam
1091 1566 1220 1622 ergo
1257 1552 1309 1604 in
1344 1552 1408 1606 iis
1450 1565 1571 1621 quae
1599 1562 1747 1614 sunt,
1777 1547 1922 1603 aliud

352 1642 570 1713 quidem
592 1646 675 1696 est
694 1656 905 1706 verum,
931 1640 1077 1693 aliud
1099 1655 1228 1694 vero
1256 1640 1439 1705 inane,
1461 1641 1713 1697 convenit
1732 1654 1924 1710 cogno-

352 1745 509 1785 scere
540 1730 724 1791 inane,
747 1739 806 1782 ut
837 1743 900 1783 ea
930 1729 1255 1807 opponendo
1285 1737 1338 1781 et
1368 1728 1735 1798 comparando
1766 1730 1924 1783 intel-
1956 1701 1998 1756 Β

354 1823 586 1891 ligamus
620 1830 872 1873 naturam
912 1834 1101 1872 eorum
1135 1835 1257 1889 quae
1293 1835 1418 1874 vere
1454 1831 1602 1874 sunt.
1648 1819 1739 1875 Sic
1779 1820 1925 1874 enim

353 1914 563 1966 faciunt
599 1925 791 1966 omnes
827 1910 1039 1974 sancti,
1073 1926 1169 1964 eos
1200 1913 1293 1980 qui
1327 1926 1357 1963 a
1389 1918 1537 1964 recta
1573 1912 1659 1964 via
1707 1911 1928 1966 aberra-

357 2011 518 2066 runt,
563 2012 617 2057 et
652 2018 748 2072 per
779 2018 887 2055 non
920 2010 1128 2055 rectam
1165 2002 1570 2071 ingrediuntur,
1606 2001 1925 2057 reducentes

351 2096 418 2149 ad
455 2096 592 2147 viam
620 2108 784 2162 aqua
815 2092 1156 2146 diverterunt
1177 2132 1190 2152 ,
1217 2095 1403 2162 procul
1438 2093 1926 2162 clamantes,Fuge

352 2187 492 2238 viam
545 2184 599 2237 in
631 2199 737 2252 qua
775 2183 1099 2253 ingrederis.
1148 2180 1206 2234 In
1240 2196 1301 2236 ea
1330 2183 1475 2235 enim
1516 2190 1645 2236 sunt
1683 2181 1926 2236 latrones

349 2285 405 2329 et
461 2274 744 2345 praedones
797 2282 851 2328 et
905 2273 1305 2327 homicidarum
1352 2273 1606 2335 insidire,
1661 2280 1719 2327 ut
1761 2274 1925 2327 simul

349 2367 571 2437 quidem
604 2367 780 2437 viator
813 2365 1118 2435 periculum
1154 2365 1388 2418 declinet
1420 2365 1523 2418 via:
1561 2364 1881 2432 perniciosa:
1908 2383 1922 2431 ;

352 2460 421 2510 ab
456 2460 545 2511 illa
586 2466 768 2512 autem
806 2456 892 2510 via
928 2471 1211 2517 recessus,
1272 2455 1329 2509 ﬁt
1362 2456 1448 2508 via
1500 2470 1620 2524 qua:
1666 2456 1814 2509 ducit
1859 2457 1925 2509 ad

351 2565 471 2602 enni
507 2564 625 2619 qua:
662 2538 863 2603 serva’t.
899 2546 975 2601 lta
1011 2549 1177 2602 etiam
1230 2561 1460 2615 magnus
1513 2548 1604 2601 ille
1658 2546 1927 2602 Ecclesia-

349 2649 461 2694 stes
497 2640 730 2707 desuper
746 2639 1026 2703 clamabat
1063 2639 1316 2692 humanze
1352 2647 1595 2705 naturai,
1626 2655 1747 2708 quae
1773 2654 1926 2693 erra-

348 2733 443 2786 bat
493 2733 546 2785 in
597 2732 745 2784 invio
779 2739 833 2784 et
869 2745 978 2783 non
1012 2730 1067 2782 in
1100 2730 1221 2791 via,
1259 2738 1316 2782 ut
1371 2730 1503 2784 dicit
1554 2726 1823 2800 Propheta
1856 2729 1923 2795 δι,

351 2825 466 2879 haec
517 2833 706 2893 aperte
738 2823 929 2876 dicens
979 2837 1075 2891 per
1123 2836 1184 2874 ea
1217 2837 1337 2889 qu:e
1385 2821 1627 2889 loquitur
1656 2821 1802 2875 :Cnr
1832 2836 1928 2889 per

353 2924 519 2967 notam
551 2916 716 2966 vitam
748 2913 947 2966 erratis
973 2954 987 2976 ,
1021 2928 1054 2964 ο
1080 2911 1329 2966 homines
1353 2911 1375 2963 ?
1399 2926 1497 2964 cur
1523 2911 1721 2964 amatis
1756 2926 1888 2962 vana
1908 2951 1924 2974 ,

2019 463 2119 516 Διά
2148 461 2302 515 τοῦτο
2327 461 2585 533 ἐδώδιμον
2610 464 2744 533 ἡμῖν
2759 454 2949 514 ἑαυτὸν
2980 460 3300 531 προτίθησιν
3322 462 3350 513 ὁ
3374 460 3460 514 ἀεὶ
3487 458 3577 523 ὢν,

2021 555 2107 609 ἵνα
2158 555 2515 619 ἀναλαὸόντες
2546 555 2708 609 αὑτὸν
2747 554 2805 605 ἐν
2844 554 3047 617 αὐτοῖς,
3096 554 3273 605 ἐκεῖνο
3306 551 3583 624 γενώμεθα

2020 647 2155 719 ὅπερ
2184 648 2388 710 ἐκεῖνός
2414 649 2548 700 ἐστι.
2569 646 2707 717 Φησὶ
2737 645 2865 716 γὰρ,
2900 647 2980 698 ὅτι
3019 664 3037 696 ι
3060 646 3125 698 Ἦ
3162 645 3299 715 σάρξ
3326 660 3424 714 μου
3453 642 3593 719 ἀληέ

2021 737 2127 801 θῶς
2142 741 2256 790 ἐστι
2277 737 2497 809 βρῶσις,
2522 738 2612 790 καὶ
2632 737 2692 790 τὸ
2717 730 2852 807 αἷμά
2880 752 2978 806 μου
2998 734 3210 805 ἀληθῶς
3236 736 3349 788 ἐστι
3376 736 3547 797 πόσις.
3563 754 3579 784 ι

2030 829 2091 883 '0
2140 824 2233 882 οὖν
2280 827 2484 898 ταύτην
2515 827 2745 895 ἀγαπῶν
2774 827 2873 898 τὴν
2904 827 3081 896 σάρκα
3102 866 3116 890 ,
3155 827 3256 879 οὐκ
3293 826 3405 878 ἐστι
3439 825 3583 895 φίλις

2020 911 2119 989 τῆς
2149 920 2284 982 ἰδίας
2313 919 2531 989 σαρκὸς,
2550 920 2643 972 καὶ
2670 919 2699 970 ὁ
2729 917 2861 989 πρὸς
2883 916 3040 971 τοῦτο
3056 917 3115 970 τὸ
3140 912 3278 987 αἷμα
3306 916 3581 982 διατεθεὶς,

2021 1010 2114 1062 τοῦ
2153 1009 2411 1079 αἰσθητοῦ
2439 1011 2669 1078 αἵματος
2702 1009 3053 1079 καθαρεύσει.
3085 1011 3150 1062 Ἢ
3178 1009 3288 1080 γὰρ
3302 1008 3396 1061 τοῦ
3417 1010 3584 1078 Λόγου

2022 1101 2178 1174 σὰρξ,
2239 1103 2333 1155 και
2384 1102 2445 1155 τὸ
2475 1105 2540 1173 τῇ
2593 1103 2755 1173 σαρκὶ
2778 1102 2950 1172 ταύτῃ
2998 1102 3318 1172 ἐγκείμενον
3343 1098 3583 1174 αἷμα,οὐ

2025 1193 2153 1261 μίαν
2183 1191 2303 1245 τινὰ
2333 1190 2492 1261 χάριν
2519 1190 2633 1260 ἔχει
2656 1207 2670 1220 °
2705 1190 2820 1243 ἀλλ’
2851 1189 2948 1260 ἡδύ
2981 1206 3039 1243 τε
3066 1190 3273 1256 γίνεται
3300 1192 3413 1251 τοῖς
3431 1204 3585 1262 γευο-

2026 1284 2226 1353 μένοις,
2280 1283 2374 1334 και
2417 1283 2641 1353 ὀρεκτὸν
2672 1285 2784 1345 τοῖς
2817 1279 3163 1350 ἐπιθυμοῦσι,
3204 1281 3433 1342 καὶτοῖς
3460 1281 3586 1345 ἀτα-

2023 1372 2197 1424 πῶσιν
2250 1371 2530 1442 ἐράσμιον.
2563 1372 2623 1423 Et
2652 1370 2709 1422 δέ
2740 1386 2823 1432 τις
2854 1367 3072 1439 τρέψειε
3115 1367 3251 1437 πρὸς
3278 1365 3348 1419 τὰ
3389 1365 3465 1435 μὴ
3497 1365 3587 1431 ὑφ-

1974 1502 1978 1513 ,
2023 1463 2231 1515 εστῶτα
2252 1461 2312 1515 τὸ
2336 1463 2574 1532 φίλτρον,
2600 1456 2686 1514 οἷα
2714 1462 2780 1531 τῇ
2802 1459 2960 1529 φύσει
2984 1458 3155 1510 ταῦτά
3176 1460 3345 1517 ἐστιν,
3376 1457 3585 1524 ἀνάγκη

2021 1557 2173 1608 πᾶσα
2210 1553 2446 1607 τοιοῦτον
2478 1552 2730 1621 γενέσθαι
2773 1554 2869 1605 καὶ
2899 1552 2989 1604 τὸν
3026 1548 3085 1603 ἐν
3115 1549 3342 1611 ἐκείνοις
3360 1548 3586 1618 γενόμε-

2025 1662 2132 1699 νον.
2180 1646 2332 1698 Ἐπεὶ
2360 1640 2452 1697 οὖν
2499 1632 2695 1706 ἐν“τοίς
2722 1638 2839 1696 οὖσι
2874 1642 2933 1695 τὸ
2971 1641 3069 1712 μέν
3114 1656 3195 1693 τοι
3230 1638 3432 1709 ἀληθές
3454 1640 3583 1696 ἐστι,

2024 1737 2085 1790 τὸ
2109 1736 2167 1789 δὲ
2206 1735 2453 1804 μάταιον,
2495 1734 2581 1786 ἵνα
2611 1732 2698 1786 διά
2726 1734 2824 1802 τῆς
2850 1729 3325 1802 ἀντιπαραθέσεως
3351 1730 3456 1801 τὴν
3489 1727 3588 1781 τῶν

2024 1826 2241 1896 ἀληθῶς
2293 1827 2460 1880 ὅντων
2516 1824 2676 1895 φύσιν
2707 1825 3009 1894 νοήσωμεν.
3033 1822 3192 1876 Οὕτω
3231 1821 3340 1890 γὰρ
3385 1819 3589 1874 ποιοῦσι

2024 1917 2224 1980 πάντες
2239 1918 2287 1970 ol
2318 1919 2480 1985 ἆγιοι.
2513 1917 2636 1977 τοὺς
2651 1914 3062 1987 ἀποσφαλέντας
3084 1913 3182 1983 τῆς
3211 1909 3430 1975 εὐθείας
3456 1910 3586 1973 ὁδοῦ,

2023 2011 2119 2063 καὶ
2145 2008 2234 2062 διά
2275 2009 2377 2077 τῆς
2405 2007 2826 2077 πεπλανημένης
2856 2003 3291 2076 ὁδοιποροῦντας,
3326 2000 3470 2074 πρὸς
3500 2002 3591 2072 τὴν

2023 2103 2140 2157 ὁδὸν
2179 2101 2270 2171 ἀφ’
2307 2095 2375 2170 ἦς
2423 2099 2800 2171 ἐξετράπησαν
2850 2098 3234 2164 ἐπανάγοντες,
3291 2096 3591 2165 ἐμϐοῶντες

2024 2192 2325 2265 πόρρωθεν,
2374 2193 2456 2245 ὅτι
2508 2191 2650 2259 Φύγε
2680 2190 2779 2259 τὴν
2808 2189 2925 2243 ὁδὸν
2962 2191 3019 2243 ἐν
3121 2188 3349 2259 πορεύῃ.
3383 2188 3593 2258 Λῃσταὶ

2022 2287 2132 2356 γὰρ
2172 2285 2293 2338 κατ’
2321 2283 2489 2352 αὐτὴν
2516 2282 2609 2335 καὶ
2640 2281 2964 2343 λωποδύται,
3002 2281 3095 2334 καὶ
3125 2281 3328 2349 φονέων
3359 2280 3589 2347 ἐνέδραι,

2023 2380 2057 2449 ἢ
2108 2379 2201 2430 ἵνα
2246 2375 2361 2445 ἃμα
2395 2376 2492 2443 μὲν
2522 2375 2550 2426 ὁ
2599 2373 2777 2440 ὁδίτης
2815 2372 2905 2424 τὸν
2945 2371 3187 2425 κίνδυνον
3218 2373 3472 2441 ἐκτραπῇ
3504 2371 3595 2442 τῆς

2023 2468 2271 2538 ὀλεθρίας
2294 2465 2412 2517 ὁδοῦ
2437 2482 2450 2493 ·
2478 2467 2511 2534 ἡ
2547 2463 2604 2516 δὲ
2634 2462 2978 2534 ἀναχώρησις
3011 2462 3246 2532 ἐκείνης,
3274 2462 3473 2533 ὁδηγία
3504 2463 3593 2530 τῆς

2026 2559 2302 2628 σωζούσης
2323 2557 2547 2624 γίνεται.
2574 2553 2756 2615 Οὕτως
2782 2554 2875 2607 καὶ
2902 2554 2930 2605 ὁ
2960 2553 3129 2623 μέγας
3147 2553 3591 2623 Ἐκκλησιαστης,

2025 2650 2226 2705 ἄνωθεν
2251 2649 2376 2701 ἐϐόα
2409 2650 2473 2717 τῇ
2512 2636 2828 2716 ἀνθρωπίνῃ
2872 2645 3030 2713 φύσει
3063 2648 3128 2716 τῇ
3157 2647 3215 2698 ἐν
3248 2644 3441 2714 ἀϐάτῳ
3470 2645 3593 2698 πλα-
3662 2714 3666 2725 ί

2024 2742 2237 2812 νωμένῃ
2260 2740 2352 2793 καὶ
2370 2740 2466 2807 οὐχ
2502 2738 2623 2807 ὁδῷ,
2647 2736 2827 2800 καθώς
2852 2752 3015 2806 φησιν
3037 2739 3065 2788 ὁ
3086 2735 3398 2806 Προφήτης,
3430 2736 3593 2789 ταῦτα

2024 2834 2282 2902 ἄντικρυς
2330 2830 2395 2882 δι’
2423 2823 2495 2881 ὧν
2535 2828 2832 2897 φθέγγεται
2861 2827 3055 2894 λέγων·
3103 2826 3169 2878 Τί
3204 2827 3484 2880 πλανᾶσθε
3515 2826 3595 2879 διά

2024 2925 2119 2977 τοῦ
2145 2925 2281 2993 βίου,
2321 2915 2365 2974 ὦ
2407 2919 2716 2989 ἄνθρωποι;
2767 2917 2832 2970 Τί
2875 2918 3127 2985 ἀγαπᾶτε
3153 2917 3223 2969 τὰ
3254 2917 3485 2987 μάταια,
3509 2934 3593 2970 και

348 3014 404 3057 et
434 3005 659 3073 diligitis
687 3020 751 3057 ea
781 3018 902 3071 qum
929 3018 1037 3056 non
1071 3010 1302 3071 possunt
1330 3003 1635 3056 consistere
1657 3043 1671 3067 ,
1703 3010 1755 3055 et
1791 3018 1816 3051 ει

2114 3019 2229 3068 εἴτε
2250 3013 2320 3066 τά
2354 3012 2717 3073 ἀνυπόστατα,
2768 3010 2861 3061 καὶ
2899 3010 3306 3080 προστετήκατε
3332 3013 3399 3080 τῇ
3426 3009 3590 3063 διαθέ-

353 3097 537 3150 ctione
572 3096 627 3148 in
660 3096 730 3149 iis
767 3094 1158 3148 contabescitis
1199 3109 1431 3163 quorum
1479 3093 1626 3146 n'ulla
1670 3100 1755 3147 est
1797 3092 1928 3146 sub-

351 3187 591 3242 stantia?
615 3188 735 3239 Alia
763 3192 848 3240 est
874 3186 960 3238 via
991 3186 1214 3240 minime
1245 3200 1436 3240 errans
1462 3192 1517 3238 et
1547 3185 1835 3248 salutaris,
1865 3185 1930 3238 il-

358 3279 465 3330 lam
495 3275 737 3345 diligite,
768 3276 822 3327 in
854 3275 943 3328 illa
967 3275 1243 3328 ambulate
1272 3290 1366 3344 per
1391 3275 1710 3329 charitatem
1731 3315 1744 3338 ,
1773 3276 1930 3343 cujus

353 3383 548 3422 nomen
579 3376 663 3421 est
693 3366 895 3422 veritas
916 3407 931 3431 ,
960 3375 1014 3420 et
1041 3366 1152 3418 vita
1173 3406 1186 3427 ,
1218 3375 1271 3419 et
1302 3367 1645 3437 incorruptio
1666 3407 1680 3431 ,
1711 3375 1764 3420 ct
1800 3368 1890 3420 lux
1912 3409 1927 3432 ,

349 3470 406 3514 ot
441 3475 561 3529 qua:
596 3467 725 3514 sunt
758 3457 1098 3529 hujusmodi.
1140 3457 1267 3512 Haec
1299 3467 1485 3513 autem
1515 3460 1603 3514 via
1638 3474 1734 3529 per
1765 3475 1929 3529 quam

353 3567 500 3606 nunc
552 3550 812 3613 curritis,
856 3550 1019 3621 digna
1064 3530 1148 3605 est
1190 3565 1352 3621 quam
1402 3548 1529 3603 odio
1575 3549 1825 3604 habeatis
1876 3557 1932 3605 et

352 3642 717 3706 aversemini;
754 3651 904 3697 caret
941 3642 1086 3697 enim
1121 3643 1239 3696 luce
1261 3684 1275 3707 ,
1312 3653 1365 3697 et
1398 3652 1482 3697 est
1517 3643 1816 3711 intercepta
1852 3650 1933 3697 te-

353 3735 575 3801 nebris,
605 3735 869 3804 ducitque
918 3733 981 3791 ad
1039 3735 1375 3804 praecipitia,
1424 3744 1480 3789 et
1530 3735 1826 3796 barathra,
1877 3743 1931 3789 et

350 3826 591 3880 ferarum
621 3827 843 3881 latibula
864 3867 879 3890 ,
905 3833 959 3880 et
989 3828 1056 3879 ad
1083 3828 1357 3880 latronum
1388 3826 1638 3882 insidias.
1669 3827 1769 3891 Qui
1801 3843 1930 3896 ergo

352 3919 492 3973 dixit
518 3937 530 3971 :
556 3935 575 3968 ι
600 3917 839 3987 Tempus
862 3927 948 3972 est
977 3918 1216 3980 amandi,
1243 3937 1260 3969 ι
1290 3917 1530 3973 ostendit
1552 3917 1603 3971 id
1632 3918 1777 3987 quod
1801 3935 1929 3974 vere

351 4020 436 4063 est
485 4008 718 4061 amabile
766 4016 820 4061 et
867 4007 1244 4077 diligendum:
1305 4016 1359 4061 et
1404 4008 1496 4077 qui
1548 4007 1674 4062 odio
1715 4017 1930 4079 tempus

353 4098 641 4166 ascripsit,
674 4095 834 4151 docet
859 4112 1107 4167 quaenam
1137 4099 1246 4152 sint
1279 4098 1601 4153 aversanda.
1634 4099 1770 4154 Cum
1798 4117 1928 4171 ergo

353 4189 405 4244 id
431 4190 573 4259 quod
606 4198 690 4243 est
723 4198 915 4243 natura
948 4189 1240 4242 amandum
1272 4187 1663 4253 didicerimus,
1703 4190 1754 4244 id
1786 4206 1930 4246 com-

353 4284 656 4352 plertanmr
697 4298 790 4349 per
827 4281 1187 4344 charitatem,
1231 4281 1300 4336 ab
1343 4298 1408 4336 eo
1450 4282 1673 4336 minime
1717 4279 1922 4346 a‘vrrsi,

2029 3118 2110 3154 σει
2142 3099 2366 3161 τούτοις,
2390 3092 2460 3149 ὧν
2482 3098 2628 3149 ἐστιν
2651 3096 2871 3165 οὐδεμία
2892 3097 3188 3159 ὑπόστασις
3214 3113 3228 3160 ;
3261 3098 3435 3170 ’Ἄλλη
3456 3100 3595 3151 ἐστὶν

2026 3193 2142 3254 ὁδὸς
2177 3190 2421 3258 ἀπλανὴς
2473 3206 2529 3241 τε
2563 3190 2655 3241 καὶ
2700 3190 2999 3259 σωτήριος·
3046 3188 3262 3257 ἐκείνην
3312 3189 3591 3261 φιλήσατε,

2028 3285 2085 3335 ἐν
2112 3282 2293 3350 ἐκείνῃ
2316 3280 2402 3332 διὰ
2422 3280 2518 3349 τῆς
2546 3279 2764 3347 ἀγάπης
2784 3278 3194 3349 ὁδοιπορήσατε,
3229 3276 3296 3351 ἧς
3315 3283 3374 3333 τὸ
3408 3282 3590 3352 ὄνομα,

2029 3369 2254 3442 ἀλήθειά
2283 3371 2397 3421 ἐστι
2446 3369 2539 3421 καὶ
2580 3368 2712 3440 ζωὴ,
2749 3369 2840 3421 καὶ
2872 3369 3166 3440 ἀφθαρσῖα,
3208 3372 3303 3424 καὶ
3336 3372 3475 3439 φῶς,
3510 3373 3593 3426 καὶ

2028 3463 2095 3516 τὰ
2123 3462 2345 3515 τοιαῦτα
2371 3480 2380 3488 ·
2407 3460 2545 3529 αὕτη
2567 3459 2621 3511 δὲ
2646 3462 2677 3529 ἡ
2707 3461 2822 3520 ὁδὸς
2843 3454 2991 3530 δι’ἦς
3024 3460 3119 3512 νῦν
3146 3461 3388 3532 τρέχετε,
3416 3464 3592 3533 μίσους

2030 3555 2122 3609 καὶ
2170 3554 2515 3625 ἀποστροφῆς
2557 3552 2680 3615 ἀξία
2702 3570 2714 3582 ο
2753 3553 2998 3622 ἀφεγγὴς
3021 3552 3128 3624 γάρ
3154 3556 3269 3607 ἐστι
3298 3557 3391 3607 καὶ
3424 3557 3592 3608 σκότει

2027 3645 2405 3715 διειλημμένη,
2437 3644 2515 3706 εἰς
2543 3643 2816 3713 κρημνοὺς
2842 3641 2895 3694 δὲ
2920 3642 3060 3708 ἄγει,
3092 3643 3183 3695 καὶ
3214 3642 3486 3715 βάραθρα,
3509 3648 3590 3697 καὶ

2029 3737 2311 3810 θηριώδεις
2365 3737 2578 3798 τόπους,
2635 3734 2728 3786 καὶ
2786 3731 2998 3803 λῃστῶν
3050 3732 3286 3799 ἐνέδρας.
3333 3736 3393 3788 ὐ
3424 3735 3591 3787 τοίνυν

2029 3828 2219 3889 εἰπὼν,
2251 3848 2267 3878 ι
2287 3826 2490 3896 Καιρὸς
2513 3824 2606 3878 τοῦ
2640 3824 2882 3893 φιλῆσαι,
2911 3844 2930 3876 ι
2949 3825 3009 3877 τὸ
3036 3825 3257 3893 φιλητὸν
3288 3825 3367 3887 ὡς
3392 3824 3589 3896 ἀληθῶς

2029 3923 2123 3975 ml.
2144 3918 2431 3989 ἀγαπητὸν
2469 3916 2766 3979 ἐνεδείξατο
2790 3932 2801 3944 ’
2839 3916 2933 3969 καὶ
2964 3917 2993 3967 ὁ
3027 3914 3105 3984 τῷ
3130 3916 3279 3985 μίσει
3299 3917 3391 3970 τὸν
3412 3916 3589 3986 καιρὸν

2028 4009 2369 4080 προγράψας.
2416 3998 2492 4058 ὧν
2526 4003 2631 4075 χρὴ
2660 4004 2758 4073 τὴν
2801 4003 3151 4075 ἀποστροφὴν
3171 4004 3318 4074 ἔχειν
3338 4006 3587 4069 ἐδίδαξεν-

2028 4099 2236 4155 Οὑκοῦν
2286 4097 2543 4169 μαθόντες
2569 4096 2629 4147 τὸ
2655 4095 2936 4165 ἀγαπητὸν
2974 4098 3041 4166 τῇ
3088 4095 3270 4163 φύσει,
3302 4098 3493 4150 τούτου
3510 4095 3588 4149 διὰ

2026 4188 2126 4258 τῆς
2158 4186 2379 4255 ἀγάπης
2429 4182 2830 4256 περιεχώμεθα,
2862 4183 3109 4253 μηδαμοῦ
3146 4187 3587 4257 παρατραπέντες

2029 4280 2135 4334 ὑπὸ
2173 4258 2285 4349 τῆς.
2300 4276 2428 4348 περὶ
2459 4276 2518 4329 τὸ
2550 4275 2711 4327 καλὸν
2748 4275 3021 4344 ἀκρισίας,
3062 4276 3119 4327 ἐν
3159 4274 3371 4338 τούτοις
3393 4277 3453 4329 τὸ
3482 4275 3588 4345 φίλ-
3642 4286 3667 4311 κ

350 4388 415 4424 ex
477 4386 542 4424 eo
596 4371 742 4437 quod
798 4373 999 4427 bonum
1050 4378 1105 4423 et
1173 4370 1460 4425 honestum
1522 4370 1769 4437 judicare
1814 4389 1826 4425 I

2109 4390 2152 4425 >ν
2180 4371 2603 4439 δαπανήσαντες,
2654 4368 2711 4418 ἐν
2752 4361 2833 4428 οἷς
2875 4365 3208 4435 ἀπαγορεύει
3248 4367 3345 4419 καὶ
3379 4370 3408 4421 ὁ
3430 4367 3585 4438 μέγας

354 4460 656 4529 possimus,
702 4472 943 4513 amorem
978 4459 1032 4512 in
1083 4458 1151 4512 iis
1192 4465 1606 4519 consumentes,
1640 4459 1693 4512 in
1722 4460 1923 4529 quibus

352 4549 606 4619 prohibet
642 4564 872 4619 magnus
906 4549 1072 4603 David
1099 4591 1112 4612 ,
1146 4550 1330 4604 dicens
1359 4569 1371 4603 :
1400 4569 1418 4601 ι
1450 4548 1568 4603 Filii
1604 4550 1920 4613 hominum,

350 4654 640 4710 quousque
667 4643 818 4711 gravi
846 4640 1010 4695 corde
1035 4642 1058 4693 ?
1096 4656 1196 4694 cur
1222 4640 1449 4710 diligitis
1494 4641 1786 4695 vanitatem
1808 4681 1822 4704 ,
1869 4649 1924 4696 et

347 4729 599 4801 quieritis
623 4730 964 4786 mendacium
990 4731 1034 4763 “
1057 4732 1116 4785 ἲ»
1139 4730 1232 4784 Est
1255 4732 1400 4785 enim
1431 4732 1597 4785 unum
1625 4732 1800 4786 solum
1832 4747 1925 4786 na-

348 4832 475 4881 tura
502 4821 835 4892 diligendum
859 4862 874 4887 ,
922 4821 972 4876 id
1002 4821 1145 4890 quod
1175 4837 1300 4876 vere
1341 4831 1460 4889 est,
1499 4822 1565 4877 de
1598 4838 1707 4891 quo
1754 4822 1918 4878 etiam

347 4912 483 4967 dicit
517 4911 602 4966 lex
637 4912 887 4982 Decalogi
920 4930 933 4965 :
964 4930 980 4962 ι
1012 4911 1211 4980 Diliges
1247 4908 1530 4965 Dominum
1564 4911 1728 4967 Deum
1764 4920 1916 4968 tuum

346 5020 411 5057 ex
447 5011 562 5058 toto
593 5004 758 5058 corde
785 5011 911 5067 tuo,
947 5011 999 5057 et
1031 5017 1096 5057 ex
1126 5011 1237 5057 tota
1272 5013 1452 5060 mente
1478 5015 1569 5058 tua
1592 5045 1605 5067 ,
1634 5013 1687 5059 et
1713 5018 1778 5060 ex
1809 5013 1921 5060 tota

336 5094 529 5169 anima
562 5103 652 5147 tua
677 5093 743 5149 “.
773 5113 791 5145 ι
825 5093 887 5146 Et
934 5109 1101 5147 unum
1144 5102 1228 5148 est
1269 5110 1464 5149 rursus
1508 5112 1631 5149 vere
1656 5096 1781 5149 odio
1827 5097 1923 5149 lia-

348 5184 585 5240 bendnm
606 5226 620 5249 ,
650 5202 842 5255 nempe
870 5185 985 5239 vitii
1019 5185 1293 5251 inventor,
1321 5189 1446 5240 vitae
1477 5198 1677 5241 nostrae
1705 5188 1880 5242 hostis
1904 5205 1919 5253 ;

347 5273 534 5341 dequo
554 5272 832 5337 dicitlex,‘
848 5273 988 5328 0dio
1007 5274 1532 5329 liabebisinimicum
1547 5274 1775 5330 tuum“.
1795 5300 1809 5329 ι
1826 5275 1917 5330 Dei

344 5365 489 5417 enim
508 5365 753 5427 dilectio,
774 5372 859 5420 est
882 5366 1147 5421 fortitudo
1166 5365 1390 5436 ejusqui
1411 5366 1607 5437 diligit.
1629 5366 1707 5420 Ad
1724 5367 1915 5421 vitium

346 5466 527 5509 autem
553 5452 768 5511 alicrtio
790 5459 1015 5511 exitium
1040 5460 1190 5513 allerl
1212 5460 1258 5513 ei
1277 5461 1371 5528 qui
1394 5461 1595 5513 malum
1615 5460 1807 5531 diligit.
1827 5459 1918 5514 Sic

2029 4462 2211 4524 Δαὸὶδ,
2246 4461 2448 4530 λέγων’
2477 4479 2496 4511 ι
2536 4459 2653 4511 Υἱοὶ
2685 4456 3008 4529 ἀνθρώπιον,
3040 4458 3143 4521 ἕως
3164 4458 3292 4511 πότε
3320 4459 3587 4530 papauer.-

2026 4555 2167 4631 διοις
2202 4555 2289 4609 ἵνα
2329 4551 2380 4605 τί
2422 4550 2670 4618 ἀγαπᾶτε
2718 4549 3069 4620 ματαιότητα,
3097 4551 3192 4602 καὶ
3222 4549 3440 4620 ζητεῖτε
3468 4550 3585 4619 ψεῦ-

2023 4630 2147 4712 δος;
2180 4644 2307 4699 »Ἐν
2331 4644 2440 4714 γὰρ
2478 4630 2635 4711 μόνῶ
2659 4641 2938 4711 ἀγαπητὸν
2982 4643 3045 4711 τῇ
3077 4641 3257 4709 φύσει,
3298 4641 3359 4694 τὸ
3388 4640 3585 4712 ἀληθῶς

2023 4732 2104 4794 δν,
2139 4729 2267 4801 περὶ
2322 4722 2385 4782 οὗ
2424 4745 2557 4799 φησι
2604 4729 2696 4782 καὶ
2740 4730 2772 4797 ἡ
2812 4728 3114 4796 Δεκαλόγου
3155 4729 3476 4799 νομοθεσία,
3514 4730 3586 4781 ὅτι

2031 4842 2049 4874 ι
2073 4821 2401 4890 Ἀγαπήσεις
2427 4817 2623 4890 Κύριον
2643 4819 2731 4872 τὸν
2753 4818 2886 4871 Θεόν
2909 4836 3000 4871 σου
3022 4819 3080 4884 ἐξ
3100 4819 3225 4889 ὅλης
3248 4820 3347 4888 τῆς
3365 4820 3585 4881 διανοίας

2026 4929 2139 4965 σου.
2156 4930 2173 4961 ι
2200 4911 2307 4961 Καὶ
2326 4908 2384 4960 ἓν
2406 4908 2575 4961 πάλιν
2607 4909 2831 4978 μισητὸν
2850 4911 2915 4979 τῇ
2944 4909 3189 4981 ἀληθείᾳ,
3222 4912 3251 4963 ὁ
3280 4911 3380 4980 τῆς
3403 4910 3585 4970 xenia;

2024 4999 2271 5076 εὑρετὴς,
2311 4999 2340 5049 ὁ
2392 4997 2492 5066 τῆς
2519 4995 2664 5066 ζωῆς
2693 4996 2850 5067 ἡμῶν
2878 4997 3137 5066 πολέμιος
3157 5016 3169 5026 ·
3193 5000 3321 5069 περὶ
3339 4995 3401 5053 οὗ
3435 5014 3583 5068 φησιν

2022 5092 2053 5142 ὁ
2084 5090 2263 5159 νόμος,
2314 5088 2395 5140 ὅτι
2438 5106 2455 5139 ι
2485 5088 2750 5157 Μισήσεις
2785 5088 2877 5141 τὸν
2891 5084 3083 5157 ἐχθρόν
3098 5106 3211 5143 σου.
3232 5108 3250 5139 υ
3272 5090 3336 5143 'ﬂ
3371 5093 3478 5162 γὰρ
3500 5087 3581 5140 τοῦ

2025 5181 2160 5233 Θεοῦ
2191 5180 2402 5249 ἀγάπη,
2429 5179 2582 5248 ἰσχὺς
2601 5178 2694 5231 τοῦ
2734 5178 3053 5246 ἀγαπῶντος
3073 5179 3300 5247 γίνεται·
3325 5184 3358 5252 ἡ
3388 5182 3445 5234 δέ
3467 5179 3580 5249 πρὸς

2021 5271 2120 5343 τὴν
2153 5271 2350 5323 κακίαν
2388 5269 2644 5332 διάθεσις,
2692 5268 3100 5341 δλεθρονιφέρει
3142 5271 3219 5343 τῷ
3259 5272 3427 5326 κακὸν
3462 5271 3581 5337 ἀγα-

2024 5363 2215 5416 πῶντι.
2257 5361 2414 5414 Οὕτω
2464 5361 2571 5430 γάρ
2610 5377 2773 5431 φησιν
2811 5363 2838 5431 ἡ
2889 5362 3230 5433 προφητείαο
3261 5382 3282 5415 ‹
3305 5365 3578 5433 Ἀγαπήσω

2026 5471 2107 5518 σε,
2142 5454 2334 5525 Κύριε,
2381 5456 2413 5523 ἡ
2440 5453 2615 5523 ἰσχύς,
2628 5470 2727 5523 μου
2754 5468 2769 5482 ’
2800 5452 2999 5525 Κύριος
3029 5454 3315 5527 στερέωμά
3349 5473 3469 5527 μου,
3497 5448 3578 5506 καὶ

418 5646 463 5679 ⁸ο
500 5645 659 5700 lum.
699 5662 769 5711 vl,
797 5648 885 5702 56.
967 5650 1005 5681 δ’
1048 5650 1325 5714 Psal.t:v|,
1350 5652 1435 5706 40.
1516 5657 1558 5685 ’²
1599 5650 1747 5710 Psal.
1773 5656 1925 5724 H55.
2007 5655 2056 5687 ⁸³
2104 5654 2263 5711 Deut.
2299 5655 2444 5723 “,5.
2523 5655 2566 5687 “
2605 5654 2798 5711 Matth.
2826 5673 2878 5721 v,
2904 5655 2994 5711 l3.
3056 5674 3069 5681 ‘
