3752 5984
71 176 91 221 ζ
115 220 206 272 7H

1123 202 1188 256 IN
1232 194 1764 256 ECCLESIAS’I‘EN.
1806 190 2092 246 IIUMILIA
2126 189 2255 242 VIII.

3241 181 3344 236 7i!

116 325 392 397 καταφυγή
418 336 541 395 μου,
563 322 658 376 καὶ
677 320 879 393 ρύστης
902 328 1053 389 pou.)
1078 318 1209 388 Περὶ
1230 317 1285 369 δὲ
1315 314 1408 370 τοῦ
1433 312 1673 367 ἐναντίου

1844 305 1919 359 im
1951 305 2084 359 dicit
2127 301 2409 378 prophetia
2437 320 2449 356 :
2479 318 2499 352 ι
2529 298 2761 371 Diligam
2805 307 2860 355 te
2887 342 2905 367 ,
2943 298 3207 369 Domine,
3239 298 3349 356 lor-

118 419 296 490 φησιν,
322 435 341 467 ι
362 417 421 468 '0
452 415 508 467 δὲ
536 412 766 480 ἀγαπῶν
808 411 908 483 τὴν
932 409 1163 473 ἀδικίαν,
1194 409 1341 478 μισεῖ
1360 405 1459 476 τὴν
1477 403 1671 458 ἑαυτοῦ

118 512 305 581 ψυχήν.
339 503 641 576 Ἐπισρέξει
670 503 763 555 ἐπὶ
784 498 1138 572 ἁμαρτωλοὺς
1167 498 1387 567 παγίδα.
1419 517 1438 548 ι
1468 493 1675 562 Καιρὸς

119 597 325 659 οὖν’τοῦ
357 596 490 667 πρὸς
511 596 645 649 Θεὸν
681 595 901 666 φίλτρου
927 597 959 663 ή
992 593 1105 665 ζωὴ
1141 593 1308 654 πᾶσα,
1339 590 1434 643 καὶ
1456 588 1554 658 τῆς
1580 585 1674 638 τοῦ

120 688 480 759 ἀντικειμένου
509 674 913 757 ἀλλοτριώσεως
937 686 968 738 ὁ
997 684 1110 755 βίος
1138 683 1277 747 ὅλος.
1309 684 1372 735 '0
1391 683 1447 735 δὲ
1478 680 1675 751 μικρόν

121 798 167 834 τι
183 779 276 847 τῆς
299 774 446 845 ζωῆς
477 774 582 838 ἔξω
604 772 698 826 τοῦ
726 772 900 841 φιλεῖν
931 771 1025 825 τὸν
1057 770 1190 824 Θεὸν
1226 767 1538 838 γενόμενος,
1567 764 1673 830 ἔξω

120 870 318 939 γίνεται
357 866 573 928 πάντως
606 858 668 935 οὗ
697 865 795 934 τῆς
825 863 1045 932 ἀγάπης
1090 861 1440 933 κεχώρισται.
1479 859 1584 911 Τὸν
1616 856 1675 910 δὲ

118 958 216 1024 ἔξω
238 954 330 1009 τοῦ
353 952 490 1007 Θεοῦ
500 953 812 1022 γενόμενον,
831 950 936 1015 ἔξω
962 945 1102 1004 εἶναι
1117 949 1210 1003 τοῦ
1228 948 1404 1018 φωτὸς
1427 947 1671 1017 ἀνάγκη·

68 1110 75 1113 ι
126 1047 244 1100 διότι
291 1044 408 1114 φῶς
457 1046 486 1097 ὁ
529 1042 695 1107 Θεός·
742 1041 848 1109 ἔξω
877 1041 935 1096 δὲ
967 1041 1058 1094 καὶ
1104 1041 1203 1111 τῆς
1251 1037 1398 1109 ζωῆς
1438 1037 1530 1090 καὶ
1574 1035 1677 1107 τῆς

119 1137 440 1207 ἀφθαρσίας,
460 1134 561 1189 καὶ
582 1133 779 1196 παντὸς
807 1133 902 1187 τοῦ
930 1133 1066 1204 πρὸς
1094 1131 1153 1185 τὸ
1173 1132 1415 1202 κρεῖττον
1443 1128 1678 1199 θεωρου-

122 1228 271 1298 μένου
310 1226 582 1297 νοήματός
632 1241 694 1279 τε
716 1225 818 1298 ,καὶ
851 1224 1202 1296 πράγματος*
1247 1221 1393 1291 ἅπερ
1442 1220 1619 1274 πάντα
1646 1218 1675 1271 ὁ

118 1293 239 1382 θεός
268 1293 444 1371 ἐστιν.
490 1317 548 1371 '0
577 1317 685 1388 γὰρ
714 1293 774 1371 ἓν
813 1293 1020 1378 τούτοις
1063 1314 1138 1385 μὴ
1175 1312 1274 1377 ὢν,
1304 1314 1362 1366 ἐν
1387 1314 1499 1375 τοῖς
1532 1311 1677 1364 ἐναν-

117 1409 241 1472 τίοις
280 1407 497 1472 πάντως
537 1395 704 1460 ἐστίν.
746 1404 955 1459 Οὐκοῦν
985 1404 1262 1474 ἐκδέχεται
1304 1403 1394 1455 τὸν
1432 1398 1672 1454 τοιοῦτον

120 1499 295 1565 σκότος
344 1499 444 1555 καὶ
470 1497 755 1585 δισφθορά,
801 1496 896 1552 καὶ
922 1493 1269 1573 πανωλεθρία
1297 1492 1390 1554 καὶ
1421 1489 1671 1554 θάνατος.

175 1847 354 1902 Ταῦτα
405 1849 467 1901 ὲν
519 1846 742 1918 βραχείᾳ
794 1849 945 1917 φωνῇ
1008 1848 1036 1899 ό
1096 1844 1218 1898 τοῦ·
1247 1836 1670 1910 Ἑκκλησιοίστοῦ

114 1939 255 2006 λόγος
284 1936 500 2002 διελὼν,
538 1936 867 1988 ἐπιδείκνυσι
900 1937 966 2004 τῇ
1008 1933 1247 2004 εὐκαίρῳ
1270 1932 1441 2002 φιλίᾳ,
1474 1932 1567 1983 καὶ
1596 1929 1674 2000 τῷ

115 2029 242 2083 κατὰ
270 2028 464 2099 καιρὸν
512 2027 884 2098 ὲνεργουμὲνῳ
922 2026 1089 2097 μίσει,
1132 2025 1230 2096 τὴν
1270 2023 1530 2095 ἑκατέρου
1566 2022 1682 2075 τῶν

115 2119 242 2173 κατά
291 2119 351 2172 τὸ
415 2118 663 2173 ἐναντίον
732 2116 1036 2187 νοουμένων
1090 2115 1248 2186 φύσιν
1300 2113 1671 2183 ἀποκαλύψας.

113 2208 319 2279 Καιρδς,
345 2208 539 2276 φησὶν,
566 2205 659 2258 τοῦ
700 2205 924 2274 φιλῆσαι
979 2204 1040 2256 τὸ
1086 2202 1287 2271 ἀγαθὸν
1311 2241 1326 2265 ,
1361 2203 1454 2255 καὶ
1487 2202 1677 2271 καιρὸς

112 2299 259 2354 πάλιν
301 2298 393 2353 τοῦ
450 2298 676 2369 μισῆσαι
708 2296 770 2349 τὸ
813 2296 1070 2349 ἐναντίον.
1101 2295 1258 2364 Λέγει
1284 2296 1360 2362 δὲ,
1388 2298 1470 2350 ὅτι
1504 2297 1598 2363 Σὺ,
1631 2291 1675 2349 ὦ

112 2390 371 2462 ἄνθρωπε,
402 2389 547 2461 πρὸς
580 2389 640 2441 τὸ
675 2387 837 2441 καλὸν
883 2388 995 2440 οἷον
1031 2385 1243 2456 βλέπειν
1274 2387 1366 2439 τὸν
1400 2387 1577 2455 λόγον.
1611 2388 1675 2440 'H

110 2483 210 2552 γὰρ
229 2481 421 2553 ὲνηλλα
433 2479 605 2551 γμὲνη
633 2497 691 2532 τε
718 2478 812 2531 καὶ
838 2476 1228 2547 πεπλανημένη
1254 2478 1387 2548 πρὸς
1414 2478 1675 2549 ἑκάτερον

113 2571 303 2624 τούτων
324 2572 430 2643 τῆς
449 2571 630 2641 ψυχῆς
654 2569 808 2641 ἡμῶν
833 2568 1094 2632 διάθεσις,
1136 2568 1256 2638 ῥίζα
1289 2568 1381 2622 καὶ
1413 2569 1553 2639 ἀρχὴ
1580 2569 1675 2639 τῆς

67 2687 83 2699 ο
119 2662 372 2733 ἁμαρτίας
388 2660 816 2722 ὲστίν.ιούὸεὶς»
833 2659 944 2730 γὰρ
964 2678 982 2709 ι
1001 2659 1244 2719 δύναται,
1266 2677 1283 2709 ι
1306 2659 1489 2728 φησὶν,
1515 2678 1533 2709 ι
1556 2659 1678 2712 δυσὶ

119 2750 313 2822 κυρίοις
337 2750 686 2820 δουλεύεινοῆ
712 2749 819 2818 γάρ
839 2749 927 2802 τὸν
954 2749 1048 2802 ἕνα
1073 2748 1290 2818 μισήσει
1321 2749 1534 2802 καὶτὸν
1561 2749 1679 2801 ἓτε-

121 2860 203 2912 ρον
228 2844 525 2914 ἀγαπήσει.
553 2861 571 2894 ι
592 2842 857 2908 Ἐδίδαξεν
883 2842 916 2911 ή
937 2840 1326 2911 άντιδιαστολὴ.
1347 2841 1430 2903 τίς
1448 2843 1476 2894 ὁ
1494 2840 1678 2904 κακῶς

1772 395 1947 451 titudo
1974 408 2092 449 mea
2117 411 2130 446 :
2161 392 2423 445 Dominus
2455 389 2857 444 ﬁrmamentum
2884 404 3062 444 meum
3087 430 3104 457 ,
3126 402 3182 446 et
3204 390 3349 445 refu-

1773 487 1919 558 gium
1964 499 2177 544 meum,
2222 491 2275 536 et
2326 482 2583 534 liberator
2624 494 2780 533 mens
2820 478 2887 532 “.
2914 498 2933 531 ι
2960 479 3033 533 De
3065 482 3347 536 contrario

1773 583 1952 631 autem
1984 573 2119 628 dicit
2144 595 2156 627 :
2180 591 2198 623 ι
2223 571 2325 638 Qui
2367 580 2547 625 autem
2590 570 2769 637 diligit
2807 569 3190 639 iniquitatem,
3232 571 3350 626 odit

1774 667 2011 720 animam
2034 678 2211 719 suam.
2227 663 2385 715 Pluet
2411 676 2577 729 super
2607 668 2926 730 peccatores
2952 661 3204 731 laqueum
3227 660 3298 715 “.
3323 678 3342 713 ι

1774 755 2011 824 Tempus
2040 768 2172 822 ergo
2200 752 2456 822 diligendi
2488 750 2656 806 Deum
2682 760 2765 806 est
2808 758 2917 805 tota
2945 752 3087 813 vita,
3116 758 3167 807 et
3208 759 3349 806 tem-

1772 861 1876 915 pus
1901 844 2319 900 abalienationis
2351 844 2419 897 ab
2447 843 2764 896 adversario
2800 851 2885 897 est
2910 850 3080 895 totum
3127 850 3344 912 tempus

1775 936 1916 990 vitae.
1950 936 2051 999 Qui
2096 943 2277 988 autem
2316 949 2487 1004 parvo
2527 933 2712 1002 aliquo
2752 934 2877 988 vitae
2919 948 3032 988 sua:
3061 934 3239 1003 spatio
3262 942 3349 988 est

1774 1035 2019 1085 remotus
2064 1043 2094 1081 a
2138 1026 2235 1082 Dei
2263 1026 2557 1082 dilectione
2587 1066 2601 1090 ,
2634 1027 2795 1094 plane
2833 1026 2946 1080 exit
2970 1028 3037 1091 ab
3059 1042 3158 1091 eo,
3189 1027 3348 1096 cuius

1774 1131 1804 1172 a
1851 1118 2120 1172 cbaritate
2147 1117 2431 1186 seiunctus
2456 1125 2561 1172 est.
2591 1116 2726 1169 Eum
2760 1127 2937 1169 autem
2962 1117 3054 1185 qui
3080 1125 3165 1171 est
3192 1125 3346 1171 extra

1778 1208 1981 1271 Deum,
2033 1214 2187 1263 extra
2240 1208 2416 1262 lucem
2466 1221 2592 1261 esse
2644 1220 2871 1260 necesse
2914 1214 3034 1268 est,
3085 1206 3346 1275 quoniam

1775 1297 1917 1353 Deus
1946 1306 2033 1354 est
2065 1299 2199 1353 lux:
2244 1297 2544 1367 quinetiam
2595 1304 2749 1350 extra
2795 1295 2961 1349 vitam
3008 1305 3062 1351 et
3102 1299 3350 1353 incorru-

1773 1393 2013 1458 ptionem
2036 1429 2049 1454 ,
2083 1397 2136 1442 et
2159 1397 2545 1457 quamcunque
2571 1386 2771 1440 mentis
2797 1386 3217 1454 conceptionem
3237 1426 3252 1450 ,
3294 1395 3350 1440 et

1775 1497 1889 1537 rem
1920 1518 1935 1545 ,
1970 1496 2092 1552 quae
2122 1481 2339 1548 quidem
2371 1479 2554 1534 omnia
2585 1486 2668 1532 est
2699 1477 2864 1533 Deus.
2899 1478 3001 1543 Qui
3048 1479 3192 1533 enim
3237 1493 3347 1532 non

1772 1582 1855 1628 est
1878 1573 1933 1627 in
1960 1572 2068 1636 his,
2103 1580 2186 1626 est
2217 1571 2444 1625 omnino
2473 1568 2527 1622 in
2553 1569 2870 1624 contrariis.
2893 1567 3027 1622 Eum
3050 1569 3233 1639 itaque
3254 1570 3348 1640 qui

1768 1670 1855 1719 est
1897 1662 2206 1732 ejusmodi,
2252 1660 2534 1729 excipiunt
2579 1659 2818 1714 tenebrat
2861 1668 2916 1714 et
2956 1659 3248 1724 intaritus,
3292 1668 3349 1717 et

1769 1754 1995 1809 exitium
2030 1759 2085 1806 et
2116 1766 2285 1806 mors.

1844 1864 1968 1919 llaec
1996 1879 2119 1918 cum
2149 1862 2389 1917 breviter
2413 1860 2756 1916 distinxisset
2773 1872 2955 1915 sermo
2981 1859 3345 1922 Ecclesiaste,

1773 1956 2091 2025 tempestiva
2139 1952 2414 2014 amicitia,
2474 1961 2526 2007 et
2591 1951 2716 2005 odio
2760 1950 2905 2020 quod
2958 1960 3244 2005 exercetur
3291 1952 3347 2005 in

1775 2055 2059 2116 tempore,
2103 2044 2343 2099 ostendit
2389 2042 2672 2111 aperitque
2720 2049 2972 2095 naturam
3010 2054 3197 2095 eorum
3226 2055 3351 2111 qua:

1777 2138 1881 2192 sibi
1928 2136 2210 2191 adtersari
2266 2134 2659 2203 intelliguntur.
2725 2131 2965 2200 Tempus
3012 2130 3344 2200 est,inquit,

1778 2230 1996 2284 amandi
2025 2229 2225 2282 bonum
2252 2245 2265 2279 :
2290 2233 2344 2280 et
2379 2232 2596 2294 tempus
2629 2231 2714 2278 est
2739 2238 2932 2278 rursus
2955 2222 3084 2277 odio
3113 2221 3347 2276 habendi

1773 2320 2135 2375 contrarium.
2180 2318 2319 2371 Dicit
2359 2322 2562 2378 autem,
2592 2313 2696 2378 Tu,
2730 2328 2763 2367 o
2792 2314 2975 2375 homo.
3008 2312 3259 2368 existima
3292 2311 3347 2367 id

1773 2412 1919 2481 quod
1949 2411 2152 2465 dicitur
2181 2408 2427 2477 aspicere
2456 2406 2522 2460 ad
2560 2406 2612 2459 id
2641 2405 2785 2475 quod
2815 2414 2898 2459 est
2927 2404 3130 2459 bonum
3165 2413 3219 2458 et
3248 2402 3350 2457 ho-

1773 2510 2010 2557 nestum.
2033 2498 2168 2569 Nam
2195 2516 2315 2568 quae
2334 2499 2388 2551 in
2414 2508 2643 2566 utroque
2670 2498 2863 2551 horum
2894 2504 2980 2551 est
3010 2508 3266 2567 perversa
3293 2502 3350 2550 et

1775 2594 2033 2647 aberrans
2069 2592 2263 2645 animae
2291 2589 2527 2652 affectio,
2561 2604 2622 2644 ea
2646 2597 2731 2643 est
2754 2588 2908 2642 radix
2938 2595 2993 2642 et
3022 2586 3349 2656 principium

1776 2681 2004 2752 peccati.
2025 2701 2042 2732 ι
2068 2681 2237 2736 Nemo
2252 2683 2395 2737 enim
2421 2689 2620 2751 potest,
2644 2700 2661 2732 ι
2686 2680 2862 2750 inquit
2882 2678 3194 2745 Dominus,«
3215 2678 3352 2733 duo-

1778 2772 1878 2826 bus
1909 2771 2145 2826 dominis
2178 2772 2382 2825 servire
2410 2788 2424 2836 ;
2462 2779 2555 2824 aut
2581 2771 2724 2841 enim
2757 2782 2925 2823 unum
2955 2769 3080 2823 odio
3106 2768 3348 2830 habebit,

1775 2868 1829 2915 et
1874 2861 2103 2914 alterum
2151 2859 2338 2929 diliget
2369 2861 2434 2913 ".
2473 2880 2492 2910 ι
2532 2858 2698 2914 Docet
2732 2860 2845 2912 haec
2880 2848 3186 2920 distinctio,
3226 2858 3352 2927 quis

118 2935 391 3003 κυριεύων,
420 2926 484 2987 οὗ
517 2931 620 3004 χρὴ
652 2931 740 2984 διὰ
773 2930 868 2984 τοῦ
903 2931 1091 3001 μίσους
1130 2929 1560 3001 ἀλλοτριοῦσθαι,
1583 2929 1674 2981 καὶ

1844 2962 1852 3003 ι
1881 2953 1972 3020 qui
2002 2952 2142 3005 male
2174 2952 2509 3013 dominetur,
2546 2965 2575 3003 a
2606 2966 2715 3020 quo
2760 2957 2973 3019 oportet
2998 2948 3222 3003 alienari
3255 2962 3353 3017 per

116 3028 192 3090 τίς
217 3030 244 3080 ό
272 3029 356 3080 ἐπ’
379 3026 574 3097 ἀγαθῴ
610 3024 705 3079 τοῦ
735 3024 1036 3096 ἀρχομένου
1082 3023 1318 3096 κρατῶν,
1346 3017 1390 3091 ᾧ
1415 3023 1678 3093 προσήκει
1713 3017 1736 3059 '-

116 3119 177 3171 δι’
213 3119 428 3190 ἀγάπης
477 3117 864 3172 συνάπτεσθαι.
906 3118 968 3170 Εἰ
1005 3117 1062 3170 δέ
1088 3133 1175 3179 τις
1201 3116 1294 3170 τοῦ
1323 3115 1548 3186 μισητοῦ
1583 3116 1683 3184 μὲν

119 3212 403 3281 ἁντέχοιτο,
427 3212 527 3265 τοῦ
547 3212 604 3265 δὲ
628 3211 910 3280 ἀγαπητοῦ
931 3208 1318 3278 καταφρονοίη,
1343 3200 1495 3268 οὗτός
1534 3207 1683 3258 ἐστιν

117 3306 142 3355 ό
165 3303 521 3358 ὑπαλλάσσων
544 3303 644 3373 τῆς
692 3303 873 3373 φιλίας
919 3302 1009 3356 καὶ
1036 3300 1130 3354 τοῦ
1153 3301 1345 3371 μίσους
1374 3299 1470 3370 τὴν
1502 3298 1683 3375 εὐκαιέ

122 3394 233 3461 ρίαν
279 3393 391 3464 ίδίῳ
437 3392 618 3463 κακῷ.
672 3393 730 3446 '0
765 3391 874 3462 γὰρ
924 3389 1275 3461 καταφρονῶν
1323 3391 1675 3459 πράγματος,

118 3483 592 3555 καταφθαρήσεται
629 3482 718 3534 ὑπ’
766 3481 966 3535 αὑτοῦ·
1014 3482 1043 3534 ό
1088 3480 1144 3533 δὲ
1194 3475 1548 3548 ἀντεχόμενος
1583 3479 1682 3548 τῆς

120 3573 404 3638 ἀπωλείας.
433 3574 853 3645 περιποιήσεται
891 3571 1049 3625 τοῦτο
1090 3571 1267 3640 ἑαυτῷ
1293 3566 1354 3624 οὗ
1384 3570 1678 3638 ἀντείχετο.

119 3668 424 3731 Διαστείλας
473 3668 656 3720 τοίνυν
701 3667 778 3737 τῷ
824 3666 967 3736 λόγῳ
998 3667 1066 3719 τὰ
1108 3666 1229 3718 κατ’
1260 3664 1461 3734 ἀρετήν
1486 3680 1545 3715 τε
1587 3662 1682 3715 καὶ

120 3757 305 3811 κακίαν
337 3759 629 3829 νοούμενα,
659 3744 949 3826 ἐπιγνώσει
975 3757 1074 3827 τὴν
1101 3756 1407 3826 εὐκαιρίαν,
1443 3753 1535 3807 τοῦ
1566 3753 1681 3816 πῶς

60 3834 61 3837 Ἴ
120 3846 217 3918 χρὴ
260 3848 395 3919 πρὸς
446 3849 711 3918 ἑκάτερον
763 3847 965 3901 τούτων
1011 3847 1174 3916 ἔχειν.
1228 3847 1550 3914 Ἐγκράτεια
1588 3845 1682 3896 καὶ

117 3935 287 4007 ἡδονὴ.
336 3935 663 4008 σωφροσύνη
710 3937 804 3990 καὶ
835 3934 1117 3998 ἀκολασία,
1154 3932 1441 4004 μετριότης
1465 3932 1558 3984 καὶ
1588 3928 1684 3984 τῦ-

119 4041 228 4093 φος,
261 4026 442 4082 εὔνοια
479 4028 577 4081 καὶ
622 4028 899 4091 κακόνοια,
920 4028 1014 4080 καὶ
1040 4026 1215 4080 πάντα
1244 4025 1311 4079 τά
1346 4025 1406 4089 ἐξ
1438 4024 1680 4078 ἐναντίου

118 4116 392 4188 νοούμενα,
440 4114 695 4190 φανερῶς
729 4119 835 4172 ὑπὸ
880 4117 974 4171 τοῦ
1014 4116 1436 4188 Ἐκκλησιαστοῦ
1464 4115 1680 4169 ὑποδεί-

120 4210 297 4263 κνυταί
327 4228 410 4263 σοι
440 4212 593 4272 ὅπως
612 4214 676 4281 τῇ
700 4210 845 4282 ψυχῇ
865 4211 992 4282 περὶ
1011 4210 1181 4263 ταῦτα
1198 4205 1257 4262 εὖ
1289 4208 1677 4278 διατιθέμενος,

1779 3042 1984 3103 odium,
2020 3049 2074 3095 et
2111 3043 2235 3112 quis
2272 3043 2591 3097 dominetur
2621 3041 2742 3111 ejus
2783 3042 2929 3096 bono
2960 3041 3048 3094 cui
3092 3040 3350 3109 imperat,

1779 3132 1865 3185 cui
1897 3141 2114 3200 oportet
2134 3133 2392 3201 conjungi
2418 3132 2879 3201 percltaritatem.
2921 3131 2977 3186 Si
3017 3132 3141 3200 quis
3170 3140 3349 3186 autem

1780 3218 1834 3274 id
1887 3222 2105 3290 quidem
2149 3224 2293 3291 quod
2326 3230 2410 3276 est
2440 3221 2566 3275 odio
2596 3221 2902 3277 habendum
2935 3222 3348 3292 complectatur,

1780 3318 2097 3366 contemnat
2131 3322 2311 3367 autem
2350 3312 2401 3365 id
2459 3313 2602 3381 quod
2653 3320 2737 3367 est
2785 3312 3142 3381 diligendum,
3180 3314 3228 3367 is
3268 3323 3353 3369 est

1779 3402 1873 3469 qui
1903 3412 2004 3455 suo
2031 3400 2176 3454 malo
2206 3408 2378 3454 mutat
2402 3401 2864 3469 opportunitatem
2898 3403 3097 3456 amoris
3127 3413 3181 3456 et
3216 3403 3347 3457 odii.

1780 3490 1883 3556 Qui
1933 3491 2076 3545 enim
2120 3506 2232 3545 rem
2283 3491 2603 3553 contemnit,
2655 3491 2702 3544 is
2737 3491 2803 3544 ab
2843 3505 2903 3544 ea
2945 3490 3207 3544 interibit.
3247 3491 3365 3557 Qui

1779 3588 1957 3634 autem
1988 3576 2390 3649 complectitur
2443 3580 2822 3649 perditionem,
2871 3579 3118 3648 acquiret
3151 3578 3255 3635 sibi
3298 3580 3349 3634 id

1779 3670 1925 3741 quod
1960 3671 2406 3741 amplectebatur.
2439 3670 2541 3738 Qui
2571 3685 2702 3740 ergo
2733 3670 2915 3731 verbis
2945 3670 3258 3725 distinxerit
3287 3686 3350 3725 ea

1780 3776 1901 3831 qua:
1957 3777 2021 3816 ex
2080 3761 2287 3817 virtute
2333 3770 2387 3816 et
2433 3762 2567 3817 vitio
2618 3761 3011 3832 intelliguntur,
3058 3769 3353 3831 cognoscet

1783 3850 2273 3921 Opportunitatem,
2308 3851 2765 3920 quemadmodum
2812 3866 2871 3906 se
2897 3865 3083 3922 gerere
3103 3857 3352 3920 oporteat

1746 3944 1836 3996 -in
1885 3943 2149 4012 utrisque.
2202 3942 2553 3996 Cuntinentia
2583 3951 2637 3997 et
2661 3943 2908 4012 voluptas
2940 3982 2955 4007 ,
2992 3941 3351 4011 temperantia

1781 4040 1835 4088 et
1864 4030 2306 4101 intemperantia,
2336 4031 2602 4086 modestia
2645 4039 2699 4086 et
2748 4032 3079 4102 arrogantia,
3110 4028 3351 4087 benevo-

1782 4124 1945 4180 lentia
1991 4130 2044 4177 et
2097 4121 2497 4185 malevolentia,
2540 4129 2594 4177 et
2642 4138 2983 4193 quaecunque
3025 4138 3088 4178 ex
3121 4123 3353 4179 adverso

1780 4217 2181 4285 intelliguntur,
2224 4213 2321 4268 tibi
2353 4212 2421 4267 ab
2460 4210 2792 4268 Ecclesiaste
2834 4222 3022 4283 aperte
3052 4214 3351 4269 ostendun-

121 4299 397 4365 λυσιτελῶς
430 4300 717 4372 βουλεύσῃ.
750 4303 954 4373 Καιρὸς
986 4298 1079 4355 οὖν
1105 4300 1196 4354 τοῦ
1224 4299 1444 4370 φιλῆσαι
1473 4299 1571 4370 τὴν
1592 4299 1674 4367 ὲγ-

1848 4324 1897 4372 r,
1934 4315 1995 4360 ut
2041 4309 2096 4360 in
2145 4305 2230 4360 his
2284 4312 2432 4358 recte
2479 4303 2758 4358 consulas.
2817 4302 3055 4373 Tempus
3083 4313 3169 4359 est
3220 4320 3353 4375 ergo

123 4390 391 4460 κράτειαν,
433 4392 529 4446 καὶ
567 4392 663 4445 τοῦ
696 4392 922 4463 μισῆσαι
954 4394 1052 4464 τὴν
1083 4393 1293 4463 ἡδονὴν,
1327 4393 1412 4445 ἵνα
1440 4390 1513 4462 μὴ
1545 4391 1679 4464 γένῃ

123 4480 411 4550 φιλήδονος,
463 4481 664 4552 μᾶλλον
709 4482 764 4535 δὲ
802 4483 1066 4552 φιλόθεος,
1100 4484 1192 4559 καὶ
1223 4483 1290 4536 τὰ
1330 4481 1466 4537 ἀλλα
1500 4482 1679 4536 πάντα
1723 4502 1726 4505 τ

120 4570 386 4636 ὡσαύτως,
408 4574 470 4627 τὸ
497 4572 815 4642 φιλόνεικον,
841 4575 904 4628 τὸ
937 4574 1245 4645 φιλοκερδές
1266 4591 1327 4627 τε
1356 4574 1450 4627 καὶ
1473 4572 1681 4642 φιλόδο-

121 4660 222 4724 ξον,
254 4664 347 4716 καὶ
367 4663 549 4717 πάντα
577 4665 643 4734 τῇ
675 4666 764 4717 ἐπὶ
795 4665 862 4718 τὰ
896 4665 971 4734 μὴ
1004 4665 1191 4718 δέοντα
1210 4664 1308 4735 τῆς
1333 4662 1511 4732 φιλίας
1547 4663 1681 4734 χρή·

123 4766 216 4813 σει,
247 4753 344 4821 τῆς
371 4752 513 4823 πρὸς
569 4753 630 4806 τὸ
682 4753 885 4822 ἀγαθὸν
912 4744 1157 4824 σχέσεως
1184 4754 1509 4825 ἀφορίζοντα
1528 4751 1683 4806 ὀἷον

121 4841 182 4894 ὲκ
200 4843 431 4915 παρόδου
460 4844 639 4914 δόγμα
666 4845 960 4914 ἐμάθομεν,
985 4845 1068 4926 ὅτι
1104 4846 1250 4898 πᾶσα
1273 4845 1372 4914 τῆς
1398 4842 1577 4914 ψυχῆς
1601 4842 1684 4896 κί-

119 4949 267 5002 νησις
282 4934 371 4986 ἐπ’
395 4933 589 5005 ἀγαθῷ
613 4936 761 5005 παρά
782 4935 875 4989 τοῦ
894 4936 1390 5006 δημιουργήσαντος
1406 4935 1503 5006 τὴν
1524 4936 1685 5005 φύσιν

120 5025 268 5094 ⁴ἡμῶν
306 5028 751 5098 κατεσκευάσθη·
823 5029 938 5082 ἀλλ’
970 5028 1021 5080 εί
1055 5029 1119 5094 δὴ
1156 5028 1517 5099 ήμαρτημὲνη
1577 5026 1686 5081 τῶν

122 5117 365 5170 τοιούτων
390 5118 707 5187 κινημάτων
727 5119 918 5189 χρῆσις
941 5117 1039 5181 τὰς
1060 5120 1137 5180 είς
1160 5117 1357 5171 κακίαν
1394 5118 1685 5188 ἐγέννησεν

124 5204 367 5278 ἀφορμάς
386 5225 400 5238 ·
424 5210 658 5264 καλόνητι
690 5206 823 5263 οὖσα
848 5212 880 5279 ἡ
906 5208 1246 5274 αύτεξούσιος
1263 5209 1488 5278 δύναμις
1504 5209 1683 5279 ἡμῶν,

125 5297 244 5348 ὅταν
280 5301 415 5367 πρὸς
445 5301 508 5353 τὸ
528 5302 692 5355 κακόν
718 5301 1024 5373 ἑνεργῆται,
1060 5301 1247 5371 κακῶν
1280 5300 1503 5369 ἔσχατον
1535 5301 1681 5369 γίνε-

122 5402 222 5439 ται.
266 5391 371 5442 Καὶ
407 5392 468 5443 τὸ
515 5391 771 5468 ἔμπαλιν,
809 5392 1039 5463 ὄργανον
1079 5395 1281 5464 ἀρετῆς
1320 5392 1467 5445 ἐστιν
1506 5394 1539 5463 ἡ
1577 5393 1683 5444 ἀπο

1784 4397 2002 4454 amandi
2032 4394 2450 4459 continentiam,
2482 4401 2537 4449 et
2564 4392 2692 4447 odio
2731 4393 2964 4449 habendi
2995 4395 3352 4465 voluptatem,

1784 4505 1851 4546 ne
1900 4490 2101 4545 evadas
2138 4486 2487 4548 libidinosus,
2533 4484 2626 4539 sed
2675 4484 2924 4554 protinus
2967 4485 3256 4557 religiosus
3298 4498 3354 4543 et

1785 4576 1879 4630 Dei
1913 4576 2145 4639 amicus,
2178 4583 2232 4630 et
2275 4574 2381 4628 alia
2425 4573 2607 4628 omnia
2636 4573 2907 4641 similiter,
2955 4576 3349 4641 contentionis,

1787 4667 1925 4723 lucri
1958 4673 2013 4721 et
2039 4666 2228 4737 gloriae
2263 4678 2530 4730 amorem,
2568 4672 2624 4718 et
2649 4664 2831 4717 omnia
2861 4678 2983 4733 quae
3008 4680 3108 4720 usu
3147 4665 3351 4723 amoris

1778 4762 1846 4817 ad
1892 4775 1955 4816 ea
2011 4773 2132 4828 quae
2187 4775 2292 4814 non
2350 4767 2581 4828 oportet,
2620 4765 2876 4827 separant
2925 4756 2993 4812 ab
3039 4772 3102 4812 ea
3134 4773 3256 4828 quae
3284 4758 3351 4813 ad

1778 4852 1982 4906 bonum
2027 4842 2111 4905 est
2159 4850 2503 4913 habitudine,
2537 4856 2594 4904 ut
2636 4849 2786 4904 verbi
2817 4862 2983 4904 causa
3025 4849 3078 4903 in
3113 4849 3349 4905 transitu

1784 4940 1888 5005 hoc
1934 4938 2129 5008 dogma
2164 4940 2482 5002 didicimus,
2524 4940 2668 5010 quod
2712 4939 2892 4994 omnis
2941 4938 3137 4994 animat
3173 4948 3354 4994 motus

1784 5028 1851 5082 ad
1899 5028 2102 5082 bonum
2142 5036 2227 5083 est
2274 5029 2531 5083 conditus
2564 5029 2633 5084 ab
2661 5042 2727 5083 eo
2770 5027 2862 5098 qui
2898 5037 3144 5082 nostram
3177 5026 3349 5081 fabri-

1782 5125 1941 5173 catus
1980 5124 2065 5171 est
2101 5125 2390 5185 naturam;
2444 5118 2538 5173 sed
2568 5120 2613 5175 si
2651 5119 2958 5189 peccaverit
3004 5118 3199 5171 horum
3233 5133 3345 5173 mo-

1781 5219 1934 5264 tuum
1967 5224 2123 5271 usus,
2179 5210 2226 5265 is
2273 5209 2340 5264 ad
2388 5212 2579 5264 vitium
2630 5219 2883 5280 procreat
2936 5211 3255 5265 occasiones
3298 5219 3352 5266 et

1781 5301 2116 5356 adminicula
2154 5319 2166 5354 :
2201 5301 2362 5356 liberi
2415 5302 2632 5357 arbitrii
2687 5303 2919 5359 facultas
2970 5318 3092 5356 cum
3141 5303 3212 5356 sit
3263 5317 3352 5359 res

1778 5390 1941 5461 bona,
1994 5389 2213 5460 quando
2271 5405 2334 5446 ea
2377 5391 2446 5445 ad
2484 5392 2688 5444 malum
2720 5400 3028 5457 exercetur,
3061 5399 3147 5446 est
3211 5400 3348 5440 ma—

184 5559 227 5635 ‘f
258 5560 399 5617 Psal.
441 5560 579 5630 xvn,
615 5562 669 5617 2.
744 5565 791 5627 ‘_‘
831 5563 979 5620 Psal.
1015 5581 1067 5632 κ,
1100 5565 1156 5634 6,
1191 5566 1245 5619 7.
1325 5565 1370 5596 ⁸⁷
1417 5562 1605 5618 Matth.
1642 5578 1714 5629 τι,
1740 5563 1832 5618 24.
