3752 5984
1969 75 1996 95 κ

423 194 524 248 vis
1557 191 1615 247 s.
1652 190 1980 250 canon"
2013 166 2308 247 xr'sssm
3569 197 3655 250 ιιι
3712 139 3713 146 Ν

429 313 608 365 lorum
653 316 982 364 extremum.
1041 304 1106 360 Et
1155 312 1370 370 contra,
1405 306 1630 362 virtutis
1675 316 1762 362 est
1793 307 2000 362 instru.

2113 307 2306 378 εοστικὴ
2333 307 2441 361 τῶν
2470 308 2649 378 ἀηδῶν
2678 307 2928 379 δύναμις,
2955 301 3176 381 ⁴ᾖὸνομ.α
3213 310 3282 363 τδ
3325 311 3482 380 μῖσός
3506 313 3658 376 ἐστιν,

433 411 696 466 mentum,
729 401 814 455 vis
845 399 1125 470 expultrix
1143 413 1332 454 eorum
1365 414 1485 467 quae
1507 411 1635 454 sunt
1676 399 1998 468 injucunda,

430 497 522 550 cui
563 508 762 548 nomen
807 498 892 546 est
944 489 1154 555 odium,
1205 489 1424 559 quando
1465 498 1711 543 armatur
1741 491 2003 544 adversus

431 579 944 642 contrarittm.,Sed
1009 590 1140 633 tunc
1198 579 1253 632 lit
1299 592 1448 630 arma
1505 579 1732 646 peccati,
1782 579 2002 647 quando

435 676 582 729 bono
627 672 855 726 resistit.
919 667 1111 722 Omnis
1165 680 1299 736 ergo
1355 665 1450 720 Dei
1497 673 1770 732 creatura,
1822 683 1890 720 ex
1936 668 2004 722 iis

433 780 556 836 quae
605 773 734 818 sunt
787 763 839 814 in
882 761 1044 812 nobis
1083 767 1422 820 constructa,
1473 759 1615 836 bona
1656 765 1760 821 est,
1793 765 1848 812 et
1890 772 2001 812 non

433 853 750 924 rejicienda,
813 851 862 904 si
903 858 1154 904 sumatur
1205 864 1329 902 cum
1389 832 1686 920 gratiarum
1737 849 1998 904 actione:

434 948 681 1015 ingratus
729 951 911 996 autem
965 955 1156 994 eorum
1206 955 1340 1011 usus
1375 939 1564 993 vilium
1595 938 1758 993 eﬂicit
1789 947 2003 994 creatu-

430 1053 570 1099 ram,
633 1051 730 1104 per
779 1031 924 1102 quod
981 1029 1188 1085 recedit
1237 1045 1360 1100 quae
1397 1040 1482 1084 est
1535 1031 1694 1085 nobis
1726 1047 1848 1085 cum
1892 1030 2002 1086 Deo

430 1125 770 1194 conjunctio,
806 1121 1170 1192 ingredientia
1211 1127 1391 1174 autem
1425 1120 1721 1187 contraria,
1752 1121 1873 1175 loco
1907 1121 2002 1176 Dei

432 1226 752 1288 ponuntur;
792 1215 929 1268 adeo
976 1221 1037 1266 ιιι
1081 1227 1179 1282 per
1224 1227 1287 1266 ea
1327 1213 1537 1267 vitiosa:
1581 1212 1902 1268 allectiones
1945 1213 1998 1268 in

429 1311 564 1366 deos
602 1307 924 1362 referantur.
967 1303 1057 1358 Sic
1095 1305 1161 1358 iis
1191 1303 1284 1373 qui
1315 1303 1453 1374 gula:
1475 1313 1604 1358 sunt
1635 1303 1822 1369 dediti,
1864 1303 2000 1360 deus

429 1408 515 1454 est
563 1408 769 1453 venter.
825 1396 917 1449 Sic
968 1394 1119 1448 avari
1158 1395 1262 1448 sibi
1293 1409 1360 1448 ex
1395 1393 1526 1447 vitio
1562 1393 1766 1448 idolum
1793 1393 2002 1447 consti-

431 1500 614 1546 tuttnt.
660 1489 752 1544 Sic
787 1489 824 1542 ii
864 1487 957 1558 qui
1005 1503 1101 1556 per
1143 1501 1391 1542 errorem
1428 1486 1629 1541 habent
1672 1487 1726 1539 in
1762 1485 1864 1540 hoc
1897 1500 2002 1540 sae-

429 1585 556 1638 culo
597 1583 922 1636 obscuratos
968 1581 1164 1633 animae
1200 1579 1414 1642 oculos,
1448 1578 1608 1632 deum
1653 1577 1758 1631 sibi
1789 1577 2000 1632 faciunt

2103 399 2232 452 ὃταν
2277 399 2420 452 κατὰ
2448 399 2540 452 τοῦ
2579 401 2820 453 ἐναντίου
2856 399 3163 472 ὀπλίζηται.
3203 401 3374 454 Ἀλλὰ
3409 404 3660 475 ἁμαρτίας

2103 488 2220 542 τότε
2252 488 2460 558 γίνεται
2493 490 2675 555 ὅπλον,
2715 491 2842 543 ὅταν
2873 490 3008 562 πρὸς
3035 490 3095 543 τδ
3131 491 3340 560 ἀγαθὸν
3370 495 3658 549 ἀντιτακτι-
3712 487 3713 548 ἶ

2103 581 2216 645 κῶς
2263 582 2395 652 ἔχει.
2446 583 2654 636 Οὐκοῦν
2704 584 2812 637 πᾶν
2855 584 3059 670 κτίσμα
3103 584 3238 638 Θεοῦ
3302 585 3415 638 τῶν
3455 588 3510 638 ἐν
3543 590 3660 656 ἡμῖν

2105 676 2623 746 κατεσκευασμένων
2667 675 2850 738 καλὸν,
2885 676 2980 729 καὶ
3007 675 3166 730 οὐδὲν
3203 676 3509 747 ἀπόὅλητον
3539 680 3658 748 μετὰ

2103 767 2450 838 εὐχαριστίας
2502 767 2568 822 λα
2579 767 2945 839 μῦανόμενονο
2981 771 3016 839 ὴ
3065 769 3122 822 δὲ
3151 771 3456 842 ἀχάριστος
3479 773 3656 826 τούτων

2101 855 2296 927 χρῆσις
2344 857 2514 920 πάθος
2563 859 2649 911 τδι
2681 861 2886 928 κτίσμα
2915 859 3158 928 ἐποίησε,
3194 861 3267 913 δι’
3294 856 3359 915 οὗ
3387 861 3650 933 ἐκϐαίνειή

2101 949 2239 1020 πρὸς
2293 949 2426 1002 Θεὸν
2473 951 2766 1018 οἰκειότης,
2819 951 3230 1025 άντεισελθόντα
3257 952 3320 1006 δὲ
3349 952 3422 1005 τὰ
3445 955 3648 1022 ἐναντία,

2100 1040 2178 1100 είς
2211 1039 2302 1091 τὸν
2345 1038 2437 1092 τοῦ
2480 1038 2614 1093 Θεοῦ
2639 1041 2802 1094 τόπον
2829 1041 3313 1096 ἀντικαθίστανται
3338 1060 3352 1073 υ
3393 1043 3525 1096 ὥστε
3557 1047 3652 1108 τοῖς

2100 1129 2359 1192 τοιούτοις
2388 1129 2748 1184 θεοποιεῖσθαι
2777 1131 2845 1184 τὰ
2876 1131 3046 1201 πάθη.
3070 1131 3262 1196 Οὕτως
3289 1129 3389 1187 οὖν
3419 1137 3528 1196 τοῖς
3553 1135 3653 1188 λαι-

2103 1217 2374 1289 μαργοῦσι
2391 1219 2597 1288 γίνεται
2630 1219 2751 1284 θεὸς
2765 1223 2798 1291 ἡ
2821 1221 3016 1275 κοιλία.
3031 1221 3221 1286 Οὕτως
3237 1223 3656 1277 εἰδωλοποιοῦσιν

2099 1308 2310 1372 ἑαυτοῖς
2330 1309 2380 1361 οἱ
2409 1309 2728 1364 πλεονέκται
2760 1313 2858 1381 τὴν
2891 1311 3062 1366 νόσον.
3083 1311 3276 1373 Οὕτως
3304 1315 3357 1365 οἱ
3379 1312 3448 1366 δι’
3465 1315 3656 1383 ἀπάτης

2100 1397 2473 1462 σκοτισθέντες
2523 1399 2591 1467 ὲν¹
2615 1398 2692 1468 τῷ
2719 1399 2876 1452 αἰῶνι
2901 1400 3073 1472 τούτῳ
3097 1403 3208 1465 τοῖς
3235 1401 3540 1470 ὀφθαλμοῖς
3571 1402 3658 1470 τῆς

2097 1487 2296 1558 ψυχῆς,
2339 1486 2478 1542 ’θεὸν
2523 1489 2734 1552 ἑαυτοῖς
2779 1493 2894 1561 τὴν
2915 1490 3220 1555 κενοδοξίαν
3250 1493 3533 1562 ἐποίησαν.
3560 1492 3658 1546 Καὶ
3712 1539 3713 1544 η

2101 1577 2371 1632 συνελόντι
2419 1579 2649 1648 φράσαι,
2693 1573 2845 1651 ᾧπερ
2879 1582 2942 1635 ἄν
2971 1599 3055 1645 τις
3083 1583 3173 1636 τὸν
3195 1583 3402 1637 ἑαυτοῦ
3425 1583 3657 1653 λογισμδν

427 1691 622 1730 vanam
660 1673 909 1744 gloriam.
944 1672 1009 1725 Et
1047 1681 1106 1724 ut
1139 1671 1308 1725 semel
1342 1669 1519 1723 dicam
1555 1684 1569 1720 :
1610 1669 1698 1722 cui
1734 1668 1810 1721 rei
1846 1669 2003 1737 quis-

2113 1666 2422 1733 ὓποζεύξας,
2461 1667 2645 1722 δοῦλον
2691 1669 2891 1742 ποιήσῃ
2927 1673 3020 1726 καί
3056 1673 3395 1745 ὑποχείριον,
3428 1675 3577 1728 τοῦτο
3609 1678 3656 1728 ἐν

429 1767 573 1836 piam
613 1780 764 1820 suam
812 1763 1076 1816 rationem
1112 1759 1479 1828 subjunxerit,
1508 1759 1646 1813 etin
1683 1761 1998 1814 servitutem

430 1857 704 1912 redactam
740 1853 1154 1924 mancipaverit,
1189 1867 1309 1904 eam
1339 1865 1441 1906 suo
1469 1850 1602 1904 vitio
1643 1849 1804 1906 deum
1837 1851 2000 1906 fecit:

429 1966 539 2004 non
579 1949 682 2002 hoc
709 1947 974 2010 tacturus,
1013 1945 1116 1998 nisi
1151 1957 1246 2014 per
1271 1943 1630 1998 dilectionem
1665 1943 1865 1996 malum
1894 1942 2000 1996 sibi

430 2040 698 2096 familiare
726 2046 780 2092 et
811 2035 1216 2092 necessitudine
1239 2034 1594 2102 conjunCtum
1618 2032 1908 2088 effecisset.
1945 2033 2002 2088 Si

2103 1758 2182 1828 τῷ
2230 1759 2342 1830 ἰδίῳ
2397 1759 2557 1813 πάθει
2588 1759 2968 1830 ὲθεοποίησεν·
3017 1765 3118 1816 οὐκ
3149 1765 3214 1818 ἂν
3265 1764 3430 1817 τοῦτο
3469 1763 3654 1824 παθὼν,

2095 1851 2144 1902 εί
2178 1849 2253 1920 μὴ
2289 1850 2376 1904 διὰ
2421 1852 2520 1922 τῆς
2560 1851 2782 1924 ἀγάπης
2811 1853 2872 1905 τὸ
2916 1854 3087 1908 κακὸν
3112 1855 3458 1926 ᾠκειώσατο.
3498 1852 3655 1912 Εἰοῦν

2098 1943 2410 2012 ὲνοήσαμεν
2433 1945 2530 2014 τῆς
2555 1961 2612 1997 τε
2645 1945 2828 2013 φιλίας
2875 1947 2967 2000 καὶ
2997 1946 3090 1999 τοῦ
3132 1948 3328 2016 μίσους
3357 1949 3458 2018 τὴν
3491 1949 3654 2000 εὐκαι-

2103 2033 2246 2102 ρίαν,
2275 2033 2338 2086 τδ
2365 2034 2462 2105 μὲν
2485 2035 2875 2107 ἀγαπήσωμεν,
2907 2037 2970 2089 τὸ
3003 2037 3057 2089 δὲ
3092 2039 3518 2108 πολεμήσωμεν.

427 2144 558 2197 ergo
596 2128 800 2182 amoris
827 2135 881 2180 et
917 2125 1026 2179 odii
1072 2125 1441 2179 intelleximus
1496 2123 1987 2194 opportunitatem,
2026 2123 2254 2178 alterum
2285 2126 2506 2195 quidem
2541 2125 2834 2196 dil'gamus
2860 2143 3008 2180 :eum
3042 2131 3215 2182 a'tero
3283 2143 3418 2184 vero
3478 2125 3652 2179 bellum

429 2234 702 2290 geramus.
1989 2276 1996 2283 _

507 2327 527 2360 ι
570 2307 806 2375 Tempus
845 2313 930 2360 est
966 2303 1139 2368 enim,
1179 2321 1198 2354 ι
1237 2301 1434 2372 inquit,
1479 2318 1498 2351 ι
1525 2300 1676 2364 belli,
1704 2307 1760 2354 et
1791 2307 2006 2368 tempus

434 2398 608 2466 pacis.
663 2415 682 2447 ι
732 2393 896 2467 Vides
940 2393 1346 2448 contrariarum
1398 2389 1748 2445 atl'eetionum
1798 2389 2009 2442 instru-r

433 2498 575 2542 ctam
635 2488 832 2545 aciem.
887 2487 1058 2554 legem
1109 2483 1292 2538 carnis
1348 2489 1682 2552 pugnantem
1737 2478 2006 2532 adversus

435 2583 604 2652 legem
634 2578 856 2640 mentis,
889 2587 941 2630 et
977 2575 1364 2644 captivantem
1388 2572 1442 2624 in
1489 2571 1659 2638 legem
1698 2568 1904 2638 peccati
1937 2567 2004 2620 ⁸⁸.

437 2670 670 2724 Attende
713 2667 1070 2736 mu'tiplicem
1119 2671 1173 2718 et
1203 2664 1414 2716 varium
1442 2675 1636 2732 pugnae
1661 2667 2006 2729 apparatum,

431 2769 490 2815 et
535 2775 698 2836 quam
747 2757 935 2811 multis
974 2764 1140 2825 atque
1189 2753 1324 2808 adeo
1365 2751 1598 2807 inﬁnitis
1639 2750 1816 2805 modis
1854 2765 2012 2804 exer-

435 2853 582 2906 citus
630 2845 930 2902 adversarii
1005 2849 1192 2901 urbem
1279 2853 1426 2899 tuam
1479 2850 1798 2914 oppugnet;
1849 2841 2015 2894 mittit

2181 2325 2200 2356 ι
2224 2305 2429 2380 Καιρὺς
2451 2303 2582 2374 γὰρ.
2598 2309 2753 2377 φησὶ,
2769 2307 3034 2376 πολέμου,
3059 2304 3154 2358 καὶ
3175 2311 3376 2382 καιρός
3394 2307 3619 2375 εἰρῆνης.
3639 2325 3654 2352 ι

2117 2388 2281 2460 Ὁρᾷς
2303 2389 2412 2440 τῶν
2452 2389 2844 2460 ἀντικειμένων
2871 2389 3060 2442 παθῶν
3090 2390 3189 2461 τὴν
3221 2387 3548 2460 παράταξιν,
3579 2386 3658 2438 τδιι

2105 2480 2270 2550 νόμον
2315 2481 2416 2550 τῆς
2457 2481 2677 2552 σαρκδς,
2707 2479 2801 2533 τὸν
2846 2480 3402 2550 ἀντιστρατευόμενον
3427 2465 3653 2548 τῷνόμῳ

2107 2573 2205 2642 τῆς
2255 2571 2547 2641 ἁμαρτίας.
2579 2569 2821 2640 Πρόσχες
2859 2572 2925 2638 τῇ
2953 2568 3171 2640 ποικίλῃ
3216 2569 3320 2639 τῆς
3357 2567 3532 2637 μάχης
3562 2565 3652 2616 δια-

2105 2664 2294 2732 σκευῇ,
2337 2661 2455 2724 πῶς
2487 2659 2818 2731 μιιριότοπός
2847 2661 2962 2711 ὲσῑι
2993 2659 3131 2712 κατὰ
3160 2658 3260 2728 τῆς
3290 2659 3391 2728 σῆς
3413 2656 3648 2724 πόλεωςή

2103 2753 2198 2806 τοῦ
2219 2752 2594 2821 ἀντικειμένου
2651 2747 2956 2822 στρατηγία
2978 2766 2992 2779 ο
3039 2751 3426 2811 κατασκόπους
3451 2749 3649 2816 πέμπει,

2107 2840 2373 2912 προδότας
2419 2841 2779 2899 ὑποποιεῖται,
2813 2839 2933 2900 ταῖς
2977 2837 3116 2900 ὁδοῖς
3161 2835 3469 2910 ἐφεδρεύει,
3497 2835 3653 2903 λόχους

436 2941 834 3007 exploratores,
879 2934 1140 2989 subornat
1179 2933 1510 3004 proditores,
1545 2934 1599 2986 in
1645 2933 1748 2986 viis
1781 2931 2006 2985 collocat

2113 2932 2205 2982 καὶ
2237 2929 2427 3000 ἕνεδρα
2471 2929 2771 2998 συνίστησι,
2819 2928 3140 2998 συμμάχους
3185 2923 3648 2998 προσεταιρίζεται,

439 3031 706 3092 insidiasr
745 3027 1005 3082 adsciscit
1051 3027 1178 3080 belli
1225 3025 1428 3083 socios,
1473 3033 1527 3077 et
1575 3029 1858 3092 comparat
1891 3036 2006 3075 ma-

2119 3019 2332 3089 μηχανή
2343 2999 2486 3088 ματα
2517 3014 2937 3080 κατασκευάζει,
2975 3015 3318 3083 σφενδδνίτας
3343 3016 3438 3068 κα)⁵
3465 3013 3651 3077 τοξότας

440 3121 654 3180 chinas.
702 3132 796 3186 per
841 3131 980 3184 quas
1023 3115 1268 3184 quatitur
1316 3128 1505 3166 murus
1552 3111 1778 3173 animae;
1831 3109 2014 3162 fundi-

443 3219 613 3267 tores.
670 3207 1010 3277 sagittarios,
1051 3213 1105 3258 ct
1156 3220 1253 3258 ros
1307 3203 1399 3272 qui
1449 3217 1644 3256 manus
1692 3207 2010 3260 conserunt,

441 3307 498 3352 et
527 3297 714 3367 copias
735 3305 1044 3364 equestres,
1076 3302 1130 3348 et
1164 3307 1504 3362 quaecunque
1520 3299 1648 3344 sunt
1677 3288 2012 3358 ltnjttsmodi,

442 3404 508 3442 ea
569 3387 753 3440 omnia
813 3384 1079 3438 adversus
1118 3389 1171 3437 te
1221 3383 1272 3433 in
1327 3379 1444 3433 acie
1489 3377 1778 3432 dimicant.
1831 3373 2017 3444 Neque

445 3494 572 3534 vero
632 3479 874 3548 ignoras,
932 3474 1058 3545 quis
1119 3473 1196 3527 sit
1237 3485 1435 3526 sensus
1481 3484 1667 3523 eorum
1725 3479 1844 3536 quae
1871 3466 2016 3520 dicta

445 3578 596 3633 Sunt,
653 3569 778 3640 quis
831 3568 904 3624 sit
964 3567 1231 3636 proditor,
1269 3565 1396 3634 quis
1430 3562 1763 3632 speculator,
1793 3558 1886 3628 qui
1937 3557 2019 3611 in-

444 3663 758 3725 sidiatores,
782 3660 877 3730 qui
911 3658 1238 3718 funditores,
1271 3657 1364 3724 qui
1395 3652 1686 3724 sagittarii,
1711 3661 1765 3706 et
1798 3649 1890 3718 qui
1927 3663 2016 3716 pu-

444 3761 612 3821 gnant
667 3752 920 3807 cominus
967 3763 1270 3816 manusque
1309 3753 1630 3804 conserunt,
1679 3752 1733 3796 et
1777 3753 1900 3810 quae
1949 3737 2021 3792 sit

447 3854 627 3898 turma
647 3843 912 3908 equitum.
933 3839 1014 3892 Ad
1037 3839 1220 3892 omnia
1243 3853 1374 3908 ergo
1401 3837 1732 3906 aspicientes
1761 3847 1862 3886 nos
1891 3845 2020 3900 quo-

447 3949 554 4000 que
586 3937 806 4000 oportet
851 3929 1078 3994 armari,
1127 3935 1182 3980 et
1228 3928 1410 3979 socios
1439 3923 1737 3984 adhortari,
1767 3928 1822 3976 et
1877 3919 2020 3974 inter

447 4037 544 4076 eos
575 4020 666 4088 qui
725 4023 854 4070 sunt
911 4015 1070 4070 nost
1117 4013 1348 4080 subjecti
1393 4011 1717 4081 dijudicare,
1766 4023 1895 4062 num
1943 4007 2024 4062 fa—

452 4119 616 4166 veant
665 4108 904 4162 hostium
941 4105 1236 4182 partibus,
1277 4112 1332 4158 et
1387 4103 1699 4172 prospicere
1732 4117 1800 4157 ne
1833 4101 1886 4154 in
1935 4100 2022 4154 via

455 4205 582 4255 liant
623 4201 858 4254 iusidize.
891 4205 945 4252 et
989 4197 1254 4250 adversus
1297 4193 1528 4248 telorum
1562 4193 1766 4262 jactus,
1820 4205 2024 4260 eosque

2113 3111 2208 3162 καὶ
2263 3109 2388 3171 τοὺς
2434 3108 2704 3178 συστάδην
2741 3106 3244 3177 συμπλεκομένους,
3271 3107 3372 3160 καὶ
3405 3105 3499 3175 τὴν
3525 3105 3648 3154 iur-.1-

2114 3201 2216 3270 κὴν
2237 3198 2481 3269 δύναμιν,
2513 3200 2606 3252 καὶ
2632 3199 2809 3252 πάντα
2831 3197 2898 3250 τά
2925 3197 3150 3251 τοιαῦτα
3178 3197 3319 3252 κατὰ
3343 3197 3436 3250 σοῦ
3453 3197 3650 3264 ἐκστρα-

2113 3291 2350 3343 τεύεται.
2383 3291 2606 3353 Πάντως
2631 3289 2688 3342 δὲ
2721 3289 2820 3342 οὒκ
2865 3290 3078 3356 ἀγνοεῖς
3107 3289 3206 3358 τὴν
3241 3289 3354 3340 τῶν
3384 3284 3650 3357 εἰρημένων

2115 3381 2373 3445 διάνοιαν,
2399 3381 2481 3444 τίς
2505 3383 2532 3434 ὁ
2563 3379 2848 3450 προδότης,
2884 3379 2967 3444 τίς
2997 3382 3026 3432 ὁ
3065 3381 3434 3442 κατάσκοπος,
3473 3375 3599 3436 τίνες
3613 3374 3649 3424 ol

2117 3473 2447 3544 ὲνεδρευταὶ,
2468 3473 2612 3538 τινες
2625 3475 2673 3526 oi
2706 3472 3060 3542 σφενδονίται.
3083 3471 3226 3542 τίνες
3256 3471 3306 3522 οἱ
3330 3470 3552 3534 τοξόται,
3577 3466 3649 3518 καὶ

2117 3565 2258 3628 τίνες
2281 3565 2330 3617 oi
2371 3565 2712 3635 άγχὲμαχοι,,
2739 3563 2831 3618 καὶ
2865 3563 2976 3617 τῶν
3004 3563 3215 3616 ἱππέων
3249 3561 3362 3632 ῐληι
3389 3559 3558 3614 Πάντα
3579 3551 3653 3608 οὖν

2121 3656 2416 3728 βλέποντας
2465 3656 2570 3727 χρὴ
2617 3655 2712 3710 καὶ
2759 3651 2905 3726 ἡμᾶς
2937 3651 3381 3716 καθοπλίζεσθαι,
3426 3651 3513 3703 καὶ
3550 3646 3648 3706 τοὺς

2122 3746 2443 3817 συμμάχους
2469 3745 2822 3818 παρακαλεῖν,
2854 3745 2948 3798 καὶ
2969 3745 3298 3813 φιλοκρινεῖν
3325 3745 3388 3794 ὲν
3417 3742 3519 3802 τοῖς
3543 3737 3648 3789 ὕπο-

2121 3839 2378 3910 χειρίυις.
2417 3839 2490 3908 μή
2527 3854 2612 3900 τις
2650 3837 2719 3890 τά
2750 3835 2861 3888 τῶν
2901 3833 3178 3904 πολεμίων
3211 3835 3419 3903 φρονεῖ,
3460 3823 3647 3900 προόλὲο

2122 3945 2246 3982 πειν
2277 3945 2334 3981 τε
2357 3927 2454 3991 τὰς
2481 3927 2772 3998 παροδίους
2788 3925 3028 3996 ἐνέδρας,
3053 3925 3144 3977 καὶ
3170 3925 3382 3994 τυρεοῖς
3404 3922 3494 3983 τάς
3522 3914 3648 3988 βολὰς

2122 4018 2538 4088 άσφαλίζεσθαι,
2581 4017 2716 4088 πρός
2743 4033 2799 4068 τε
2834 4016 2961 4078 τοὺς
2992 4013 3258 4083 συστάδην
3287 4015 3422 4084 ἡμῖν
3449 4003 3647 4077 συμπλεο

2126 4109 2392 4181 κομένους
2423 4109 2650 4167 ἄνωθεν,
2679 4107 2774 4161 καὶ
2798 4104 3198 4172 ἀποταφρεύειν
3232 4106 3346 4166 τοῖς
3391 4099 3502 4154 καθ’
3523 4092 3645 4167 ἡμῶν

2127 4200 2386 4262 ἱππόταις
2417 4199 2515 4270 τὴν
2549 4199 2800 4269 πάροδον.
2833 4197 3078 4267 ’Ἥρμοζε
3115 4195 3172 4246 δέ
3197 4211 3306 4245 τισι
3337 4192 3432 4246 καὶ
3453 4182 3645 4259 προσῶ·

451 4295 544 4363 qui
590 4294 846 4347 cominus
889 4289 1174 4344 nobiscum
1217 4302 1414 4342 manus
1451 4291 1778 4350 conserunt,
1821 4283 2006 4352 clypeit

2125 4295 2244 4358 λαῖς
2272 4293 2342 4347 τὰ
2375 4293 2524 4362 τείχη
2557 4286 3075 4357 κατασφαλίζεσθαι,
3114 4286 3191 4348 ὡς
3229 4285 3294 4337 ἂν
3329 4285 3406 4355 μὴ
3437 4291 3644 4379 xamen:

457 4401 555 4441 n-is
611 4393 914 4453 protegere,
959 4389 1012 4435 et
1055 4378 1201 4434 fossa
1246 4378 1315 4432 ab
1363 4377 1513 4432 aditu
1567 4390 1755 4430 arcere
1788 4388 1884 4429 eos
1930 4389 2001 4443 qu

2128 4385 2279 4455 σθείη
2321 4387 2434 4446 τοῖς
2462 4361 2850 4452 μηχανήμασι.
2884 4377 3104 4438 Πάντως
3151 4375 3206 4428 δὲ
3251 4375 3427 4428 οὐδενὶ
3451 4371 3572 4437 λόγῳ
3593 4361 3646 4414 τά

455 4477 510 4529 in
565 4491 666 4529 nos
719 4475 1090 4527 immittuntur
1121 4471 1354 4540 equites.
1387 4469 1656 4523 Convenit
1697 4475 1877 4521 autem
1907 4465 2000 4534 qui

2129 4475 2248 4546 καθ’
2264 4474 2492 4526 ’ἑκαστον
2511 4473 2710 4543 ὲρμηνε
2719 4467 2943 4537 υόμεθα,
2965 4465 3079 4528 πῶς
3093 4467 3120 4518 ὁ
3134 4465 3322 4534 ἐχθρὸς
3338 4463 3437 4533 τῆς
3459 4459 3642 4514 ἑκάστου

457 4564 682 4620 busdam
716 4565 876 4619 etiam
925 4562 1352 4633 propugnaculis
1402 4559 1604 4614 minoia
1653 4559 1910 4620 munire,
1962 4574 2006 4610 nt

2126 4562 2284 4634 ἡμῶν
2338 4562 2566 4624 πόλεως,
2595 4561 2690 4630 τῆς
2719 4559 2777 4610 ἐν
2801 4560 2866 4628 τῇ
2891 4557 3033 4626 ψυχῇ
3081 4552 3364 4625 παρατοῦ
3405 4549 3526 4606 Θεοῦ
3551 4561 3644 4634 συγ·

454 4655 842 4710 eoncutiautur
893 4654 1182 4708 machinis.
1241 4651 1430 4722 Neque
1469 4665 1602 4705 vero
1652 4665 1791 4719 epus
1833 4656 1918 4704 est
1973 4663 2004 4700 u

2125 4653 2460 4726 ῳκισμένης,
2505 4652 2537 4722 ἢ
2581 4650 2670 4704 διὰ
2722 4649 3086 4702 κατασκόπων
3118 4645 3482 4716 άποπειρᾶται
3525 4633 3643 4707 ἡμῶν

455 4747 638 4802 verbis
683 4747 901 4818 singula
956 4746 1314 4815 explicemus,
1351 4757 1543 4812 nempe
1570 4739 2006 4810 quemadmodun

2126 4723 2226 4814 τῆς
2262 4723 2577 4811 δυνάμεως,
2625 4740 2718 4794 καί
2799 4755 2948 4802 τινας
2999 4737 3111 4807 ἔχει
3167 4738 3289 4795 τοὺς
3315 4735 3376 4800 eg
3405 4729 3542 4804 ἡμῶν
3575 4723 3644 4778 αὑ-

455 4841 711 4896 inimicus
757 4839 1194 4907 uniuscujusque
1237 4843 1442 4890 nostrae
1494 4833 1754 4893 civitatis.
1799 4847 1920 4902 quae
1949 4847 2006 4887 es

2127 4829 2235 4882 τῶν
2265 4827 2529 4898 προδότας
2561 4825 2882 4896 γινομένους
2926 4823 3026 4893 τῆς
3076 4824 3346 4894 ἡμετερας
3395 4819 3640 4907 δυνάμεωξ-

454 4949 484 4986 a
542 4931 648 4985 Deo
695 4929 918 4984 condita
977 4931 1030 4981 in
1078 4928 1294 4990 anima,
1359 4933 1453 4980 aut
1507 4941 1600 4994 per
1657 4925 2002 4992 exploratore

2138 4921 2227 4984 Ὠς
2259 4919 2303 4971 δ’
2333 4919 2399 4972 ἂν
2423 4917 2798 4987 φανερώτερον
2823 4916 2883 4968 τὸ
2913 4916 3090 4985 νόημα
3110 4913 3485 4994 ὲκκαλυφθείη,
3510 4899 3642 4994 τοιοῦτ

457 5033 768 5078 nostrarum
811 5021 1090 5094 copiarum
1133 5018 1260 5072 facit
1295 5019 1618 5089 periculum,
1668 5025 1721 5072 et
1764 5033 2006 5085 quosnam

2129 5012 2220 5064 τόν
2247 5013 2392 5063 ἐστιν
2421 5007 2665 5078 ἡπρώτη
2695 5005 2788 5059 τοῦ
2825 5005 3134 5076 πειρασμοῦ
3169 4993 3578 5074 προσϐολ.ὴ,’ὃοεν
3597 4990 3643 5042 τὶ

460 5116 619 5168 Ιιιὶιοι
648 5130 709 5167 ex
755 5115 962 5166 nostris
1005 5111 1095 5179 qui
1136 5119 1382 5162 nostrum
1438 5108 1669 5178 prodant
1707 5105 2006 5160 exercitum

2134 5101 2280 5170 πάθη
2310 5100 2405 5169 τὴν
2427 5099 2598 5171 ἀρχὴν
2625 5097 2910 5168 λαμϐάνει.
2938 5092 3103 5159 Οὗτος
3127 5097 3227 5166 τῆς
3256 5095 3512 5166 ἡμετέρας
3528 5083 3641 5179 δυνάἷ

2142 5211 2282 5264 μεως
2301 5193 2640 5253 κατάσκοπος
2661 5189 2871 5258 γίνεται
2888 5206 2901 5219 ⁸
2931 5183 3060 5245 οἷον.
3085 5188 3309 5241 ἐνέπεσε
3338 5185 3414 5256 τῷ
3440 5169 3642 5252 ὀφθαλμῷ
3712 5237 3713 5244 η

2139 5285 2316 5354 θέαμα
2363 5284 2460 5353 τὴν
2514 5281 2810 5351 ἐπιθυμίαν
2859 5279 3202 5336 ἀνακαινίσαι
3241 5278 3533 5348 δυνάμενον.
3573 5261 3640 5318 Διᾶ

2140 5372 2230 5430 οὖν
2263 5373 2450 5427 τούτου
2502 5373 2839 5426 κατασκοπεῖ
2869 5371 2968 5440 τὴν
3009 5374 3064 5422 ἐν
3098 5371 3179 5423 σοὶ
3221 5368 3445 5440 δύναμιν
3473 5367 3496 5417 ὁ
3531 5353 3637 5412 cmi!"

467 5208 532 5260 lt
581 5213 757 5260 autent
815 5219 1014 5258 sensus
1057 5201 1335 5272 aperiatur
1386 5200 1730 5264 manifestus,
1781 5201 1906 5252 talis
1941 5208 2029 5253 est

467 5299 674 5368 p:imus
705 5295 1026 5350 teutationis
1061 5293 1320 5357 insultns,
1357 5292 1500 5347 unde
1553 5295 1778 5362 capiunt
1810 5291 2029 5344 initium

461 5389 669 5442 vitiosa:
700 5385 1038 5440 aiiectiones.
1094 5381 1194 5437 Hic
1225 5393 1310 5438 cst
1365 5384 1682 5460 εἶχμὶοιιιιοι-
1713 5370 2029 5435 nostrarum

532 5563 576 5591 “’
616 5558 771 5612 Rom.
803 5573 904 5621 vti,
947 5557 1040 5616 ‘25.
