3752 5984
128 134 260 211 ἤιε

1257 145 1323 201 IN
1354 143 1885 204 ECCLESIASTEN.
1927 141 2207 200 nouum
2251 142 2378 198 VIII.
2462 98 2473 106 ’

3334 102 3437 206 7ιὲ

117 273 295 328 μενος,
331 260 475 316 εἴτε
515 260 706 336 ἰσχυρά
751 279 835 326 τις
864 259 957 315 καὶ
992 258 1400 331 εύπαράσκευός
1440 258 1599 322 ἐστιν,

1952 252 2194 324 piarum;
2245 262 2305 310 ut
2346 255 2580 327 exempli
2639 271 2828 321 causa,
2894 258 3086 325 incidit
3148 261 3434 325 oculorum

118 350 350 415 ἄτονος
394 354 514 408 καὶ
540 354 826 417 εὐάλωτοςέ
856 355 920 407 Et
960 352 1069 425 γὰρ
1100 351 1200 405 οὐκ
1234 349 1488 415 ῶκλασας
1518 349 1595 421 τῷ
1631 351 1765 421 σχή-

119 456 308 511 ματι,
343 443 500 497 οὐδὲ
535 461 615 496 σοι
650 443 785 515 πρὸς
809 443 873 495 τὸ
903 441 1069 511 φανὲν
1099 440 1314 511 διελύθη
1340 442 1439 512 τῆς
1463 439 1701 503 διανοίας
1737 441 1766 493 ὁ

116 532 331 599 τόνος,
370 533 514 587 ἀλλ’
544 533 769 597 ἀπαθῶς
799 530 1166 603 παρέπεμψας
1195 534 1294 602 την
1340 532 1648 602 συντυχίαν,
1678 530 1765 583 εύ-

119 622 237 686 θὺς
291 624 613 696 ὲπτόησας
651 624 744 676 τὸν
800 623 1164 688 κατάσκοπον,
1219 618 1330 675 οἷον
1373 621 1606 676 ὁπλιτῶν
1645 638 1764 676 τινα

127 713 438 783 φάλαγγα
468 718 589 779 τοῖς
614 715 801 784 δόρασι
840 713 1196 783 φρίσσουσαν,
1222 712 1320 785 τὴν
1348 712 1457 767 τῶν
1488 712 1763 784 λογισμῶν

123 805 291 869 λέγω
323 806 710 879 παρασκευὴν
731 806 809 877 τῷ
838 805 1169 877 κατασκόπῳ
1191 804 1388 881 δείξας.
1419 805 1479 857 Εἰ
1507 803 1563 857 δὲ
1591 804 1763 881 μαλαέ

124 895 308 968 χθείη
366 897 451 951 δι’
485 898 684 968 ἡδονῆς
734 895 872 968 πρὸς
919 896 1018 965 τὴν
1054 895 1182 949 θέαν
1216 896 1250 966 ἡ
1279 879 1550 964 αἴσθησις,
1584 880 1676 949 καὶ
1704 879 1765 947 ch

125 986 235 1041 τοῦ
270 989 670 1060 χαρακτῆρος
707 986 927 1063 εἴδωλον
959 986 1107 1051 ὶντὺς
1141 986 1239 1057 τῆς
1270 984 1508 1050 διανοίας
1531 969 1619 1040 διὰ
1654 985 1763 1038 τῶν

124 1078 478 1151 ὀφθαλμῶν
509 1080 725 1153 είσδύῃ,
753 1080 875 1134 τότε
900 1080 1359 1151 καταπολεμεῖται
1389 1079 1488 1149 μὲν
1524 1078 1552 1131 ὁ
1596 1094 1762 1150 στρα-

126 1168 322 1239 τηγὴ
370 1168 502 1222 τῶν
537 1168 684 1223 ἔνδον
717 1170 745 1221 ὁ
774 1167 919 1234 νοῦς,
952 1168 1028 1232 ὠς
1055 1169 1208 1223 οὐδὲν
1240 1167 1505 1240 ἀνδρῶδες
1537 1169 1571 1240 ἢ
1597 1163 1765 1221 νεανι-

126 1258 236 1311 κὸν
274 1258 469 1330 ἔχων,
515 1258 654 1313 ἀλλὰ
689 1257 972 1329 βλακώδης
1014 1276 1101 1323 τις
1145 1258 1237 1312 καὶ
1268 1257 1489 1321 ἔκλυτος
1510 1240 1618 1322 ῶν,
1666 1256 1762 1311 καὶ

128 1349 369 1421 πλῆθος
403 1350 696 1422 προδοτῶν
737 1351 804 1404 ἐκ
831 1348 926 1404 τοῦ
957 1351 1131 1423 δήμου
1176 1351 1287 1404 τῶν
1318 1350 1593 1421 λογισμῶν
1636 1352 1764 1423 περὶ

126 1439 231 1492 τὸν
264 1441 654 1514 κατάσκοπον
687 1443 1092 1510 συγκροτεῖται.
1128 1435 1287 1515 Οὗτοι
1309 1441 1364 1494 δέ
1392 1442 1528 1495 εἰσιν
1554 1443 1602 1495 οἱ
1633 1458 1764 1511 προ-

1867 348 2240 418 spectaculum
2298 334 2444 419 quod
2502 348 2768 405 renovare
2822 358 3002 420 potest
3057 353 3431 423 cupiditatem.

1864 439 1970 497 Per
1999 442 2102 497 hoc
2124 450 2253 513 ergo
2297 443 2543 513 explorat
2604 443 2777 498 hostis
2810 448 2901 499 ea's
2935 440 3057 514 qua:
3109 447 3165 502 in
3216 438 3268 504 te
3309 458 3436 504 sunt

1867 530 2078 599 copias,
2106 528 2289 587 sintne
2326 530 2520 586 valida:
2564 539 2613 586 et
2653 531 2792 587 bene
2825 532 3132 599 instructae,
3163 533 3233 590 'an
3265 534 3435 591 imbe~

1866 620 2005 697 cillaa
2044 612 2099 677 et
2151 628 2467 693 expugnatu
2516 614 2727 678 faciles.
2762 614 2818 676 Si
2854 622 2999 678 enim
3053 637 3163 678 non
3189 632 3240 679 te
3272 624 3437 695 fregit

1868 715 2052 787 ﬁgura!
2084 724 2360 785 aspectus,
2385 728 2486 773 nec
2512 720 2698 783 aperte
2725 708 2962 768 solutum
3012 710 3116 769 fuit
3141 712 3306 786 robur
3325 721 3435 771 tua?

1865 798 2234 879 cogitationis,
2266 792 2361 860 sed
2393 806 2533 860 citra
2569 805 2734 859 ullam
2768 805 2933 859 animi
2969 800 3432 875 perturbationem

1865 895 2219 952 transmisisti
2256 895 2307 950 id
2350 888 2495 964 quod
2544 893 2641 949 tibi
2687 888 2954 958 occurrit,
3009 889 3433 963 perterret'eeis'ti

1866 986 2116 1056 protinus
2150 974 2569 1054 exploratorem,
2612 984 2776 1039 veluti
2811 983 3044 1055 quadam
3097 972 3431 1038 armatorum

1865 1062 2132 1148 phalange
2193 1064 2371 1145 hastis
2420 1070 2713 1141 horrente,
2769 1077 2996 1146 paratis,
3056 1072 3319 1146 inquam,
3377 1084 3433 1131 et

1864 1159 2147 1223 instructis
2204 1157 2511 1224 rationibus
2550 1166 2791 1222 ostensis
2843 1167 3195 1237 exploratori.
3247 1167 3352 1222 Sed
3383 1167 3432 1222 si

1866 1256 1931 1309 ad
1967 1256 2339 1325 spectaculum
2370 1270 2468 1324 per
2502 1255 2832 1324 voluptatem
2865 1254 3142 1310 cmollitus
3176 1254 3278 1308 fuit
3308 1255 3435 1310 Sen-

1867 1362 1983 1412 sus,
2011 1356 2065 1402 et
2098 1346 2281 1416 ﬁgurae
2321 1346 2681 1401 simulacrum
2717 1346 3102 1416 eogitatidnem
3135 1344 3305 1403 subiit
3340 1344 3436 1418 per

1865 1440 2078 1503 oculos,
2112 1445 2245 1493 tunc
2274 1447 2622 1509 expugnatur
2638 1438 2855 1508 quidem
2886 1434 3063 1503 mens,
3096 1434 3287 1495 eorum
3310 1437 3436 1517 quae

129 1533 326 1598 δόται,
365 1534 519 1604 περὶ
547 1526 624 1589 ὧν
653 1550 819 1605 φησιν
844 1534 873 1585 ὁ
902 1532 1126 1613 Κύριος,
1157 1533 1238 1587 ὅτι
1287 1552 1306 1584 ι
1330 1534 1391 1587 Οί
1439 1532 1611 1603 ὲχθροῖ

1953 1539 1994 1585 ιι
2025 1531 2173 1588 intus
2209 1531 2549 1611 imperatrix,
2583 1536 2643 1611 ut
2694 1526 2813 1602 qua:
2841 1530 2978 1586 nihil
3029 1531 3229 1613 habeat
3278 1527 3435 1588 virile

129 1623 470 1696 ἀνθρώπου
498 1626 552 1679 οι
576 1626 841 1681 οἰκειακοὶ
868 1623 1033 1678 αὐτοῦ
1053 1640 1067 1655 ο
1100 1642 1119 1676 ι
1148 1624 1198 1678 οἱ
1227 1624 1329 1695 τῆς
1347 1622 1570 1695 καρδίας
1598 1625 1611 1677 ἔ

1954 1662 1962 1676 ρ
1990 1617 2253 1692 juvenile,
2313 1622 2407 1677 sed
2443 1623 2514 1678 sit
2547 1614 2857 1679 effeminata
2911 1630 2966 1705 et
3025 1623 3317 1690 dissoluta,
3380 1613 3436 1679 et

138 1715 488 1786 ρευόμενοι.
524 1716 621 1770 καὶ
652 1713 960 1778 κοινοῦντες
988 1715 1080 1769 τὸν
1108 1714 1415 1786 ἄνθρωπον,
1444 1708 1520 1789 ῶν
1549 1713 1620 1767 τὰ
1646 1696 1764 1768 ὀνύ-

139 1825 297 1878 ματα
333 1809 550 1878 σαφῶς
580 1808 724 1863 ἔστιν
763 1809 832 1862 ὲκ
856 1808 948 1862 τοῦ
993 1807 1326 1875 Εύαγγελίου
1363 1806 1573 1878 μαθεῖν.
1606 1805 1678 1859 Τὸ
1705 1805 1762 1859 δὲ

140 1898 260 1952 ἀπὸ
292 1898 539 1962 τούτου,
570 1899 750 1952 οὐκέτι
778 1897 847 1959 ἄν
878 1915 959 1951 σοι
988 1896 1211 1968 γένηται
1237 1896 1514 1968 δυσχερὲς,
1541 1894 1607 1948 δι’
1635 1895 1762 1948 ἀκοι-

141 1985 352 2043 λούθου
389 1989 472 2042 τὰ
508 1988 633 2042 καθ’
664 1989 891 2043 ἕκαστον
921 1988 1020 2058 τῆς
1059 1987 1361 2058 πολεμικῆς
1403 1985 1617 2055 ἐκείνης
1642 1985 1760 2037 δια-

146 2081 369 2152 σκευῆς
410 2081 757 2151 κατανοῆσαι
792 2081 889 2151 τῆς
916 2081 978 2132 ὲκ
1003 2077 1098 2131 τοῦ
1135 2078 1374 2148 ἀφανοῦς
1412 2076 1764 2149 προλοχεύον-

148 2190 279 2238 τος,
313 2170 409 2237 οἷς
448 2174 880 2243 περιπίπτουσιν
923 2174 972 2226 ot
1003 2171 1327 2242 ἀπροόπτως
1371 2170 1509 2224 κατὰ
1542 2170 1637 2241 τὴν
1669 2168 1763 2223 τοῦ

151 2264 277 2334 βίου
323 2263 461 2318 ὁδὸν
517 2265 890 2336 πορευόμενοι.
942 2265 1005 2317 Οἱ
1044 2263 1150 2336 γὰρ
1196 2265 1254 2315 ἐν
1299 2264 1537 2334 σχήματι
1583 2260 1764 2332 φιλίας

152 2354 255 2408 καὶ
289 2355 530 2417 εὐνοίας
566 2354 701 2425 πρὸς
731 2355 823 2407 τὸν
867 2355 965 2423 τῆς
995 2354 1268 2425 ἁμαρτίας
1311 2353 1528 2430 ὄλεθρον
1571 2350 1764 2433 καθέλ-

152 2459 358 2507 κοντες
390 2444 495 2497 τδν
527 2443 867 2514 πειθόμενον,
898 2436 1043 2497 οὗτοί
1076 2445 1211 2496 εἰσιν
1234 2444 1281 2497 οἱ
1315 2441 1458 2496 κατὰ
1485 2441 1582 2505 τὰς
1613 2440 1766 2504 ὁδοὺς

59 2560 71 2567 ~
158 2533 564 2604 ἐνεδρεύοντες
585 2574 600 2598 ,
633 2535 682 2587 οἱ
725 2533 824 2603 τῇς
868 2533 1058 2603 ἡδονῆς
1087 2532 1405 2598 ἐπαινέται,
1440 2533 1487 2586 oi
1521 2530 1656 2603 πρὸς
1695 2521 1797 2584 τὰ’

157 2624 378 2696 θέατρα
410 2624 911 2696 χειραγωγοῦντες,
950 2625 998 2676 οἱ
1031 2622 1123 2675 τοῦ
1164 2620 1333 2697 κακοῦ
1384 2622 1480 2692 τὴν
1512 2610 1766 2677 εὐκολίαν

163 2713 666 2776 ἀποδεικνύοντες,
707 2713 799 2766 καὶ
836 2711 903 2764 δι’
950 2704 1024 2764 ὧν
1077 2707 1287 2765 ποιοῦσι
1342 2712 1475 2781 πρὸς
1522 2712 1621 2782 τὴν
1658 2711 1768 2765 τῶν

162 2804 375 2873 ὁμοίων
438 2804 675 2876 μίμησιν
738 2803 1136 2873 ἐκκαλούμενοι
1164 2844 1179 2868 ,
1236 2802 1497 2877 ἀδελφοὺς
1545 2804 1768 2865 ἑαυτοὺς

166 2896 267 2948 καὶ
296 2896 503 2965 φίλους
541 2897 626 2947 ἐπ’
655 2895 859 2967 ὀλέθρῳ
896 2894 1004 2948 τῶν
1026 2893 1428 2965 ἀπολλυμένων
1473 2892 1768 2960 κατονομά-

1861 1724 2059 1786 magna
2092 1728 2289 1769 manus
2318 1712 2658 1785 proditorum
2691 1728 2754 1769 ex
2788 1703 2993 1784 populo
3031 1703 3431 1785 cogitationum

1862 1790 2079 1875 cogitur
2108 1804 2259 1860 circa
2292 1806 2716 1876 exploratorem.
2750 1803 2843 1860 Isti
2883 1812 3065 1860 autem
3098 1814 3227 1861 sunt
3251 1802 3433 1877 prodi-

1864 1905 2010 1952 tores
2043 1898 2108 1952 de
2143 1897 2344 1968 quibus
2377 1897 2512 1952 dicit
2545 1896 2810 1955 Dominus
2842 1916 2855 1952 :
2893 1915 2911 1949 ι
2947 1896 3155 1952 lnimiei
3193 1897 3434 1953 hominis

1863 1987 2148 2043 domestici
2172 1989 2292 2055 ejus
2311 1987 2378 2053 ⁸⁸,
2408 2006 2425 2039 ι
2448 1987 2540 2058 qni
2568 2002 2634 2042 ex
2658 1980 2821 2043 corde
2842 1982 3061 2052 exeunt,
3084 1995 3137 2044 et
3155 1986 3431 2043 hominem

1865 2076 2159 2146 inquinant
2183 2076 2249 2143 ⁸ο,
2281 2072 2516 2146 quorum
2556 2075 2774 2129 nomina
2806 2082 2991 2153 aperte
3027 2070 3166 2130 disci
3202 2064 3435 2143 possunt

1864 2184 1929 2222 ex
1964 2154 2276 2238 Evangelia.
2315 2160 2452 2220 Hinc
2496 2165 2593 2220 tibi
2626 2164 2852 2219 minime
2892 2160 3058 2220 fuerit
3098 2161 3335 2230 dillicile,
3365 2165 3428 2220 ei
3478 2208 3485 2213 .

1864 2259 2225 2328 consequenti
2255 2258 2562 2328 intelligere
2619 2255 2834 2326 singula
2883 2260 3003 2326 quae
3060 2254 3333 2326 pertinent
3362 2240 3430 2310 ad

1867 2351 2121 2406 bellicum
2155 2342 2308 2404 illum
2337 2342 2682 2419 apparatum,
2721 2355 2775 2403 et
2799 2345 2889 2417 qui
2948 2349 3076 2418 sunt
3107 2346 3142 2401 ii
3174 2347 3265 2418 qui
3293 2348 3430 2402 ciant

1867 2440 2139 2496 collocant
2170 2438 2422 2503 insidias,
2453 2437 2543 2506 qui
2577 2437 2948 2491 incursionem
2982 2426 3192 2489 faeiunt
3224 2437 3275 2489 in
3315 2434 3434 2502 eos,

1866 2531 1958 2601 qui
1990 2547 2057 2585 ex
2085 2529 2397 2599 improviso
2421 2522 2474 2581 in
2503 2527 2644 2581 viam
2701 2526 2825 2580 vilze
2878 2524 3277 2596 ingrediuntur.
3327 2522 3433 2593 Qui

1868 2622 2013 2679 enim
2048 2629 2313 2692 praetextu
2343 2618 2595 2672 amicitiae
2627 2616 2680 2672 et
2722 2617 3134 2682 benevolentim,
3188 2628 3312 2672 enm
3343 2611 3433 2671 cui

1869 2710 2230 2781 persuadetur
2262 2703 2546 2761 attrahunt
2582 2705 2647 2758 ad
2692 2705 2897 2772 peccati
2930 2704 3179 2767 exitium,
3215 2703 3252 2757 ii
3303 2706 3435 2756 Sunt

1869 2802 1960 2873 qui
1998 2801 2170 2854 invia
2201 2798 2554 2860 insidiantur,
2618 2794 2925 2851 laudatores
2972 2794 3291 2865 voluptatis,
3338 2794 3432 2864 qui

1870 2892 2150 2947 deducunt
2183 2889 2248 2943 ad
2278 2890 2512 2952 theatra,
2535 2887 2627 2958 qui
2656 2887 2781 2940 mali
2813 2886 3059 2941 indicant
3091 2876 3430 2948 facilitatem,-

166 2983 385 3051 ζοντες.
407 2986 554 3059 Περὶ
574 2979 648 3039 ὧν
675 2982 1003 3059 γέγραπται,
1023 2986 1103 3061 ὅτι
1138 3004 1155 3035 ι
1182 2986 1294 3048 Πᾶς
1314 2968 1538 3054 ἀδελφὸς
1572 3003 1648 3038 πτπ

1956 2998 2048 3053 per
2072 2998 2133 3037 ea
2162 2996 2281 3052 quae
2312 2979 2540 3046 faciunt,
2593 2987 2888 3050 provocant
2929 2977 2995 3033 ad
3049 2974 3431 3042 imitationem,

172 3078 476 3149 πτερνιεῖ·
525 3079 619 3131 καὶ
669 3079 776 3141 πᾶς
823 3077 973 3147 φίλος
1015 3077 1150 3148 δόλῳ
1185 3075 1528 3149 πορεύσεται.
1565 3092 1583 3122 ι
1619 3078 1764 3131 Είδὲ

172 3170 528 3240 νενοήκαμεν
564 3168 661 3233 τὰς
696 3157 938 3240 ἐνέδρας,
975 3170 1143 3237 σαφὲς
1184 3152 1249 3222 ἂν
1294 3169 1377 3240 εἴη
1423 3169 1517 3222 καὶ
1553 3168 1635 3235 τὸκ
1661 3169 1769 3223 τῶν

175 3259 566 3332 σφενδονητῶν
580 3277 639 3313 τε
675 3259 768 3314 καὶ
808 3259 1039 3331 τοξοτῶν
1082 3260 1177 3313 καὶ
1211 3259 1540 3313 ἀκοντιστῶν
1582 3260 1770 3330 στίφος

172 3348 664 3422 διερευνήσασθαι.
682 3351 745 3402 Οί
778 3348 887 3420 γὰρ
909 3347 1160 3420 ὑϐρισταί
1184 3365 1242 3401 τε
1265 3349 1359 3401 καὶ
1385 3347 1649 3419 θυμώδεις
1675 3347 1769 3402 καὶ

174 3438 412 3511 λοίδοροι
457 3440 539 3512 τῷ
574 3441 975 3514 προκατάρχειν
1031 3440 1138 3493 τῶν
1172 3438 1400 3511 ὕϐρεων,
1444 3440 1564 3493 ἀντὶ
1601 3438 1768 3508 βελῶν

176 3530 210 3600 ἢ
242 3530 434 3598 λίθων,
467 3534 596 3596 τοὺς
626 3531 1067 3605 παροξυντικοὺς
1096 3530 1287 3598 λόγους
1325 3528 1766 3596 ἁποτοξεύοντες,

177 3620 277 3676 καὶ
312 3623 757 3693 σφενδονοῦντες,
806 3624 898 3676 καὶ
941 3622 1345 3691 ἀκοντίζοντες,
1375 3621 1549 3693 μέσην
1577 3620 1770 3693 τιτρώ-

182 3726 378 3768 σκουσι
429 3715 537 3786 τὴν
586 3716 813 3787 καρδίαν
859 3714 965 3769 τῶν
1008 3713 1395 3787 ἀθωρακίστως
1437 3712 1530 3765 καὶ
1564 3710 1769 3780 ἀφυλά-

180 3817 332 3866 κτως
368 3786 740 3859 διοδευόντων.
773 3786 845 3882 Τὸ
884 3804 940 3857 δὲ
968 3803 1061 3858 τοῦ
1091 3803 1257 3872 τύφου
1296 3800 1390 3855 κὸιλ⁵
1432 3802 1528 3871 τῆς
1563 3803 1769 3873 ὑπερη-

186 3894 384 3961 φανίας
410 3897 606 3961 πάθος,
642 3899 722 3961 εῑς
752 3897 813 3950 τὸ
837 3883 1120 3968 γαυρίαμα
1152 3895 1259 3948 τῶν
1288 3896 1471 3948 ἵππων
1499 3887 1763 3963 μετενεγ-

186 3985 377 4050 κόντες
451 3988 553 4042 ούκ
612 3988 677 4042 ἂν
723 3988 1253 4060 ἁμάρτοιεν.”ἰπποι
1313 3987 1421 4058 γάρ
1475 3987 1580 4039 εἰσί
1628 4004 1771 4050 τινες

186 4075 430 4147 ἀτεχνῶς
450 4078 856 4150 ,ύψαυχενισταὶ
886 4079 979 4132 καὶ
1008 4078 1405 4150 ύψηλοκάρηνοι
1424 4116 1441 4140 ,
1465 4080 1573 4142 τοῖς
1602 4078 1772 4150 ὑπερ-

187 4165 370 4233 όγκοις
402 4170 501 4224 τοῦ
520 4172 694 4246 τύφου
726 4172 965 4246 ῥήμασιν
1010 4165 1122 4223 οἷόν
1159 4188 1301 4224 τισιν
1337 4170 1530 4235 ὁπλαῖς
1561 4170 1769 4234 κοίλαις

188 4258 315 4322 τοὺς
368 4259 1213 4334 μετρίουςνκαταιιραδαίνοντες.
1256 4248 1391 4331 Περὶ
1424 4253 1500 4314 ὧν
1543 4274 1706 4331 φησιν
1736 4261 1769 4329 ἡ

192 4346 410 4423 Γραφὴ,
443 4342 525 4405 ὅτι
560 4370 579 4403 ι
606 4350 698 4423 Μὴ
724 4351 921 4405 ἐλθέτω
947 4368 1036 4423 μοι
1064 4350 1198 4411 ποῦς
1230 4349 1622 4420 ὑπερηφανίας.
1645 4371 1663 4403 ι
1691 4351 1772 4405 Τὰ

194 4439 254 4492 δὲ
286 4446 661 4515 μηχανήματα
704 4442 769 4498 δι’
789 4437 870 4515 γῶν
912 4442 1098 4498 λύεται
1132 4430 1364 4515 ἁρμονία
1396 4441 1489 4495 τοῦ
1540 4441 1772 4513 τείχους,

198 4530 380 4602 καλῶς
404 4534 472 4588 ἄν
494 4551 577 4597 τις
604 4532 702 4605 τὴν
724 4532 1158 4605 φιλοχρηματίαν
1186 4531 1592 4601 κατανοήσειεν.
1613 4532 1776 4585 Οὐδὲν

197 4619 305 4690 γὰρ
332 4622 508 4686 οὕτως
548 4623 664 4675 ἐστὶ
694 4621 830 4692 βαρὺ
861 4621 956 4675 καὶ
972 4616 1315 4697 δυσάντητον
1341 4618 1401 4673 ὲν
1436 4619 1502 4690 τῇ
1535 4615 1643 4672 τῶν
1674 4619 1776 4673 πο-

202 4707 404 4780 λεμίων
455 4714 814 4783 παρασκευῇ,
869 4713 944 4776 ὡς
972 4695 1031 4765 τὸ
1070 4712 1170 4781 τῆς
1205 4695 1567 4782 φιλαργυρίας
1598 4711 1774 4782 μηχά-

185 4814 367 4881 Ινημα.
402 4802 521 4855 Κᾶν
558 4802 639 4854 ὅτι
694 4801 926 4870 μάλιστα
956 4798 1056 4863 τὰς
1100 4795 1264 4864 ἄλλας
1307 4802 1509 4873 ἀρετὰς
1546 4800 1636 4856 διὰ
1678 4803 1777 4873 τῆς

204 4890 520 4962 ἐναρμονίου
554 4892 853 4956 συνθέσεως
892 4895 1013 4955 ταῖς
1042 4892 1241 4962 ψυχαῖς
1284 4894 1772 4968 περιοικοδομηθῶ-

207 4994 309 5055 σιν,
333 4985 485 5038 οὐδὲν
514 4979 674 5057 ἦττον
701 4984 795 5037 καὶ
821 4981 908 5036 διὰ
938 4982 1045 5036 τῶν
1073 4981 1329 5061 τοιούτων
1374 4982 1633 5046 πολλάκις
1665 4988 1777 5040 εἰσ·-

208 5069 382 5150 δύεται
423 5074 483 5129 τὸ
528 5073 843 5150 μηχάνημα.
886 5070 1048 5147 ξΕστι
1078 5062 1197 5144 γὰρ’
1238 5074 1365 5127 ἰδεῖν
1394 5074 1489 5128 καὶ
1532 5076 1621 5130 διὰ
1674 5094 1776 5130 σω-

213 5147 478 5235 φροσύνης
514 5163 613 5236 τὴν
645 5147 1081 5234 ξριλοχρηματίαν
1121 5163 1532 5228 είσπίπτουσαν,
1561 5167 1653 5220 καὶ
1686 5168 1778 5221 πί-

216 5263 401 5316 στεως,
432 5240 524 5308 καλ.
556 5255 870 5325 μυστηρίων
896 5250 1201 5325 ἀκριϐείας,
1238 5255 1563 5325 ἐγκρατείας
1590 5274 1652 5310 τε
1685 5254 1778 5311 καὶ

215 5340 717 5416 ταπεινοφροσύνης,
738 5342 830 5396 καὶ
849 5342 957 5395 τῶν
990 5341 1245 5396 τοιούτων
1275 5342 1491 5399 πάντων
1521 5344 1670 5408 ἐντὸς
1700 5363 1778 5414 γι-

1871 3090 1929 3129 sc
1955 3074 2153 3128 fratres
2205 3080 2259 3127 et
2309 3070 2515 3126 amicos
2595 3071 2963 3135 nominantes,
3013 3069 3081 3124 ad
3136 3066 3432 3141 perniciem

1868 3178 2058 3219 eorum
2091 3164 2183 3234 qui
2225 3160 2520 3216 intereunt.
2558 3160 2632 3215 De
2677 3161 2877 3231 quibus
2914 3160 3177 3230 scriptum
3229 3168 3314 3215 est
3339 3146 3383 3192 δι
3418 3178 3433 3213 :

1876 3253 2094 3314 «Omnis
2120 3252 2287 3306 frater
2339 3252 2605 3307 caleaneo
2668 3250 3079 3322 supplantabit:
3143 3258 3197 3307 et
3253 3252 3436 3308 omnis

1868 3347 2079 3400 amicus
2128 3344 2182 3398 in
2231 3343 2356 3399 dolo
2413 3344 2737 3399 ambulabit.
2777 3362 2795 3395 ι
2850 3337 2906 3397 Si
2969 3350 3152 3399 autem
3207 3343 3437 3399 insidias

1868 3435 2327 3500 intellexerimus,
2361 3433 2664 3504 poterimus
2696 3433 2860 3488 etiam
2908 3433 3150 3489 dilucide
3180 3430 3437 3504 persciu-

1869 3527 1972 3581 tari
2006 3522 2239 3580 turmam
2272 3524 2627 3589 funditorum,
2662 3523 3070 3593 sagittariorum
3132 3529 3186 3577 et
3225 3523 3438 3593 iacula-

1868 3623 2072 3669 torum.
2114 3613 2219 3679 Qui
2245 3614 2388 3668 enim
2417 3618 2545 3667 sunt
2572 3606 2955 3666 contumeliosi
2994 3619 3047 3666 et
3092 3612 3340 3667 iracundi
3382 3621 3438 3669 et

1870 3704 2141 3768 maledici,
2170 3718 2234 3757 eo
2260 3701 2404 3772 Quod
2427 3702 2639 3770 priores
2671 3701 2950 3756 laceSsunt
2979 3701 3200 3771 probris
3230 3709 3294 3758 ac
3321 3718 3438 3757 ma-

1870 3795 2110 3859 ledictis,
2140 3796 2239 3863 pro
2270 3794 2392 3849 telis
2426 3799 2523 3847 aut
2572 3791 2864 3862 lapidibus,
2887 3792 3050 3847 Verba
3069 3805 3188 3862 quae
3220 3787 3439 3850 irritant

1871 3888 2133 3956 tanquam
2154 3882 2220 3941 ei
2244 3890 2372 3939 arcu
2403 3886 2456 3937 et
2481 3882 2668 3947 funda,
2696 3892 2747 3939 et
2770 3882 2948 3938 instar
2963 3883 3438 3953 jaculijacientes,

1871 3978 2110 4035 medium
2145 3992 2243 4032 cor
2270 3976 2522 4031 Sauciant
2555 3984 2744 4031 eorum
2781 3976 2875 4046 qui
2905 3976 3111 4047 absque
3159 3977 3353 4040 ldrica,
3384 3985 3442 4032 et

1873 4071 1977 4127 sibi
2011 4086 2122 4124 non
2160 4071 2414 4124 caventes
2468 4075 2774 4127 transeunt.
2829 4067 3108 4140 Superbiae
3157 4059 3337 4127 autem
3384 4071 3442 4126 οἳ

1872 4160 2181 4217 insolentiae
2202 4159 2395 4214 vitium
2416 4159 2509 4229 qui
2535 4159 2603 4214 ad
2629 4174 2893 4229 equorum
2917 4160 3300 4217 transtulerint
3328 4161 3441 4217 clava

1878 4254 2104 4315 tionem,
2127 4251 2353 4306 minime
2379 4251 2773 4307 aberraverint.
2804 4249 2941 4305 Sdnt
2960 4249 3106 4304 enim
3135 4250 3294 4320 piane
3311 4250 3439 4319 equi

1804 4331 2078 4399 Dcollum
2128 4347 2181 4398 et
2245 4350 2409 4412 caput
2468 4342 2523 4396 in
2603 4344 2772 4396 altum
2830 4334 3181 4407 attollentes,
3238 4331 3440 4396 inﬂatis

1874 4436 2179 4491 insolentia:
2216 4434 2422 4498 verbis,
2452 4434 2618 4490 veluti
2677 4432 3004 4503 quibusdam
3054 4422 3297 4502 dngnlis,
3344 4447 3441 4487 eos

1873 4525 1967 4595 qui
2023 4534 2149 4579 sunt
2202 4524 2471 4580 moderati
2541 4522 2841 4595 pulsantes.
2908 4512 2983 4581 De
3041 4509 3266 4595 quibus‘
3304 4524 3440 4579 dicit

1876 4616 2193 4686 Scriptura:
2240 4618 2260 4668 ι
2311 4615 2435 4671 Non
2484 4614 2668 4671 veniat
2714 4617 2846 4670 mihi
2873 4622 2970 4686 pes
3004 4616 3275 4687 superbize
3308 4617 3374 4670 ".
3416 4625 3438 4668 ς

1874 4707 2157 4762 Machinas
2191 4713 2372 4762 autem
2403 4708 2605 4778 quibus
2648 4706 2878 4781 solvitur
2906 4707 3048 4759 muri
3091 4714 3445 4776 coagmenta-

1875 4800 1976 4860 tio,
2028 4799 2317 4852 avaritiam
2366 4803 2460 4852 aut
2512 4798 2758 4868 pecunia:
2783 4785 3139 4865 cupiditatem
3170 4804 3319 4851 recte
3342 4803 3446 4850 no-‘

1875 4888 2195 4945 minaveris.
2229 4886 2377 4942 Nihil
2406 4887 2553 4944 enim
2568 4897 2650 4942 est
2680 4894 2790 4939 tam
2822 4880 2984 4954 grave
3023 4892 3071 4939 et
3108 4886 3196 4938 cui
3241 4883 3444 4939 difﬁci-‘

1877 4983 1984 5037 lius
2013 4982 2229 5036 occurri
2254 4980 2431 5050 possit
2459 4981 2513 5035 in
2536 4987 2800 5051 apparatu
2831 4963 3097 5041 hostium,
3134 4992 3299 5048 quam
3326 4984 3444 5031 ma-

1875 5073 2039 5127 china
2072 5073 2337 5127 avaritiae.
2369 5065 2504 5128 Nam
2530 5073 2744 5128 etiamsi
2782 5064 2900 5125 aliae
2928 5071 3158 5125 virtutes
3189 5085 3286 5140 per
3313 5080 3446 5125 con-

1874 5163 2094 5216 Cinnam
2129 5160 2655 5229 eoagmentationcm
2691 5161 2801 5214 sint
2838 5157 3114 5213 te‘dilicatte
3152 5157 3208 5211 in
3252 5172 3440 5212 eorum

1876 5250 2096 5315 animis,
2133 5249 2494 5304 nihilominus
2524 5251 2687 5304 etiam
2723 5264 2820 5319 per
2843 5252 2936 5306 eas
2969 5262 3111 5318 saepe
3139 5248 3310 5302 intrat
3333 5254 3447 5303 mao'

1873 5344 2058 5397 china.
2094 5342 2294 5396 Videre
2332 5343 2476 5395 enim
2527 5342 2653 5396 licet
2685 5343 2846 5396 etiam
2896 5355 2993 5412 per
3032 5336 3447 5411 temperantiam

287 5506 331 5545 "
370 5516 557 5573 Matth.
594 5534 650 5583 at,
681 5516 771 5573 36.
849 5488 896 5548 3°
938 5515 1127 5570 Matth.
1166 5533 1255 5583 xv,
1290 5517 1374 5572 IS.
1453 5499 1492 5549 δ’
1536 5516 1648 5572 Jcr.
1703 5533 1776 5583 Ix,
1820 5519 1873 5573 εί.
1950 5520 1993 5550 ⁸¹
2036 5517 2177 5572 l‘sal.
2212 5515 2477 5580 xxxr,12.

489 5612 760 5671 Ριτιιοι.
805 5608 923 5668 Gn.
966 5609 1182 5669 XLIV.

3004 5609 3173 5663 να.
