3752 5984
292 141 394 198 767

1518 174 1523 181 ι
1571 138 1627 191 S.
1668 126 1994 193 GREGORII
2035 130 2324 194 NYSS'ENI

3442 141 3553 192 Ἱιῒ

292 262 504 315 irruere
544 255 954 321 avaritiam,‘et
998 271 1094 327 per
1153 253 1423 320 ﬁdem,'et
1473 254 1861 326 mysteriorum

2041 251 2198 325 ιένην
2228 258 2326 328 τὴν
2372 255 2591 326 βαρεῖαν
2632 256 2839 325 ταύτην
2880 255 2971 308 καὶ
2997 254 3208 324 ἄμαχον
3239 251 3332 306 τοῦ
3373 246 3589 315 xum-3!

291 358 602 423 accuratam
643 359 697 415 et
731 349 1050 420 diligentem
1105 347 1538 419 perceptionem,
1574 348 1866 401 continen-

292 447 534 515 tiamque
582 451 637 498 et
673 436 1063 506 humilitatem,
1101 451 1154 497 et
1189 456 1532 512 quaecunque
1561 450 1691 496 sunt
1714 442 1865 512 ejus-

290 532 460 595 modi,
482 531 627 585 intro
650 531 955 601 irrumpere
986 529 1090 583 hoc
1119 530 1321 584 malum
1355 545 1522 601 grave
1544 538 1598 585 et
1630 532 1866 601 inexpu-

289 625 526 694 gnabile.
580 623 699 691 Quo
742 622 833 687 ﬁt,
881 629 943 676 ut
996 622 1247 676 nonnulli
1287 623 1633 678 continentes
1666 630 1719 677 et
1751 636 1866 675 mo-

291 717 430 771 desti
483 723 537 771 et
584 714 687 769 ﬁde
746 713 1024 777 ardentes,
1085 714 1443 782 moribusque
1481 714 1777 784 compositi
1811 721 1866 769 et

292 803 581 871 moderati,
618 803 749 857 huic
787 802 887 857 soli
924 801 1117 857 morbo
1154 817 1265 856 non
1321 803 1543 873 possint.
1582 804 1861 858 resistere.

293 894 349 949 Si
394 909 524 965 ergo
586 894 864 950 intellecta
915 899 1000 949 est
1040 907 1073 946 a
1110 893 1272 948 nobis
1315 901 1545 951 caterva
1599 893 1862 956 hostium,

292 993 507 1055 tempus
532 984 638 1039 erit
678 983 1063 1055 belligerandi.
1119 982 1290 1038 Nemo
1319 992 1501 1039 autem
1531 983 1771 1039 conﬁdat
1807 999 1866 1039 se

290 1076 530 1132 hostium
597 1077 768 1131 aciem
829 1090 991 1147 posse
1042 1075 1235 1145 fugare
1278 1084 1331 1132 et
1379 1077 1711 1147 proﬂigare,
1756 1077 1864 1130 nisi

289 1163 535 1236 Apostoli
582 1174 919 1219 armaturam
939 1165 985 1197 ⁸³
1013 1166 1329 1235 arripuerit.
1386 1164 1625 1221 Omnino
1681 1172 1863 1220 autem

292 1270 452 1309 nemo
480 1254 695 1324 ignorat
717 1255 1028 1323 cujusmodi
1056 1255 1166 1309 sint
1196 1254 1494 1320 arma-illa,
1520 1270 1616 1324 per
1635 1270 1756 1325 quae
1784 1253 1866 1321 ef-

293 1343 405 1397 ﬁcit
452 1345 508 1396 u't
551 1343 799 1398 adversis
855 1344 982 1398 telis
1012 1344 1241 1401 minime
1264 1346 1336 1400 sit
1356 1344 1736 1412 vulnerabilis,
1772 1345 1865 1414 qui

1972 343 2472 417 προσδρλήνέὈθεν
2519 343 2663 406 τινὲς
2692 345 2979 413 ἐγκρατεῖς
3014 357 3090 394 τεο
3116 343 3212 396 καὶ
3245 340 3551 411 σώφρονες,

1968 437 2063 490 καὶ
2095 437 2223 509 περὶ
2250 436 2348 508 τὴν
2372 436 2552 489 πίστιν
2570 434 2824 506 διάπυροι
2841 462 2861 498 φ
2882 433 2976 487 καὶ
2999 431 3428 502 κατεσταλμένοι
3455 429 3555 482 τὸν

1966 529 2188 601 τρόπον,
2218 530 2313 583 καὶ
2331 511 2421 584 δίά
2448 528 2556 581 τῶν
2571 525 2720 597 ἠθῶν
2747 524 3152 597 μετριάζοντες,
3179 523 3314 593 πρὸς
3336 521 3556 590 ταύτην

1970 623 2130 694 μόνον
2176 624 2446 694 ἀντισχεῖν
2489 621 2590 692 τὴν
2622 620 2779 675 νόσον
2816 617 3190 673 ἀδυνατοῦσιν.
3232 618 3296 670 El
3324 610 3422 670 οὖν
3460 629 3558 667 νε·-

1970 716 2155 785 νόηται
2186 716 2318 786 ἡμῖν
2348 711 2456 767 τῶν
2477 711 2749 783 πολεμίων
2776 710 2838 765 τὺ
2870 712 3091 779 στῖφος,
3122 708 3312 781 καιρὸς
3352 706 3420 761 ἂν
3452 705 3550 775 εἴη

1964 779 2065 860 τού
2086 779 2362 877 πολεμεῖν.
2400 804 2514 858 Οὐκ
2544 779 2690 858 esse
2725 820 2809 867 τις
2838 801 3134 874 θαρῤήσειε
3160 779 3260 870 την
3290 794 3554 866 ἔναντίαμ
3634 872 3642 881 Δ

1910 894 2271 969 --παράταξιν
2323 894 2753 968 τροπώσασθαι,
2806 894 2878 965 μὴ
2916 892 3038 965 ,τῆς
3091 890 3393 954 πανοπλίας
3443 880 3557 955 τοῖξ

1978 980 2302 1042 Ἀποστόλου
2345 985 2700 1058 δραξάμενος.
2749 988 2974 1047 Πάντως
3033 982 3092 1035 δὲ
3138 979 3314 1043 οὐδεὶς
3357 980 3555 1047 ἀγνοεῖ

1965 1078 2056 1132 τὸν
2082 1078 2280 1149 τρόπον
2306 1080 2406 1149 τῆς
2437 1074 2588 1139 θείας
2610 1062 3137 1146 δκείνηςᾜπλίσεως,
3171 1072 3238 1126 δι’
3264 1067 3331 1142 ἧς
3363 1064 3553 1141 άτρωο
3602 1147 3615 1155 _

1966 1164 2056 1225 τον
2082 1171 2226 1223 ποιεῖ
2251 1169 2363 1232 τοῖς
2390 1167 2653 1231 ἐναντίοις
2681 1165 2858 1236 βέλεσι
2885 1165 2977 1218 τὸν
3000 1164 3136 1237 πρὸς
3160 1163 3260 1234 τὴν
3285 1161 3553 1232 φάλαγγα

1964 1257 2073 1311 τῶν
2108 1257 2381 1328 πολεμίων
2425 1255 2731 1326 ἱστάμενον.
2776 1252 2974 1308 Διελὼν
3004 1255 3115 1324 γὰρ
3157 1254 3236 1315 είς
3279 1252 3394 1321 εῐδη
3437 1250 3552 1312 τὰς

1967 1348 2166 1419 ἀρετὰς
2212 1348 2241 1401 6
2285 1344 2621 1411 ’Δπόστολος,
2676 1344 2805 1419 ἴδιον
2850 1343 3283 1419 ὅπλονλκάστιμ
3325 1341 3434 1394 τῶν
3483 1341 3552 1392 ἑν

292 1435 532 1489 hostium
557 1434 762 1489 resistit
791 1436 1070 1506 phalangi.
1105 1434 1240 1490 Nam
1268 1451 1393 1492 cum
1432 1410 1729 1506 Apostolus
1756 1410 1867 1490 vir-

2041 1441 2099 1492 ,ῖν
2140 1410 2371 1509 καιρίων
2416 1436 2646 1491 ἕκαστον
2685 1410 2885 1507 ἀρετῆς
2926 1430 3063 1498 εἶδος
3097 1410 3407 1504 πεποίηται.
3458 1429 3583 1513 Τῇ)

291 1531 436 1578 tutes
485 1524 762 1611 divisisset
813 1525 867 1577 in
917 1539 1153 1595 genera,
1208 1520 1638 1597 unumquodque
1692 1541 1865 1598 genus

2041 1548 2148 1585 στει
2180 1528 2290 1601 γὰρ
2314 1528 2413 1600 τὴν
2440 1527 2784 1599 δικαιοσύνην
2822 1525 3140 1598 συμπλέξας
3171 1525 3265 1579 καὶ
3300 1522 3553 1601 συνυφά-

293 1615 514 1671 virtutis
544 1616 764 1686 propria
783 1631 934 1670 arma
957 1616 1155 1681 effecit,
1191 1618 1495 1689 unicuique
1526 1634 1715 1674 eorum
1746 1634 1867 1689 qua:

2041 1641 2084 1688 ς,
2119 1623 2205 1677 διὰ
2250 1620 2455 1676 τούτων
2498 1617 2898 1682 κατασκευάζει
2929 1616 3006 1688 τῷ
3054 1615 3250 1688 ὁπλίτῃ
3290 1615 3384 1667 τὸν
3425 1612 3552 1666 θώ-

292 1711 348 1763 in
406 1710 563 1764 nobis
607 1717 735 1764 sunt
786 1717 1095 1778 opportuna
1129 1718 1183 1763 et
1229 1709 1528 1779 pracipua.
1559 1708 1696 1766 Cum
1720 1711 1865 1765 enim

294 1818 415 1857 rum
456 1802 560 1857 ﬁde
612 1802 1003 1857 connexuisset
1050 1808 1103 1857 et
1147 1803 1524 1857 contexuisset
1567 1800 1862 1872 justitiam,

293 1914 390 1968 per
429 1912 493 1950 ea
539 1905 754 1951 armato
792 1895 970 1949 munit
1014 1895 1318 1961 thoracem,
1370 1905 1521 1950 recte
1550 1901 1604 1949 et
1628 1900 1743 1949 tute
1769 1909 1867 1964 per

295 2000 587 2058 utrumque
619 1984 810 2041 militis
835 1994 1023 2058 pectus
1056 1987 1332 2057 muniens.
1368 1984 1489 2041 Non
1518 1993 1699 2057 potest
1719 1986 1863 2041 enim

294 2079 431 2144 ﬁeri,
467 2088 525 2133 ut
547 2079 781 2135 alterum
815 2078 884 2132 ab
914 2079 1088 2133 altero
1124 2077 1492 2147 disiunctum,
1539 2093 1607 2134 ex
1644 2094 1702 2134 se
1748 2085 1866 2132 tuta

292 2174 532 2245 prmbeat
562 2187 715 2225 arma
747 2171 797 2225 ei
822 2170 916 2240 qui
954 2170 1071 2240 ipsa
1101 2177 1319 2224 tractat.
1360 2168 1551 2239 Neque
1605 2170 1755 2225 enim
1806 2171 1868 2223 ﬁ-

293 2267 391 2319 des
426 2265 634 2334 absque
664 2262 925 2332 operibus
947 2260 1175 2331 iustitiae
1193 2261 1394 2315 sufﬁcit
1428 2260 1495 2315 ad
1514 2261 1864 2317 servandum.

234 2368 237 2371 '
296 2350 479 2426 Neque
517 2366 713 2407 rursus
740 2351 866 2407 vitae
902 2343 1113 2421 justitia
1152 2365 1250 2420 per
1279 2365 1339 2405 se
1376 2357 1493 2404 tuta
1518 2356 1603 2404 est
1630 2349 1696 2405 ad
1721 2351 1867 2405 salu-

294 2454 429 2510 tem,
490 2443 538 2499 si
594 2442 843 2512 sejuncta
915 2441 988 2495 sit
1042 2441 1196 2495 ﬁdes.
1243 2440 1308 2494 Et
1356 2440 1481 2495 ideo
1540 2456 1664 2496 cum
1699 2442 1866 2495 veluti

295 2535 586 2606 quau‘idam
615 2533 901 2587 materiam
950 2531 1109 2586 ﬁdem
1154 2541 1207 2586 et
1249 2532 1519 2601 justitiam
1565 2531 1654 2585 his
1698 2531 1868 2585 armis

295 2625 688 2690 contexuisset,
722 2622 917 2676 armati
963 2622 1157 2677 militis
1209 2623 1387 2675 munit
1439 2620 1758 2690 praecordia.
1810 2619 1866 2674 ln

297 2725 516 2789 pectore
568 2717 714 2771 enim
765 2729 861 2769 cor
910 2712 1258 2783 intelligitur.
1309 2711 1493 2766 Fortis
1540 2720 1720 2765 autem
1767 2712 1866 2765 viri

296 2820 461 2880 caput
491 2825 594 2880 spe
630 2808 829 2871 munit,
866 2805 1186 2877 significans
1229 2804 1374 2875 quod
1423 2800 1682 2859 convenit
1724 2805 1868 2859 bono

1969 1732 2132 1785 ρακα,
2163 1713 2345 1776 καλῶς
2362 1713 2457 1768 καὶ
2478 1710 2730 1780 ἀσφαλῶς
2753 1710 2821 1763 δι’
2849 1708 3178 1785 ἀμφοτέρων
3211 1693 3571 1776 θωρακίζωνο

1965 1784 2055 1858 τὸν
2104 1803 2462 1875 στρατιώτην.
2505 1804 2580 1857 Ού
2620 1803 2726 1875 γὰρ
2767 1801 2932 1862 ἔστιν,
2963 1784 3171 1870 ἕτερον’
3201 1798 3296 1852 τοῦ
3342 1798 3554 1869 ἑτέρου

1966 1895 2362 1967 διεζευγμένον,
2394 1894 2631 1965 ἀσφαλὲς
2657 1893 2819 1946 ὅπλον
2846 1891 2931 1960 ἐφ’
2952 1889 3146 1944 ἑαυτοῦ
3173 1889 3254 1960 τῷ
3290 1904 3555 1967 μεταχει-

1971 1956 2239 2058 ριζομένῳ
2286 1956 2561 2056 γενέσθαι.
2598 1956 2744 2038 ⁷ὸίΰτε
2791 1956 2902 2053 γὰρ
2932 1984 2967 2053 ἡ
2997 1981 3179 2044 πίστις
3224 1956 3396 2050 χωρὶς
3426 1976 3557 2067 τῶν
3646 2060 3655 2067 ί

1966 2080 2143 2149 ἔργων
2167 2079 2268 2148 τῆς
2296 2077 2643 2147 δικαιοσύνης
2668 2074 2826 2146 ἱκανὴ
2855 2071 3264 2145 περισῶσασθαι
3286 2088 3300 2101 ·
3333 2069 3442 2123 οὐδ’
3472 2064 3555 2121 αὖ
3604 2077 3619 2081 ’

1968 2173 2129 2225 πάλιν
2156 2174 2189 2243 ὴ
2217 2169 2310 2224 τοῦ
2340 2171 2457 2241 βίου
2504 2168 2819 2237 δικαιοσύνη
2858 2164 3108 2235 ἀσφαλής
3133 2166 3280 2216 ἐστιν
3311 2162 3391 2225 είς
3432 2177 3559 2233 cui;-

1934 2332 1943 2343 .
1966 2262 2163 2334 τηρίαν
2190 2261 2312 2314 καθ’
2340 2260 2560 2330 ἑαυτὴν,
2607 2256 2995 2327 διεζευγμένης
3025 2254 3124 2323 τῆς
3146 2251 3413 2343 πίστεως(
3439 2247 3558 2315 Διςὰ
3592 2254 3595 2255 ⁷

1966 2351 2122 2407 τοῦτο
2149 2352 2398 2423 καθάπερ
2427 2350 2558 2414 ὔλας
2579 2348 2729 2412 τινάς
2747 2347 2824 2418 τῷ
2848 2346 2997 2415 ὅπλῳ
3023 2345 3198 2413 τούτῳ
3222 2342 3322 2413 τὴν
3354 2341 3559 2393 πίστιν

1968 2444 2061 2497 καὶ
2089 2443 2186 2515 τὴν
2214 2441 2558 2511 δικαιοσύνην
2596 2439 2929 2511 συμπλέξας,
2960 2437 3021 2491 τὸ
3058 2433 3405 2506 περικάρδιον
3437 2429 3573 2485 τοῦ.

1966 2534 2185 2586 ὁπλίτου
2210 2533 2692 2602 κατασφαλίζεται.
2737 2532 2826 2584 Ἐν
2854 2529 2963 2600 γὰρ
2985 2528 3061 2599 τῷ
3088 2526 3317 2597 θώρακι,
3342 2526 3374 2595 ή
3399 2540 3581 2603 πικιιρ-ξ
3640 2576 3657 2583 -

1969 2624 2056 2677 δία
2091 2627 2311 2678 νοεῖται.
2343 2618 2455 2695 Τὴν
2484 2624 2540 2677 δὲ
2575 2622 2816 2694 κεφαλὴν
2845 2620 2939 2674 τοῦ
2966 2618 3231 2692 ἀριστέως
3259 2619 3322 2687 τῇ
3353 2614 3561 2679 ,ἑλπίδό

1971 2716 2460 2785 κατασφαλίζεται,
2496 2714 2778 2785 σημαίνων
2816 2713 2897 2766 ὅτι
2951 2711 3219 2781 προσήκει
3262 2705 3339 2775 τῷ
3382 2704 3575 2773 καλῷα

1974 2809 2298 2882 στρατιώτῃ,
2333 2809 2431 2879 τὴν
2454 2807 2639 2861 ἐλπίδα
2666 2805 2774 2859 τῶν
2806 2803 3045 2873 ὑψηλῶν,
3072 2795 3184 2854 οἷόν
3201 2816 3319 2852 τινα
3347 2796 3557 2863 λοφεαν
3608 2816 3619 2839 ι

297 2899 455 2954 militi
500 2898 815 2954 sublimium
866 2911 1048 2949 rerum
1108 2911 1295 2963 spem,
1347 2894 1514 2949 veluti
1570 2895 1859 2964 quamdam

2041 2920 2051 2964 :
2098 2902 2156 2954 τὸ
2205 2901 2315 2954 ἄνω
2360 2900 2521 2970 ἔχειν.
2583 2898 2641 2951 ὐ
2691 2896 2749 2950 δὲ
2792 2894 2983 2966 θυρεὸς
3033 2892 3094 2945 τὺ
3136 2889 3557 2957 σκεπαστήριον

298 2990 543 3052 cristam,
586 2988 787 3042 habere
837 3002 1092 3056 superne.
1138 2985 1374 3055 Clypeus
1421 2996 1603 3040 autem
1643 2986 1734 3054 qui
1783 2992 1867 3039 est

299 3094 451 3133 arma
485 3080 685 3151 quibus
721 3079 975 3147 tegimur,
1006 3088 1093 3132 est
1128 3077 1261 3134 ﬁdes
1291 3095 1413 3148 quze
1446 3078 1620 3149 frangi
1640 3096 1748 3135 non
1774 3094 1867 3148 po-

298 3181 429 3233 test,
462 3185 625 3241 quam
650 3170 966 3223 aculeorum
992 3170 1177 3239 cuspis
1201 3185 1311 3224 non
1341 3178 1517 3240 potest
1548 3171 1864 3241 pervadere.

300 3262 536 3318 Aculcos
557 3273 739 3317 autem
761 3262 854 3331 qui
875 3261 1244 3316 immittuntur
1262 3263 1329 3317 ab
1346 3262 1617 3329 hostibus,
1642 3265 1868 3318 omnino

300 3351 662 3421 intelligimus
695 3352 877 3405 varios
906 3352 1164 3406 vitiorum
1200 3360 1254 3407 et
1282 3353 1448 3407 animi
1496 3354 1870 3424 perturbatio-

299 3456 427 3495 num
462 3441 719 3512 impetus.
746 3441 1019 3496 Salutaria
1052 3450 1232 3498 autem
1257 3458 1409 3498 arma
1447 3460 1569 3515 quae
1612 3446 1868 3500 muniunt

297 3538 564 3596 adversus
589 3539 778 3595 hostes
798 3540 1074 3594 dexteram
1102 3554 1313 3604 eorum,
1333 3539 1427 3609 qui
1457 3553 1514 3593 se
1545 3537 1757 3593 fortiter
1780 3553 1869 3608 ge-

294 3639 445 3696 runt,
472 3641 555 3687 est
576 3640 804 3699 sanctus
838 3628 1098 3701 Spiritus,
1126 3630 1220 3701 qui
1246 3637 1330 3685 est
1361 3628 1624 3683 terribilis
1650 3625 1869 3697 quidem

294 3721 429 3777 sisit
458 3702 797 3788 contrarius,
815 3720 1078 3778 salutaris
1101 3727 1283 3775 autem
1309 3719 1353 3776 si
1388 3728 1721 3774 assumatur.
1740 3715 1872 3771 0m-

297 3803 383 3860 nis
418 3815 600 3863 autem
622 3808 874 3862 doctrina
902 3808 1231 3879 Evangelica
1259 3809 1496 3878 pedibus
1515 3808 1670 3865 aﬁ'ert
1704 3825 1869 3865 secu-

295 3896 533 3964 ritatem,
594 3897 729 3953 adeo
780 3908 839 3951 ut
889 3900 1036 3953 nulla
1091 3886 1217 3970 pars
1251 3901 1499 3980 corporis
1557 3902 1870 3956 inveniatur

296 3988 443 4041 nuda
481 3996 533 4043 et
574 3998 697 4059 apta
732 3991 799 4044 ad
834 3991 975 4046 ictus
1005 3993 1383 4062 accipiendos.

373 4080 429 4134 Si
458 4080 624 4150 igitur
656 4081 950 4137 didicimus
980 4098 1104 4136 eum
1150 4083 1352 4153 quibus
1407 4085 1479 4139 sit
1535 4084 1867 4150 bellandum,

280 4184 459 4245 atque
493 4173 567 4227 ita
598 4189 776 4245 pugna
807 4174 1164 4244 capessenda,
1195 4176 1364 4230 altera
1395 4191 1611 4246 quoque
1637 4192 1763 4246 pars
1785 4186 1869 4233 est

276 4263 557 4325 discenda
578 4307 594 4333 ,
618 4281 813 4336 nempe
854 4280 975 4319 cum
1001 4265 1201 4334 quibus
1231 4262 1410 4320 foedus
1439 4265 1579 4320 inire
1606 4273 1659 4321 et
1678 4281 1864 4336 pacem

292 4373 457 4429 agere
478 4363 713 4428 oportet,
737 4354 1055 4411 testiﬁcetur
1082 4355 1169 4409 hic
1189 4356 1341 4410 liber.
1358 4355 1491 4422 Quis
1510 4363 1593 4411 est
1615 4371 1746 4426 ergo
1768 4357 1868 4412 ho-

298 4462 401 4502 nus
429 4446 745 4515 imperator,
777 4445 865 4499 cui
898 4460 995 4514 per
1026 4459 1215 4515 pacem
1251 4459 1338 4499 me
1367 4444 1593 4499 reddam
1613 4444 1866 4514 junctum

282 4537 702 4592 familiaritate?
729 4536 862 4602 Quis
892 4545 974 4591 est
1002 4545 1183 4591 autem
1208 4537 1318 4592 dux
1349 4537 1514 4606 hujus
1545 4538 1868 4594 exercitus?

292 4630 433 4685 Num
476 4639 559 4684 est
588 4628 936 4699 perspicuum
972 4630 1115 4699 quod
1152 4637 1445 4699 utrumque
1475 4629 1786 4686 audivimus
1833 4644 1864 4684 a

297 4721 588 4793 Scriptura
618 4721 877 4777 divinitus
905 4722 1198 4793 inspirata,
1232 4722 1380 4791 quod
1431 4723 1671 4779 caelestis
1705 4739 1864 4779 exer-

295 4816 437 4872 citus
470 4816 542 4870 sit
571 4814 717 4869 acies
749 4815 1113 4884 angelorum?
1148 4834 1165 4865 ι
1203 4813 1368 4868 Facta
1391 4822 1475 4869 est
1506 4815 1673 4880 enim,
1721 4838 1738 4870 ι
1781 4819 1864 4872 in-

295 4908 447 4977 quit,
511 4926 529 4959 ι
597 4900 893 4961 multitudo
957 4907 1162 4959 militiae
1219 4906 1459 4962 coalestis
1523 4884 1861 4965 laudantium

295 4996 465 5054 Deum
485 5000 553 5054 ⁸³.
588 5018 607 5050 ι
635 4998 700 5053 Ει
724 4997 909 5052 Daniel
928 4996 1074 5051 videt
1102 4997 1280 5052 decies
1307 4999 1453 5053 mille
1479 5000 1645 5054 millia
1676 5016 1862 5056 eorum

293 5091 387 5159 qui
423 5092 712 5157 assistunt,
735 5088 997 5144 etmillies
1021 5088 1169 5142 mille
1201 5089 1369 5142 millia
1398 5091 1593 5161 aspicit
1611 5093 1750 5159 inter
1767 5109 1862 5149 eos

278 5182 387 5251 qui
427 5182 742 5238 ministrant
763 5182 835 5236 ³⁸.
868 5179 1137 5250 Propheta
1190 5196 1409 5250 quoque
1441 5182 1493 5236 id
1529 5186 1862 5251 testiﬁcans,

296 5268 586 5326 Dominum
620 5271 960 5327 exercituum
988 5278 1041 5322 et
1067 5268 1354 5325 Dominum
1393 5275 1669 5344 copiarum
1707 5284 1862 5329 vocat

291 5358 591 5413 tDominum
624 5360 997 5415 universitatis
1019 5359 1086 5413 ⁵⁵.
1115 5359 1178 5413 Et
1200 5362 1264 5415 ad
1298 5360 1480 5418 Jesuni
1514 5364 1655 5420 Nave
1680 5367 1721 5397 ³⁷
1770 5384 1865 5436 po-

1970 2993 2151 3058 ὅπλον,
2196 2996 2228 3062 ἡ
2265 2969 2511 3061 ἀρραγὴς
2558 2989 2739 3052 πίστις
2777 2986 2958 3051 ἐστὶν,
3004 2980 3071 3057 ἦς
3194 2981 3301 3033 τῶν
3336 2969 3559 3034 ἀκρίδων

1971 3084 2123 3155 ἀκμὴ
2177 3083 2452 3152 διαδυῆναι
2523 3083 2584 3135 οὐ
2642 3081 2886 3134 δύναται.
2929 3058 3147 3138 Ἀκίδαξ
3202 3073 3259 3125 δὲ
3316 3072 3553 3143 πάντως

1972 3177 2119 3248 παρὰ
2167 3174 2274 3228 τῶν
2319 3171 2591 3244 πολεμίων
2630 3167 3092 3247 ἐκτοξευρμένας,
3142 3164 3238 3226 τὰς
3286 3160 3553 3221 ποικίλας

1971 3267 2273 3340 προσϐολὰς
2314 3265 2421 3317 τῶν
2454 3262 2793 3334 παθημάτων
2831 3260 3134 3330 νοήσωμεν.
3158 3253 3455 3340 ,Σωτήριον-
3484 3249 3549 3302 δὲ

1968 3337 2128 3423 ὅπλον
2173 3359 2200 3411 ὃ
2237 3358 2336 3428 τὴν
2378 3355 2556 3423 δεξιάν
2604 3352 2811 3417 ὁπλίζει
2849 3350 2956 3404 τῶν
2987 3346 3130 3403 κατά
3166 3346 3276 3399 τῶν
3322 3337 3548 3412 ἐχθρῶν

1968 3439 2382 3524 ἀριστέυόντων,
2400 3449 2462 3502 τὸ
2498 3449 2652 3518 ἅγιον
2674 3444 2899 3515 Πνεῦμά
2928 3444 3063 3506 ἐστι,
3087 3438 3310 3508 φοὸερὺν
3329 3497 3332 3501 ν
3460 3432 3552 3485 έτδ

1970 3520 2309 3607 ὑπεναντίον,
2336 3542 2397 3594 τὸ
2420 3541 2477 3595 δὲ
2522 3536 3035 3611 μεταχειριζόμενον
3061 3531 3347 3601 σωτήριον.
3380 3520 3547 3578 Πᾶσα

1972 3634 2086 3704 δὲὴ
2142 3631 2470 3703 εύαγγελικὴ
2508 3629 2867 3695 διδασκαλία,
2910 3629 3024 3690 τοῖς
3070 3621 3199 3677 ποσὶ
3249 3620 3394 3672 ποιεῖ
3439 3616 3554 3688 τὴν

1970 3726 2287 3795 ἀσφάλειαν,
2321 3725 2396 3788 ὡς
2437 3723 2602 3795 μηδὲν
2620 3721 2712 3775 τοῦ
2744 3721 2991 3792 σώματος
3025 3713 3309 3787 εὑρεθῆναι
3334 3706 3548 3779 γυμνὸν

1970 3817 2062 3869 καὶ
2097 3816 2228 3886 πρὸς
2255 3815 2465 3885 πληγὴν
2491 3812 2810 3882 ἐπιτήδειον.

2041 4083 2104 4141 Εἰ
2132 4082 2224 4141 οὖν
2258 4086 2656 4158 μεμαθήκαμεν
2679 4078 2760 4150 οἷς
2788 4085 3043 4153 πολεμεῖν
3070 4082 3197 4154 χρὴ,
3238 4080 3333 4134 καὶ
3370 4078 3552 4144 οὕτως

1970 4181 2067 4249 τῆς
2100 4181 2276 4251 μάχης
2305 4178 2820 4250 ἀντιλαμϐάνεσθαι,
2847 4177 3037 4248 μαθεῖν
3068 4175 3331 4245 προσήκει
3366 4173 3458 4228 καὶ
3484 4173 3555 4226 τὸ

1971 4269 2153 4342 ἕτερον
2201 4272 2395 4342 μέρος,
2440 4267 2522 4333 οἷς
2563 4268 2845 4324 ἔνσπονδον
2886 4262 3024 4321 εἶναι
3063 4267 3156 4319 καὶ¹
3198 4264 3471 4337 εἰρηνικὸν
3520 4266 3550 4318 6
3626 4338 3629 4341 _

1971 4362 2125 4430 λόγος
2153 4351 2598 4434 διαμαρτύρεται.
2633 4362 2730 4425 Τίς
2756 4354 2848 4414 οὖν
2878 4359 2906 4410 ό
2951 4356 3153 4426 ἀγαθὸς
3202 4355 3548 4427 στρατηγὸς,
3594 4394 3603 4400 -

1968 4448 2013 4523 ᾧ
2049 4454 2134 4508 διὰ
2174 4455 2286 4524 τῆς
2308 4455 2527 4525 εἰρήνης
2560 4453 2792 4523 ἐμαυτὸν
2834 4450 3139 4515 οίκειὼσω;
3181 4449 3279 4512 Τίς
3307 4448 3364 4501 δὲ
3393 4434 3550 4501 6τοῦ
3620 4456 3633 4471 ’

1970 4546 2214 4600 τοιούτου
2260 4545 2491 4617 στρατοῦ
2542 4544 2823 4614 βασιλεύς;
2866 4530 2945 4594 Ἠ
2983 4540 3143 4612 δῆλόν
3185 4542 3350 4597 ἐστιν,
3380 4540 3551 4609 ἄμφω

1976 4638 2123 4708 παρά
2151 4640 2249 4707 τῆς
2275 4635 2630 4689 θεοπνεύστου
2652 4636 2874 4707 Γραφῆς
2904 4634 3239 4702 ἐκηκόαμεν,
3272 4632 3352 4684 ὅτι
3385 4648 3550 4737 στριξ-

1973 4729 2063 4793 τδς
2091 4729 2357 4800 οὐράνιος,
2377 4731 2410 4799 ἡ
2427 4729 2726 4798 παράταξις
2752 4727 2859 4780 τῶν
2882 4725 3128 4795 ἀγγέλων
3152 4723 3327 4788 tri-iv;
3356 4742 3373 4774 ι
3398 4723 3551 4791 Ἑγέ-

1973 4837 2094 4873 νετο
2126 4819 2251 4891 γάρ,
2281 4838 2299 4870 ι
2326 4821 2479 4889 φησὶ,
2507 4837 2525 4870 ι
2555 4818 2754 4889 πλῆθος
2773 4818 3023 4891 οὐρανίου
3054 4817 3317 4887 στρατιᾶς
3337 4813 3551 4867 αἰνούν-
3642 4885 3647 4889 ρ

1970 4929 2080 4965 των
2108 4912 2198 4965 τὸν
2231 4911 2381 4963 Θεόν.
2410 4930 2427 4962 ι
2468 4912 2577 4964 Καὶ
2604 4913 2631 4964 6
2651 4910 2849 4981 Δανιὴλ
2882 4910 3080 4981 μυρίας
3119 4909 3385 4981 μυριάδας
3409 4923 3551 4978 παρ-

1973 5005 2221 5056 εστώτων
2265 5004 2385 5074 ὁρᾷ,
2428 5004 2520 5055 καὶ
2547 5002 2797 5072 χιλιάδων
2822 5001 3065 5073 χιλιάδας
3091 5002 3147 5053 ὲν
3169 5002 3282 5062 τοῖς
3305 4998 3549 5067 λειτουρ-

1967 5094 2124 5163 γοῦσι
2155 5092 2360 5163 βλέπει.
2386 5092 2490 5146 Καὶ
2514 5095 2540 5145 6
2556 5095 2843 5165 Προφήτης
2868 5092 2927 5146 τὸ
2958 5090 3197 5146 τοιοῦτον
3231 5090 3551 5161 μαρτυρῶν,

1969 5185 2169 5254 Κύριον
2194 5183 2479 5254 στρατιῶν,
2510 5185 2601 5236 καὶ
2634 5183 2834 5253 Κύριον
2860 5183 3143 5253 δυνάμεων
3159 5182 3250 5235 τὸν
3278 5182 3377 5236 τοῦ
3409 5197 3559 5236 πανι

1969 5277 2057 5339 τὸς
2083 5275 2401 5346 ὀνομάζεται
2420 5275 2642 5346 Κύριον.
2664 5275 2772 5328 Καὶ
2796 5275 2933 5346 πρὸς
2953 5275 3040 5328 τὸν
3066 5275 3224 5341 Ναυῆ
3275 5276 3304 5327 6
3324 5274 3550 5333 δυνατός

1970 5386 2130 5439 φησιν
2185 5370 2239 5420 ἐν
2270 5367 2487 5437 πολέμῳ
2509 5383 2520 5395 ·
2565 5386 2582 5418 ι
2607 5366 2766 5435 Ἐγὼ,
2797 5387 2814 5445 ε
2850 5369 3035 5438 φησὶν,
3072 5386 3090 5419 ι
3114 5369 3142 5421 6
3175 5368 3549 5441 ἀρχιστράτη-

365 5530 410 5563 ⁸³
451 5530 853 5621 Ephes.vr,‘l.l.
930 5532 975 5564 3‘
1017 5533 1146 5589 Luc.
1175 5552 1234 5604 ll,
1306 5540 1389 5592 15.
1469 5541 1511 5571 ⁸⁵
1555 5540 1688 5611 Dan.
1723 5543 1901 5609 vn,2.
1979 5544 2023 5576 '°
2064 5542 2205 5597 Psal.
2236 5559 2387 5607 xxiii,
2416 5543 2502 5597 10.
2567 5545 2608 5575 ⁸⁷
2643 5542 2755 5597 Jos.
2785 5560 2841 5604 ι’,
2882 5544 2965 5599 Η.
