3738 5984
209 260 322 318 749

1739 176 1779 203 Ν

1218 218 1310 307 ‘lN
1348 218 1886 305 ECCLESIASTEN.
1922 238 2205 299 manus
2240 239 2378 297 Vlll.

3362 224 3477 291 “rso

212 382 310 454 γός
338 379 454 449 είμι
482 375 581 447 τῆς
605 366 907 447 δυνάμεως.
945 372 1121 447 inest
1152 371 1457 443 ὲνοήσαμεν
1479 368 1561 435 τίς
1589 369 1736 421 ἐστιν
1764 365 1797 436 ή

1980 378 2024 419 ιε
2101 359 2281 432 inquit
2368 358 2424 414 in
2478 357 2645 423 bello,
2685 374 2704 408 ‹
2770 355 2902 427 Ego,
2948 374 2966 408 ι
3023 354 3230 427 inquit,
3272 373 3291 407 ι
3356 370 3479 412 sum

211 467 400 541 ἀγαθὴ
429 466 720 541 συμμαχία
740 507 755 530 ,
789 465 886 520 καὶ
912 464 998 529 τίς
1036 465 1067 518 ὁ
1094 464 1204 518 τῶν
1254 463 1558 534 συμμάχων
1592 459 1798 515 τούτων

214 538 522 632 ἡγούμενος
540 538 569 623 ,θ
586 557 819 621 σπονδὰς
852 557 989 628 πρὸς
1023 556 1187 611 αὑτὸν
1214 553 1588 627 ποιησώμεθα,
1629 568 1798 624 προσ-

212 650 516 722 δράμωμεν
561 646 726 703 αὑτοῦ
764 649 831 719 τῇ
863 646 1154 718 δυναστείᾳ
1175 688 1189 712 ,
1224 645 1369 714 φίλοι
1406 641 1690 714 γενώμεθα
1722 641 1799 711 τῷ

215 741 491 811 τοσαύτην
534 739 762 811 δύναμιν
789 739 1132 811 κεκτημένῳ.
1175 740 1272 803 Τίς
1313 738 1371 793 δὲ
1399 738 1428 791 ὁ
1458 737 1658 808 τρόπος
1702 737 1801 806 τῆς

181 818 360 913 ἱπρὸς
401 824 563 885 αὑτὸν
594 831 942 899 οίκειώσεως,
971 830 1211 885 διδάσκει
1252 829 1401 909 ἡμᾶς
1425 829 1454 881 ὁ
1485 828 1599 913 τῆς
1619 822 1800 895 φιλίας

217 922 424 1015 τγύτης
451 923 823 1015 συναγωγεῌὺς,
847 923 877 975 ὁ
901 920 1074 1015 μέγας
1105 918 1446 983 Ἀπόστολος,
1464 921 1521 972 έν
1540 911 1622 982 οἷς
1643 934 1798 1015 φησι*

226 1036 245 1067 ι
268 1009 672 1078 ’Δικαιωοέντες
688 1010 783 1069 οὖν
810 1016 878 1069 ὲκ
905 1014 1162 1077 πίστεως,
1196 1014 1415 1085 εἰρήνην
1446 1011 1641 1083 ἔχομεν
1666 1009 1803 1082 πρὸς

219 1105 315 1160 τδν
341 1105 491 1160 Θεόν.
509 1122 527 1158 ι
548 1106 660 1159 Καὶ
679 1105 841 1161 πάλιν
859 1121 872 1135 ·
895 1124 912 1155 ι
936 1104 1108 1175 ’Υπὲρ
1136 1099 1374 1174 Χριστοῦ
1401 1099 1800 1171 πρεσϐεύομεν,

219 1196 299 1261 ὡς
318 1197 414 1250 τοῦ
450 1196 583 1249 Θεοῦ
608 1190 1054 1266 παρακαλοῦντος
1080 1195 1148 1249 δι’
1177 1196 1355 1267 ἡμῶν,
1399 1193 1631 1265 δεόμεθα
1661 1193 1805 1260 ὑπὲρ

223 1286 462 1365 Χριστοῦ
482 1305 495 1319 ο
520 1287 914 1359 Καταλλάγητε
925 1279 1001 1352 τῷ
1014 1277 1152 1352 Θεῷο
1165 1298 1184 1332 ι
1198 1278 1344 1340 Ἕως
1357 1276 1464 1351 γὰρ
1481 1284 1622 1358 ἦμεν
1638 1286 1805 1340 τέκνα

225 1375 390 1446 φύσει
427 1377 601 1448 ὀργῆς
649 1379 708 1430 ὲν
742 1375 823 1448 τῷ
855 1378 1026 1431 ποιεῖν
1074 1377 1143 1430 τὰ
1180 1375 1254 1447 μὴ
1307 1377 1654 1442 καθήκοντα,
1694 1379 1806 1439 τοῖς

218 1467 586 1614 Ξνθεστηκόσι
622 1471 689 1540 τῇ
728 1469 877 1540 δεξιᾷ
898 1468 1002 1557 ἶοῦ
1034 1468 1289 1539 Ὑψίστου
1325 1458 1808 1544 συνετετάγιμεῦαῼ

268 1559 561 1614 ποθέμενοι
588 1561 692 1614 τὴν
721 1560 980 1614 ἀσέϐειαν
1025 1563 1119 1614 καὶ
1146 1561 1243 1614 τὰς
1295 1560 1567 1614 κοσμικὰς
1615 1558 1807 1613 ἐπιθυ-

268 1559 561 1640 ποθέμενοι
588 1561 692 1630 τὴν
721 1560 980 1615 ἀσέϐειαν
1025 1563 1119 1615 καὶ
1146 1561 1243 1625 τὰς
1295 1560 1567 1632 κοσμικὰς
1615 1558 1807 1613 ἐπιθυ-

238 1649 402 1722 μίαςλξ
442 1652 499 1707 ὲν
540 1646 620 1723 τῷ
657 1653 821 1717 ὁσίως
869 1654 964 1706 καὶ
994 1652 1219 1717 δικαίως
1272 1652 1368 1707 καὶ
1405 1651 1648 1715 εὐσεϐῶς
1682 1652 1802 1722 ζῇν.

1898 456 2156 527 princeps
2190 453 2500 525 copiarum.
2540 469 2560 504 ι
2601 449 2657 505 Si
2686 456 2869 505 autem
2909 448 3281 503 intelleximus
3328 464 3482 519 qua:—

1898 561 2023 603 nam
2060 544 2179 602 sint
2199 545 2343 600 bona
2379 544 2435 598 in
2463 542 2605 598 bello
2643 540 2873 606 auxilia,
2908 546 2964 594 et
2994 539 3249 609 quisnam
3280 538 3353 595 sit
3384 539 3479 609 qui

1898 646 2096 711 praeest
2135 638 2262 719 belli
2291 636 2479 705 sociis,
2508 636 2689 692 fmdus
2716 644 2841 690 cu‘m
2870 648 2937 690 eo
2960 632 3232 696 ineamus,
3270 633 3337 687 ad
3361 631 3482 702 ejus

1899 730 2200 801 potentiam
2230 727 2635 798 confugiamus,
2664 725 2713 781 ei
2755 725 2929 780 simus
2970 724 3135 779 amici
3172 726 3266 794 qui
3297 730 3482 778 tantas

1901 821 2065 877 habet
2089 820 2301 892 cupias.
2339 819 2606 886 Quisnam
2641 819 2714 875 sit
2747 826 2930 875 autem
2982 817 3181 873 modus
3227 816 3483 872 ineundae

1901 929 2026 971 cum
2053 928 2119 970 eo
2176 912 2571 968 familiaritatis
2605 920 2660 968 et
2686 908 3142 975 necessitudinis,
3173 908 3337 965 docet
3379 923 3484 964 nos

1901 1004 1998 1075 qui
2031 1003 2175 1059 hanc
2221 1001 2522 1057 amicitiam
2579 1000 2835 1055 conciliat
2876 1015 3111 1069 magnus
3150 998 3479 1068 Apostolus,

1904 1108 2029 1149 cum
2063 1093 2236 1148 dicit:
2271 1111 2290 1145 ι
2326 1091 2622 1148 Justificati
2651 1106 2782 1162 ergo
2812 1106 2878 1145 ex
2914 1089 3040 1155 fide,
3078 1105 3267 1159 pacem
3310 1088 3483 1155 habe-

1905 1201 2030 1251 mus
2057 1184 2202 1256 apud
2234 1184 2403 1240 Deum
2432 1184 2477 1218 ⁸⁸
2509 1202 2524 1252 ;
2555 1204 2572 1234 ι
2606 1192 2658 1239 et
2688 1197 2925 1239 rursus:
2963 1200 2983 1233 ι
3014 1181 3120 1236 Pro
3152 1180 3484 1237 ChristoJe-

1904 1278 2126 1349 gatione
2158 1260 2460 1347 fungimur,
2485 1285 2746 1346 tanquam
2766 1275 2875 1330 Deo
2900 1290 2998 1346 per
3027 1288 3132 1330 nos
3158 1273 3490 1330 exhortante

1905 1384 2168 1441 rogamus
2180 1384 2281 1441 pro
2294 1368 2520 1425 Christo
2546 1388 2559 1424 :
2587 1367 3044 1424 Reeonciliamini
3061 1366 3171 1422 Deo
3186 1364 3286 1420 ".r
3309 1365 3490 1432 Quan-

1907 1459 2000 1515 diu
2035 1460 2182 1515 enim
2213 1458 2420 1515 fuimus
2460 1469 2658 1526 natura
2678 1442 2777 1513 filii
2806 1458 2919 1521 irae,
2956 1455 3208 1512 faciendo
3237 1470 3357 1525 quae
3376 1471 3488 1510 non

1907 1550 2267 1614 conveniunt,
2327 1548 2534 1607 fuimus
2583 1550 2639 1604 in
2696 1549 2766 1604 iis
2802 1549 2895 1619 qui
2964 1548 3371 1616 adversantur;
3419 1547 3491 1605 ad

1911 1641 2192 1697 dexteram
2232 1648 2414 1696 autem
2446 1640 2719 1696 Altissimi
2751 1639 2959 1695 fuimus
3007 1638 3285 1705 collocati,
3320 1638 3493 1708 depo-

200 1742 454 1829 Aﬁxﬁ;
475 1721 700 1817 eipfjv'qq
722 1743 927 1817 ταύτης
952 1747 1018 1817 τῇ
1048 1744 1275 1817 ἀληθινῇ
1307 1746 1498 1819 εἰρήνῃ
1530 1743 1805 1820 συνακφθη-

1980 1749 2016 1788 .a
2043 1734 2329 1805 impietate
2379 1740 2433 1789 et
2476 1732 2841 1789 saecularibus
2880 1729 3196 1795 desideriis,
3253 1730 3492 1786 vivendo

227 1834 461 1913 8,691011.
493 1833 682 1899 Οὕτως
715 1835 821 1907 γάρ
856 1853 989 1907 φησι
1025 1837 1155 1909 περὶ
1192 1836 1356 1890 αὐτοῦ
1399 1838 1428 1890 ὁ
1462 1837 1803 1903 Ἀπόστολος,

218 1928 371 1999 “tua
398 1927 569 1990 Αὐτός
612 1929 758 1982 εστιν
791 1930 825 1998 ἠ
862 1930 1053 2000 εἰρήνη
1091 1928 1269 2000 ἡμῶν.
1304 1947 1322 1980 ι
1367 1920 1533 1993 Οὗτος
1576 1929 1606 1981 ὁ
1648 1926 1805 1996 λόγος

227 2020 450 2083 Ιπάντων
481 2020 591 2075 τῶν
634 2020 775 2076 κατὰ
811 2020 1002 2091 καιρὸν
1042 2010 1342 2092 γινομένων
1382 2020 1444 2074 τὸ
1484 2021 1653 2090 πέρας
1687 2020 1806 2074 ἐστὶ

225 2113 322 2168 καὶ
354 2112 416 2166 τὺ
445 2112 759 2182 κεφάλαιον.
796 2112 983 2167 Πάντα
1005 2111 1114 2183 γὰρ
1139 2114 1198 2165 ἐν
1232 2111 1408 2184 καιρῷ
1433 2114 1606 2165 ποιεῖν
1637 2112 1807 2187 ᾲδιδά·

196 2258 203 2263 ,
226 2203 460 2273 χθημεν,
478 2202 566 2256 ἵνα
593 2202 752 2256 τοῦτο
772 2202 986 2264 ἑαυτοῖς
1012 2199 1471 2273 κατορθώσωμεν,
1490 2200 1551 2253 τὺ
1580 2201 1805 2272 εἰρήνην

226 2293 533 2365 εχεινπρὸς
568 2293 659 2346 τὸν
684 2292 840 2357 Θεὸν,
880 2291 969 2345 διὰ
1001 2292 1097 2345 τοῦ
1136 2291 1409 2363 πολεμίως
1444 2292 1807 2364 προστεθῆναι

396 2383 489 2438 τὸν
520 2385 830 2439 ἀντίπαλον.
863 2384 1087 2449 Πάντως
1108 2385 1164 2440 δὲ
1186 2384 1290 2439 κᾶν
1320 2384 1420 2448 τὰς
1446 2383 1647 2454 ἀρετὰς
1677 2383 1806 2456 εἴπῃ

222 2466 560 2549 ἷεὸνείρήνης
588 2477 820 2548 στρατὸν
839 2477 975 2549 πρὸς
1001 2477 1067 2542 ἃς
1088 2477 1193 2551 χρὴ
1217 2477 1445 2547 φιλικῶς
1463 2478 1608 2549 ἔχειν
1634 2480 1805 2549 ἡμᾶς.

224 2569 478 2634 ο’5κ’ἐξω
516 2571 615 2648 τῆς
659 2570 1012 2643 ἀποδοθείσης
1042 2571 1281 2634 διανοίας
1320 2571 1430 2637 ἕξει
1472 2573 1564 2625 τὸν
1607 2572 1765 2641 λόγον
1790 2590 1803 2604 ·

224 2660 361 2715 διότι
393 2662 503 2714 πᾶν
535 2661 735 2732 ἀρετῆς
768 2661 939 2732 ὄνομά
957 2678 1017 2713 τε
1040 2662 1132 2714 καὶ
1157 2661 1354 2731 νόημα,
1388 2663 1467 2725 εἰς
1487 2659 1577 2713 τὸν
1604 2661 1807 2730 Κύριον

226 2752 335 2806 τῶν
367 2751 577 2823 ἀρετῶν
607 2751 959 2822 ἀναφέρεται.

1542 2919 1587 2943 τ’

190 3165 195 3169 .
230 3108 453 3191 ἱκανῶν
485 3117 654 3173 ὄντων
697 3119 792 3172 καὶ
841 3117 950 3171 τῶν
998 3108 1305 3188 εἰρημένων
1355 3117 1659 3188 ἐκκαλύψαι
1708 3120 1808 3189 τὴν

230 3207 564 3278 ἑγκειμένην
601 3209 713 3269 τοῖς
759 3208 943 3278 ῥητοῖς
987 3206 1265 3272 διάνοιαν;
1319 3207 1457 3259 Ἀλλ’
1502 3208 1689 3280 ἐπειδὴ
1725 3208 1812 3262 διὰ

229 3297 458 3365 τούτωνι
472 3336 510 3351 ..
528 3297 630 3369 τὴν
648 3297 824 3366 ψυχὴν
847 3294 938 3349 τοῦ
964 3295 1449 3367 προπαιδευθέντος
1468 3296 1527 3348 ὲν
1551 3297 1662 3360 τοῖς
1683 3295 1815 3368 62in,-

229 3390 346 3454 ὶ,οἴς
382 3388 598 3453 τούτοις
644 3389 949 3461 μαθήμασι,
991 3388 1152 3443 πάλιν
1197 3389 1389 3457 ἀνάγει
1428 3390 1565 3461 πρὸς
1603 3388 1814 3460 ὑψηλὴν

213 3502 355 3549 ,τινα
384 3486 716 3539 κατάστασιν
760 3482 857 3555 τὴν
883 3483 1062 3554 ψυχὴν
1090 3481 1186 3536 τοῦ
1224 3485 1491 3554 ἑπομένου
1525 3483 1603 3555 τῷ
1633 3484 1776 3554 λόγῳ
1796 3524 1811 3549 ,

233 3576 329 3631 καί
358 3592 492 3645 φησι
511 3591 526 3605 ’
566 3574 663 3636 Τίς
701 3573 990 3645 περισσεία
1020 3573 1112 3643 τοῦ
1152 3574 1429 3638 ποιοῦντος
1461 3577 1518 3628 ὲν
1544 3569 1625 3639 οἷς
1652 3576 1815 3640 αὐτὸς

237 3667 465 3740 μοχθεῖ;
494 3667 671 3738 Ὅπερ
690 3662 806 3720 ϊσόν
826 3668 943 3719 ἐστι
958 3666 1034 3737 τῷ
1055 3667 1248 3720 εἰπεῖν·
1279 3667 1346 3720 Τί
1374 3667 1438 3720 ἐκ
1460 3667 1568 3720 τῶν
1602 3667 1815 3739 μόχθων

235 3758 344 3814 τῶν
385 3758 746 3830 ἀνθρωπίνων
788 3759 1031 3825 πάντων,
1060 3758 1121 3824 ἐξ
1153 3753 1228 3813 ὧν
1266 3758 1419 3813 οὐδέν
1451 3763 1568 3814 ἐστι
1614 3761 1812 3826 πλέον;

235 3848 519 3923 Γεωργεῖ,
565 3849 936 3914 ναυτίλλεται,
985 3853 1396 3923 στρατιωτικοῖς
1447 3852 1818 3921 ἐγκακοπαθεί

236 3940 444 4007 activam,
480 3940 846 4019 έμπορεύεται
868 3980 882 4002 .
925 3938 1248 4011 ζημιοῦται,
1279 3930 1572 4012 κερδαίνει,
1600 3941 1817 4008 δικάζε-

235 4050 327 4088 ται
354 4073 371 4098 ,
408 4033 670 4103 μάχεται,
703 4031 956 4103 ἡττηθεὶς
992 4031 1225 4104 ἀπῆλθε,
1254 4033 1353 4103 τὴν
1387 4033 1625 4088 νικῶσαν
1655 4034 1817 4105 φέρε-

235 4142 327 4180 ται
381 4125 599 4195 ψῆφον,
660 4110 1033 4189 ταλανίζεται,
1088 4125 1477 4197 μακαρίζεται,
1527 4127 1677 4197 μένει
1730 4129 1818 4197 ἐφ-

172 4276 195 4287 ‘
237 4216 438 4281 έστιος,
467 4216 525 4267 ὲν
556 4204 855 4285 ἀλλοτρίοις
887 4214 1180 4268 πλανᾶται·
1213 4216 1392 4270 πάντα
1434 4217 1537 4271 ὅσα
1565 4218 1817 4288 ὁρώμενα

236 4306 382 4363 κατὰ
411 4307 505 4361 τὸν
539 4306 654 4377 βίον
694 4307 753 4359 ὲν
786 4305 1050 4369 ποικίλοις
1084 4307 1531 4378 ἐπιτηδεύμασιν,
1577 4308 1713 4363 ἄλλα
1757 4312 1817 4364 ἐν

1908 1836 2118 1891 sancte,
2152 1827 2323 1896 juste,
2353 1834 2407 1881 et
2433 1825 2541 1896 pie.
2586 1824 2690 1881 Per
2733 1824 2874 1879 hanc
2924 1839 3113 1895 pacem
3171 1839 3314 1879 vera:
3367 1824 3490 1893 paci

1906 1916 2305 1987 eopulabimur.
2362 1913 2439 1971 De
2481 1928 2548 1969 eo
2605 1915 2754 1969 enim
2815 1914 2895 1970 sic
2954 1914 3090 1970 dicit
3146 1913 3487 1984 Apostolus:

1913 2029 1931 2062 ι
1968 2008 2088 2080 ipse
2119 2016 2204 2064 est
2232 2022 2337 2077 pax
2380 2014 2571 2061 nostra
2596 2004 2663 2059 ⁸ο.
2705 2024 2723 2058 ι
2763 2003 2879 2060 Hoc
2919 2005 3130 2061 dictum
3167 2014 3252 2061 est
3277 2005 3400 2060 finis
3434 2017 3492 2061 et

1905 2114 2120 2158 summa
2148 2114 2340 2155 eorum
2367 2113 2491 2169 qua:
2546 2097 2684 2152 fiunt
2719 2098 2774 2151 in
2832 2104 3107 2168 tempore.
3140 2096 3199 2151 In
3241 2106 3494 2167 tempore

1905 2194 2053 2274 enim
2096 2192 2283 2249 omnia
2328 2190 2512 2247 facere
2559 2189 2741 2246 edocti
2802 2205 3018 2254 sumus,
3057 2196 3117 2246 ut
3175 2190 3281 2245 hoc
3330 2190 3491 2244 nobis

1906 2271 2164 2358 effectum
2224 2283 2544 2348 reddamus,
2585 2298 2783 2352 nempe
2817 2289 2878 2337 ut
2931 2297 3123 2352 pacem
3187 2282 3490 2338 habeamus

1908 2379 2052 2451 apud
2090 2379 2280 2445 Deum,
2311 2384 2603 2448 prepterea
2628 2375 2776 2447 quod
2822 2375 3011 2430 hostili
3044 2384 3099 2430 et
3132 2374 3335 2430 infesto
3365 2376 3490 2428 ani-
3580 2385 3605 2397 ·

1907 2488 1995 2529 mo
2019 2456 2286 2529 fuerimus
2313 2471 2578 2526 adversus
2605 2467 3008 2525 adversarium.
3034 2465 3270 2523 Omnino
3301 2474 3489 2522 autem

1908 2566 1954 2622 si
1994 2564 2121 2636 quis
2150 2563 2353 2619 dixerit
2382 2564 2619 2619 virtutes
2648 2576 2771 2618 esse
2799 2560 3102 2627 exercitum
3146 2561 3318 2631 pacis,
3361 2575 3489 2615 cum

1907 2656 2108 2727 quibus
2135 2661 2350 2726 oportet
2383 2668 2485 2710 nos
2516 2644 2676 2724 j'ungi
2717 2652 2985 2719 amicitia,
3020 2667 3130 2707 non
3165 2658 3322 2707 extra
3362 2666 3490 2707 eum

1908 2751 2001 2822 qui
2028 2751 2192 2806 datus
2220 2760 2304 2805 est
2333 2763 2553 2809 sensum
2579 2743 2814 2802 deducet
2841 2749 3150 2802 orationem
3181 2765 3195 2801 :
3227 2746 3485 2817 quando-

1910 2846 2141 2916 quidem
2161 2858 2325 2898 omne
2364 2841 2588 2897 virtutis
2609 2856 2810 2896 nomen
2839 2849 2895 2896 et
2923 2839 3221 2911 cogitatum
3255 2837 3495 2895 refertur

313 2978 325 2985 .
988 2984 995 2989 ,
1544 2933 1587 2943 “”
1806 2955 1816 2963 ·
1910 2936 1980 2992 ad
2014 2935 2306 2991 Dominum
2337 2933 2627 2989 virtutum.

184 3038 205 3071 ί
252 3019 414 3127 ι”Καὶ
439 3025 492 3080 τί
520 3027 585 3083 ἄν
614 3044 699 3090 τις
734 3014 791 3081 ὲν
819 3026 934 3091 τοῖς
970 3026 1235 3090 τοιούτοις
1258 3026 1349 3109 τὸν
1378 3026 1535 3095 λόγον
1567 3026 1805 3099 μηκύνῃ,
1836 3071 1878 3130 c

1980 3027 2307 3097 Quanquam
2342 3022 2475 3094 quid
2509 3023 2567 3079 in
2606 3022 2694 3078 his
2744 3021 3032 3093 prolixiori
3077 3036 3216 3093 opus
3250 3026 3334 3076 est
3368 3036 3496 3075 ora-

1917 3120 2085 3186 tione,
2119 3133 2246 3173 cum
2282 3116 2558 3172 sufficiant
2588 3129 2711 3185 quae
2761 3114 2909 3168 dicta
2953 3120 3084 3169 sunt
3132 3113 3199 3167 ad
3234 3114 3493 3183 aperien-

1915 3211 2044 3266 dum
2078 3225 2297 3265 sensum
2324 3207 2418 3279 qui
2452 3214 2539 3263 est
2570 3207 2628 3261 in
2654 3205 2882 3260 verbis?
2916 3203 3277 3275 Posteaquam
3310 3216 3494 3260 autem

1916 3321 2012 3376 per
2042 3304 2156 3358 hzec
2194 3302 2457 3359 excitavit
2491 3299 2739 3353 animum
2768 3299 2889 3365 ejus
2924 3292 3015 3367 qui
3048 3299 3148 3352 fuit
3179 3299 3332 3369 prius
3365 3314 3498 3353 eru-

1916 3395 2064 3451 ditus
2091 3395 2147 3449 in
2177 3392 2265 3448 his
2294 3393 2422 3447 altis
2462 3389 2941 3453 documentis,.ad
2981 3390 3152 3443 altum
3201 3391 3493 3459 quemdam

1916 3494 2120 3544 statum
2147 3482 2371 3542 sustulit
2395 3486 2633 3539 animant
2665 3483 2787 3551 ejus
2812 3484 2905 3553 qui
2929 3484 3181 3552 sequitur
3208 3485 3495 3549 rationem,-

1916 3587 1971 3637 et
2000 3580 2077 3634 ait
2103 3599 2114 3633 :
2145 3579 2279 3645 Quae
2313 3577 2495 3647 major
2526 3575 2864 3631 abundantia
2898 3574 3019 3643 ejus
3053 3574 3148 3644 qui
3178 3573 3309 3628 facit
3338 3576 3393 3629 in
3428 3576 3497 3630 iis

1917 3670 1973 3726 in
2004 3669 2206 3740 quibus
2234 3668 2352 3739 ipse
2374 3664 2633 3722 labarat?
2656 3665 2811 3731 Quod
2847 3663 3073 3736 perinde
3119 3673 3204 3719 est
3234 3680 3299 3721 ac
3331 3666 3376 3720 si
3411 3666 3498 3735 di-

1919 3768 2086 3824 ceret,
2115 3756 2259 3825 Quid
2292 3773 2356 3812 ex
2385 3755 2641 3812 humanis
2668 3756 2923 3811 omnibus
2946 3755 3253 3820 laboribus,
3286 3771 3354 3811 ex
3375 3759 3500 3827 quia

1917 3856 2020 3911 bus
2039 3853 2176 3908 nihil
2194 3842 2263 3908 ad
2277 3866 2401 3907 eum
2421 3850 2564 3905 redit
2581 3850 2817 3920 amplius
2838 3851 2861 3903 ?
2884 3849 3061 3921 Agros
3080 3849 3230 3911 colit,
3251 3850 3495 3921 navigat.-

1917 3943 2250 3999 militaribus
2264 3941 2550 3996 laboribus
2570 3940 2855 4011 affligitur,
2872 3945 3236 3996 mercaturam
3255 3948 3496 4008 exercet,

1918 4035 2176 4091 damnum
2219 4032 2445 4103 patitur,
2484 4031 2751 4097 lucratur,
2793 4028 3007 4100 litigat,
3049 4040 3284 4100 pugnat,
3330 4046 3500 4088 causa

1920 4128 2085 4191 cadit,
2114 4126 2388 4183 sententia
2424 4124 2552 4179 data
2595 4124 2745 4179 litem
2773 4124 2967 4188 vincit,
2998 4121 3183 4178 infelix
3217 4135 3496 4191 censetur,-

1922 4222 2116 4276 beatus
2141 4217 2512 4278 existimatur;
2544 4215 2692 4271 domi
2734 4220 2944 4279 manet,
2984 4224 3132 4271 errat
3162 4216 3307 4285 apud
3343 4225 3500 4273 exte-

1920 4320 2053 4370 ras:
2088 4311 2272 4367 omnia
2326 4324 2451 4381 quae
2484 4310 2538 4363 in
2575 4302 2679 4363 hac
2719 4309 2830 4362 vita
2877 4315 3182 4362 cernuntur
3231 4308 3287 4362 in
3319 4309 3494 4365 variis
3564 4294 3567 4297 ’

235 4400 438 4463 ἄλλοις.
468 4399 535 4451 Τί
566 4399 721 4469 φέρει
753 4398 914 4452 πλέον
940 4397 1020 4469 τῷ
1042 4399 1130 4452 διὰ
1154 4398 1262 4453 τῶν
1292 4399 1547 4454 τοιούτων
1569 4402 1661 4455 τὸν
1684 4402 1807 4456 ἴδιον

1980 4405 2144 4467 udiis,
2181 4404 2285 4458 alia
2326 4404 2382 4458 in
2419 4403 2563 4458 aliis.
2600 4400 2744 4466 Quid
2786 4401 2834 4455 ei
2865 4401 2958 4469 qui
3015 4412 3110 4470 per
3163 4400 3276 4456 hac
3340 4417 3499 4458 suam

234 4489 550 4546 δαπανῶντι
599 4490 713 4560 βίον
756 4490 790 4559 ἡ
815 4489 961 4563 [περὶ
1017 4488 1190 4543 ταῦτα
1237 4489 1475 4561 σπουδή;
1526 4492 1638 4562 Οὐχ
1677 4492 1812 4563 ὁμοῦ

236 4600 300 4636 τε
343 4581 407 4635 τὸ
460 4582 560 4653 ζῇν
599 4554 927 4642 επαύσατο,
986 4566 1083 4634 καὶ
1134 4578 1274 4652 λήθῃ
1327 4554 1682 4652 ἐπεκναλύφδη
1711 4554 1816 4635 ’τὰ

186 4676 456 4737 (πάντω
505 4674 600 4727 καὶ
649 4671 912 4744 μονωθεὶς
952 4672 1061 4727 τῶν
1106 4672 1562 4742 σπουδαζομένων
1608 4675 1819 4744 γυμνὸς

150 4770 169 4789 ί
235 4756 465 4838 οἴχεται,
490 4764 828 4835 ἑπαγόμενος
844 4764 962 4835 μεθ’
978 4763 1171 4818 ἑαυτοῦ
1198 4764 1306 4817 τῶν
1328 4765 1454 4836 τῇδε
1479 4766 1821 4837 πραγμάτων

154 4839 179 4854 ’
235 4858 415 4922 οὐδὲν,
456 4857 598 4927 πλὴν
630 4857 728 4927 τῆς
760 4856 854 4909 ἐπὶ
885 4859 999 4919 τοῖς
1039 4857 1325 4927 πράγμασι
1378 4857 1544 4928 μόνης
1576 4858 1818 4929 συνειδή-

148 4996 157 5005 _
206 4962 412 5031 ⁸σεως;
438 4945 570 5016 παρ’
602 4939 669 5017 ἦς
703 4946 900 5019 τρόπον
926 4946 1048 5000 τινὰ
1076 4947 1214 5015 αὕτη
1250 4946 1388 5016 μετὰ
1420 4947 1579 5000 τοῦτο
1610 4947 1818 5018 γίνεται

232 5040 318 5111 εἰς
342 5038 434 5091 τὸν
464 5038 694 5109 οὐρανὸν
720 5041 753 5108 ἡ
796 5038 1095 5109 φωνὴ,⁶τὸν
1126 5039 1214 5093 διὰ
1241 5039 1351 5093 τῶν
1375 5038 1629 5094 τοιούτων
1657 5042 1820 5111 ἀσχο-

152 5144 167 5163 ‘-
232 5130 370 5187 λιῶν
402 5129 861 5201 συμπλανηθέντα
899 5131 977 5201 τῷ
1014 5130 1134 5202 βίῳ,
1175 5133 1257 5185 ὅτι
1285 5132 1381 5196 Τίς
1410 5134 1695 5204 περισσεία
1716 5133 1820 5202 ιγέ-

234 5222 364 5292 γονέ
404 5239 488 5276 σοι
517 5223 628 5276 τῶν
661 5222 870 5277 πολλῶν
900 5222 1121 5278 ἐκείνων
1152 5225 1328 5277 πόνων
1367 5226 1425 5277 ἐν
1462 5220 1546 5288 οἷς
1583 5226 1819 5297 ἐμόχθη-

198 5372 205 5377 ,
238 5312 369 5379 σαςς
402 5315 514 5369 Ποῦ
558 5318 617 5369 αί
650 5315 896 5389 λαμπραὶ
928 5317 1134 5382 οἰκίαις
1168 5317 1277 5371 Ποῦ
1309 5316 1379 5374 τὰ
1416 5320 1817 5390 κατωρυγμένα

236 5407 503 5478 βαλάντια
520 5424 540 5472 ;
571 5407 682 5461 Ποῦ
711 5409 768 5461 αί
800 5408 999 5478 χαλκαῖ
1025 5408 1232 5473 εἰκόνες
1252 5449 1265 5473 ,
1300 5409 1394 5463 καὶ
1422 5411 1475 5462 αἱ
1514 5409 1622 5463 τῶν
1650 5410 1818 5481 εὐφη-

236 5498 490 5571 μούντων
528 5499 734 5569 φωναί;
781 5499 911 5554 Ἰδοὺ
935 5498 1029 5554 v6v
1060 5499 1171 5572 πῦρ
1199 5501 1293 5555 καὶ
1328 5502 1587 5573 μάστιγες
1611 5543 1626 5567 ,
1657 5503 1751 5554 καὶ
1781 5505 1814 5574 ἡ

1918 4497 2193 4553 consumit
2216 4496 2387 4549 vitam
2417 4493 2659 4562 amplius
2698 4491 2874 4558 affert,
2917 4491 3062 4561 quod
3098 4492 3153 4547 in
3218 4493 3286 4547 iis
3349 4495 3503 4563 ponit

1921 4587 2161 4643 studium
2199 4595 2255 4641 et
2290 4585 2669 4640 industriam?
2710 4581 2908 4638 Annon
2941 4584 3303 4656 simulatque
3337 4586 3499 4641 desiit

1920 4680 2125 4743 vivere,
2157 4677 2341 4730 omnia
2377 4681 2518 4729 tecta
2550 4681 2679 4729 sunt
2711 4670 3026 4729 oblivione:
3056 4684 3110 4731 et
3140 4665 3211 4731 ab
3258 4678 3327 4731 iis
3366 4692 3501 4746 qua"

1923 4786 2043 4825 rum
2074 4768 2259 4825 studio
2297 4768 2588 4823 tenebatur
2618 4767 2893 4832 desertus,
2934 4769 3044 4823 abit
3078 4768 3282 4831 nudus,
3316 4782 3498 4825 rerum

1924 4879 2047 4940 quae
2074 4863 2164 4918 hic
2205 4868 2336 4917 sunt
2367 4859 2506 4915 nihil
2541 4873 2727 4915 secum
2762 4859 3023 4923 afferens,
3075 4868 3273 4929 praeter
3324 4861 3498 4916 solam

1924 4956 2207 5009 actionum
2246 4968 2473 5008 suarum
2507 4952 2953 5011 conscientiam?
2992 4964 3022 5006 a
3068 4968 3174 5022 qua
3226 4954 3341 5009 haec
3396 4968 3501 5011 vox

1923 5045 2331 5116 quodammbdo
2365 5051 2489 5115 post
2518 5045 2631 5119 [hoc
2667 5044 2724 5099 in
2762 5045 2959 5100 caelum
2998 5046 3348 5109 mittitur,-ad
3376 5061 3500 5101 eum

1922 5138 2016 5209 qui
2055 5153 2151 5207 per
2182 5136 2497 5205 hujusmodi
2530 5137 2928 5207 occupationes
2968 5137 3243 5191 aberravit
3291 5139 3345 5192 in
3405 5141 3505 5193 hac

1886 5231 2035 5295 ,vita
2060 5227 2229 5294 :Quid
2266 5228 2362 5282 tibi
2397 5228 2639 5298 amplius
2673 5227 2777 5284 fuit
2808 5233 2875 5316 ex.
2916 5229 3105 5286 multis
3142 5230 3250 5287 illis
3300 5230 3507 5285 labori-

1925 5322 2030 5376 bus
2059 5334 2202 5390 quos
2229 5319 2521 5388 suscepisti
2545 5320 2570 5374 ἲ
2597 5318 2698 5374 Ubi
2729 5329 2860 5377 sunt
2882 5324 3161 5393 praeclare
3191 5324 3378 5378 mdes?
3404 5322 3505 5378 Ubi

1925 5419 2055 5467 sunt
2086 5409 2320 5466 defossa:
2340 5412 2662 5468 crumena?
2691 5412 2792 5469 Ubi
2818 5423 2950 5470 sunt
2982 5430 3147 5471 cenem
3183 5416 3455 5486 imagines
3484 5452 3503 5480 ,

1926 5514 1980 5559 ct
2009 5502 2264 5560 laudibus
2297 5503 2694 5561 celebrantium
2729 5507 2934 5565 voces?
2974 5505 3119 5565 Ecce
3157 5526 3304 5566 nunc
3363 5510 3503 5577 ignis

315 5666 363 5707 ⁸⁸
404 5648 577 5732 Rom;
608 5692 660 5741 τ,
695 5675 745 5731 l.
822 5676 867 5709 "
906 5674 947 5733 ii
980 5676 1106 5732 Cor.
1142 5693 1191 5741 ν,
1230 5675 1322 5751 βο.
1401 5679 1446 5709 ⁶⁰
1489 5676 1684 5747 Ephes.
1729 5693 1783 5743 ιι,
1834 5676 1921 5732 fit

1202 5798 1235 5827 1
