3752 5984
287 242 384 295 7M

1542 246 1598 302 S.
1629 244 1966 305 GREGORII
1992 248 2291 307 NYSSENI

3446 256 3556 317 ἨΞ

281 358 337 409 et
364 354 593 427 ﬂagella,
621 365 673 411 cl
699 358 966 427 jud'rcidm
1005 357 1151 428 quod
1176 345 1352 427 neque
1377 348 1720 444 muneribus,
1757 377 1763 414 ι

2074 384 2255 431 ιαστος
2274 367 2473 440 κρίσις,
2488 402 2495 407 ε
2511 368 2601 421 καὶ
2630 369 2662 440 ή
2697 370 3136 441 άπαραλόγιστος
3151 371 3260 426 τῶν
3278 371 3556 444 βεϐιωμέ-

282 450 455 516 gratia
492 453 891 521 corrumpitur,
934 459 1136 521 etquae
1189 451 1299 505 falli
1328 467 1446 506 non
1482 451 1664 523 potest
1700 462 1861 509 ante-

282 548 416 593 actae
447 541 571 594 vita:
601 542 960 596 examinatio.
998 541 1130 608 Quae
1175 551 1259 597 est
1287 558 1421 614 ergo
1467 544 1645 613 major
1687 546 1862 601 abun-

281 628 467 683 dantia
506 632 628 701 ejus
664 624 759 703 qui
794 634 925 688 facit
954 634 1008 687 in
1041 634 1109 709 iis
1148 650 1269 712 qua;
1323 636 1442 705 ipse
1499 636 1754 691 laborat?
1796 636 1863 691 Et

282 722 699 790 postea,¢Vidi,
755 725 954 795 inquit,
1014 726 1433 781 distractionem
1489 741 1652 798 quam
1710 727 1864 783 dedit

280 811 426 866 Deus
451 812 578 870 ﬁliis
609 814 919 878 hominum,
959 822 1021 870 ut
1060 816 1125 872 'in
1183 818 1367 888 seipso
1414 816 1862 874 distraherentur

282 906 466 961 omnia
501 923 622 978 qua:
650 907 778 963 fecit
817 910 961 965 bona
994 910 1050 964 in
1108 917 1356 981 tempore
1385 925 1509 967 suo.
1542 910 1859 977 Quinetiam

281 1013 454 1053 aevum
490 999 642 1055 dedit
680 1000 735 1055 in
785 1003 952 1057 corde
978 1003 1255 1071 ipsorum,
1292 1019 1360 1059 ne
1396 1004 1642 1060 inveniat
1693 1004 1861 1061 homo

284 1103 419 1160 opus
442 1092 587 1161 quod
622 1091 749 1148 fecit
788 1087 930 1145 Deus
952 1091 1020 1145 ab
1040 1092 1195 1149 initio
1216 1106 1388 1163 usque
1406 1088 1474 1145 ad
1502 1089 1717 1144 tinem.»
1747 1094 1860 1150 cur

282 1192 396 1237 haec
428 1181 611 1235 dicit?
641 1182 877 1254 Agnovi,
910 1182 1110 1254 inquit,
1145 1185 1419 1239 undenam
1453 1198 1484 1237 a
1516 1185 1624 1239 vita
1659 1185 1860 1240 distra-

278 1281 369 1326 cta
410 1273 481 1327 sit
520 1271 759 1328 humana
791 1282 1011 1340 natura,
1040 1275 1333 1329 occasione
1363 1283 1587 1345 accepta
1619 1290 1685 1330 ex
1720 1275 1859 1330 divi-

278 1363 366 1417 nis
398 1358 709 1419 beneﬁciis.
739 1363 875 1419 Nam
909 1364 1054 1421 Deus
1094 1366 1316 1435 quidem
1355 1365 1424 1420 ad
1477 1366 1680 1435 bonum
1732 1366 1858 1421 fecit

280 1458 488 1521 omnia,
518 1465 573 1513 et
599 1458 667 1513 iis
695 1459 789 1528 qui
820 1473 1012 1513 eorum
1046 1475 1167 1529 qua:
1194 1467 1323 1513 sunt
1358 1460 1657 1529 participes
1703 1467 1853 1525 sunt,

278 1548 426 1604 dedit
460 1551 729 1605 rationem
772 1566 881 1621 qua
917 1552 1239 1607 discernant
1269 1551 1319 1604 id
1350 1552 1494 1621 quod
1520 1561 1607 1607 est
1636 1552 1853 1616 melius,

280 1657 374 1708 per
412 1649 574 1710 quam
605 1641 790 1709 agnita
822 1644 1213 1711 opportunitas
1255 1642 1449 1712 judicii
1494 1643 1856 1713 uniuscujus-

276 1750 400 1800 que,
436 1734 563 1787 boni
606 1742 665 1788 'et
706 1735 921 1788 honesﬁ
967 1750 1189 1789 sensum
1228 1736 1434 1804 praebet
1470 1735 1535 1790 iis
1569 1736 1661 1805 qui
1697 1744 1854 1789 ntun-
1891 1720 1930 1774 Β

276 1835 381 1879 tur.
420 1826 688 1892 Quoniam
729 1838 912 1881 autem
959 1827 1147 1897 lapsus
1176 1835 1260 1882 est
1285 1842 1314 1880 a
1347 1834 1496 1881 recte
1522 1827 1588 1881 de
1618 1826 1685 1882 iis
1730 1842 1852 1897 qua:

274 1926 420 1984 sunt,
451 1919 679 1988 judicio,
708 1935 806 1989 per
842 1919 1045 1973 malum
1078 1920 1369 1974 consilium
1407 1934 1634 1974 aversus
1664 1934 1695 1973 a
1722 1935 1853 1975 con-

270 2013 440 2067 stanti
470 2013 703 2075 ratione,
739 2028 993 2068 recessus
1025 2028 1055 2066 a
1086 2020 1352 2082 tempore,
1382 2011 1435 2067 id
1463 2012 1610 2082 quod
1654 2022 1738 2067 est
1796 2013 1852 2067 in

272 2120 601 2175 unoquoque
647 2105 802 2169 utile,
842 2096 1006 2161 vertit
1035 2105 1090 2159 in
1135 2105 1499 2159 contrarium.
1553 2104 1619 2159 Ut
1649 2106 1694 2159 si
1727 2107 1853 2176 quis

273 2180 327 2249 in
356 2212 540 2252 mensa
572 2198 857 2266 proposito
882 2197 1030 2249 omni
1055 2204 1319 2265 apparatu
1344 2196 1603 2261 convivii,
1628 2204 1678 2250 ct
1708 2196 1854 2251 vasis

268 2289 597 2358 quilntsdam
656 2289 799 2358 aptis
857 2289 922 2342 ad
966 2289 1280 2359 apparanda
1339 2289 1636 2351 alimenta,
1690 2289 1853 2344 simul

270 2380 434 2433 etiam
471 2394 533 2433 ea
566 2379 882 2449 apposuerit
909 2395 1029 2448 quae
1066 2379 1134 2433 ab
1166 2379 1234 2433 iis
1265 2387 1532 2449 parantur
1573 2378 1666 2447 qui
1701 2378 1849 2432 dele-

270 2478 492 2524 ctantur
528 2469 843 2540 hujnsmodi
905 2470 1163 2533 artiﬁcio,
1221 2478 1315 2523 aut
1354 2472 1586 2525 subtiles
1620 2453 1850 2539 gladios,

270 2579 365 2634 per
398 2578 537 2633 quos
570 2563 814 2617 convivae
849 2563 955 2618 sibi
988 2563 1242 2619 dividunt
1268 2563 1476 2633 aliquid
1517 2579 1581 2617 ex
1635 2562 1703 2616 iis
1732 2577 1854 2632 qua:

270 2662 399 2709 sunt
428 2655 697 2724 apposita,
740 2663 833 2707 aut
863 2666 1122 2724 argentea
1148 2655 1481 2719 cochlearia,
1509 2653 1710 2723 quibus
1733 2669 1855 2722 qua:

269 2752 322 2804 in
353 2751 524 2805 altera
555 2750 675 2819 ejus
711 2756 866 2818 parte
903 2760 983 2803 cst
1035 2748 1272 2815 cavitas,
1311 2747 1456 2802 facta
1498 2756 1582 2803 est
1639 2757 1698 2803 ut
1731 2757 1854 2819 apte

268 2852 321 2896 et
358 2841 604 2912 apposite
645 2856 703 2895 se
735 2840 960 2901 haberet
986 2840 1050 2893 ad
1088 2840 1405 2909 pollentam.
1460 2838 1664 2894 Deinde
1704 2841 1848 2909 quis-

270 2937 414 3004 piam
451 2950 513 2988 e.\'
556 2933 622 2987 iis
655 2934 746 3002 qui
781 2940 910 2987 sunt
939 2932 1225 2985 convocati
1256 2932 1321 2985 ad
1347 2932 1683 2994 convivium,
1733 2947 1853 2986 mu-

268 3035 385 3081 tato
422 3042 526 3080 usu
565 3026 685 3093 ejus
717 3023 865 3094 quod
891 3032 974 3077 cst
1007 3024 1372 3093 propositum,
1424 3032 1671 3077 uteretur
1718 3038 1853 3077 uno-
1879 3061 1919 3116 Ο

268 3132 489 3187 quoque
519 3117 583 3169 ad
612 3132 674 3171 ea
706 3132 826 3186 qua:
872 3132 981 3169 non
1018 3115 1230 3177 decent,
1264 3125 1317 3169 et
1374 3116 1555 3184 gladio
1605 3115 1846 3185 quidem,

271 3211 351 3263 vel
379 3208 645 3279 seipsum,
678 3207 763 3261 vel
801 3195 1038 3276 aliquem
1074 3222 1138 3261 ex
1179 3208 1243 3260 iis
1295 3208 1389 3276 qui
1421 3222 1593 3276 prope
1629 3223 1851 3262 acomn-

273 3303 428 3365 lmnt,
466 3307 719 3353 secaret:
767 3298 1044 3352 cochleari
1087 3300 1393 3353 autem‘vcl
1449 3300 1715 3368 proximi,
1765 3299 1851 3354 vel

269 3406 429 3447 suum
460 3390 684 3445 oculum
711 3387 1369 3459 expungeretzdiccretur
1399 3392 1546 3461 quod
1584 3398 1850 3461 apparatu

270 3482 641 3538 convivatoris
676 3482 794 3551 ipse
816 3479 883 3533 ad
923 3480 1125 3533 malum
1160 3480 1366 3536 abusus
1394 3490 1501 3547 est,
1555 3497 1685 3555 cum.
1734 3482 1850 3550 ipse

269 3575 487 3645 quidem
515 3574 606 3644 qui
638 3579 999 3643 apparaverat
1025 3587 1250 3627 causam
1282 3589 1475 3628 eorum
1523 3589 1645 3644 qua:
1678 3588 1847 3628 even-

270 3678 392 3722 tura
423 3673 583 3721 erant
618 3680 728 3719 non
779 3663 1167 3734 disposuisset,
1235 3680 1419 3719 verum
1483 3666 1663 3720 malus
1712 3681 1847 3720 usus

269 3774 457 3815 eorum
493 3773 614 3829 quae
644 3765 800 3811 erant
828 3756 1100 3826 apposita,
1144 3755 1210 3809 ad
1239 3757 1346 3811 huc
1374 3757 1576 3811 malum
1602 3757 1848 3812 deduxe-

270 3854 340 3906 rit
360 3867 484 3907 eum
510 3851 602 3920 qui
630 3850 937 3904 inconsulte
970 3864 1101 3903 usus
1119 3848 1285 3902 estiis
1316 3864 1436 3918 qum
1463 3848 1619 3903 erant
1651 3864 1849 3919 propo-

270 3945 397 3997 sita.
431 3943 527 4005 Ita,
566 3942 766 4011 inquit,
800 3956 901 4009 ego
929 3955 1148 4010 quoque
1180 3941 1326 4004 novi,
1356 3942 1503 4010 quod
1534 3957 1564 3995 a
1588 3940 1696 3995 Deo
1726 3941 1848 4011 qni-

268 4035 390 4086 dem
425 4030 627 4084 factum
661 4040 739 4085 est
771 4030 1197 4099 tnnunquodque
1239 4029 1304 4081 ad
1345 4045 1507 4085 omne
1539 4030 1764 4093 bonum,
1800 4032 1845 4087 si

268 4125 324 4176 in
359 4129 624 4191 tempore,
656 4129 715 4174 ut
739 4120 1014 4183 convenit,
1045 4134 1111 4174 eo
1138 4128 1357 4172 utamur
1383 4138 1395 4173 :
1419 4119 1635 4174 aversio
1665 4129 1843 4175 autem

268 4230 299 4267 a
328 4220 476 4267 recto
505 4212 573 4267 de
600 4211 666 4267 iis
689 4226 811 4282 qua:
843 4217 990 4274 sunt,
1031 4209 1265 4280 judicio,
1316 4208 1544 4264 deduxit
1577 4211 1717 4265 bona
1779 4211 1845 4265 ad

262 4305 616 4360 occasionem
647 4303 939 4368 malorum,
972 4310 1030 4356 ut
1058 4302 1293 4371 exempli
1318 4316 1485 4357 causa
1510 4302 1653 4366 dico,
1686 4303 1846 4373 quid-

1963 473 2069 511 νων
2093 457 2357 524 ἐξέτασις.
2387 459 2481 523 Τίς
2511 456 2607 513 οῦν
2640 462 2930 533 περισσεία
2955 463 3051 516 τοῦ
3074 462 3352 528 ποιοῦντος
3386 467 3447 519 ἐν
3466 460 3557 528 οἷς

1963 550 2124 614 αὐτὸς
2153 550 2372 622 μοχθεῖ;
2400 551 2511 605 Καὶ
2549 553 2686 623 μετὰ
2709 553 2902 619 ταῦτα,
2927 574 2945 606 ι
2964 551 3138 618 Εἶδον,
3164 564 3186 609 δ
3220 556 3377 626 φησι,
3418 575 3439 608 ι
3457 557 3556 611 τὸν

1963 645 2344 715 περισπασμὸν
2370 645 2430 701 ὃν
2469 645 2637 700 ἔδωκε
2670 649 2783 711 τοῖς
2812 649 2948 723 υἱοῖς
2977 647 3084 701 τῶν
3118 647 3423 718 ἀνθρώπων
3451 646 3555 702 τοῦ

1963 736 2336 806 περισπᾶσθαι
2363 739 2421 792 ἑν
2443 737 2621 809 ἑαυτῷ
2652 737 2723 792 τά
2750 737 3062 811 σύμπαντα.
3092 739 3128 794 ἃ
3148 740 3375 810 ἐποίησε
3404 739 3555 802 καλὰ

1962 828 2020 882 ὲν
2046 829 2224 902 καιρῷ
2251 814 2443 885 αὑτοῦ,
2475 831 2584 884 Καί
2614 847 2678 897 γε
2712 830 2804 886 τὸν
2839 831 3011 885 αίῶνα
3040 830 3236 885 ἔδωκεν
3260 833 3320 884 ἑν
3350 830 3555 903 καρδία.

1962 920 2161 985 αὐτῶν,
2188 922 2355 986 ὅπως
2375 923 2449 995 μὴ
2482 924 2615 995 εὕρῃ
2646 922 2929 994 ἄνθρωπος
2965 923 3026 977 τὸ
3054 922 3264 994 ποίημα
3292 922 3322 976 δ
3360 923 3556 992 ἑποίη-
3576 936 3587 942 “

1964 1029 2055 1066 σεν
2076 1016 2104 1067 ὁ
2129 1013 2261 1078 Θεὸς
2288 1015 2381 1069 ἀπ’
2403 1015 2577 1086 ἀρχῆς
2611 1015 2770 1086 μέχρι
2796 1015 3001 1080 τέλους.
3028 1035 3046 1068 ι
3065 1013 3132 1068 Ἰῖί
3154 1012 3336 1068 ’ταῦτα
3358 1015 3508 1082 λέγει
3530 1030 3553 1081 ;

1974 1104 2267 1173 Ἐπέγνων,
2304 1106 2489 1177 φησὶν,
2520 1102 2642 1160 ὅθεν
2668 1106 3045 1177 περιεσπάσθη
3078 1107 3178 1177 τῆς
3200 1105 3348 1176 ζωῆς
3377 1107 3413 1176 ἡ
3445 1107 3547 1160 ἀνε-

1961 1195 2205 1267 θρωπίνη
2246 1195 2426 1265 φύσις,
2460 1199 2525 1251 ἐκ
2562 1197 2669 1252 τῶν
2695 1196 2854 1251 θείων
2881 1197 3210 1269 εὐεργεσιῶν
3240 1196 3343 1261 τὰς
3369 1199 3551 1269 ἀφορέ

1962 1287 2070 1354 μὰς
2087 1286 2349 1343 λαϐοῦσα.
2369 1289 2426 1343 '0
2446 1290 2542 1360 μὲν
2562 1288 2672 1361 γὰρ
2698 1290 2783 1342 ἐπ’
2806 1289 2995 1359 ἀγαθῷ
3011 1289 3081 1343 τὰ
3101 1290 3277 1343 πάντα
3292 1289 3549 1360 ἐποίησε,

1960 1380 2054 1431 καὶ
2086 1378 2342 1450 λογισμὸν
2376 1378 2541 1433 ἔδωκε
2577 1383 2688 1443 τοῖς
2724 1378 2832 1432 τῶν
2864 1379 3036 1433 δντων
3086 1380 3375 1451 μετέχουσι
3431 1381 3554 1435 δια-

1960 1469 2201 1543 κριτικὸν
2221 1468 2314 1523 τοῦ
2339 1468 2630 1540 βελτίονος,
2655 1470 2723 1523 δι’
2751 1461 2867 1541 οὗή
2894 1470 3146 1541 εὐκαίρια
3173 1470 3272 1540 τῆς
3305 1471 3549 1524 ἑκάστου

1959 1561 2208 1632 χρήσεως
2239 1559 2639 1631 ἐπιγνωσθεῖσα
2678 1562 2777 1633 τὴν
2810 1561 2903 1615 τοῦ
2945 1560 3111 1615 καλοῦ
3148 1561 3402 1631 αἴσθησιν
3433 1564 3553 1627 τοῖς

1960 1655 2320 1727 κεχρημένοις
2369 1655 2672 1725 χαρίζεται.
2737 1652 2952 1724 Ἐπειδὴ
2999 1653 3056 1705 δὲ
3106 1652 3399 1724 ἀπεσφάλη
3446 1654 3551 1723 τῆς

1956 1748 2120 1817 όρθῆς
2169 1749 2297 1819 περὶ
2348 1748 2456 1801 τῶν
2501 1732 2668 1801 ὄντων
2710 1748 2977 1819 κρίσεως,
3009 1745 3096 1799 διὰ
3126 1748 3370 1817 πονηρᾶς
3405 1763 3553 1815 συμ-

1956 1842 2155 1911 ϐουλῆς
2209 1840 2591 1912 παρατραπεὶς
2640 1839 2735 1893 τοῦ
2781 1838 3122 1903 καθεστῶτος
3169 1838 3478 1910 λογισμοῦ,
3509 1843 3547 1907 ἠ

1956 1933 2241 2004 ὑπαλλαγὴ
2285 1933 2379 1987 τοῦ
2425 1932 2620 2002 καιροῦ
2658 1932 2719 1985 τὸ
2758 1932 2842 2001 ἐφ’
2875 1932 3106 1987 ἑκάστου
3158 1933 3433 2004 χρήσιμον
3466 1934 3549 1997 εἰς

1958 2018 2209 2081 ἐναντίαν
2235 2007 2430 2098 ἔτρεφε
2457 2028 2672 2097 πεῖραν.
2706 2025 2918 2095 Ὥσπερ
2948 2025 3001 2077 εἴ
3028 2041 3114 2088 τις
3139 2024 3232 2076 ἐπὶ
3264 2022 3551 2093 τραπέζης

1958 2120 2136 2170 πᾶσαν
2169 2116 2392 2187 προθεὶς
2422 2113 2777 2185 παρασκευὴν
2806 2113 3056 2183 εὐωχίας,
3096 2113 3190 2166 καὶ
3223 2112 3393 2183 σκεύη
3423 2110 3549 2164 τινὰ

1957 2210 2093 2281 πρὸς
2137 2210 2236 2280 τὴν
2279 2207 2381 2278 τῆς
2413 2207 2619 2279 τροφῆς
2666 2206 2955 2276 συνεργίαν
2998 2205 3322 2275 ἐπιτηδείως
3349 2203 3550 2273 ἔχοντα

1958 2300 2347 2373 συμπαραθείη
2369 2339 2383 2360 ,
2417 2294 2505 2353 οἷα
2532 2298 2596 2368 δὴ
2637 2294 2791 2368 παρὰ
2822 2296 2930 2349 τῶν
2966 2296 3033 2349 τὰ
3065 2293 3289 2347 τοιαῦτα
3322 2294 3545 2363 φιλοτε-

1956 2392 2225 2462 χνοῦντων
2268 2388 2807 2452 κατασκευάζονται,
2839 2387 2872 2456 ἢ
2905 2385 3107 2449 λεπτὰς
3159 2384 3437 2455 μαχαίρας
3475 2383 3547 2436 δι’

1956 2477 2031 2537 ὧν
2074 2485 2120 2536 οἱ
2149 2462 2468 2552 δαιτυμόνες
2508 2482 2719 2543 ἑαυτοῖς
2749 2496 2800 2531 τι
2835 2478 3173 2551 διαιροῦνται
3207 2476 3316 2530 τῶν
3348 2492 3550 2547 προτεο

1914 2558 1925 2561 Δ
1958 2575 2178 2637 θέντων,
2214 2576 2246 2644 ἣ
2278 2574 2377 2636 τὰς
2405 2573 2655 2645 ἀργυρᾶς
2678 2571 2929 2642 περόνας,
2970 2566 3057 2632 αἷς
3091 2572 3123 2640 ἡ
3155 2569 3549 2640 συμπεφυκυῖα

1926 2662 2097 2715 ικατὰ
2138 2662 2198 2714 τὸ
2235 2662 2419 2732 ἕτερον
2458 2662 2622 2732 μέρος
2656 2660 2924 2729 κοιλότης,
2965 2659 3100 2729 πρὸς
3130 2659 3189 2712 τὸ
3234 2658 3386 2721 ἔθνος
3424 2661 3549 2712 ἑπι-

1956 2752 2180 2822 τηδείως
2207 2751 2348 2822 ἔχειν
2378 2751 2672 2820 πεποίηται
2697 2765 2709 2778 ·
2758 2749 2948 2801 ἔπειτά
2984 2765 3064 2812 τις
3093 2747 3200 2802 τῶν
3227 2747 3313 2800 ἐπ’
3338 2748 3547 2818 εὐωχίᾳ

1960 2843 2417 2912 συγκεκλημένων
2483 2841 2797 2907 ὑπαλλάξας
2851 2841 2960 2892 τῶν
3005 2839 3383 2910 προκειμένων
3433 2839 3538 2909 τὴν

1944 2938 2175 3007 χρῆσιν,
2218 2935 2431 3005 ἑκάστῳ
2482 2933 2617 3004 πρὸς
2648 2933 2716 2986 τὰ
2754 2935 2827 3005 μὴ
2873 2934 3061 2988 δέοντα
3089 2932 3284 3004 χρῷτο,
3336 2932 3433 2985 καὶ
3465 2936 3538 3002 τῇ

1962 3026 2206 3097 μαχαίρᾳ
2239 3027 2358 3096 μὲν,
2399 3026 2431 3094 ἢ
2484 3025 2676 3078 ἑαυτὸν
2726 3026 2759 3095 ἡ
2801 3043 2919 3078 τινα
2956 3025 3063 3079 τῶν
3115 3024 3545 3096 παρακειμένων

1957 3118 2145 3188 τέμοι,
2190 3120 2254 3188 τῇ
2300 3117 2357 3169 δὲ
2407 3118 2611 3188 περόνῃ
2642 3117 2732 3171 τὸν
2772 3116 3047 3186 ὀφθαλμὸν
3077 3117 3111 3187 ἦ
3165 3116 3257 3169 τοῦ
3290 3115 3461 3178 πέλας
3508 3115 3542 3185 ἦ
3632 3120 3635 3123 ’

1958 3209 2048 3262 τὸν
2084 3208 2277 3262 ἑαυτοῦ
2301 3211 2710 3280 ὲκκεντήσειεν·
2744 3210 2887 3262 εἴποι
2921 3227 3007 3282 τις
3039 3209 3125 3275 ἂν,
3152 3210 3232 3261 ὅτι
3260 3210 3326 3279 τῇ
3360 3225 3546 3279 παρα-

1960 3303 2126 3370 σκευῇ
2159 3299 2251 3353 τοῦ
2282 3300 2593 3371 ἑστιάτορος
2622 3300 2653 3359 ὁ
2677 3298 2825 3352 δεῖνα
2860 3300 2939 3361 εἰς
2972 3298 3137 3351 κακὸν
3165 3299 3542 3383 ἀπεχρήσατο,

1957 3391 2119 3444 αὐτοῦ
2142 3391 2662 3463 παρασκευάσαντος
2687 3392 2787 3462 τὴν
2818 3392 2996 3445 αἰτίαν
3018 3392 3127 3443 τῶν
3155 3390 3545 3460 ἐκϐησομένων

1960 3480 2477 3550 προετοιμάσαντος,
2505 3480 2640 3534 ἀλλὰ
2671 3482 2770 3552 τῆς
2804 3481 2984 3550 κακῆς
3015 3481 3127 3535 τῶν
3167 3480 3547 3552 προτεθέντων

1957 3571 2205 3641 χρήσεως
2238 3572 2316 3635 είς
2345 3571 2503 3626 τοῦτο
2529 3572 2589 3625 τὸ
2614 3571 2786 3635 πάθος
2814 3572 3237 3642 προαγαγούσης
3260 3571 3350 3625 τὸν
3376 3572 3546 3625 ἁδού-

1956 3662 2062 3726 λως
2092 3666 2204 3726 τοῖς
2249 3664 2629 3735 προκειμένοις
2671 3666 3048 3736 χρησάμενον”
3099 3663 3300 3727 οὕτως,
3349 3665 3539 3733 φησιν,

1956 3750 2128 3820 ἔγνων
2153 3752 2246 3805 καί
2284 3750 2416 3818 ἑγὼ,
2452 3752 2531 3803 ὅτι
2568 3753 2721 3821 παρὰ
2748 3752 2842 3804 τοῦ
2881 3750 3016 3803 Θεοῦ
3050 3750 3244 3819 γέγονε
3274 3751 3373 3821 μὲν
3408 3752 3545 3804 Em.

1957 3859 2083 3895 στον
2116 3842 2208 3895 ἐπὶ
2239 3844 2399 3896 παντὶ
2424 3842 2513 3913 τῷ,
2534 3841 2761 3911 βελτίονι
2780 3884 2792 3905 ,
2829 3844 2985 3914 εἴπερ
3011 3846 3068 3895 ὲν
3098 3842 3275 3915 καιρῷ
3309 3842 3451 3895 κατὰ
3480 3845 3541 3895 τὸ

1957 3936 2230 4006 προσῆκον
2279 3935 2510 3989 ἑκάστου
2541 3934 2750 4003 γένοιτο
2779 3936 2991 4006 χρῆσις·
3038 3938 3071 4005 ἡ
3118 3936 3174 3988 δὲ
3212 3938 3541 4008 παρατροπὴ

1956 4027 2054 4097 τῆς
2075 4026 2240 4097 ὀρθῆς
2270 4028 2398 4097 περὶ
2426 4026 2534 4079 τῶν
2567 4026 2735 4080 ὄντων
2782 4028 3015 4097 κρίσεως
3048 4030 3126 4090 εἰς
3156 4024 3413 4097 ἁςορμὴν
3444 4046 3542 4081 κα-

1958 4118 2070 4172 κῶν
2098 4119 2165 4171 τά
2196 4118 2376 4187 ἀγαθὰ
2415 4118 2751 4188 περιήγαγεν
2772 4134 2785 4147 ο
2819 4112 2929 4168 οἶόν
2960 4135 3009 4169 τι
3042 4117 3184 4185 λέγω
3203 4134 3214 4144 ο
3244 4119 3308 4170 Τί
3338 4117 3553 4187 γλυκύέ

1955 4224 2112 4278 τερον
2138 4209 2236 4276 τῆς
2265 4207 2371 4259 τῶν
2400 4205 2693 4276 ὀφθαλμῶν
2724 4206 3037 4276 ὲνεργείαζ;
3082 4206 3221 4259 Ἀλλ’
3260 4208 3389 4259 ὅταν
3418 4209 3540 4277 ὄψις

1955 4300 2201 4354 παθοῦσα
2219 4299 2496 4371 ὑπηρέτης
2519 4298 2730 4368 γίνηται
2751 4302 2860 4361 τοῖς
2882 4298 3161 4361 τοιούτοις,
3186 4300 3245 4351 τὸ
3276 4302 3359 4351 ἐπ’
3389 4303 3542 4372 εὐερ-

258 4411 395 4451 nam
463 4403 549 4451 εει
603 4395 906 4464 jucundius
972 4394 1256 4449 oculorum
1322 4395 1683 4464 operatione?
1739 4435 1740 4440 η

2052 4393 2113 4464 ’ίᾳ
2140 4393 2429 4463 γενόμενον
2445 4393 2614 4445 αἴτιον
2641 4391 2825 4444 κακῶν
2851 4392 3179 4461 γεγενῆσθαι
3202 4382 3534 4464 λέγει-ὅπερ

252 4488 491 4559 quando
521 4489 662 4542 male
695 4488 921 4544 affectus
959 4490 1109 4543 visus
1143 4496 1229 4543 est
1293 4487 1622 4543 administer
1655 4505 1844 4544 eorum

256 4593 390 4648 quae
420 4585 550 4633 sunt
595 4577 888 4647 ejusmodi,
933 4580 1061 4635 dicit
1091 4580 1144 4634 id
1188 4579 1337 4650 quod
1386 4579 1591 4635 factum
1629 4581 1732 4637 fuit
1779 4585 1847 4638 ad

256 4669 616 4734 beneﬁcium,
652 4668 823 4725 fuisse
855 4685 1077 4725 causam
1116 4671 1383 4723 malorum
1408 4690 1419 4725 :
1449 4673 1591 4741 quod
1627 4673 1845 4742 quidem

255 4764 400 4818 nihil
426 4770 510 4819 est
535 4762 704 4827 aliud,
739 4779 902 4833 qnam
933 4764 1080 4834 quod
1138 4765 1281 4819 bono
1314 4764 1454 4820 male
1502 4774 1662 4820 utens
1695 4765 1850 4835 quis-

190 4878 200 4899 ι
256 4857 433 4927 piam,
468 4854 649 4912 eil'ecit
684 4864 743 4911 ut
784 4871 916 4911 usus
968 4862 1117 4909 esset
1150 4855 1363 4909 vitium.
1426 4854 1500 4909 Ita
1540 4856 1705 4910 etiam
1742 4857 1847 4910 alia

268 4945 452 5000 omnia
480 4961 601 5015 qua:
630 4960 660 4999 a
694 4944 803 4999 Deo
832 4945 994 4998 habet
1027 4952 1244 5007 natura,
1282 4945 1385 4999 sita
1422 4947 1633 5000 suntin
1679 4932 1847 5000 libera

266 5037 539 5091 electione
585 5051 776 5091 eorum
822 5033 916 5104 qui
962 5041 1215 5100 utuntur,
1251 5043 1310 5090 ut
1351 5038 1444 5091 ﬁat
1505 5037 1733 5092 materia
1765 5040 1846 5094 vel

269 5130 535 5184 honorum
564 5128 649 5184 vel
694 5127 987 5182 malorum.
1047 5126 1412 5193 Quamobrem
1457 5132 1845 5193 dicitrOntnia

268 5236 391 5289 quae
417 5220 544 5276 fecit
571 5222 712 5276 bona
751 5221 806 5275 in
839 5229 1087 5291 tempore
1148 5235 1271 5275 suo.
1297 5220 1637 5287 iQninetiam
1673 5239 1844 5277 arvum

269 5314 419 5368 dedit
448 5315 501 5368 in
560 5314 725 5371 corde
780 5315 1047 5385 ipsorum.
1088 5311 1287 5369 Evum
1348 5322 1527 5370 autem
1588 5331 1710 5369 cum
1777 5318 1848 5369 sit

208 5402 215 5409 ’
269 5403 543 5473 quoddam
574 5405 778 5460 tuentis
803 5404 1110 5473 ‘cogitatum
1139 5404 1330 5473 spatiis
1356 5413 1410 5461 et
1441 5405 1742 5460 intervallis
1773 5405 1851 5458 di-

269 5511 542 5557 mensum,
575 5495 848 5566 signiﬁcat
876 5510 1093 5551 onmem
1125 5496 1247 5566 ejus
1280 5505 1591 5550 creaturam
1614 5510 1745 5565 ‘qum
1795 5496 1846 5550 in

270 5590 391 5658 ipso
425 5586 605 5641 fuerit.
642 5584 716 5640 Ex
759 5602 823 5641 eo
856 5604 985 5659 ergo
1030 5590 1171 5660 quod
1225 5590 1491 5649 continet,
1528 5589 1846 5643 universum

268 5677 414 5750 quod
451 5677 594 5735 ineo
621 5673 951 5749 continetur,
980 5681 1214 5738 ostendit
1244 5680 1440 5736 oratio.
1467 5678 1660 5733 Onmia
1698 5692 1846 5750 ergo,

1951 4485 2077 4541 ἄλλο
2105 4485 2256 4538 οὐδέν
2286 4487 2454 4547 ἑστιν,
2498 4485 2532 4555 ἢ
2579 4486 2659 4537 ὅτι
2694 4483 2881 4547 κακῶς
2918 4484 2996 4555 τῷ
3032 4483 3179 4554 καλῷ
3214 4502 3297 4548 τις
3327 4488 3537 4557 χρησά-

1955 4598 2147 4652 μενος,
2199 4580 2370 4643 πάθος
2401 4580 2499 4651 τὴν
2553 4581 2746 4651 χρῆσιν
2799 4579 3071 4651 ἐποίησεν.
3120 4578 3276 4632 Οῦτω
3326 4580 3419 4633 καὶ
3471 4582 3537 4635 τὰ

1949 4671 2084 4727 ἄλλα
2111 4671 2288 4725 πάντα
2314 4672 2415 4724 ὅσα
2454 4669 2606 4741 παρὰ
2638 4669 2727 4722 τοῦ
2759 4669 2893 4723 Θεοῦ
2931 4669 3043 4739 ἔχει
3070 4671 3102 4740 ἡ
3152 4669 3337 4737 φύσις,
3369 4673 3427 4723 ἐν
3470 4675 3534 4742 τῇ

1952 4764 2268 4836 προαιρέσει
2290 4763 2397 4815 τῶν
2426 4763 2785 4833 κεχρημένων
2816 4763 3059 4832 κεῖται,ἢ
3085 4762 3262 4816 καλῶν
3286 4762 3319 4832 ἢ
3352 4765 3538 4816 κακῶν

1953 4855 2054 4925 ὕλη
2092 4854 2364 4923 γενέσθαι.
2405 4854 2495 4907 Διό
2529 4872 2694 4925 φησι·
2734 4872 2751 4905 ι
2781 4854 2861 4906 Τὰ
2911 4854 3204 4923 σύμπαντα
3240 4854 3275 4908 ὃ.
3312 4856 3534 4923 ἐποίησε

1951 4945 2091 4998 καλὰ
2119 4946 2176 4997 ἐν
2200 4943 2377 5015 καιρῷ
2421 4943 2608 4997 αὑτοῦ.
2638 4964 2655 4996 ο
2692 4944 2801 4999 Καί
2828 4961 2891 5012 γε
2917 4944 3007 4998 τὸν
3043 4945 3214 4999 αἰῶνα
3243 4944 3446 4999 ἔδωκεν
3482 4948 3538 4997 ἐν

1951 5036 2147 5107 καρδίᾳ
2174 5035 2371 5088 αὐτῶν.
2418 5035 2476 5088 ’0
2502 5035 2557 5088 δὲ
2604 5034 2738 5089 αἰὼν
2786 5035 3216 5106 διαστηματικόν
3261 5053 3313 5089 τι
3359 5038 3538 5107 νόημα

1949 5129 2028 5188 ὃν,
2086 5129 2263 5182 πᾶσαν
2296 5127 2459 5181 αὐτοῦ
2500 5129 2755 5198 σημαίνει
2788 5128 2889 5199 τὴν
2919 5128 3093 5181 κτίσιν
3143 5129 3242 5199 τὴν
3298 5130 3356 5181 ἐν
3389 5130 3536 5199 αὐτῷ

1952 5220 2269 5289 γενομένην.
2305 5219 2513 5273 Οὐκοῦν
2551 5222 2615 5273 ὲκ
2652 5221 2747 5273 τοῦ
2779 5221 3123 5292 περιέχοντος
3175 5222 3323 5275 ἅπαν
3354 5221 3416 5274 τὸ
3441 5224 3536 5292 ἐμ-

1952 5313 2335 5383 περιεχόμενον
2365 5313 2635 5366 δείκνυσιν
2657 5316 2686 5366 ὁ
2718 5313 2894 5381 λόγος.
2924 5315 3105 5367 Πάντα
3136 5312 3229 5368 οὖν
3254 5317 3357 5370 ὅσα
3385 5317 3441 5368 ἐν
3462 5316 3535 5386 τῷ

1952 5404 2106 5458 αἰῶνι
2130 5404 2369 5472 γέγονεν,
2394 5403 2559 5458 ἔδωκε
2584 5407 2649 5475 τῇ
2676 5405 2987 5476 ἀνθρωπίνῃ
3017 5406 3215 5477 καρδία
3238 5407 3324 5459 ἐπ’
3350 5408 3534 5476 ἀγαθῴ

1951 5499 1978 5549 ὀ
2004 5497 2133 5560 Θεὸς
2154 5537 2168 5559 ,
2202 5496 2345 5548 ὥστε
2374 5497 2462 5549 διὰ
2492 5496 2754 5566 μεγέθους
2787 5498 2882 5550 καὶ
2924 5497 3186 5567 καλλονῆς
3216 5499 3533 5570 κτισμάτων

1952 5581 2277 5657 ἀναθεωρεῖν
2317 5588 2384 5639 δι’
2426 5588 2603 5641 αὐτῶν
2656 5589 2748 5641 τὸν
2781 5591 3101 5660 ποιήσαντα.
3136 5592 3198 5642 Οἱ
3244 5591 3301 5642 δὲ
3347 5591 3413 5642 δι’
3461 5585 3528 5644 ὧν

1955 5680 2420 5755 εὐηργετήθησαν,
2448 5681 2532 5734 διὰ
2561 5682 2764 5735 τούτων
2787 5682 3154 5755 ἐϐλάφθησαν,
3188 5683 3265 5754 τῷ
3295 5685 3370 5756 μὴ
3396 5684 3529 5737 κατὰ
