3738 5984
276 191 387 248 753

1308 198 1374 253 IN
1411 202 1945 264 ECCLESIASTEN.
1992 209 2276 269 HOMILIA
2317 210 2449 266 VIII.

3437 211 3543 271 ’156

265 309 335 362 τὸ
353 307 473 362 δέον
496 307 706 380 ἑκάστῳ
729 311 822 364 καὶ
843 310 1056 387 πρὸςξτδ
1075 312 1387 370 λυσιτελοῦν
1409 318 1741 392 ιὶιποχρήιςασ1

2063 328 2156 384 :in
2197 343 2314 384 aevo
2344 328 2488 383 facta
2533 333 2686 391 sunt,
2720 326 2873 383 dedit
2903 326 3048 386 Deus
3112 327 3267 386 cordi
3303 328 3539 388 humano

268 396 373 452 Διὰ
388 392 545 451 τοῦτό
566 414 748 469 φησιν·
770 420 788 452 ι
804 401 990 467 Ὅπως
1016 404 1090 474 μὴ
1112 402 1247 478 εὕρῃ
1264 406 1550 479 ἄνθρωπος
1570 411 1629 464 τὺ
1651 414 1860 485 ποίημα

265 486 311 541 ὃ.
328 488 586 559 ἐποίησεν
618 491 647 542 6
688 489 822 554 Θεὸς
865 493 960 546 ἐπὶ
1000 492 1077 566 τῷ
1113 496 1212 566 τῆς
1259 496 1526 575 ὠφελείας
1567 502 1775 575 σκοπῷ,
1802 507 1861 559 ὲν

270 580 414 664 πᾶσι.
441 580 552 643 τοῖς
580 579 859 648 γεγονόσιν
899 582 994 637 ἀπ’
1027 585 1202 657 ἀρχῆς
1235 586 1336 657 τῆς
1368 590 1599 656 κτίσεως
1637 593 1731 645 καὶ
1760 593 1858 664 μέ-

270 684 363 741 χρι
394 662 496 741 τῆς
541 671 634 724 τοῦ
664 672 864 737 παντὸς
903 675 1377 747 συμπληρώσεως,
1406 679 1619 746 οὐδενὸς
1652 683 1712 735 ὲν
1746 662 1857 749 τοῖς

264 758 420 815 οἷσιν
453 763 604 827 ὄντος
632 764 825 818 κακοῦ.
860 785 879 817 ›
924 767 1059 821 Οὐδὲ
1090 768 1197 838 γὰρ
1230 768 1343 839 ἔχει
1372 771 1532 840 φύσιν
1558 772 1618 838 ἐξ
1642 772 1850 842 ἀγαθοῦ

265 849 437 904 κακόν
475 869 529 905 τι
556 850 743 922 φῦναι.
771 855 835 908 Ei
868 855 925 908 δὲ
955 856 1155 925 ἀγαθὸς
1180 858 1208 911 6
1235 858 1344 913 τῶν
1368 860 1626 916 ἁπάντων
1654 864 1847 934 αἴτιος,

261 944 452 1012 ἀγαθὰ
507 946 721 1012 πάντως
765 948 866 1004 ὅσα
900 950 965 1004 ὲκ
1008 949 1109 1004 τοῦ
1147 943 1353 1021 ἀγαθοῦ
1400 954 1501 1027 τὴν
1548 956 1849 1016 ὑπόστασιν

262 1034 402 1105 ἔχει.

1961 415 2030 469 ad
2064 416 2293 482 bonum,
2318 426 2380 471 ut
2407 430 2505 486 per
2534 414 2965 487 magnitudinem
2989 424 3044 473 et
3075 415 3538 489 pulchritudinem

1958 515 2356 576 creaturarum,
2388 523 2487 579 per
2516 507 2664 578 ipsas
2689 507 3126 578 contemplemur
3156 525 3282 565 eum
3329 512 3425 581 qui
3462 512 3543 569 fe-

1957 600 2052 655 cit.
2091 600 2175 654 Illi
2206 608 2386 656 autem
2423 592 2521 671 per
2549 614 2614 655 ea
2674 613 2798 669 quae
2853 596 3197 670 acceperant
3229 601 3495 658 beneﬁcia
3523 644 3537 668 ,

1956 689 2071 746 laesi
2099 697 2250 755 sunt,
2279 706 2346 746 eo
2380 691 2525 762 quod
2556 706 2666 746 non
2698 705 3035 761 unoquoque
3060 699 3365 762 ut’oportet
3395 701 3449 749 et
3474 696 3541 750 ad
3600 683 3613 689 ’

1959 779 2248 837 utilitatem
2290 783 2376 839 usi
2413 790 2564 838 sunt.
2608 780 2675 836 Et
2720 781 2845 838 ideo
2873 782 3055 838 dicit:
3092 800 3113 834 ί
3168 781 3247 838 Ne
3298 783 3546 839 inveniat

1959 872 2122 927 homo
2150 888 2287 944 opus
2320 872 2466 944 quod
2513 873 2644 928 fecit
2664 872 2815 929 Deus
2868 873 2937 928 ad
2988 887 3214 943 scopum
3263 873 3541 938 utilitatis,

1957 960 2015 1016 in
2040 963 2296 1019 omnibus
2319 962 2620 1034 quaa'l‘acta
2656 970 2784 1018 sunt
2818 961 2886 1017 ab
2924 961 3082 1017 initio
3120 963 3441 1028 creationis,
3488 970 3544 1018 ct

1956 1067 2134 1122 usque
2177 1052 2243 1108 ad
2286 1053 2530 1110 universi
2575 1053 3147 1119 consummationem:
3183 1069 3308 1111 cum
3360 1055 3418 1109 in
3470 1053 3540 1127 iis

208 1134 211 1137 ‘
263 1141 390 1195 quae
412 1135 560 1192 sunt,
625 1129 763 1185 nihil
799 1132 870 1187 sit
898 1133 1048 1188 mali.
1086 1153 1105 1186 ι
1173 1133 1360 1206 Neque
1387 1136 1534 1193 enim
1563 1146 1648 1196 cst
1677 1140 1781 1197 hoc
1816 1129 2085 1210 naturale,
2114 1153 2174 1201 ut
2203 1161 2270 1201 ex
2304 1146 2454 1202 bono
2486 1145 2690 1218 aliquid
2713 1145 2845 1199 mali
2905 1155 3186 1204 nascatur.
3251 1146 3311 1201 Si
3354 1154 3538 1202 autem

263 1223 447 1277 bonus
475 1230 561 1278 est
622 1226 715 1296 qui
749 1241 932 1284 rerum
1002 1230 1245 1286 omnium
1272 1238 1357 1289 est
1389 1243 1580 1291 auctor
1629 1244 1684 1293 et
1711 1253 1902 1309 causa,
1943 1241 2088 1299 bona
2154 1243 2380 1298 omnino
2447 1229 2973 1314 sunt.quaecumque
3012 1258 3077 1299 ex
3125 1243 3277 1301 bono
3332 1244 3538 1300 habent

262 1311 651 1372 substantiam.

260 1414 265 1421 ‘
335 1404 491 1477 Εἶτα,
525 1412 786 1480 ιἝγνων,
814 1432 833 1466 ι
862 1416 1045 1486 φησιν,
1078 1437 1096 1470 ι
1120 1419 1202 1501 ὅτι
1237 1420 1338 1474 οὐκ
1365 1421 1512 1478 ἐστιν
1543 1425 1736 1494 ἀγαθὸι

2061 1424 2250 1492 'eimle,
2284 1424 2369 1479 I2.
2413 1442 2433 1475 ι
2479 1422 2639 1489 Novi,
2678 1441 2697 1474 ι
2763 1423 2981 1494 inquit,
3039 1440 3058 1491 ι
3111 1422 3259 1493 quod
3307 1437 3417 1478 non
3452 1434 3537 1480 est

263 1501 470 1566 αὐτοῖς,
489 1502 643 1587 είήμὴ
667 1505 727 1557 τὸ
745 1506 1137 1579 εὐφρανθῆναι,
1153 1512 1244 1565 καὶ
1267 1513 1329 1567 τὸ
1355 1518 1531 1569 ποιεῖν
1556 1519 1762 1587 ἀγαθὸν
1790 1522 1849 1575 ὲν

262 1588 380 1660 ζωῇ
398 1586 586 1643 αὐτοῦ.
600 1606 618 1640 ι
640 1589 1180 1664 ’Δνακεφαλαιοῦνται
1195 1602 1272 1674 τῷ
1298 1604 1443 1676 λόγῳ
1463 1607 1533 1661 τὰ
1562 1607 1680 1683 είρη
1690 1610 1845 1681 μένα.

262 1680 329 1732 Εἰ
356 1680 465 1753 γὰρ
487 1684 545 1736 ὲν
573 1685 747 1757 καιρῷ
774 1687 884 1742 τῶν
930 1690 1089 1747 θείων
1128 1691 1450 1767 ποιημάτων
1484 1700 1517 1768 ἡ
1563 1680 1759 1771 χρῆσις
1785 1703 1848 1756 τὸ

262 1772 430 1867 καλὸν
460 1775 636 1867 λὸρίςει
678 1780 744 1849 τῇ
774 1778 1095 1857 ἀνθρωπίνῃ
1132 1784 1279 1867 ζωῇ,
1295 1786 1352 1841 ἓν
1375 1787 1441 1843 ἂν
1470 1789 1555 1862 εἴη
1594 1792 1780 1859 καλὸν,
1811 1796 1844 1867 ἡ

259 1860 520 1934 διηνεκὴς
555 1865 651 1919 ἐπὶ
683 1869 794 1931 τοῖς
834 1868 1018 1934 καλοῖς
1074 1860 1406 1947 εὐφροσύνη,
1461 1860 1584 1949 ἥτις
1628 1881 1695 1934 ἐκ
1736 1860 1845 1937 τῶν

259 1954 486 2045 ἀγαθῶν
520 1955 696 2029 ἔργων
723 1962 997 2027 γεννᾶται.
1042 1963 1106 2016 Ἦ
1137 1963 1243 2037 γὰρ
1277 1966 1385 2019 τῶν
1417 1969 1649 2025 ἐντολῶν
1674 1973 1844 2045 ἐργα-

260 2043 376 2107 σία,
415 2044 511 2098 νῦν
549 2048 646 2118 μὲν
681 2049 771 2103 διὰ
793 2052 890 2122 τῆς
928 2052 1141 2119 ἐλπίδος
1173 2057 1455 2129 εὐφραίνει
1484 2060 1575 2115 τὸν
1611 2043 1721 2117 τῶν
1747 2082 1846 2118 κα-

258 2136 371 2192 λῶν
402 2142 797 2212 προϊστάμενον
840 2143 1034 2216 έργων·
1065 2148 1202 2218 μετὰ
1244 2150 1412 2204 ταῦτα
1444 2152 1501 2206 δὲ
1546 2156 1845 2214 ἀπόλαυσιν

256 2229 369 2284 τῶν
397 2231 618 2300 ἀγαθῶν
656 2233 881 2290 ἐλπίδων
909 2236 1199 2310 δεξαμένη,
1235 2240 1362 2301 ἴδιον
1391 2244 1505 2313 τοῖς
1542 2245 1713 2311 ἀξίοις
1744 2250 1843 2321 τὴν

260 2321 609 2394 εὐφροσύνην
640 2326 978 2398 προτίθησιν,
1025 2330 1114 2383 ὅτε
1144 2334 1308 2402 φησιν
1336 2333 1365 2386 6
1404 2335 1609 2405 Κύριος
1639 2341 1753 2404 τοῖς
1782 2341 1843 2395 τὸ

257 2413 466 2481 ἀγαθὸν
499 2417 872 2486 πεποιηκόσιν,
893 2420 973 2473 ὅτι
1003 2421 1283 2486 «Δεῦτε,οί
1314 2425 1845 2505 εὐλογημένοι,κλη-

261 2508 598 2577 ρονομήσατε
635 2509 730 2581 τὴν
760 2511 1166 2585 ἡτοιμασμένην
1196 2517 1324 2588 ὑμῖν
1359 2520 1655 2591 βασιλείαν.
1679 2544 1699 2577 ›
1733 2527 1841 2581 Καὶ

255 2599 399 2670 επερ
444 2602 592 2654 ἐστὶν
622 2604 655 2674 ἡ
691 2603 893 2674 βρῶσις
921 2607 1013 2659 καὶ
1054 2609 1211 2672 πόσις
1256 2611 1617 2686 τῷ.σὼματι,
1655 2618 1721 2673 δι’
1763 2614 1840 2674 ὧν

259 2684 609 2766 συντηρεῖται
640 2699 672 2766 ἡ
702 2696 882 2766 φύσις,
919 2700 1078 2754 τοῦτὸ
1111 2704 1226 2757 ἐστι
1258 2709 1321 2778 τῇ
1350 2684 1493 2781 ψυχῇ
1520 2711 1581 2764 τὸ
1610 2712 1747 2784 πρὸς
1778 2714 1856 2790 τό⁸

1950 1520 2008 1575 in
2033 1519 2167 1590 ipsis
2192 1518 2418 1582 bonum,
2446 1516 2555 1572 nisi
2579 1516 2773 1584 laetari,
2797 1526 2852 1570 et
2888 1514 3068 1571 facere
3097 1516 3303 1570 bonum
3338 1517 3393 1571 in
3423 1518 3535 1573 vita

1906 1611 1913 1615 ’
1949 1628 2070 1670 sua.
2104 1609 2241 1666 »1115
2261 1609 2442 1665 verbis
2464 1607 2521 1661 in
2551 1622 2822 1662 summam
2847 1606 3052 1677 colligit
3076 1621 3198 1676 quae
3217 1606 3364 1662 dicta
3381 1616 3532 1665 sunt.

1951 1702 2010 1758 Si
2050 1702 2195 1757 enim
2233 1699 2547 1754 divinorum
2587 1711 2815 1767 operum
2849 1710 2987 1751 usus
3020 1695 3078 1763 in
3114 1704 3361 1766 tempore
3395 1696 3533 1752 deli-

1947 1796 2032 1851 nit
2077 1796 2284 1849 bonum
2340 1792 2596 1846 humana:
2641 1790 2787 1857 vitae,
2846 1804 3016 1843 unum
3077 1788 3245 1843 fuerit
3298 1790 3529 1857 bonum,

1946 1900 2143 1956 nempe
2176 1889 2445 1954 perpetua
2481 1882 2539 1936 in
2567 1881 2737 1937 rebus
2767 1881 2927 1936 bonis
2954 1888 3008 1935 ct
3040 1880 3290 1936 honestis
3317 1881 3530 1952 laetitia,

1946 1978 2070 2049 quae
2095 1977 2349 2031 nascitur
2380 1991 2446 2031 ex
2474 1974 2634 2030 bonis
2662 1974 2944 2045 operibus.
2976 1972 3357 2030 Mandatorum
3379 1976 3532 2031 enim

1946 2068 2286 2130 observatio,
2334 2082 2483 2121 nunc
2520 2067 2745 2137 quidem
2782 2082 2883 2137 per
2932 2082 3085 2138 spem
3130 2067 3316 2122 laetitia
3363 2068 3535 2125 allicit

1944 2177 2071 2218 eum
2117 2161 2214 2231 qui
2266 2153 2412 2215 bona
2450 2158 2582 2213 facit
2634 2173 2845 2229 opera:
2897 2168 3086 2229 postea
3135 2166 3315 2214 autem
3370 2160 3531 2217 bona!

1945 2255 2065 2326 spei
2126 2252 2311 2309 fructu
2362 2260 2610 2322 accepto,
2666 2251 2928 2322 proponit
2980 2252 3260 2323 propriam
3307 2253 3376 2317 iis
3429 2254 3527 2324 qui

1944 2347 2097 2419 digni
2130 2356 2262 2413 sunt
2288 2345 2562 2410 laetitiam,
2595 2344 2817 2414 quando
2852 2343 2988 2399 dicit
3016 2344 3284 2400 Dominus
3324 2347 3395 2402 iis
3426 2346 3527 2417 qui

1941 2440 2148 2495 bonum
2194 2436 2493 2492 fecerunt:
2536 2455 2553 2487 ι
2592 2435 2811 2503 Venite,
2858 2435 3130 2491 benedicti
3174 2435 3360 2493 Patris
3394 2438 3525 2504 mei,

1940 2531 2223 2604 possidete
2255 2538 2508 2600 paratum
2540 2527 2694 2583 vobis
2721 2542 2951 2598 regnum
2980 2527 3047 2582 “.
3088 2547 3108 2581 ι
3155 2528 3219 2583 Et
3256 2530 3404 2598 quod
3440 2537 3529 2586 est
3626 2590 3635 2597 _

1940 2623 2100 2678 cibus
2137 2631 2190 2676 et
2224 2620 2388 2691 potus
2424 2618 2665 2688 corpori,
2716 2631 2814 2688 per
2858 2632 2981 2687 quae
3025 2627 3387 2676 conservatur
3425 2634 3525 2675 na-

1941 2723 2087 2780 tura,
2120 2713 2226 2767 hoc
2258 2718 2343 2767 est
2373 2712 2569 2765 anima:
2593 2710 2657 2763 ad
2699 2709 2903 2764 bonum
2936 2709 3205 2779 aspicere,
3232 2717 3287 2764 et
3311 2710 3417 2767 hoc
3439 2718 3528 2768 est

257 2788 467 2855 ἀγαθὸν
496 2788 733 2858 βλέπειν,
759 2792 1028 2846 καὶτοῦτο
1050 2795 1122 2860 ὡς
1148 2798 1362 2869 άληθῶς
1393 2802 1531 2873 δόμα
1553 2806 1669 2857 ἐστὶ
1690 2805 1733 2859 Θ

2048 2811 2296 2867 :donum
2327 2808 2444 2873 Dei,
2494 2808 2549 2864 in
2594 2805 2764 2862 Deum
2813 2792 3026 2862 deﬁxos
3069 2804 3277 2860 habere
3304 2806 3524 2861 oculos.

254 2878 320 2932 τὸ
362 2880 688 2944 ἐνατενίζειν
715 2882 853 2954 Θεῷ.
896 2885 1065 2939 Τοῦτο
1110 2888 1219 2961 γάρ
1253 2892 1367 2944 ἐστι
1410 2895 1471 2947 τὸ
1496 2895 1686 2965 ὄνομα,
1722 2900 1730 2948 i

2048 2926 2050 2950 ι
2087 2909 2171 2957 est
2214 2900 2360 2956 enim
2404 2912 2625 2961 nomen,
2668 2896 2816 2967 quod
2869 2895 2926 2950 in
2982 2895 3051 2952 iis
3088 2912 3210 2966 quae
3258 2895 3524 2967 deinceps

253 2972 371 3061 τοῖς
399 2971 595 3043 ἐφεξῆς
623 2975 908 3045 εἰρημένον
934 2977 1527 3058 διερμηνεύεται.”Εχει
1554 2989 1664 3061 δὲὴ
1695 2991 1838 3059 λέξις

253 3060 432 3125 οὕτως
458 3081 470 3092 ·
517 3082 535 3113 ι
568 3066 676 3118 Καί
696 3083 758 3135 γε
789 3070 895 3131 πᾶς
920 3070 1201 3140 ἄνθρωπος
1225 3074 1283 3139 ὃς
1307 3077 1558 3147 φάγεται,
1586 3084 1679 3135 καὶ
1720 3085 1837 3137 πίε-

253 3171 379 3217 ται,
416 3157 509 3208 καὶ
541 3156 625 3230 ἴδῃ
654 3158 854 3227 ἀγαθὸν
878 3161 936 3214 ὲν
968 3165 1131 3218 παντὶ
1174 3167 1355 3239 μόχθῳ
1384 3172 1571 3240 αὐτοῦ,
1601 3175 1758 3231 τοῦτο
1780 3177 1837 3230 δὲ

252 3244 397 3315 δόμα
426 3245 559 3300 Θεοῦ
590 3251 751 3303 ἐστιν.
776 3271 795 3303 ι
816 3253 902 3316 Ὡς
934 3256 1040 3327 γὰρ
1066 3259 1094 3310 6
1114 3257 1417 3331 ἄνθρωπος,
1443 3266 1629 3334 φησιν,
1654 3267 1682 3319 6
1708 3286 1832 3340 σαρ-

252 3335 435 3407 κώδης
464 3338 520 3390 ὲν
545 3340 621 3410 τῷ
651 3345 845 3411 φαγεῖν
886 3347 979 3399 καὶ
1012 3352 1156 3403 πιεῖν
1178 3350 1276 3422 τὴν
1298 3354 1465 3424 ⁶ίσχὺν
1494 3356 1625 3428 ἔχει,
1658 3359 1831 3425 οὕτως

251 3429 283 3481 6
310 3428 446 3499 πρὸς
466 3431 526 3483 τὸ
546 3431 749 3499 ἀγαθὸν
775 3434 986 3503 βλέπων
1029 3439 1252 3509 (ἀγαθὸν
1271 3443 1326 3497 δὲ
1346 3445 1594 3517 ἀληθινὸν
1620 3452 1647 3503 6
1673 3452 1831 3522 μόνος

251 3518 459 3611 ἀγαθὸς
488 3520 554 3574 ἂν
578 3522 701 3592 εἴη)
747 3524 1050 3595 δόμα-Θεοῦ
1083 3529 1209 3611 ἔχει*
1237 3535 1293 3586 ἐν
1325 3538 1489 3590 παντὶ
1518 3518 1702 3611 μόχθῲ
1728 3544 1827 3596 αὐ-

247 3607 369 3675 τοῦ,
403 3610 534 3664 αὐτὸ
574 3612 730 3667 τοῦτο
756 3614 818 3668 τὸ
844 3617 979 3688 πρὸς
1022 3620 1080 3672 τὸ
1111 3607 1312 3690 ἀγαθὸν
1337 3625 1422 3678 ἀεὶ
1448 3607 1684 3696 βλέπειν,
1731 3633 1829 3687 Διὰ

249 3700 346 3755 τοῦ
378 3703 583 3772 Κυρίου
617 3707 771 3775 ἡμῶν
816 3708 989 3781 Ἰησοῦ
1026 3712 1261 3782 Χριστοῦ
1286 3730 1301 3745 ⁸
1324 3711 1367 3784 ᾧ
1405 3720 1438 3788 ἡ
1466 3717 1594 3784 δόξα
1636 3723 1730 3778 καὶ
1767 3726 1829 3778 τὸ

249 3792 452 3861 κράτος
483 3795 564 3857 εἰς
600 3796 726 3859 τοὺς
751 3797 948 3864 αἰῶνας
976 3799 1084 3857 τῶν
1113 3803 1342 3862 αἰώνων.
1388 3809 1581 3882 Ἀμήν.

320 3952 366 3985 ⁸³
411 3953 606 4010 Matth.
649 3973 773 4024 xxv,
805 3961 892 4017 51,

1935 2996 2081 3051 dicta
2102 3000 2231 3049 sunt
2251 2993 2667 3062 interpretatur.
2692 2989 2772 3043 Ita
2800 2996 2984 3043 autem
3010 2988 3175 3043 habet
3199 2996 3525 3046 contextus:

1939 3089 2027 3142 13.
2086 3106 2104 3138 ι
2138 3083 2451 3151 Quinetiam
2499 3082 2680 3136 omnis
2727 3081 2893 3135 homo
2938 3079 3031 3150 qui
3086 3079 3412 3148 comederit,
3468 3087 3528 3135 ct

1937 3176 2164 3241 biberit,
2205 3183 2259 3231 et
2295 3175 2495 3229 viderit
2534 3173 2740 3227 bonum
2773 3156 2825 3225 in
2857 3172 3010 3227 omni
3040 3172 3228 3227 labore
3259 3186 3384 3236 suo,
3417 3172 3525 3260 hoc

1937 3279 2023 3324 est
2049 3279 2232 3323 autem
2268 3267 2473 3322 donum
2508 3265 2623 3321 Dei.
2663 3285 2681 3315 ι
2732 3263 2869 3318 Nam
2916 3264 3061 3318 sicut
3104 3264 3290 3329 homo,
3322 3263 3519 3335 inquit,

1937 3359 2178 3415 carnalis
2226 3360 2279 3412 in
2330 3355 2669 3412 comedendo
2709 3367 2761 3409 et
2816 3355 3053 3411 bibendo
3110 3354 3278 3410 habet
3314 3354 3464 3410 vires
3504 3372 3519 3409 :

1936 3451 2011 3505 ita
2040 3449 2132 3519 qui
2168 3448 2245 3502 ‘ad
2292 3448 2499 3502 bonum
2546 3446 2746 3514 aspicit
2823 3445 3051 3512 (bonum
3100 3452 3284 3501 autem
3326 3460 3521 3501 verum

1935 3548 2041 3604 est,
2069 3540 2162 3610 qui
2194 3538 2347 3595 solus
2373 3546 2457 3592 est
2486 3537 2661 3590 bonus
2687 3535 2705 3605 )
2732 3534 2937 3588 donum
2964 3534 3060 3588 Dei
3094 3535 3258 3590 habet
3289 3537 3349 3590 in
3370 3535 3520 3590 omni

1935 3630 2123 3684 labore
2166 3642 2291 3688 suo,
2344 3626 2456 3695 hoc
2511 3625 2689 3693 ipsum
2748 3622 2816 3677 ad
2875 3624 2927 3678 id
2986 3624 3137 3694 quod
3178 3625 3388 3679 bonum
3433 3633 3520 3681 est

1935 3736 2151 3790 semper
2195 3719 2463 3788 aspicere.
2514 3715 2619 3770 Per
2677 3715 2967 3770 Dominum
3022 3725 3271 3771 nostrum
3325 3714 3516 3772 Iesum

1932 3813 2247 3868 Christum:
2283 3810 2373 3864 cui
2405 3808 2578 3881 gloria
2595 3817 2647 3865 et
2686 3808 2927 3878 potentia
2962 3808 3018 3864 in
3049 3807 3252 3881 saecula
3282 3807 3517 3889 saeculo-

1934 3920 2076 3960 rum.
2091 3961 2095 3965 ,
2112 3904 2308 3960 Amen.
