3752 5984
273 157 361 207 ιεε
1501 160 1555 215 s.
1596 162 1923 217 cneconn
1966 162 2257 218 NYSSENI
2778 123 2793 131 ’
3415 173 3521 229 756

263 306 3505 353 Ἥ

1012 467 1239 553 ΤΟΥ
1298 396 1446 553 ΕΝ
1504 469 1869 554 ΑΓΙΟΙΣ
1942 470 2376 557 ΠΑΤΡΟΣ
2450 472 2776 567 ΗΜΩΝ

1250 670 1259 673 ‘
1360 688 2413 829 I‘PHI‘OPIOY
2507 880 2514 893 ι

1572 947 1972 1015 ΕΠΙΣΚΟΠΟΥ
2000 949 2269 1014 nr};an

1352 1122 1907 1229 ΕΞΗΓΗΣΙΣ
1945 1064 2411 1222 ΑΚΡΙΒΗΣ

699 1324 939 1449 ΕΙΣ
992 1326 1191 1439 ΤΑ
1247 1326 1875 1455 ΑΣΜΑΤΑ
1945 1330 2243 1457 ΤΩΝ
2317 1332 3048 1463 ΑΣΜΑΤΩΝ

963 1752 1187 1985 s.
1280 1706 1481 1909 Ν.
1552 1765 1721 1911 P.
1796 1730 2720 1937 GREGORII

1397 2253 2345 2352 COMMENTARIUS

812 2464 961 2581 IN

1118 2462 1866 2588 CANTICUM
2007 2470 2951 2593 CANTICORUM

1487 2684 1735 2750 (Gentiano
1754 2689 1959 2740 Hert'eta
1983 2687 2278 2753 interprete.)

1829 2870 1901 2882 ..-

368 2993 381 3008 ’
422 2999 434 3009 ’
527 2994 925 3059 PROOEMIUM
963 3003 1054 3056 AD
1093 3004 1564 3065 OLYMPIADEM.

328 3115 553 3169 Gratum
587 3122 643 3169 et
674 3122 958 3185 acceptum
991 3115 1091 3172 fuit
1132 3118 1267 3172 mihi
1305 3119 1551 3175 studium
1588 3122 1654 3178 de
1682 3124 1826 3179 Can-

258 3211 372 3265 tico
404 3209 765 3272 canticorum,
820 3209 966 3278 quod
1011 3217 1065 3263 et
1096 3225 1310 3278 coram,
1357 3223 1411 3268 et
1460 3215 1571 3270 tuis
1617 3218 1685 3271 ad
1726 3234 1825 3274 nos

260 3298 566 3373 exposuisti
613 3297 837 3363 litteris,
890 3306 949 3352 ut
981 3298 1129 3371 quod
1169 3300 1415 3357 honesta:
1460 3312 1569 3357 tua:
1621 3303 1744 3359 vita:
1773 3315 1827 3360 et

258 3404 410 3459 purae
442 3389 637 3445 animm
670 3390 979 3454 conveniat,
1022 3400 1080 3445 ut
1113 3407 1208 3461 per
1234 3395 1650 3450 convenientem
1693 3412 1826 3451 con-

258 3480 665 3547 templationem
696 3481 977 3553 aperiatur
1020 3497 1142 3552 quae
1175 3491 1256 3539 est
1309 3485 1360 3537 in
1396 3485 1580 3540 verbis
1611 3487 1826 3541 occulta

256 3564 628 3641 philosophia,
674 3572 742 3634 ab
785 3587 849 3628 ea
883 3588 1004 3642 quae
1030 3582 1115 3629 est
1158 3573 1212 3628 in
1259 3585 1513 3646 promptu
1566 3576 1823 3643 dictione,

256 3664 313 3718 in
362 3664 518 3734 puris
567 3679 632 3719 ac
673 3664 909 3722 sinceris
951 3666 1207 3722 sensibus
1252 3677 1576 3739 expurgata.
1623 3668 1827 3736 Qua'm-

254 3756 441 3809 οἱα-οη]
499 3762 753 3825 prompto
785 3764 841 3811 et
870 3756 1039 3810 alacri
1079 3757 1261 3812 animo
1293 3757 1361 3813 de
1413 3758 1516 3812 hac
1565 3773 1625 3814 re
1678 3767 1824 3829 tuam

254 3847 441 3915 accepi
493 3845 966 3901 sollicitudinem:
1017 3862 1126 3902 non
1158 3850 1304 3917 quod
1355 3848 1421 3903 ad
1471 3857 1595 3905 tuos
1644 3864 1825 3905 mores

252 3937 358 3992 hoc
389 3934 493 3990 tibi
527 3935 773 3992 futurum
808 3936 882 3992 sit
911 3936 1066 3992 usui:
1098 3944 1188 3992 est
1211 3938 1358 3993 enim
1415 3939 1546 3994 mihi
1596 3954 1827 4009 persua-

252 4039 373 4081 sum
418 4032 615 4097 purum
662 4042 787 4083 esse
836 4036 990 4083 tuum
1035 4029 1230 4086 animae
1267 4030 1510 4097 oculum,
1555 4033 1623 4085 ab
1673 4030 1821 4085 omni

249 4118 475 4174 sordida
500 4127 554 4174 et
583 4117 819 4174 obscena
860 4120 1212 4190 cogitatione,
1244 4132 1298 4177 et
1332 4139 1454 4193 quae
1481 4124 1720 4194 agitatur
1756 4122 1824 4177 ab

250 4210 417 4265 animi
469 4209 1013 4279 perturbationibus,
1052 4227 1289 4284 eumque
1328 4230 1424 4284 per
1467 4215 1653 4268 divina
1710 4215 1823 4269 haec

1858 3002 1905 3056 Α

2197 2975 2568 3067 imponitur}
2611 3013 2786 3066 nvos
2819 3012 3242 3069 ΟΛΥΜΠΙΑΔΑ.

2013 3123 2380 3196 Ἀπεδεξάμην
2429 3124 2503 3186 ὼς
2553 3124 2864 3194 πρέπουσαν
2911 3123 2988 3194 τῷ
3032 3124 3213 3195 σεμνῷ
3251 3141 3344 3178 σου
3380 3125 3511 3196 βίῳ,

1928 3216 2023 3268 καὶ
2049 3216 2116 3285 τῇ
2147 3214 2361 3284 καθαρᾷ
2394 3212 2487 3266 σοῦ
2513 3213 2796 3285 ψυχῇ,τὴν
2821 3213 2946 3285 περὶ
2971 3211 3063 3266 τοῦ
3090 3205 3367 3285 ᾊσματος
3394 3215 3509 3268 τῶν

1926 3307 2185 3376 ᾀσμάτων
2237 3304 2486 3376 σπουδὴν,
2520 3306 2585 3376 ἣν
2612 3306 2700 3359 καὶ⁸
2753 3304 2891 3360 κατὰ
2941 3306 3229 3376 πρόσωπον
3271 3308 3367 3360 καὶ
3414 3307 3510 3361 διὰ

1926 3391 2267 3463 γραμμάτων
2293 3392 2423 3461 ἡμῖν
2452 3390 2656 3458 essem,
2707 3392 2845 3446 ὥστε
2891 3392 2978 3447 διὰ
3019 3393 3115 3465 τῆς
3166 3393 3505 3468 καταλλήλου

1926 3480 2155 3551 θεωρίας
2189 3482 2559 3553 φανερωθῆναι
2592 3482 2690 3554 τὴν
2725 3484 3179 3555 ὲγόιεκρυμμένην
3227 3488 3340 3551 τοῖς
3392 3490 3503 3557 ῥη-

1924 3574 2035 3634 τοῖς
2064 3571 2398 3641 φιλοσοφίαν,
2432 3574 2530 3643 τῆς
2574 3562 2864 3646 προχείρου
2903 3574 3044 3628 κατὰ
3083 3574 3182 3647 τὴν
3226 3575 3369 3649 λέξιν
3398 3577 3509 3647 ἑμ-

1925 3666 2140 3735 φάσεως
2181 3667 2239 3719 ὲν
2279 3668 2399 3730 ταῖς
2442 3666 2736 3738 ἀκηράτοις
2780 3666 3008 3731 ἑννοίατς
3055 3668 3503 3741 κεκαθαρμένῃν.

1925 3757 2015 3809 Διὸ
2058 3756 2353 3829 προθύμως
2395 3756 2741 3829 ἀπεδεξάμην
2789 3758 2888 3828 τὴν
2938 3759 3065 3830 περὶ
3113 3757 3302 3813 τούτου
3332 3777 3504 3829 φρον-

1924 3846 2062 3911 τίδα,
2111 3848 2209 3917 οὐχ
2262 3846 2337 3911 ὥς
2383 3847 2463 3900 σοί
2510 3865 2561 3899 τι
2609 3850 2935 3918 χρησιμαῖον
2986 3851 3063 3913 είς
3114 3849 3175 3902 τδ
3227 3849 3319 3902 σὸν
3367 3846 3507 3919 ἦθος

1923 3938 2367 4013 (πέπεισμαιγάρ
2384 3953 2476 3990 σου
2514 3937 2836 4008 καθαρεύειν
2860 3937 2950 3991 τὸν
2980 3937 3078 4008 τῆς
3104 3937 3280 4009 ψυχῆς
3308 3939 3506 4007 ὀφθαλο

1926 4027 2025 4097 μὸν
2071 4028 2178 4081 ἀπὸ
2210 4028 2390 4097 πάσης
2422 4028 2699 4098 ὲμπαθοῢς
2749 4045 2806 4082 τε
2838 4030 2932 4083 καὶ
2963 4029 3222 4101 ρυπὼσης
3264 4031 3499 4095 ἐννοίας,

1924 4120 2018 4187 παὶ
2048 4118 2183 4188 πρὸς
2209 4119 2306 4189 τὴν
2342 4120 2616 4190 ἀκήρατον
2644 4120 2802 4192 χάριν
2829 4121 2915 4174 διὰ
2944 4121 3049 4175 τῶν
3077 4121 3237 4175 θείων
3290 4121 3503 4177 τούτων

1927 4208 2105 4279 ῥητῶν
2160 4208 2647 4280 ἀπαρεμποδίστως
2689 4209 2965 4279 βλέπειν),
3000 4212 3134 4271 κάλλ’
3181 4212 3265 4282 ἐφ’
3293 4205 3338 4281 ᾧ
3384 4216 3504 4276 τοῖς

247 4301 412 4357 verba
447 4302 513 4356 ad
551 4302 826 4361 sinceram
859 4313 913 4359 et
934 4302 1002 4358 ab
1033 4304 1257 4360 interitu
1291 4307 1523 4362 alienam
1546 4320 1820 4385 ‘sponsam

2013 4299 2382 4369 ικωδεστέροις
2406 4301 2772 4373 χειραγωγίαν
2800 4300 2921 4354 τινὰ
2943 4301 3212 4370 γενέσθαι,
3233 4292 3369 4374 πρὸς
3394 4304 3503 4375 τὴν
3596 4340 3599 4345 -

248 4393 450 4451 intueri
479 4393 617 4449 citra
651 4395 823 4448 ullum
855 4396 1303 4467 impedimentum
1325 4413 1340 4447 :
1362 4398 1455 4452 sed
1486 4407 1545 4451 ut
1576 4398 1666 4467 qui
1695 4406 1822 4452 sunt

2013 4389 2300 4458 ενματικήν
2333 4405 2392 4442 τε
2431 4390 2524 4442 καὶ
2562 4388 2724 4443 ἄῡλον
2762 4389 2863 4458 τῆς
2895 4390 3071 4463 ψυχῆς
3127 4393 3500 4457 κατάστασιν,

247 4482 412 4551 paulo
462 4482 638 4551 magis
696 4484 968 4551 carnales,
1026 4501 1124 4555 per
1178 4501 1298 4542 eam
1355 4486 1697 4541 deducantur
1750 4486 1820 4542 ad

247 4571 589 4641 spiritualcm
646 4579 700 4627 et
730 4576 975 4630 materiae
1029 4586 1307 4646 expertem
1344 4585 1544 4632 statum
1601 4580 1816 4646 animae,

245 4665 312 4719 ad
349 4680 509 4733 quem
538 4664 691 4720 ducit
720 4666 810 4723 hic
860 4667 997 4723 liber
1025 4684 1121 4738 per
1149 4668 1471 4739 sapientiam
1503 4686 1623 4739 qua:
1656 4673 1709 4726 in
1752 4686 1817 4726 eo

243 4758 537 4813 delitescit.
576 4757 847 4826 Quoniam
879 4770 1060 4816 autem
1087 4762 1367 4818 nonnullis
1397 4763 1614 4818 videtur
1637 4766 1816 4820 eccle-

242 4849 510 4915 siasticis,
558 4866 733 4908 sacrae
777 4850 1078 4921 Scriptura
1128 4852 1366 4907 litteram
1418 4862 1472 4908 et
1521 4853 1815 4909 dictionem

242 4947 507 5008 perpetuo
553 4954 675 4996 esse
733 4940 1090 5010 sequendam,
1146 4955 1249 4996 nec
1301 4942 1680 4998 assentiuntur
1719 4958 1815 5012 pet

240 5027 527 5099 aenigmata
574 5028 977 5099 allegoriasque
1017 5036 1070 5083 et
1100 5043 1295 5086 sensus
1336 5045 1566 5085 arcanos
1606 5029 1812 5100 aliquid

239 5118 310 5174 ab
339 5135 404 5177 ea
431 5118 639 5176 dictum
663 5135 786 5177 esse
815 5120 879 5174 ad
913 5127 1158 5174 nostram
1196 5120 1519 5178 utilitatem:
1556 5122 1817 5183 existimo,

242 5209 479 5279 primum
513 5226 639 5267 esse
679 5209 1077 5275 necessarium,
1115 5210 1183 5265 iis
1226 5211 1559 5281 respondere
1603 5212 1693 5281 qul
1743 5211 1812 5265 de

242 5304 309 5357 ii's
338 5318 438 5358 nos
475 5311 760 5366 accusant,
808 5312 862 5359 ct
909 5302 1221 5371 ostendere,
1255 5304 1401 5374 quod
1432 5304 1569 5359 nihil
1614 5305 1809 5359 absur—

241 5394 371 5449 dum
422 5402 474 5448 et
509 5390 747 5449 aliénum
795 5394 1052 5457 facimus,
1099 5395 1144 5449 si
1193 5412 1259 5452 ex
1300 5396 1482 5451 divina
1530 5403 1584 5450 ct
1628 5410 1657 5447 a
1701 5395 1811 5450 Deo

242 5485 513 5553 inspirata
543 5484 828 5553 Scriptura
868 5488 1015 5539 omni
1061 5488 1274 5542 ratione
1308 5501 1571 5541 venentur
1601 5485 1807 5541 utilita-

240 5582 346 5649 tem
377 5593 390 5631 :
420 5583 474 5630 ut
504 5575 546 5630 si
578 5574 754 5642 prosit
794 5577 1006 5642 quidem
1042 5579 1208 5635 ditlio
1241 5578 1518 5633 intellecta
1553 5585 1609 5630 ut
1655 5576 1801 5630 dicta

1925 4479 2061 4547 πρὸς
2077 4480 2144 4550 ἧν
2174 4478 2295 4547 ἄγει
2317 4479 2378 4532 τὸ
2400 4478 2599 4548 βιϐλίον
2627 4480 2783 4533 τοῦτο
2811 4480 2897 4534 διὰ
2915 4482 3014 4551 τῆς
3043 4484 3502 4556 ὲγκεκρυμμένης

1922 4570 2068 4642 αὐτῷ
2114 4571 2322 4640 σοφίας.
2372 4572 2588 4642 Ἐπειδὴ
2635 4572 2692 4625 δέ
2729 4588 2839 4625 τισι
2884 4573 2991 4626 τῶν
3026 4574 3502 4645 ὲκκλησιαστικῶν

1922 4662 2286 4733 παρίστασθαι
2318 4664 2383 4732 τῇ
2411 4661 2550 4726 λέξει
2578 4663 2676 4730 τῆς
2713 4661 2873 4731 ἁγίας
2901 4662 3120 4735 Γραφῆς
3149 4664 3237 4718 διὰ
3271 4665 3502 4719 πάντων

1921 4756 2056 4825 ξέναι
2099 4753 2266 4816 δοκεῖ,
2306 4754 2399 4806 καὶ
2428 4753 2488 4804 τὸ
2521 4753 2587 4805 δι’
2622 4753 2957 4822 αἰνιγμάτων
2989 4754 3084 4807 καὶ
3117 4754 3382 4831 ὑπονοιῶν
3412 4759 3498 4809 εἰ-

1920 4845 2115 4919 ρῆσθαί
2160 4864 2211 4900 τι
2242 4846 2373 4916 παρ’
2404 4844 2573 4914 αὐτῆς
2608 4845 2688 4908 είς
2731 4844 2999 4914 ὠφέλειαν
3028 4845 3184 4916 ἡμῶν
3220 4845 3281 4899 οὗ
3314 4847 3499 4900 συντί-

1917 4936 2097 4991 θενται
2115 4953 2128 4967 ·
2157 4936 2451 5003 ἀναγκαῖον
2482 4933 2615 5005 ἡγοῦ
2625 4951 2720 5005 μαι
2749 4933 2964 5005 πρῶτον
2992 4935 3348 5007 περὶτούτων
3378 4939 3499 5000 τοῖς

1920 5028 1988 5080 τὰ
2037 5025 2260 5080 τοιαῦτα
2324 5027 2453 5097 ἡμῖν
2508 5023 2829 5092 ἐγκαλοῦσιν
2882 5025 3359 5096 ἀπολογήσασθαι,
3409 5029 3499 5081 ὅτι

1917 5118 2069 5171 οὐδὲν
2093 5119 2201 5171 ἀπὸ
2226 5117 2426 5187 τρόπου
2457 5115 2665 5184 γίνεται
2694 5118 2821 5185 παρ’
2851 5116 3029 5187 ἡμῶν,
3056 5116 3113 5171 ὲν
3138 5117 3216 5188 τῷ
3256 5118 3501 5173 σπουδά-
3586 5180 3591 5191 ,

1920 5211 2032 5273 ζειν
2064 5210 2212 5280 ἡμᾶς
2261 5208 2321 5261 τὸ
2365 5208 2630 5270 παντοίως
2673 5206 2925 5277 θηρεύειν
2967 5207 3032 5260 ὲκ
3061 5207 3162 5276 τῆς
3195 5207 3347 5273 θείας
3399 5211 3498 5263 καὶ

1866 5292 1869 5295 ’
1918 5299 2270 5353 θεοπνεύστου
2298 5298 2519 5369 Γραφῆς
2543 5298 2602 5351 τὸ
2622 5297 2897 5369 ὠφέλιμον
2916 5316 2930 5328 ·
2962 5298 3090 5351 ὥστ’
3109 5299 3175 5353 ἂν
3201 5301 3302 5371 μὲν
3344 5301 3498 5371 (inps-

1909 5391 2024 5461 λοίη
2072 5409 2125 5443 τι
2163 5392 2257 5444 καὶ
2300 5394 2333 5462 ή
2370 5390 2512 5456 λέξις
2551 5389 2627 5453 ὡς
2660 5388 2875 5461 εἴρηται
2905 5390 3195 5462 νοουμένη,
3240 5392 3388 5463 ἔχειν
3430 5395 3497 5459 ἐξ

1909 5468 2124 5551 ἑτοίμου
2150 5483 2211 5534 τὸ
2238 5480 2687 5551 σπουδαζόμενον.
2715 5482 2778 5534 Εἰ
2803 5481 2859 5534 δέ
2886 5499 2937 5534 τι
2964 5481 3100 5550 μετὰ
3124 5483 3491 5554 ύποκρύψεως

1912 5576 1969 5646 ἓν
2015 5574 2288 5646 ὑπονοίαις
2319 5575 2427 5627 τισὶ
2472 5573 2563 5626 καὶ
2600 5572 2915 5644 αἰνίγμασιν
2959 5573 3267 5657 εἰρημένον,
3312 5576 3490 5646 ἀργὸν
