3752 5984
170 220 291 278 787

1331 218 1401 276 1N
1432 219 1731 281 CANTICA
1773 215 2250 280 CANTICORUM.

3328 212 3438 269 753

169 332 253 396 είς
299 328 564 413 ὠφέλειαν
612 330 697 402 εἴη
751 330 892 384 κατά
939 330 1000 385 τὸ
1044 331 1334 404 πρόχειρον
1384 334 1580 407 νόημα,
1628 333 1754 399 τοὺς

1941 338 1981 398 t,
2006 337 2338 402 promptum
2375 335 2428 386 et
2466 333 2717 399 paratum
2761 312 3001 382 habeant
3037 323 3114 389 id,
3165 319 3327 393 cujus
3356 330 3440 379 te-

168 419 440 482 τοιούτους
469 418 659 493 λόγους
685 420 1061 492 ἀναστρέφειν,
1089 419 1271 485 καθὼς
1296 422 1589 492 ὑφηγεῖται
1612 426 1642 478 ὀ
1669 424 1758 477 διὰ

167 510 278 566 τῶν
320 509 637 583 Παροιμιῶν
661 512 809 582 ἡμᾶς
843 510 1109 581 παιδεύων
1140 510 1299 580 λόγος
1333 515 1413 577 είς
1454 515 1515 567 τὸ
1542 515 1752 586 νοῆσαι,

171 602 204 676 ἢ
233 601 311 666 ὡς
338 602 653 674 παραϐολὴν
679 604 739 657 τὸ
762 603 1074 674 λεγόμενον,
1103 605 1135 676 ἢ
1160 603 1236 668 ὡς
1268 607 1543 661 σκοτεινὸν
1577 608 1754 676 λόγον,

165 696 202 766 ἢ
249 695 325 758 ὡς
358 695 516 765 ῥῆσιν
565 695 831 767 σοφῶν,ἢ
879 696 953 760 ὥς
995 714 1046 752 τι
1090 695 1200 749 τῶν
1249 698 1610 768 αἰνιγμάτων.
1657 697 1759 754 Ὧν

160 786 267 853 τὴν
309 782 397 836 διὰ
441 783 540 854 τῆς
590 783 883 854 ἀναγωγῆς
918 781 1173 853 θεωρίαν,
1226 783 1336 837 εἴτε
1373 783 1754 855 τροπολογίαν,

164 876 279 930 cits
306 862 652 944 ἀλληγορίαν,
697 872 808 927 εἴτε
835 891 888 931 τι
930 874 1057 928 ἄλλο
1096 891 1182 938 τις
1224 875 1510 946 ὀνομάζειν
1561 875 1754 941 ἐθέλοι,

163 963 322 1017 οὐδὲν
373 963 502 1034 περὶ
551 962 643 1017 τοῦ
669 964 931 1034 ὀνόματος
977 963 1314 1035 διοισόμεθα,
1369 966 1530 1036 μόνον
1574 966 1621 1018 εί
1650 965 1757 1018 τῶν

164 1054 466 1125 ἐπωφελῶν
498 1053 721 1128 ἔχοι[το]
751 1054 1058 1126 νοημάτων.
1078 1056 1188 1109 Καὶ
1217 1055 1325 1127 γὰρ
1345 1056 1373 1108 ὀ
1399 1055 1571 1127 μέγας
1597 1053 1760 1109 Ἀπό-

166 1146 378 1213 στολος,
411 1145 781 1218 πνευματικὸν
821 1141 962 1200 εἷναι
1004 1145 1178 1216 λέγων
1221 1148 1315 1201 τὸν
1355 1150 1537 1218 νόμον,
1584 1149 1758 1218 ἐμπε-

167 1237 497 1311 ριλαμϐάνει
541 1237 619 1309 τῷ
645 1237 867 1308 ὀνόματι
919 1238 1014 1292 τοῦ
1051 1238 1214 1309 νόμου
1252 1238 1346 1292 καὶ
1398 1238 1469 1292 τὰ
1514 1240 1759 1311 ἱστορικά

166 1330 509 1401 διηγήματα,
557 1329 635 1391 ὼς
682 1330 863 1382 πᾶσαν
898 1329 1256 1383 θεόπνευστον
1300 1330 1545 1402 Γραφὴν,
1595 1332 1759 1404 νόμον

168 1414 446 1484 εἶναιτοῖς
488 1420 906 1491 ἐντυγχάνουσιν
927 1462 940 1486 ,
986 1420 1045 1473 ού
1074 1419 1234 1491 μόνον
1258 1419 1346 1474 διὰ
1371 1419 1481 1474 τῶν
1510 1422 1759 1494 φανερῶν

166 1511 536 1585 πραγμάτων,
559 1510 694 1565 ἀλλά
714 1512 807 1565 καὶ
831 1511 919 1565 διά
945 1511 1052 1564 τῶν
1070 1511 1360 1583 ἱστορικῶν
1404 1513 1760 1585 διηγημάτων

162 1602 555 1666 παιδεύουσαν,
609 1603 747 1675 πρός
789 1619 850 1655 τε
890 1602 1092 1672 γνῶσιν
1134 1602 1240 1657 τῶν
1286 1598 1620 1676 μυστηρίων,
1665 1607 1761 1662 καὶ

161 1692 307 1767 πρὸς
344 1693 591 1766 καθαρὰν
638 1695 921 1749 πολιτείαν
967 1695 1093 1760 τοὺς
1140 1696 1505 1762 ἐπιστατικῶς
1542 1699 1759 1753 ἐπαΐον-

158 1801 306 1849 ταςο
348 1785 615 1858 κέχρηται
665 1788 763 1858 μὲν
805 1789 872 1858 τῇ
926 1785 1186 1858 ἐξηγήσει
1232 1789 1373 1843 κατά
1421 1789 1482 1843 τὸ
1527 1789 1758 1860 ἀρέσκον

160 1877 342 1950 αὐτῷ,
399 1879 536 1951 πρὸς
584 1880 645 1932 τὸ
686 1878 963 1950 ὠφέλιμον
1007 1880 1253 1951 βλέπων·
1289 1884 1350 1936 ού
1386 1866 1657 1955 φροντίζει
1700 1886 1758 1939 δέ

160 1970 262 2024 τοῦ
308 1970 573 2041 ὀνόματος
611 1965 655 2039 ᾧ
705 1972 811 2044 χρὴ
860 1972 1325 2044 κατονομάςεσθαι
1373 1974 1433 2028 τὸ
1478 1971 1617 2040 εἶδος
1659 1976 1758 2048 τῆς

146 2059 506 2135 ἐξηγήσεως.
565 2062 723 2117 Ἀλλά
766 2063 860 2117 νῦν
912 2063 1200 2118 ἀλλάσσειν
1236 2066 1371 2136 φησὶ
1400 2066 1499 2136 τὴν
1549 2068 1755 2137 φωνὴν,

164 2149 383 2222 μέλλων
416 2152 676 2221 μετάγειν
720 2152 821 2224 τὴν
855 2154 1095 2226 ἱστορίαν
1123 2156 1209 2218 είς
1255 2154 1354 2226 τὴν
1388 2154 1613 2223 ἔνδειξιν
1659 2158 1758 2229 τῆς

161 2259 236 2295 πε
248 2241 302 2313 pl.
332 2241 441 2295 τῶν
488 2243 770 2313 Διαθηκῶν
796 2246 1109 2318 οἰκονομίας
1133 2261 1145 2273 ·
1191 2240 1308 2298 εἶτα
1349 2246 1613 2318 μνησθεὶς
1647 2248 1757 2302 τῶν

160 2329 263 2385 δύο
292 2331 386 2386 τοῦ
422 2332 674 2405 Ἀϐραὰμ
708 2335 936 2403 τέκνων,
966 2334 1075 2389 τῶν
1106 2337 1171 2390 ὲκ
1203 2338 1302 2409 τῆς
1335 2337 1625 2409 παιδίσκης
1665 2339 1760 2393 καὶ

163 2425 271 2495 τῆς
302 2422 592 2495 ἐλευθέρας
614 2424 765 2495 αὐτῷ
791 2427 1114 2495 γεγονότων,
1146 2428 1475 2498 ἀλληγορίαν
1501 2429 1758 2500 ὀνομάζει

165 2514 274 2587 τὴν
304 2517 434 2586 περὶ
479 2517 657 2569 αὐτῶν
694 2517 947 2591 θεωρίαν.
996 2518 1164 2572 Πάλιν
1204 2519 1262 2571 δὲ
1295 2520 1598 2591 πράγματά
1639 2538 1760 2575 τινα

163 2606 574 2678 διηγησάμενος
624 2607 725 2676 τῆς
790 2607 1030 2680 ἱστορίας
1093 2609 1292 2680 φησὶν,
1349 2610 1431 2663 ὅτι
1486 2608 1760 2676 ruma»;

163 2696 291 2769 μὲν
334 2698 698 2753 συνέϐαινεν
744 2699 1021 2765 ἐκείνοις,
1057 2698 1283 2770 ἐγράφη
1322 2699 1392 2753 δὲ
1441 2701 1590 2769 πρὸς
1618 2717 1760 2755 νου-

164 2790 385 2844 θεσίαν
430 2787 618 2857 ἡμῶν.
657 2789 766 2841 Καὶ
816 2788 977 2843 πάλιν
1031 2788 1111 2855 τὸ,
1149 2788 1224 2861 μὴ
1284 2790 1393 2845 δεῖν
1454 2789 1762 2860 κημοῦσθαι

163 2880 260 2934 τὸν
293 2878 537 2934 ἀλοῶντα
586 2877 711 2949 βοῦν
734 2878 944 2944 εἰπὼν,
969 2877 1330 2948 προσέθηκεν,
1352 2880 1433 2933 ὅτι
1488 2880 1548 2933 οὐ
1612 2880 1763 2951 μέλει

1857 432 2058 499 nentur
2107 423 2309 478 studio.
2347 422 2404 477 Si
2451 420 2585 492 quid
2630 429 2812 475 autem
2858 419 3078 474 occulte
3122 416 3333 473 dictum
3382 418 3453 473 in

1860 516 2081 571 arcanis
2116 514 2374 571 sensibus
2412 521 2468 568 et
2492 510 2901 582 asnigmatib‘us,
2933 509 3004 564 ad
3034 509 3336 564 utilitatem
3370 509 3449 563 sit

1857 607 2022 678 plane
2070 606 2333 669 otiosum,
2388 606 2437 662 si
2489 612 2773 678 spectetur
2821 616 3021 660 sensus
3084 601 3181 671 qui
3244 607 3330 657 est
3387 600 3447 654 in

1858 706 2114 769 promptu
2144 705 2201 755 et
2230 698 2298 754 de
2331 712 2397 754 eo
2441 712 2625 754 sermo
2655 695 2768 761 ﬁat,
2815 693 2962 750 sicut
3005 690 3170 747 nobis
3199 688 3447 745 ostendit

1858 792 1953 862 qui
1997 807 2103 847 nos
2146 791 2329 847 erudit
2374 806 2472 862 per
2509 778 2832 854 Proverbia,
2881 786 2953 842 ad
3000 781 3446 855 intelligendum,

1858 884 1944 939 vel
1992 891 2256 954 tauquam
2312 881 2631 955 parabolam
2680 881 2737 936 id
2786 877 2934 949 quod
2968 877 3176 933 dictum
3213 881 3319 938 est,
3360 872 3448 926 vel

1859 982 2124 1045 tanquam
2155 976 2452 1030 obscuram
2475 973 2807 1035 orationem,
2834 970 2919 1026 vel
2943 976 3201 1039 tanquam
3235 964 3446 1019 dictum

1860 1064 2191 1139 sapientum,
2220 1064 2305 1119 vel
2338 1072 2599 1133 tanquam
2631 1059 2856 1131 aliquod
2886 1057 3144 1127 aenigma.
3179 1053 3316 1121 Quae
3349 1065 3449 1122 per

1863 1169 2142 1226 anagogen
2172 1161 2355 1209 autem
2376 1153 2598 1209 exsistit
2624 1148 3044 1220 contemplatio,
3077 1160 3173 1202 seu
3198 1142 3446 1213 tropolo—

1860 1244 2029 1316 giam,
2071 1260 2168 1301 seu
2209 1244 2530 1315 allegoriam
2568 1258 2664 1299 seu
2688 1241 2849 1296 aliter
2877 1238 3012 1295 velis
3040 1235 3351 1295 nominare,
3379 1230 3450 1288 de

1860 1336 2085 1390 nomine
2129 1335 2265 1389 nihil
2302 1333 2725 1394 contendemus,
2777 1332 2823 1387 si
2876 1345 2908 1385 a
2947 1343 3114 1385 sensu
3169 1323 3293 1381 utili
3335 1338 3450 1380 non

1860 1424 2102 1482 recedat.
2138 1425 2369 1497 Magnus
2397 1424 2546 1481 enim
2577 1424 2878 1494 Apostolus
2900 1421 3075 1493 iegem
3100 1419 3293 1474 dicens
3322 1431 3449 1473 esse

1862 1511 2207 1589 spiritualcm
2232 1522 2277 1551 θ’
2310 1553 2330 1580 .
2378 1518 2520 1588 legis
2554 1516 2779 1572 nomine
2810 1511 3232 1585 comprehendit
3278 1510 3447 1566 etiam

1862 1608 2155 1665 historicas
2212 1607 2595 1673 narrationes,
2638 1606 2776 1662 adeo
2829 1613 2890 1661 ut
2942 1605 3202 1660 universa
3249 1615 3281 1656 a
3341 1599 3451 1657 Deo

1860 1702 2128 1773 inspirata
2155 1699 2443 1771 Scriptura
2474 1701 2546 1756 sit
2569 1701 2655 1755 lex
2682 1699 2752 1755 iis
2776 1698 2873 1769 qui
2896 1699 3076 1768 ipsam
3100 1696 3312 1766 legunt,
3335 1706 3447 1749 non

1861 1793 2038 1849 soium
2070 1806 2167 1861 per
2198 1798 2495 1861 praecepta,
2523 1789 2620 1846 sed
2652 1790 2820 1845 etiam
2855 1801 2952 1857 per
2983 1784 3281 1840 historicas
3314 1793 3450 1835 nar--

1860 1884 2107 1938 rationes
2133 1880 2416 1948 erudiens,
2449 1888 2506 1943 et
2532 1880 2602 1934 ad
2631 1877 3005 1949 cegnitionem
3036 1876 3449 1946 mysteriorum,
3536 1885 3545 1894 ο

1859 1982 1914 2029 et
1968 1974 2036 2028 ad
2089 1973 2367 2028 sinceram
2422 1973 2550 2039 vita:
2597 1970 3032 2033 institutionem,
3086 1980 3183 2022 eos
3235 1963 3329 2035 qui
3383 1965 3453 2019 ad

1858 2062 2145 2119 scientiam
2211 2060 2645 2141 accommodate
2676 2062 2949 2127 audiunt;
3000 2058 3178 2113 utitur
3227 2053 3449 2126 quidem
3564 2094 3569 2105 .

1832 2153 2224 2224 ‘expositione,
2257 2162 2318 2209 ut
2346 2153 2451 2209 sibi
2481 2153 2681 2225 placet,
2706 2152 2988 2224 aspiciens
3012 2149 3080 2206 ad
3110 2148 3166 2205 id
3197 2146 3342 2220 quod
3365 2154 3456 2203 est

1861 2244 2018 2307 utile,
2052 2259 2160 2299 non
2198 2251 2358 2298 curat
2399 2250 2585 2298 autem
2619 2257 2732 2313 quo
2774 2239 3001 2297 nomine
3039 2240 3111 2295 sit
3141 2238 3454 2294 vocandum

1861 2353 2035 2408 genus
2107 2336 2501 2406 expositionis;
2559 2334 2656 2391 sed
2711 2347 2863 2390 nunc
2907 2332 3132 2402 quidem
3187 2328 3324 2385 dicit
3364 2340 3455 2394 ,se

1860 2435 2078 2482 mutare
2111 2442 2326 2488 vocem,
2377 2427 2735 2482 traducturus
2773 2426 3064 2481 historiam
3098 2422 3166 2478 ad
3203 2419 3455 2477 indican-

1862 2519 1995 2576 dum
2029 2520 2516 2575 Testamentorum
2563 2519 3016 2590 dispositionem.
3049 2512 3260 2570 Deinde
3292 2526 3452 2569 men-

1863 2596 2068 2667 tionem
2114 2610 2324 2668 faciens
2364 2611 2603 2667 duorum
2650 2611 2887 2668 ﬁliorum
2932 2606 3206 2670 Abrahae,
3257 2603 3354 2676 qui
3403 2604 3452 2660 ei

1864 2705 1980 2759 nati
2022 2713 2155 2761 sunt
2181 2719 2248 2759 ex
2298 2704 2501 2759 ancilla
2543 2712 2600 2759 et
2633 2704 2829 2765 libera,
2867 2700 3109 2774 appellat
3135 2698 3457 2769 allegoriam

1863 2796 1934 2852 de
1960 2797 2029 2851 iis
2054 2796 2574 2867 contemplationem
2604 2796 2672 2849 ε’.
2699 2794 2915 2851 Rursus
2945 2800 3130 2848 autem
3156 2805 3282 2847 cum
3305 2800 3459 2859 quae-

1866 2888 1991 2943 dam
2044 2896 2330 2945 narrasset
2379 2904 2447 2945 e:
2494 2888 2749 2955 historia,
2805 2888 2988 2944 dicit:
3022 2886 3151 2942 Han
3184 2885 3241 2939 in
3278 2882 3458 2953 ﬁgura

158 2973 251 3044 τῷ
296 2971 417 3045 Θεῷ
463 2974 587 3046 περὶ
639 2973 744 3027 τῶν
801 2972 959 3045 βοῶν,
992 2974 1107 3028 ἀλλ’
1138 2975 1222 3029 ὅτι
1262 2974 1333 3028 δι’
1362 2976 1507 3046 ἡμᾶς
1544 2977 1762 3040 πάντως

1938 2982 1981 3037 is
2028 2982 2381 3037 eveniebant:
2435 2984 2637 3051 scripta
2694 2990 2818 3036 sunt
2869 2988 3047 3034 autem
3093 2978 3162 3033 ad
3202 2982 3459 3037 nostram

163 3067 410 3137 ἐγράφη.
441 3067 598 3121 Ἔστι
648 3066 706 3119 δὲ
757 3067 889 3120 ὅπου
928 3066 1029 3137 τὴν
1070 3067 1445 3140 ἀμυδροτέραν
1492 3067 1759 3137 κατανόη-

165 3173 259 3211 σιν
300 3158 396 3210 καὶ
435 3156 532 3229 τὴν
588 3160 652 3211 ἐκ
687 3158 888 3231 μέρους
920 3158 1154 3226 γνῶσιν,
1190 3158 1457 3231 ἔσοπτρον
1500 3159 1754 3230 ὀνομάζει

164 3249 269 3304 καὶ
299 3249 549 3320 αἴνιγμα.

1865 3074 2283 3155 admonitionem
2329 3076 2393 3130 “.
2432 3074 2501 3130 Et
2554 3089 2777 3129 rursum
2847 3088 2971 3128 cum
3024 3070 3279 3135 dixisset,
3334 3062 3460 3120 Non

1863 3180 1979 3219 esse
2010 3153 2352 3235 alligandum
2406 3183 2464 3221 os
2498 3164 2611 3220 bovi
2645 3160 3011 3229 trituranti",
3048 3158 3254 3231 adjecit
3300 3153 3458 3216 illud.

1862 3254 1974 3310 Deo
2009 3274 2114 3311 non
2154 3274 2269 3312 esse
2295 3275 2483 3312 curam
2510 3258 2575 3314 de
2604 3258 2791 3321 bobus,
2842 3255 2939 3312 sed
2969 3253 3197 3310 ontnino
3225 3262 3290 3308 ea
3332 3260 3463 3305 esse

163 3340 382 3410 scripta
430 3349 655 3412 propter
693 3357 816 3397 nos.
867 3342 1083 3397 Alicubi
1131 3350 1315 3400 autem
1373 3343 1758 3400 obscuriorem
1798 3345 2239 3421 intelligentiam,
2325 3361 2380 3407 et
2429 3367 2551 3423 quae
2598 3360 2684 3407 est
2713 3365 2778 3405 ex
2828 3356 2985 3421 parte
3059 3344 3457 3417 cognitionem,

162 3436 464 3505 speculum
498 3438 742 3492 nominat
773 3444 828 3492 et
858 3439 1092 3509 aenigma
1117 3439 1185 3494 ⁸⁵.

243 3531 358 3585 Καὶ
406 3531 567 3586 πάλιν
604 3532 703 3603 τὴν
734 3532 845 3586 ἀπὸ
874 3534 982 3586 τῶν
1018 3535 1287 3603 σωμάτων
1330 3535 1467 3605 πρὸς
1497 3535 1569 3588 τὰ
1594 3538 1763 3607 νοητὰ

169 3622 533 3693 μετάστασιν,
572 3623 708 3695 πρὸς
740 3624 944 3697 Κύριον
971 3625 1308 3697 ἐπιστροφὴν
1340 3627 1509 3695 λέγει,
1540 3627 1635 3680 καὶ
1664 3642 1763 3682 κα-

163 3713 460 3786 λύμματος
513 3716 1026 3787 περιαίρεσιν.,Ἐν
1083 3718 1219 3772 πᾶσι
1274 3716 1332 3770 δὲ
1386 3716 1598 3782 τούτοις
1649 3720 1763 3782 τοῖς

162 3803 452 3876 διαφόροις
485 3805 706 3878 τρόποις
738 3824 801 3862 τε
823 3808 918 3862 καὶ
945 3808 1170 3879 ὀνόμασι
1201 3809 1300 3880 τῆς
1332 3810 1475 3864 κατά
1503 3810 1595 3865 τὸν
1635 3810 1761 3866 νοῦν

112 3962 121 3968 ⁸
167 3895 432 3967 Θεωρίας,
480 3897 538 3951 ἓν
589 3898 878 3969 ὑφηγεῖται
913 3898 1264 3965 διδασκαλίας
1312 3897 1450 3965 εἶδος
1496 3903 1648 3973 ἡμῖν,
1700 3902 1761 3955 τὸ

90 4038 109 4057 κ
173 3989 257 4060 μὴ
286 3987 398 4043 δεῖν
432 3991 648 4054 πάντως
682 3991 1017 4062 παραμένειν
1045 3992 1123 4062 τῷ
1170 3994 1476 4064 πράγματι,
1523 3995 1599 4059 ὡς
1639 3994 1763 4065 βλα-

171 4079 423 4152 ⁸ιετούσης
470 4076 619 4152 ἡμᾶς
649 4083 706 4135 ἐν
742 4083 958 4148 πολλοῖς
992 4084 1087 4138 ἐπὶ
1127 4084 1368 4138 τὺν“κατ’
1399 4086 1600 4158 ἀρετὴν
1649 4084 1765 4155 βίον

165 4172 276 4243 τῆς
319 4172 609 4244 προχείρου
654 4173 764 4227 τῶν
795 4175 1106 4246 λεγομένων
1138 4176 1432 4247 ἐμφάσεως
1451 4194 1469 4211 α
1499 4175 1637 4230 ἀλλά
1672 4193 1766 4247 με·

164 4263 452 4319 ταϐαίνειν
497 4264 635 4337 πρὸς
675 4264 776 4338 τὴν
813 4265 975 4320 ᾶῦλόν
1025 4284 1086 4320 τε
1136 4267 1231 4321 καὶ
1276 4269 1473 4340 νοητὴν
1507 4267 1763 4338 θεωρίαν,

1938 3537 2008 3591 Et
2031 3549 2229 3591 rursus
2256 3531 2556 3587 transitum
2587 3544 2618 3584 a
2649 3530 2818 3585 rebus
2846 3516 3236 3598 corporalibus
3267 3521 3337 3577 ad
3363 3536 3462 3579 eas

1866 3642 1990 3700 quae
2015 3626 2222 3683 cadunt
2269 3627 2373 3682 sub
2418 3623 2856 3693 intelligentiam.
2887 3619 3125 3691 appellat
3155 3615 3462 3671 transitum
3492 3632 3503 3651 ·

1866 3721 1936 3777 ad
1964 3721 2276 3787 Dominum,
2301 3724 2356 3774 et
2381 3716 2485 3773 veli
2516 3706 2867 3770 ablationem.
2897 3710 2956 3766 In
2981 3710 3240 3766 omnibus
3276 3714 3460 3763 autem

1866 3818 1954 3872 liis
2007 3813 2244 3868 diversis
2304 3811 2444 3868 locis
2492 3820 2549 3865 et
2597 3807 2918 3883 nominibus
2948 3803 3072 3875 ejus
3103 3807 3355 3875 quaeest
3402 3800 3462 3855 in

1866 3915 2052 3964 mente
2082 3903 2590 3975 contemplationis,
2633 3916 2736 3957 nos
2785 3913 2956 3954 unum
2994 3897 3156 3953 docet
3196 3893 3465 3950 doctrinm

1867 4013 2064 4070 genus,
2113 4010 2226 4050 non
2274 4001 2535 4065 oportere
2591 3990 2822 4046 omnino
2873 4002 3100 4043 manere
3150 3984 3207 4040 in
3250 3982 3459 4048 littera,

1871 4096 2065 4162 utpote
2114 4085 2260 4159 quod
2292 4099 2415 4157 quat
2455 4096 2540 4141 est
2588 4086 2646 4138 in
2674 4088 2936 4153 promptu
2987 4094 3180 4134 eorum
3224 4084 3347 4147 qua:
3377 4073 3461 4130 di-

1870 4191 2073 4243 cuntur
2102 4179 2458 4252 signiﬁcatio,
2492 4178 2549 4231 in
2590 4175 2784 4231 multis
2817 4188 2921 4229 nos
2949 4171 3112 4227 laedat
3146 4170 3201 4224 in
3236 4168 3306 4225 iis
3340 4181 3464 4238 quas

1870 4277 2148 4349 pertinent
2177 4272 2246 4328 ad
2268 4273 2433 4326 vitam
2453 4279 2603 4325 recte
2631 4277 2687 4324 et
2707 4282 2773 4322 ex
2803 4268 3011 4320 virtute
3031 4259 3472 4331 degendam;sed~

168 4355 322 4409 ὥστε
383 4354 485 4420 τὰς
548 4357 1014 4429 σωματικωτέρας
1091 4358 1301 4423 ἐννοίας
1326 4347 1336 4359 ⁸
1360 4359 1765 4431 μεταϐληθῆναι

1938 4367 2107 4421 msire
2142 4364 2208 4419 ad
2240 4363 2484 4418 materiae
2524 4366 2831 4431 expertem,
2867 4363 2922 4412 et
2950 4367 3074 4424 quae
3116 4351 3221 4406 sub
3256 4348 3463 4405 intelli-

169 4447 316 4521 πρὸς
353 4447 478 4501 νοῦν
511 4448 608 4502 καὶ
649 4448 909 4513 διάνοιαν,
943 4449 1144 4513 κόνεως
1175 4450 1332 4521 δίκην
1363 4451 1464 4522 τῆς
1492 4453 1769 4522 σαρκωδε-

173 4538 380 4609 στέροις
453 4540 746 4611 ἐμφάσεως
813 4541 924 4597 τῶν
981 4542 1290 4614 λεγομένων
1335 4544 1773 4617 ἐκτιναχθείσης,

171 4631 291 4685 Καὶ
332 4630 421 4685 διά
462 4631 624 4686 τοῦτό
665 4650 864 4705 φησιν,
903 4636 986 4690 ὅτι
1020 4636 1092 4691 Τὸ
1127 4635 1363 4706 γράμμα
1401 4637 1764 4703 ἀποκτείνει,

174 4722 242 4776 τὸ
265 4720 336 4775 δὲ
358 4722 595 4791 πνεῦμα
610 4722 908 4786 ζωοποιεῖ·
947 4727 1022 4791 ὡς
1072 4727 1316 4798 πολλαχῆ
1356 4726 1476 4800 [τῆς
1520 4729 1764 4800 Γραφῆς.

169 4812 449 4885 τουτέστι]
494 4815 597 4884 τῆς
642 4816 902 4887 ἱστορίας,
939 4816 1099 4892 εἴπερ
1139 4818 1233 4872 ἐπὶ
1279 4818 1452 4889 ψιλῶν
1501 4820 1768 4890 σταίημεν

169 4903 291 4975 τῶν
329 4906 688 4976 πραγμάτων,
718 4908 821 4962 οὐκ
848 4909 1056 4978 ἀγαθοῦ
1085 4910 1200 4981 βίου
1229 4912 1613 4982 παρεχομένης
1637 4913 1768 4984 ἡμῖν

172 4995 252 5050 τὰ
300 4996 694 5068 ὑποδείγματα.
748 5000 813 5053 Τί
858 5000 969 5073 γάρ
1001 5001 1204 5071 ὠφελεῖ
1250 5002 1387 5076 πρὸς
1430 5004 1631 5075 ἀρετὴν
1677 5004 1769 5058 τὸν

175 5088 446 5144 ἀκούοντα
490 5091 648 5158 Ὠςηέ
674 5094 702 5145 ὁ
733 5094 1019 5166 προφήτης
1044 5095 1108 5147 ἐκ
1137 5095 1393 5165 πορνείας
1426 5095 1772 5152 παιδοποιού-

180 5197 365 5252 μενος,
406 5182 500 5235 ml.
562 5179 787 5247 Ἡσαΐας
837 5183 1022 5237 εἰσιὼν
1069 5185 1203 5255 πρὸς
1235 5184 1335 5256 τὴν
1388 5186 1679 5257 προφῆτιν,
1717 5188 1769 5241 εί

181 5273 346 5346 μέχρι
379 5274 480 5344 τῆς
514 5274 712 5339 λέξεως
762 5276 978 5345 στήσειε
1023 5293 1108 5339 τις
1144 5276 1205 5330 τὸ
1249 5276 1581 5345 λεγόμενονς
1614 5279 1687 5331 ’Ἡ
1715 5280 1770 5333 τί

186 5365 319 5437 πρὸς
362 5366 454 5419 τὸν
499 5366 753 5439 ἐνάρετον
799 5368 1043 5422 συντελεῖ
1070 5368 1182 5423 ϐίον
1222 5368 1288 5422 τὰ
1331 5369 1456 5439 περὶ
1485 5368 1578 5423 τοῦ
1607 5369 1770 5424 Δαϐὶδ

254 5578 305 5652 εξ
343 5578 752 5652 Πυιιιᾳηιτνῌ.
831 5580 874 5611 ⁸³
914 5579 1033 5634 Gal.
1065 5598 1135 5649 tv,
1166 5580 1254 5636 2i.
1333 5583 1376 5613 °"
1418 5582 1591 5641 lCor.
1622 5601 1676 5652 κ,
1718 5585 1801 5640 il.

184 5650 227 5678 ⁸³⁸
269 5646 412 5704 Osce
444 5666 483 5713 ι,
512 5648 563 5699 τὶ.
611 5651 651 5680 (⁸³
682 5648 760 5703 isa
808 5666 923 5708 vm.
956 5652 1007 5703 '5.

1869 4457 2109 4529 gentiam
2137 4454 2288 4511 cadit
2315 4451 2859 4521 contemplationem,
2888 4452 2952 4501 ut
2978 4458 3178 4501 sensus
3203 4442 3298 4513 qui
3330 4448 3463 4497 sunt

1871 4549 2038 4619 paulo
2056 4546 2237 4616 magis
2265 4543 2608 4616 corporales,
2640 4540 3005 4594 traducantur
3039 4535 3107 4591 ad
3134 4542 3375 4591 mentem
3408 4540 3467 4588 et

1870 4636 2310 4709 intelligentiam,
2342 4634 2579 4690 excussa
2616 4629 2861 4700 pulveris
2900 4629 2958 4683 in
3000 4624 3225 4681 modum
3269 4637 3462 4679 eorum

1871 4744 1994 4801 quae
2028 4729 2289 4784 dicuntur
2317 4731 2507 4798 aperta
2540 4720 2967 4794 signiﬁcatione.
3019 4716 3086 4771 Et
3116 4716 3242 4770 ideo
3281 4712 3417 4767 dicit
3449 4731 3461 4766 :

1871 4821 2077 4877 Littera
2123 4819 2336 4883 occidit,
2387 4817 2826 4887 spiritusautem
2864 4810 3097 4879 viriﬁcat
3134 4807 3226 4862 ":
3278 4807 3469 4873 utpote

1871 4914 2039 4986 quod
2067 4928 2211 4984 saepe
2251 4910 2484 4967 historia
2525 4908 2571 4964 si
2623 4904 2946 4963 steterimus
2975 4901 3033 4956 in
3078 4895 3244 4955 nudis
3272 4893 3460 4954 rebus.

1871 5005 2034 5061 nobis
2060 5003 2286 5058 minime
2314 5000 2559 5073 praebeat
2589 4996 2899 5066 exemplum
2937 4993 3098 5050 bonae
3122 4990 3269 5046 vitae.
3308 4986 3463 5054 Quid

1873 5098 2019 5154 enim
2050 5095 2119 5149 ad
2143 5095 2399 5149 virtutem
2425 5074 2668 5147 auditori
2694 5086 2987 5160 profuerit,
3013 5082 3163 5156 quod
3196 5077 3465 5159 propheta

1875 5190 2017 5245 ﬁlios
2048 5194 2302 5258 procreet
2339 5202 2408 5242 ex
2444 5184 2813 5241 fornicatione
2836 5180 2918 5247 ⁶⁸;
2949 5186 3005 5235 et
3028 5176 3226 5233 Esaias
3270 5174 3465 5244 ingre-

1882 5280 2066 5335 diatur
2109 5277 2176 5333 ad
2223 5277 2630 5348 prophetissam
2681 5276 2750 5339 ⁸⁸,
2806 5272 2853 5329 si
2903 5286 3015 5327 non
3065 5268 3211 5324 ultra
3260 5264 3464 5320 litterae.

1879 5370 2176 5425 dictionem
2210 5365 2473 5439 procedat
2510 5367 2565 5422 id
2603 5367 2749 5437 quod
2785 5361 3029 5420 dicitur?
3073 5359 3181 5414 Aut
3215 5355 3348 5430 quid
3394 5354 3467 5413 ad

1881 5587 1925 5618 "
1966 5584 1981 5639 Ι
2020 5584 2160 5640 Tim.
2193 5602 2245 5650 ν,
2282 5583 2366 5639 18.
2445 5582 2492 5613 ⁸⁸
2534 5582 2549 5635 l
2580 5580 2707 5637 Cor.
2744 5596 2822 5649 ix,
2846 5578 2898 5634 9.
2977 5577 3019 5612 "’
3060 5570 3106 5632 il
3127 5569 3255 5629 Cor.
3286 5584 3371 5635 ut,
3398 5568 3454 5628 ϐ.
