3752 5984
324 226 430 283 τεο

1484 202 1499 231 ί
1560 227 1615 283 s.
1656 222 1983 288 esseom:
2022 230 2319 289 NY-SSENI

3476 236 3589 291 760

324 348 490 402 vitam
513 364 575 401 ex
596 346 794 404 virtute
832 350 1129 421 degendam
1154 351 1441 407 conferunt
1470 368 1592 423 quae
1614 352 1681 410 de
1698 353 1900 411 Davide

2089 358 2341 429 Υῆμτέτα,
2399 360 2638 430 μοιχείας
2684 359 2777 414 καὶ
2827 361 2985 431 φόνου
3047 358 3190 414 κατά
3233 356 3402 412 ταὺτὸ
3446 357 3590 427 περὶ

266 468 273 475 -
326 438 467 509 ﬁunt
488 438 852 512 narrationes,
889 455 1013 494 cum
1038 442 1367 496 adulterium
1406 451 1460 498 et
1485 444 1662 499 caedes
1693 445 1813 515 ejus
1841 447 1896 500 in

323 541 497 581 unum
546 532 931 585 concurrerint
979 531 1246 587 nefarium
1297 533 1551 589 facinus?
1596 535 1654 590 Si
1715 545 1896 592 autem

329 618 513 692 aliqua
536 616 850 689 inveniatur
884 622 1041 685 ratio,
1079 637 1201 692 quae
1240 623 1497 680 ostendat
1528 625 1580 679 id
1613 625 1759 695 quod
1801 640 1900 696 per

329 723 393 760 ea
421 709 768 779 dispensatur
816 713 868 766 in
915 714 1119 767 nullam
1154 715 1350 779 cadere
1395 716 1897 786 reprehensionem,

331 812 460 852 tunc
485 794 670 855 verum
703 818 823 857 esse
866 805 1190 860 ostendetur
1223 806 1276 860 id
1314 807 1459 876 quod
1493 807 1624 862 dicit
1668 808 1899 876 Aposto-

333 893 438 953 hts,
493 907 687 961 nempe
732 894 878 963 quod
933 894 1139 949 Littera
1180 896 1370 972 occidit
1405 898 1703 968 (malarum
1752 897 1897 967 enim

331 981 512 1038 rerum
552 985 606 1038 in
636 1001 694 1042 se
732 986 895 1043 habet
927 982 1237 1059 exempla),
1266 991 1483 1058 spiritus
1514 998 1690 1043 autem
1724 989 1900 1058 vivi/ia

329 1088 452 1142 cat;
480 1092 705 1133 sensum
737 1080 883 1135 enim
910 1082 1005 1150 qui
1036 1090 1259 1152 apparet
1283 1091 1336 1137 et
1365 1084 1510 1137 cadit
1542 1082 1596 1136 in
1624 1083 1900 1153 vitupera-

331 1168 566 1231 tionem,
620 1171 686 1224 ad
738 1170 1066 1227 diviniorem
1127 1173 1362 1227 traducit
1422 1173 1895 1244 signiﬁcationem.

334 1257 551 1316 Scimus
582 1269 763 1317 autem
795 1270 847 1318 et
878 1265 1055 1334 ipsum
1087 1263 1343 1328 Verbum,
1375 1265 1520 1334 quod
1553 1267 1621 1319 ab
1648 1267 1901 1320 universa

334 1351 596 1405 aduratur
622 1343 1147 1424 creatura,'quando
1178 1356 1231 1409 in
1277 1356 1635 1413 similitudine
1666 1357 1901 1411 hominis

335 1448 390 1492 et
416 1440 586 1510 ﬁgura
615 1458 709 1512 per
743 1460 962 1499 carnem
999 1444 1181 1499 divina
1215 1446 1462 1501 tradebat
1498 1448 1776 1524 mysteria.
1823 1448 1901 1501 sic

337 1529 499 1584 nobis
533 1532 777 1587 revelare
828 1534 963 1601 legis
1014 1548 1213 1589 sensus
1249 1542 1304 1588 et
1343 1536 1629 1605 mysteria,
1672 1543 1731 1589 ut
1762 1537 1900 1591 duos

340 1620 589 1677 homines
617 1639 850 1692 quorum
881 1633 965 1679 est
995 1639 1182 1679 verum
1215 1627 1611 1689 testimonium,
1659 1627 1899 1699 scipsum

337 1711 487 1767 dicat
528 1728 652 1773 esse
692 1723 745 1768 et
785 1708 995 1773 Patrem
1021 1718 1106 1770 7°:
1140 1724 1194 1770 et
1247 1726 1552 1787 serpentem
1587 1733 1794 1773 aeneum
1848 1719 1902 1773 in

339 1804 571 1859 sublime
616 1806 841 1865 elatum,
894 1807 986 1875 qui
1039 1809 1240 1876 popu'o
1283 1807 1581 1862 mortiferis
1630 1809 1903 1863 morsibus

1996 449 2057 501 τὸ
2091 449 2148 502 ἓν
2181 450 2689 521 συνδεδραμηκότων
2715 449 2879 521 άγος;
2921 451 2982 505 Εἰ
3006 452 3062 504 δέ
3097 467 3181 514 τις
3209 447 3466 520 εὑρεθείη
3495 447 3589 498 λό-

1996 556 2091 608 γος
2135 542 2163 593 ὁ
2216 540 2276 592 τὸ
2326 539 2412 594 διὰ
2464 540 2666 594 τούτων
2707 543 3157 616 οἰκονομούμενον
3213 537 3588 593 ἐπιδεικνύω

1997 628 2303 696 ἀνεύθυνον,
2350 630 2469 683 τότε
2511 631 2788 703 ἀληθεύων
2817 634 2846 686 ὁ
2884 633 2976 697 τοῦ
3028 631 3194 687 αὐτοῦ
3236 632 3400 701 λόγος
3452 633 3587 684 ἐπι-

1996 717 2357 788 δειχθήσεται,
2405 719 2486 771 ὃτι
2538 720 2605 772 Τὸ
2657 719 2893 790 γράμμα
2924 722 3262 783 ἀποκτείνει
3295 719 3588 791 (πονηρῶν

1998 808 2106 880 γὰρ
2142 808 2252 878 ἔχει
2280 811 2621 881 πραγμάτων
2656 812 2714 864 ἐν
2757 812 2932 883 ἑαυτῷ
2961 812 3029 866 τά
3061 811 3484 881 ὑποδείγματα),
3516 809 3589 862 τὸ

1999 899 2068 951 δὲ
2092 899 2324 969 πνεῦμα
2352 892 2647 961 ζωοποιεῖ·
2688 904 3003 975 μετατίθησι
3035 906 3142 975 γάρ
3162 903 3258 973 τὴν
3290 900 3586 971 ἀπεμφαίο

1999 1007 2193 1043 νουσαν
2232 993 2324 1044 καὶ
2351 992 2779 1065 διαϐεϐλημένην
2805 995 3010 1049 ἔννοιαν
3043 996 3122 1059 είς
3154 994 3431 1063 θειοτέρας
3476 993 3585 1062 ἑμ-

2000 1083 2210 1150 φάσεις.
2243 1082 2475 1155 Οἴδαμεν
2518 1085 2575 1139 δὲ
2623 1088 2718 1139 καὶ
2749 1087 2910 1140 αὐτὸν
2942 1087 3037 1140 τὸν
3078 1087 3247 1154 Λόγον
3288 1086 3381 1137 τὸν
3425 1083 3590 1155 παρὰ

1999 1174 2179 1244 πάσης
2214 1175 2443 1238 κτίσεως
2493 1177 2982 1248 προσκυνούμενον,
3033 1177 3121 1230 ὅτε
3164 1178 3221 1230 ὲν
3270 1174 3586 1246 ὁμοιώματι

2000 1265 2284 1336 ἀνθρώπου
2319 1262 2408 1321 καὶ
2434 1269 2669 1338 σχήματι
2691 1268 2778 1322 διὰ
2808 1269 3006 1340 σαρκὸς
3041 1267 3324 1339 παρεδίδου
3356 1264 3425 1318 τὰ
3456 1265 3584 1319 θεῖα.

2004 1360 2296 1431 μυστήρια,
2321 1358 2492 1423 οὕτως
2520 1360 2962 1415 ἀνακαλύπτοντα
2987 1362 3119 1432 ἡμῖν
3160 1359 3230 1412 τὰ
3267 1358 3360 1412 τοῦ
3408 1357 3583 1428 νόμον

2000 1439 2261 1520 νοήματα,
2294 1450 2433 1504 ὥστε
2462 1454 2585 1516 τοὺς
2615 1453 2707 1505 δύο
2730 1453 3065 1523 ἀνθρώπους,
3092 1446 3164 1506 ὧν
3196 1451 3402 1522 ἀληθής
3423 1452 3580 1503 ἐστιν

2000 1542 2034 1610 ή
2076 1542 2367 1612 μαρτυρία,
2400 1542 2588 1595 ἑαυτὸν
2609 1542 2703 1595 καὶ⁹
2723 1544 2813 1601 τὸν
2835 1543 3053 1614 Πατέρα
3080 1542 3256 1611 λέγειν
3286 1538 3426 1595 εἶναι
3446 1556 3461 1568 ·
3486 1541 3586 1593 καὶ

2000 1630 2093 1684 τὸν
2117 1630 2349 1700 χαλκοῦν
2380 1632 2500 1701 ὅφιν
2545 1633 2636 1686 τὸν
2676 1635 2768 1699 ἐπὶ
2808 1633 2900 1687 τοῦ
2935 1633 3100 1703 ὕψους
3132 1632 3483 1695 ἀνατεθέντα,
3521 1630 3586 1697 δς

1936 1706 1978 1761 Β
2003 1716 2070 1791 ἦν
2202 1720 2315 1791 λαῷ
2342 1722 2448 1775 τῶν
2477 1722 2866 1795 θανατηφόρων
2896 1724 3188 1802 δηγμάτων
3213 1721 3581 1793 άλεξιτήριος,

339 1896 588 1953 sauciato
632 1910 787 1965 opem
830 1897 1060 1961 ferebat,
1093 1897 1385 1953 transferat
1430 1899 1496 1953 ad
1539 1898 1937 1969 dispensatio-v

337 2000 462 2039 nem
511 1983 565 2037 in
615 1999 778 2039 cruce
810 1974 928 2056 ἰ)το
967 1987 1128 2042 nobis
1171 1987 1369 2042 factam
1402 1988 1446 2019 "
1483 2005 1498 2042 :
1551 1990 1905 2058 ipsorumque

338 2062 653 2130 sanctorum
706 2090 930 2133 suorum
976 2076 1373 2148 discipulorum
1422 2079 1623 2148 ingenii
1673 2093 1904 2134 acumen

338 2179 435 2235 per
463 2172 635 2220 tectos
662 2176 914 2222 exerceat
938 2182 1242 2235 sermones,
1270 2171 1321 2223 in
1352 2170 1647 2239 parabolis,
1675 2170 1730 2224 in
1759 2170 1907 2224 simi-

339 2255 701 2322 litudinibus,.
722 2259 776 2311 in
808 2258 989 2315 verbis
1022 2261 1297 2323 obscuris,
1335 2262 1389 2314 in
1421 2261 1584 2316 dit-tis
1617 2277 1738 2332 quae
1774 2277 1904 2331 pro-

338 2351 592 2402 feruntur
644 2364 740 2418 per
792 2351 1103 2420 aenigmata,
1160 2367 1393 2421 quorum
1443 2367 1690 2406 seorsum
1743 2353 1908 2407 dabat

339 2438 735 2507 expositiones,
764 2454 953 2493 eorum
986 2440 1207 2495 solvens
1245 2441 1632 2495 obscuritatem
1660 2443 1725 2494 ".
1760 2439 1909 2495 Non-

338 2546 617 2600 nunquam
644 2542 845 2597 autem,
871 2532 917 2587 si
942 2547 1051 2586 non
1075 2540 1222 2588 esset
1245 2532 1313 2587 ab
1338 2532 1445 2588 illis
1474 2532 1907 2601 comprehensus

337 2637 532 2688 sensus
564 2636 752 2677 eorum
783 2640 908 2694 quas
954 2625 1297 2688 dicebantur,
1351 2609 1779 2694 reprehendebat
1812 2640 1905 2680 eo-

338 2727 460 2766 rum
504 2712 707 2782 ingenii
743 2714 1080 2779 tarditatem,
1126 2722 1182 2769 et
1224 2714 1675 2777 imbecillitatem,
1720 2722 1781 2769 ut
1813 2716 1907 2784 qui

336 2813 524 2859 essent
567 2806 818 2860 rudiores
869 2804 939 2858 ad
984 2803 1418 2872 intelligendum.
1475 2804 1707 2869 Quando
1762 2805 1907 2857 enim

333 2895 560 2963 jubebat
600 2911 696 2952 eos
738 2897 1015 2951 abstinere
1062 2910 1093 2949 a
1146 2895 1413 2950 fermento
1458 2894 1775 2949 Pharisaico
1804 2894 1850 2926 "
1891 2913 1904 2948 :

338 2986 422 3040 illi
465 3000 592 3041 vero
638 2986 836 3056 pusillo
875 2994 930 3040 et
980 2986 1195 3054 abiecto
1240 2986 1423 3039 animo
1461 2986 1800 3055 aspiciebant
1840 2986 1908 3041 ad

338 3078 535 3155 corbes
564 3077 619 3132 in
661 3078 863 3147 quibus
904 3080 1513 3147 panum'commeatum
1558 3092 1666 3131 non
1711 3079 1910 3132 attule-

338 3172 505 3220 runt:
524 3174 657 3221 tunc
681 3181 777 3226 eos
806 3169 1127 3233 insectatur,
1158 3177 1218 3224 ut
1248 3171 1341 3240 qui
1383 3184 1491 3224 non
1522 3170 1908 3240 intelligerent,

340 3256 488 3327 quod
540 3266 683 3313 esset
737 3258 1008 3327 doctrina,
1037 3274 1157 3329 qua:
1210 3259 1623 3331 signiﬁcabatur
1650 3274 1749 3329 per
1797 3258 1909 3314 fer--

340 3357 606 3411 mentum.
661 3348 727 3403 Et
772 3365 962 3425 rursus
1010 3366 1135 3407 cum
1183 3352 1237 3408 ei
1285 3365 1526 3423 mensam
1579 3356 1913 3420 apponerent

344 3437 624 3513 discipuli,
669 3438 894 3510 ipseque
938 3442 1356 3511 respondisset:
1393 3440 1504 3510 Ego
1532 3439 1693 3494 habeo
1735 3455 1911 3494 came~

345 3529 571 3587 dandum
594 3526 765 3587 cibum
795 3549 947 3604 quem
973 3550 1060 3589 vos
1087 3535 1295 3589 nescitis
1312 3533 1377 3594 7",
1395 3534 1913 3601 existimassentque

342 3634 469 3681 eum
499 3619 683 3676 dicere
723 3622 790 3696 de
823 3624 1095 3693 corporali
1125 3624 1250 3679 cibo
1283 3631 1541 3692 tanquam
1577 3622 1797 3678 aliunde
1844 3623 1914 3678 ad

340 3728 471 3778 eum
510 3714 695 3780 allato,
743 3729 902 3770 suum
955 3729 1263 3770 sermonem
1312 3714 1719 3783 interpretatur,
1765 3712 1913 3782 quod

342 3804 448 3858 sibi
503 3805 836 3883 conueniens
889 3813 1035 3863 esset
1088 3806 1263 3871 cibus,
1311 3804 1567 3863 salutaris
1622 3802 1923 3886 voluntatis.

343 3894 679 3966 adimpletio,

415 3985 694 4054 Ejusmodi
759 3989 993 4058 plurima
1049 3990 1176 4046 licet
1236 3990 1492 4063 colligere
1550 4007 1617 4047 ex
1687 3991 1916 4047 v.0cibus

343 4078 694 4158 evangelicis,
726 4080 779 4133 in
808 4081 1005 4150 quibus
1037 4082 1288 4137 estaliud
1320 4081 1466 4153 quod
1497 4082 1821 4152 intelligitur
1847 4097 1916 4138 ex

343 4185 413 4233 eo
441 4171 587 4240 quod
617 4179 701 4234 est
733 4173 787 4226 in
820 4181 1098 4244 promptu,
1133 4174 1278 4230 aliud
1322 4183 1503 4230 autem
1534 4175 1601 4230 ad
1644 4174 1790 4245 quod
1832 4174 1917 4229 in-

343 4272 528 4342 tuetur
552 4258 1052 4341 sententia’eorum
1109 4282 1236 4337 qua:
1278 4267 1573 4324 dicuntur:
1630 4273 1685 4320 ut
1716 4281 1913 4337 aquam

345 4370 508 4420 quam
541 4357 789 4424 promisit
820 4356 1154 4421 sitientibus,
1188 4372 1283 4426 per
1328 4371 1491 4427 quam
1544 4354 1680 4409 ﬁunt
1734 4354 1913 4412 fontes

345 4442 639 4520 ﬂuviorum
677 4445 744 4500 iis
784 4448 876 4514 qui
913 4446 1143 4505 credunt
1168 4463 1185 4511 ;
1208 4460 1399 4516 panem
1432 4444 1524 4514 qui
1559 4443 1626 4498 de
1660 4444 1800 4499 coelo
1828 4445 1922 4500 de-

344 4533 580 4598 scendit,
612 4535 871 4604 templum
888 4537 1033 4606 quod
1061 4538 1377 4600 solvitur,et
1411 4535 1592 4587 triduo
1614 4536 1917 4605 excitatur;

345 4625 509 4689 siam,
542 4626 779 4688 ostium,
832 4625 1067 4695 lapidem
1111 4628 1204 4707 qui
1241 4627 1310 4679 ab
1358 4624 1785 4684 aediﬁcatoribus
1835 4639 1920 4687 est

349 4715 673 4786 reprobatus
704 4730 768 4779 ac
801 4727 1167 4788 contemptus,
1198 4725 1246 4771 et
1286 4718 1342 4777 in
1371 4716 1550 4785 capite
1594 4720 1780 4788 anguli
1824 4720 1921 4775 ad-

345 4815 565 4875 aptatur
591 4826 603 4860 :
635 4807 774 4862 duos
806 4808 898 4877 qui
929 4816 1057 4871 sunt
1087 4807 1140 4871 in
1168 4820 1277 4859 uno
1308 4806 1471 4865 lecto,
1507 4804 1872 4871 molendinum
1898 4850 1912 4875 ,

342 4882 610 4975 inolenles
635 4898 932 4965 mulieres;
957 4914 1077 4963 eam
1117 4912 1236 4966 quae
1267 4895 1587 4961 assumitur,
1638 4912 1756 4963 eam
1798 4915 1919 4970 quae

342 4990 691 5060 relinquitur,
735 4989 998 5052 'cadaver,
1055 4989 1288 5058 aquilas,
1340 4988 1521 5049 ﬁcum.
1561 5004 1681 5059 qua:
1731 4998 1918 5047 tenera

340 5066 525 5153 eyadit
562 5093 617 5136 et
647 5096 829 5136 ramos
852 5080 1120 5150 producit.
1157 5078 1288 5144 Quae
1317 5080 1527 5145 omnia,
1561 5088 1613 5135 et
1666 5097 1919 5151 quaecun-

340 5187 452 5250 (μιᾳ
506 5180 636 5240 sunt.
691 5171 984 5242 ejusmodi,
1030 5185 1128 5224 nos
1182 5170 1539 5225 adhortantur
1589 5181 1648 5227 ut.
1704 5172 1920 5229 divinas

342 5274 658 5320 scrutemur
701 5262 1038 5332 Scripturas,
1092 5272 1147 5315 et
1198 5261 1541 5330 attendamus
1580 5263 1822 5329 lectioni,
1862 5275 1917 5319 et

344 5354 496 5426 omni
530 5353 743 5421 ratione
774 5353 1181 5422 investigemus,
1203 5353 1378 5419 sicubi
1401 5355 1581 5424 aliqua
1609 5355 1916 5411 inveniatur

347 5444 483 5499 ratio
508 5444 793 5497 sublimior
820 5459 880 5495 ea
918 5459 1036 5513 qurc
1065 5452 1146 5498 est
1197 5445 1250 5530 in
1310 5454 1585 5516 promptu,
1640 5443 1916 5498 deducens

414 5624 460 5661 πο
485 5621 644 5697 ltum.
675 5634 793 5699 \‘tu,
828 5620 911 5675 Η.
1002 5624 1045 5653 τί
1071 5624 1220 5680 .luau.
1253 5642 1334 5690 ιιι,
1368 5626 1452 5681 Η.

1936 3033 1978 3089 C

2005 1812 2083 1872 εἰς
2110 1811 2204 1880 τὴν
2236 1810 2323 1863 διὰ
2352 1811 2444 1864 τοῦ
2478 1813 2711 1885 σταυροῦ
2740 1813 3035 1883 γενομένην
3079 1812 3216 1882 ὑπὲρ
3242 1811 3399 1882 ἡμῶν
3428 1813 3583 1865 οἱκο-

2005 1897 2196 1967 νομίαν
2231 1899 2710 1969 μεταλαμϐάνοντα
2733 1917 2747 1931 ⁸
2785 1901 2878 1953 καὶ
2921 1900 3097 1953 αὐτῶν
3146 1900 3201 1952 δὲ
3241 1896 3350 1953 τῶν
3392 1897 3588 1963 ἁπλῶς

2007 1987 2167 2040 αὑτοῦ
2201 1988 2455 2060 μαθητῶν
2476 1990 2574 2061 τὴν
2599 1991 2873 2061 ἀγχίνοιαν
2895 1990 2983 2043 διὰ
3012 1990 3119 2043 τῶν
3146 1988 3589 2065 κεκαλυμμένων

1984 2096 2063 2132 τε
2088 2080 2180 2133 καὶ
2200 2082 2688 2152 ὲπικεκρυμμένων
2720 2081 2891 2150 λόγων
2931 2080 3362 2151 διαγυμνάζοντα
3392 2080 3451 2132 ὲν
3476 2094 3591 2131 πα-

2007 2170 2277 2241 ραϐολαζ,
2322 2171 2379 2224 ὲν
2425 2171 2785 2243 ὁμοιώμασιν,
2830 2173 2886 2225 ὲν
2943 2173 3236 2234 σκοτεινοῖς
3278 2170 3480 2238 λόγοις,
3524 2169 3591 2222 ἐν

2004 2256 2408 2331 ἀποφθέγμασι,
2457 2248 2567 2325 τοῖς
2615 2261 2681 2314 δι’
2728 2261 3066 2331 αἰνιγμάτων
3124 2259 3588 2330 προφερομένοις,

2008 2348 2145 2420 ὑπὲρ
2170 2342 2244 2402 ὧν
2279 2350 2588 2420 καταμόνας
2625 2351 2721 2420 μὲν
2748 2351 2981 2403 ἐποιεῖτο
3008 2350 3314 2419 ἐξηγήσεις,
3343 2347 3592 2413 ἐπιλύων

2006 2440 2188 2503 αὐτοῖς
2219 2440 2318 2510 τὴν
2344 2440 2605 2509 ἀσάφειαν
2624 2458 2636 2470 ·
2673 2439 2786 2494 ἔστι
2820 2440 2877 2494 δὲ
2907 2441 3064 2503 ὅπου,
3088 2440 3136 2491 εί
3161 2439 3234 2510 μὴ
3266 2437 3591 2510 κατελήφθη

2007 2532 2134 2601 παρ’
2160 2531 2337 2583 αὐτῶν
2356 2533 2389 2601 ἡ
2408 2531 2515 2585 τῶν
2534 2532 2838 2602 λεγομένων
2874 2530 3100 2596 διάνοια,
3134 2529 3212 2582 διε
3220 2529 3283 2600 μέ
3291 2545 3463 2599 μφετο
3483 2528 3594 2581 αὔ-

2006 2621 2114 2674 τῶν
2141 2620 2203 2673 τὸ
2223 2620 2533 2691 βραδύνουν,
2560 2623 2653 2674 καὶ
2687 2623 2813 2692 περὶ
2842 2620 2940 2691 τὴν
2976 2619 3184 2674 σύνεσιν
3203 2621 3419 2674 ἄτοπον.
3452 2620 3595 2673 Ὅτε

2008 2711 2116 2780 γάρ
2132 2710 2465 2780 ἀποσχέσθαι
2480 2709 2572 2763 τοῦ
2583 2710 2916 2783 Φαρισαῖκοῦ
2936 2711 3118 2775 αὐτοῖς
3136 2708 3475 2763 ἐνεκελεύετο
3490 2709 3594 2773 ζυ-

2012 2799 2136 2871 μοῦ,
2169 2801 2293 2854 οίδὲ
2335 2801 2687 2872 μικροψύχως
2714 2801 2849 2872 πρὸς
2890 2801 2988 2864 τάς
3031 2803 3216 2873 πήρας
3253 2800 3591 2867 ἀπέϐλεπον,

2004 2892 2067 2953 ⁷ὲν
2095 2886 2182 2954 αἷς
2205 2891 2297 2945 τὸν
2324 2893 2387 2946 ὲκ
2423 2891 2535 2944 τῶν
2567 2893 2746 2964 ἄρτων
2776 2875 3128 2960 ἐπισιτισμὸν
3146 2892 3245 2944 οὐκ
3293 2892 3592 2960 ἐπήγοντο,

2009 2982 2130 3036 τότε
2165 2981 2502 3037 καθάπτεται
2537 2982 2646 3038 τῶν
2686 2984 2758 3054 μὴ
2806 2974 3112 3044 συνιέντων,
3152 2982 3233 3034 ὅτι
3265 2979 3595 3034 διδασκαλία.

2009 3069 2078 3145 ἦν
2110 3074 2171 3126 τὸ
2202 3074 2291 3126 διὰ
2321 3073 2412 3127 τοῦ
2445 3074 2616 3145 ζυμοῖ)
2636 3074 2991 3145 δηλούμενον.
3036 3074 3145 3126 Καὶ
3178 3073 3338 3127 πάλιν
3372 3071 3594 3143 τράπε-

2013 3167 2112 3231 ζαν
2142 3166 2290 3236 αὐτῷ
2312 3166 2417 3221 τῶν
2456 3166 2715 3238 μαθητῶν
2748 3166 3118 3238 παραθέντων,
3136 3164 3592 3237 ἀποκρινόμενος,

2011 3257 2093 3310 ὅτι
2133 3257 2280 3326 Ἐγὼ
2306 3257 2542 3325 ,βρῶσιν
2564 3248 2681 3327 ἔχω
2699 3258 2901 3330 φαγεῖν
2917 3299 2931 3323 ,
2946 3257 3037 3326 γῆν
3056 3257 3224 3328 ὑμεῖς
3238 3252 3346 3311 οὔκ
3363 3255 3594 3321 οἴδατε,

2014 3346 2426 3417 ὑπονοησάντων
2469 3348 2647 3401 αὐτῶν
2684 3348 2812 3421 περὶ
2848 3348 3166 3418 σωματικῆς
3213 3346 3372 3400 αὐτὸν
3407 3344 3600 3413 λέγειν

2012 3437 2237 3508 τροφῆς,
2252 3437 2327 3501 ὡς
2351 3438 2613 3509 ἑτέρωθεν
2630 3439 2776 3508 αὐτῷ
2795 3438 3266 3511 προσενεχθείσης,
3294 3434 3597 3507 ἐρμηνεύιι

2011 3528 2104 3584 τὸν
2147 3528 2339 3584 ἑαυτοῦ
2368 3530 2544 3599 λόγον,
2583 3532 2663 3585 δτι
2705 3530 2907 3601 βρῶσίς
2940 3533 3087 3585 ὲστιν
3124 3527 3273 3600 αὐτῷ
3302 3527 3599 3598 πρέπουσα

2015 3619 2111 3674 καὶ
2136 3620 2484 3691 κατάλληλος,
2523 3623 2557 3692 ἠ
2587 3621 2682 3677 τοῦ
2708 3622 2973 3693 σωτηρίου
3006 3620 3309 3691 θελήματος
3339 3618 3603 3704 ἀποπλή-

2019 3729 2181 3782 ρωσις
2191 3761 2205 3777 .

2087 3991 2197 4043 Καὶ
2248 3991 2418 4061 μυρία
2461 3989 2683 4045 τοιαῦτα
2727 3991 2791 4043 ὲκ
2831 3988 2937 4042 τῶν
2984 3985 3352 4055 εὖαγγελικῶν
3398 3985 3599 4054 φωνῶν

2016 4080 2163 4134 ἔστιν
2194 4080 2550 4145 ἀναλέξασθαι
2572 4118 2587 4143 ,
2633 4079 2718 4149 ἐφ’
2761 4072 2837 4132 ὧν
2866 4076 2992 4132 ἄλλο
3024 4076 3125 4146 μέν
3168 4076 3283 4127 ἐστι
3314 4074 3376 4127 τὺ
3405 4074 3473 4125 ὲκ
3499 4072 3599 4126 τοῦ

2018 4170 2309 4241 προχείρου
2335 4169 2638 4240 νοούμενον,
2666 4170 2853 4240 ἓτερον
2881 4167 2937 4220 δὲ
2969 4163 3101 4237 πρὸς
3136 4165 3166 4218 ὃ
3196 4164 3385 4234 βλέπει
3421 4166 3457 4235 ἡ
3489 4164 3601 4217 τῶν

2019 4262 2324 4333 λεγομένων
2377 4261 2605 4330 διάνοιαο
2636 4255 2746 4313 οἷον
2784 4260 2846 4313 τὸ
2871 4258 3013 4328 ὕδωρ
3040 4256 3069 4310 δ
3099 4259 3209 4320 τοῖς
3240 4250 3439 4325 διψῶσι
3463 4270 3602 4307 κατ-

1945 4373 1991 4434 D
2017 4355 2395 4425 επηγγείλατο,
2422 4342 2506 4406 ’δι’
2539 4346 2601 4405 οὗ
2649 4353 2823 4422 πηγαὶ
2859 4348 3120 4419 ποταμῶν
3165 4347 3407 4417 γίνονται
3435 4347 3487 4399 οί
3514 4363 3574 4399 πι

2020 4448 2315 4510 στεύοντες,
2345 4445 2435 4498 τὸν
2470 4445 2630 4517 ἄρτόν
2665 4445 2754 4496 τὸν
2786 4444 2850 4496 ἐκ
2893 4441 3000 4495 τῶν
3038 4438 3284 4511 οὐρανῶν
3315 4436 3599 4490 καταϐαί-

2019 4555 2193 4603 νοντα,
2229 4538 2318 4590 τὸν
2349 4536 2475 4590 ναὸν
2505 4535 2596 4588 τὸν
2624 4534 2899 4605 λυόμενον,
2933 4532 3027 4586 καὶ
3063 4530 3153 4584 διὰ
3179 4527 3345 4599 τριῶν
3372 4526 3602 4597 ἡμερῶν

2000 4630 2382 4699 ,ὲγειρόμενοᾍ
2407 4626 2504 4697 τὴν
2532 4624 2674 4689 ὁδὸν,
2695 4612 2794 4696 τὴν
2820 4622 3010 4694 θύραν,
3038 4621 3127 4674 τὸν
3152 4618 3298 4671 λίθον
3323 4617 3416 4671 τὸν
3446 4616 3600 4688 παρὰ

2016 4720 2124 4774 τῶν
2154 4718 2618 4788 οἰκοδομουμένων
2654 4714 3114 4785 ὲξουδενούμενον,
3155 4711 3248 4764 καὶ
3280 4712 3348 4780 τῇ
3391 4709 3600 4775 ὲπιγω-

2019 4812 2117 4883 νίῳ
2148 4809 2355 4879 κεφαλῇ
2400 4806 2796 4878 ἁρμοζόμενον*
2829 4806 2955 4870 τοὺς
2991 4804 3084 4857 δύο
3117 4802 3242 4865 τοὺς
3276 4802 3367 4868 ἐπὶ
3411 4799 3600 4870 κλίνης

2024 4902 2173 4972 μιᾶς,
2200 4900 2293 4954 τὸν
2322 4896 2539 4968 μυλῶνα
2559 4934 2574 4958 ,
2599 4895 2699 4958 τὰς
2730 4894 3034 4966 ἀληθούσας
3052 4934 3067 4959 ,
3097 4893 3197 4965 τὴν
3232 4890 3598 4962 παραλαμϐα-

2019 4992 2285 5063 νομένην,
2323 4988 2421 5057 τὴν
2470 4986 3045 5057 καταλιμπανομένην,
3097 4985 3157 5038 τὸ
3190 4983 3425 5055 πτῶμα,
3470 4983 3599 5045 τοὺς

2021 5082 2233 5144 ἀετοὺς,
2262 5080 2356 5150 τὴν
2398 5080 2567 5150 συκῆν
2613 5079 2713 5148 τὴν
2743 5075 3158 5146 ἀπαλυνομένην
3187 5074 3282 5127 καὶ
3310 5073 3439 5136 τοὺς
3471 5072 3601 5126 κλά-

2023 5175 2147 5235 δους
2177 5170 2500 5240 ὲκφύουσαν.
2533 5170 2710 5238 ’Ἃπερ
2758 5166 2933 5221 πάντα
2965 5167 3061 5219 καὶ
3102 5165 3201 5217 ὅσα
3248 5162 3475 5216 τοιαῦτα
3511 5161 3600 5229 γέ-

2022 5279 2162 5323 νοιτο
2190 5261 2254 5315 ἂν
2282 5262 2412 5331 ἡμῖν
2443 5261 2500 5322 ὲς
2533 5256 2842 5329 προτροπὴν
2864 5256 2955 5309 τοῦ
2980 5256 3173 5326 χρῆναι
3196 5253 3288 5306 καὶ
3314 5252 3597 5322 διερευνᾷν

2022 5352 2120 5415 τὰς
2155 5350 2301 5412 θείας
2342 5349 2545 5418 φωνὰς,
2580 5348 2672 5402 καὶ
2705 5345 2991 5418 προσέχειν
3031 5348 3097 5415 τῇ
3133 5342 3476 5410 ἀναγνώσει,
3507 5341 3598 5394 καὶ

2023 5442 2164 5495 κατά
2187 5441 2361 5493 πάντα
2382 5440 2579 5509 τρόπον
2603 5437 2902 5508 ἀνιχνεύειν
2925 5436 2978 5490 εἴ
2993 5436 3094 5489 πού
3124 5453 3207 5500 τις
3231 5433 3481 5507 εὑρεθείη
3514 5429 3599 5486 λό-

1558 5624 1601 5654 ⁷²
1627 5622 1810 5677 Μειιιιι.
1848 5637 1916 5675 xu

2087 5700 2088 5703 η
2128 5618 2259 5695 Luc.
2288 5632 2402 5683 vui,
2436 5616 2517 5691 l0.
2594 5615 2638 5649 ⁷³
2666 5614 2856 5672 Matth.
2884 5630 2995 5684 XVI,
3037 5612 3089 5673 6.
3123 5614 3168 5647 "
3190 5610 3353 5670 Joan.
3382 5627 3455 5678 tv,
3494 5608 3582 5667 32.
