3752 5984
190 222 306 277 Ἱϐί

1369 224 1434 308 ut
1464 226 1758 284 CANTICA
1797 225 2264 284 CANTICORUM.

3335 265 3351 274 -
3362 223 3467 277 762

201 357 301 405 τος
334 341 432 411 τῆς
466 340 760 412 προχείρου
800 343 1180 413 κατανοήσεως
1209 344 1558 419 ὑψηλότερος,
1595 350 1685 403 ἐπὶ
1718 348 1787 403 τὰ

1972 351 2278 421 ςίιιιῑὶοηοιιι
2316 346 2381 401 ad
2416 360 2505 401 res
2545 343 2719 416 magis
2748 344 2967 401 divinas
3001 353 3055 400 et
3085 346 3460 417 incorporeas.

190 431 455 503 θειότερά
481 448 542 484 τε
570 432 663 485 καὶ
708 430 975 504 ἀσώματα
1005 437 1358 506 χειραγωγῶν
1398 439 1498 509 τὴν
1531 440 1788 494 διάνοιαν.

195 522 407 576 Τούτου
431 524 594 594 χάριν
613 523 674 575 τὸ
695 524 1139 596 ἀπηγορευμένον
1161 526 1451 601 τῇβρώσει
1478 528 1570 581 τοῦ
1603 529 1785 596 ξύλου,

194 615 328 693 οὐχὶ
355 616 546 684 συκῆν.
583 613 657 678 ῶς
690 632 830 678 τινες
864 616 1237 687 ἀπεφήναντο,
1286 619 1407 672 οὐδὲ
1439 619 1567 672 ἄλλο
1593 638 1645 673 τι
1683 620 1792 673 τῶν

196 704 523 774 ἀκροδρύων
549 699 686 757 εἶναι
717 703 1038 774 πειθόμεθα.
1090 706 1154 758 Et
1187 706 1295 778 γὰρ
1333 708 1453 760 τότε
1491 709 1795 779 θανατηφό-

197 812 300 864 po;
336 790 405 864 ἦν
445 796 479 865 ἠ
524 795 689 865 συκῆ,
723 796 831 849 οὐδ’
878 796 945 850 ἂν
1003 796 1098 850 νῦν
1145 799 1363 863 πάντως
1415 799 1672 869 ἐδώδιμος
1701 796 1788 871 ἦν.

197 886 366 957 Ἀμα
400 887 457 939 δὲ
505 888 600 941 καὶ
648 888 1047 959 μεμαθήκαμεν
1074 891 1225 962 παρά
1257 891 1357 960 τῆς
1382 890 1475 944 τοῦ
1524 893 1792 945 Δεσπότου

197 979 429 1048 φωνῆς,
475 977 543 1031 δι’
600 979 925 1048 ἀποφάσεως
974 979 1134 1034 τοῦτο
1181 982 1647 1053 δογματιζούσης’
1710 984 1794 1037 ὅτι

200 1067 407 1121 Οὐδέν
439 1067 569 1121 ἐστι
601 1066 721 1121 τῶν
755 1068 1272 1138 εἰσπορευομένων
1294 1070 1391 1123 διὰ
1424 1073 1720 1140 στόματος
1762 1071 1793 1125 ὅ

198 1156 463 1213 δύναται
485 1156 771 1211 κοινῶσαι
797 1156 905 1211 τὸν
925 1156 1253 1225 ἄνθρωπον.
1292 1159 1432 1211 Ἀλλ’
1459 1160 1648 1231 ἑτέραν
1674 1161 1797 1214 τινὰ

197 1248 481 1321 ζητοῦμεν
509 1249 748 1303 διάνοιαν
785 1250 878 1301 ἐπὶ
911 1247 1006 1301 τοῦ
1037 1248 1204 1319 νόμου
1227 1287 1242 1313 ,
1276 1250 1431 1314 ἀξίαν
1462 1251 1556 1321 τῆς
1588 1251 1681 1304 τοῦ
1711 1269 1796 1304 νο-

199 1340 440 1411 μοθέτου
483 1341 921 1411 μεγαλειότητος·
955 1338 1058 1397 κᾶν
1097 1340 1197 1410 τῆς
1241 1339 1336 1393 τοῦ
1388 1340 1524 1393 Θεοῦ
1573 1342 1798 1410 φυτείας

198 1431 375 1503 ἔργον
404 1430 495 1484 τὸν
546 1430 874 1501 παράδεισον
916 1426 1055 1491 εῖναι
1102 1430 1445 1501 ἀκούσωμεν,
1498 1433 1603 1486 κᾶν
1641 1432 1797 1496 ξύλον

198 1522 356 1595 ζωῆς
384 1525 442 1576 ὲν
478 1526 627 1592 μέσῳ
654 1522 749 1575 τοῦ
780 1523 1110 1594 παραδείσου
1151 1525 1580 1595 πεφυτευμένον,
1623 1524 1798 1594 ζητῶ-

200 1631 314 1684 μεν
344 1613 496 1685 παρά
525 1612 619 1666 τοῦ
660 1612 1136 1677 ἀποκαλύπτοντος
1183 1614 1251 1667 τὰ
1284 1616 1644 1686 κεκρυμμένα
1698 1634 1798 1687 μυ-

1891 441 2005 497 llac
2036 442 2103 496 de
2134 455 2301 495 causa
2333 437 2479 509 quod
2531 438 2587 492 in
2621 453 2719 493 esu
2777 437 2911 507 ligni
2970 446 3053 492 est
3106 439 3459 508 prohibitum,

1850 602 1857 607 .
1890 548 2068 603 neque
2103 532 2265 585 licunt
2294 545 2416 584 esse
2453 529 2749 592 credimus,
2776 536 2835 581 ut
2862 529 3110 581 nonnulli
3143 531 3464 598 pronuntia-

1892 631 2041 689 runt,
2097 636 2275 692 neque
2306 621 2544 691 aliquam
2599 635 2668 675 ex
2718 618 3000 688 frugiferis
3054 620 3362 674 arboribus.
3407 620 3462 673 Si

1890 715 2037 771 enim
2069 721 2202 768 tunc
2233 714 2368 768 ficus
2413 712 2605 767 fuisset
2641 710 2873 773 letifera,
2925 725 3025 765 nec
3057 726 3203 765 nunc
3247 712 3464 780 quidem

1891 813 2035 863 esset
2065 804 2291 859 omnino
2322 804 2625 858 esculenta.
2661 800 2836 855 Simul
2886 801 3052 855 etiam
3091 802 3193 854 hoc
3249 815 3468 868 quoque

1892 895 2185 951 didicimus
2215 909 2244 947 a
2274 908 2408 948 voce
2439 891 2675 955 Domini,
2705 906 2827 961 quae
2864 891 2968 944 hoc
3007 891 3288 945 decretum
3343 904 3467 958 ι)ιο-

1893 989 2110 1041 nuntiat
2143 986 2334 1041 :Nihil
2372 993 2449 1039 est
2487 999 2668 1038 eorum
2703 999 2820 1052 quae
2859 997 2951 1050 per
2994 999 3051 1036 os
3100 981 3469 1050 ingrediuntur

1893 1078 2032 1149 quod
2085 1078 2317 1147 inquinet
2368 1076 2628 1129 hominem
2657 1090 2675 1127 :
2734 1073 2828 1128 sed
2883 1074 2939 1127 in
2994 1074 3098 1126 hac
3151 1074 3267 1143 lege
3302 1068 3467 1126 aliam

1896 1169 2194 1238 quaerimus
2228 1168 2664 1237 intelligentiam,
2700 1181 2822 1235 quae
2851 1165 3178 1235 legislatoris
3210 1165 3371 1234 digna
3398 1166 3471 1220 sit

1895 1260 2200 1327 majestate.
2237 1258 2300 1310 Ει
2338 1259 2385 1313 si
2427 1244 2762 1311 audierimus
2800 1256 3111 1326 paradisum
3164 1271 3289 1308 esse
3332 1270 3471 1324 opus

1897 1349 1992 1404 Dei
2025 1350 2400 1418 plantationis,
2436 1355 2491 1402 et
2546 1349 2592 1402 si
2651 1348 2860 1416 lignum
2895 1348 3019 1400 vitae
3080 1349 3377 1416 plantatum
3415 1348 3468 1400 in

1899 1442 2082 1495 medio
2117 1440 2381 1510 paradisi,
2411 1453 2720 1509 quaeramus
2754 1454 2818 1493 ex
2849 1453 2914 1493 eo
2939 1423 3030 1506 qui
3065 1440 3279 1491 occulta
3320 1454 3472 1493 reve—

1898 1530 1974 1583 lat
2006 1530 2286 1599 mysteria,
2324 1538 2383 1582 ut
2415 1529 2694 1582 discamus
2732 1543 3094 1595 quorumnam
3133 1530 3371 1597 agricola
3419 1537 3475 1585 et

1898 1622 2172 1690 plantator
2206 1619 2372 1674 fuerit
2417 1618 2594 1682 Pater,
2628 1630 2681 1675 et
2708 1621 3167 1689 quemadmodum
3210 1621 3321 1675 ﬁeri
3354 1637 3473 1689 pos-

199 1704 406 1771 στήρια
437 1701 645 1771 μαθεῖν,
660 1700 838 1755 ποίων
861 1702 1042 1771 φυτῶν
1061 1702 1270 1771 γίνεται
1294 1706 1320 1755 6
1338 1704 1527 1776 Πατὴρ
1550 1706 1791 1775 γεωργός

1974 1751 1989 1775 ,
2022 1719 2080 1764 ιιι
2110 1712 2163 1764 in
2215 1711 2394 1764 medio
2449 1710 2688 1778 paradisi
2729 1712 2840 1765 sint
2873 1712 2983 1764 duo
3042 1712 3207 1779 ligna,
3238 1712 3472 1766 alterum

195 1807 270 1845 τε
301 1793 395 1845 καὶ
434 1793 771 1860 φυτοκόμος,
818 1793 912 1845 καὶ
960 1793 1077 1856 πῶς
1110 1794 1333 1847 δυνατόν
1382 1797 1497 1847 ἐστι
1549 1794 1692 1849 κατὰ
1730 1797 1790 1849 τὸ

197 1883 534 1952 μεσαίτατον
570 1883 664 1936 τοῦ
698 1885 1027 1955 παραδείσου
1061 1885 1131 1938 τὰ
1160 1886 1252 1938 δύο
1284 1883 1422 1939 εἶναι
1450 1886 1602 1951 ξύλα,
1639 1888 1698 1939 τό
1730 1904 1789 1940 τε

192 1974 305 2044 τῆς
345 1975 617 2045 σωτηρίας
658 1975 752 2028 καὶ
796 1975 895 2045 τῆς
941 1975 1235 2039 ἀπωλείας.
1288 1977 1363 2029 Τὸ
1399 1977 1507 2046 γὰρ
1544 1976 1787 2048 ἀκριϐῶς

202 2065 399 2135 μέσον,
434 2065 682 2136 καθάπερ
712 2066 770 2117 ἐν
803 2065 1001 2123 κύκλου
1042 2068 1107 2136 τῇ
1142 2069 1482 2138 περιγραφῇ.
1508 2067 1565 2120 ὲν
1598 2065 1678 2136 τῷ
1708 2068 1790 2120 ἑνὶ

196 2154 420 2225 κέντρῳ
465 2156 681 2219 πάντως
724 2155 891 2208 ἐστίν.
922 2156 985 2209 Εἰ
1025 2155 1093 2219 δὲ,
1113 2156 1442 2227 παρατεθείη
1476 2154 1553 2225 τῷ
1582 2156 1789 2227 κέντρῳ

196 2245 353 2299 κατά
381 2264 434 2299 τι
465 2245 625 2316 μέρος
652 2245 837 2316 ἕτερον
869 2246 1113 2317 κέντρον,
1151 2247 1361 2317 ἀνάγκη
1390 2247 1540 2299 πᾶσα
1572 2264 1788 2317 συμμε-

195 2336 495 2408 τατεθῆναι
520 2336 597 2407 τῷ
624 2336 833 2409 κέντρῳ
860 2337 954 2390 τὸν
982 2336 1202 2399 κύκλον,
1231 2335 1371 2390 ὥστε
1409 2338 1601 2407 μηκέτι
1627 2338 1791 2407 μέσον

200 2427 347 2484 εἴναι
378 2430 443 2482 τὸ
482 2430 762 2502 πρότερον.
827 2429 971 2482 Ἐκεῖ
995 2429 1174 2482 τοίνυν
1208 2428 1324 2491 ἑνὸς
1357 2426 1508 2490 ὄντος
1537 2427 1632 2480 τοῦ
1682 2445 1790 2481 πα·-

204 2520 478 2592 ραδείσου,
517 2519 634 2583 πῶς
666 2536 828 2588 φησιν
858 2522 886 2573 ό
914 2519 1072 2587 λόγος
1121 2517 1428 2582 ἰδιαζόντως
1465 2519 1561 2588 μὲν
1595 2518 1788 2571 ἑκάτε-

206 2629 302 2682 ρον
351 2609 671 2682 θεωρεῖσθαι
700 2609 807 2664 τῶν
846 2608 1037 2674 ξύλωεῗ
1081 2608 1175 2661 ἐπὶ
1207 2608 1264 2661 δὲ
1309 2606 1404 2660 τοῦ
1441 2606 1604 2672 μέσου
1652 2602 1789 2659 εἶναι

201 2700 368 2756 τοῦτο
414 2703 510 2756 καὶ
556 2700 732 2765 τοῦτο,
784 2695 860 2754 ὧν
891 2700 954 2753 τὸ
983 2699 1358 2770 θανατηφόρον
1383 2700 1481 2768 τῆς
1521 2698 1616 2751 τοῦ
1655 2698 1789 2752 Θεοῦ

200 2793 436 2863 φυτείας
457 2792 735 2860 ἀλλότριον
771 2788 908 2845 εἶναι
945 2790 1185 2844 διδάσκει
1218 2792 1247 2843 6
1286 2790 1465 2844 πάντα
1506 2789 1646 2843 καλὰ
1672 2789 1791 2844 λίαν

206 2865 351 2936 εἶναι
378 2883 446 2935 τὰ
471 2880 567 2934 τοῦ
610 2879 745 2933 Θεοῦ
775 2879 913 2950 ἔργα
944 2880 1364 2950 ἀποφηνάμενος
1395 2879 1584 2948 λόγοςς
1614 2874 1711 2942 Οἷς
1743 2882 1791 2933 εί

206 2973 286 3044 μή
340 2988 421 3035 τις
463 2970 553 3024 διά
593 2968 906 3039 φιλοσοφίας
950 2968 1304 3039 ὲνθεωρήσειε
1350 2968 1449 3040 τὴν
1510 2969 1788 3037 ἀλήθειαν,

1898 1802 2375 1863 εσιυιίεμιιιιετιιιιι
2428 1801 2702 1856 interitus.
2752 1799 2887 1853 Nam
2923 1802 3065 1869 quod
3119 1800 3357 1870 perfecte
3390 1812 3476 1871 est

1896 1893 2159 1956 medium,
2190 1902 2448 1961 tanquam
2499 1893 2556 1946 in
2602 1892 2974 1961 descriptione
3002 1892 3217 1957 circuli,
3249 1894 3476 1947 omnino

1900 1996 2065 2037 unum
2097 1989 2183 2036 est
2214 1997 2325 2035 uno
2355 1988 2568 2036 centro.
2598 1982 2654 2034 Si
2684 1989 2865 2035 autem
2892 1981 2945 2034 in
2970 1989 3161 2035 centro
3185 1992 3474 2038 extensum

1896 2068 2063 2125 fuerit
2113 2086 2179 2125 ex
2218 2071 2390 2144 altera
2427 2079 2582 2138 parte
2633 2070 2870 2123 alterum
2924 2079 3198 2127 centrum,
3252 2084 3478 2125 necesse

1897 2170 1981 2217 est
2009 2162 2256 2221 omnino,
2289 2167 2349 2214 ut
2376 2175 2500 2213 cum
2540 2168 2732 2214 centro
2777 2159 2941 2213 simul
2973 2160 3340 2213 transferatur
3369 2162 3476 2214 cir-

1897 2252 2076 2317 culus,
2106 2251 2242 2305 adeo
2292 2260 2351 2304 ut
2382 2265 2490 2303 non
2552 2251 2625 2303 sit
2664 2250 2900 2319 amplius
2951 2249 3193 2303 medium
3227 2250 3278 2302 id
3331 2250 3475 2320 quod

1897 2348 2015 2395 erat
2045 2342 2217 2410 prius.
2252 2340 2387 2394 Cum
2418 2354 2549 2409 ergo
2578 2340 2691 2393 illic
2726 2340 2799 2393 sit
2846 2354 2989 2393 unus
3022 2339 3341 2407 paradisus,
3366 2354 3478 2408 quo

1897 2441 2058 2501 pacto
2103 2431 2236 2486 dicit
2264 2432 2549 2499 Scriptura
2586 2445 2837 2485 seorsum
2881 2430 3100 2498 quidem
3138 2429 3476 2483 considerari

1899 2531 2191 2591 utrumque
2216 2523 2443 2593 lignum,
2464 2522 2519 2574 in
2548 2521 2728 2576 medio
2750 2529 2931 2574 autem
2956 2536 3079 2576 esse
3107 2522 3209 2575 ltoc
3235 2531 3288 2576 et
3319 2522 3477 2590 illud,

1898 2630 2131 2684 quorum
2169 2614 2220 2668 id
2244 2602 2396 2683 'quod
2446 2611 2722 2667 letiferum
2769 2619 2911 2678 erat,
2947 2627 2976 2665 a
3012 2611 3104 2666 Dei
3141 2613 3479 2681 plantatione

1898 2703 2069 2758 fuisse
2099 2702 2339 2756 alienum
2373 2702 2528 2756 docet
2553 2703 2599 2755 is
2630 2701 2935 2770 Scriptura:
2964 2702 3142 2762 locus,
3169 2704 3260 2769 qui
3290 2701 3477 2754 omnia

1903 2793 1994 2849 Dei
2031 2809 2194 2863 opera
2225 2794 2383 2847 valde
2415 2793 2555 2847 bona
2585 2807 2709 2847 esse
2737 2792 3025 2846 declarat?
3050 2790 3104 2844 In
3134 2791 3334 2860 qubus
3365 2791 3473 2846 nisi
3500 2832 3503 2833 ν

1897 2902 1995 2957 per
2035 2868 2437 2955 pltil650phiam
2481 2885 2768 2938 veritatem
2821 2880 2991 2939 fueris
3050 2884 3476 2952 contemplatus,

1900 2978 2177 3033 videbitur
2208 2977 2261 3031 id
2299 2975 2443 3046 quod
2472 2975 2697 3037 dicitur,
2723 2990 2847 3030 esse
2876 2970 3210 3037 fabulosum,
3243 2981 3338 3027 aut
3366 2990 3477 3029 non

206 3063 516 3123 ἀσύστατον
559 3061 593 3132 ἢ
659 3059 906 3132 μυθῶδες
959 3054 1098 3114 εἶναι
1137 3062 1251 3124 τοῖς
1281 3060 1697 3126 ἀνεπισκέπτοις
1738 3061 1799 3115 τὸ

1974 3086 2062 3127 sse
2095 3070 2419 3135 consistere,
2456 3068 2773 3123 hominibus
2802 3081 2911 3121 non
2949 3066 3085 3121 satis
3117 3066 3479 3121 consideran-

199 3153 507 3223 λεγόμενον
533 3152 695 3218 δόξει.

280 3247 397 3300 Καὶ
444 3245 655 3316 μακρὸν
684 3244 752 3300 ἂν
783 3244 868 3316 εῐη
900 3245 971 3299 τὰ
1012 3244 1134 3298 καθ’
1167 3243 1394 3299 ’ἑκαστον
1425 3247 1490 3297 ἐκ
1520 3245 1629 3300 τῶν
1663 3262 1799 3317 προ-

210 3337 403 3409 φητῶν
432 3337 793 3405 ἀναλέγεσθαι
812 3355 826 3369 ο
858 3336 987 3400 dic-6
1012 3337 1252 3407 Μιχαίας
1280 3338 1365 3389 ἐπ’
1392 3337 1635 3407 ἐσχάτων
1666 3338 1802 3407 ἡμε-

208 3427 346 3502 ρῶν,
387 3428 625 3499 ἐμφανὲς
657 3429 782 3500 ὅρος
831 3427 980 3496 λέγει
1011 3427 1335 3498 γενήσεσθαι
1386 3428 1478 3481 ἐπὶ
1512 3427 1612 3491 τὰς
1644 3444 1802 3498 κορυ-

210 3522 325 3592 φὰς
360 3520 470 3574 τῶν
497 3520 688 3592 ὀρέων,
720 3519 780 3574 τὸ
807 3518 901 3572 ἐπὶ
939 3519 1256 3589 καθαιρέσει
1284 3519 1529 3588 γίνεσθαι
1569 3519 1677 3572 τῶν
1708 3520 1803 3572 ἀν-

209 3611 538 3681 τικειμένων
568 3609 870 3681 δυνάμεων,
907 3609 1359 3681 ἀναδεικνύμενον
1393 3610 1494 3678 τῆς
1523 3608 1804 3671 εὐσεϐείας

213 3703 515 3777 μυστήριον
557 3701 701 3756 οὕτω
743 3701 1149 3773 κατονομάζων·
1198 3701 1312 3765 πῶς
1346 3700 1400 3755 δὲ
1439 3700 1631 3771 ῥάϐδον
1670 3703 1804 3754 ἀνα-

210 3794 424 3848 τέλλειν
449 3793 583 3866 φησὶ
619 3795 717 3849 καὶ.
740 3795 898 3858 ἄνθος
931 3796 995 3848 ἔκ
1021 3794 1124 3865 τῆς
1151 3792 1328 3865 ῥίζης,
1354 3793 1450 3864 τὴν
1477 3793 1567 3846 διὰ
1599 3794 1802 3866 σαρκὸς
1867 3795 1869 3798 ⁴

210 3884 311 3939 τοῦ
336 3885 541 3956 Κυρίου
565 3885 833 3953 ἀνάδειξιν
858 3887 886 3940 ό
907 3882 1109 3956 simul;
1138 3885 1366 3949 Ἡσαΐας
1388 3876 1530 3939 οὕτω
1561 3885 1800 3957 μηνύων,

210 3975 250 4046 ἢ
304 3974 366 4028 τὸ
404 3975 778 4047 τετυρωμένον
824 3975 951 4047 ὅρος
998 3974 1149 4047 παρά
1198 3974 1275 4047 τῷ
1325 3975 1546 4046 μεγάλῳ
1599 3974 1764 4041 Δαόὶδ
1786 4014 1803 4042 ,

210 4063 399 4116 ὁποῖον
420 4061 533 4132 ἔχει
568 4061 699 4131 νοῦν
723 4063 782 4116 ἐν
809 4064 880 4133 τῇ
910 4061 1055 4129 λέξει
1093 4063 1436 4133 φαινόμενον,
1464 4064 1498 4134 ἢ
1527 4064 1587 4117 τὺ
1617 4079 1807 4135 μυριο-

213 4157 447 4211 πλάσιον
480 4158 651 4229 ἅρμα,
701 4156 736 4228 ἢ
781 4156 891 4210 τῶν
928 4155 1144 4227 ταύρων
1183 4158 1216 4227 ἡ
1256 4156 1579 4227 συναγωγὴ,
1607 4158 1641 4227 ἡ
1675 4157 1810 4209 ἐπα-

216 4247 458 4319 φιεμένη
486 4250 603 4310 ταῖς
632 4246 900 4317 δαμάλεσι
940 4245 1046 4300 τῶν
1072 4245 1236 4311 λαῶν,
1260 4246 1291 4317 ἢ
1314 4247 1343 4299 6
1368 4246 1706 4317 βαπτόμενος
1728 4246 1831 4318 τῷ·

1903 3162 2072 3217 tibus.

1972 3252 2218 3323 Longum
2264 3252 2428 3308 fuerit
2460 3268 2523 3307 ex
2577 3252 2862 3322 prophetis
2928 3250 3145 3321 singula
3199 3249 3477 3320 colligere,

1902 3345 2363 3415 quemadmodum
2408 3344 2664 3399 Michmas
2721 3343 2856 3397 dicit
2902 3343 2955 3399 in
2990 3342 3200 3397 ultimis
3250 3341 3478 3404 diebus,

1902 3436 2257 3493 manifestum
2321 3435 2438 3489 fore
2493 3442 2753 3488 montemt
2787 3449 2952 3502 super
3016 3433 3253 3486 vertices
3320 3446 3479 3486 mon-

1905 3529 2129 3593 tium",
2182 3528 2257 3582 ita
2321 3526 2616 3580 nominans
2667 3525 2889 3594 pietatis
2938 3523 3282 3592 mysterium,
3334 3519 3481 3590 quod

1904 3620 2218 3675 ostenditur
2282 3619 2350 3672 ad
2409 3614 2669 3671 delendas
2736 3622 3039 3686 potestates
3092 3613 3480 3675 adversarias,

1905 3710 2369 3782 quemadmodum
2398 3707 2534 3763 dicit
2562 3708 2769 3779 virgam
2801 3716 2855 3761 et
2888 3706 3074 3762 florem
3111 3705 3242 3759 oriri
3288 3720 3352 3760 ex
3389 3719 3482 3760 ra-
3592 3745 3598 3750 .

1904 3802 2028 3857 dice
2051 3800 2291 3864 Iesse",
2328 3796 2543 3853 Domini
2583 3813 2677 3867 per
2707 3810 2932 3851 carnem
2983 3793 3356 3850 ostensionem
3408 3794 3486 3849 si-

1906 3890 2177 3964 gnificans
2212 3887 2465 3944 sublimis
2488 3886 2678 3950 Isaias,
2710 3893 2805 3940 aut
2844 3900 3007 3940 mons
3047 3891 3305 3939 caseatus
3339 3882 3484 3954 apud

1906 3996 2164 4053 magnum
2180 3978 2441 4035 Davidem
2454 3979 2524 4059 7⁷,
2541 3994 2704 4050 quem
2720 3977 2886 4033 habet
2907 3991 3130 4032 sensum
3145 3975 3240 4047 qui
3258 3967 3487 4046 apparet

1908 4078 1964 4131 in
2009 4074 2252 4131 dictione
2299 4073 2518 4138 litterae,
2581 4078 2677 4125 aut
2732 4083 2932 4141 currus
2994 4067 3182 4123 decem
3242 4066 3488 4120 millibus

1907 4168 2216 4238 multiplex,
2245 4172 2342 4220 aut
2375 4161 2728 4235 congregatio
2753 4168 3038 4216 taurorum
3070 4173 3192 4228 quae
3230 4156 3489 4211 immitti-

1910 4269 1998 4314 tur
2024 4259 2079 4313 in
2109 4271 2308 4312 vaccas
2339 4255 2690 4326 populorum,
2729 4260 2823 4307 aut
2854 4266 2950 4321 pes
2979 4250 3073 4319 qui
3106 4249 3339 4319 tingitur
3367 4263 3491 4302 san-

213 4340 414 4412 αἵματι
444 4339 600 4404 ποῦς,
627 4339 660 4410 ἢ
687 4338 796 4393 τῶν
832 4337 1008 4392 κυνῶν
1044 4341 1095 4393 αί
1122 4338 1381 4407 γλῶσσαν
1414 4338 1447 4410 ἦ
1476 4339 1598 4393 καθ’
1620 4340 1799 4410 ὁμοιό-

1972 4351 2078 4405 iine
2103 4368 2116 4403 :
2146 4357 2240 4402 aut
2268 4361 2467 4403 canum
2499 4346 2723 4414 linguas,
2763 4350 2858 4397 aut
2896 4341 2991 4412 qui
3026 4341 3204 4395 instar
3236 4338 3393 4392 vituli
3456 4352 3489 4391 a

213 4450 359 4503 τητα
385 4432 480 4485 τοῦ
513 4433 713 4502 μόσχου
754 4431 1240 4502 διαλεπτυνόμενος
1272 4430 1380 4484 τῶν
1401 4430 1625 4503 ’κέδρων
1651 4433 1680 4484 ό
1712 4431 1808 4485 Λί-

212 4526 401 4588 ϐανος·
433 4524 530 4578 καὶ
559 4522 729 4594 μυρία
772 4522 912 4593 πρὸς
960 4521 1166 4586 τούτοις
1211 4522 1359 4575 ἐστιν
1387 4524 1452 4576 ἐκ
1477 4522 1579 4592 τῆς
1612 4521 1808 4592 λοιπῆς

215 4614 617 4686 ἀναλεξάμενον
652 4615 1009 4687 προφητείας,
1043 4614 1250 4678 διδάξαι
1293 4613 1353 4667 τὸ
1383 4614 1681 4681 ἀναγκαῖον
1706 4615 1806 4685 τῆς

214 4708 363 4762 κατά
381 4708 620 4762 διάνοιαν
641 4707 749 4762 τῶν
773 4707 955 4780 ῥητῶν
977 4707 1232 4778 θεωρίας,
1249 4701 1319 4779 ἧς
1344 4706 1806 4777 ἀποϐαλλόμενος,

216 4798 408 4862 καθὼς
432 4797 658 4871 ἀρέσκει
683 4798 846 4861 τισὶν,
888 4798 1072 4868 ὅμοιον
1110 4792 1247 4849 εἷναί
1276 4814 1365 4866 μοι
1401 4796 1550 4851 δοκεῖ
1576 4795 1637 4848 τὸ
1659 4797 1809 4865 γινό-

120 4883 132 4895 ’
223 4906 407 4962 μενον,
441 4888 518 4951 ὡς
546 4886 706 4952 εἴτις
742 4888 1131 4959 ἀκατέργαστα
1163 4886 1391 4957 προθείη
1428 4886 1565 4958 πρὸς
1596 4886 1809 4957 ἀνθρω-

219 4983 387 5053 πίνην
435 4979 767 5053 βρῶσιν·τῆς
794 4981 1074 5052 τραπέζης
1108 4978 1351 5049 τὰ,λήῖα,
1387 4977 1462 5049 μὴ
1494 4977 1693 5050 τρίψας
1720 4977 1811 5030 τὸν

220 5075 487 5144 ἄσταχυν,
540 5074 614 5145 μὴ
646 5072 727 5146 τῷ
753 5072 1008 5145 λικμητῷ
1041 5070 1323 5142 διακρίνας
1352 5072 1418 5123 ἐκ
1448 5068 1557 5124 τῶν
1591 5069 1809 5140 ἀχύρων

220 5166 291 5223 τὰ
314 5164 644 5235 σπέρματα,
685 5165 760 5236 μὴ
803 5162 1072 5226 λεπτύνας
1113 5161 1205 5215 τὸν
1251 5162 1395 5214 σῖτον
1436 5161 1517 5223 εἰς
1562 5159 1809 5228 ἄλευρον,

227 5254 366 5328 μηδὲ
415 5257 833 5319 κατασκευάσας
875 5255 1038 5326 ἄρτον
1061 5252 1140 5325 τῷ
1168 5251 1462 5322 καθήκοντι
1494 5251 1680 5322 τρόπῳ
1710 5252 1811 5320 τῆς

226 5346 550 5409 σιτοποιίας.
578 5346 791 5418 Ὠσπερ
811 5340 904 5399 οὖν
922 5345 982 5397 τὸ
1005 5343 1411 5414 ἀκατέργαστον
1433 5341 1678 5412 γέννημα
1704 5340 1811 5394 τῶν

223 5437 443 5509 κτηνῶν
469 5438 586 5490 ἐστι
623 5436 819 5508 τροφὴ,
849 5435 942 5489 καὶ
967 5434 1067 5488 οὐκ
1105 5431 1427 5505 ἀνθρώπων*
1458 5430 1631 5497 οὕτως
1660 5430 1804 5484 εἴποι

1910 4443 2090 4499 cedris
2117 4440 2404 4503 dividitur,
2430 4436 2718 4490 Libauus:
2755 4443 2808 4489 et
2861 4433 2966 4487 alia
2998 4438 3197 4502 prater
3250 4431 3365 4485 haec
3400 4430 3488 4484 itt-

1908 4532 2271 4590 numerabilia
2307 4530 2435 4584 licet
2466 4542 2537 4581 ex
2586 4527 2795 4595 reliqua
2829 4525 3091 4595 colligere
3125 4521 3408 4594 prophetia
3436 4527 3491 4575 et

1909 4628 2106 4684 docere
2123 4640 2247 4683 esse
2264 4623 2631 4678 necessariam
2648 4618 2944 4674 verborum
2970 4615 3488 4685 contemplationem

1908 4733 1976 4773 ex
2003 4715 2293 4772 sententia.
2327 4712 2458 4779 Qum
2491 4710 2540 4766 si
2572 4708 2875 4778 rejiciatur,
2896 4712 2956 4758 ut
2981 4706 3161 4774 placet
3186 4701 3487 4766 nonnullis,

1912 4808 2046 4865 mihi
2072 4807 2291 4863 videtur
2321 4802 2376 4858 id
2406 4800 2633 4872 perinde
2659 4810 2805 4861 esse,
2845 4799 2906 4848 ut
2946 4795 2992 4848 si
3025 4792 3152 4862 quis
3196 4790 3263 4845 ad
3299 4793 3493 4843 huma-

1914 4915 2045 4954 num
2073 4899 2130 4953 in
2157 4911 2347 4953 mensa
2372 4906 2529 4950 esum
2556 4904 2664 4944 non
2693 4885 2971 4942 confectas
2993 4889 3233 4952 apponat
3253 4889 3488 4949 segetes,

1915 4990 2086 5062 spicis
2118 5004 2230 5044 non
2255 4986 2425 5050 tritis,
2453 4981 2641 5053 granis
2671 4975 2978 5033 ventilabro
3012 4987 3121 5028 non
3173 4969 3402 5026 secretis
3459 4983 3491 5022 a

1915 5082 2094 5154 palea,
2126 5078 2403 5133 frumento
2433 5074 2490 5128 in
2518 5071 2751 5127 farinam
2792 5081 2901 5121 non
2959 5062 3298 5119 comminuto
3325 5098 3341 5122 ,
3394 5074 3495 5113 ne-

1917 5151 2024 5245 que
2058 5187 2195 5241 parte
2222 5178 2436 5239 parato,
2471 5179 2536 5219 eo
2565 5177 2673 5233 quo
2701 5175 2799 5231 par
2832 5163 2918 5212 est
2961 5153 3143 5223 modo,
3195 5151 3263 5206 ad
3299 5152 3402 5245 hoc
3433 5158 3493 5205 ut

1918 5241 1990 5320 sit
2012 5262 2350 5318 esculentus.
2385 5251 2669 5323 Quomodo
2700 5264 2830 5320 ergo
2857 5262 2969 5302 non
3024 5244 3335 5300 confectum
3369 5241 3491 5298 fru-

1919 5366 2161 5411 mentum
2190 5359 2276 5407 est
2300 5349 2618 5403 alimentum
2645 5344 3015 5413 jumentorum
3041 5347 3096 5394 et
3138 5352 3247 5393 non
3313 5336 3492 5391 homi-

1919 5463 2071 5515 num,
2096 5448 2171 5499 ita
2202 5441 2307 5499 dici
2340 5446 2519 5511 potest
2546 5437 2827 5493 brutorum
2859 5432 3042 5505 potius
3068 5443 3231 5503 quam
3280 5427 3492 5493 ratione

300 5614 346 5645 "
366 5612 532 5667 Mich.
569 5627 643 5679 tv,
672 5612 721 5667 l.
800 5612 844 5644 ⁷⁸
869 5612 972 5666 lsa.
1013 5627 1091 5681 Il,
1130 5613 1179 5667 Al.
1264 5613 1307 5647 ⁷⁷
1335 5611 1469 5667 Dan.
1501 5627 1562 5677 ιι,
1595 5610 1702 5678 55;
1741 5608 1799 5666 ῐνε

1972 5621 2082 5665 LV”.
2120 5602 2199 5657 l6.
