3752 5984
320 231 425 286 765

1545 236 1603 290 S.
1647 235 1971 293 GREGORII
2003 236 2297 297 NYSSENI

3462 246 3568 303 764

318 341 668 412 praeditorum
713 343 1069 400 animantium
1101 361 1224 402 esse
1264 346 1585 402 alimentum
1622 364 1718 419 per
1752 351 1882 406 sub-

2035 372 2072 417 ις
2097 355 2163 409 ἂν
2182 354 2391 423 ἀλόγων
2428 354 2625 425 μᾶλλον
2653 358 2685 426 ἢ
2716 356 2946 425 λογικῶν
2965 349 3101 412 εἶναι
3130 360 3331 430 τροφὴν
3358 358 3433 431 μὴ
3464 378 3570 413 κα-

318 436 549 489 tiliorem
588 451 698 489 nun
764 438 1015 492 confecta
1071 440 1588 509 contemplationem
1643 443 1810 497 verba
1858 459 1890 497 a

317 526 431 583 Deo
463 529 755 596 inspirata,
790 544 898 583 non
927 530 1104 585 solum
1140 530 1356 587 Veteris
1391 531 1759 599 Testamenti,
1794 537 1887 591 sed

318 618 493 671 multa
521 618 689 671 etiam
724 618 992 673 doctrina:
1028 623 1384 692 evangelicae,
1420 633 1612 694 utpote
1662 626 1890 680 ventila-

319 709 479 773 brum
504 710 651 780 quod
708 718 905 781 purgat
960 727 1168 776 aream,
1230 715 1439 782 paleam
1474 733 1596 785 qua:
1647 732 1677 771 a
1728 726 1891 772 vento

324 809 661 870 asportatur,
682 810 736 855 et
769 802 1011 857 triticum
1043 804 1189 873 quod
1220 815 1466 862 remanet
1492 807 1560 860 ad
1592 808 1756 877 pedes
1772 809 1891 877 ejus

325 893 419 960 qui
450 892 709 954 ventilat,
746 891 926 962 ignem
973 893 1495 965 inexstinguibilem,
1527 898 1730 953 bonum
1765 899 1894 953 hor-

325 996 501 1049 reum,
541 982 788 1037 arborem
825 1000 946 1053 quae
971 984 1076 1039 fert
1105 987 1278 1044 malos
1323 987 1559 1055 fructus,
1591 990 1769 1046 minas
1807 1006 1894 1047 se-

324 1073 499 1137 curis,
537 1088 660 1143 quae
688 1075 960 1129 intentant
993 1077 1292 1133 terribilem
1338 1081 1593 1135 arborum
1642 1089 1929 1152 amputa-_

325 1163 554 1230 tionem,
589 1152 817 1235 lapides.
856 1167 950 1236 qui
984 1168 1038 1222 in
1098 1168 1395 1222 humanam
1450 1176 1894 1227 transmittuntur

325 1261 603 1309 naturam.
636 1254 762 1310 Haac
796 1256 862 1312 ad
904 1265 1051 1310 tuam
1084 1257 1429 1327 prudentiam
1460 1259 1650 1315 sedulo
1678 1262 1765 1315 bis
1806 1262 1895 1315 lit-

324 1346 460 1401 teris
488 1361 519 1400 a
550 1361 639 1400 me
673 1347 878 1416 scripta
906 1356 1054 1416 sunt,
1083 1357 1142 1403 ut
1173 1350 1285 1404 sint
1313 1352 1561 1419 quaedam
1607 1354 1894 1422 responsio

328 1434 397 1490 ad
427 1450 524 1490 eos
560 1435 655 1505 qui
687 1445 937 1491 statuunt
960 1454 1027 1493 ex
1053 1438 1238 1494 verbis
1264 1437 1466 1493 divinis
1490 1438 1627 1493 nihil
1659 1440 1893 1509 amplius

325 1541 449 1582 esse
478 1526 854 1595 quaerendum,
876 1544 1039 1597 quam
1069 1545 1190 1598 quae
1217 1537 1301 1584 est
1334 1531 1388 1583 in
1419 1538 1669 1601 promptu
1702 1532 1896 1586 littera:

325 1624 381 1673 et
413 1616 672 1672 dictionis
703 1618 1179 1687 signiﬁcationem.
1205 1620 1359 1685 Quod
1385 1623 1454 1684 si,
1489 1637 1611 1676 cum
1633 1620 1894 1692 Origenes

1990 446 2354 516 τεργασθέντα
2394 446 2482 499 διὰ
2529 448 2627 516 τῆς
2670 447 2999 514 λεπτοτέρας
3045 447 3275 519 θεωρίας
3313 450 3388 502 τὰ
3438 448 3570 504 θεό-

1991 551 2231 587 πνευστα
2265 536 2513 605 ῥήματα,
2546 535 2607 586 οὔ
2649 535 2805 605 μόνον
2842 534 2941 604 τῆς
2981 535 3224 598 Παλαιᾶς
3263 536 3566 608 Διαθήκης,

1990 626 2123 680 ἀλλὰ
2154 628 2246 680 καὶ
2276 627 2345 679 τὰ
2374 626 2541 679 πολλὰ
2574 626 2673 696 τῆς
2705 627 3067 696 εύαγγελικῆς
3103 626 3470 690 διδασκαλίας,
3502 629 3568 682 τδ

1992 716 2159 771 πτύον
2184 717 2243 770 τὸ
2276 717 2625 788 διακαθαῖρον
2653 718 2749 788 τὴν
2781 718 2961 772 ἆλωνα
2980 757 2995 782 ,
3025 718 3086 771 τὸ
3108 718 3568 788 ἀποφυσιώμενον

1991 810 2208 880 ἄχυρον,
2238 811 2267 862 ό
2317 809 2648 880 παραμένων
2682 811 2828 873 σῖτος
2859 811 2970 872 τοῖς
3022 810 3179 862 ποσὶν
3216 808 3310 862 τοῦ
3357 809 3568 878 λικμή-

1990 919 2167 973 τορος,
2205 902 2267 955 τὺ
2306 902 2566 956 ἄσϐεστον
2609 900 2739 972 πῦρ,
2770 903 2803 972 ἡ
2834 900 3011 971 ἀγαθὴ
3049 900 3297 970 ἀποθήκη
3320 941 3337 965 ,
3362 899 3424 953 τὸ
3452 898 3568 951 τῶν

1993 995 2178 1049 κακῶν
2205 994 2433 1065 εὔφορον
2474 993 2707 1064 δένδρον,
2745 994 2779 1063 ἡ
2809 992 3006 1063 ἀπειλὴ
3037 992 3137 1062 τῆς
3159 990 3367 1062 ἀξίνης,
3396 993 3429 1061 ἠ
3468 1008 3568 1060 φοι

1993 1085 2169 1158 ϐερῶς
2200 1084 2311 1139 τῶν
2349 1084 2580 1156 δένδρων
2617 1085 2713 1154 τὴν
2749 1082 2929 1154 ἀκμὴν
2979 1081 3445 1153 παραδεικνύουσα
3466 1121 3482 1143 ,
3516 1081 3567 1136 οι

1993 1178 2132 1246 πρὸς
2169 1177 2267 1247 τὴν
2311 1175 2654 1247 ἀνθρωπίνην
2704 1175 2863 1242 φύσιν
2907 1172 3353 1244 μεταποιούμενοι
3399 1171 3564 1226 λίθοι.

1994 1266 2179 1321 Ταῦτά
2207 1284 2296 1337 μοι
2317 1266 2404 1321 διὰ
2433 1266 2541 1320 τῶν
2568 1266 2701 1336 πρὸς
2730 1264 2828 1336 τὴν
2860 1264 3068 1335 σύνεσίν
3107 1281 3200 1318 σου
3229 1263 3373 1318 κατά
3396 1280 3574 1317 σπου-

1992 1358 2085 1430 δὴν
2113 1359 2455 1430 γραμμάτων
2490 1356 2755 1425 ἀπολογία
2789 1374 2874 1420 τις
2921 1356 3215 1426 γεγράφθω
3266 1356 3402 1426 πρὸς
3434 1358 3570 1420 τοὺς

1998 1450 2164 1520 μηδὲν
2196 1449 2357 1502 πλέον
2384 1448 2538 1520 παρά
2570 1449 2668 1518 τὴν
2703 1446 2994 1517 πρόχειρον
3027 1446 3127 1515 τῆς
3160 1446 3354 1512 λέξεως
3386 1446 3569 1515 ἔμφα-

1996 1557 2079 1594 σιν
2112 1540 2177 1592 ὲκ
2213 1539 2321 1592 τῶν
2349 1538 2507 1592 θείων
2545 1538 2804 1608 ῥημάτων
2826 1534 3115 1607 ἀναζητεῖν
3153 1534 3564 1597 νουθετοῦντας.

1996 1632 2060 1684 El.
2079 1631 2136 1684 δὲ
2167 1629 2259 1684 τοῦ
2296 1630 2598 1700 Ὠριγένους
2619 1626 2920 1696 φιλοπόνως
2942 1626 3067 1696 περὶ
3086 1625 3147 1677 τὸ
3177 1624 3378 1694 βιϐλίον
3402 1623 3570 1678 τοῦτο

325 1709 621 1780 plurimum
653 1710 857 1766 laboris
889 1720 943 1764 et
972 1712 1139 1766 studii
1170 1713 1225 1765 in
1256 1712 1402 1767 hunc
1449 1714 1645 1768 librum
1702 1688 1882 1770 contu-

2035 1688 2543 1784 πωδάσαντόςίκαὶ
2574 1688 2734 1788 ῆμείς
2766 1719 2951 1787 γραφῇ
2987 1688 3311 1787 παραδοῦναι
3340 1715 3434 1768 τὸν
3463 1714 3566 1767 πό-

327 1799 472 1866 lerit,
504 1815 605 1854 nos
639 1816 857 1870 quoque
885 1802 1030 1870 quod
1060 1818 1092 1856 a
1122 1804 1282 1858 nobis
1309 1814 1393 1859 est
1422 1805 1761 1861 elaboratum
1807 1807 1896 1861 lit-

325 1893 460 1948 teris
493 1897 753 1947 mandare
780 1894 1029 1949 lubenter
1061 1896 1437 1964 statuerimus,
1483 1912 1644 1952 nemo
1678 1913 1779 1954 nos
1805 1913 1896 1953 ae-

327 1991 501 2048 cuset,
538 1982 605 2038 ad
635 1984 687 2039 id
714 1986 858 2055 quod
895 1986 1027 2041 dicit
1068 1988 1361 2057 Apostolus
1401 1988 1620 2045 intuens
1656 2007 1669 2043 :
1715 1989 1895 2045 Unus-

326 2075 544 2145 quisque
576 2077 847 2144 propriam
871 2078 1158 2133 mercedem
1184 2081 1404 2149 accipiet
1433 2081 1717 2136 secundum
1739 2098 1894 2137 suum

268 2152 277 2161 “
325 2165 559 2220 laborem
576 2167 642 2219 ⁷⁸.
670 2166 786 2222 Non
818 2178 902 2223 est
933 2177 1113 2223 autem
1163 2170 1252 2225 hic
1286 2172 1426 2226 liber
1458 2187 1488 2225 a
1521 2188 1607 2228 me
1655 2175 1893 2244 Scriptus

327 2258 396 2312 ad
432 2259 877 2325 ostentationem,
911 2260 1007 2315 sed
1040 2263 1299 2330 quoniam
1345 2264 1516 2317 multa
1551 2279 1616 2319 ex
1650 2266 1717 2321 iis
1772 2282 1894 2336 qua:

324 2348 471 2402 dicta
502 2355 629 2403 sunt
654 2348 707 2401 in
743 2348 1021 2412 Ecclesiis,
1056 2351 1276 2419 quidam
1293 2367 1366 2407 ex
1394 2352 1462 2407 iis
1490 2354 1583 2422 qui
1606 2355 1891 2409 nobiscum

325 2448 634 2501 versantur,
663 2439 877 2493 dicendi
908 2439 1090 2494 studio
1120 2440 1472 2507 adnotarunt,
1509 2443 1631 2498 aliis
1671 2444 1891 2514 quidem

326 2531 398 2584 ab
432 2531 535 2586 illis
565 2532 803 2600 acceptis
845 2548 967 2602 qum
1021 2543 1422 2602 consequenter
1452 2536 1645 2590 habuit
1700 2552 1892 2592 eorum

328 2622 628 2688 adnotatio,
661 2633 713 2677 et
752 2624 873 2677 aliis
908 2638 937 2675 a
977 2638 1063 2676 me
1097 2623 1319 2689 additis,
1352 2639 1585 2694 quorum
1635 2637 1752 2682 erat
1795 2636 1893 2685 ne-

329 2711 570 2766 cnssaria
609 2709 865 2779 adiectio,
890 2725 952 2764 ea
978 2710 1032 2764 in
1064 2707 1297 2765 formam
1337 2712 1687 2768 bomiliarum
1731 2732 1893 2771 enar-

324 2802 464 2867 ravi,
496 2800 563 2854 ad
600 2800 793 2854 litterae
829 2800 1122 2854 dictionem
1163 2802 1349 2855 statim
1388 2803 1569 2859 addita
1603 2806 1889 2861 verborum

328 2892 812 2960 contemplatione,
849 2900 1115 2962 quantum
1147 2893 1282 2947 mihi
1312 2893 1378 2947 ad
1425 2894 1539 2949 haec
1570 2895 1756 2950 datum
1806 2905 1891 2953 est

1994 1828 2083 1865 νον
2117 1810 2274 1880 ἡμῶν
2306 1805 2796 1877 προεθυμήθημεν,
2833 1804 3134 1872 ὲγκαλείτω
3186 1802 3394 1873 μηδεὶς,
3423 1800 3568 1872 πρὸς

1994 1901 2056 1953 τὸ
2083 1899 2224 1952 θεῖον
2249 1897 2341 1951 τοῦ
2372 1895 2692 1950 Ἀποστόλου
2713 1895 2891 1964 λόγιον
2914 1894 3145 1963 βλέπων,
3177 1895 3235 1957 ὃς
3258 1908 3445 1963 φησιν,
3481 1893 3565 1945 ὅτι

1998 1992 2288 2055 Ἕκαστος
2309 1990 2417 2042 τὸν
2434 1988 2587 2042 lator
2601 1986 2824 2057 μισθὸν
2839 1985 3093 2054 λήψεται
3113 1984 3262 2037 κατὰ
3280 1985 3388 2037 τὸν
3408 1982 3572 2036 16cm-

1994 2085 2204 2137 κόπον.
2223 2082 2373 2152 Ἐμοὶ
2393 2080 2449 2133 δὲ
2473 2080 2532 2132 ού
2556 2078 2693 2150 πρὸς
2712 2077 2965 2143 ἐπίδειξίν
2989 2079 3106 2130 ἐστι
3136 2076 3571 2144 συντεταγμένος

1994 2177 2023 2228 ό
2060 2173 2235 2242 λόγος·
2277 2171 2390 2224 ἀλλ’
2434 2170 2617 2240 ἐπειδὴ
2648 2168 2718 2221 τά
2755 2167 2924 2221 πολλὰ
2965 2167 3075 2223 τῶν
3108 2166 3193 2219 ἐπ’
3235 2164 3569 2236 Ἐκκλησεας

1996 2263 2287 2336 ῥηθέντων,
2311 2261 2453 2323 τινὲς
2469 2260 2578 2313 τῶν
2599 2258 2884 2321 συνόντων,
2918 2259 3048 2327 ἡμῖν
3074 2257 3180 2310 ὑπὸ
3206 2255 3572 2325 φιλομαθείας

1994 2352 2419 2424 ἐσημειώσαντο,
2469 2348 2536 2403 τά
2567 2349 2663 2419 μὲν
2706 2349 2836 2418 παρ’
2870 2346 3091 2400 ἐκείνων
3119 2345 3319 2409 λαϐὼν,
3348 2345 3451 2397 ὅσα
3496 2343 3567 2397 δι’

1993 2444 2285 2503 ἀκολούθου
2317 2436 2474 2512 ἔσχεν
2499 2440 2676 2494 αὐτῶν
2708 2441 2744 2510 ὴ
2795 2439 3092 2509 σημείωσις
3111 2478 3124 2502 ,
3155 2437 3221 2490 τὰ
3252 2436 3309 2489 δὲ
3349 2436 3443 2490 καὶ
3466 2434 3567 2488 ἀπ’

1993 2536 2231 2609 ἐμαυτοῦ
2266 2534 2552 2606 προσθεὶς,
2581 2524 2655 2587 ὧν
2703 2529 2975 2598 ἀναγκαία
3004 2525 3071 2600 ἦν
3113 2532 3146 2599 ἡ
3181 2527 3472 2599 προσθήκη
3507 2528 3569 2580 ἑν

1991 2628 2215 2699 ὁμιλιῶν
2241 2627 2369 2680 εἴδει
2387 2625 2485 2696 τὴν
2505 2621 2809 2696 ύπηγορίαν
2838 2621 3160 2690 πεποίημαι,
3175 2618 3403 2688 καθεξῆς
3424 2618 3570 2688 πρὸς

1992 2721 2134 2788 λέξιν
2162 2719 2494 2793 προαγαγὼν
2535 2719 2633 2790 τὴν
2665 2717 2773 2770 τῶν
2814 2715 2990 2786 ῥητῶν
3024 2713 3276 2785 θεωρίαν,
3305 2713 3392 2780 ἐφ’
3435 2711 3568 2764 ὅσον

1993 2813 2021 2869 θ
2053 2814 2243 2885 καιρός
2273 2829 2334 2864 τε
2376 2810 2469 2864 καὶ
2509 2809 2577 2862 τὰ
2607 2807 2925 2878 πράγματα,
2954 2804 3053 2873 τὴν
3082 2803 3210 2873 περὶ
3239 2802 3426 2855 τούτου
3471 2816 3568 2870 μοι

1996 2903 2188 2974 σχολὴν
2234 2900 2465 2954 ἐνεδίδου
2522 2896 2664 2951 κατά
2709 2895 2806 2958 τὰς
2855 2895 3070 2965 ἡμέρας
3116 2893 3226 2945 τῶν
3271 2889 3564 2962 νηστειῶν.

265 3049 271 3055 _
329 2982 428 3035 otii
458 2983 513 3034 in
555 2981 751 3037 diebus
776 2981 1134 3052 jejuniorum.
1165 2981 1223 3036 In
1255 2983 1341 3040 his
1370 2985 1516 3040 enim
1538 2986 1629 3041 hic
1657 2988 1793 3043 liber
1820 2991 1882 3045 ad

2035 2997 2091 3048 Eu
2133 2993 2356 3055 ταύταις
2387 2990 2496 3061 γάρ
2538 2990 2669 3060 ἡμῖν
2698 2987 2832 3058 πρὸς
2877 2985 2974 3056 τὴν
3019 2983 3282 3054 δημοσίαν
3322 2980 3497 3051 ἀκοὴν
3534 2982 3571 3035 ὀ

330 3087 495 3131 aures
534 3072 716 3141 populi
739 3087 767 3125 a
800 3073 959 3127 nobis
988 3072 1091 3126 fuit
1112 3073 1443 3130 elaboratus.
1480 3074 1633 3141 Quod
1679 3079 1724 3135 si
1756 3086 1893 3134 tem-

329 3165 479 3233 poris
511 3163 745 3234 spatium
778 3163 941 3219 nobis
967 3162 1183 3218 dederit
1213 3165 1337 3220 vitae
1365 3175 1569 3222 nostra:
1603 3169 1892 3239 dispensa-

328 3266 416 3310 tor
438 3254 603 3319 Dcus,
637 3263 960 3324 tempusque
986 3266 1242 3325 pacatum
1274 3265 1329 3312 et
1357 3260 1741 3329 tranquillum,
1780 3260 1893 3316 for-

296 3371 301 3379 -
327 3353 477 3399 tasse
507 3350 701 3397 caetera
729 3344 1141 3415 persequemur.
1165 3345 1323 3401 Nunc
1348 3348 1510 3402 etiam
1536 3350 1696 3406 nobis
1710 3367 1893 3420 usque

327 3432 395 3488 ad
424 3434 710 3489 dimidium
752 3436 1022 3513 processit
1042 3437 1180 3493 liber
1195 3445 1250 3493 et
1274 3442 1683 3510 contemplatio.
1703 3441 1889 3497 Gratia

328 3524 539 3579 Domini
579 3528 749 3583 nostri
778 3526 908 3583 Jesu
939 3528 1146 3586 Christi
1177 3533 1247 3586 sit
1303 3528 1592 3589 nobiscum
1632 3537 1888 3593 omnibus

331 3618 387 3674 in
418 3621 615 3675 saecula
649 3623 996 3678 saeculorum.
1030 3625 1222 3680 Amen.

940 3713 1225 3769 HOMILIA
1255 3715 1296 3770 1.

396 3797 522 3853 CAP.
540 3801 626 3869 μὶ
648 3802 693 3858 ί.
732 3803 1007 3857 Osculetur
1032 3822 1112 3860 me
1127 3807 1307 3860 osculo
1325 3808 1430 3862 oris
1457 3810 1575 3862 sui:
1605 3810 1729 3880 quia
1759 3810 1893 3864 bona

325 3898 445 3948 sunt
480 3890 640 3943 ubera
688 3898 777 3944 tua
812 3909 966 3961 super
993 3895 1199 3960 uinum,
1231 3905 1281 3949 et
1331 3895 1463 3949 odor
1510 3907 1893 3966 unguentorum

304 3974 531 4061 'tuoruut
567 3995 727 4048 supra
765 3985 943 4036 omnia
995 3994 1257 4040 aromata.
1288 3985 1343 4043 2.
1383 3986 1715 4057 Unguentum
1750 3989 1889 4056 emt-

319 4086 438 4137 sum
475 4086 658 4123 nomen
698 4074 1115 4149 tuum..ldcirco
1161 4077 1562 4133 adolescentqu
1593 4079 1888 4134 dilexerunt

320 4169 387 4224 te,
406 4161 458 4213 5.
489 4170 763 4217 traxerunt
794 4173 863 4218 te.
900 4165 1025 4219 Post
1056 4176 1104 4219 te
1132 4168 1268 4220 enim
1293 4183 1562 4224 curramus
1590 4170 1647 4223 in
1674 4170 1886 4226 odorem

319 4262 701 4322 unguentorum
733 4265 963 4311 tuorum.
1004 4256 1308 4313 Introduxit
1349 4276 1427 4313 me
1465 4276 1557 4314 rex
1582 4263 1635 4314 in
1668 4277 1767 4315 sua
1790 4279 1882 4330 pe-

1993 3087 2123 3157 mp‘t
2148 3085 2338 3138 τούτου
2363 3082 2517 3150 λόγος
2539 3076 2951 3146 διεσπουδάσθη.
2984 3075 3047 3128 Ei
3074 3075 3130 3127 δὲ
3163 3072 3434 3143 παράσχοι
3468 3072 3567 3125 καὶ

1994 3178 2139 3248 ζωῆς
2167 3176 2356 3248 χρόνον
2398 3176 2426 3227 ό
2451 3173 2548 3243 τῆς
2577 3171 2721 3239 ζωῆς
2754 3168 2909 3240 ἡμῶν
2946 3166 3149 3237 ταμίας
3174 3165 3327 3229 Θεὸς,
3369 3164 3465 3218 καὶ
3491 3164 3568 3217 εί-

1996 3270 2221 3342 ρηνικὴν
2252 3265 2553 3336 εὐκαιρίαν,
2593 3263 2683 3316 καὶ
2727 3263 2838 3323 τοῖς
2880 3260 3221 3329 λειπομένοις
3257 3255 3388 3319 ἴσως
3434 3258 3565 3309 ὲπι-

1991 3358 2363 3434 δραμούμεθα.
2391 3355 2507 3409 Νῦν
2539 3355 2646 3425 γὰρ
2673 3354 2804 3423 ἡμῖν
2836 3350 2999 3421 μέχρι
3029 3348 3122 3403 τοῦ
3145 3347 3391 3418 ἡμίσεως
3424 3364 3567 3417 προς

1995 3454 2156 3527 ἦλθεν
2184 3456 2212 3506 ὁ
2237 3450 2392 3518 λόγος
2432 3446 2527 3500 καὶ
2566 3447 2601 3515 ἡ
2644 3443 2867 3523 θεωρία.
2916 3441 2982 3493 Ἦ
3019 3439 3179 3510 χάρις
3217 3437 3312 3493 τοῦ
3350 3437 3563 3507 Κυρίου

1996 3543 2153 3617 ἡμῶν
2196 3538 2370 3611 Ἰησοῦ
2416 3534 2652 3607 Χριστοῦ
2685 3532 2823 3603 μετά
2857 3532 3073 3585 πάντων
3120 3527 3276 3600 ἡμῶν
3318 3528 3400 3592 είς
3432 3528 3565 3590 τοὺς

1990 3637 2188 3696 αἰῶνας
2215 3631 2323 3685 τῶν
2355 3627 2584 3682 αἰώνων.
2640 3625 2831 3694 ’Δμήν.
3498 3631 3537 3654 ο

2609 3715 2824 3769 ΛΟΓΟΣ
2862 3715 2940 3768 Α’.
2998 3776 3005 3779 _

2060 3811 2379 3883 dmin‘acitw
2400 3826 2478 3879 με
2499 3807 2617 3863 ἀπὸ
2643 3804 2992 3875 φιλημάτων
3016 3806 3311 3873 στόματος
3333 3802 3560 3859 ἀὺτοῦ.

1989 3912 2079 3964 ὅτι
2128 3904 2334 3977 ἀγαθοὶ
2377 3900 2598 3972 μαστοι
2643 3912 2760 3953 σου
2805 3897 2959 3966 ὑπὲρ
3005 3893 3206 3961 οἶνον,
3248 3897 3347 3951 καί
3398 3898 3563 3967 ὀσμὴ

1987 4000 2191 4070 μύρων
2225 3995 2376 4062 ὑπὲρ
2404 3992 2598 4046 πάντα
2631 3990 2700 4044 τὰ
2736 3988 3031 4058 ἀρώματα.
3066 3988 3270 4055 Μῦρον
3302 3988 3563 4042 ἐκκενω-

1993 4091 2098 4144 θὲν
2126 4086 2310 4158 ὄνομά
2335 4100 2470 4140 σου.
2494 4084 2596 4137 Διὰ
2615 4082 2790 4136 τοῦτο
2815 4079 3084 4145 νεάνιδες
3104 4078 3431 4149 ἠγάπησὼι
3460 4095 3561 4144 σε,

1990 4179 2287 4235 εἵλκυσάν
2313 4193 2404 4231 σε.
2460 4176 2679 4228 Ὀπίσω
2710 4189 2826 4226 σου
2855 4174 2941 4236 είς
2970 4170 3168 4240 ὀσμὴν
3190 4170 3401 4239 μύρων
3440 4185 3562 4225 σου

1989 4269 2344 4339 δραμοῦμεν.
2386 4264 2714 4334 Εισήνεγκέ
2738 4281 2814 4332 με
2848 4268 2880 4319 ό
2908 4265 3208 4330 ,βασιλεὺς
3236 4268 3324 4330 εἰς
3354 4265 3426 4319 τὸ
3456 4282 3563 4320 τα-

319 4347 569 4399 uetralia.
627 4346 968 4403 Exsultemus
1016 4338 1065 4403 et
1111 4349 1349 4405 aptemur
1385 4353 1439 4406 in
1485 4362 1551 4407 te.
1586 4352 1882 4423 Diligamus

2035 4337 2155 4416 εῖον
2181 4359 2387 4441 αὑτοῦ.
2446 4355 2967 4426 Ἀγαλλιασώμεθα
2998 4360 3095 4412 καὶ
3132 4358 3564 4427 εὐφρανθῶμεν

319 4435 480 4489 ubera
522 4446 612 4488 tua
645 4453 807 4504 supra
824 4440 1020 4495 uinum.
1055 4439 1124 4494 'l'e
1150 4440 1337 4495 dilexit
1362 4443 1636 4497 rectitudo.

394 4617 719 4690 Quicunque
744 4635 1110 4691 congruenter
1141 4626 1373 4681 consilio
1420 4625 1597 4691 Pauli,
1642 4634 1882 4682 veterem

323 4718 616 4779 hominem,
675 4722 933 4784 tanquam
989 4717 1271 4772 sordidum
1314 4718 1534 4786 aliquod
1586 4718 1881 4774 vestimen-

248 4830 251 4839 ⁴
320 4820 459 4873 tum,
500 4808 731 4863 exuistis
763 4823 887 4863 cum
908 4810 1030 4878 ejus
1060 4810 1370 4866 actionibus
1399 4818 1454 4866 et
1485 4811 1794 4879 desideriis,
1824 4822 1879 4867 et

316 4900 526 4956 lucidas
555 4897 771 4953 Domini
804 4907 1007 4962 vestes,
1053 4899 1245 4968 quales
1282 4900 1608 4954 ostendit~in
1658 4901 1876 4956 transil-

314 4991 599 5061 gnratione
640 5005 761 5060 quae
795 4989 936 5044 facta
967 4999 1050 5045 est
1101 4991 1157 5043 in
1206 4999 1412 5051 monte,
1472 4991 1729 5047 induistis
1784 5007 1880 5062 per

313 5085 441 5136 vitae
465 5083 779 5152 puritatem,
811 5082 921 5135 imo
948 5095 1078 5135 vero
1100 5082 1194 5151 qui
1231 5082 1407 5153 ipsum
1445 5081 1734 5138 Dominutn
1779 5100 1878 5137 no-

313 5185 488 5229 strum
544 5172 728 5228 Jesum
785 5172 1063 5228 Christum
1124 5189 1245 5228 cum
1306 5174 1590 5240 charitate,
1631 5192 1752 5246 quae
1795 5186 1877 5231 est

310 5268 431 5329 ejus
464 5265 867 5329 indumentum,
897 5263 1175 5329 induistis,
1210 5273 1263 5319 ct
1289 5267 1422 5322 estis
1454 5269 1503 5322 ei
1549 5268 1873 5322 conformati

315 5355 380 5406 ad
412 5355 864 5422 impatihilitateni
896 5366 946 5411 et
984 5356 1049 5410 ad
1102 5356 1204 5409 hoc
1263 5359 1320 5412 ut
1370 5359 1490 5414 sitis
1545 5361 1871 5424 diviniores,

385 5608 467 5660 "1
495 5611 621 5663 (lor.
658 5626 739 5676 III,
769 5614 819 5666 8.

1982 4453 2051 4504 ἐν
2088 4450 2208 4503 σοί.
2254 4446 2680 4518 Ἀγαπήσωμεν
2716 4448 2989 4515 μαστούς
3030 4461 3148 4504 σου
3183 4448 3335 4517 ὑπὲρ
3362 4447 3558 4507 οἷν-ον.

1978 4543 2249 4607 Εὐθύτης
2272 4538 2590 4608 ἠγάπησέν
2615 4552 2708 4592 σε.

2055 4634 2207 4686 Ὅσοι
2231 4629 2372 4685 κατά
2393 4630 2492 4701 τὴν
2513 4628 2819 4701 ωμόουλὴν
2836 4628 2929 4683 τοῦ
2951 4628 3185 4695 Παύλου,
3209 4630 3302 4684 τὸν
3329 4632 3562 4688 παλαιὸν

1983 4723 2289 4794 ἄνθρωπον,
2320 4721 2506 4793 ὥσπερ
2539 4738 2592 4773 τι
2626 4704 2966 4792 περιϐόλαιον
2995 4722 3239 4793 ῥυπαρὸν
3280 4710 3558 4778 ἀπεδύσα-

1983 4813 2077 4867 σθε
2109 4814 2205 4866 σὺν
2232 4816 2353 4876 ταῖς
2386 4812 2615 4883 πράξεσι
2639 4812 2734 4865 καὶ
2757 4814 2874 4876 ταῖς
2907 4811 3220 4883 ἐπιθυμίαις
3245 4814 3431 4878 αὐτοῦ,
3461 4818 3558 4870 καὶ

1980 4905 2047 4959 τὰ
2096 4904 2332 4975 φωτεινὰ
2372 4904 2485 4958 τοῦ
2516 4905 2720 4976 Κυρίου
2772 4904 2993 4973 ἱμάτια,
3038 4899 3125 4958 οἷα
3173 4906 3267 4960 ἐπὶ
3313 4906 3416 4976 τῆς
3457 4908 3556 4961 τοῦ
3606 4896 3615 4905 ’

1979 4997 2137 5066 ὅρους
2171 4994 2642 5067 μεταμορφώσεως
2685 4994 2873 5061 ἔδειξε,
2921 4996 3007 5048 διὰ
3052 4997 3151 5067 τῆς
3183 4998 3558 5069 καθαρότητος

1981 5085 2074 5138 τοῦ
2100 5085 2215 5155 βίου
2241 5085 2646 5157 περιεϐάλεσθε,
2676 5086 2875 5157 μᾶλλον
2899 5087 2954 5139 δὲ
2979 5089 3029 5140 oi
3057 5087 3218 5142 αύτδν
3237 5089 3330 5142 τὸν
3350 5091 3554 5161 Κύριον

1982 5173 2137 5243 ἡμῶν
2171 5174 2377 5245 Ἰησοῦν
2412 5176 2644 5247 Χριστὸν
2680 5177 2816 5245 μετὰ
2839 5178 2935 5248 τῆς
2959 5177 3198 5248 ἀγάπης,
3229 5178 3397 5232 αὐτοῦ
3429 5197 3550 5234 στο-

1936 5316 1939 5319 ς
1982 5264 2100 5333 λῆς,
2127 5265 2493 5337 ἐνδυσάμενοι,
2547 5270 2641 5322 καὶ
2688 5269 3182 5341 συμμορφωθέντες
3228 5270 3379 5341 αὐτῷ
3415 5273 3551 5344 πρὸς

1981 5356 2037 5407 τὸ
2065 5357 2269 5421 ἀπαθές
2301 5376 2358 5411 τε
2389 5360 2483 5412 καὶ
2509 5360 2775 5427 θειότερον
2797 5378 2808 5391 ·
2844 5361 2999 5429 ὑμεῖς
3025 5361 3293 5415 ἀκούσατε
3320 5362 3416 5416 τοῦ
3442 5380 3545 5436 μυ-
