3752 5984
116 219 222 279 765

1190 219 1254 273 IN
1296 220 1595 275 CANTICA
1636 222 1908 280 CANTIC.
1947 224 2234 282 liOMlLlA
2269 228 2310 283 ι.

3276 233 3385 292 786

112 334 337 406 πτηρίου
390 334 481 387 τοῦ
516 335 794 406 ΙΙᾼσματος
835 336 947 390 τῶν
983 337 1264 409 ᾀσμάτων.
1310 343 1501 415 Ὑμεῖς
1539 345 1594 398 ὲν

1938 345 2123 400 audite
2174 348 2493 420 mysterium
2541 343 2755 402 Cantici
2812 349 3180 406 canticorum.
3245 350 3378 417 Vos,

116 424 327 494 γίνεσθε
392 424 481 479 τοῦ
530 427 807 498 ἀκηράτου
857 430 1172 501 νυμφῶνος,
1222 433 1692 507 λευχειμονοῦντες

111 520 222 581 τοῖς
270 517 529 588 καθαροῖς
575 536 635 572 τε
683 521 777 574 καὶ
824 521 1145 593 ἀμολύντοις
1182 526 1432 597 νοήμασι.
1486 530 1576 600 Μή
1608 547 1692 593 τις

110 607 334 679 ἐμπαθῆ
371 611 463 663 καὶ
497 610 751 682 σαρκώδη
779 613 1036 684 λογισμὸν
1065 616 1402 687 ἐπαγόμενος
1424 660 1437 683 ,
1488 620 1581 671 καὶ
1617 619 1690 691 μὴ

111 701 247 770 ἔχων
278 699 489 772 πρέπον
533 701 613 773 τῷ
653 702 784 775 θείῳ
809 705 972 776 γάμῳ
1004 706 1065 759 τὸ
1091 707 1189 776 τῆς
1218 708 1572 779 συνειδήσεως
1604 710 1692 763 ἐν·

109 793 270 860 ὂυμα,
308 792 537 866 συνδεθῇ
585 797 699 858 τοῖς
743 796 895 860 ἰδίοις
936 798 1190 868 νοήμασι,
1231 798 1331 862 τὰς
1379 800 1689 870 ἀκηράτους

108 883 199 938 τοῦ
235 884 472 957 νυμφίου
521 904 581 941 τε
620 887 714 941 καὶ
742 888 843 958 τῆς
869 888 1085 961 νύμφης
1113 891 1297 958 φωνὰς
1329 893 1407 956 εἰς
1440 892 1684 965 κτηνώδη

106 975 197 1028 καὶ
224 974 398 1045 ἄλογα
422 976 704 1034 καθέλκων
746 978 917 1050 πάθη,
953 980 1046 1034 καὶ
1074 980 1141 1035 δι’
1184 980 1364 1035 αὐτῶν
1405 985 1528 1046 ταῖς
1563 985 1686 1037 αἰσ-

105 1069 264 1139 χραῖς
289 1069 532 1133 ὲνδυθεὶς
563 1071 884 1140 φαντασίαις
921 1071 1026 1137 ἔξω
1048 1072 1157 1127 τῶν
1185 1075 1244 1127 ἐν
1265 1074 1343 1146 τῷ
1370 1077 1534 1146 γάμῳ
1563 1093 1688 1145 φαι-

107 1161 449 1231 δρυνομένων
491 1162 790 1234 ἀπορριφῇ,
820 1163 912 1217 τὸν
957 1163 1198 1236 βρυγμὺν
1238 1167 1419 1219 καὶτὸ
1451 1167 1686 1236 δάκρυον

107 1251 221 1303 ἀντὶ
247 1252 347 1322 τῆς
378 1254 439 1305 ὲν
470 1254 699 1307 παστάδι
749 1256 927 1327 χαρᾶς
948 1256 1445 1327 ἀνταλλαξάμενος.
1497 1260 1684 1312 Ταῦτα

106 1342 543 1416 διαμαρτύρομαι
574 1340 781 1417 μέλλων
829 1348 1095 1403 ἅπτεσθαι
1120 1349 1218 1420 τῆς
1250 1352 1307 1404 ὲν
1333 1350 1411 1422 τῷ
1446 1352 1685 1424 νᾼσματι

104 1432 208 1485 τῶν
250 1434 519 1504 ᾀσμάτων
564 1440 835 1510 μυστικῆς
863 1439 1118 1512 θεωρίας.
1164 1443 1262 1497 Διά
1304 1444 1413 1517 γὰρ
1448 1445 1559 1500 τῶν
1600 1449 1685 1501 ὲν-

105 1522 271 1578 ταῦθα
299 1528 727 1598 γεγραμμένων,
770 1548 832 1585 νυ
843 1532 1220 1602 μφοστολεῖται
1264 1536 1464 1607 τρόπον
1495 1538 1616 1593 τινὰ
1648 1540 1681 1609 ἡ

105 1611 243 1683 ψυχὴ
293 1614 432 1685 πρὸς
474 1616 575 1687 τὴν
622 1617 913 1689 ἀσώματόν
942 1638 998 1674 τε
1041 1624 1137 1678 καὶ
1178 1625 1554 1697 πνευματικὴν
1591 1629 1683 1681 καὶ

108 1700 260 1755 asto»
286 1703 381 1755 τοῦ
410 1703 547 1758 Θεοῦ
578 1707 858 1778 συζυγίαν.
898 1710 954 1765 Ὀ
989 1711 1096 1783 γάρ
1144 1713 1351 1777 πάντας
1380 1713 1549 1769 θέλων
1577 1733 1681 1769 σω·
1711 1704 1755 1760 Β

108 1789 279 1859 θῆναι,
311 1793 405 1845 καὶ
426 1793 508 1858 εἰς
537 1796 832 1865 ἐπίγνωσιν
854 1799 1110 1865 ἀληθείας
1135 1801 1329 1871 ἐλθεῖν,
1359 1805 1451 1858 τὸν
1482 1805 1681 1859 τελειόο

107 1896 255 1933 τατον
302 1883 543 1938 ἐνταῦθα
588 1888 682 1940 καὶ
714 1890 979 1959 μακάριον
1019 1892 1118 1963 τῆς
1166 1895 1441 1964 σωτηρίας
1470 1896 1680 1950 ὑποδείο

108 1989 252 2033 κνυσι
283 1975 507 2043 τρόπον,
538 1977 629 2031 τὸν
661 1979 748 2034 διά
790 1981 890 2051 τῆς
933 1982 1152 2054 ἀγάπης
1190 1984 1352 2054 λέγω.
1394 1988 1548 2040 Ἐστι
1582 1989 1680 2058 μὲν

105 2062 207 2134 γὰρ
246 2066 339 2119 καὶ
368 2066 459 2120 διὰ
490 2069 655 2136 φόϐου
699 2072 809 2125 τισὶ
854 2073 1109 2146 γινομένη
1155 2076 1189 2146 ή
1241 2077 1501 2150 σωτηρία,
1550 2080 1678 2133 ὅταν

107 2157 233 2226 πρὸς
257 2157 355 2222 τὰς
395 2161 631 2226 ἀπειλάς
675 2164 774 2234 τῆς
805 2167 864 2216 ὲν
905 2168 971 2236 τῇ
1018 2166 1211 2239 γεέννῃ
1252 2168 1528 2234 κολάσεως
1560 2169 1678 2242 βλέ-

103 2264 284 2313 ποντες
313 2250 408 2303 τοῦ
452 2253 624 2306 κακοῦ
674 2255 1053 2330 χωριζώμεθα.
1084 2258 1207 2311 Εἰσί
1236 2259 1293 2312 δέ
1325 2278 1468 2326 τινες
1493 2264 1544 2317 οἱ
1582 2264 1676 2318 xui.

103 2339 183 2392 διὰ
225 2341 320 2412 τὴν
373 2345 749 2417 ἀποκειμένην
798 2349 1198 2414 τοῖςεεὺσεϐῶς
1230 2350 1532 2421 ’βεϐιωκόσι
1583 2356 1675 2409 τὸν

106 2433 285 2524 μισθὸν
336 2436 529 2491 ἐλπίδα
560 2439 660 2511 τὴν
688 2440 889 2511 ἀρετὴν
919 2441 1335 2515 κατορθοῦντες,
1359 2448 1457 2501 οὐκ
1485 2447 1674 2524 ἀγάπῃ

104 2523 160 2575 τὸ
185 2525 398 2593 ἀγαθὸν,
430 2527 569 2582 ἀλλά
601 2531 669 2600 τῇ
699 2531 993 2604 προσδοκίᾳ
1018 2533 1119 2603 τῆς
1142 2535 1377 2606 ἀμοιϐῆς
1402 2523 1674 2592 κατακτώ.

109 2630 265 2686 μενοι.
322 2617 379 2668 ’0
432 2616 623 2688 μέντοι
691 2620 827 2690 πρὸς
871 2621 930 2674 τὸ
987 2622 1188 2677 τέλειον
1233 2626 1560 2698 ἀναδραμὼν
1604 2632 1670 2703 τῇ

106 2703 259 2776 ψυχῇ,
290 2708 594 2763 ἀπωθεῖται
629 2711 728 2782 μὲν
757 2711 846 2764 τὸν
880 2711 1044 2782 φόϐον
1069 2729 1080 2742 ·
1122 2714 1537 2790 ἀνδραποδώδης
1561 2720 1671 2792 γάρ

106 2796 137 2864 ἡ
164 2798 372 2870 τοιαύτη
397 2800 664 2865 διάθεσις,
691 2801 767 2873 τῷ
796 2803 869 2876 μὴ
898 2804 964 2858 δι’
994 2807 1213 2878 ἀγάπης
1238 2809 1571 2880 παραμένειν
1594 2812 1670 2883 τῷ

106 2886 414 2955 κυριεύοντι,
452 2888 588 2942 ἀλλὰ
621 2890 698 2960 τῷ
727 2891 835 2945 τῶν
878 2896 1157 2965 μαστίγων
1189 2897 1338 2969 φόϐῳ
1370 2899 1443 2971 μὴ
1473 2900 1671 2972 δραπε-

102 2973 265 3026 τεύειν
284 2993 296 3006 ·
322 2977 574 3049 ὑπερορᾷ
600 2979 656 3031 δὲ
691 2980 783 3033 καὶ
806 2982 985 3041 αὐτῶν
1010 2984 1118 3038 τῶν
1149 2986 1375 3055 μισθῶν,
1403 2988 1478 3052 ὡς
1499 2989 1565 3044 ἂν
1593 2990 1667 3063 μὴ

101 3062 270 3155 δοκοίη
297 3068 384 3121 τὸν
412 3069 608 3138 μισθὸν
641 3071 910 3127 ποιεῖσθαι
941 3050 1329 3150 προτιμότερον
1355 3050 1447 3133 τοῦ
1459 3050 1669 3155 *δωρου-ζ
1694 3050 1737 3108 C

104 3154 255 3223 μένου
297 3158 357 3211 τὸ
400 3160 593 3231 κέρδος
621 3176 634 3190 ⁸
685 3163 876 3236 ἀγαπᾷ
902 3165 958 3218 δὲ
987 3167 1044 3233 ἐξ
1073 3167 1199 3240 ὅλης
1225 3171 1451 3241 καρδίας
1482 3154 1666 3228 τεκαὶ

99 3243 263 3317 ψυχῆς
304 3248 397 3303 καὶ
428 3249 734 3321 δυνάμεως,
781 3254 881 3308 οὐκ
929 3254 1059 3310 ἄλλο
1098 3275 1151 3310 τι
1195 3257 1304 3312 τῶν
1338 3261 1466 3331 παρ’
1498 3261 1664 3316 αὐτοῦ

99 3338 404 3408 γινομένων,
428 3342 548 3396 ἀλλ’
574 3342 735 3397 αὐτὸν
765 3345 968 3400 ἐκεῖνον
1004 3349 1062 3412 ὃς
1101 3349 1216 3420 εστι
1244 3350 1349 3404 τῶν
1381 3352 1601 3421 ἀγαθῶν
1632 3355 1663 3427 ἡ

97 3431 260 3501 πηγή.
291 3430 512 3504 Ταύτην
539 3434 716 3488 τοίνυν
740 3437 770 3488 ό
797 3435 975 3496 καλῶν
1003 3440 1155 3509 ἡμᾶς
1183 3441 1320 3512 πρὸς
1351 3444 1448 3513 τὴν
1471 3445 1663 3499 ἑαυτοῦ

102 3523 401 3590 μετουσίαν,
438 3525 723 3595 νομοθετεῖ
746 3530 867 3591 ταῖς
892 3529 998 3582 τῶν
1023 3531 1326 3587 ἀκουόντων
1350 3534 1548 3605 ψυχαῖς
1567 3537 1664 3608 τὴν

95 3609 338 3669 διάθεσιν.
381 3614 445 3669 Ὁ
472 3616 528 3669 δὲ
556 3616 790 3687 βεϐαιῶν
820 3619 919 3691 τὴν
946 3623 1264 3692 νομοθεσίαν
1288 3626 1518 3699 ταύτην,
1545 3629 1663 3691 ἐστί

99 3700 363 3774 Σολομῶνο
399 3699 466 3761 οὗ
495 3710 529 3779 ἡ
568 3708 731 3778 σοφία
756 3710 898 3764 κατά
925 3714 1022 3783 τὴν
1053 3714 1203 3769 θείαν
1232 3718 1533 3788 μαρτυρίαν
1567 3720 1661 3791 μέ-

96 3807 212 3861 τρον
236 3798 333 3850 οὐκ
360 3797 498 3869 ἔχει,
532 3800 696 3854 πᾶσιν
730 3802 927 3875 ἐπίσης
955 3807 1065 3869 τοῖς
1091 3824 1150 3860 τε
1182 3809 1535 3879 προγεγονόσι
1569 3812 1662 3865 καὶ

94 3887 201 3948 τοῖς
226 3887 504 3958 ἐσομένοις
535 3891 865 3965 ἀσύγκριτος
907 3890 1040 3949 οὖσα
1079 3898 1173 3951 καὶ
1202 3899 1567 3971 ἀπαράθετος,
1602 3903 1660 3959 δν

94 3972 239 4029 ἔλαθε
281 3979 389 4033 τῶν
430 3981 603 4036 ὅντων
646 3984 815 4040 οὐδέν.
864 3982 1010 4059 τΑρά
1040 4005 1108 4059 με
1136 3990 1325 4044 τοῦτον
1354 3991 1660 4064 οἴεινλέγειν

93 4063 175 4126 τὸν
212 4071 273 4122 ὲκ
314 4071 416 4141 τῆς
446 4073 731 4144 Βηρσαϐεέ
763 4077 1103 4149 Σολομῶντα,
1135 4080 1227 4135 τὸν
1256 4082 1348 4136 ἐπὶ
1373 4083 1466 4137 τοῦ
1500 4084 1660 4159 ὅρους

93 4158 434 4230 ἀνενεγκόντα
458 4166 558 4237 τὴν
583 4166 887 4241 χιλιόμϐην,
912 4170 1000 4225 τὸν
1026 4174 1091 4243 τῇ
1120 4173 1345 4246 Σιδωνίᾳ
1370 4158 1658 4249 συμϐούλῳ

93 4252 218 4319 πρὸς
248 4255 347 4325 τὴν
371 4258 651 4329 ἁμαρτίαν
680 4262 1056 4333 χρησάμενον;
1092 4265 1284 4330 ’Δλλος
1310 4268 1560 4340 Σολομῶν
1589 4271 1654 4327 δι’

1795 436 2043 506 inquam,
2075 438 2425 508 ingredimini
2465 438 2610 492 intra
2638 440 2822 495 cubile
2873 443 3088 510 sponsi,
3124 444 3177 496 in
3228 445 3375 514 quod
3430 510 3433 519 .

1793 542 1901 582 non
1922 528 2069 583 cadit
2096 530 2372 594 interitus,
2404 538 2458 585 et
2507 530 3053 601 imluimiuimtmdis
3090 545 3144 589 et
3179 535 3378 606 impol-

1792 619 1924 675 lutis
1954 622 2404 691 cogitationibus.
2453 621 2511 677 Si
2547 623 2673 693 quis
2718 634 2899 679 autem
2967 627 3375 694 perturbationi

1791 711 1957 766 animi
2006 713 2299 768 obnoxiam
2352 727 2404 769 et
2454 716 2732 769 carnalem
2792 715 3027 772 indueus
3084 718 3377 786 cogitatio-

1789 816 1936 870 nem,
1968 811 2022 859 et
2061 820 2169 858 non
2218 804 2428 860 habens
2479 807 2856 862 indumentum
2890 808 3245 863 conscientia:
3287 809 3374 863 di-

1788 892 1932 948 vinis
1958 895 2292 951 conveniens
2316 897 2545 965 nuptiis,
2578 899 2817 968 propriis
2871 899 3126 969 alligetur
3153 901 3366 971 cogita-

1787 982 2055 1051 tionibus,
2079 986 2148 1040 ab
2176 985 2399 1041 interitu
2428 987 2636 1042 alienas
2667 990 2853 1056 sponsi
2882 997 2935 1044 et
2958 1004 3175 1059 sponsae
3207 1005 3372 1045 voces

1794 1077 2091 1132 attraliens
2117 1077 2185 1133 ad
2238 1078 2511 1133 belluinas
2537 1088 2591 1134 et
2646 1081 2880 1136 rationis
2919 1090 3171 1150 expertes
3202 1083 3372 1138 animi

1789 1168 2131 1233 aﬂ‘ectiones,
2170 1179 2223 1225 et
2240 1186 2338 1240 per
2367 1187 2459 1227 eas
2494 1172 2748 1227 obscenis
2781 1173 3008 1227 indutus
3042 1173 3368 1240 phantasiis,

1786 1261 2208 1331 ejiciaturextra
2233 1278 2328 1318 eos
2349 1264 2442 1333 qui
2467 1264 2522 1316 in
2554 1264 2764 1333 nuptiis
2788 1266 2895 1319 laeti
2917 1273 3113 1320 suntet
3131 1267 3365 1330 alacres.

1787 1367 1889 1422 pro
1915 1353 2140 1407 thalami
2162 1355 2347 1408 laetitia
2370 1355 2649 1425 accipiens
2662 1357 2952 1413 stridorem
2969 1358 3115 1413 denti
3127 1367 3282 1431 umet
3299 1359 3374 1414 la-

1786 1457 2020 1513 crymas.
2044 1442 2170 1507 [hec
2202 1445 2468 1501 testificor
2492 1456 2828 1503 tractaturus
2845 1450 3368 1519 contemplationem

1785 1535 2073 1605 mysticam
2101 1532 2312 1590 Cantici
2343 1537 2706 1591 canticorum.
2737 1537 2875 1593 Nam
2917 1553 3013 1608 per
3040 1554 3104 1593 ea
3133 1555 3255 1609 quae
3282 1541 3370 1596 hic

1787 1626 1991 1695 scripta
2021 1635 2172 1689 sunt,
2222 1637 2453 1683 ornatur
2469 1630 2877 1699 quodammodo
2902 1631 3084 1684 anima
3108 1640 3370 1702 tanquam

1783 1733 2005 1789 sponsa,
2037 1718 2103 1772 ad
2140 1719 2517 1788 incorpoream
2549 1729 2602 1774 et
2635 1722 2978 1792 spiritualem
3017 1724 3372 1794 materiaeque

1783 1816 2058 1878 expertem
2092 1808 2185 1864 Dei
2225 1812 2692 1880 conjunctionem.
2723 1811 2859 1867 Nam
2890 1814 2984 1883 qui
3009 1815 3124 1867 vult
3177 1830 3371 1871 omnes

1781 1915 1904 1955 esse
1927 1901 2130 1973 salvos,
2163 1910 2216 1955 et
2247 1906 2433 1958 venire
2464 1886 2530 1957 ad
2559 1904 2894 1974 agnitionem
2928 1905 3248 1969 veritatis",
3278 1920 3370 1962 os-

1781 1991 1953 2046 tendit
1987 1991 2075 2046 bic
2108 1993 2566 2064 perfectissimum
2601 2006 2657 2050 et
2706 1996 2925 2049 beatum
2969 1998 3188 2051 modum
3221 1998 3370 2052 salu-

1780 2083 1872 2147 tis,
1902 2097 2025 2137 enm
2049 2083 2173 2138 dico
2198 2086 2288 2154 qui
2327 2085 2383 2138 Iit
2423 2101 2517 2155 per
2545 2087 2894 2141 charitatem.
2923 2086 3056 2141 Nam
3088 2088 3369 2144 nonnullis

1779 2171 1839 2226 ﬁt
1868 2174 2032 2228 etiam
2074 2175 2223 2229 salus
2258 2191 2355 2245 per
2397 2178 2670 2243 timorem,
2711 2178 2932 2248 quando
2981 2180 3256 2235 intuentes
3300 2179 3367 2234 ad

1778 2261 1955 2317 minas
1986 2264 2242 2333 supplicii
2286 2266 2569 2335 gehennae,
2602 2284 2923 2338 separamur
2957 2284 2985 2322 a
3024 2270 3188 2323 malo.
3225 2268 3367 2325 Sunt

1776 2354 1938 2408 etiam
1965 2356 2152 2425 aliqui,
2189 2359 2281 2427 qui
2318 2367 2538 2428 pr0pter
2570 2376 2721 2429 spem
2769 2356 3036 2415 mercedis
3069 2362 3366 2432 repositam

1777 2443 1845 2499 iis
1878 2445 1969 2515 qui
1997 2446 2086 2516 pie
2112 2446 2369 2509 vixerint,
2406 2464 2465 2503 se
2497 2458 2645 2503 recte
2679 2457 2731 2504 et
2763 2467 2829 2504 cx
2874 2451 3079 2506 virtute
3138 2460 3363 2522 gerunt,

1775 2551 1883 2589 non
1908 2536 2176 2591 charitate
2206 2538 2406 2592 bonum
2444 2540 2809 2609 possidentes,
2849 2541 2940 2596 sed
2966 2542 3367 2611 exspectatione

1758 2628 2255 2684 remunerationis.
2302 2627 2406 2691 Sed
2453 2632 2546 2701 qui
2602 2632 2789 2684 animo
2840 2633 3012 2686 currit
3074 2633 3139 2686 ad
3182 2633 3363 2703 perfe-

1773 2721 2032 2785 ctionem,
2055 2722 2275 2792 expellit
2292 2723 2511 2793 quidem
2562 2725 2814 2778 timorem
2836 2722 2942 2794 (est
2964 2725 3109 2780 enim
3129 2726 3366 2794 ejusmo-

1772 2809 1826 2864 di
1882 2813 2102 2867 servilis
2152 2812 2385 2877 aﬂectio,
2442 2824 2730 2885 propterea
2784 2817 2928 2886 quod
2981 2816 3364 2887 non‘propter

1771 2901 2092 2959 cbaritatcm
2127 2916 2441 2975 permaneat
2489 2908 2629 2978 apud
2660 2909 2970 2975 dominum,
3008 2920 3233 2980 preptcr
3266 2911 3363 2964 ila-

1773 3009 1993 3064 grorum
2026 3004 2207 3052 autem
2239 3006 2442 3052 metum
2473 3015 2581 3054 non
2623 3001 2926 3074 aufugiat);
2974 3003 3207 3073 despicit
3263 3019 3361 3058 au-

1773 3094 1879 3142 tem
1913 3092 2061 3159 ipsas
2090 3105 2309 3161 quoque
2343 3091 2647 3158 mercedes,
2680 3110 2748 3148 ne
2780 3095 3030 3150 videatur
3051 3097 3357 3151 mercedem

1771 3179 1942 3248 pluris
1978 3180 2158 3236 facere
2187 3198 2350 3252 quam
2383 3200 2506 3238 eum
2542 3187 2632 3255 qui
2677 3188 2846 3242 donat
2878 3190 3111 3243 lucrum.
3171 3188 3359 3259 Diligit

1769 3284 1947 3327 autem
1986 3288 2050 3328 ex
2087 3281 2204 3329 toto
2232 3275 2396 3331 corde
2426 3285 2479 3333 et
2506 3280 2684 3332 anima
2714 3288 2764 3335 et
2793 3289 3084 3351 potestate,
3119 3298 3224 3336 non
3259 3283 3358 3335 ali-

1768 3363 1899 3432 quid
1927 3363 2073 3419 aliud
2095 3381 2161 3420 ex
2193 3366 2262 3421 iis
2289 3384 2410 3437 quae
2431 3368 2501 3423 ab
2533 3370 2652 3440 ipso
2689 3371 2843 3435 liunt,
2881 3373 2974 3427 sed
3009 3390 3131 3427 eum
3175 3373 3375 3443 ipsum

1766 3454 1858 3524 qui
1886 3465 1969 3511 est
2000 3454 2121 3511 fons
2150 3458 2441 3511 bonorum.
2475 3456 2578 3524 Qui
2614 3461 2797 3529 itaque
2828 3477 2928 3516 nos
2952 3472 3109 3516 vocat
3149 3465 3215 3516 ad
3264 3462 3354 3538 sui

1765 3545 2260 3615 participationem,
2298 3547 2345 3601 is
2376 3547 2517 3603 hanc
2548 3550 2600 3602 in
2659 3549 2968 3604 auditorum
3002 3553 3200 3607 animis
3239 3562 3355 3608 sta-

1764 3634 2250 3691 tuitaﬂectionem.
2285 3636 2388 3702 Qui
2443 3647 2626 3693 autem
2658 3639 2799 3695 lianc
2845 3641 3015 3710 legem
3048 3643 3245 3705 sancit,
3306 3643 3355 3697 is

1764 3737 1848 3783 est
1884 3725 2166 3793 Solomon,
2197 3728 2356 3798 cujus
2389 3730 2676 3799 sapientia,
2709 3740 2768 3784 ut
2802 3731 3047 3786 divinum
3072 3741 3165 3787 est
3198 3732 3354 3786 testi-

1763 3822 2030 3883 monium,
2067 3837 2175 3876 non
2208 3821 2372 3877 habet
2421 3838 2757 3886 mensuram,
2788 3831 2846 3877 ut
2904 3839 3026 3895 quae
3073 3840 3140 3878 ex
3194 3838 3352 3893 aequo

1763 3910 1998 3967 conferri
2026 3929 2133 3966 non
2169 3914 2341 3983 possit
2368 3929 2491 3967 eum
2522 3916 2778 3971 omnibus
2821 3918 2911 3985 qui
2945 3926 3102 3971 antea
3129 3915 3353 3971 fuerunt

1762 4011 1815 4059 et
1837 4005 1930 4074 qui
1955 4004 2122 4058 futuri
2150 4014 2315 4060 sunt:
2351 4022 2511 4076 quem
2536 4022 2724 4061 eorum
2774 4024 2896 4076 quae
2946 4016 3074 4063 sunt
3124 4007 3352 4062 omnino

1760 4096 1898 4149 nihil
1933 4096 2083 4151 latet.
2116 4095 2256 4150 Num
2294 4113 2378 4152 me
2410 4107 2572 4169 putas
2622 4099 2835 4156 dicere.
2857 4100 3204 4155 Solomonem
3255 4100 3349 4170 qui

1760 4196 1926 4244 natus
1954 4196 2037 4244 est
2063 4205 2126 4243 ex
2158 4188 2450 4255 Bersabee,
2505 4192 2596 4262 qui
2632 4193 2686 4245 in
2719 4200 2905 4247 monte
2953 4193 3151 4247 obtulit
3201 4192 3350 4246 mille

1762 4280 1951 4344 boves,
2012 4281 2105 4351 qui
2163 4279 2400 4335 Sidonia!
2435 4284 2682 4338 mulieris
2726 4284 2958 4338 consilio
2989 4299 3122 4337 usus
3160 4290 3245 4337 est
3277 4280 3347 4336 ad

92 4344 244 4398 αὑτοῦ
297 4352 643 4421 σημαίνεται,
684 4356 713 4407 ὁ
754 4358 850 4410 καὶ
896 4357 1056 4421 αὐτὸς
1104 4360 1169 4412 ἐκ
1213 4361 1306 4415 τοῦ
1341 4363 1574 4436 σπέρμαα

1867 4373 2080 4427 catum?
2101 4370 2205 4430 Sed
2230 4387 2326 4441 per
2344 4372 2487 4453 hunc
2515 4374 2657 4429 alius
2689 4375 3030 4444 signiﬁcatur
3063 4374 3349 4445 Solomon,

91 4437 242 4529 demo
267 4442 326 4495 τὸ
359 4445 501 4500 κατά
548 4447 725 4520 σάρκα
756 4450 1068 4521 γενόμενος,
1101 4445 1145 4521 ᾧ
1178 4452 1347 4524 ὄνομα
1379 4458 1593 4529 εἰρήνη,
1629 4460 1658 4520 ὁ

91 4528 327 4600 ἀληθινὸς
359 4537 455 4591 τοῦ
502 4538 715 4613 Ἰσραὴλ
745 4541 1018 4613 βασιλεὺς,
1054 4548 1082 4599 ὁ
1110 4548 1389 4619 οἰκοδόμος
1407 4528 1501 4603 τοῦ
1525 4551 1656 4606 ναοῦ

88 4619 172 4673 τοῦ
196 4621 361 4679 θεοῦ·
408 4619 443 4681 ό
471 4629 690 4685 πάντων
719 4634 1157 4708 ὲμπεριειληφὼς
1196 4640 1297 4710 τὴν
1339 4640 1560 4709 γνῶσιν,
1593 4637 1655 4699 οὗ

89 4706 382 4787 ἀόριστοςή
418 4718 609 4791 σοφία,
645 4721 845 4791 μᾶλλον
878 4724 934 4777 δὲ
963 4706 1034 4778 τὸ⁷
1055 4706 1193 4780 εἶναι
1227 4706 1389 4798 σοφία
1421 4706 1655 4785 ἐστικαὶ

88 4799 316 4893 ἀλήθεια,
351 4809 447 4863 καὶ
474 4812 582 4865 πᾶν
613 4800 916 4885 θεοπρεπές
950 4833 1009 4870 τε
1039 4819 1135 4872 καὶ
1169 4819 1369 4891 ὑψηλὸν
1398 4821 1570 4893 ὄνομά
1594 4839 1653 4876 τε

90 4892 172 4944 καὶ
223 4896 418 4985 νόημα.
501 4896 668 4967 Οὗτος
723 4906 941 4979 ὀργάνῳ
991 4910 1070 4980 τῷ
1122 4910 1425 4982 Σολομῶντι
1480 4892 1655 4985 τούτῳ

88 4984 436 5078 χρησάμενος,
479 4992 547 5045 δι’
580 4995 787 5050 ἐκείνου
834 5000 967 5070 ἡμῖν
1007 5000 1336 5070 διαλέγεται,
1372 4984 1654 5078 πρότερον

92 5074 181 5139 μὲν
222 5078 277 5131 ἐν
311 5081 656 5154 Παροιμίαις,
709 5083 826 5143 εἶτα
859 5092 917 5143 ἐν
946 5090 1024 5162 τῷ
1066 5093 1459 5168 Ἐκκλησιαστῇ
1488 5114 1503 5132 ι
1557 5100 1653 5153 καί

93 5168 217 5229 μετὰ
263 5171 434 5227 ταῦτα
478 5177 535 5229 ἐν
568 5181 635 5249 τῇ
680 5182 1012 5256 προκειμένῃ
1065 5185 1160 5238 τοῦ
1218 5186 1495 5259 ’ᾼσματος
1542 5191 1651 5244 τῶν

92 5256 332 5327 ᾀσμάτων
366 5267 672 5343 φιλοσοφίᾳ,
717 5274 820 5343 ὁδῷ
846 5276 938 5329 καὶ
967 5276 1117 5344 τάξει
1150 5279 1247 5351 τὴν
1298 5282 1432 5352 πρὸς
1470 5283 1528 5335 τὸ
1560 5284 1646 5336 τὲ-

92 5345 219 5403 ).ειον
248 5354 428 5411 ἄνοδον
454 5361 825 5420 ὑποδεικνύων
848 5367 925 5438 τῷ
958 5368 1116 5441 λόγῳ.

178 5618 216 5651 τι
238 5620 258 5673 t
279 5608 416 5680 Τίιίι.
459 5644 517 5698 ιι,
560 5631 615 5685 ι.

1759 4463 1853 4532 qui
1887 4463 2004 4531 ipse
2031 4478 2248 4533 quoque
2278 4469 2439 4516 natus
2473 4471 2555 4517 est
2595 4479 2658 4517 ex
2689 4465 2896 4518 semine
2929 4462 3092 4517 David
3145 4477 3346 4517 secun—

1758 4553 1889 4609 dum
1917 4569 2161 4617 carnem,
2187 4554 2273 4607 cui
2304 4568 2501 4608 nomen
2537 4564 2618 4608 est
2652 4569 2778 4623 pax,
2817 4554 2906 4623 qui
2944 4562 3029 4609 est
3060 4569 3221 4608 verus
3249 4566 3343 4605 rex

1760 4647 1945 4710 Israel,
1980 4647 2188 4716 quiest
2235 4645 2531 4699 aediﬁcator
2591 4645 2778 4714 templi
2833 4645 2948 4709 Dei,
3006 4646 3097 4715 qui
3161 4660 3349 4709 rerum.

1756 4738 2003 4793 omnium
2052 4736 2467 4808 comprehendit
2500 4738 2889 4807 cognitionem,
2920 4738 3078 4808 cujus
3104 4749 3187 4793 est
3216 4736 3345 4799 iulia

1753 4828 1867 4882 nita
1895 4828 2183 4898 sapientia,
2207 4828 2314 4881 imo
2340 4843 2470 4883 vero
2504 4827 2664 4897 cujus
2695 4827 2934 4882 essentia
2986 4834 3069 4883 est
3123 4828 3342 4895 sapiens

1753 4919 1828 4971 tia
1880 4925 1933 4972 et
1977 4921 2203 4986 veritas,
2263 4932 2317 4973 et
2351 4918 2633 4988 quodlibet
2660 4916 2767 4971 Deo
2799 4917 3128 4971 conveniens
3158 4920 3342 4969 excel-

1752 5025 1981 5079 sumque
2006 5025 2201 5065 nomen
2231 5018 2285 5064 et
2310 5010 2687 5080 intelligentia.
2717 5009 2765 5064 Is
2794 5024 2931 5064 usus
2961 5008 3065 5062 hoc
3096 5008 3343 5062 Solomoa

1752 5117 1820 5157 ne
1857 5110 2116 5173 tanquam
2153 5101 2540 5165 instrumento,
2571 5118 2664 5170 per
2694 5102 2844 5155 illum
2882 5100 3039 5154 nobis
3071 5099 3338 5169 loquitur,

1750 5193 1988 5262 primum
2016 5192 2234 5261 quidem
2270 5191 2323 5246 in
2359 5193 2696 5257 Proverbiis,
2727 5192 2924 5248 deinde
2981 5194 3034 5246 in
3064 5191 3339 5247 Ecclesia-

1751 5294 1852 5347 ste,
1887 5290 1940 5338 et
1970 5289 2157 5352 postea
2199 5283 2251 5335 in
2290 5286 2568 5353 proposita
2606 5284 2947 5356 pluilosupbia
2968 5282 3179 5339 Cantici
3207 5301 3337 5338 can-

1756 5379 2012 5440 ticorum,
2045 5376 2131 5429 via
2164 5384 2217 5429 et
2247 5375 2439 5429 ordine
2468 5378 2665 5431 rationi
2697 5376 2994 5434 ostendens
3040 5390 3335 5435 ascensum

1742 5468 1846 5541 ’qui
1892 5469 2062 5525 tendit
2089 5468 2152 5523 ad
2192 5465 2601 5536 perfectionem,
