3738 5984
370 190 475 242 767

1642 193 1700 251 ὃ.
1739 193 2066 252 GRECORII
2107 196 2400 253 NYSSENI

3565 193 3666 248 768

441 304 726 371 Quomodo
756 307 987 390 enimin
1043 310 1156 365 vita
1187 325 1310 381 qua:
1357 316 1440 366 est
1487 310 1787 365 secundum
1837 327 1961 367 Car-

2151 313 2398 386 ζαοάπερ
2437 286 2542 385 γὰρ
2571 312 2663 366 ἐπὶ
2691 312 2789 384 τῆς
2815 311 2961 366 κατὰ
2991 309 3168 383 σάρκα
3201 303 3371 381 ζωῆς,
3403 309 3472 364 οὑ
3513 313 3661 366 πᾶσα

365 411 518 460 nem,
553 411 664 451 non
693 399 871 454 omnis
900 409 1032 455 aetas
1065 416 1256 457 omnes
1279 401 1563 457 naturales
1581 402 1962 473 complectitur

367 487 744 553 operationes,
771 505 950 560 neque
982 507 1078 560 per
1109 493 1310 548 similia
1349 493 1508 550 nobis
1562 493 1810 564 procedit
1853 495 1964 548 vita

374 574 430 628 in
459 576 590 644 ipsis
615 586 832 635 aetatum
866 581 1227 644 dillerentiis:
1257 597 1379 639 nam
1416 601 1516 641 nec
1553 585 1732 640 infans
1759 585 1964 640 adulto-

375 680 497 724 rum
531 675 583 721 et
625 669 987 737 perfectorum
1033 676 1346 746 aggreditur
1379 691 1574 746 opera;
1609 692 1711 733 nec
1744 677 1964 734 adultus

379 772 444 810 ac
472 759 744 826 perfectus
781 771 1026 832 gestatur
1051 765 1106 819 in
1143 766 1290 821 ulnis
1324 768 1590 834 nutricis;
1614 769 1708 824 sed
1739 769 1793 823 in
1826 786 1966 826 uno-

377 860 594 914 quoque
626 855 870 915 tempore
898 853 1075 908 astatis
1097 862 1181 907 est
1215 855 1421 925 aliquid
1453 855 1600 910 aliud
1656 871 1964 927 congruens

380 951 445 990 ac
473 940 847 996 conveniens:
872 940 944 997 ita
977 944 1142 998 etiam
1178 946 1308 1002 licet
1332 947 1521 1002 videre
1551 947 1608 1007 in
1631 949 1819 1008 anima
1837 963 1966 1019 pro-

379 1028 686 1096 portionem
720 1031 1013 1100 quamdam
1051 1049 1115 1090 ac
1146 1039 1588 1093 convenientiam
1615 1055 1739 1108 eum
1771 1055 1967 1110 corpo-

380 1114 458 1170 ris
482 1117 758 1182 aetatibus,
790 1135 886 1191 per
909 1137 1046 1192 quas
1073 1124 1350 1180 invenitur
1374 1128 1509 1183 ordo
1540 1136 1595 1184 et
1624 1145 1968 1200 consequen-

381 1205 480 1270 tia,
514 1209 792 1271 deducens
823 1211 1100 1273 hominem
1129 1216 1197 1270 ad
1230 1218 1394 1272 vitam
1433 1219 1733 1290 degendam
1759 1235 1824 1276 ex
1858 1223 1969 1274 vir-

384 1303 516 1350 tute.
546 1297 717 1366 Quam
746 1301 816 1354 ob
837 1317 1058 1360 causam
1091 1306 1249 1362 aliter
1270 1307 1526 1363 erudiunt
1552 1309 1843 1365 Proverbia
1867 1327 1880 1365 :
1915 1317 1970 1365 et

277 1404 284 1410 ·
383 1385 542 1440 aliter
572 1389 792 1444 disserit
847 1391 1244 1452 Ecclesiastes:
1283 1405 1335 1452 et
1387 1414 1506 1468 quae
1546 1415 1642 1470 per
1683 1401 1968 1458 Canticum

383 1478 724 1543 canticorum
763 1472 1395 1557 traditur'philosophia,
1436 1498 1722 1561 utramque
1749 1501 1972 1562 superat

381 1570 692 1640 dogmatum
721 1575 1078 1648 sublimitate.
1103 1578 1238 1634 Nam
1270 1597 1391 1651 quae
1417 1597 1515 1652 per
1549 1581 1845 1638 Proverbia
1872 1583 1968 1638 da.

2062 403 2246 476 ἡλικία
2269 406 2446 468 πάσας
2478 405 2646 476 χωρεῖ
2673 402 2773 468 τὰς
2807 401 3040 472 φυσικὰς
3071 401 3375 474 ἐνεργείας,
3410 402 3546 456 οὑδὲ
3577 403 3659 456 διὰ

2061 497 2172 550 τῶν
2201 496 2400 568 ὁμοίων
2435 497 2566 568 ἡμῖν
2599 497 2657 551 ἐν
2692 496 2883 560 αὑταῖς
2914 494 3137 562 ἡλικιῶν
3165 495 3462 565 διαφοραῖς
3485 496 3518 548 ό
3549 495 3658 564 βίος

2065 587 2392 660 προέρχεται
2419 586 2560 658 (οὔτε
2589 587 2698 659 γὰρ
2723 587 2782 640 τὸ
2805 588 2996 656 νήπιον
3024 585 3094 640 τά
3118 585 3226 638 τῶν
3253 585 3488 638 τελείων
3521 585 3658 656 ἔργα

2069 679 2408 749 μετέρχεται,
2443 677 2566 730 οὔτε
2599 679 2627 730 ό
2664 677 2868 740 τέλειος
2901 678 2958 729 ἐν
2986 678 3104 738 ταῖς
3133 674 3410 743 ἀγκάλαις
3449 673 3556 743 τῆς
3583 691 3660 726 τι-

2067 770 2234 842 θήνης
2279 769 2778 841 ἀναλαμϐάνεται),
2831 768 2942 822 ἀλλ’
2985 769 3041 822 ἐν
3085 767 3301 837 ἑκάστῳ
3335 765 3528 835 καιρῷ
3563 766 3655 834 τῆς

2066 861 2276 932 ἡλικίας
2321 861 2449 916 ἄλλο
2511 879 2564 914 τι
2617 858 2926 932 πρόσφορόν
2975 861 3089 913 ἐστι
3142 859 3238 913 καὶ
3284 856 3664 928 κατάλληλον·

2065 950 2238 1015 οὑτως
2303 949 2448 1004 ἔστιν
2503 950 2626 1004 ἰδεῖν
2670 950 2764 1004 καὶ
2810 951 2867 1002 ἐν
2914 951 2980 1020 τῇ
3021 947 3165 1023 ψυχῇ
3208 946 3512 1015 ἀναλογίαν
3541 946 3654 998 τινὰ

2067 1043 2203 1113 πρὸς
2226 1041 2326 1106 τὰς
2348 1040 2662 1112 σωματικὰς
2689 1040 2926 1111 ἡλικίας,
2952 1039 3018 1092 δι’
3047 1034 3122 1092 ὧν
3156 1037 3487 1108 εὑρίσκεται
3505 1033 3656 1100 τάξις

2067 1152 2152 1199 τις
2181 1135 2274 1188 καὶ
2317 1133 2627 1197 ἀκολουθία,
2657 1133 2793 1202 πρὸς
2825 1132 2915 1186 τὸν
2939 1133 3059 1185 κατ’
3084 1130 3286 1202 ἀρετὴν
3321 1129 3440 1200 βίον
3469 1145 3654 1200 χειρα-

2069 1223 2323 1295 γωγοῦσα
2354 1225 2444 1278 τὸν
2479 1224 2781 1297 ἄνθρωπον.
2829 1217 2904 1278 Ob
2937 1223 3114 1294 χάριν,
3149 1205 3327 1284 ἄλλως
3371 1223 3406 1292 ἠ
3456 1221 3656 1288 Παροι-

2073 1319 2169 1388 μία
2199 1317 2463 1380 παιδεύει,
2493 1319 2584 1371 καὶ
2609 1316 2786 1379 ἄλλως
2805 1318 2832 1369 ό
2870 1313 3296 1385 Ἐκκλησιαστὴς
3319 1311 3652 1380 διαλέγεται³

2071 1409 2164 1466 καὶ
2200 1411 2232 1480 ή
2280 1408 2370 1464 διὰ
2411 1407 2505 1460 τοῦ
2545 1407 2821 1479 ’ᾼσματος
2871 1405 2978 1460 τῶν
3026 1404 3284 1477 ᾀσμάτων
3337 1403 3650 1473 φιλοσοφία,

2070 1497 2159 1552 διὰ
2207 1499 2314 1552 τῶν
2360 1498 2706 1578 ὑψηλοτέρων
2763 1497 3046 1569 δογμάτων
3107 1494 3443 1566 ἀμφοτέρων
3495 1494 3652 1564 ὑπέρ-

2071 1603 2268 1641 κειται.
2289 1587 2353 1640 Ἠ
2378 1587 2486 1657 γὰρ
2517 1587 2605 1640 διὰ
2651 1585 2758 1640 τῶν
2791 1586 3105 1656 Παροιμιῶν
3148 1583 3495 1648 διδασκαλία,
3527 1583 3651 1654 πρὸς

384 1668 475 1714 tur
498 1661 768 1728 doctrina,
813 1665 880 1720 ad
913 1682 1038 1721 eum
1076 1670 1168 1739 qui
1205 1677 1288 1724 est
1341 1671 1516 1728 adhuc
1580 1673 1761 1748 infans
1799 1675 1966 1730 verba

2151 1697 2158 1726 ν
2185 1678 2262 1731 ἔτι
2289 1679 2620 1748 νηπιάζοντα
2648 1681 2790 1732 ποιεῖ
2812 1678 3170 1746 τοὺςλόγους,
3205 1676 3570 1746 καταλλήλως
3591 1676 3650 1744 τῇ

381 1750 536 1814 facit,
577 1754 965 1810 convenienter
993 1757 1136 1812 artati
1187 1759 1454 1831 adaptans
1517 1761 1964 1818 admonitionem.

381 1835 546 1903 Audi,
565 1841 740 1913 inquit
759 1843 828 1909 ⁸⁸,
857 1846 960 1914 ﬁli,
983 1845 1116 1916 leges
1141 1851 1310 1917 patris
1347 1852 1446 1913 tui,
1477 1861 1525 1908 et
1553 1869 1614 1906 ue
1636 1853 1859 1920 repellas
1893 1855 1970 1907 iu-

381 1927 568 1983 stituta
596 1927 785 1986 matrii
814 1945 938 1989 tum.
971 1935 1130 2006 Vides
1157 1953 1224 1992 ex
1255 1939 1321 1994 iis
1345 1955 1468 2008 quae
1500 1939 1778 2007 dicuntur,
1803 1957 1966 2014 quam

381 2018 455 2072 sit
485 2020 664 2079 adhuc
695 2032 881 2082 tenera
925 2033 1058 2083 aetas
1086 2030 1299 2096 animae,
1347 2031 1807 2104 quemadmodum
1857 2049 1968 2088 non

380 2113 556 2182 possit
603 2131 662 2174 se
711 2132 956 2188 pascere,
1011 2128 1064 2176 et
1101 2121 1277 2177 adhuc
1312 2137 1450 2194 opus
1483 2125 1678 2180 habeat
1707 2127 1968 2182 maternis

380 2207 672 2274 institutis,
728 2217 782 2265 et
835 2219 1060 2282 paterna
1115 2198 1506 2272 admonitione.
1562 2207 1627 2272 Εἰ
1679 2228 1736 2273 ut
1785 2218 1967 2274 infans

382 2311 632 2374 prompto
663 2311 716 2357 et
747 2304 915 2358 alacri
951 2293 1134 2362 animo
1163 2308 1408 2386 attendat
1435 2311 1774 2378 parentibus,
1811 2313 1969 2384 polli-

380 2399 536 2446 cetur
567 2409 634 2448 ex
661 2394 966 2466 disciplinis
990 2397 1037 2452 ei
1073 2407 1396 2458 ornamenta
1429 2401 1546 2456 fore
1574 2403 1822 2470 puerilia.
1874 2403 1972 2459 Est

381 2481 528 2536 enim
561 2495 943 2540 ornamentum
980 2490 1207 2558 puerile,
1239 2491 1453 2561 torquis
1490 2507 1692 2548 aureus
1745 2493 1800 2546 in
1829 2493 1969 2550 collo

381 2575 757 2644 resplendens,
806 2586 860 2634 et
907 2594 1029 2649 quae
1075 2580 1338 2650 jucundis
1365 2597 1428 2636 ex
1488 2581 1713 2638 ﬂoribus
1766 2599 1969 2640 corona

381 2667 639 2722 nectitur.
669 2666 897 2737 Oportet
929 2677 1110 2724 autem
1145 2671 1370 2725 omnino
1402 2671 1520 2726 haec
1550 2658 1872 2745 intelligere,
1913 2685 1971 2731 ut

383 2772 580 2813 sensus
605 2759 911 2829 amigmatis
941 2759 1178 2815 deducat
1205 2761 1274 2816 ad
1322 2761 1373 2816 id
1417 2764 1563 2833 quod
1614 2774 1699 2822 est
1750 2767 1966 2824 melius.

318 2851 325 2854 '
384 2848 477 2903 Sic
502 2848 554 2904 ei
584 2849 774 2918 incipit
800 2852 1004 2905 variam
1051 2866 1115 2906 ac
1149 2853 1506 2922 multiplicem
1537 2856 1848 2916 describere
1879 2877 1970 2917 sa-

382 2939 666 3008 pientiam,
717 2947 770 2994 et
805 2940 1094 2997 inelIabilis
1143 2926 1571 3012 pu’lchritudinis
1619 2949 1965 3020 interpretari

383 3029 620 3098 speciem
656 3045 719 3098 ae
743 3033 1019 3098 decorem,
1079 3042 1268 3090 utnon
1315 3037 1497 3107 aliqua
1543 3041 1870 3100 necessitate
1917 3053 1971 3100 et

382 3129 551 3187 metu,
586 3122 682 3176 sed
707 3123 1006 3192 cupiditate
1033 3131 1086 3180 et
1111 3124 1386 3183 desiderio
1410 3131 1676 3186 excitetur
1698 3134 1764 3188 ad
1802 3135 1970 3192 bono-

382 3225 504 3264 rum
529 3211 1022 3282 participationem.
1059 3213 1197 3268 Nam
1222 3216 1518 3286 descriptio
1545 3221 1968 3288 pulchritudinis

384 3299 611 3352 attrahit
642 3301 1146 3371 omnemjuvenum
1198 3305 1552 3375 cupiditatem
1596 3309 1664 3363 ad
1721 3311 1773 3365 id
1823 3314 1969 3382 quod

382 3391 714 3456 ostenditur,
757 3395 1063 3454 accendens
1111 3395 1443 3456 desiderium
1482 3409 1540 3455 ut
1589 3401 1660 3457 sit
1693 3404 1968 3477 particeps

383 3485 693 3542 venustatis
725 3493 775 3542 et
803 3487 1109 3557 elegantia.

453 3573 526 3630 Ut
557 3591 686 3647 ergo
740 3577 790 3632 ei
846 3581 1020 3653 magis
1049 3593 1312 3655 augeatur
1339 3586 1612 3656 cupiditas
1641 3602 1671 3641 a
1703 3593 1966 3648 matcriali

383 3667 632 3723 traducta
659 3667 944 3728 all‘ectione
972 3670 1040 3726 ad
1070 3675 1313 3742 materia:
1360 3687 1637 3748 expertem
1691 3682 1967 3740 habitudi-

383 3774 532 3822 nem,
563 3769 720 3815 ornat
750 3759 1006 3816 laudibus
1035 3763 1316 3837 sapientiae
1346 3767 1830 3836 pulchritudinem.
1860 3771 1966 3828 Ne-

383 3863 492 3918 que
521 3848 696 3903 solum
747 3857 908 3904 ornat
955 3851 1137 3906 verbis
1187 3852 1308 3922 ejus
1337 3855 1574 3924 speciem
1604 3865 1658 3912 et
1687 3858 1960 3930 decorem,

385 3941 482 3997 sed
504 3941 666 3996 etiam
699 3941 820 4010 ejus
876 3945 1181 3998 enumerat
1204 3943 1460 4002 divitias:
1498 3965 1732 4020 quarum
1773 3956 1966 4012 evadet

376 4027 634 4086 dominus
709 4031 803 4101 qui
861 4045 984 4084 cum
1051 4049 1114 4087 ea
1179 4033 1522 4093 habitaverit.
1602 4045 1965 4102 Consideran-

384 4131 475 4176 tur
532 4129 713 4178 autem
779 4120 984 4178 divitia:
1034 4125 1087 4178 in
1124 4127 1190 4180 iis
1223 4143 1343 4197 quae
1392 4131 1460 4185 ab
1491 4131 1605 4202 ipsa
1647 4151 1963 4210 proponun-

385 4222 494 4272 tur.
538 4212 673 4268 Nam
721 4213 912 4269 dexter
959 4215 1176 4285 quidem
1231 4229 1315 4274 est
1344 4221 1391 4275 ei
1422 4235 1651 4281 ornatus
1705 4229 1974 4289 universit-

2069 1773 2254 1843 ἡλικίᾳ
2281 1771 2407 1835 τοὺς
2433 1772 2622 1840 λόγους
2659 1771 2992 1843 ἁρμόζουσα.
3042 1756 3268 1832 Ἄκουε,
3318 1769 3511 1840 φησὶν,
3547 1767 3652 1830 υἱὲ,

2067 1863 2291 1933 νόμους
2351 1863 2574 1930 πατρός
2632 1880 2785 1927 σου,
2837 1861 2935 1916 καὶ
2981 1861 3068 1932 μὴ
3120 1860 3336 1928 ἁπώσῃ
3390 1859 3652 1928 θεσμοὺς

2062 1957 2288 2024 μητρός
2313 1969 2450 2010 σου.
2498 1954 2661 2023 Ὁρᾷς
2687 1954 2752 2005 ἐκ
2774 1951 2880 2005 τῶν
2907 1951 3213 2022 λεγομένων
3241 1949 3302 2003 τὺ
3328 1949 3544 2003 ἁπαλὸν
3580 1948 3655 2003 ἔτι

2069 2046 2166 2116 τῆς
2196 2045 2336 2104 κατά
2372 2044 2556 2116 ψυχὴν,
2592 2044 2807 2114 ἡλικίας
2838 2044 2930 2096 καὶ
2959 2043 3223 2106 ἀπαστον,
3260 2040 3343 2093 ἔτι
3380 2037 3657 2110 μητριξκυν

2067 2137 2229 2190 αὑτὸν
2252 2135 2469 2208 θεσμῶν
2490 2137 2678 2190 ἐπιδεᾶ
2703 2135 2906 2205 βλέπει,
2933 2135 3029 2188 καὶ
3055 2132 3325 2204 πατρικῆς
3345 2131 3656 2194 νουθεσίας.

2067 2229 2178 2284 Καὶ
2208 2227 2283 2293 ὡς
2329 2227 2394 2282 ἂν
2441 2227 2846 2300 προθυμότερον
2880 2228 3140 2297 προσέχοι
3186 2227 3298 2288 τοῖς
3333 2223 3562 2292 γονεῦσι
3603 2222 3659 2274 τὺ

2067 2321 2296 2391 νήπιον,
2362 2319 2487 2382 τοὺς
2565 2318 2847 2381 παιδικοὺς
2927 2317 3076 2388 αὑτῷ
3150 2315 3659 2383 κατεπαγγέλλεται

2069 2411 2306 2481 κόσμους
2347 2411 2414 2464 ἐκ
2452 2411 2551 2480 τῆς
2597 2411 2724 2481 περὶ
2757 2409 2824 2462 τὰ
2869 2409 3168 2480 μαθήματα
3202 2407 3442 2479 σπουδῆς
3489 2425 3658 2479 προσ-

2068 2503 2414 2575 γενήσεσθαι.
2477 2501 2708 2556 Παιδίων
2777 2503 2883 2573 γάρ
2941 2503 3054 2554 ἐστι
3121 2501 3366 2571 κόσμος,
3423 2501 3659 2571 χρύσεος

2072 2595 2344 2666 μανιάκης
2390 2591 2468 2662 τῷ
2507 2592 2760 2664 τραχήλῳ
2809 2591 3326 2662 περιλαμπόμενος,
3373 2591 3475 2643 καὶ
3527 2592 3559 2643 6
3602 2589 3660 2653 ἐξ

2067 2686 2245 2740 ἀνθῶν
2267 2701 2424 2738 τινων
2478 2684 2811 2756 ἐπιχαρίτων
2868 2683 3310 2752 ἀναπλεκόμενος
3360 2682 3657 2750 στέφανος.

2069 2777 2226 2830 Νοεῖν
2259 2775 2314 2828 δὲ
2344 2774 2450 2847 χρὴ
2487 2775 2660 2830 ταῦτα
2695 2775 2908 2838 πάντως
2943 2775 3090 2838 ὅπως
3131 2772 3196 2826 ἂν
3222 2772 3474 2845 ὁδηγήσῃ
3519 2773 3659 2844 πρὸς

2069 2869 2128 2922 τὸ
2159 2873 2400 2940 κρεῖττον
2427 2870 2460 2941 ἡ
2485 2869 2578 2923 τοῦ
2606 2867 2924 2938 αἰνίγματος
2955 2866 3153 2922 ἔννοια.
3173 2865 3298 2939 ,Καὶ
3327 2863 3508 2927 οὑτως
3531 2865 3660 2918 ὑπο-

2069 2960 2301 3032 γράφειν
2343 2961 2564 3031 ἄρχεται
2605 2961 2705 3030 τὴν
2747 2958 2936 3026 σοφίαν
2966 2957 3134 3027 αὑτῷ,
3164 2956 3424 3019 ποικίλως
3464 2972 3526 3008 τε
3565 2956 3660 3008 καὶ

2072 3052 2364 3115 πολυειδῶς
2397 3051 2486 3106 τοῦ
2531 3051 2812 3122 ἁφράστου
2859 3049 3088 3113 κάλλους
3137 3047 3516 3119 διερμηνεύων
3561 3049 3659 3114 τὴν

2070 3143 2246 3213 ὥραν·
2280 3143 2354 3214 μὴ
2385 3143 2534 3214 φόϐῳ
2565 3144 2667 3196 τινὶ
2700 3142 2792 3196 καὶ
2827 3141 3063 3212 ἀνάγκῃ,
3097 3139 3232 3194 ἀλλά
3264 3138 3538 3210 ἐπιθυμίᾳ
3563 3139 3659 3192 καὶ

2071 3235 2220 3307 πόθῳ
2250 3235 2384 3307 πρὸς
2415 3236 2510 3306 τὴν
2553 3233 2661 3287 τῶν
2701 3232 2918 3303 ἀγαθῶν
2957 3231 3244 3302 μετουσίαν
3273 3230 3658 3300 διαναστῆναι.

2082 3327 2147 3380 ἸΙ
2181 3326 2289 3397 γὰρ
2330 3325 2424 3380 τοῦ
2459 3325 2690 3389 κάλλους
2736 3325 3019 3396 ἐπιγραφὴ
3060 3321 3360 3382 ἐπισπᾶται
3409 3339 3528 3384 πως
3555 3320 3657 3390 τὴν

2069 3417 2176 3472 τῶν
2226 3418 2360 3471 νέων
2417 3416 2708 3487 ἐπιθυμίαν
2767 3415 2903 3487 πρὸς
2965 3414 3026 3466 τὸ
3073 3411 3464 3481 δεικνύμενον,
3518 3409 3657 3478 πρὸς

2071 3508 2354 3563 κοινωνίαν
2380 3509 2478 3579 τῆς
2509 3508 2656 3580 ὥρας
2688 3508 2778 3562 τὸν
2807 3507 2968 3561 πόθον
2999 3501 3454 3576 ἀναρριπίζουσα.

2151 3600 2238 3664 Ὠς
2262 3598 2327 3653 ἂν
2347 3596 2438 3653 οὖν
2465 3600 2664 3670 μᾶλλον
2687 3598 2836 3670 αὐτῷ
2870 3599 2931 3651 τὸ
2951 3593 3350 3667 ἐπιθυμητικὸν
3369 3593 3653 3664 αὐξηθείη,

2073 3690 2367 3762 μετατεθὲν
2411 3691 2519 3744 ἀπὸ
2569 3691 2665 3760 τῆς
2710 3689 2904 3759 ὑλικῆς
2945 3685 3324 3760 προσπαθείας
3377 3684 3516 3754 πρὸς
3553 3684 3654 3756 τὴν

2068 3783 2230 3836 ἀῦλον
2258 3783 2461 3853 σχέσιν,
2487 3780 2710 3854 ὡραΐζει
2733 3781 2820 3836 διὰ
2847 3780 2956 3834 τῶν
2992 3777 3282 3848 ἐγκωμίων
3315 3777 3417 3847 τῆς
3462 3777 3655 3846 σοφίας

2068 3873 2129 3927 τὸ
2159 3872 2374 3938 κάλλος.
2405 3871 2516 3926 Καὶ
2548 3872 2608 3926 οὐ
2645 3873 2802 3944 μόνον
2825 3872 2887 3925 τὸ
2919 3870 3111 3934 κάλλος
3136 3869 3235 3940 τῆς
3265 3867 3416 3940 ὥρας
3433 3867 3522 3923 διὰ
3541 3868 3652 3922 τῶν

2068 3964 2241 4032 λόγων
2269 3963 2669 4035 προδείκνυσιν,
2693 3962 2832 4022 ἀλλὰ
2860 3963 2950 4017 καὶ
2979 3963 3070 4015 τὸν
3099 3960 3327 4014 πλοῦτον
3357 3961 3530 4031 αὑτῆς
3557 3961 3656 4014 ἀπο

2066 4055 2400 4126 αριθμεῖται’
2422 4049 2483 4110 οὗ
2505 4056 2692 4126 κύριος
2715 4055 2930 4117 πάντως
2951 4055 2980 4106 ό
2998 4053 3324 4124 συνοικήσας
3339 4053 3662 4121 γενήσεται..

2081 4145 2136 4199 ’0
2151 4145 2207 4199 δὲ
2228 4145 2453 4209 πλοῦτος
2472 4146 2607 4210 τέως
2626 4147 2684 4200 ἐν
2698 4148 2809 4210 τοῖς
2830 4145 3290 4216 προκοσμήμασιν
3333 4142 3511 4213 αὑτῆς
3525 4143 3650 4197 θεω-

2071 4239 2264 4308 ρεῖται.
2321 4237 2540 4308 Κόσμος
2604 4237 2702 4308 μὲν
2743 4237 2852 4310 γὰρ
2906 4237 3043 4308 αὑτῇ
3101 4231 3407 4306 περιδέξιος
3456 4234 3646 4296 αἰῶνες

387 4308 607 4372 saecula,
643 4323 766 4362 cum
791 4308 865 4362 ita
906 4307 1052 4364 dicat
1090 4308 1466 4382 Scriptura“:
1506 4315 1804 4388 Longitudo
1842 4325 1960 4378 vita:

2157 4346 2194 4385 t.
2216 4327 2401 4392 Οὕτως
2431 4307 2676 4392 εἰπόντος
2703 4328 2798 4382 τοῦ
2820 4307 2979 4397 λόγου
3001 4365 3016 4393 ,
3045 4327 3127 4380 ὅτι
3150 4325 3360 4395 Μῆκος
3375 4325 3524 4390 ,Βίου
3547 4325 3643 4378 καὶ

383 4407 432 4453 et
469 4399 595 4452 anni
621 4398 742 4452 vitm
763 4406 885 4452 sunt
912 4399 964 4452 in
995 4399 1210 4454 dextera
1259 4403 1396 4472 ejus.
1435 4404 1491 4460 In
1533 4408 1754 4462 sinistra
1779 4423 1958 4468 autem

384 4505 548 4544 manu
601 4489 762 4544 habet
822 4491 1030 4560 positas
1082 4493 1357 4562 pretiosas
1411 4497 1668 4552 virtutum
1719 4500 1958 4570 divitias,

383 4595 506 4652 qua:
540 4579 702 4636 simul
735 4580 1086 4649 resplendent
1133 4599 1256 4638 cum
1297 4587 1585 4655 splendore
1624 4591 1828 4660 gloriae.
1873 4593 1960 4650 Di-

383 4673 460 4732 cit
493 4673 676 4728 enim:
711 4670 774 4726 In
798 4673 1021 4728 sinistra
1049 4674 1162 4744 ejus
1202 4677 1405 4732 divitia:
1439 4689 1488 4734 et
1517 4681 1710 4750 gloria.
1753 4683 1960 4743 Deinde

382 4765 498 4821 oris
519 4779 738 4835 quoque
759 4761 879 4833 ejus
899 4765 1030 4818 dicit
1051 4767 1406 4822 redolentiam
1430 4771 1728 4841 spirantem
1752 4775 1952 4832 bonum

383 4845 606 4914 odorem
651 4856 902 4927 justitiaa,
957 4857 1146 4914 dicens
1193 4859 1332 4914 :Ea:
1383 4880 1472 4918 ore
1525 4866 1641 4936 ejus
1697 4870 1962 4940 egreditur

375 4949 614 5019 justitia.
657 4949 714 5004 In
754 4948 874 5018 ejus
904 4957 1084 5004 autem
1123 4950 1312 5017 labris,
1344 4969 1442 5024 pro
1473 4958 1672 5014 rubore
1727 4965 1958 5018 naturali

382 5043 554 5112 legem
587 5039 783 5096 ﬂorere
830 5039 966 5096 dicit
1009 5048 1064 5096 et
1110 5041 1564 5124 misericordiam.
1595 5047 1662 5102 Et
1704 5059 1766 5106 ut
1799 5053 1962 5124 hujus

386 5127 604 5203 sponsae
646 5130 958 5185 inveniatur
991 5132 1140 5186 omni
1165 5147 1230 5188 ex
1258 5143 1410 5204 parte
1438 5137 1677 5206 perfecta
1709 5143 1960 5210 pulchri-

381 5225 534 5291 tudo,
588 5221 844 5276 laudatur
871 5237 1092 5292 quoque
1131 5222 1252 5292 ejus
1298 5223 1571 5284 incessus.
1607 5229 1746 5284 Dicit
1771 5233 1957 5295 enim:

385 5314 446 5368 In
483 5315 578 5368 aiis
605 5313 830 5380 iustitia:
855 5312 1264 5384 ambulat.Ejus
1286 5331 1504 5388 quoque
1533 5320 1958 5390 pulchritudinis

385 5405 638 5461 laudibus
663 5420 763 5460 nec
789 5405 942 5462 deest
971 5405 1189 5478 quidem
1223 5409 1560 5479 magnitudo,
1579 5427 1703 5466 cum
1735 5414 1855 5483 ejus
1875 5418 1958 5473 iu-

483 5583 524 5610 9“
547 5581 706 5635 Prov.
745 5600 781 5648 I,
811 5585 864 5636 8.
939 5585 982 5616 ⁸⁸
1009 5584 1171 5641 Prov.
1205 5601 1280 5652 III,
1323 5588 1384 5642 lti
1421 5604 1571 5659 seqq.

2065 4419 2171 4488 ἐτη
2209 4417 2358 4488 ζωῆς
2388 4420 2458 4474 ἐν
2501 4418 2575 4490 τῇ
2605 4418 2776 4488 δεξιᾷ
2805 4417 3016 4488 αὐτῆς.
3067 4419 3156 4471 Ἐν
3195 4417 3251 4472 δὲ
3283 4421 3351 4488 τῇ
3387 4419 3648 4489 ἀριστερᾷ

2065 4509 2238 4581 χειρὶ,
2269 4507 2359 4562 τὸν
2379 4507 2673 4581 πολύτιμον
2703 4509 2810 4562 τῶν
2833 4507 3042 4578 ἀρετῶν
3072 4507 3383 4579 περίκειται
3419 4506 3644 4560 πλοῦτον

2063 4603 2130 4673 τῇ
2160 4599 2463 4672 λαμπηδόνι
2489 4601 2587 4671 τῆς
2609 4600 2768 4673 δόξης
2801 4598 3288 4670 συνδιαλάμποντα.
3325 4597 3492 4667 Λέγει
3519 4599 3641 4669 γὰρ.

2065 4691 2146 4744 ὅτι
2185 4691 2288 4745 Ἐν
2319 4689 2396 4760 τῇ
2443 4691 2728 4760 ἀριστερᾷ
2769 4690 2960 4758 αὐτῆς
3005 4689 3270 4756 πλοῦτος
3321 4689 3422 4742 καί
3477 4688 3640 4753 δόξα.

2066 4778 2196 4837 Εἶτα
2237 4785 2333 4838 καὶ
2382 4783 2476 4848 τοῦ
2518 4783 2787 4855 στόματος
2831 4783 2998 4852 αὑτῆς
3038 4781 3187 4852 λέγει
3244 4781 3345 4851 τὴν
3392 4779 3641 4834 εὔπνοιαν

2059 4873 2152 4928 τοῦ
2187 4872 2354 4929 καλοῦ
2393 4874 2494 4945 τῆς
2527 4874 2877 4946 δικαιοσύνης
2903 4873 3194 4945 ἀρώματος
3247 4873 3639 4936 ἀποπνέουσαν,

2066 4964 2238 5036 λέγων
2258 4982 2272 4996 ·
2319 4966 2421 5020 Ἐκ
2457 4965 2560 5021 τοῦ
2589 4965 2888 5035 στόματος
2926 4964 3118 5032 αὐτῆς
3150 4964 3533 5032 ἐκπορεύεται
3561 4963 3642 5017 δι-

2066 5058 2386 5125 καιοσύνη.
2435 5058 2561 5120 Τοῖς
2605 5056 2662 5110 δὲ
2710 5057 2940 5128 χείλεσιν
2974 5056 3146 5126 αὐτῆς
3191 5071 3357 5126 φησιν
3401 5055 3522 5108 ἀντὶ
3551 5053 3636 5107 τοῦ

2068 5147 2297 5216 φυσικοῦ
2350 5147 2694 5220 ἐρυθήματος
2751 5148 2842 5202 τὸν
2907 5146 3070 5218 νόμον
3130 5145 3387 5199 ἐπανθεῖν
3429 5145 3636 5199 καὶτὸν

2067 5237 2235 5292 ἔλεον.
2287 5239 2396 5292 Καὶ
2437 5239 2514 5303 ὡς
2542 5239 2608 5294 ἂν
2651 5231 2741 5294 διὰ
2773 5239 2993 5295 πάντων
3027 5235 3278 5309 εὑρεθείη
3327 5239 3395 5308 τῇ
3426 5235 3636 5307 τοιαύτῃ

2067 5330 2252 5402 νύμφῃ
2278 5331 2902 5404 κάλλοςῖρανιζὸμενον,
2933 5332 3236 5384 ἐπαινεῖται
3261 5329 3436 5400 αὐτῆς
3469 5329 3566 5382 καὶ
3577 5328 3635 5380 τὸ

2070 5423 2327 5494 βάδισμα.
2363 5426 2498 5498 Φησὶ
2531 5426 2638 5497 γάρ
2659 5441 2672 5455 '
2717 5426 2820 5480 Ἔν
2859 5422 3020 5492 ὁδοῖς
3049 5423 3445 5490 δικαιοσύνης
3481 5433 3630 5490 περι-
