3752 5984
133 217 232 276 ’269

1198 207 1260 260 ΙΝ
1301 205 1590 262 (ἈλΤίΩΛ
1629 199 1900 258 CANTIC.
1938 200 2221 256 IIOMILIA
2251 201 2291 254 l.

3251 197 3353 252 770

129 327 311 384 πατεῖ.
347 325 416 379 Οὐ
441 323 616 377 λείπει
644 325 753 386 τοῖς
771 322 1030 385 τὲπαίνοις
1057 321 1152 391 τῆς
1183 320 1329 394 ὧρας
1357 321 1475 374 οὑδὲ
1503 319 1563 372 τὸ
1588 337 1611 390 p

1870 321 2126 370 :mentum
2159 311 2462 370 excurrerit
2493 320 2748 379 tanquam
2785 310 2964 379 planta
3003 308 3182 379 aliqua
3207 309 3352 368 bene

133 420 312 490 γεθος,
353 411 442 468 ῐσα
489 413 640 484 φυτῷ
693 431 797 466 τινι
833 412 940 466 τῶν
985 411 1218 484 εὐερνῶν
1265 411 1364 480 τῆς
1409 406 1684 481 αὐξήσεως

133 501 553 576 ἀναδραμούσης.
605 495 678 554 re
719 499 776 556 δὲ
817 502 980 572 φυτὸν
1015 500 1172 556 τοῦτο
1195 495 1240 569 ᾧ
1267 501 1327 554 τὸ
1357 501 1488 573 ὕψος
1516 499 1687 568 αὐτῆς

136 592 762 667 προσεικάζεται,Αὐτὸ,
804 583 968 662 φησι,
1021 591 1087 646 τὸ
1137 591 1248 662 τῆς
1292 591 1440 660 ζωῆς
1495 591 1688 658 ξύλον

124 682 302 744 ἐστίν,
330 680 359 732 ὃ
387 679 558 751 τροφὴ
579 679 676 750 μὲν
703 680 911 748 γίνεται
930 679 1052 744 τοῖς
1082 680 1526 749 ἀντεχομένοις,
1553 677 1682 732 στύ-

124 775 205 836 λος
220 773 274 826 δέ
289 771 410 839 τοῖς
434 769 910 842 ἐπερειδομένοις
927 771 1214 840 ἀσφαλής
1233 789 1291 825 τε
1309 771 1404 825 καὶ
1419 771 1690 835 ἄσειστος.

123 863 311 936 Νοῶ-δὲ
329 863 400 917 δι’
431 863 760 935 ἀμφοτέρων
789 853 881 916 τὸν
909 863 1136 935 Κύριον.
1158 863 1332 928 Αὐτὸς
1355 863 1464 936 γάρ
1481 866 1629 918 ἐστιν
1653 864 1688 935 ἡ

133 934 255 1023 ζωή
267 953 359 1006 καὶ
386 952 446 1005 τὸ
473 934 723 1024 ἔρεισμα.
763 955 914 1026 Ἔχει
939 934 1052 1026 δὲίή
1087 955 1234 1022 λέξις
1261 934 1460 1018 οὔτως-ο
1489 934 1688 1008 Ξύλοκ

87 1090 95 1098 .
129 1041 268 1110 ’ζωῆς
305 1043 435 1096 ἐστι
472 1043 620 1098 πᾶσι
661 1043 785 1111 τοῖς
829 1045 1248 1115 ἀντεχομένοις
1293 1045 1511 1115 αὐτῆς,
1563 1044 1688 1118 [καὶ

129 1133 234 1195 τοῖς
257 1132 686 1203 ἐπερειδομένοις
726 1133 813 1186 ἐπ’
843 1134 1010 1205 αὐτὴν
1047 1135 1124 1198 ὡς
1155 1135 1244 1188 ἐπὶ
1276 1135 1478 1206 Κύριον
1510 1135 1686 1204 ἀσφα-

131 1221 274 1294 λής.]
306 1222 888 1294 Συμπεριλαμὸἀνεται
906 1223 962 1276 δὲ
989 1223 1125 1293 μετὰ
1155 1223 1263 1276 τῶν
1291 1224 1494 1277 λοιπῶν
1515 1225 1686 1292 ἐγκω-

133 1314 260 1385 μίων
299 1314 470 1385 αὐτῆς
515 1315 610 1368 καὶ
639 1316 676 1386 ὴ
704 1313 930 1386 δύναμις
949 1355 964 1378 ,
1013 1311 1087 1379 ὡς
1115 1309 1180 1368 ἂν
1221 1313 1306 1368 διὰ
1339 1306 1554 1371 πάντων
1581 1314 1688 1368 τῶν

130 1403 333 1472 ἀγαθῶν
371 1403 684 1476 πληρωθείη
737 1405 829 1459 τοῦ
860 1405 1087 1469 κάλλους
1115 1405 1214 1480 τῆς
1254 1405 1444 1474 σοφίας
1469 1405 1499 1459 ὁ
1530 1405 1686 1459 ἔπαι-

131 1511 229 1557 νος.
279 1494 340 1546 '0
389 1493 536 1560 Θεὸς
582 1493 724 1566 γὰρ,
769 1495 930 1566 φησὶ,
980 1495 1056 1565 τῇ
1113 1499 1296 1566 σοφίᾳ
1337 1497 1690 1567 ἐθεμελίωοέ

132 1586 236 1655 τὴν
259 1585 392 1656 γῆν.
443 1586 736 1658 Ἦτοίμασε
767 1587 825 1643 δὲ
873 1590 998 1652 τοὺς
1029 1590 1292 1660 οὐρανοὺς
1319 1592 1376 1642 ἐν
1410 1592 1684 1662 φρονήσει,

131 1678 216 1730 καὶ
247 1677 310 1731 τὰ
337 1678 460 1732 καθ’
495 1680 724 1733 ἕκαστον
768 1679 875 1733 τῶν
911 1682 967 1734 ἐν
1000 1683 1064 1750 τῇ
1102 1680 1274 1733 κτίσει
1301 1675 1684 1752 θεωρουμένων

131 1769 204 1831 εἰς
221 1768 315 1838 τὴν
347 1769 447 1839 τῆς
470 1769 662 1836 σοφίας
677 1769 797 1837 ἄγει
819 1769 1066 1840 δύναμιν,
1101 1770 1480 1822 διαποικίλλων
1517 1771 1684 1838 αὐτὴν

130 1857 234 1918 τοῖς
259 1855 502 1925 ὀνόμασι,
553 1855 662 1926 Τὴν
693 1857 800 1928 γὰρ
831 1856 996 1926 αὐτὴν
1043 1857 1132 1909 καὶ
1175 1858 1366 1925 σοφίαν
1409 1857 1554 1926 λέγει
1595 1859 1687 1911 καὶ

135 1945 352 2012 σύνεσιν,
395 1945 649 2016 αἴσθησίν
677 1963 734 1999 τε
777 1946 869 2000 καὶ
897 1945 1094 2014 γνῶσιν
1129 1948 1221 2000 καὶ
1251 1945 1461 2000 σύνεσιν
1491 1949 1583 2000 καὶ
1620 1948 1688 2000 τὰ

131 2039 359 2096 τοιαῦτα.
407 2041 569 2098 Μετὰ
611 2042 666 2094 δὲ
708 2041 880 2094 ταῦτα
922 2042 1308 2111 νυμφοστολεῖν
1346 2041 1568 2111 ἄρχεται
1597 2039 1688 2093 τὸν

79 2161 84 2166 ·
131 2135 239 2187 νέον
275 2133 409 2205 πρὸς
453 2134 556 2205 τὴν
596 2132 850 2204 τοιαύτην
908 2133 1236 2202 συνοίκησιν,
1284 2133 1381 2203 ἤδη
1418 2133 1553 2202 πρὸς
1597 2132 1688 2186 τὸν

134 2223 264 2278 θεῖον
307 2225 551 2295 θάλαμον
602 2224 818 2294 βλέπειν
867 2223 1302 2293 ἐγκελευόμενος.
1347 2223 1506 2291 Λέγει
1558 2223 1687 2292 γὰρ,

132 2319 210 2370 ὅτι
233 2315 323 2385 Μὴ
365 2317 780 2387 «ἐγ-καταλίπῃς
831 2316 1024 2383 αὐτὴν
1057 2315 1155 2368 καὶ
1192 2313 1504 2376 ἀνθέξεταί
1537 2327 1686 2368 σου*

133 2407 398 2475 ἐράσθητι
425 2405 642 2476 αὐτῆς,
673 2407 768 2460 καὶ
791 2405 1036 2474 τηρήσει
1061 2420 1134 2458 σε
1155 2422 1168 2436 ·
1199 2389 1690 2487 περιχαριίκωσον

135 2493 462 2566 αὐτὴν-’καὶ
513 2497 743 2566 ὑψώσει
799 2511 903 2550 σε·
943 2498 1199 2566 τίμησον
1251 2495 1446 2563 αὐτὴν
1485 2496 1586 2548 ἵνα
1618 2510 1690 2548 σε

137 2591 405 2659 περιϐάλῃ
427 2607 438 2618 ’
486 2589 586 2642 ἵνα
613 2587 694 2653 δῷ
719 2586 794 2657 τῇ
821 2575 1051 2656 κογῖυέεῇ
1083 2589 1386 2655 στέφανον
1414 2587 1688 2656 χαρίτων,

137 2679 396 2748 στεφάνῳ
449 2678 520 2732 δὲ
551 2677 782 2747 τρυφῆς
815 2680 1222 2746 ὑπερασπίσῃί
1270 2678 1358 2732 Ἐν
1386 2678 1595 2739 τούτοις
1627 2676 1691 2747 δὴ

137 2771 238 2832 τοῖς
266 2772 552 2839 στεφάνοις
591 2769 690 2839 ἤδη
732 2770 843 2832 τοῖς
884 2770 1139 2838 γαμικοῖς
1173 2768 1401 2838 ,νύμφην
1457 2783 1691 2820 κατακο-

137 2861 342 2930 σμήσας
365 2858 669 2930 ἀχώριστον
698 2858 864 2929 αὐτῆς
893 2855 1030 2912 εἶναι
1059 2859 1454 2922 διακελεύεται,
1488 2858 1688 2926 λέγων’

1786 405 2118 474 germinans.
2147 404 2215 458 Ut
2242 412 2422 456 autem
2446 400 2718 470 intelligas
2744 399 2829 454 cui
2863 401 3058 468 plantas
3085 399 3353 456 assitnile-

1789 503 1877 549 tur
1934 495 2053 564 ejus
2093 495 2343 558 altitudo,
2406 491 2555 562 Ipsa,
2593 491 2797 560 inquit,
2835 500 2912 545 est
2966 491 3351 560 lignummitte,

1787 587 1930 657 quod
1957 594 2039 641 est
2069 586 2284 656 quidem
2307 585 2702 638 nutrimentum
2731 583 2797 635 iis
2819 583 2906 652 qui
2937 597 3052 635 eam
3079 583 3356 649 apprehen-

1787 679 1950 739 dunt;
1984 677 2050 730 iis
2093 685 2270 729 autem
2315 675 2405 746 qui
2438 674 2753 735 innituntur,
2796 673 3045 726 columna
3080 676 3239 746 ﬁrma
3295 689 3356 728 ac

1798 767 2032 832 stabilis,
2067 774 2121 822 et
2147 781 2267 836 quae
2297 779 2406 818 non
2433 770 2611 834 potest
2638 762 2896 818 labeﬁeri.
2937 761 3041 818 Per
3066 770 3356 833 utrumque

1789 865 1971 912 autem
2023 857 2270 928 intelligo
2323 857 2628 913 Dominum.
2683 859 2803 929 Ipse
2851 858 2992 913 enim
3036 860 3256 912 estvita
3303 866 3356 912 et

1789 943 2022 1000 fulcrum
2060 960 2122 1000 ac
2152 945 2574 1002 ﬁrmamentum.
2601 947 2677 1000 Ita
2707 951 2888 1001 autem
2913 946 3074 1000 habet
3099 947 3356 1002 dictionis

1788 1048 2096 1106 contextus,
2142 1038 2363 1110 Lignum
2405 1048 2484 1094 est
2523 1039 2641 1094 vitae
2689 1033 2927 1092 omnibus
2953 1039 3356 1108 quiapprehen-

1788 1127 1921 1182 dunt
1961 1145 2097 1183 eam.
2130 1128 2626 1200 Comprehenditur
2653 1136 2832 1183 autem
2860 1145 2980 1183 cum
3007 1130 3218 1182 caeteris
3237 1129 3354 1198 ejus

1788 1237 2006 1292 quoque
2044 1221 2296 1277 laudibus
2333 1221 2600 1291 potentia,
2646 1228 2706 1274 ut
2740 1235 2836 1289 per
2869 1220 3048 1273 omnia
3081 1221 3218 1273 bona
3257 1220 3358 1273 im-

1787 1313 2000 1382 pleatur
2036 1312 2158 1368 laus
2198 1310 2628 1380 pulchritudinis
2669 1310 2968 1379 sapientiae.
3010 1308 3149 1364 Deus
3187 1313 3354 1366 enim,

1789 1402 1986 1472 inquit,
2023 1403 2290 1472 sapientia
2327 1401 2570 1470 fundavit
2613 1411 2828 1456 terram.
2853 1401 3070 1456 Paravit
3110 1402 3277 1456 cmlos
3303 1402 3356 1456 in

1788 1493 2094 1562 prudentia,
2123 1501 2175 1548 et
2210 1494 2637 1564 unumquodque
2651 1481 2839 1549 eorum
2863 1511 2984 1565 quae
3013 1494 3381 1567 consideran-~

1791 1591 1880 1638 tur
1911 1583 1964 1638 in
1998 1585 2295 1647 creatione,
2324 1573 2544 1639 deducit
2565 1585 2632 1640 ad
2649 1587 2790 1639 viam
2817 1586 3117 1655 sapientiae,
3137 1601 3253 1639 eam
3277 1600 3360 1639 or-

1791 1694 1928 1734 nans
1949 1680 2113 1734 variis
2141 1679 2454 1734 nominibus
2477 1679 2751 1734 :eamdem
2777 1679 2922 1734 enim
2945 1679 3019 1733 ait
3039 1695 3160 1734 esse
3187 1687 3239 1733 et
3273 1695 3360 1733 sa-

1789 1770 2048 1840 pientiam
2083 1777 2136 1824 et
2169 1770 2602 1840 intelligentiam,
2638 1786 2857 1826 sensum
2891 1779 2945 1824 et
2994 1770 3356 1840 cognitionem

1787 1869 1842 1915 et
1880 1858 2252 1930 prudentiam,
2297 1867 2504 1932 eLquze
2539 1870 2667 1916 sunt
2697 1861 3030 1932 hujusmodi.
3083 1853 3211 1916 P‘ost
3247 1861 3359 1915 haec

1788 1959 1968 2004 autem
2002 1951 2198 2020 incipit
2236 1957 2496 2021 tanquam
2529 1949 2936 2023 paranymphus
2963 1951 3230 2006 deducere
3270 1953 3360 2021 ju-

1786 2059 1978 2097 venem
2029 2043 2096 2097 ad
2147 2044 2416 2114 ejusmodi
2471 2036 2962 2106 cohabitationem,
3005 2044 3068 2098 ad
3117 2043 3360 2096 divinum

1786 2136 2085 2205 thalamum
2126 2135 2238 2204 jam
2299 2136 2499 2204 jttbens
2552 2135 2771 2194 intueri.
2827 2135 2968 2190 Dicit
3029 2137 3171 2190 enim
3217 2155 3228 2190 :
3282 2134 3360 2188 Ne

1789 2227 2027 2280 dimittas
2057 2243 2193 2292 eam,
2244 2237 2292 2282 et
2326 2227 2564 2281 retinebit
2598 2238 2644 2282 te
2666 2243 2684 2280 :
2733 2227 2894 2297 dilige
2941 2245 3078 2290 eam,
3113 2238 3160 2281 et
3193 2238 3361 2281 custo—

1789 2318 1894 2370 diet
1948 2328 2029 2371 te:
2065 2317 2408 2371 circmnvalla
2467 2333 2603 2379 eam,
2657 2325 2705 2370 et
2757 2326 2803 2370 te
2842 2319 2896 2370 in
2943 2318 3108 2372 altum
3153 2317 3392 2370 ere/tela

1791 2405 1990 2460 honora
2017 2422 2131 2459 eam
2173 2415 2227 2458 ut
2263 2415 2309 2459 te
2337 2405 2720 2474 amplectatur:
2770 2416 2826 2457 ut
2856 2407 2939 2458 det
2967 2415 3054 2458 tuo
3086 2406 3248 2474 capiti
3275 2421 3362 2458 co-

1791 2515 1976 2552 ronam
2019 2499 2335 2568 gratiarum,
2384 2515 2579 2552 corona
2605 2508 2776 2552 autent
2827 2497 3136 2550 deliciarum
3167 2506 3214 2550 te
3240 2511 3361 2564 pro-

1794 2601 1944 2662 teget.
1997 2590 2132 2644 Cum
2169 2591 2254 2644 his
2295 2591 2630 2660 nuptialibus
2664 2590 2880 2645 coronis
2929 2605 3046 2645 eam
3077 2589 3186 2658 jam
3242 2598 3362 2642 tatt-
3456 2617 3466 2622 -

1792 2700 1956 2756 quam
1988 2699 2243 2754 sponsam
2274 2693 2544 2747 ornasset,
2577 2685 2732 2754 jubet
2764 2685 2833 2740 ab
2865 2699 2926 2738 ea
2961 2697 3239 2754 nunquam
3271 2699 3360 2740 se-

1795 2775 1998 2844 parari,
2048 2773 2276 2829 dicens:
2319 2773 2542 2840 Quando
2577 2773 2842 2837 ambulas,
2885 2773 2985 2827 duc
3027 2791 3164 2836 eam,
3196 2783 3244 2828 et
3293 2775 3363 2828 sit

1797 2875 1986 2926 tecum;
2032 2879 2150 2936 cum
2199 2863 2447 2928 dormies,
2494 2875 2540 2917 te
2571 2855 2851 2926 custodiat,
2895 2873 2950 2916 ut
2987 2873 3151 2918 tecum
3184 2879 3363 2932 exper-

143 2949 331 3004 Ἠνίκα
374 2951 456 3006 ἂν
507 2949 832 3020 περιπατῇς
872 2949 1095 3016 ἐπάγου
1142 2949 1355 3018 αὐτὴν,
1403 2949 1501 3004 καί
1545 2967 1620 3019 με

1884 2965 1935 3010 ιο
1965 2955 2314 3024 colloquatur.
2335 2951 2381 2986 θ’
2401 2950 2536 3006 Cum
2555 2954 2776 3022 perhmc
2818 2962 2872 3008 et
2920 2969 3038 3022 quae
3070 2961 3194 3008 sunt
3219 2955 3363 3024 ejus-

134 3040 242 3094 σοῦ
269 3043 422 3096 ἔστω
441 3058 464 3071 ο
490 3043 560 3106 ὡς
591 3041 641 3092 δ’
669 3040 746 3094 ἂν
770 3041 1060 3110 καθεύδῃς
1091 3039 1454 3110 φυλωσέτω
1482 3055 1573 3106 σε,
1597 3042 1698 3094 ἵνα

134 3130 478 3200 ὲτειρομένῳ
525 3129 814 3199 συλλαλῇ
871 3143 990 3184 σοι.
1042 3131 1161 3184 Διὰ·
1189 3129 1393 3186 τούτων
1443 3131 1536 3185 καὶ
1589 3132 1698 3186 τῶν

137 3220 382 3274 τοιούτων
411 3221 510 3274 τοῦ
543 3220 821 3284 νεάζοντος
851 3219 930 3272 ἔτι
962 3219 1104 3272 κατὰ
1137 3221 1241 3274 -τὺν
1283 3220 1390 3276 ἔσω
1416 3220 1698 3292 ἄνθρωπον

136 3311 194 3363 τὸ
228 3311 619 3383 ἐπιθυμητικὸν
666 3311 995 3380 ἀναφλέξας,
1040 3312 1133 3364 καὶ
1180 3311 1348 3381 αὐτὴν
1392 3313 1606 3382 ἐκείνην
1631 3313 1700 3366 τὰ

141 3401 261 3471 περὶ
287 3401 487 3470 ἐαυτῆς
515 3399 874 3482 διηγουμένην
906 3401 1188 3466 ὑποδείξας
1221 3401 1300 3472 τῷ
1325 3401 1498 3474 λόγῳ,
1521 3402 1587 3454 δι’
1625 3397 1700 3457 ὦν

143 3491 366 3562 μάλιστα
388 3491 488 3562 τὴν
509 3492 856 3566 ἀγαπητικὴν
880 3494 1060 3563 σχέσιν
1086 3494 1195 3548 τῶν
1224 3494 1528 3548 ἀκουόντων
1553 3495 1704 3564 ἐφέλ-

141 3593 318 3650 κεται,
361 3583 525 3636 τοῦτο
568 3583 706 3654 μετὰ
743 3584 850 3637 τῶν
897 3585 1070 3638 ἄλλων
1105 3585 1364 3649 εἰποῦσα,
1416 3586 1498 3638 ὅτι
1555 3585 1703 3656 Ἐγὼ

139 3673 272 3740 τοὺς
317 3676 422 3744 ἐμὲ
473 3665 802 3744 saucii”an
857 3675 1082 3746 ἀγαπῶ.
1128 3679 1191 3730 Ἥ
1244 3677 1352 3748 γὰρ
1402 3676 1556 3738 ἐλπὶς
1607 3677 1700 3730 τοῦ

139 3765 582 3836 ἀνταγαπηθῆναι
627 3765 982 3836 σφοδρότερον
1011 3768 1090 3830 είς
1121 3764 1414 3836 ἐπιθυμίαν
1449 3767 1538 3821 τὸν
1577 3767 1703 3838 ἐρα-

143 3856 265 3928 στὴν
293 3857 568 3928 διατίθησι
586 3876 599 3888 υ
625 3859 718 3912 καὶ
747 3859 884 3928 μετὰ
911 3859 1115 3912 τούτων
1148 3860 1242 3923 τὰς
1273 3859 1465 3922 λοιπὰς
1484 3859 1704 3928 ἐπάγων

141 3947 469 4018 συμὸουλίας
501 3949 562 4000 ἐν
600 3948 986 4018 ἀποφαντικοῖς
1012 3966 1121 4002 τισι
1155 3951 1248 4002 καὶ
1274 3950 1704 4023 ἀπεριγράπτοις

139 4038 246 4102 τοῖς
274 4038 694 4108 ἀποφθέγμασι,
738 4041 832 4092 καὶ
881 4043 960 4102 είς
1005 4039 1498 4113 τελειοτέραν-ἕξιν
1543 4043 1703 4096 αὑτὸν

140 4128 377 4198 ἀγαγὼν,
424 4125 548 4182 εἶτα
581 4131 714 4200 πρὸς
746 4133 856 4194 τοῖς
886 4131 1212 4195 τελευταίοις
1238 4131 1344 4184 τῶν
1393 4133 1704 4204 Παροιμιῶν

143 4220 454 4292 μακαρίσας
508 4219 712 4291 ταύτην
761 4219 860 4290 τὴν
911 4217 1118 4293 ἀγαθὴν
1171 4221 1464 4290 συζυγίαν,
1514 4226 1572 4276 ἐν
1624 4221 1705 4287 οἷς

1802 3046 1971 3107 modi,
2002 3046 2122 3116 ejus
2143 3047 2234 3117 qui
2258 3055 2343 3102 est
2368 3045 2549 3100 adhuc
2572 3045 2790 3114 juvenis
2817 3047 3115 3101 secundum
3144 3045 3367 3100 interio-

1799 3155 1912 3194 rem
1945 3139 2243 3202 hominem,
2285 3135 3074 3206 inﬂammassetcupiditatem,
3123 3143 3178 3190 ct
3221 3137 3402 3189 illam'
3481 3124 3487 3131 ’

1799 3231 1972 3300 ipsam
2004 3245 2102 3286 sua
2137 3236 2451 3283 narrantem
2475 3227 2722 3282 oratione
2749 3225 3096 3289 ostendisset,
3129 3241 3228 3295 per
3249 3240 3367 3296 qua:

1799 3320 2034 3374 maxime
2057 3317 2283 3372 attrahit
2307 3317 2618 3372 dilectionis
2635 3316 2946 3371 auditorum
2973 3317 3366 3380 habitudinem,

1801 3407 1904 3462 hoc
1937 3423 2063 3462 cum
2115 3407 2240 3464 aliis
2275 3406 2464 3461 dicens
2508 3423 2523 3460 :
2565 3405 2675 3475 Ego
2697 3405 2969 3476 diligentes
2998 3423 3078 3460 me
3105 3406 3266 3476 diligo
3293 3405 3366 3468 '3;

1793 3513 1927 3568 spes
1957 3499 2103 3552 enim
2149 3511 2256 3566 qua
2289 3503 2545 3566 speratur
2591 3493 2708 3548 fore
2742 3503 2800 3548 ut
2834 3497 3166 3556 redametur,
3215 3512 3368 3550 ama-

1803 3599 1974 3646 torem
2007 3588 2304 3643 ardentiori
2336 3586 2500 3641 allicit
2543 3586 2847 3642 desiderio:
2885 3595 2939 3640 et
2964 3602 3092 3641 cum
3123 3589 3208 3641 his
3243 3589 3369 3643 reli-

1802 3696 1911 3752 qua
1937 3680 2250 3736 adduxisset
2281 3677 2534 3741 consilia,
2573 3677 2627 3731 in
2655 3676 2978 3746 quibusdam
3010 3678 3169 3732 dictis
3195 3675 3370 3733 enun-

1804 3772 2038 3830 tiatoriis
2071 3777 2124 3826 et
2147 3769 2370 3824 minime
2400 3769 2854 3838 circumscriptis,
2885 3777 2940 3824 et
2968 3785 3089 3839 eum
3121 3770 3186 3824 ad
3218 3769 3372 3824 habia

1804 3871 1920 3918 tum
1951 3861 2268 3916 deduxisset
2294 3860 2695 3930 perfectiorem,
2723 3869 2777 3915 et
2803 3860 2996 3916 deinde
3024 3861 3078 3914 in
3107 3860 3212 3916 ﬁne
3239 3859 3370 3915 Pro-

1803 3949 2114 4003 verbiorum
2142 3948 2551 4016 pronuntiasset
2583 3963 2705 4003 esse
2735 3943 2943 4003 beatam
2977 3949 3118 4004 hanc
3141 3951 3369 4020 conjun-

1805 4043 2060 4104 ctionem,
2113 4029 2335 4106 quando
2379 4039 2626 4094 mulieris
2663 4038 2810 4110 illius
2857 4038 3014 4094 fortis
3043 4047 3368 4110 persecutus
3423 4029 3430 4036 ’

1804 4139 1888 4185 est
1916 4127 2186 4190 encomia,
2219 4136 2347 4180 tunc
2381 4126 2629 4197 adjungit
2661 4127 2806 4180 illam
2839 4143 2958 4198 qua:
2986 4137 3070 4184 est
3107 4130 3158 4181 in
3181 4127 3369 4182 Eccled

1807 4219 1974 4275 siaste
2005 4216 2428 4286 philosophiam,
2471 4223 2531 4268 ut
2563 4217 2655 4295 qui
2695 4231 2793 4284 per
2835 4216 3230 4284 proverbialem
3282 4216 3369 4268 in-

136 4311 377 4383 διεξῆλθε
405 4313 476 4366 τὰ
505 4312 604 4381 τῆς
629 4313 876 4383 ἀνδρείας
908 4315 1162 4380 γυναικὸς
1192 4315 1403 4384 ἐκείνης
1432 4314 1618 4384 ἐγκώμ

1887 4309 2144 4364 tutionem
2185 4307 2318 4362 satis
2364 4300 2762 4360 introduxisset
2790 4309 2858 4358 ad
2898 4305 3226 4359 desiderium
3257 4304 3369 4358 vir-

136 4398 254 4453 τότε
279 4399 606 4472 προστίθησι
624 4400 722 4470 τὴν
741 4403 798 4454 ἐν
828 4399 907 4472 τῷ
939 4401 1335 4472 Ἐκκλησιαστῇ
1369 4403 1704 4471 φιλοσοφίαν,

136 4490 213 4560 τῷ
257 4490 431 4560 ἱκανῷ
468 4489 557 4543 διὰ
585 4490 686 4562 τῆς
729 4489 1126 4562 παροιμιὼδους
1155 4492 1376 4560 ἀγωγῆς
1413 4493 1710 4562 εἰσηγησα-

140 4585 283 4657 μένῳ
313 4587 396 4649 είς
444 4584 544 4656 τὴν
571 4584 680 4638 τῶν
720 4580 932 4656 ἀρετῶν
955 4583 1270 4655 ἐπιθυμίαν.
1305 4583 1415 4636 Καὶ
1441 4583 1709 4638 διαΰαλὼν

137 4678 193 4728 ἐν
225 4677 402 4748 τούτῳ
440 4674 520 4746 τῷ
563 4674 702 4746 λόγῳ
730 4676 829 4746 τὴν
881 4677 1010 4746 περὶ
1046 4675 1116 4730 τὰ
1145 4675 1444 4746 φαινόμενα
1479 4675 1588 4728 τῶν
1615 4677 1711 4728 ἀν-

138 4768 369 4838 θρώπων
420 4769 634 4838 σχέσιν,
690 4769 782 4820 καὶ
823 4769 1050 4838 μάταιον
1100 4767 1268 4820 είπὼν
1315 4760 1454 4820 εἶναι
1505 4768 1611 4820 πᾶν
1649 4768 1710 4820 τὸ

136 4859 404 4914 ἀστατοῦν
452 4875 513 4912 τε
552 4861 644 4912 καὶ
674 4847 1112 4930 παρερχόμενον,
1168 4859 1226 4910 ἐν
1269 4853 1350 4920 οἷς
1395 4875 1594 4929 φησιν,
1627 4859 1709 4912 ὅτι

137 4951 250 5004 Πᾶν
280 4950 342 5004 τὸ
381 4949 748 5019 ἐπερχόμενον
784 4944 1106 5018 ματαιότης·
1147 4947 1470 5018 ὑπερτίθησι
1511 4948 1712 5012 παντὸς

137 5037 228 5092 τοῦ
248 5038 316 5091 δι’
344 5038 654 5107 αἰσθήσεως
681 5035 1228 5106 καταλαμϐανομένων
1257 5035 1354 5106 τὴν
1383 5038 1709 5108 ἐπιφυτικὴν

137 5129 233 5196 τῆς
258 5129 439 5197 ψυχῆς
467 5127 623 5196 ἡμῶν
661 5125 870 5196 κίνησιν
904 5126 995 5179 ἐπὶ
1027 5125 1086 5178 τὸ
1107 5125 1336 5195 ἀόρατον
1363 5125 1580 5190 κάλλος·
1619 5128 1710 5179 καὶ

138 5212 304 5278 οὕτως
355 5211 672 5284 ἐκκαθάρας
710 5211 808 5280 τὴν
845 5209 1070 5280 καρδίαν
1117 5209 1216 5279 τῆς
1267 5211 1394 5280 περὶ
1435 5210 1502 5262 τὰ
1529 5211 1711 5280 φαινό-

143 5321 273 5372 μενα
317 5305 580 5375 σχέσεως,
611 5305 731 5358 τότε
754 5303 839 5358 διὰ
869 5303 962 5356 τοῦ
977 5303 1269 5372 δ”ᾼσματος
1300 5302 1406 5356 τῶν
1448 5305 1708 5374 ᾀσμάτων

216 5589 260 5622 ⁸¹
286 5591 449 5647 Prov.
480 5603 553 5658 tv,
586 5591 640 5659 6,
667 5606 785 5660 sqq.
865 5591 907 5621 ⁸³
931 5587 1092 5642 Prov.
1130 5603 1248 5656 vm,
1289 5589 1370 5642 Π.

1810 4411 2020 4456 tutum:
2054 4407 2107 4453 et
2137 4413 2259 4452 cum
2287 4399 2342 4452 in
2369 4411 2434 4451 eo
2462 4397 2600 4450 libro
2625 4395 3064 4466 reprehendisset
3093 4396 3371 4450 hominum

1810 4490 1876 4544 ad
1906 4491 1958 4544 id
1997 4489 2142 4558 quod
2198 4494 2422 4558 apparet
2470 4485 2864 4550 habitudinem,
2921 4495 2976 4541 et
3019 4501 3218 4540 vanum
3252 4500 3376 4540 esse

1809 4583 2040 4638 dixisset
2067 4579 2331 4650 quidquid
2361 4586 2445 4634 est
2473 4578 2726 4634 instabile
2753 4587 2807 4633 et
2839 4581 3133 4646 transiens,
3163 4581 3372 4642 dicens,

1812 4671 2084 4743 Quidquid
2129 4671 2278 4726 venit
2319 4677 2404 4725 est
2444 4669 2694 4724 vanitas:
2748 4670 2970 4724 cuilibet
3019 4670 3163 4740 quod
3212 4686 3376 4725 sensu

1810 4761 2310 4832 comprehenditur,
2351 4757 2569 4830 praefert
2612 4759 2914 4814 naturalem
2951 4761 3143 4815 anima:
3173 4771 3378 4816 nostra:

1812 4854 2106 4909 motionem
2149 4851 2218 4905 ad
2269 4849 2728 4920 pulchritudinem
2781 4864 2900 4919 qua:
2930 4865 3040 4902 non
3085 4849 3228 4904 cadit
3273 4837 3394 4904 sub.

1811 4950 2114 5012 aspectum.
2167 4939 2380 4994 Etcum
2427 4940 2507 4993 sic
2543 4954 2638 4992 cor
2675 4947 3032 5008 expurgassct
3059 4940 3126 4992 ab
3159 4939 3379 4994 habitu-

1812 5031 1940 5086 dine
1972 5044 2093 5099 qute
2123 5037 2205 5083 est
2243 5027 2308 5081 ad
2337 5027 2390 5082 id
2435 5028 2578 5096 quod
2611 5034 2854 5098 apparet,
2907 5035 3036 5081 tunc
3067 5043 3163 5097 per
3190 5028 3380 5082 Canti—

1815 5136 1938 5178 cum
1973 5121 2315 5174 canticorum
2359 5121 2592 5190 mystice
2645 5119 2950 5173 introduxit
2992 5119 3378 5188 cogitationem

1817 5214 1882 5266 ad
1915 5211 2101 5265 divina
2129 5211 2326 5281 adyta:
2359 5211 2415 5264 in
2445 5213 2646 5281 quibus
2677 5210 2728 5278 id
2761 5209 2978 5281 quidem
3009 5210 3152 5278 quod
3185 5209 3382 5263 inscri-

1815 5304 1985 5367 bitur,
2015 5310 2097 5356 est
2134 5311 2430 5372 apparatus
2471 5303 2765 5376 nuptialis:
2805 5301 2856 5357 id
2901 5309 3078 5356 autem
3117 5301 3260 5370 quod
3297 5303 3384 5358 iu-
