3738 5984
345 254 446 318 ﬁt

1590 250 1648 314 5.
1689 246 2022 315 Gnsconu
2062 244 2357 313 tulissem

3512 248 3622 303 7'7!

349 374 629 444 tciligitur,
660 379 744 427 est
791 372 1041 425 humanae
1085 370 1283 425 animae
1317 385 1440 425 cum
1475 370 1584 425 Dco
1615 382 1928 443 contempe—

2081 373 2182 435 ’τὸς
2210 371 2317 424 τῶν
2339 370 2497 423 θείων
2522 368 2728 423 ἀδύτων
2763 367 3117 438 μυσταγωγεῖ
3138 365 3237 432 τὴν
3264 363 3502 417 διάνοιαν
3519 376 3535 388 ·
3563 363 3621 412 ἰν

348 465 508 518 ratio.

417 735 711 799 PrOpterea
739 750 786 789 ts
816 740 900 788 est
934 748 1173 802 sponsus
1200 736 1295 805 qui
1327 734 1379 788 in
1407 734 1725 793 Proverbiis
1751 741 1932 796 nomi-

349 838 510 881 natur
561 826 724 889 lilius,
777 836 829 878 et
863 826 1128 893 sapientia
1178 826 1357 879 locum
1407 836 1554 882 tenet
1598 844 1841 898 sponsae;
1870 840 1932 887 ιιι

349 920 391 972 Ι)
430 936 460 972 o
492 921 654 971 homo
694 920 1062 987 tlcsponsetur
1095 926 1248 971 casta
1297 920 1471 989 virgo,
1514 930 1568 975 et
1604 920 1712 978 Deo
1754 924 1933 994 agglu.

350 1011 554 1063 tinatns
607 1010 700 1062 fiat
751 1024 892 1062 unus
928 1009 1175 1078 spiritus,
1236 1024 1333 1078 per
1366 1013 1929 1081 contemperatioucm

348 1116 470 1154 cum
503 1116 570 1153 eo
593 1100 736 1168 quod
772 1107 856 1153 est
892 1099 959 1151 ab
990 1100 1215 1154 interitu
1252 1100 1488 1155 alienum
1521 1110 1575 1157 et
1608 1104 1928 1173 impatibile,

348 1192 415 1245 de
444 1192 590 1259 gravi
627 1205 791 1243 carne
816 1189 1040 1245 effectus
1070 1206 1209 1269 pura
1234 1191 1611 1262 intelligentia.
1642 1195 1777 1250 Cum
1802 1213 1933 1269 ergo

350 1280 423 1334 sit
471 1294 593 1348 qua:
634 1279 878 1347 loquitur
918 1266 1207 1349 sapientia,
1263 1282 1428 1353 dilige
1473 1293 1739 1355 quantum
1779 1266 1934 1357 potes

348 1388 415 1426 ex
447 1380 562 1424 toto
595 1370 761 1425 corde
795 1379 848 1425 et
876 1372 1008 1426 totis
1040 1372 1273 1437 viribus,
1307 1377 1637 1445 concupisce
1666 1388 1933 1448 quantum

349 1474 504 1533 potes
529 1478 747 1537 capere.
775 1462 931 1516 Addo
958 1471 1140 1518 autem
1172 1463 1435 1519 audacter
1463 1467 1549 1522 his
1571 1483 1787 1539 quoque
1808 1486 1933 1524 ver-

352 1556 457 1618 bis,
490 1556 647 1608 Ama.
690 1538 1051 1621 Neque‘enim
1085 1543 1503 1623 reprehensioni
1533 1564 1618 1612 est
1644 1557 1842 1624 aliinis,
1880 1567 1935 1614 et

348 1654 435 1702 est
484 1645 804 1716 impatibilis
840 1646 896 1699 in
937 1646 1279 1716 incorporeis
1313 1648 1429 1703 haec
1460 1648 1697 1715 affectio,
1746 1659 1806 1707 ut
1842 1667 1939 1726 sa-_

351 1742 557 1811 pientia
606 1740 740 1794 dicit
770 1741 824 1794 in
871 1739 1208 1805 Proverbiis,
1238 1741 1306 1795 de
1349 1756 1536 1797 amore
1572 1743 1775 1799 divinae
1812 1745 1933 1816 pul-

351 1831 684 1889 chritudinis
730 1832 902 1901 legem
934 1830 1139 1887 ferens.
1176 1830 1283 1886 Sed
1313 1832 1515 1887 similia
1546 1844 1767 1905 quoque
1795 1849 1935 1904 pra:-

352 1924 493 1993 cepit
521 1923 658 1978 liber
689 1938 836 1977 nunc
868 1923 1208 1992 propositus,
1240 1939 1349 1978 non
1383 1924 1449 1979 de
1474 1925 1578 1979 hoc
1610 1927 1817 1981 nudum
1852 1942 1934 1982 so.

352 2016 631 2088 lummodo
652 2014 889 2072 all'erens
912 2015 1203 2070 consilium
1230 2034 1242 2069 :
1275 2016 1371 2071 sed
1402 2033 1496 2086 per
1526 2032 1728 2072 arcana
1768 2020 1935 2088 philo-

354 2086 644 2176 s0phatur,
671 2107 740 2161 iis
762 2122 885 2176 quae
903 2106 1300 2176 intelliguntur,
1328 2108 1704 2177 conjecturam
1726 2086 1935 2166 faciens

353 2198 639 2268 cujusdam
667 2198 921 2265 imaginis
941 2213 1129 2253 eorum
1154 2214 1275 2269 qua:
1298 2199 1535 2267 jucunda
1561 2209 1690 2255 sunt
1719 2202 1773 2255 in
1798 2202 1934 2269 vita,

355 2287 422 2342 ad
448 2287 833 2343 constituenda
861 2289 1137 2360 dogmata.
1179 2289 1363 2361 Imago
1389 2299 1573 2347 autem
1597 2302 1682 2348 est
1709 2292 1933 2362 quidam

354 2387 651 2450 apparatus
689 2381 967 2451 nuptialis,
1016 2382 1074 2439 in
1111 2397 1222 2452 quo
1258 2385 1551 2439 intercedit
1598 2384 1934 2441 desiderium

352 2472 810 2541 pulchritudinis,
829 2488 939 2527 non
966 2473 1206 2528 humano
1234 2490 1385 2531 more
1408 2491 1613 2545 sponso
1642 2477 1937 2547 incipiente

356 2567 528 2619 teneri
573 2565 868 2630 desiderio,
912 2565 1007 2620 sed
1049 2581 1309 2635 sponsum
1339 2568 1492 2638 virg‘o
1527 2570 1788 2638 praevenit
1817 2570 1939 2624 sine

354 2657 577 2722 rubore,
628 2673 788 2712 suum
825 2658 881 2712 in
929 2658 1208 2727 publicum
1264 2657 1548 2728 proferens
1579 2659 1935 2725 desiderium,

353 2754 409 2804 et
431 2749 483 2802 in
506 2749 648 2803 votis
671 2749 879 2803 habens
911 2756 968 2802 ut
1001 2748 1056 2801 in
1078 2749 1383 2804 osculando
1406 2765 1612 2820 sponso
1644 2750 1938 2821 aliquando

357 2856 417 2896 se
468 2841 724 2896 oblectet.
761 2839 897 2894 Nam
947 2842 1206 2910 quoniam
1246 2843 1373 2896 boni
1423 2858 1638 2914 sponsae
1679 2844 1934 2914 pronubi,

356 2928 703 2999 patriarchae,
728 2937 782 2984 et
805 2930 1102 2999 prephetae,
1126 2936 1180 2986 et
1209 2931 1572 3001 ls'gislatores,
1593 2933 1777 2987 divina
1797 2934 1937 2989 desta

2028 458 2109 527 οἷς
2136 463 2195 516 τὸ
2218 463 2316 533 μὲν
2344 461 2812 532 ὑπογραφόμενον,
2843 456 3201 527 ὲπιθαλάμιός
3236 458 3320 520 τίς
3350 457 3469 508 ἐστι
3501 455 3622 507 δια-

2033 554 2219 627 σκευὴ,
2266 555 2328 608 τὸ
2369 555 2414 606 δ’
2456 550 2806 623 ἐννοούμενον
2846 552 2946 622 τῆς
2990 548 3340 621 ἀνθρωπίνης
3378 548 3560 618 ψυχῆς

2030 648 2168 718 πρὸς
2196 646 2256 698 τὸ
2287 645 2441 698 Θεῖόν
2468 646 2614 697 ἐστιν
2644 644 2963 714 ἀνάκρασις.
3218 711 3229 721 υ

2102 739 2199 793 Διά
2224 737 2383 791 τοῦτο
2418 737 2649 807 νυμφίος
2688 736 2716 788 ὁ
2751 736 2809 786 ἐν
2848 735 2967 797 ταῖς
2996 729 3328 802 Παροιμίαις
3363 728 3627 798 ὀνομάζει

2031 849 2122 885 ται
2156 831 2289 893 υίὸς,
2322 829 2416 883 καλ¹
2441 831 2474 899 ἠ
2508 827 2668 896 σοφία
2707 827 2785 889 είς
2808 824 3025 895 νύμφης
3050 822 3202 888 τάξιν
3230 820 3624 890 ἀντιμεθίσταο

2028 942 2143 990 ιται,
2174 923 2263 977 ἵνα
2307 919 2648 993 μνηστευσθῇ
2683 917 2760 987 τῷ
2793 916 2911 987 Θεῷ
2939 919 2967 970 ὁ
2992 914 3279 987 ἄνθρωπος
3310 913 3455 984 ἁγνὴ
3478 929 3626 982 τταρ⁴

2036 1016 2209 1080 θένος,
2238 1015 2331 1069 καὶ
2372 1012 2652 1085 κολληθεὶς
2687 1009 2765 1081 τῷ
2796 1010 2989 1081 Κυρίῳ
3013 1008 3243 1077 γένηται
3278 1006 3504 1076 πνεῦμα
3537 1004 3620 1071 ἓν,

2035 1104 2123 1160 διὰ
2145 1105 2246 1174 τῆς
2267 1103 2402 1175 πρὸς
2431 1103 2490 1157 τὸ
2517 1102 2791 1174 ἀκήρατόν
2820 1118 2872 1154 τι
2900 1099 2995 1153 καὶ
3023 1097 3235 1161 ἀπαθὲς
3262 1098 3626 1168 ἀνακράσεως

2037 1196 2213 1266 νόημα
2281 1193 2520 1263 καθαρὸν
2582 1190 2705 1245 ἀντὶ
2758 1188 2959 1260 σαρκὸς
3026 1186 3247 1259 βαρείας
3307 1185 3623 1255 γενόμενον.

2050 1283 2267 1354 Ἐπειδὴ
2316 1282 2495 1337 τοίνυν
2544 1281 2704 1350 σοφία
2738 1280 2884 1358 ἐστὶν
2932 1280 2966 1348 ἡ
3022 1277 3289 1339 λαλοῦσα,
3337 1276 3626 1347 ἀγάπησον

2037 1377 2159 1430 ὅσον
2183 1375 2403 1429 δύνασαι
2437 1373 2496 1439 ἐξ
2524 1373 2651 1441 ὅλης
2685 1370 2912 1443 καρδίας
2951 1386 3010 1421 τε
3042 1367 3475 1437 καὶδυνάμεως,
3509 1368 3628 1419 ἐπι-

2039 1467 2282 1539 θύμησον
2325 1468 2449 1520 ὅσον
2493 1465 2708 1537 χωρεῖς.
2746 1459 3087 1533 Προστίθημι
3127 1459 3183 1513 δὲ
3232 1458 3460 1532 θαρρῶν
3514 1460 3625 1521 τοῖς

2041 1561 2248 1630 ῥήμασι
2294 1557 2521 1622 τούτοις,
2561 1555 2656 1608 καὶ
2698 1551 3491 1624 τὸ,Ἐράσθητι.Ἀνέγκλητον
3517 1550 3627 1621 γάρ

2037 1650 2195 1706 τοῦτο
2220 1650 2314 1704 καὶ
2326 1648 2532 1712 ἀπαθὲς
2548 1647 2641 1700 ἐπὶ
2665 1646 2772 1700 τῶν
2796 1645 3106 1715 ἀσωμάτων
3139 1643 3199 1696 τὸ
3223 1642 3419 1706 πάθος,
3445 1641 3626 1705 καθώς

2036 1758 2199 1813 φησιν
2228 1743 2261 1814 ἡ
2293 1743 2454 1810 σοφία
2490 1743 2547 1793 ὲν
2572 1742 2690 1802 ταῖς
2713 1738 3062 1819 Παροιμίαις,
3094 1735 3186 1790 τοῦ
3217 1734 3366 1789 θείου
3394 1734 3627 1798 κάλλους

2035 1835 2399 1908 νομοθετοῦσα
2419 1833 2509 1887 τὸν
2536 1832 2734 1904 ἔρωτα.
2762 1830 2923 1884 Ἀλλὰ
2949 1830 3045 1884 καὶ
3070 1831 3099 1884 ὁ
3125 1827 3219 1907 νύν
3259 1827 3627 1899 προκείμενος

2035 1928 2190 1997 λόγος
2214 1928 2282 1981 τά
2303 1923 2397 1980 ἶσα
2420 1925 2831 1991 διακελεύεται,
2862 1923 2923 1976 οὐ
2952 1921 3163 1993 γυμνὴν
3202 1920 3301 1992 τὴν
3333 1918 3470 1990 περὶ
3498 1918 3625 1973 τού·

2036 2040 2127 2077 του
2158 2019 2465 2092 συμϐουλὴν
2492 2017 2811 2090 πῳσάγών,
2843 2014 2980 2069 ἀλλά
3012 2013 3080 2067 δι’
3110 2014 3448 2084 ἀπορρήτων
3480 2012 3633 2081 φιλοε

2039 2114 2223 2180 σοφεῖ,
2257 2113 2372 2174 τοῖς
2415 2111 2683 2181 νοήμασιν
2708 2107 2892 2161 εἰκόνα
2926 2104 3051 2160 τινὰ
3081 2104 3190 2158 τῶν
3230 2104 3374 2158 κατά
3396 2103 3496 2157 τὸν
3518 2102 3629 2173 βίον

2039 2202 2210 2273 ήδέων
2233 2202 2311 2265 εἰς
2333 2200 2431 2273 τὴν
2453 2199 2561 2254 τῶν
2576 2199 2862 2269 δογμάτων
2888 2196 3092 2251 τούτων
3116 2194 3473 2266 κατασκευὴν
3496 2212 3633 2267 προ-

2044 2295 2399 2365 στησάμενος.
2441 2293 2505 2345 Ἡ
2531 2290 2587 2344 δὲ
2617 2289 2781 2344 εἰκὼν
2811 2290 3022 2361 γαμική
3051 2288 3132 2352 τίς
3155 2287 3630 2354 ὲστικατασκευὴ,

2043 2386 2098 2437 ὲν
2187 2383 2414 2446 κάλλους
2456 2380 2720 2451 ἐπιθυμία
2764 2378 3032 2450 μεσιτεύει
3065 2377 3144 2448 τῷ
3176 2376 3325 2449 πόθῳ
3346 2417 3361 2438 ,
3387 2376 3451 2429 ού
3487 2376 3633 2430 κατὰ

2040 2481 2139 2552 τὴν
2164 2478 2509 2547 ἀνθρωπίνην
2530 2474 2819 2546 συνήθειαν
2834 2472 2927 2526 τοῦ
2956 2472 3189 2543 νυμφίου
3208 2472 3306 2542 τῆς
3329 2470 3633 2539 ἐπιθυμίας

2040 2572 2430 2655 κατάρξαντος,
2463 2568 2599 2623 ἀλλά
2627 2565 2997 2640 προλαμΰάνει
3027 2565 3116 2619 τὸν
3144 2564 3378 2635 νυμφίον
3485 2580 3634 2634 παρα

2040 2665 2189 2728 θένος
2234 2660 2677 2731 ἀνεπαισχύντως
2726 2659 2819 2712 τὸν
2858 2658 3021 2711 πόθον
3055 2654 3499 2727 δημοσιεύουσα,
3538 2656 3634 2708 καὶ

2040 2753 2203 2822 εὐχὴν
2251 2751 2545 2821 ποιουμένη
2587 2748 2681 2802 τοῦ
2724 2745 2996 2820 νυμφικοῧ
3032 2764 3161 2800 ποτε
3205 2745 3635 2815 κατατρυφῆσαι

2041 2845 2363 2915 φιλήματος.
2417 2842 2635 2913 Ἐπειδὴ
2674 2842 2784 2913 γὰρ
2835 2843 2886 2894 οἱ
2944 2839 3139 2910 ἀγαθοὶ
3190 2840 3289 2909 τῆς
3357 2838 3632 2911 παρθένου

2042 2938 2482 3008 προμνήστορες,
2530 2934 2863 3005 πατριάρχαι
2915 2950 2976 2986 τε
3023 2931 3118 2985 καὶ
3164 2931 3483 3002 προφῆται,
3547 2925 3639 2983 καὶ

357 3036 573 3091 sponsa
614 3021 934 3085 attulerunt,
973 3037 1094 3091 qua:
1139 3022 1314 3078 Graeci
1354 3026 1531 3079 solent
1568 3040 1763 3080 vocare
1792 3027 1928 3091 ἕδνα,

2081 3027 2328 3099 ομοθέται
2375 3027 2725 3096 προσήγαγον
2766 3028 2833 3095 τῇ
2885 3022 3339 3095 μεμνηπευμένῃ
3391 3022 3463 3076 τὰ
3511 3018 3632 3076 Bai:

328 3113 432 3185 -ita
455 3111 798 3167 nominantes
826 3112 1154 3168 donationes
1178 3123 1303 3169 ante
1334 3119 1574 3187 nuptias;
1614 3117 1726 3171 haec
1754 3126 1935 3173 autem

357 3210 486 3259 sunt
518 3204 769 3258 remissio
794 3204 1142 3269 delictorum,
1172 3207 1378 3262 oblivio
1404 3209 1698 3271 malorum,
1731 3210 1940 3279 peccati

357 3292 584 3360 ablatio,
628 3303 838 3351 naturae
872 3297 1310 3364 transformatio,
1363 3301 1484 3367 eius
1530 3301 1584 3355 in
1614 3301 1762 3372 quod
1795 3303 1943 3357 cadit

358 3386 639 3450 interitus,
694 3387 750 3441 in
802 3387 857 3443 id
896 3389 951 3443 in
993 3389 1141 3460 quod
1172 3406 1282 3444 non
1319 3391 1489 3448 cadit.
1532 3394 1941 3459 transmutatio,

358 3479 569 3535 delicia:
613 3481 875 3550 paradisi,
922 3483 1080 3554 regni
1133 3482 1395 3555 dignitas.
1453 3485 1636 3540 laetitia
1683 3501 1804 3556 qua:
1835 3487 1942 3543 lino

221 3604 227 3610 μ
266 3615 273 3621 .
357 3579 529 3627 caret.
549 3571 699 3646 _Cum
736 3573 851 3629 haec
888 3590 1025 3645 ergo
1067 3574 1253 3631 divina
1280 3576 1425 3631 dona
1455 3577 1607 3647 virgo
1636 3579 1941 3648 accepisset

359 3677 390 3716 τι
426 3662 703 3732 praeclaris
738 3666 1153 3737 paranymphis,
1184 3675 1240 3721 et
1268 3666 1470 3723 fatetur
1498 3668 1853 3729 desiderium.
1885 3679 1940 3724 et

359 3755 583 3813 festinat
637 3760 743 3814 frui
795 3761 968 3831 gratia
1021 3761 1450 3830 pulchritudinis
1488 3760 1610 3832 ejus
1646 3778 1808 3832 quem
1846 3761 1940 3817 de-

358 3847 582 3903 siderat.
620 3849 757 3903 Eam
798 3852 1111 3906 auscultant
1157 3853 1405 3921 quaedam
1438 3852 1489 3907 ei
1543 3852 1843 3909 familiares
1886 3860 1941 3908 et

357 3946 515 3992 aetate
553 3954 735 4008 pares.
779 3956 1041 4010 sponsam
1076 3928 1467 3998 incitantes'ad
1500 3942 1679 4012 majus
1725 3941 1940 3998 deside-

358 4028 522 4082 rium.
581 4028 807 4085 Accedit
859 4033 1022 4087 etiam
1085 4046 1322 4102 sponsus
1373 4033 1651 4090 adducens
1706 4033 1936 4089 chorum

357 4118 717 4190 quorumdam
764 4121 1065 4176 amicorum
1100 4131 1155 4178 et
1187 4123 1363 4179 eidem
1395 4130 1696 4195 gratorum.
1735 4124 1775 4179 Ii
1808 4129 1939 4182 sunt

359 4219 539 4264 autem
568 4210 1025 4268 administratorii
1068 4215 1316 4284 spiritus,
1361 4230 1460 4284 per
1484 4231 1624 4287 quos
1648 4224 1937 4272 servantur

359 4297 632 4367 homines,
663 4308 757 4355 aut
791 4304 965 4357 sancti
994 4305 1293 4375 prephetae,
1329 4307 1421 4376 qui
1457 4308 1645 4378 sponsi
1677 4323 1812 4364 voce
1838 4322 1937 4363 auo

2043 3121 2377 3191 χαρίσματα,
2409 3117 2551 3188 ἅπερ
2577 3117 2702 3170 ἓδνα
2736 3117 2890 3170 καλεῖ
2918 3117 2951 3185 ή
2984 3112 3261 3182 συνήθεια,
3285 3111 3358 3165 τὰ
3383 3112 3495 3184 πρὸ
3524 3113 3633 3166 τῶν

2042 3211 2234 3279 γάμων
2252 3208 2399 3280 δῶρα
2427 3207 2568 3261 οὕτω
2597 3206 3061 3277 κατονομάζουσαι
3097 3204 3280 3257 Ταῦτα
3306 3202 3365 3256 δὲ
3392 3197 3467 3273 ἦν
3500 3204 3637 3272 ἄφε-

2045 3319 2126 3364 σις
2182 3299 2681 3371 παραπτωμάτων.
2733 3288 3036 3368 ἀμνηστεία
3077 3293 3292 3356 κακῶν,
3348 3293 3630 3365 ἁμαρτίας

2041 3392 2350 3463 ἀναίρεσις,
2405 3389 2883 3459 μεταστοιχείωσις
2940 3386 3187 3456 φύσεως,
3230 3384 3324 3438 τοῦ
3384 3384 3632 3457 φθαρτοῦ

2042 3486 2178 3553 πρὸς
2205 3481 2281 3533 ,τὸ
2317 3479 2591 3550 ἄφθαρτον
2629 3478 3016 3549 μεταποίησις,
3053 3465 3383 3548 παραδείσου
3409 3476 3627 3548 τρυφὴ,

2043 3571 2321 3642 βασιλείας
2367 3571 2616 3640 ἀξίωμα,
2670 3568 2975 3641 εὐφροσύνη
3044 3568 3195 3631 τέλος
3244 3567 3345 3620 οὐκ
3403 3567 3628 3637 ἔχουσά.

2042 3661 2225 3715 Ταῦτα
2253 3659 2428 3713 τοίνυν
2458 3661 2490 3730 ή
2516 3658 2782 3728 παρθένος
2807 3656 3074 3728 δεξαμένη
3099 3656 3168 3711 τά
3188 3654 3305 3709 θεῖα
3323 3656 3628 3726 δωρήματα

2042 3752 2191 3824 παρὰ
2216 3751 2323 3804 τῶν
2352 3750 2530 3804 καλῶν
2558 3749 2877 3820 ὲδνοφόρων,
2911 3747 3017 3801 τῶν
3039 3746 3126 3800 διὰ
3154 3746 3252 3816 τῆς
3276 3746 3627 3818 rapam-ruﬁ;

2039 3841 2385 3906 διδασκαλίας
2419 3842 2556 3913 αὐτῇ
2579 3840 3038 3913 προσαγαγόντων
3068 3838 3135 3891 τὰ
3162 3837 3345 3910 δῶρα,
3371 3838 3471 3890 καὶ
3496 3840 3625 3908 δμοο

2040 3934 2187 4002 λογεῖ
2207 3932 2307 4002 τήν
2343 3930 2669 4001 ἐπιθυμίαν,
2701 3929 2796 3983 καὶ
2827 3927 3142 3983 ὲπισπεύδει
3176 3926 3275 3999 τήν
3303 3927 3488 3999 χάριν,
3527 3928 3625 3998 ἠδη

2040 4026 2138 4095 τῆς
2152 4022 2300 4094 ὥρας
2318 4021 2409 4075 τοῦ
2425 4020 2758 4092 ποθουμένου
2782 4020 3206 4091 κατατρυφῆσαι
3225 4017 3622 4083 σπουδάζουσα.

2053 4117 2382 4189 Ἀκροῶνται
2413 4114 2584 4183 αὐτῆς
2622 4112 2871 4182 συνήθεις
2896 4112 3039 4174 τινὲς
3070 4111 3165 4165 καὶ
3193 4109 3458 4182 ὁμήλικες
3489 4111 3624 4182 πρὸς

2044 4211 2264 4281 μείζονα
2289 4208 2389 4279 τὴν
2424 4205 2642 4277 νύμφην
2659 4203 2956 4275 ἐπιθυμίαν
2982 4202 3400 4275 διερεθίζουσαι.
3436 4203 3624 4274 Rapa-'-

2040 4302 2248 4370 γίνεται
2269 4299 2324 4353 δὲ
2347 4299 2442 4351 καὶ
2465 4299 2493 4350 ὁ
2515 4295 2747 4367 νυμφίος
2764 4336 2779 4360 ,
2818 4295 2989 4365 φίλων
3028 4295 3177 4367 αύτῷ
3203 4312 3367 4349 τινων
3400 4296 3498 4349 καί
3522 4312 3621 4349 κα-

356 4388 493 4456 dita,
522 4391 776 4446 hrtantur
823 4400 879 4448 et
910 4396 1185 4450 exsultant
1213 4397 1284 4450 ob
1318 4412 1509 4467 puram
1542 4406 1595 4452 et
1619 4398 1687 4453 ab
1716 4398 1928 4452 interitu

2081 4392 2319 4463 ιθυμίων
2342 4390 2499 4462 χορὸν
2520 4389 2879 4459 ἐπαγόμενος.
2908 4381 3071 4443 Οὗτοι
3097 4388 3145 4442 δ’
3171 4388 3238 4443 ἄν
3256 4389 3396 4442 εἰσιν
3415 4389 3487 4441 τά
3512 4389 3621 4441 λειε-

359 4479 592 4534 alienam
652 4497 773 4551 qua:
825 4498 1239 4540 consummatur
1306 4488 1773 4555 conjunctionem,
1841 4503 1937 4557 per

357 4585 519 4643 quam
556 4571 735 4625 anima
766 4572 875 4627 Deo
914 4577 1203 4647 conjuncta
1237 4579 1294 4632 fit
1322 4595 1466 4634 unus
1515 4580 1762 4650 spiritus,
1791 4580 1936 4635 sicut

356 4663 489 4717 dicit
513 4666 805 4733 Apostolus
836 4666 903 4720 “.
1666 4660 1673 4669 ί

2041 4484 2305 4555 τουργικά
2332 4481 2640 4552 πνεύματα,
2674 4480 2742 4534 δι’
2767 4473 2842 4533 ὧν
2874 4482 2925 4534 ot
2968 4480 3242 4553 ἄνθρωποι
3273 4479 3560 4547 σώζονται,
3587 4476 3618 4551 ἢ

2041 4581 2090 4633 οἱ
2117 4576 2389 4648 προφῆται
2409 4575 2457 4626 ot
2488 4574 2657 4642 ἀγιοι,
2681 4573 2732 4628 οἶ
2758 4573 2853 4644 τῆς
2880 4572 3062 4643 φωνῆς
3088 4572 3181 4626 τοῦ
3203 4572 3437 4645 νυμφίου
3463 4574 3623 4626 ἀκού-

2045 4686 2268 4733 σαντες.
2316 4657 2571 4738 χαίρουσί
2601 4681 2662 4717 τε
2703 4664 2796 4718 καὶ
2833 4663 3156 4733 ἀγάλλονται
3200 4668 3301 4735 τῆς
3339 4665 3619 4735 ἀκηράτου

357 4754 614 4823 συζυγίας
651 4757 1060 4829 ἁρμοζομένης,
1107 4761 1173 4814 δι’
1202 4758 1271 4836 ἧς
1302 4764 1333 4834 ή
1366 4763 1678 4834 κολλωμένη
1707 4748 1785 4834 τῷ
1841 4763 2030 4835 Κυρίῳ
2055 4760 2223 4831 ψυχὴ,
2256 4757 2313 4810 ἓν
2345 4755 2561 4827 πνεῦμα
2622 4755 2866 4824 γίνεται,
2934 4754 3118 4819 καθώς
3153 4773 3317 4826 φησιν
3389 4757 3418 4809 ὁ
3456 4757 3618 4811 Ἀπό-

356 4862 558 4909 στολος.

425 4938 639 5015 Rursus
671 4941 857 5010 itaque
891 4942 944 4995 in
971 4941 1285 4999 Proverbiis
1312 4954 1555 5015 repetam
1582 4948 1887 5001 orationem
1912 4963 1924 4997 :

354 5014 522 5085 Nemo
551 5046 683 5100 ergo
709 5032 1213 5101 perturbationibus
1231 5036 1399 5088 animi
1430 5037 1706 5092 obnoxius
1730 5045 1785 5092 et
1805 5054 1928 5092 car-

352 5124 513 5185 nalis,
544 5124 744 5180 veteris
781 5125 1023 5181 hominis
1061 5135 1337 5182 mortuum
1372 5128 1554 5184 adhuc
1586 5130 1742 5185 olens
1791 5129 1931 5184 feto-

351 5229 488 5278 rem,
526 5216 592 5269 ad
630 5216 904 5273 belluinas
947 5220 1132 5272 trahat
1164 5219 1400 5289 ineptias
1440 5222 1705 5278 divinitus
1757 5222 1932 5290 inspi-

353 5313 597 5359 ratarum
643 5309 1047 5363 sententiarum
1105 5326 1171 5364 ac
1218 5312 1510 5365 verborum
1568 5311 1932 5379 signiﬁcatio-

350 5411 485 5451 nes:
525 5399 618 5452 sed
649 5402 1035 5470 unusquisque
1069 5405 1231 5471 ipsea
1264 5404 1449 5472 scipso
1471 5403 1768 5469 excedens,
1804 5420 1928 5457 cum

350 5487 515 5543 fuerit
538 5496 694 5542 extra
718 5492 983 5545 mundum
1010 5477 1373 5559 n‘tatcrialem,
1416 5506 1466 5549 ut
1496 5511 1593 5565 per
1650 5496 1927 5566 impatibi-

426 5665 468 5697 "
496 5665 695 5731 Ephcs.
729 5683 800 5730 ir,
835 5669 887 5721 4.

2109 4953 2276 5007 Πάλιν
2325 4951 2503 5005 τοίνυν
2539 4946 2602 5002 ἐν
2644 4956 2770 5012 ταῖς
2815 4946 3145 5019 Παροιμίαις
3198 4950 3619 5024 ἐπαναλήψομαι

2037 5046 2128 5099 τὸν
2154 5046 2311 5112 λόγον
2337 5061 2351 5074 ’
2394 5041 2485 5114 Μή
2534 5058 2617 5105 τις
2667 5038 2920 5111 ἐμπαθὴς
2949 5040 3043 5092 καὶ
3072 5039 3382 5113 σαρκώδηςν
3419 5043 3501 5097 ἔτι
3522 5048 3618 5116 τῆς

2037 5140 2237 5208 νεκρᾶς
2258 5135 2348 5189 τοῦ
2374 5132 2602 5189 παλαιοῦ
2619 5130 2910 5211 ἀνθρῴπου
2933 5130 3195 5195 δυσωδίας
3216 5132 3460 5199 ἀπόζων,
3486 5140 3617 5208 πρὸς

2036 5229 2136 5292 τὰς
2157 5227 2448 5297 κτηνώδεις
2470 5224 2693 5293 ἀλογίας
2720 5223 3076 5294 κατασυρέτω
3106 5223 3207 5287 τὰς
3228 5225 3339 5293 τῶν
3364 5226 3617 5281 Θεοπνεύ·

2036 5337 2178 5372 στων
2241 5319 2528 5389 νοημάτων
2576 5333 2636 5369 τε
2699 5316 2797 5369 καὶ
2847 5314 3108 5387 ῥημάτων
3148 5308 3419 5385 ἐμφάσεις
3444 5336 3461 5350 ·
3504 5318 3612 5372 ἀλλ’

2034 5407 2201 5471 ἐκϐὰς
2238 5407 2466 5469 ἕκαστος
2492 5405 2657 5468 αὐτὸς
2689 5403 2906 5468 ἑαυτοῦ,
2943 5403 3038 5457 καὶ
3062 5402 3168 5468 ἔξω
3193 5405 3290 5458 τοῦ
3316 5406 3506 5461 ὑλικοῦ
3529 5410 3614 5462 κόο

2041 5516 2176 5568 σμον
2206 5498 2513 5568 γενόμενος,
2549 5497 2643 5550 καὶ
2670 5493 2977 5550 ἐπανελθὼν
3010 5495 3211 5565 τρόπον
3231 5498 3353 5552 τινά
3381 5499 3449 5553 δι’
3477 5501 3616 5556 άπα-
