  <div class='ocr_page' id='page_1' title='image "/cluster/home/n/w/nwhite01/storage/ocr_20150623/44/mdp.39015011915454/395.png"; bbox 0 0 3752 5984; ppageno 0'>
   <div class='ocr_carea' id='block_1_1' title="bbox 376 140 480 204">
    <p class='ocr_par' dir='ltr' id='par_1_1' title="bbox 376 140 480 204">
     <span class='ocr_line' id='line_1_1' title="bbox 376 140 480 204; baseline 0.019 -3"><span class='ocrx_word' id='word_1_1' title='bbox 376 140 480 204; x_wconf 75' lang='grc'><strong>’175</strong></span> 
     </span>
    </p>
   </div>
   <div class='ocr_carea' id='block_1_2' title="bbox 1536 116 2356 196">
    <p class='ocr_par' dir='ltr' id='par_1_2' title="bbox 1536 116 2356 196">
     <span class='ocr_line' id='line_1_2' title="bbox 1536 116 2356 196; baseline -0.001 -2"><span class='ocrx_word' id='word_1_2' title='bbox 1536 116 1547 125; x_wconf 81' lang='grc'><em>’</em></span> <span class='ocrx_word' id='word_1_3' title='bbox 1608 138 1665 194; x_wconf 89' lang='lat' dir='ltr'><strong>s.</strong></span> <span class='ocrx_word' id='word_1_4' title='bbox 1693 134 2023 194; x_wconf 75' lang='lat' dir='ltr'><strong>cuccoun</strong></span> <span class='ocrx_word' id='word_1_5' title='bbox 2058 136 2356 196; x_wconf 75' lang='lat' dir='ltr'><strong>stsm</strong></span> 
     </span>
    </p>
   </div>
   <div class='ocr_carea' id='block_1_3' title="bbox 3517 131 3618 186">
    <p class='ocr_par' dir='ltr' id='par_1_3' title="bbox 3517 131 3618 186">
     <span class='ocr_line' id='line_1_3' title="bbox 3517 131 3618 186; baseline 0 -1"><span class='ocrx_word' id='word_1_6' title='bbox 3517 131 3618 186; x_wconf 76' lang='lat'><strong>776</strong></span> 
     </span>
    </p>
   </div>
   <div class='ocr_carea' id='block_1_4' title="bbox 377 242 1859 341">
    <p class='ocr_par' dir='ltr' id='par_1_4' title="bbox 377 255 1859 341">
     <span class='ocr_line' id='line_1_4' title="bbox 377 255 1859 341; baseline -0.008 -20"><span class='ocrx_word' id='word_1_7' title='bbox 377 262 712 341; x_wconf 73' lang='lat' dir='ltr'><strong>scriptionis.</strong></span> <span class='ocrx_word' id='word_1_8' title='bbox 741 258 927 331; x_wconf 88' lang='lat' dir='ltr'><strong>Neque</strong></span> <span class='ocrx_word' id='word_1_9' title='bbox 959 260 1103 315; x_wconf 91' lang='lat' dir='ltr'><strong>enim</strong></span> <span class='ocrx_word' id='word_1_10' title='bbox 1137 257 1266 313; x_wconf 86' lang='lat' dir='ltr'><strong>mihi</strong></span> <span class='ocrx_word' id='word_1_11' title='bbox 1307 255 1521 311; x_wconf 85' lang='lat' dir='ltr'><strong>videtur</strong></span> <span class='ocrx_word' id='word_1_12' title='bbox 1550 257 1724 312; x_wconf 87' lang='lat' dir='ltr'><strong>otiosa</strong></span> <span class='ocrx_word' id='word_1_13' title='bbox 1747 256 1859 310; x_wconf 79' lang='lat' dir='ltr'><strong>inse</strong></span> 
     </span>
    </p>
   </div>
   <div class='ocr_carea' id='block_1_5' title="bbox 2133 242 3615 341">
    <p class='ocr_par' dir='ltr' id='par_1_5' title="bbox 2133 242 3615 326">
     <span class='ocr_line' id='line_1_5' title="bbox 2133 242 3615 326; baseline -0.005 -16"><span class='ocrx_word' id='word_1_14' title='bbox 2133 256 2356 325; x_wconf 65' lang='grc' dir='ltr'>ιομῶντι</span> <span class='ocrx_word' id='word_1_15' title='bbox 2371 255 2432 309; x_wconf 79' lang='grc' dir='ltr'>τὸ</span> <span class='ocrx_word' id='word_1_16' title='bbox 2454 242 2654 326; x_wconf 78' lang='grc' dir='ltr'>βιϐλίον</span> <span class='ocrx_word' id='word_1_17' title='bbox 2680 255 2745 309; x_wconf 79' lang='grc' dir='ltr'>ὲκ</span> <span class='ocrx_word' id='word_1_18' title='bbox 2772 254 2872 325; x_wconf 77' lang='grc' dir='ltr'>τῆς</span> <span class='ocrx_word' id='word_1_19' title='bbox 2884 252 3193 325; x_wconf 79' lang='grc' dir='ltr'><strong>ἐπιγραφῆς</strong></span> <span class='ocrx_word' id='word_1_20' title='bbox 3212 249 3584 306; x_wconf 83' lang='grc' dir='ltr'>άνατεθείσθαι</span> <span class='ocrx_word' id='word_1_21' title='bbox 3603 264 3615 279; x_wconf 83' lang='grc'><em>’</em></span> 
     </span>
    </p>
   </div>
   <div class='ocr_carea' id='block_1_6' title="bbox 377 347 1948 424">
    <p class='ocr_par' dir='ltr' id='par_1_6' title="bbox 377 347 1948 424">
     <span class='ocr_line' id='line_1_6' title="bbox 377 347 1948 424; baseline -0.005 -16"><span class='ocrx_word' id='word_1_22' title='bbox 377 357 563 424; x_wconf 87' lang='lat' dir='ltr'><strong>ptione</strong></span> <span class='ocrx_word' id='word_1_23' title='bbox 598 354 735 407; x_wconf 90' lang='lat' dir='ltr'><strong>liber</strong></span> <span class='ocrx_word' id='word_1_24' title='bbox 773 367 897 407; x_wconf 87' lang='lat' dir='ltr'><strong>esse</strong></span> <span class='ocrx_word' id='word_1_25' title='bbox 926 352 1201 420; x_wconf 76' lang='lat' dir='ltr'><strong>ascriptus</strong></span> <span class='ocrx_word' id='word_1_26' title='bbox 1254 347 1566 413; x_wconf 89' lang='lat' dir='ltr'><strong>Solomoni;</strong></span> <span class='ocrx_word' id='word_1_27' title='bbox 1605 348 1698 402; x_wconf 91' lang='lat' dir='ltr'><strong>sed</strong></span> <span class='ocrx_word' id='word_1_28' title='bbox 1754 354 1813 401; x_wconf 92' lang='lat' dir='ltr'><strong>ut</strong></span> <span class='ocrx_word' id='word_1_29' title='bbox 1856 348 1948 417; x_wconf 87' lang='lat' dir='ltr'><strong>qui</strong></span> 
     </span>
    </p>
   </div>
   <div class='ocr_carea' id='block_1_7' title="bbox 379 436 1949 513">
    <p class='ocr_par' dir='ltr' id='par_1_7' title="bbox 379 436 1949 513">
     <span class='ocr_line' id='line_1_7' title="bbox 379 436 1949 513; baseline -0.004 -18"><span class='ocrx_word' id='word_1_30' title='bbox 379 443 640 513; x_wconf 80' lang='lat' dir='ltr'><strong>legerent,</strong></span> <span class='ocrx_word' id='word_1_31' title='bbox 699 441 1005 510; x_wconf 80' lang='lat' dir='ltr'><strong>cogitarent</strong></span> <span class='ocrx_word' id='word_1_32' title='bbox 1045 438 1193 509; x_wconf 90' lang='lat' dir='ltr'><strong>quod</strong></span> <span class='ocrx_word' id='word_1_33' title='bbox 1247 452 1500 505; x_wconf 87' lang='lat' dir='ltr'><strong>magnum</strong></span> <span class='ocrx_word' id='word_1_34' title='bbox 1561 436 1840 505; x_wconf 81' lang='lat' dir='ltr'><strong>quidpiam</strong></span> <span class='ocrx_word' id='word_1_35' title='bbox 1899 443 1949 491; x_wconf 86' lang='lat' dir='ltr'><strong>et</strong></span> 
     </span>
    </p>
   </div>
   <div class='ocr_carea' id='block_1_8' title="bbox 377 526 1947 600">
    <p class='ocr_par' dir='ltr' id='par_1_8' title="bbox 377 526 1947 600">
     <span class='ocr_line' id='line_1_8' title="bbox 377 526 1947 600; baseline -0.005 -12"><span class='ocrx_word' id='word_1_36' title='bbox 377 535 625 589; x_wconf 84' lang='lat' dir='ltr'><strong>divinum</strong></span> <span class='ocrx_word' id='word_1_37' title='bbox 687 533 742 586; x_wconf 91' lang='lat' dir='ltr'><strong>in</strong></span> <span class='ocrx_word' id='word_1_38' title='bbox 800 532 867 587; x_wconf 93' lang='lat' dir='ltr'><strong>iis</strong></span> <span class='ocrx_word' id='word_1_39' title='bbox 895 545 1015 600; x_wconf 72' lang='lat' dir='ltr'><strong>qua:</strong></span> <span class='ocrx_word' id='word_1_40' title='bbox 1074 530 1370 593; x_wconf 89' lang='lat' dir='ltr'><strong>dicuntur,</strong></span> <span class='ocrx_word' id='word_1_41' title='bbox 1405 528 1771 581; x_wconf 82' lang='lat' dir='ltr'><strong>contineatur.</strong></span> <span class='ocrx_word' id='word_1_42' title='bbox 1814 526 1947 580; x_wconf 87' lang='lat' dir='ltr'><strong>Nam</strong></span> 
     </span>
    </p>
   </div>
   <div class='ocr_carea' id='block_1_9' title="bbox 296 610 1948 694">
    <p class='ocr_par' dir='ltr' id='par_1_9' title="bbox 296 610 1948 694">
     <span class='ocr_line' id='line_1_9' title="bbox 296 610 1948 694; baseline -0.004 -17"><span class='ocrx_word' id='word_1_43' title='bbox 296 610 305 613; x_wconf 24' lang='grc' dir='ltr'>ν</span> <span class='ocrx_word' id='word_1_44' title='bbox 378 627 637 694; x_wconf 89' lang='lat' dir='ltr'><strong>quoniam</strong></span> <span class='ocrx_word' id='word_1_45' title='bbox 669 622 809 693; x_wconf 86' lang='lat' dir='ltr'><strong>apud</strong></span> <span class='ocrx_word' id='word_1_46' title='bbox 837 636 1002 676; x_wconf 90' lang='lat' dir='ltr'><strong>unum</strong></span> <span class='ocrx_word' id='word_1_47' title='bbox 1036 634 1326 689; x_wconf 87' lang='lat' dir='ltr'><strong>quemque,</strong></span> <span class='ocrx_word' id='word_1_48' title='bbox 1354 627 1438 673; x_wconf 88' lang='lat' dir='ltr'><strong>est</strong></span> <span class='ocrx_word' id='word_1_49' title='bbox 1459 633 1551 686; x_wconf 89' lang='lat' dir='ltr'><strong>per</strong></span> <span class='ocrx_word' id='word_1_50' title='bbox 1579 617 1782 686; x_wconf 90' lang='lat' dir='ltr'><strong>ipsum,</strong></span> <span class='ocrx_word' id='word_1_51' title='bbox 1806 615 1948 684; x_wconf 85' lang='lat' dir='ltr'><strong>quod</strong></span> 
     </span>
    </p>
   </div>
   <div class='ocr_carea' id='block_1_10' title="bbox 381 708 1948 786">
    <p class='ocr_par' dir='ltr' id='par_1_10' title="bbox 381 708 1948 786">
     <span class='ocr_line' id='line_1_10' title="bbox 381 708 1948 786; baseline -0.007 -16"><span class='ocrx_word' id='word_1_52' title='bbox 381 717 496 786; x_wconf 88' lang='lat' dir='ltr'><strong>ipse</strong></span> <span class='ocrx_word' id='word_1_53' title='bbox 526 717 592 769; x_wconf 89' lang='lat' dir='ltr'><strong>de</strong></span> <span class='ocrx_word' id='word_1_54' title='bbox 622 730 681 769; x_wconf 90' lang='lat' dir='ltr'><strong>se</strong></span> <span class='ocrx_word' id='word_1_55' title='bbox 715 714 855 776; x_wconf 89' lang='lat' dir='ltr'><strong>tulit,</strong></span> <span class='ocrx_word' id='word_1_56' title='bbox 897 710 1301 786; x_wconf 84' lang='lat' dir='ltr'><strong>testimonium,</strong></span> <span class='ocrx_word' id='word_1_57' title='bbox 1327 708 1559 777; x_wconf 78' lang='lat' dir='ltr'><strong>insignis</strong></span> <span class='ocrx_word' id='word_1_58' title='bbox 1594 708 1714 777; x_wconf 84' lang='lat' dir='ltr'><strong>ejus</strong></span> <span class='ocrx_word' id='word_1_59' title='bbox 1744 708 1815 760; x_wconf 88' lang='lat' dir='ltr'><strong>ob</strong></span> <span class='ocrx_word' id='word_1_60' title='bbox 1855 718 1948 760; x_wconf 83' lang='lat' dir='ltr'><strong>sa-</strong></span> 
     </span>
    </p>
   </div>
   <div class='ocr_carea' id='block_1_11' title="bbox 380 782 1950 879">
    <p class='ocr_par' dir='ltr' id='par_1_11' title="bbox 380 782 1950 879">
     <span class='ocr_line' id='line_1_11' title="bbox 380 782 1950 879; baseline -0.008 -17"><span class='ocrx_word' id='word_1_61' title='bbox 380 782 639 879; x_wconf 72' lang='lat' dir='ltr'><strong>pientiam</strong></span> <span class='ocrx_word' id='word_1_62' title='bbox 663 805 981 859; x_wconf 87' lang='lat' dir='ltr'><strong>admiratio:</strong></span> <span class='ocrx_word' id='word_1_63' title='bbox 1018 782 1083 857; x_wconf 72' lang='lat' dir='ltr'><strong>ea</strong></span> <span class='ocrx_word' id='word_1_64' title='bbox 1109 802 1175 856; x_wconf 91' lang='lat' dir='ltr'><strong>de</strong></span> <span class='ocrx_word' id='word_1_65' title='bbox 1200 814 1369 856; x_wconf 87' lang='lat' dir='ltr'><strong>causa</strong></span> <span class='ocrx_word' id='word_1_66' title='bbox 1399 800 1583 854; x_wconf 90' lang='lat' dir='ltr'><strong>statim</strong></span> <span class='ocrx_word' id='word_1_67' title='bbox 1623 814 1653 851; x_wconf 88' lang='lat' dir='ltr'><strong>a</strong></span> <span class='ocrx_word' id='word_1_68' title='bbox 1682 798 1950 867; x_wconf 72' lang='lat' dir='ltr'><strong>procemio</strong></span> 
     </span>
    </p>
   </div>
   <div class='ocr_carea' id='block_1_12' title="bbox 378 891 1953 960">
    <p class='ocr_par' dir='ltr' id='par_1_12' title="bbox 378 891 1953 960">
     <span class='ocr_line' id='line_1_12' title="bbox 378 891 1953 960; baseline -0.007 -7"><span class='ocrx_word' id='word_1_69' title='bbox 378 899 620 953; x_wconf 77' lang='lat' dir='ltr'><strong>neminis</strong></span> <span class='ocrx_word' id='word_1_70' title='bbox 651 896 955 951; x_wconf 83' lang='lat' dir='ltr'><strong>assumitur</strong></span> <span class='ocrx_word' id='word_1_71' title='bbox 986 892 1231 946; x_wconf 87' lang='lat' dir='ltr'><strong>mentio:</strong></span> <span class='ocrx_word' id='word_1_72' title='bbox 1263 898 1325 944; x_wconf 90' lang='lat' dir='ltr'><strong>ut</strong></span> <span class='ocrx_word' id='word_1_73' title='bbox 1355 891 1424 944; x_wconf 90' lang='lat' dir='ltr'><strong>iis</strong></span> <span class='ocrx_word' id='word_1_74' title='bbox 1467 891 1560 959; x_wconf 89' lang='lat' dir='ltr'><strong>qui</strong></span> <span class='ocrx_word' id='word_1_75' title='bbox 1607 891 1813 960; x_wconf 74' lang='lat' dir='ltr'><strong>legunt,</strong></span> <span class='ocrx_word' id='word_1_76' title='bbox 1843 903 1953 943; x_wconf 87' lang='lat' dir='ltr'><strong>ma-</strong></span> 
     </span>
    </p>
   </div>
   <div class='ocr_carea' id='block_1_13' title="bbox 378 981 1953 1061">
    <p class='ocr_par' dir='ltr' id='par_1_13' title="bbox 378 981 1953 1061">
     <span class='ocr_line' id='line_1_13' title="bbox 378 981 1953 1061; baseline -0.007 -17"><span class='ocrx_word' id='word_1_77' title='bbox 378 1005 544 1061; x_wconf 77' lang='lat' dir='ltr'><strong>gnum</strong></span> <span class='ocrx_word' id='word_1_78' title='bbox 575 988 855 1058; x_wconf 77' lang='lat' dir='ltr'><strong>quidpiam</strong></span> <span class='ocrx_word' id='word_1_79' title='bbox 878 1027 892 1050; x_wconf 95' lang='lat'><strong>,</strong></span> <span class='ocrx_word' id='word_1_80' title='bbox 910 993 963 1040; x_wconf 90' lang='lat' dir='ltr'><strong>et</strong></span> <span class='ocrx_word' id='word_1_81' title='bbox 982 1001 1103 1055; x_wconf 78' lang='lat' dir='ltr'><strong>quae</strong></span> <span class='ocrx_word' id='word_1_82' title='bbox 1125 985 1193 1038; x_wconf 90' lang='lat' dir='ltr'><strong>de</strong></span> <span class='ocrx_word' id='word_1_83' title='bbox 1216 998 1281 1037; x_wconf 90' lang='lat' dir='ltr'><strong>eo</strong></span> <span class='ocrx_word' id='word_1_84' title='bbox 1307 983 1536 1037; x_wconf 90' lang='lat' dir='ltr'><strong>habetur</strong></span> <span class='ocrx_word' id='word_1_85' title='bbox 1560 983 1818 1052; x_wconf 87' lang='lat' dir='ltr'><strong>opinione</strong></span> <span class='ocrx_word' id='word_1_86' title='bbox 1837 981 1953 1051; x_wconf 77' lang='lat' dir='ltr'><strong>dig-</strong></span> 
     </span>
    </p>
   </div>
   <div class='ocr_carea' id='block_1_14' title="bbox 378 1071 1995 1150">
    <p class='ocr_par' dir='ltr' id='par_1_14' title="bbox 378 1071 1995 1150">
     <span class='ocr_line' id='line_1_14' title="bbox 378 1071 1995 1150; baseline -0.004 -14"><span class='ocrx_word' id='word_1_87' title='bbox 378 1098 531 1143; x_wconf 88' lang='lat' dir='ltr'><strong>num,</strong></span> <span class='ocrx_word' id='word_1_88' title='bbox 560 1096 654 1150; x_wconf 91' lang='lat' dir='ltr'><strong>per</strong></span> <span class='ocrx_word' id='word_1_89' title='bbox 684 1081 829 1133; x_wconf 81' lang='lat' dir='ltr'><strong>hunc</strong></span> <span class='ocrx_word' id='word_1_90' title='bbox 854 1077 1052 1132; x_wconf 85' lang='lat' dir='ltr'><strong>librum</strong></span> <span class='ocrx_word' id='word_1_91' title='bbox 1079 1083 1350 1144; x_wconf 80' lang='lat' dir='ltr'><strong>speretur.</strong></span> <span class='ocrx_word' id='word_1_92' title='bbox 1378 1073 1660 1139; x_wconf 86' lang='lat' dir='ltr'><strong>Quomodo</strong></span> <span class='ocrx_word' id='word_1_93' title='bbox 1684 1078 1866 1127; x_wconf 86' lang='lat' dir='ltr'><strong>autem</strong></span> <span class='ocrx_word' id='word_1_94' title='bbox 1892 1071 1949 1126; x_wconf 93' lang='lat' dir='ltr'><strong>in</strong></span> <span class='ocrx_word' id='word_1_95' title='bbox 1988 1125 1995 1129; x_wconf 92' lang='lat'><strong>_</strong></span> 
     </span>
    </p>
   </div>
   <div class='ocr_carea' id='block_1_15' title="bbox 377 1162 1950 1239">
    <p class='ocr_par' dir='ltr' id='par_1_15' title="bbox 377 1162 1950 1239">
     <span class='ocr_line' id='line_1_15' title="bbox 377 1162 1950 1239; baseline -0.007 -12"><span class='ocrx_word' id='word_1_96' title='bbox 377 1171 607 1227; x_wconf 87' lang='lat' dir='ltr'><strong>scientia</strong></span> <span class='ocrx_word' id='word_1_97' title='bbox 659 1170 890 1239; x_wconf 84' lang='lat' dir='ltr'><strong>picturae</strong></span> <span class='ocrx_word' id='word_1_98' title='bbox 929 1168 1173 1236; x_wconf 70' lang='lat' dir='ltr'><strong>qumdam</strong></span> <span class='ocrx_word' id='word_1_99' title='bbox 1222 1173 1307 1219; x_wconf 88' lang='lat' dir='ltr'><strong>est</strong></span> <span class='ocrx_word' id='word_1_100' title='bbox 1355 1164 1581 1218; x_wconf 90' lang='lat' dir='ltr'><strong>omnino</strong></span> <span class='ocrx_word' id='word_1_101' title='bbox 1618 1163 1859 1219; x_wconf 90' lang='lat' dir='ltr'><strong>materia.</strong></span> <span class='ocrx_word' id='word_1_102' title='bbox 1893 1162 1950 1216; x_wconf 89' lang='lat' dir='ltr'><strong>in</strong></span> 
     </span>
    </p>
   </div>
   <div class='ocr_carea' id='block_1_16' title="bbox 377 1254 1952 1326">
    <p class='ocr_par' dir='ltr' id='par_1_16' title="bbox 377 1254 1952 1326">
     <span class='ocr_line' id='line_1_16' title="bbox 377 1254 1952 1326; baseline -0.004 -10"><span class='ocrx_word' id='word_1_103' title='bbox 377 1263 608 1316; x_wconf 85' lang='lat' dir='ltr'><strong>diversis</strong></span> <span class='ocrx_word' id='word_1_104' title='bbox 627 1259 924 1321; x_wconf 88' lang='lat' dir='ltr'><strong>coloribus,</strong></span> <span class='ocrx_word' id='word_1_105' title='bbox 959 1273 1079 1326; x_wconf 61' lang='lat' dir='ltr'><strong>qua:</strong></span> <span class='ocrx_word' id='word_1_106' title='bbox 1120 1255 1368 1309; x_wconf 89' lang='lat' dir='ltr'><strong>animalis</strong></span> <span class='ocrx_word' id='word_1_107' title='bbox 1404 1254 1642 1324; x_wconf 92' lang='lat' dir='ltr'><strong>complet</strong></span> <span class='ocrx_word' id='word_1_108' title='bbox 1690 1254 1952 1309; x_wconf 88' lang='lat' dir='ltr'><strong>imitatio-</strong></span> 
     </span>
    </p>
   </div>
   <div class='ocr_carea' id='block_1_17' title="bbox 382 1349 1948 1422">
    <p class='ocr_par' dir='ltr' id='par_1_17' title="bbox 382 1349 1948 1422">
     <span class='ocr_line' id='line_1_17' title="bbox 382 1349 1948 1422; baseline -0.006 -14"><span class='ocrx_word' id='word_1_109' title='bbox 382 1369 540 1408; x_wconf 86' lang='lat' dir='ltr'><strong>nem:</strong></span> <span class='ocrx_word' id='word_1_110' title='bbox 569 1352 658 1422; x_wconf 92' lang='lat' dir='ltr'><strong>qui</strong></span> <span class='ocrx_word' id='word_1_111' title='bbox 686 1362 866 1405; x_wconf 84' lang='lat' dir='ltr'><strong>autem</strong></span> <span class='ocrx_word' id='word_1_112' title='bbox 900 1350 1096 1419; x_wconf 78' lang='lat' dir='ltr'><strong>aspicit</strong></span> <span class='ocrx_word' id='word_1_113' title='bbox 1122 1349 1187 1402; x_wconf 88' lang='lat' dir='ltr'><strong>ad</strong></span> <span class='ocrx_word' id='word_1_114' title='bbox 1216 1349 1529 1419; x_wconf 78' lang='lat' dir='ltr'><strong>imaginem,</strong></span> <span class='ocrx_word' id='word_1_115' title='bbox 1567 1362 1689 1416; x_wconf 60' lang='lat' dir='ltr'><strong>qua</strong></span> <span class='ocrx_word' id='word_1_116' title='bbox 1721 1362 1819 1415; x_wconf 89' lang='lat' dir='ltr'><strong>per</strong></span> <span class='ocrx_word' id='word_1_117' title='bbox 1851 1361 1948 1400; x_wconf 92' lang='lat' dir='ltr'><strong>co-</strong></span> 
     </span>
    </p>
   </div>
   <div class='ocr_carea' id='block_1_18' title="bbox 378 1437 1950 1507">
    <p class='ocr_par' dir='ltr' id='par_1_18' title="bbox 378 1437 1950 1507">
     <span class='ocr_line' id='line_1_18' title="bbox 378 1437 1950 1507; baseline -0.004 -10"><span class='ocrx_word' id='word_1_118' title='bbox 378 1448 525 1498; x_wconf 90' lang='lat' dir='ltr'><strong>lores</strong></span> <span class='ocrx_word' id='word_1_119' title='bbox 578 1450 693 1497; x_wconf 88' lang='lat' dir='ltr'><strong>arte</strong></span> <span class='ocrx_word' id='word_1_120' title='bbox 740 1452 821 1496; x_wconf 91' lang='lat' dir='ltr'><strong>est</strong></span> <span class='ocrx_word' id='word_1_121' title='bbox 871 1442 1146 1506; x_wconf 88' lang='lat' dir='ltr'><strong>absoluta,</strong></span> <span class='ocrx_word' id='word_1_122' title='bbox 1186 1441 1241 1492; x_wconf 91' lang='lat' dir='ltr'><strong>in</strong></span> <span class='ocrx_word' id='word_1_123' title='bbox 1288 1455 1352 1494; x_wconf 90' lang='lat' dir='ltr'><strong>ea</strong></span> <span class='ocrx_word' id='word_1_124' title='bbox 1387 1437 1806 1507; x_wconf 83' lang='lat' dir='ltr'><strong>contemplanda</strong></span> <span class='ocrx_word' id='word_1_125' title='bbox 1839 1452 1950 1492; x_wconf 85' lang='lat' dir='ltr'><strong>non</strong></span> 
     </span>
    </p>
   </div>
   <div class='ocr_carea' id='block_1_19' title="bbox 376 1530 1950 1589">
    <p class='ocr_par' dir='ltr' id='par_1_19' title="bbox 376 1530 1950 1589">
     <span class='ocr_line' id='line_1_19' title="bbox 376 1530 1950 1589; baseline -0.003 0"><span class='ocrx_word' id='word_1_126' title='bbox 376 1536 702 1589; x_wconf 88' lang='lat' dir='ltr'><strong>immoratur</strong></span> <span class='ocrx_word' id='word_1_127' title='bbox 727 1533 781 1586; x_wconf 92' lang='lat' dir='ltr'><strong>in</strong></span> <span class='ocrx_word' id='word_1_128' title='bbox 806 1533 1085 1587; x_wconf 87' lang='lat' dir='ltr'><strong>coloribus</strong></span> <span class='ocrx_word' id='word_1_129' title='bbox 1116 1533 1268 1587; x_wconf 90' lang='lat' dir='ltr'><strong>illitis</strong></span> <span class='ocrx_word' id='word_1_130' title='bbox 1305 1532 1503 1587; x_wconf 61' lang='lat' dir='ltr'><strong>tabula:</strong></span> <span class='ocrx_word' id='word_1_131' title='bbox 1533 1547 1547 1583; x_wconf 91' lang='lat'><strong>:</strong></span> <span class='ocrx_word' id='word_1_132' title='bbox 1586 1530 1681 1584; x_wconf 91' lang='lat' dir='ltr'><strong>sed</strong></span> <span class='ocrx_word' id='word_1_133' title='bbox 1706 1532 1950 1584; x_wconf 88' lang='lat' dir='ltr'><strong>intuetur</strong></span> 
     </span>
    </p>
   </div>
   <div class='ocr_carea' id='block_1_20' title="bbox 2054 341 3721 414">
    <p class='ocr_par' dir='ltr' id='par_1_20' title="bbox 2054 341 3721 414">
     <span class='ocr_line' id='line_1_20' title="bbox 2054 341 3721 414; baseline -0.004 -14"><span class='ocrx_word' id='word_1_134' title='bbox 2054 348 2168 401; x_wconf 83' lang='grc' dir='ltr'>ἀλλ’</span> <span class='ocrx_word' id='word_1_135' title='bbox 2197 347 2337 400; x_wconf 82' lang='grc' dir='ltr'>ὥστε</span> <span class='ocrx_word' id='word_1_136' title='bbox 2389 346 2642 414; x_wconf 86' lang='grc' dir='ltr'>γενέσθαι</span> <span class='ocrx_word' id='word_1_137' title='bbox 2690 344 2928 399; x_wconf 88' lang='grc' dir='ltr'>διάνοιαν</span> <span class='ocrx_word' id='word_1_138' title='bbox 2960 348 3070 407; x_wconf 83' lang='grc' dir='ltr'>τοῖς</span> <span class='ocrx_word' id='word_1_139' title='bbox 3096 343 3506 412; x_wconf 77' lang='grc' dir='ltr'>ἐντυγχάνουσι,</span> <span class='ocrx_word' id='word_1_140' title='bbox 3529 341 3619 394; x_wconf 73' lang='grc' dir='ltr'>τοῦ</span> <span class='ocrx_word' id='word_1_141' title='bbox 3720 352 3721 355; x_wconf 81' lang='lat'>‘</span> 
     </span>
    </p>
   </div>
   <div class='ocr_carea' id='block_1_21' title="bbox 2057 433 3620 508">
    <p class='ocr_par' dir='ltr' id='par_1_21' title="bbox 2057 433 3620 508">
     <span class='ocr_line' id='line_1_21' title="bbox 2057 433 3620 508; baseline -0.005 -16"><span class='ocrx_word' id='word_1_142' title='bbox 2057 439 2199 508; x_wconf 88' lang='grc' dir='ltr'>μέγα</span> <span class='ocrx_word' id='word_1_143' title='bbox 2246 455 2299 491; x_wconf 86' lang='grc' dir='ltr'><strong>τι</strong></span> <span class='ocrx_word' id='word_1_144' title='bbox 2337 439 2432 492; x_wconf 76' lang='grc' dir='ltr'>καὶ</span> <span class='ocrx_word' id='word_1_145' title='bbox 2461 437 2602 491; x_wconf 78' lang='grc' dir='ltr'>θεῖον</span> <span class='ocrx_word' id='word_1_146' title='bbox 2632 439 2689 490; x_wconf 81' lang='grc' dir='ltr'>ὲν</span> <span class='ocrx_word' id='word_1_147' title='bbox 2717 441 2826 499; x_wconf 85' lang='grc' dir='ltr'>τοῖς</span> <span class='ocrx_word' id='word_1_148' title='bbox 2870 435 3184 506; x_wconf 77' lang='grc' dir='ltr'><strong>λεγομένοις</strong></span> <span class='ocrx_word' id='word_1_149' title='bbox 3218 433 3620 505; x_wconf 78' lang='grc' dir='ltr'>προσδέχεσθαι.</span> 
     </span>
    </p>
   </div>
   <div class='ocr_carea' id='block_1_22' title="bbox 2067 523 3623 600">
    <p class='ocr_par' dir='ltr' id='par_1_22' title="bbox 2067 523 3623 600">
     <span class='ocr_line' id='line_1_22' title="bbox 2067 523 3623 600; baseline -0.004 -17"><span class='ocrx_word' id='word_1_150' title='bbox 2067 530 2287 600; x_wconf 80' lang='grc' dir='ltr'>Ἐπειδὴ</span> <span class='ocrx_word' id='word_1_151' title='bbox 2307 529 2416 600; x_wconf 86' lang='grc' dir='ltr'>γὰρ</span> <span class='ocrx_word' id='word_1_152' title='bbox 2435 528 2839 599; x_wconf 75' lang='grc' dir='ltr'>ἀνυπέρϐλητόν</span> <span class='ocrx_word' id='word_1_153' title='bbox 2855 530 2971 580; x_wconf 74' lang='grc' dir='ltr'>ἐστι</span> <span class='ocrx_word' id='word_1_154' title='bbox 3000 525 3132 596; x_wconf 84' lang='grc' dir='ltr'>παρ’</span> <span class='ocrx_word' id='word_1_155' title='bbox 3158 526 3391 595; x_wconf 78' lang='grc' dir='ltr'>ἑκάστῳ,</span> <span class='ocrx_word' id='word_1_156' title='bbox 3415 523 3505 576; x_wconf 73' lang='grc' dir='ltr'><strong>διὰ</strong></span> <span class='ocrx_word' id='word_1_157' title='bbox 3531 525 3623 593; x_wconf 69' lang='grc' dir='ltr'>τῆς</span> 
     </span>
    </p>
   </div>
   <div class='ocr_carea' id='block_1_23' title="bbox 2056 610 3622 692">
    <p class='ocr_par' dir='ltr' id='par_1_23' title="bbox 2056 610 3622 692">
     <span class='ocr_line' id='line_1_23' title="bbox 2056 610 3622 692; baseline -0.006 -21"><span class='ocrx_word' id='word_1_158' title='bbox 2056 622 2184 692; x_wconf 74' lang='grc' dir='ltr'>περὶ</span> <span class='ocrx_word' id='word_1_159' title='bbox 2212 618 2376 673; x_wconf 82' lang='grc' dir='ltr'>αὑτοῦ</span> <span class='ocrx_word' id='word_1_160' title='bbox 2406 618 2730 688; x_wconf 83' lang='grc' dir='ltr'><strong>μαρτυρίας,</strong></span> <span class='ocrx_word' id='word_1_161' title='bbox 2757 616 2849 669; x_wconf 74' lang='grc' dir='ltr'><strong>ἐπὶ</strong></span> <span class='ocrx_word' id='word_1_162' title='bbox 2873 618 2940 687; x_wconf 81' lang='grc' dir='ltr'>τῇ</span> <span class='ocrx_word' id='word_1_163' title='bbox 2959 614 3120 683; x_wconf 82' lang='grc' dir='ltr'>σοφίᾳ</span> <span class='ocrx_word' id='word_1_164' title='bbox 3134 613 3194 666; x_wconf 82' lang='grc' dir='ltr'>τὸ</span> <span class='ocrx_word' id='word_1_165' title='bbox 3220 612 3423 683; x_wconf 82' lang='grc' dir='ltr'>θαῦμα,</span> <span class='ocrx_word' id='word_1_166' title='bbox 3436 610 3622 664; x_wconf 81' lang='grc' dir='ltr'>τούτου</span> 
     </span>
    </p>
   </div>
   <div class='ocr_carea' id='block_1_24' title="bbox 2053 703 3665 783">
    <p class='ocr_par' dir='ltr' id='par_1_24' title="bbox 2053 703 3665 783">
     <span class='ocr_line' id='line_1_24' title="bbox 2053 703 3665 783; baseline -0.007 -20"><span class='ocrx_word' id='word_1_167' title='bbox 2053 712 2212 783; x_wconf 84' lang='grc' dir='ltr'>χάριν</span> <span class='ocrx_word' id='word_1_168' title='bbox 2272 710 2433 774; x_wconf 79' lang='grc' dir='ltr'>εὐθὺς</span> <span class='ocrx_word' id='word_1_169' title='bbox 2496 711 2561 761; x_wconf 80' lang='grc' dir='ltr'>ἐκ</span> <span class='ocrx_word' id='word_1_170' title='bbox 2611 707 2912 779; x_wconf 82' lang='grc' dir='ltr'>προοιμίων</span> <span class='ocrx_word' id='word_1_171' title='bbox 2947 708 2979 776; x_wconf 80' lang='grc' dir='ltr'>ἡ</span> <span class='ocrx_word' id='word_1_172' title='bbox 3020 704 3114 757; x_wconf 83' lang='grc' dir='ltr'><strong>τοῦ</strong></span> <span class='ocrx_word' id='word_1_173' title='bbox 3146 704 3403 774; x_wconf 85' lang='grc' dir='ltr'>ὀνόματος</span> <span class='ocrx_word' id='word_1_174' title='bbox 3436 703 3619 773; x_wconf 83' lang='grc' dir='ltr'><strong>μνήμη</strong></span> <span class='ocrx_word' id='word_1_175' title='bbox 3658 744 3665 753; x_wconf 94' lang='grc'><strong>.</strong></span> 
     </span>
    </p>
   </div>
   <div class='ocr_carea' id='block_1_25' title="bbox 2055 791 3622 875">
    <p class='ocr_par' dir='ltr' id='par_1_25' title="bbox 2055 791 3622 875">
     <span class='ocr_line' id='line_1_25' title="bbox 2055 791 3622 875; baseline -0.009 -17"><span class='ocrx_word' id='word_1_176' title='bbox 2055 803 2570 875; x_wconf 82' lang='grc' dir='ltr'>παραλαμϐάνεται·</span> <span class='ocrx_word' id='word_1_177' title='bbox 2617 801 2756 869; x_wconf 73' lang='grc' dir='ltr'>ὥστε</span> <span class='ocrx_word' id='word_1_178' title='bbox 2800 817 2854 852; x_wconf 88' lang='grc' dir='ltr'><strong>τι</strong></span> <span class='ocrx_word' id='word_1_179' title='bbox 2886 798 3027 870; x_wconf 85' lang='grc' dir='ltr'>μέγα</span> <span class='ocrx_word' id='word_1_180' title='bbox 3063 796 3276 866; x_wconf 78' lang='grc' dir='ltr'>καὶτῆς</span> <span class='ocrx_word' id='word_1_181' title='bbox 3302 795 3430 864; x_wconf 74' lang='grc' dir='ltr'>περὶ</span> <span class='ocrx_word' id='word_1_182' title='bbox 3460 791 3622 847; x_wconf 77' lang='grc' dir='ltr'>αὑτοῦ</span> 
     </span>
    </p>
   </div>
   <div class='ocr_carea' id='block_1_26' title="bbox 2053 884 3624 966">
    <p class='ocr_par' dir='ltr' id='par_1_26' title="bbox 2053 884 3624 966">
     <span class='ocr_line' id='line_1_26' title="bbox 2053 884 3624 966; baseline -0.009 -17"><span class='ocrx_word' id='word_1_183' title='bbox 2053 895 2210 966; x_wconf 79' lang='grc' dir='ltr'>δόξης</span> <span class='ocrx_word' id='word_1_184' title='bbox 2236 894 2458 958; x_wconf 74' lang='grc' dir='ltr'>ἐπάξιον</span> <span class='ocrx_word' id='word_1_185' title='bbox 2485 892 2802 962; x_wconf 74' lang='grc' dir='ltr'>ὲλπισθῆναι</span> <span class='ocrx_word' id='word_1_186' title='bbox 2831 889 2917 942; x_wconf 83' lang='grc' dir='ltr'>διὰ</span> <span class='ocrx_word' id='word_1_187' title='bbox 2949 886 3043 941; x_wconf 82' lang='grc' dir='ltr'>τοῦ</span> <span class='ocrx_word' id='word_1_188' title='bbox 3076 886 3278 958; x_wconf 81' lang='grc' dir='ltr'>βιϐλίου</span> <span class='ocrx_word' id='word_1_189' title='bbox 3301 886 3495 938; x_wconf 84' lang='grc' dir='ltr'>τούτου</span> <span class='ocrx_word' id='word_1_190' title='bbox 3515 884 3624 945; x_wconf 85' lang='grc' dir='ltr'>τοῖς</span> 
     </span>
    </p>
   </div>
   <div class='ocr_carea' id='block_1_27' title="bbox 2054 975 3624 1055">
    <p class='ocr_par' dir='ltr' id='par_1_27' title="bbox 2054 975 3624 1055">
     <span class='ocr_line' id='line_1_27' title="bbox 2054 975 3624 1055; baseline -0.01 -15"><span class='ocrx_word' id='word_1_191' title='bbox 2054 985 2492 1055; x_wconf 78' lang='grc' dir='ltr'>ἐντυγχάνουσιν.</span> <span class='ocrx_word' id='word_1_192' title='bbox 2510 985 2720 1053; x_wconf 83' lang='grc' dir='ltr'>’Ὠσπερ</span> <span class='ocrx_word' id='word_1_193' title='bbox 2739 981 2794 1034; x_wconf 79' lang='grc' dir='ltr'>δὲ</span> <span class='ocrx_word' id='word_1_194' title='bbox 2817 978 2958 1034; x_wconf 81' lang='grc' dir='ltr'>κατὰ</span> <span class='ocrx_word' id='word_1_195' title='bbox 2988 977 3084 1048; x_wconf 82' lang='grc' dir='ltr'>τὴν</span> <span class='ocrx_word' id='word_1_196' title='bbox 3104 976 3377 1049; x_wconf 73' lang='grc' dir='ltr'>γραφικὴν</span> <span class='ocrx_word' id='word_1_197' title='bbox 3404 975 3624 1044; x_wconf 75' lang='grc' dir='ltr'>ἐπιστή-</span> 
     </span>
    </p>
   </div>
   <div class='ocr_carea' id='block_1_28' title="bbox 2059 1068 3619 1149">
    <p class='ocr_par' dir='ltr' id='par_1_28' title="bbox 2059 1068 3619 1149">
     <span class='ocr_line' id='line_1_28' title="bbox 2059 1068 3619 1149; baseline -0.008 -18"><span class='ocrx_word' id='word_1_198' title='bbox 2059 1095 2166 1149; x_wconf 92' lang='grc' dir='ltr'><strong>μην</strong></span> <span class='ocrx_word' id='word_1_199' title='bbox 2196 1077 2295 1147; x_wconf 81' lang='grc' dir='ltr'>ὖλη</span> <span class='ocrx_word' id='word_1_200' title='bbox 2329 1077 2427 1147; x_wconf 89' lang='grc' dir='ltr'><strong>μέν</strong></span> <span class='ocrx_word' id='word_1_201' title='bbox 2455 1075 2538 1137; x_wconf 81' lang='grc' dir='ltr'><strong>τίς</strong></span> <span class='ocrx_word' id='word_1_202' title='bbox 2577 1076 2693 1128; x_wconf 81' lang='grc' dir='ltr'>ἐστι</span> <span class='ocrx_word' id='word_1_203' title='bbox 2744 1072 2956 1136; x_wconf 86' lang='grc' dir='ltr'>πάντως</span> <span class='ocrx_word' id='word_1_204' title='bbox 2984 1073 3041 1125; x_wconf 86' lang='grc' dir='ltr'>ὲν</span> <span class='ocrx_word' id='word_1_205' title='bbox 3067 1069 3339 1140; x_wconf 72' lang='grc' dir='ltr'>διαφόροις</span> <span class='ocrx_word' id='word_1_206' title='bbox 3364 1068 3564 1138; x_wconf 78' lang='grc' dir='ltr'>βαφαῖς</span> <span class='ocrx_word' id='word_1_207' title='bbox 3588 1069 3619 1135; x_wconf 87' lang='grc' dir='ltr'>ὴ</span> 
     </span>
    </p>
   </div>
   <div class='ocr_carea' id='block_1_29' title="bbox 2058 1159 3624 1242">
    <p class='ocr_par' dir='ltr' id='par_1_29' title="bbox 2058 1159 3624 1242">
     <span class='ocr_line' id='line_1_29' title="bbox 2058 1159 3624 1242; baseline -0.009 -17"><span class='ocrx_word' id='word_1_208' title='bbox 2058 1169 2450 1242; x_wconf 79' lang='grc' dir='ltr'>συμπληροῦσα</span> <span class='ocrx_word' id='word_1_209' title='bbox 2476 1167 2568 1221; x_wconf 80' lang='grc' dir='ltr'><strong>τοῦ</strong></span> <span class='ocrx_word' id='word_1_210' title='bbox 2599 1165 2736 1232; x_wconf 79' lang='grc' dir='ltr'>ζὼου</span> <span class='ocrx_word' id='word_1_211' title='bbox 2776 1167 2874 1237; x_wconf 80' lang='grc' dir='ltr'>τὴν</span> <span class='ocrx_word' id='word_1_212' title='bbox 2905 1166 3132 1237; x_wconf 84' lang='grc' dir='ltr'>μίμησιν</span> <span class='ocrx_word' id='word_1_213' title='bbox 3155 1182 3169 1196; x_wconf 79' lang='grc' dir='ltr'><strong><em>ο</em></strong></span> <span class='ocrx_word' id='word_1_214' title='bbox 3199 1164 3228 1216; x_wconf 87' lang='grc' dir='ltr'>ὁ</span> <span class='ocrx_word' id='word_1_215' title='bbox 3269 1161 3325 1214; x_wconf 78' lang='grc' dir='ltr'>δὲ</span> <span class='ocrx_word' id='word_1_216' title='bbox 3360 1161 3499 1232; x_wconf 80' lang='grc' dir='ltr'>πρὸς</span> <span class='ocrx_word' id='word_1_217' title='bbox 3531 1159 3624 1228; x_wconf 78' lang='grc' dir='ltr'>τὴν</span> 
     </span>
    </p>
   </div>
   <div class='ocr_carea' id='block_1_30' title="bbox 2055 1251 3624 1329">
    <p class='ocr_par' dir='ltr' id='par_1_30' title="bbox 2055 1251 3624 1329">
     <span class='ocr_line' id='line_1_30' title="bbox 2055 1251 3624 1329; baseline -0.007 -16"><span class='ocrx_word' id='word_1_218' title='bbox 2055 1260 2238 1313; x_wconf 80' lang='grc' dir='ltr'>εἰκόνα</span> <span class='ocrx_word' id='word_1_219' title='bbox 2272 1258 2507 1329; x_wconf 80' lang='grc' dir='ltr'><strong>βλέπων,</strong></span> <span class='ocrx_word' id='word_1_220' title='bbox 2530 1259 2629 1329; x_wconf 81' lang='grc' dir='ltr'>τὴν</span> <span class='ocrx_word' id='word_1_221' title='bbox 2649 1259 2713 1311; x_wconf 79' lang='grc' dir='ltr'>ὲκ</span> <span class='ocrx_word' id='word_1_222' title='bbox 2735 1258 2835 1326; x_wconf 78' lang='grc' dir='ltr'>τῆς</span> <span class='ocrx_word' id='word_1_223' title='bbox 2864 1256 3058 1327; x_wconf 86' lang='grc' dir='ltr'>τέχνης</span> <span class='ocrx_word' id='word_1_224' title='bbox 3076 1254 3164 1308; x_wconf 84' lang='grc' dir='ltr'><strong>διὰ</strong></span> <span class='ocrx_word' id='word_1_225' title='bbox 3189 1253 3296 1307; x_wconf 86' lang='grc' dir='ltr'><strong>τῶν</strong></span> <span class='ocrx_word' id='word_1_226' title='bbox 3317 1251 3624 1324; x_wconf 75' lang='grc' dir='ltr'>χρωμάτων</span> 
     </span>
    </p>
   </div>
   <div class='ocr_carea' id='block_1_31' title="bbox 2058 1339 3624 1421">
    <p class='ocr_par' dir='ltr' id='par_1_31' title="bbox 2058 1339 3624 1421">
     <span class='ocr_line' id='line_1_31' title="bbox 2058 1339 3624 1421; baseline -0.01 -17"><span class='ocrx_word' id='word_1_227' title='bbox 2058 1366 2120 1402; x_wconf 93' lang='grc' dir='ltr'><strong>συ</strong></span> <span class='ocrx_word' id='word_1_228' title='bbox 2129 1350 2278 1420; x_wconf 88' lang='grc' dir='ltr'>μπλη</span> <span class='ocrx_word' id='word_1_229' title='bbox 2289 1349 2572 1421; x_wconf 83' lang='grc' dir='ltr'>ρωθείσαν,</span> <span class='ocrx_word' id='word_1_230' title='bbox 2600 1350 2661 1402; x_wconf 84' lang='grc' dir='ltr'>οὐ</span> <span class='ocrx_word' id='word_1_231' title='bbox 2689 1351 2807 1410; x_wconf 83' lang='grc' dir='ltr'>ταῖς</span> <span class='ocrx_word' id='word_1_232' title='bbox 2834 1344 3284 1416; x_wconf 83' lang='grc' dir='ltr'>ὲπιχρωσθείσαις</span> <span class='ocrx_word' id='word_1_233' title='bbox 3313 1341 3395 1411; x_wconf 82' lang='grc' dir='ltr'>τῷ</span> <span class='ocrx_word' id='word_1_234' title='bbox 3434 1339 3624 1393; x_wconf 78' lang='grc' dir='ltr'>πίνακι</span> 
     </span>
    </p>
   </div>
   <div class='ocr_carea' id='block_1_32' title="bbox 2057 1422 3623 1518">
    <p class='ocr_par' dir='ltr' id='par_1_32' title="bbox 2057 1422 3623 1518">
     <span class='ocr_line' id='line_1_32' title="bbox 2057 1422 3623 1518; baseline -0.006 -24"><span class='ocrx_word' id='word_1_235' title='bbox 2057 1422 2256 1512; x_wconf 75' lang='grc' dir='ltr'>βαφαῖς</span> <span class='ocrx_word' id='word_1_236' title='bbox 2289 1441 2651 1512; x_wconf 82' lang='grc' dir='ltr'>ἐμφιλοχωρεῖ</span> <span class='ocrx_word' id='word_1_237' title='bbox 2686 1440 2762 1511; x_wconf 82' lang='grc' dir='ltr'>τῷ</span> <span class='ocrx_word' id='word_1_238' title='bbox 2792 1439 3057 1507; x_wconf 67' lang='grc' dir='ltr'>θεάματι*</span> <span class='ocrx_word' id='word_1_239' title='bbox 3086 1435 3218 1489; x_wconf 87' lang='grc' dir='ltr'>άλλὰ</span> <span class='ocrx_word' id='word_1_240' title='bbox 3247 1433 3380 1518; x_wconf 74' lang='grc' dir='ltr'>πρὸς</span> <span class='ocrx_word' id='word_1_241' title='bbox 3397 1432 3465 1485; x_wconf 77' lang='grc' dir='ltr'>τὸ</span> <span class='ocrx_word' id='word_1_242' title='bbox 3489 1427 3623 1492; x_wconf 81' lang='grc' dir='ltr'>εἶδος</span> 
     </span>
    </p>
   </div>
   <div class='ocr_carea' id='block_1_33' title="bbox 2059 1523 3623 1605">
    <p class='ocr_par' dir='ltr' id='par_1_33' title="bbox 2059 1523 3623 1605">
     <span class='ocr_line' id='line_1_33' title="bbox 2059 1523 3623 1605; baseline -0.01 -16"><span class='ocrx_word' id='word_1_243' title='bbox 2059 1535 2243 1605; x_wconf 81' lang='grc' dir='ltr'><strong>βλέπει</strong></span> <span class='ocrx_word' id='word_1_244' title='bbox 2270 1535 2448 1604; x_wconf 86' lang='grc' dir='ltr'>μόνον,</span> <span class='ocrx_word' id='word_1_245' title='bbox 2471 1532 2599 1586; x_wconf 82' lang='grc' dir='ltr'>ὃδιὰ</span> <span class='ocrx_word' id='word_1_246' title='bbox 2624 1531 2729 1585; x_wconf 79' lang='grc' dir='ltr'>τῶν</span> <span class='ocrx_word' id='word_1_247' title='bbox 2763 1531 3068 1603; x_wconf 81' lang='grc' dir='ltr'>χρωμάτων</span> <span class='ocrx_word' id='word_1_248' title='bbox 3086 1529 3115 1581; x_wconf 88' lang='grc' dir='ltr'>ὁ</span> <span class='ocrx_word' id='word_1_249' title='bbox 3137 1526 3387 1599; x_wconf 80' lang='grc' dir='ltr'>τεχνίτης</span> <span class='ocrx_word' id='word_1_250' title='bbox 3419 1523 3623 1576; x_wconf 80' lang='grc' dir='ltr'>ἀνέδει-</span> 
     </span>
    </p>
   </div>
   <div class='ocr_carea' id='block_1_34' title="bbox 377 1599 1859 1696">
    <p class='ocr_par' dir='ltr' id='par_1_34' title="bbox 377 1620 1859 1692">
     <span class='ocr_line' id='line_1_34' title="bbox 377 1620 1859 1692; baseline -0.001 -13"><span class='ocrx_word' id='word_1_251' title='bbox 377 1626 443 1679; x_wconf 87' lang='lat' dir='ltr'><strong>ad</strong></span> <span class='ocrx_word' id='word_1_252' title='bbox 491 1627 661 1679; x_wconf 81' lang='lat' dir='ltr'><strong>solum</strong></span> <span class='ocrx_word' id='word_1_253' title='bbox 717 1623 945 1677; x_wconf 83' lang='lat' dir='ltr'><strong>formam</strong></span> <span class='ocrx_word' id='word_1_254' title='bbox 994 1638 1158 1692; x_wconf 88' lang='lat' dir='ltr'><strong>quam</strong></span> <span class='ocrx_word' id='word_1_255' title='bbox 1199 1624 1477 1678; x_wconf 90' lang='lat' dir='ltr'><strong>coloribus</strong></span> <span class='ocrx_word' id='word_1_256' title='bbox 1499 1620 1678 1679; x_wconf 82' lang='lat' dir='ltr'><strong>atlecit</strong></span> <span class='ocrx_word' id='word_1_257' title='bbox 1708 1620 1859 1679; x_wconf 74' lang='lat' dir='ltr'><strong>artife</strong></span> 
     </span>
    </p>
   </div>
   <div class='ocr_carea' id='block_1_35' title="bbox 2137 1599 3619 1696">
    <p class='ocr_par' dir='ltr' id='par_1_35' title="bbox 2137 1599 3619 1696">
     <span class='ocr_line' id='line_1_35' title="bbox 2137 1599 3619 1696; baseline -0.003 -16"><span class='ocrx_word' id='word_1_258' title='bbox 2137 1644 2142 1670; x_wconf 73' lang='grc' dir='ltr'>ν</span> <span class='ocrx_word' id='word_1_259' title='bbox 2171 1643 2184 1656; x_wconf 89' lang='grc'><strong>·</strong></span> <span class='ocrx_word' id='word_1_260' title='bbox 2217 1599 2359 1680; x_wconf 59' lang='lat' dir='ltr'><strong>aii-rw</strong></span> <span class='ocrx_word' id='word_1_261' title='bbox 2400 1627 2666 1696; x_wconf 83' lang='grc' dir='ltr'>προσήκει</span> <span class='ocrx_word' id='word_1_262' title='bbox 2706 1599 2928 1676; x_wconf 27' lang='grc' dir='ltr'>καίνὲπὶ</span> <span class='ocrx_word' id='word_1_263' title='bbox 2970 1623 3070 1692; x_wconf 81' lang='grc' dir='ltr'>τῆς</span> <span class='ocrx_word' id='word_1_264' title='bbox 3090 1615 3368 1693; x_wconf 82' lang='grc' dir='ltr'>παρούσης</span> <span class='ocrx_word' id='word_1_265' title='bbox 3383 1614 3619 1685; x_wconf 74' lang='grc' dir='ltr'>Γραφῆς.</span> 
     </span>
    </p>
   </div>
   <div class='ocr_carea' id='block_1_36' title="bbox 378 1714 1949 1785">
    <p class='ocr_par' dir='ltr' id='par_1_36' title="bbox 378 1714 1949 1785">
     <span class='ocr_line' id='line_1_36' title="bbox 378 1714 1949 1785; baseline -0.001 -15"><span class='ocrx_word' id='word_1_266' title='bbox 378 1718 451 1770; x_wconf 91' lang='lat' dir='ltr'><strong>ita</strong></span> <span class='ocrx_word' id='word_1_267' title='bbox 485 1718 646 1769; x_wconf 87' lang='lat' dir='ltr'><strong>ctiam</strong></span> <span class='ocrx_word' id='word_1_268' title='bbox 691 1716 950 1769; x_wconf 81' lang='lat' dir='ltr'><strong>convenit</strong></span> <span class='ocrx_word' id='word_1_269' title='bbox 981 1715 1036 1768; x_wconf 92' lang='lat' dir='ltr'><strong>in</strong></span> <span class='ocrx_word' id='word_1_270' title='bbox 1078 1716 1331 1785; x_wconf 73' lang='lat' dir='ltr'><strong>praesenti</strong></span> <span class='ocrx_word' id='word_1_271' title='bbox 1359 1714 1660 1784; x_wconf 78' lang='lat' dir='ltr'><strong>Scriptura,</strong></span> <span class='ocrx_word' id='word_1_272' title='bbox 1715 1730 1824 1768; x_wconf 86' lang='lat' dir='ltr'><strong>non</strong></span> <span class='ocrx_word' id='word_1_273' title='bbox 1866 1715 1949 1769; x_wconf 80' lang='lat' dir='ltr'><strong>in—</strong></span> 
     </span>
    </p>
   </div>
   <div class='ocr_carea' id='block_1_37' title="bbox 376 1798 1949 1874">
    <p class='ocr_par' dir='ltr' id='par_1_37' title="bbox 376 1798 1949 1874">
     <span class='ocr_line' id='line_1_37' title="bbox 376 1798 1949 1874; baseline 0 -15"><span class='ocrx_word' id='word_1_274' title='bbox 376 1807 517 1859; x_wconf 91' lang='lat' dir='ltr'><strong>tueri</strong></span> <span class='ocrx_word' id='word_1_275' title='bbox 540 1806 606 1859; x_wconf 91' lang='lat' dir='ltr'><strong>ad</strong></span> <span class='ocrx_word' id='word_1_276' title='bbox 643 1805 931 1859; x_wconf 83' lang='lat' dir='ltr'><strong>materiam</strong></span> <span class='ocrx_word' id='word_1_277' title='bbox 958 1800 1351 1874; x_wconf 71' lang='lat' dir='ltr'><strong>colorumque:</strong></span> <span class='ocrx_word' id='word_1_278' title='bbox 1380 1798 1460 1860; x_wconf 84' lang='lat' dir='ltr'><strong>est</strong></span> <span class='ocrx_word' id='word_1_279' title='bbox 1489 1806 1544 1858; x_wconf 91' lang='lat' dir='ltr'><strong>in</strong></span> <span class='ocrx_word' id='word_1_280' title='bbox 1596 1806 1813 1870; x_wconf 77' lang='lat' dir='ltr'><strong>verbis,</strong></span> <span class='ocrx_word' id='word_1_281' title='bbox 1848 1806 1949 1861; x_wconf 82' lang='lat' dir='ltr'><strong>sed</strong></span> 
     </span>
    </p>
   </div>
   <div class='ocr_carea' id='block_1_38' title="bbox 377 1896 1949 1967">
    <p class='ocr_par' dir='ltr' id='par_1_38' title="bbox 377 1896 1949 1967">
     <span class='ocr_line' id='line_1_38' title="bbox 377 1896 1949 1967; baseline 0 -17"><span class='ocrx_word' id='word_1_282' title='bbox 377 1900 622 1966; x_wconf 87' lang='lat' dir='ltr'><strong>aspicere</strong></span> <span class='ocrx_word' id='word_1_283' title='bbox 639 1898 803 1951; x_wconf 90' lang='lat' dir='ltr'><strong>veluti</strong></span> <span class='ocrx_word' id='word_1_284' title='bbox 829 1897 895 1949; x_wconf 90' lang='lat' dir='ltr'><strong>ad</strong></span> <span class='ocrx_word' id='word_1_285' title='bbox 925 1896 1218 1965; x_wconf 88' lang='lat' dir='ltr'><strong>quamdam</strong></span> <span class='ocrx_word' id='word_1_286' title='bbox 1261 1899 1402 1967; x_wconf 83' lang='lat' dir='ltr'><strong>regis</strong></span> <span class='ocrx_word' id='word_1_287' title='bbox 1440 1896 1694 1961; x_wconf 85' lang='lat' dir='ltr'><strong>formam,</strong></span> <span class='ocrx_word' id='word_1_288' title='bbox 1727 1913 1849 1967; x_wconf 63' lang='lat' dir='ltr'><strong>quae</strong></span> <span class='ocrx_word' id='word_1_289' title='bbox 1893 1899 1949 1951; x_wconf 89' lang='lat' dir='ltr'><strong>in</strong></span> 
     </span>
    </p>
   </div>
   <div class='ocr_carea' id='block_1_39' title="bbox 377 1985 1952 2061">
    <p class='ocr_par' dir='ltr' id='par_1_39' title="bbox 377 1985 1952 2061">
     <span class='ocr_line' id='line_1_39' title="bbox 377 1985 1952 2061; baseline -0.001 -21"><span class='ocrx_word' id='word_1_290' title='bbox 377 1988 445 2040; x_wconf 88' lang='lat' dir='ltr'><strong>iis</strong></span> <span class='ocrx_word' id='word_1_291' title='bbox 474 1987 799 2055; x_wconf 61' lang='lat' dir='ltr'><strong>exprimitur</strong></span> <span class='ocrx_word' id='word_1_292' title='bbox 826 2002 931 2061; x_wconf 23' lang='lat' dir='ltr'><strong>per.</strong></span> <span class='ocrx_word' id='word_1_293' title='bbox 954 2001 1120 2055; x_wconf 88' lang='lat' dir='ltr'><strong>puras</strong></span> <span class='ocrx_word' id='word_1_294' title='bbox 1159 1988 1356 2041; x_wconf 90' lang='lat' dir='ltr'><strong>mentis</strong></span> <span class='ocrx_word' id='word_1_295' title='bbox 1382 1986 1793 2055; x_wconf 86' lang='lat' dir='ltr'><strong>conceptiones.</strong></span> <span class='ocrx_word' id='word_1_296' title='bbox 1853 1985 1952 2040; x_wconf 81' lang='grc' dir='ltr'><strong>Αι-</strong></span> 
     </span>
    </p>
   </div>
   <div class='ocr_carea' id='block_1_40' title="bbox 376 2068 1950 2146">
    <p class='ocr_par' dir='ltr' id='par_1_40' title="bbox 376 2068 1950 2146">
     <span class='ocr_line' id='line_1_40' title="bbox 376 2068 1950 2146; baseline -0.002 -14"><span class='ocrx_word' id='word_1_297' title='bbox 376 2068 503 2132; x_wconf 79' lang='lat' dir='ltr'><strong>bum</strong></span> <span class='ocrx_word' id='word_1_298' title='bbox 533 2079 700 2142; x_wconf 89' lang='lat' dir='ltr'><strong>enim,</strong></span> <span class='ocrx_word' id='word_1_299' title='bbox 742 2085 836 2130; x_wconf 88' lang='lat' dir='ltr'><strong>aut</strong></span> <span class='ocrx_word' id='word_1_300' title='bbox 865 2075 1099 2139; x_wconf 82' lang='lat' dir='ltr'><strong>fulvum,</strong></span> <span class='ocrx_word' id='word_1_301' title='bbox 1134 2087 1226 2130; x_wconf 90' lang='lat' dir='ltr'><strong>aut</strong></span> <span class='ocrx_word' id='word_1_302' title='bbox 1276 2078 1514 2146; x_wconf 74' lang='lat' dir='ltr'><strong>nigrum,</strong></span> <span class='ocrx_word' id='word_1_303' title='bbox 1564 2087 1658 2130; x_wconf 87' lang='lat' dir='ltr'><strong>aut</strong></span> <span class='ocrx_word' id='word_1_304' title='bbox 1701 2078 1950 2140; x_wconf 85' lang='lat' dir='ltr'><strong>rubrum,</strong></span> 
     </span>
    </p>
   </div>
   <div class='ocr_carea' id='block_1_41' title="bbox 378 2167 1954 2235">
    <p class='ocr_par' dir='ltr' id='par_1_41' title="bbox 378 2167 1954 2235">
     <span class='ocr_line' id='line_1_41' title="bbox 378 2167 1954 2235; baseline 0.001 -16"><span class='ocrx_word' id='word_1_305' title='bbox 378 2177 471 2220; x_wconf 81' lang='lat' dir='ltr'><strong>aut</strong></span> <span class='ocrx_word' id='word_1_306' title='bbox 505 2169 819 2231; x_wconf 63' lang='lat' dir='ltr'><strong>caeruleum,</strong></span> <span class='ocrx_word' id='word_1_307' title='bbox 850 2174 942 2219; x_wconf 89' lang='lat' dir='ltr'><strong>aut</strong></span> <span class='ocrx_word' id='word_1_308' title='bbox 996 2167 1192 2235; x_wconf 87' lang='lat' dir='ltr'><strong>aliquis</strong></span> <span class='ocrx_word' id='word_1_309' title='bbox 1246 2168 1387 2221; x_wconf 88' lang='lat' dir='ltr'><strong>alius</strong></span> <span class='ocrx_word' id='word_1_310' title='bbox 1435 2168 1606 2231; x_wconf 85' lang='lat' dir='ltr'><strong>color,</strong></span> <span class='ocrx_word' id='word_1_311' title='bbox 1656 2175 1785 2222; x_wconf 90' lang='lat' dir='ltr'><strong>sunt</strong></span> <span class='ocrx_word' id='word_1_312' title='bbox 1838 2168 1954 2221; x_wconf 68' lang='lat' dir='ltr'><strong>haec</strong></span> 
     </span>
    </p>
   </div>
   <div class='ocr_carea' id='block_1_42' title="bbox 377 2258 1952 2329">
    <p class='ocr_par' dir='ltr' id='par_1_42' title="bbox 377 2258 1952 2329">
     <span class='ocr_line' id='line_1_42' title="bbox 377 2258 1952 2329; baseline 0 -17"><span class='ocrx_word' id='word_1_313' title='bbox 377 2260 563 2324; x_wconf 84' lang='lat' dir='ltr'><strong>verba,</strong></span> <span class='ocrx_word' id='word_1_314' title='bbox 604 2259 648 2312; x_wconf 82' lang='lat' dir='ltr'><strong>si</strong></span> <span class='ocrx_word' id='word_1_315' title='bbox 684 2268 999 2327; x_wconf 86' lang='lat' dir='ltr'><strong>spectentur</strong></span> <span class='ocrx_word' id='word_1_316' title='bbox 1034 2273 1154 2327; x_wconf 81' lang='lat' dir='ltr'><strong>quae</strong></span> <span class='ocrx_word' id='word_1_317' title='bbox 1183 2258 1236 2309; x_wconf 92' lang='lat' dir='ltr'><strong>in</strong></span> <span class='ocrx_word' id='word_1_318' title='bbox 1270 2268 1521 2326; x_wconf 89' lang='lat' dir='ltr'><strong>promptu</strong></span> <span class='ocrx_word' id='word_1_319' title='bbox 1575 2267 1703 2312; x_wconf 87' lang='lat' dir='ltr'><strong>sunt</strong></span> <span class='ocrx_word' id='word_1_320' title='bbox 1741 2258 1952 2329; x_wconf 83' lang='lat' dir='ltr'><strong>signiﬁ—</strong></span> 
     </span>
    </p>
   </div>
   <div class='ocr_carea' id='block_1_43' title="bbox 377 2349 1952 2420">
    <p class='ocr_par' dir='ltr' id='par_1_43' title="bbox 377 2349 1952 2420">
     <span class='ocr_line' id='line_1_43' title="bbox 377 2349 1952 2420; baseline 0.001 -18"><span class='ocrx_word' id='word_1_321' title='bbox 377 2350 643 2414; x_wconf 86' lang='lat' dir='ltr'><strong>cationes,</strong></span> <span class='ocrx_word' id='word_1_322' title='bbox 678 2365 871 2420; x_wconf 87' lang='lat' dir='ltr'><strong>nempe</strong></span> <span class='ocrx_word' id='word_1_323' title='bbox 905 2365 988 2412; x_wconf 89' lang='lat' dir='ltr'><strong>os,</strong></span> <span class='ocrx_word' id='word_1_324' title='bbox 1020 2356 1073 2403; x_wconf 89' lang='lat' dir='ltr'><strong>et</strong></span> <span class='ocrx_word' id='word_1_325' title='bbox 1105 2349 1374 2412; x_wconf 88' lang='lat' dir='ltr'><strong>osculum,</strong></span> <span class='ocrx_word' id='word_1_326' title='bbox 1406 2357 1458 2403; x_wconf 92' lang='lat' dir='ltr'><strong>et</strong></span> <span class='ocrx_word' id='word_1_327' title='bbox 1495 2358 1854 2420; x_wconf 73' lang='lat' dir='ltr'><strong>unguentum,</strong></span> <span class='ocrx_word' id='word_1_328' title='bbox 1899 2358 1952 2406; x_wconf 91' lang='lat' dir='ltr'><strong>et</strong></span> 
     </span>
    </p>
   </div>
   <div class='ocr_carea' id='block_1_44' title="bbox 376 2418 1945 2509">
    <p class='ocr_par' dir='ltr' id='par_1_44' title="bbox 376 2418 1945 2509">
     <span class='ocr_line' id='line_1_44' title="bbox 376 2418 1945 2509; baseline -0.001 -12"><span class='ocrx_word' id='word_1_329' title='bbox 376 2446 584 2509; x_wconf 78' lang='lat' dir='ltr'><strong>vinum,</strong></span> <span class='ocrx_word' id='word_1_330' title='bbox 618 2451 670 2498; x_wconf 85' lang='lat' dir='ltr'><strong>et</strong></span> <span class='ocrx_word' id='word_1_331' title='bbox 699 2444 913 2497; x_wconf 88' lang='lat' dir='ltr'><strong>nomina</strong></span> <span class='ocrx_word' id='word_1_332' title='bbox 948 2442 1336 2504; x_wconf 86' lang='lat' dir='ltr'><strong>membrorum,</strong></span> <span class='ocrx_word' id='word_1_333' title='bbox 1366 2452 1418 2495; x_wconf 89' lang='lat' dir='ltr'><strong>et</strong></span> <span class='ocrx_word' id='word_1_334' title='bbox 1444 2442 1700 2503; x_wconf 71' lang='lat' dir='ltr'><strong>lectulus,</strong></span> <span class='ocrx_word' id='word_1_335' title='bbox 1734 2418 1788 2497; x_wconf 68' lang='lat' dir='ltr'><strong>et</strong></span> <span class='ocrx_word' id='word_1_336' title='bbox 1820 2443 1945 2496; x_wconf 81' lang='lat' dir='ltr'><strong>ado-</strong></span> 
     </span>
    </p>
   </div>
   <div class='ocr_carea' id='block_1_45' title="bbox 377 2530 1950 2601">
    <p class='ocr_par' dir='ltr' id='par_1_45' title="bbox 377 2530 1950 2601">
     <span class='ocr_line' id='line_1_45' title="bbox 377 2530 1950 2601; baseline -0.001 -13"><span class='ocrx_word' id='word_1_337' title='bbox 377 2530 714 2595; x_wconf 62' lang='lat' dir='ltr'><strong>lcsccntulm,</strong></span> <span class='ocrx_word' id='word_1_338' title='bbox 775 2542 829 2587; x_wconf 88' lang='lat' dir='ltr'><strong>et</strong></span> <span class='ocrx_word' id='word_1_339' title='bbox 880 2549 1000 2601; x_wconf 81' lang='lat' dir='ltr'><strong>quae</strong></span> <span class='ocrx_word' id='word_1_340' title='bbox 1049 2542 1177 2586; x_wconf 90' lang='lat' dir='ltr'><strong>sunt</strong></span> <span class='ocrx_word' id='word_1_341' title='bbox 1226 2532 1561 2600; x_wconf 88' lang='lat' dir='ltr'><strong>hujusmodi.</strong></span> <span class='ocrx_word' id='word_1_342' title='bbox 1610 2533 1741 2598; x_wconf 69' lang='lat' dir='ltr'><strong>Qua:</strong></span> <span class='ocrx_word' id='word_1_343' title='bbox 1772 2542 1950 2587; x_wconf 88' lang='lat' dir='ltr'><strong>autem</strong></span> 
     </span>
    </p>
   </div>
   <div class='ocr_carea' id='block_1_46' title="bbox 378 2611 1949 2696">
    <p class='ocr_par' dir='ltr' id='par_1_46' title="bbox 378 2611 1949 2696">
     <span class='ocr_line' id='line_1_46' title="bbox 378 2611 1949 2696; baseline -0.002 -16"><span class='ocrx_word' id='word_1_344' title='bbox 378 2641 474 2696; x_wconf 87' lang='lat' dir='ltr'><strong>per</strong></span> <span class='ocrx_word' id='word_1_345' title='bbox 504 2626 619 2679; x_wconf 67' lang='lat' dir='ltr'><strong>haec</strong></span> <span class='ocrx_word' id='word_1_346' title='bbox 653 2624 891 2677; x_wconf 78' lang='lat' dir='ltr'><strong>efﬁcitur</strong></span> <span class='ocrx_word' id='word_1_347' title='bbox 924 2622 1118 2695; x_wconf 76' lang='lat' dir='ltr'><strong>forma,</strong></span> <span class='ocrx_word' id='word_1_348' title='bbox 1152 2630 1234 2675; x_wconf 86' lang='lat' dir='ltr'><strong>est</strong></span> <span class='ocrx_word' id='word_1_349' title='bbox 1259 2611 1540 2676; x_wconf 83' lang='lat' dir='ltr'><strong>beatitudo</strong></span> <span class='ocrx_word' id='word_1_350' title='bbox 1570 2632 1623 2677; x_wconf 92' lang='lat' dir='ltr'><strong>et</strong></span> <span class='ocrx_word' id='word_1_351' title='bbox 1671 2612 1949 2693; x_wconf 77' lang='lat' dir='ltr'><strong>impatihi-</strong></span> 
     </span>
    </p>
   </div>
   <div class='ocr_carea' id='block_1_47' title="bbox 377 2700 1943 2788">
    <p class='ocr_par' dir='ltr' id='par_1_47' title="bbox 377 2700 1943 2788">
     <span class='ocr_line' id='line_1_47' title="bbox 377 2700 1943 2788; baseline -0.002 -17"><span class='ocrx_word' id='word_1_352' title='bbox 377 2718 522 2782; x_wconf 82' lang='lat' dir='ltr'><strong>litus,</strong></span> <span class='ocrx_word' id='word_1_353' title='bbox 559 2726 760 2771; x_wconf 90' lang='lat' dir='ltr'><strong>etcum</strong></span> <span class='ocrx_word' id='word_1_354' title='bbox 789 2714 900 2768; x_wconf 88' lang='lat' dir='ltr'><strong>Deo</strong></span> <span class='ocrx_word' id='word_1_355' title='bbox 936 2714 1274 2781; x_wconf 85' lang='lat' dir='ltr'><strong>conjunctio,</strong></span> <span class='ocrx_word' id='word_1_356' title='bbox 1306 2718 1361 2767; x_wconf 90' lang='lat' dir='ltr'><strong>et</strong></span> <span class='ocrx_word' id='word_1_357' title='bbox 1392 2714 1650 2767; x_wconf 88' lang='lat' dir='ltr'><strong>alienatio</strong></span> <span class='ocrx_word' id='word_1_358' title='bbox 1696 2729 1725 2766; x_wconf 89' lang='lat' dir='ltr'><strong>a</strong></span> <span class='ocrx_word' id='word_1_359' title='bbox 1762 2700 1943 2788; x_wconf 82' lang='lat' dir='ltr'><strong>malis,</strong></span> 
     </span>
    </p>
   </div>
   <div class='ocr_carea' id='block_1_48' title="bbox 376 2803 1944 2876">
    <p class='ocr_par' dir='ltr' id='par_1_48' title="bbox 376 2803 1944 2876">
     <span class='ocr_line' id='line_1_48' title="bbox 376 2803 1944 2876; baseline -0.001 -14"><span class='ocrx_word' id='word_1_360' title='bbox 376 2817 432 2862; x_wconf 86' lang='lat' dir='ltr'><strong>et</strong></span> <span class='ocrx_word' id='word_1_361' title='bbox 460 2809 507 2862; x_wconf 92' lang='lat' dir='ltr'><strong>ei</strong></span> <span class='ocrx_word' id='word_1_362' title='bbox 541 2805 684 2876; x_wconf 90' lang='lat' dir='ltr'><strong>quod</strong></span> <span class='ocrx_word' id='word_1_363' title='bbox 715 2814 796 2860; x_wconf 88' lang='lat' dir='ltr'><strong>est</strong></span> <span class='ocrx_word' id='word_1_364' title='bbox 819 2820 945 2859; x_wconf 87' lang='lat' dir='ltr'><strong>vere</strong></span> <span class='ocrx_word' id='word_1_365' title='bbox 972 2804 1257 2872; x_wconf 88' lang='lat' dir='ltr'><strong>pulchrum</strong></span> <span class='ocrx_word' id='word_1_366' title='bbox 1285 2811 1339 2856; x_wconf 89' lang='lat' dir='ltr'><strong>et</strong></span> <span class='ocrx_word' id='word_1_367' title='bbox 1374 2804 1572 2857; x_wconf 86' lang='lat' dir='ltr'><strong>bonum</strong></span> <span class='ocrx_word' id='word_1_368' title='bbox 1602 2803 1944 2860; x_wconf 85' lang='lat' dir='ltr'><strong>assimilatio.</strong></span> 
     </span>
    </p>
   </div>
   <div class='ocr_carea' id='block_1_49' title="bbox 2057 1705 3626 1792">
    <p class='ocr_par' dir='ltr' id='par_1_49' title="bbox 2057 1705 3626 1792">
     <span class='ocr_line' id='line_1_49' title="bbox 2057 1705 3626 1792; baseline -0.011 -17"><span class='ocrx_word' id='word_1_369' title='bbox 2057 1720 2131 1792; x_wconf 82' lang='grc' dir='ltr'>μὴ</span> <span class='ocrx_word' id='word_1_370' title='bbox 2160 1719 2294 1791; x_wconf 66' lang='grc' dir='ltr'>πρὸς</span> <span class='ocrx_word' id='word_1_371' title='bbox 2311 1718 2407 1791; x_wconf 74' lang='grc' dir='ltr'>τὴν</span> <span class='ocrx_word' id='word_1_372' title='bbox 2437 1717 2567 1789; x_wconf 74' lang='grc' dir='ltr'>ὓλην</span> <span class='ocrx_word' id='word_1_373' title='bbox 2592 1716 2687 1788; x_wconf 74' lang='grc' dir='ltr'>τὴν</span> <span class='ocrx_word' id='word_1_374' title='bbox 2717 1717 2774 1769; x_wconf 83' lang='grc' dir='ltr'>ὲν</span> <span class='ocrx_word' id='word_1_375' title='bbox 2799 1717 2911 1777; x_wconf 87' lang='grc' dir='ltr'>τοῖς</span> <span class='ocrx_word' id='word_1_376' title='bbox 2941 1714 3145 1783; x_wconf 79' lang='grc' dir='ltr'>ῥήμασι</span> <span class='ocrx_word' id='word_1_377' title='bbox 3176 1708 3485 1780; x_wconf 82' lang='grc' dir='ltr'>χρωμάτων</span> <span class='ocrx_word' id='word_1_378' title='bbox 3513 1705 3626 1775; x_wconf 81' lang='grc' dir='ltr'>βλέ-</span> 
     </span>
    </p>
   </div>
   <div class='ocr_carea' id='block_1_50' title="bbox 2055 1794 3627 1879">
    <p class='ocr_par' dir='ltr' id='par_1_50' title="bbox 2055 1794 3627 1879">
     <span class='ocr_line' id='line_1_50' title="bbox 2055 1794 3627 1879; baseline -0.01 -16"><span class='ocrx_word' id='word_1_379' title='bbox 2055 1828 2209 1864; x_wconf 88' lang='grc' dir='ltr'>πειν·</span> <span class='ocrx_word' id='word_1_380' title='bbox 2237 1811 2371 1863; x_wconf 83' lang='grc' dir='ltr'>ἀλλά</span> <span class='ocrx_word' id='word_1_381' title='bbox 2391 1809 2640 1879; x_wconf 82' lang='grc' dir='ltr'>καθάπερ</span> <span class='ocrx_word' id='word_1_382' title='bbox 2667 1824 2719 1859; x_wconf 87' lang='grc' dir='ltr'><strong>τι</strong></span> <span class='ocrx_word' id='word_1_383' title='bbox 2744 1802 3017 1874; x_wconf 85' lang='grc' dir='ltr'>βασιλείας</span> <span class='ocrx_word' id='word_1_384' title='bbox 3033 1797 3170 1864; x_wconf 77' lang='grc' dir='ltr'>εἶδος</span> <span class='ocrx_word' id='word_1_385' title='bbox 3199 1801 3256 1854; x_wconf 86' lang='grc' dir='ltr'>ὲν</span> <span class='ocrx_word' id='word_1_386' title='bbox 3282 1799 3464 1860; x_wconf 83' lang='grc' dir='ltr'>αὐτοῖς</span> <span class='ocrx_word' id='word_1_387' title='bbox 3500 1794 3627 1849; x_wconf 67' lang='grc' dir='ltr'>καθέ</span> 
     </span>
    </p>
   </div>
   <div class='ocr_carea' id='block_1_51' title="bbox 2054 1889 3623 1975">
    <p class='ocr_par' dir='ltr' id='par_1_51' title="bbox 2054 1889 3623 1975">
     <span class='ocr_line' id='line_1_51' title="bbox 2054 1889 3623 1975; baseline -0.01 -19"><span class='ocrx_word' id='word_1_388' title='bbox 2054 1905 2185 1975; x_wconf 80' lang='grc' dir='ltr'>ορᾷν</span> <span class='ocrx_word' id='word_1_389' title='bbox 2205 1902 2265 1955; x_wconf 76' lang='grc' dir='ltr'>τὸ</span> <span class='ocrx_word' id='word_1_390' title='bbox 2291 1903 2377 1955; x_wconf 80' lang='grc' dir='ltr'><strong>διὰ</strong></span> <span class='ocrx_word' id='word_1_391' title='bbox 2411 1901 2518 1954; x_wconf 78' lang='grc' dir='ltr'><strong>τῶν</strong></span> <span class='ocrx_word' id='word_1_392' title='bbox 2563 1898 2816 1970; x_wconf 83' lang='grc' dir='ltr'>καθαρῶν</span> <span class='ocrx_word' id='word_1_393' title='bbox 2847 1895 3131 1966; x_wconf 83' lang='grc' dir='ltr'>νοημάτων</span> <span class='ocrx_word' id='word_1_394' title='bbox 3164 1889 3623 1960; x_wconf 72' lang='grc' dir='ltr'>ἁνατυπούμειην.</span> 
     </span>
    </p>
   </div>
   <div class='ocr_carea' id='block_1_52' title="bbox 2055 1981 3626 2063">
    <p class='ocr_par' dir='ltr' id='par_1_52' title="bbox 2055 1981 3626 2063">
     <span class='ocr_line' id='line_1_52' title="bbox 2055 1981 3626 2063; baseline -0.011 -16"><span class='ocrx_word' id='word_1_395' title='bbox 2055 1992 2259 2047; x_wconf 84' lang='grc' dir='ltr'>Λευκὸν</span> <span class='ocrx_word' id='word_1_396' title='bbox 2280 1992 2408 2063; x_wconf 77' lang='grc' dir='ltr'>γάρ,</span> <span class='ocrx_word' id='word_1_397' title='bbox 2429 1993 2461 2063; x_wconf 78' lang='grc' dir='ltr'>ἦ</span> <span class='ocrx_word' id='word_1_398' title='bbox 2482 1991 2678 2061; x_wconf 77' lang='grc' dir='ltr'>ὠχρὸν,</span> <span class='ocrx_word' id='word_1_399' title='bbox 2711 1990 2744 2060; x_wconf 79' lang='grc' dir='ltr'>ἢ</span> <span class='ocrx_word' id='word_1_400' title='bbox 2771 1986 3012 2059; x_wconf 79' lang='grc' dir='ltr'>μέλαν,ῆ</span> <span class='ocrx_word' id='word_1_401' title='bbox 3039 1983 3286 2057; x_wconf 79' lang='grc' dir='ltr'>ἐρυθρὸν,</span> <span class='ocrx_word' id='word_1_402' title='bbox 3315 1981 3350 2053; x_wconf 78' lang='grc' dir='ltr'>ἢ</span> <span class='ocrx_word' id='word_1_403' title='bbox 3379 1981 3626 2037; x_wconf 80' lang='grc' dir='ltr'>κυάνεον,</span> 
     </span>
    </p>
   </div>
   <div class='ocr_carea' id='block_1_53' title="bbox 2055 2070 3630 2155">
    <p class='ocr_par' dir='ltr' id='par_1_53' title="bbox 2055 2070 3630 2155">
     <span class='ocr_line' id='line_1_53' title="bbox 2055 2070 3630 2155; baseline -0.011 -16"><span class='ocrx_word' id='word_1_404' title='bbox 2055 2085 2088 2155; x_wconf 84' lang='grc' dir='ltr'>ἢ</span> <span class='ocrx_word' id='word_1_405' title='bbox 2120 2085 2245 2138; x_wconf 82' lang='grc' dir='ltr'>ἄλλο</span> <span class='ocrx_word' id='word_1_406' title='bbox 2293 2101 2346 2136; x_wconf 89' lang='grc' dir='ltr'><strong>τι</strong></span> <span class='ocrx_word' id='word_1_407' title='bbox 2390 2083 2589 2154; x_wconf 82' lang='grc' dir='ltr'>χρῶμά</span> <span class='ocrx_word' id='word_1_408' title='bbox 2627 2083 2741 2133; x_wconf 80' lang='grc' dir='ltr'>ἐστι</span> <span class='ocrx_word' id='word_1_409' title='bbox 2772 2080 2838 2134; x_wconf 81' lang='grc' dir='ltr'>τὰ</span> <span class='ocrx_word' id='word_1_410' title='bbox 2892 2078 3112 2150; x_wconf 68' lang='grc' dir='ltr'>ῥήματα</span> <span class='ocrx_word' id='word_1_411' title='bbox 3148 2074 3320 2128; x_wconf 79' lang='grc' dir='ltr'>ταῦτα</span> <span class='ocrx_word' id='word_1_412' title='bbox 3359 2070 3509 2126; x_wconf 84' lang='grc' dir='ltr'>κατὰ</span> <span class='ocrx_word' id='word_1_413' title='bbox 3538 2070 3630 2132; x_wconf 72' lang='grc' dir='ltr'>τὰς</span> 
     </span>
    </p>
   </div>
   <div class='ocr_carea' id='block_1_54' title="bbox 2057 2162 3629 2246">
    <p class='ocr_par' dir='ltr' id='par_1_54' title="bbox 2057 2162 3629 2246">
     <span class='ocr_line' id='line_1_54' title="bbox 2057 2162 3629 2246; baseline -0.009 -19"><span class='ocrx_word' id='word_1_414' title='bbox 2057 2175 2377 2246; x_wconf 80' lang='grc' dir='ltr'>προχείρους</span> <span class='ocrx_word' id='word_1_415' title='bbox 2408 2172 2691 2245; x_wconf 77' lang='grc' dir='ltr'>ἐμφάσεις,</span> <span class='ocrx_word' id='word_1_416' title='bbox 2715 2171 2907 2241; x_wconf 81' lang='grc' dir='ltr'>στόμα,</span> <span class='ocrx_word' id='word_1_417' title='bbox 2937 2168 3032 2222; x_wconf 69' lang='grc' dir='ltr'>καὶ</span> <span class='ocrx_word' id='word_1_418' title='bbox 3056 2167 3284 2237; x_wconf 80' lang='grc' dir='ltr'>φίλημα,</span> <span class='ocrx_word' id='word_1_419' title='bbox 3316 2164 3414 2218; x_wconf 75' lang='grc' dir='ltr'>καὶ</span> <span class='ocrx_word' id='word_1_420' title='bbox 3439 2162 3629 2234; x_wconf 84' lang='grc' dir='ltr'>μύρον,</span> 
     </span>
    </p>
   </div>
   <div class='ocr_carea' id='block_1_55' title="bbox 2058 2253 3634 2330">
    <p class='ocr_par' dir='ltr' id='par_1_55' title="bbox 2058 2253 3634 2330">
     <span class='ocr_line' id='line_1_55' title="bbox 2058 2253 3634 2330; baseline -0.009 -11"><span class='ocrx_word' id='word_1_421' title='bbox 2058 2267 2151 2320; x_wconf 69' lang='grc' dir='ltr'>καὶ</span> <span class='ocrx_word' id='word_1_422' title='bbox 2176 2262 2341 2330; x_wconf 78' lang='grc' dir='ltr'>οἶνος,</span> <span class='ocrx_word' id='word_1_423' title='bbox 2367 2264 2460 2318; x_wconf 74' lang='grc' dir='ltr'>καὶ</span> <span class='ocrx_word' id='word_1_424' title='bbox 2482 2262 2551 2316; x_wconf 88' lang='grc' dir='ltr'><strong>τά</strong></span> <span class='ocrx_word' id='word_1_425' title='bbox 2585 2262 2688 2315; x_wconf 87' lang='grc' dir='ltr'>τῶν</span> <span class='ocrx_word' id='word_1_426' title='bbox 2725 2259 2898 2330; x_wconf 83' lang='grc' dir='ltr'>μελῶν</span> <span class='ocrx_word' id='word_1_427' title='bbox 2923 2259 3179 2328; x_wconf 81' lang='grc' dir='ltr'>ὀνόματα,</span> <span class='ocrx_word' id='word_1_428' title='bbox 3209 2256 3303 2309; x_wconf 72' lang='grc' dir='ltr'>καὶ</span> <span class='ocrx_word' id='word_1_429' title='bbox 3331 2255 3519 2324; x_wconf 82' lang='grc' dir='ltr'>κλίνη,</span> <span class='ocrx_word' id='word_1_430' title='bbox 3544 2253 3634 2307; x_wconf 75' lang='grc' dir='ltr'>καὶ</span> 
     </span>
    </p>
   </div>
   <div class='ocr_carea' id='block_1_56' title="bbox 2057 2347 3721 2421">
    <p class='ocr_par' dir='ltr' id='par_1_56' title="bbox 2057 2347 3721 2421">
     <span class='ocr_line' id='line_1_56' title="bbox 2057 2347 3721 2421; baseline -0.008 -10"><span class='ocrx_word' id='word_1_431' title='bbox 2057 2358 2311 2421; x_wconf 85' lang='grc' dir='ltr'>νεάνιδες,</span> <span class='ocrx_word' id='word_1_432' title='bbox 2337 2359 2431 2410; x_wconf 78' lang='grc' dir='ltr'>καὶ</span> <span class='ocrx_word' id='word_1_433' title='bbox 2462 2356 2528 2409; x_wconf 82' lang='grc' dir='ltr'>τὰ</span> <span class='ocrx_word' id='word_1_434' title='bbox 2549 2354 2793 2417; x_wconf 64' lang='grc' dir='ltr'>τοιαῦτα.</span> <span class='ocrx_word' id='word_1_435' title='bbox 2835 2353 2897 2406; x_wconf 86' lang='grc' dir='ltr'><strong><em>Ἢ</em></strong></span> <span class='ocrx_word' id='word_1_436' title='bbox 2926 2352 2982 2405; x_wconf 82' lang='grc' dir='ltr'>δὲ</span> <span class='ocrx_word' id='word_1_437' title='bbox 3001 2350 3088 2403; x_wconf 89' lang='grc' dir='ltr'><strong>διὰ</strong></span> <span class='ocrx_word' id='word_1_438' title='bbox 3112 2349 3313 2403; x_wconf 81' lang='grc' dir='ltr'>τούτων</span> <span class='ocrx_word' id='word_1_439' title='bbox 3338 2347 3635 2400; x_wconf 78' lang='grc' dir='ltr'>ἁποτελου-</span> <span class='ocrx_word' id='word_1_440' title='bbox 3720 2402 3721 2417; x_wconf 18' lang='grc' dir='ltr'><strong>γ</strong></span> 
     </span>
    </p>
   </div>
   <div class='ocr_carea' id='block_1_57' title="bbox 2061 2437 3633 2519">
    <p class='ocr_par' dir='ltr' id='par_1_57' title="bbox 2061 2437 3633 2519">
     <span class='ocr_line' id='line_1_57' title="bbox 2061 2437 3633 2519; baseline -0.007 -19"><span class='ocrx_word' id='word_1_441' title='bbox 2061 2449 2196 2518; x_wconf 84' lang='grc' dir='ltr'>μένη</span> <span class='ocrx_word' id='word_1_442' title='bbox 2258 2448 2483 2519; x_wconf 65' lang='grc' dir='ltr'><strong>μορφὴ.»</strong></span> <span class='ocrx_word' id='word_1_443' title='bbox 2504 2444 2844 2518; x_wconf 87' lang='grc' dir='ltr'>μακαριότης</span> <span class='ocrx_word' id='word_1_444' title='bbox 2900 2442 3017 2496; x_wconf 78' lang='grc' dir='ltr'>ἐστὶ</span> <span class='ocrx_word' id='word_1_445' title='bbox 3062 2441 3154 2494; x_wconf 79' lang='grc' dir='ltr'>καὶ</span> <span class='ocrx_word' id='word_1_446' title='bbox 3183 2438 3446 2503; x_wconf 82' lang='grc' dir='ltr'>ἀπάθεια,</span> <span class='ocrx_word' id='word_1_447' title='bbox 3473 2437 3569 2490; x_wconf 72' lang='grc' dir='ltr'><strong>καὶ</strong></span> <span class='ocrx_word' id='word_1_448' title='bbox 3602 2437 3633 2507; x_wconf 77' lang='grc' dir='ltr'><strong>η</strong></span> 
     </span>
    </p>
   </div>
   <div class='ocr_carea' id='block_1_58' title="bbox 2058 2531 3633 2611">
    <p class='ocr_par' dir='ltr' id='par_1_58' title="bbox 2058 2531 3633 2611">
     <span class='ocr_line' id='line_1_58' title="bbox 2058 2531 3633 2611; baseline -0.007 -18"><span class='ocrx_word' id='word_1_449' title='bbox 2058 2542 2194 2611; x_wconf 82' lang='grc' dir='ltr'>πρὸς</span> <span class='ocrx_word' id='word_1_450' title='bbox 2215 2540 2273 2593; x_wconf 79' lang='grc' dir='ltr'>τὸ</span> <span class='ocrx_word' id='word_1_451' title='bbox 2285 2541 2438 2593; x_wconf 85' lang='grc' dir='ltr'><strong>Θείον</strong></span> <span class='ocrx_word' id='word_1_452' title='bbox 2458 2540 2739 2607; x_wconf 74' lang='grc' dir='ltr'>συνάφεια,</span> <span class='ocrx_word' id='word_1_453' title='bbox 2759 2537 2852 2590; x_wconf 76' lang='grc' dir='ltr'>καὶ</span> <span class='ocrx_word' id='word_1_454' title='bbox 2873 2537 2906 2606; x_wconf 80' lang='grc' dir='ltr'>ἡ</span> <span class='ocrx_word' id='word_1_455' title='bbox 2929 2534 3033 2587; x_wconf 79' lang='grc' dir='ltr'><strong>τῶν</strong></span> <span class='ocrx_word' id='word_1_456' title='bbox 3058 2533 3240 2588; x_wconf 83' lang='grc' dir='ltr'>κακῶν</span> <span class='ocrx_word' id='word_1_457' title='bbox 3258 2531 3633 2602; x_wconf 83' lang='grc' dir='ltr'>ἁλλοτρίωσις,</span> 
     </span>
    </p>
   </div>
   <div class='ocr_carea' id='block_1_59' title="bbox 2058 2618 3633 2700">
    <p class='ocr_par' dir='ltr' id='par_1_59' title="bbox 2058 2618 3633 2700">
     <span class='ocr_line' id='line_1_59' title="bbox 2058 2618 3633 2700; baseline -0.009 -18"><span class='ocrx_word' id='word_1_458' title='bbox 2058 2631 2153 2682; x_wconf 67' lang='grc' dir='ltr'>καὶ</span> <span class='ocrx_word' id='word_1_459' title='bbox 2182 2632 2214 2699; x_wconf 78' lang='grc' dir='ltr'>ἡ</span> <span class='ocrx_word' id='word_1_460' title='bbox 2239 2629 2372 2700; x_wconf 71' lang='grc' dir='ltr'>πρὸς</span> <span class='ocrx_word' id='word_1_461' title='bbox 2430 2627 2491 2680; x_wconf 83' lang='grc' dir='ltr'>τὸ</span> <span class='ocrx_word' id='word_1_462' title='bbox 2531 2627 2699 2688; x_wconf 80' lang='grc' dir='ltr'>ὅντως</span> <span class='ocrx_word' id='word_1_463' title='bbox 2731 2624 2891 2678; x_wconf 85' lang='grc' dir='ltr'>καλὸν</span> <span class='ocrx_word' id='word_1_464' title='bbox 2928 2623 3019 2676; x_wconf 80' lang='grc' dir='ltr'>καὶ</span> <span class='ocrx_word' id='word_1_465' title='bbox 3055 2619 3255 2690; x_wconf 77' lang='grc' dir='ltr'>ἀγαθὸν</span> <span class='ocrx_word' id='word_1_466' title='bbox 3289 2618 3633 2687; x_wconf 77' lang='grc' dir='ltr'>ἐξομοίωσις.</span> 
     </span>
    </p>
   </div>
   <div class='ocr_carea' id='block_1_60' title="bbox 2058 2706 3721 2787">
    <p class='ocr_par' dir='ltr' id='par_1_60' title="bbox 2058 2706 3721 2787">
     <span class='ocr_line' id='line_1_60' title="bbox 2058 2706 3721 2787; baseline -0.009 -13"><span class='ocrx_word' id='word_1_467' title='bbox 2058 2721 2242 2775; x_wconf 76' lang='grc' dir='ltr'>Ταῦτά</span> <span class='ocrx_word' id='word_1_468' title='bbox 2298 2722 2410 2773; x_wconf 81' lang='grc' dir='ltr'>ἐστι</span> <span class='ocrx_word' id='word_1_469' title='bbox 2463 2718 2531 2771; x_wconf 81' lang='grc' dir='ltr'><strong>τά</strong></span> <span class='ocrx_word' id='word_1_470' title='bbox 2559 2719 2805 2787; x_wconf 82' lang='grc' dir='ltr'>νοήματα</span> <span class='ocrx_word' id='word_1_471' title='bbox 2838 2716 2906 2768; x_wconf 75' lang='grc' dir='ltr'>τὰ</span> <span class='ocrx_word' id='word_1_472' title='bbox 2942 2711 3320 2784; x_wconf 79' lang='grc' dir='ltr'>μαρτυροῦντα</span> <span class='ocrx_word' id='word_1_473' title='bbox 3363 2709 3443 2776; x_wconf 84' lang='grc' dir='ltr'>τῷ</span> <span class='ocrx_word' id='word_1_474' title='bbox 3482 2708 3637 2761; x_wconf 78' lang='grc' dir='ltr'>Σολο-</span> <span class='ocrx_word' id='word_1_475' title='bbox 3720 2706 3721 2745; x_wconf 69' lang='lat'>3</span> 
     </span>
    </p>
   </div>
   <div class='ocr_carea' id='block_1_61' title="bbox 2062 2786 3638 2882">
    <p class='ocr_par' dir='ltr' id='par_1_61' title="bbox 2062 2800 3638 2882">
     <span class='ocr_line' id='line_1_61' title="bbox 2062 2800 3638 2882; baseline -0.008 -18"><span class='ocrx_word' id='word_1_476' title='bbox 2062 2812 2233 2882; x_wconf 85' lang='grc' dir='ltr'>μῶντι</span> <span class='ocrx_word' id='word_1_477' title='bbox 2269 2811 2363 2882; x_wconf 84' lang='grc' dir='ltr'>τὴν</span> <span class='ocrx_word' id='word_1_478' title='bbox 2408 2810 2598 2878; x_wconf 71' lang='grc' dir='ltr'>σοφίαν</span> <span class='ocrx_word' id='word_1_479' title='bbox 2648 2809 2861 2876; x_wconf 79' lang='grc' dir='ltr'>ἐκείνην</span> <span class='ocrx_word' id='word_1_480' title='bbox 2888 2807 2985 2876; x_wconf 83' lang='grc' dir='ltr'>τὴν</span> <span class='ocrx_word' id='word_1_481' title='bbox 3042 2803 3486 2873; x_wconf 78' lang='grc' dir='ltr'>ὑπερϐαίνουσαν</span> <span class='ocrx_word' id='word_1_482' title='bbox 3515 2800 3638 2861; x_wconf 74' lang='grc' dir='ltr'>τοὺς</span> 
     </span>
    </p>
   </div>
   <div class='ocr_carea' id='block_1_62' title="bbox 380 2884 1862 2978">
    <p class='ocr_par' dir='ltr' id='par_1_62' title="bbox 380 2884 1862 2964">
     <span class='ocr_line' id='line_1_62' title="bbox 380 2884 1862 2964; baseline -0.001 -15"><span class='ocrx_word' id='word_1_483' title='bbox 380 2886 472 2951; x_wconf 64' lang='lat' dir='ltr'><strong>Ha?</strong></span> <span class='ocrx_word' id='word_1_484' title='bbox 510 2905 638 2950; x_wconf 90' lang='lat' dir='ltr'><strong>sunt</strong></span> <span class='ocrx_word' id='word_1_485' title='bbox 669 2894 866 2949; x_wconf 87' lang='lat' dir='ltr'><strong>mentis</strong></span> <span class='ocrx_word' id='word_1_486' title='bbox 905 2894 1294 2961; x_wconf 87' lang='lat' dir='ltr'><strong>conceptiones</strong></span> <span class='ocrx_word' id='word_1_487' title='bbox 1330 2904 1384 2946; x_wconf 88' lang='lat' dir='ltr'><strong>et</strong></span> <span class='ocrx_word' id='word_1_488' title='bbox 1412 2884 1804 2963; x_wconf 57' lang='lat' dir='ltr'><strong>intelligentia,</strong></span> <span class='ocrx_word' id='word_1_489' title='bbox 1832 2911 1862 2964; x_wconf 89' lang='lat' dir='ltr'><strong>q</strong></span> 
     </span>
    </p>
   </div>
   <div class='ocr_carea' id='block_1_63' title="bbox 2155 2884 3637 2978">
    <p class='ocr_par' dir='ltr' id='par_1_63' title="bbox 2155 2892 3637 2974">
     <span class='ocr_line' id='line_1_63' title="bbox 2155 2892 3637 2974; baseline -0.008 -17"><span class='ocrx_word' id='word_1_490' title='bbox 2155 2922 2217 2967; x_wconf 88' lang='grc' dir='ltr'><strong>υς</strong></span> <span class='ocrx_word' id='word_1_491' title='bbox 2240 2905 2337 2974; x_wconf 81' lang='grc' dir='ltr'>τῆς</span> <span class='ocrx_word' id='word_1_492' title='bbox 2368 2902 2712 2974; x_wconf 79' lang='grc' dir='ltr'>ἀνθρωπίνης</span> <span class='ocrx_word' id='word_1_493' title='bbox 2737 2901 2944 2970; x_wconf 72' lang='grc' dir='ltr'>σοφίας.</span> <span class='ocrx_word' id='word_1_494' title='bbox 2964 2900 3033 2952; x_wconf 85' lang='grc' dir='ltr'>Τί</span> <span class='ocrx_word' id='word_1_495' title='bbox 3050 2898 3158 2968; x_wconf 83' lang='grc' dir='ltr'>γὰρ</span> <span class='ocrx_word' id='word_1_496' title='bbox 3182 2897 3247 2950; x_wconf 88' lang='grc' dir='ltr'>ἂν</span> <span class='ocrx_word' id='word_1_497' title='bbox 3269 2895 3487 2963; x_wconf 85' lang='grc' dir='ltr'>γένοιτο</span> <span class='ocrx_word' id='word_1_498' title='bbox 3516 2892 3637 2946; x_wconf 64' lang='grc' dir='ltr'><strong>τούἀ</strong></span> 
     </span>
    </p>
   </div>
   <div class='ocr_carea' id='block_1_64' title="bbox 381 2984 1956 3055">
    <p class='ocr_par' dir='ltr' id='par_1_64' title="bbox 381 2984 1956 3055">
     <span class='ocr_line' id='line_1_64' title="bbox 381 2984 1956 3055; baseline 0 -14"><span class='ocrx_word' id='word_1_499' title='bbox 381 2987 663 3041; x_wconf 88' lang='lat' dir='ltr'><strong>Solomoni</strong></span> <span class='ocrx_word' id='word_1_500' title='bbox 694 2985 876 3038; x_wconf 74' lang='lat' dir='ltr'><strong>ferunt</strong></span> <span class='ocrx_word' id='word_1_501' title='bbox 903 2984 1279 3055; x_wconf 86' lang='lat' dir='ltr'><strong>testimonium</strong></span> <span class='ocrx_word' id='word_1_502' title='bbox 1301 2985 1369 3053; x_wconf 80' lang='lat' dir='ltr'><strong>de</strong></span> <span class='ocrx_word' id='word_1_503' title='bbox 1402 2984 1493 3038; x_wconf 89' lang='lat' dir='ltr'><strong>illa</strong></span> <span class='ocrx_word' id='word_1_504' title='bbox 1533 2986 1800 3054; x_wconf 79' lang='lat' dir='ltr'><strong>sapientia</strong></span> <span class='ocrx_word' id='word_1_505' title='bbox 1836 3002 1956 3055; x_wconf 71' lang='lat' dir='ltr'><strong>quae</strong></span> 
     </span>
    </p>
   </div>
   <div class='ocr_carea' id='block_1_65' title="bbox 379 3076 1953 3146">
    <p class='ocr_par' dir='ltr' id='par_1_65' title="bbox 379 3076 1953 3146">
     <span class='ocr_line' id='line_1_65' title="bbox 379 3076 1953 3146; baseline -0.002 -13"><span class='ocrx_word' id='word_1_506' title='bbox 379 3085 674 3146; x_wconf 80' lang='lat' dir='ltr'><strong>exsuperat</strong></span> <span class='ocrx_word' id='word_1_507' title='bbox 714 3076 980 3131; x_wconf 88' lang='lat' dir='ltr'><strong>terminos</strong></span> <span class='ocrx_word' id='word_1_508' title='bbox 1012 3076 1263 3129; x_wconf 77' lang='lat' dir='ltr'><strong>humana:</strong></span> <span class='ocrx_word' id='word_1_509' title='bbox 1281 3076 1581 3146; x_wconf 77' lang='lat' dir='ltr'><strong>sapientize.</strong></span> <span class='ocrx_word' id='word_1_510' title='bbox 1621 3077 1762 3142; x_wconf 79' lang='lat' dir='ltr'><strong>Quid</strong></span> <span class='ocrx_word' id='word_1_511' title='bbox 1807 3079 1953 3133; x_wconf 88' lang='lat' dir='ltr'><strong>enim</strong></span> 
     </span>
    </p>
   </div>
   <div class='ocr_carea' id='block_1_66' title="bbox 381 3170 1955 3255">
    <p class='ocr_par' dir='ltr' id='par_1_66' title="bbox 381 3170 1955 3255">
     <span class='ocr_line' id='line_1_66' title="bbox 381 3170 1955 3255; baseline 0 -31"><span class='ocrx_word' id='word_1_512' title='bbox 381 3172 545 3226; x_wconf 77' lang='lat' dir='ltr'><strong>fuerit</strong></span> <span class='ocrx_word' id='word_1_513' title='bbox 573 3170 975 3237; x_wconf 75' lang='lat' dir='ltr'><strong>admirabilius,</strong></span> <span class='ocrx_word' id='word_1_514' title='bbox 1009 3182 1173 3238; x_wconf 83' lang='lat' dir='ltr'><strong>quam</strong></span> <span class='ocrx_word' id='word_1_515' title='bbox 1214 3181 1269 3255; x_wconf 68' lang='lat' dir='ltr'><strong>ut</strong></span> <span class='ocrx_word' id='word_1_516' title='bbox 1316 3178 1567 3223; x_wconf 79' lang='lat' dir='ltr'><strong>natumm</strong></span> <span class='ocrx_word' id='word_1_517' title='bbox 1615 3171 1785 3240; x_wconf 85' lang='lat' dir='ltr'><strong>ipsam</strong></span> <span class='ocrx_word' id='word_1_518' title='bbox 1834 3172 1955 3226; x_wconf 69' lang='lat' dir='ltr'><strong>eili-</strong></span> 
     </span>
    </p>
   </div>
   <div class='ocr_carea' id='block_1_67' title="bbox 380 3262 1957 3331">
    <p class='ocr_par' dir='ltr' id='par_1_67' title="bbox 380 3262 1957 3331">
     <span class='ocr_line' id='line_1_67' title="bbox 380 3262 1957 3331; baseline -0.001 -15"><span class='ocrx_word' id='word_1_519' title='bbox 380 3265 492 3316; x_wconf 89' lang='lat' dir='ltr'><strong>ciat</strong></span> <span class='ocrx_word' id='word_1_520' title='bbox 521 3263 869 3316; x_wconf 73' lang='lat' dir='ltr'><strong>at‘l&#39;cc&#39;tionum</strong></span> <span class='ocrx_word' id='word_1_521' title='bbox 899 3278 1124 3316; x_wconf 89' lang='lat' dir='ltr'><strong>suarum</strong></span> <span class='ocrx_word' id='word_1_522' title='bbox 1166 3262 1626 3331; x_wconf 81' lang='lat' dir='ltr'><strong>expurgatricem,</strong></span> <span class='ocrx_word' id='word_1_523' title='bbox 1669 3262 1798 3315; x_wconf 92' lang='lat' dir='ltr'><strong>dum</strong></span> <span class='ocrx_word' id='word_1_524' title='bbox 1862 3279 1957 3331; x_wconf 92' lang='lat' dir='ltr'><strong>per</strong></span> 
     </span>
    </p>
   </div>
   <div class='ocr_carea' id='block_1_68' title="bbox 381 3350 1954 3420">
    <p class='ocr_par' dir='ltr' id='par_1_68' title="bbox 381 3350 1954 3420">
     <span class='ocr_line' id='line_1_68' title="bbox 381 3350 1954 3420; baseline 0.001 -15"><span class='ocrx_word' id='word_1_525' title='bbox 381 3368 442 3405; x_wconf 79' lang='lat' dir='ltr'><strong>ea</strong></span> <span class='ocrx_word' id='word_1_526' title='bbox 497 3353 657 3407; x_wconf 81' lang='lat' dir='ltr'><strong>verba</strong></span> <span class='ocrx_word' id='word_1_527' title='bbox 708 3367 827 3420; x_wconf 65' lang='lat' dir='ltr'><strong>quae</strong></span> <span class='ocrx_word' id='word_1_528' title='bbox 864 3360 1164 3406; x_wconf 85' lang='lat' dir='ltr'><strong>censentur</strong></span> <span class='ocrx_word' id='word_1_529' title='bbox 1208 3368 1328 3406; x_wconf 83' lang='lat' dir='ltr'><strong>esse</strong></span> <span class='ocrx_word' id='word_1_530' title='bbox 1357 3354 1513 3420; x_wconf 87' lang='lat' dir='ltr'><strong>plena</strong></span> <span class='ocrx_word' id='word_1_531' title='bbox 1551 3350 1954 3417; x_wconf 77' lang='lat' dir='ltr'><strong>all‘ectionibus,</strong></span> 
     </span>
    </p>
   </div>
   <div class='ocr_carea' id='block_1_69' title="bbox 382 3439 1955 3511">
    <p class='ocr_par' dir='ltr' id='par_1_69' title="bbox 382 3439 1955 3511">
     <span class='ocr_line' id='line_1_69' title="bbox 382 3439 1955 3511; baseline 0.001 -17"><span class='ocrx_word' id='word_1_532' title='bbox 382 3443 624 3511; x_wconf 71' lang='lat' dir='ltr'><strong>przecipit</strong></span> <span class='ocrx_word' id='word_1_533' title='bbox 661 3458 724 3495; x_wconf 92' lang='lat' dir='ltr'><strong>ac</strong></span> <span class='ocrx_word' id='word_1_534' title='bbox 754 3440 913 3497; x_wconf 80' lang='lat' dir='ltr'><strong>docet</strong></span> <span class='ocrx_word' id='word_1_535' title='bbox 947 3441 1444 3511; x_wconf 47' lang='lat' dir='ltr'><strong>impatibilitatem’?</strong></span> <span class='ocrx_word' id='word_1_536' title='bbox 1476 3439 1594 3495; x_wconf 84' lang='lat' dir='ltr'><strong>Non</strong></span> <span class='ocrx_word' id='word_1_537' title='bbox 1637 3443 1783 3497; x_wconf 92' lang='lat' dir='ltr'><strong>enim</strong></span> <span class='ocrx_word' id='word_1_538' title='bbox 1817 3442 1955 3496; x_wconf 86' lang='lat' dir='ltr'><strong>dicit</strong></span> 
     </span>
    </p>
   </div>
   <div class='ocr_carea' id='block_1_70' title="bbox 382 3533 1957 3602">
    <p class='ocr_par' dir='ltr' id='par_1_70' title="bbox 382 3533 1957 3602">
     <span class='ocr_line' id='line_1_70' title="bbox 382 3533 1957 3602; baseline 0.001 -15"><span class='ocrx_word' id='word_1_539' title='bbox 382 3546 636 3602; x_wconf 78' lang='lat' dir='ltr'><strong>oportere</strong></span> <span class='ocrx_word' id='word_1_540' title='bbox 670 3533 967 3587; x_wconf 44' lang='lat' dir='ltr'><strong>esse‘extra</strong></span> <span class='ocrx_word' id='word_1_541' title='bbox 995 3534 1177 3587; x_wconf 88' lang='lat' dir='ltr'><strong>carnis</strong></span> <span class='ocrx_word' id='word_1_542' title='bbox 1218 3539 1398 3587; x_wconf 87' lang='lat' dir='ltr'><strong>tuotus</strong></span> <span class='ocrx_word' id='word_1_543' title='bbox 1451 3533 1717 3588; x_wconf 79' lang='lat' dir='ltr'><strong>obnoxios</strong></span> <span class='ocrx_word' id='word_1_544' title='bbox 1753 3534 1957 3588; x_wconf 76' lang='lat' dir='ltr'><strong>allecti-</strong></span> 
     </span>
    </p>
   </div>
   <div class='ocr_carea' id='block_1_71' title="bbox 384 3620 1954 3693">
    <p class='ocr_par' dir='ltr' id='par_1_71' title="bbox 384 3620 1954 3693">
     <span class='ocr_line' id='line_1_71' title="bbox 384 3620 1954 3693; baseline 0.003 -17"><span class='ocrx_word' id='word_1_545' title='bbox 384 3624 505 3683; x_wconf 86' lang='lat' dir='ltr'><strong>bus.</strong></span> <span class='ocrx_word' id='word_1_546' title='bbox 535 3631 588 3677; x_wconf 91' lang='lat' dir='ltr'><strong>et</strong></span> <span class='ocrx_word' id='word_1_547' title='bbox 615 3620 947 3677; x_wconf 74' lang='lat' dir='ltr'><strong>mortificare</strong></span> <span class='ocrx_word' id='word_1_548' title='bbox 972 3620 1211 3677; x_wconf 78' lang='lat' dir='ltr'><strong>membra</strong></span> <span class='ocrx_word' id='word_1_549' title='bbox 1235 3639 1354 3691; x_wconf 68' lang='lat' dir='ltr'><strong>quae</strong></span> <span class='ocrx_word' id='word_1_550' title='bbox 1380 3631 1508 3677; x_wconf 88' lang='lat' dir='ltr'><strong>sunt</strong></span> <span class='ocrx_word' id='word_1_551' title='bbox 1537 3639 1703 3693; x_wconf 90' lang='lat' dir='ltr'><strong>supra</strong></span> <span class='ocrx_word' id='word_1_552' title='bbox 1732 3631 1954 3690; x_wconf 85' lang='lat' dir='ltr'><strong>terram,</strong></span> 
     </span>
    </p>
   </div>
   <div class='ocr_carea' id='block_1_72' title="bbox 380 3702 1960 3781">
    <p class='ocr_par' dir='ltr' id='par_1_72' title="bbox 380 3702 1960 3781">
     <span class='ocr_line' id='line_1_72' title="bbox 380 3702 1960 3781; baseline 0.001 -13"><span class='ocrx_word' id='word_1_553' title='bbox 380 3720 435 3768; x_wconf 87' lang='lat' dir='ltr'><strong>et</strong></span> <span class='ocrx_word' id='word_1_554' title='bbox 473 3727 566 3766; x_wconf 85' lang='lat' dir='ltr'><strong>ore</strong></span> <span class='ocrx_word' id='word_1_555' title='bbox 590 3728 711 3768; x_wconf 91' lang='lat' dir='ltr'><strong>esse</strong></span> <span class='ocrx_word' id='word_1_556' title='bbox 742 3724 938 3779; x_wconf 87' lang='lat' dir='ltr'><strong>purum</strong></span> <span class='ocrx_word' id='word_1_557' title='bbox 974 3728 1001 3764; x_wconf 91' lang='lat' dir='ltr'><strong>a</strong></span> <span class='ocrx_word' id='word_1_558' title='bbox 1030 3713 1214 3767; x_wconf 85' lang='lat' dir='ltr'><strong>verbis</strong></span> <span class='ocrx_word' id='word_1_559' title='bbox 1248 3702 1540 3781; x_wconf 84' lang='lat' dir='ltr'><strong>patheticis</strong></span> <span class='ocrx_word' id='word_1_560' title='bbox 1572 3731 1584 3766; x_wconf 90' lang='lat'>:</span> <span class='ocrx_word' id='word_1_561' title='bbox 1634 3715 1728 3768; x_wconf 87' lang='lat' dir='ltr'><strong>sed</strong></span> <span class='ocrx_word' id='word_1_562' title='bbox 1760 3715 1834 3769; x_wconf 90' lang='lat' dir='ltr'><strong>ita</strong></span> <span class='ocrx_word' id='word_1_563' title='bbox 1877 3715 1960 3769; x_wconf 82' lang='lat' dir='ltr'><strong>af-</strong></span> 
     </span>
    </p>
   </div>
   <div class='ocr_carea' id='block_1_73' title="bbox 384 3797 1955 3868">
    <p class='ocr_par' dir='ltr' id='par_1_73' title="bbox 384 3797 1955 3868">
     <span class='ocr_line' id='line_1_73' title="bbox 384 3797 1955 3868; baseline 0.003 -14"><span class='ocrx_word' id='word_1_564' title='bbox 384 3800 494 3854; x_wconf 83' lang='lat' dir='ltr'><strong>ticit</strong></span> <span class='ocrx_word' id='word_1_565' title='bbox 525 3802 782 3864; x_wconf 84' lang='lat' dir='ltr'><strong>animam,</strong></span> <span class='ocrx_word' id='word_1_566' title='bbox 824 3806 883 3853; x_wconf 89' lang='lat' dir='ltr'><strong>ut</strong></span> <span class='ocrx_word' id='word_1_567' title='bbox 919 3814 1011 3868; x_wconf 87' lang='lat' dir='ltr'><strong>per</strong></span> <span class='ocrx_word' id='word_1_568' title='bbox 1034 3814 1097 3854; x_wconf 84' lang='lat' dir='ltr'><strong>ea</strong></span> <span class='ocrx_word' id='word_1_569' title='bbox 1130 3815 1249 3868; x_wconf 68' lang='lat' dir='ltr'><strong>qua:</strong></span> <span class='ocrx_word' id='word_1_570' title='bbox 1280 3797 1534 3856; x_wconf 87' lang='lat' dir='ltr'><strong>videntur</strong></span> <span class='ocrx_word' id='word_1_571' title='bbox 1561 3802 1684 3856; x_wconf 87' lang='lat' dir='ltr'><strong>esse</strong></span> <span class='ocrx_word' id='word_1_572' title='bbox 1714 3801 1955 3859; x_wconf 85' lang='lat' dir='ltr'><strong>absurda</strong></span> 
     </span>
    </p>
   </div>
   <div class='ocr_carea' id='block_1_74' title="bbox 378 3890 1958 3963">
    <p class='ocr_par' dir='ltr' id='par_1_74' title="bbox 378 3890 1958 3963">
     <span class='ocr_line' id='line_1_74' title="bbox 378 3890 1958 3963; baseline 0.003 -17"><span class='ocrx_word' id='word_1_573' title='bbox 378 3900 433 3947; x_wconf 87' lang='lat' dir='ltr'><strong>et</strong></span> <span class='ocrx_word' id='word_1_574' title='bbox 456 3892 740 3951; x_wconf 78' lang='lat' dir='ltr'><strong>indecora,</strong></span> <span class='ocrx_word' id='word_1_575' title='bbox 770 3890 998 3958; x_wconf 84' lang='lat' dir='ltr'><strong>aspiciat</strong></span> <span class='ocrx_word' id='word_1_576' title='bbox 1028 3892 1093 3943; x_wconf 88' lang='lat' dir='ltr'><strong>ad</strong></span> <span class='ocrx_word' id='word_1_577' title='bbox 1127 3893 1437 3960; x_wconf 88' lang='lat' dir='ltr'><strong>puritatem,</strong></span> <span class='ocrx_word' id='word_1_578' title='bbox 1468 3910 1561 3962; x_wconf 90' lang='lat' dir='ltr'><strong>per</strong></span> <span class='ocrx_word' id='word_1_579' title='bbox 1582 3894 1743 3949; x_wconf 80' lang='lat' dir='ltr'><strong>verba</strong></span> <span class='ocrx_word' id='word_1_580' title='bbox 1771 3896 1958 3963; x_wconf 83' lang='lat' dir='ltr'><strong>patho-</strong></span> 
     </span>
    </p>
   </div>
   <div class='ocr_carea' id='block_1_75' title="bbox 379 3983 1954 4054">
    <p class='ocr_par' dir='ltr' id='par_1_75' title="bbox 379 3983 1954 4054">
     <span class='ocr_line' id='line_1_75' title="bbox 379 3983 1954 4054; baseline 0.003 -17"><span class='ocrx_word' id='word_1_581' title='bbox 379 3985 486 4037; x_wconf 90' lang='lat' dir='ltr'><strong>tica</strong></span> <span class='ocrx_word' id='word_1_582' title='bbox 521 3983 889 4050; x_wconf 82' lang='lat' dir='ltr'><strong>interpretatis</strong></span> <span class='ocrx_word' id='word_1_583' title='bbox 921 3992 1155 4035; x_wconf 80' lang='lat' dir='ltr'><strong>mentem</strong></span> <span class='ocrx_word' id='word_1_584' title='bbox 1198 3996 1261 4035; x_wconf 90' lang='lat' dir='ltr'><strong>ac</strong></span> <span class='ocrx_word' id='word_1_585' title='bbox 1309 3984 1659 4047; x_wconf 87' lang='lat' dir='ltr'><strong>sententiam,</strong></span> <span class='ocrx_word' id='word_1_586' title='bbox 1702 3985 1755 4038; x_wconf 89' lang='lat' dir='ltr'><strong>in</strong></span> <span class='ocrx_word' id='word_1_587' title='bbox 1791 4002 1954 4054; x_wconf 87' lang='lat' dir='ltr'><strong>quam</strong></span> 
     </span>
    </p>
   </div>
   <div class='ocr_carea' id='block_1_76' title="bbox 378 4060 1959 4148">
    <p class='ocr_par' dir='ltr' id='par_1_76' title="bbox 378 4060 1959 4148">
     <span class='ocr_line' id='line_1_76' title="bbox 378 4060 1959 4148; baseline 0.003 -21"><span class='ocrx_word' id='word_1_588' title='bbox 378 4088 487 4127; x_wconf 88' lang='lat' dir='ltr'><strong>non</strong></span> <span class='ocrx_word' id='word_1_589' title='bbox 529 4071 676 4125; x_wconf 87' lang='lat' dir='ltr'><strong>cadit</strong></span> <span class='ocrx_word' id='word_1_590' title='bbox 724 4071 1000 4143; x_wconf 72' lang='lat' dir='ltr'><strong>interitus.</strong></span> <span class='ocrx_word' id='word_1_591' title='bbox 1053 4060 1167 4124; x_wconf 80' lang='lat' dir='ltr'><strong>[loc</strong></span> <span class='ocrx_word' id='word_1_592' title='bbox 1215 4072 1433 4148; x_wconf 84' lang='lat' dir='ltr'><strong>quidem</strong></span> <span class='ocrx_word' id='word_1_593' title='bbox 1482 4090 1649 4126; x_wconf 90' lang='lat' dir='ltr'><strong>unum</strong></span> <span class='ocrx_word' id='word_1_594' title='bbox 1699 4071 1799 4129; x_wconf 85' lang='lat' dir='ltr'><strong>nos</strong></span> <span class='ocrx_word' id='word_1_595' title='bbox 1862 4080 1959 4146; x_wconf 68' lang='lat' dir='ltr'><strong>per</strong></span> 
     </span>
    </p>
   </div>
   <div class='ocr_carea' id='block_1_77' title="bbox 380 4160 1956 4235">
    <p class='ocr_par' dir='ltr' id='par_1_77' title="bbox 380 4160 1956 4235">
     <span class='ocr_line' id='line_1_77' title="bbox 380 4160 1956 4235; baseline 0.006 -21"><span class='ocrx_word' id='word_1_596' title='bbox 380 4162 648 4233; x_wconf 71' lang='lat' dir='ltr'><strong>prommia</strong></span> <span class='ocrx_word' id='word_1_597' title='bbox 694 4161 891 4215; x_wconf 84' lang='lat' dir='ltr'><strong>doceat</strong></span> <span class='ocrx_word' id='word_1_598' title='bbox 944 4160 1141 4221; x_wconf 90' lang='lat' dir='ltr'><strong>oratio,</strong></span> <span class='ocrx_word' id='word_1_599' title='bbox 1190 4161 1333 4229; x_wconf 86' lang='lat' dir='ltr'><strong>quod</strong></span> <span class='ocrx_word' id='word_1_600' title='bbox 1390 4178 1499 4215; x_wconf 91' lang='lat' dir='ltr'><strong>non</strong></span> <span class='ocrx_word' id='word_1_601' title='bbox 1545 4172 1675 4217; x_wconf 88' lang='lat' dir='ltr'><strong>sunt</strong></span> <span class='ocrx_word' id='word_1_602' title='bbox 1722 4168 1956 4235; x_wconf 87' lang='lat' dir='ltr'><strong>amplius</strong></span> 
     </span>
    </p>
   </div>
   <div class='ocr_carea' id='block_1_78' title="bbox 379 4249 2031 4325">
    <p class='ocr_par' dir='ltr' id='par_1_78' title="bbox 379 4249 2031 4325">
     <span class='ocr_line' id='line_1_78' title="bbox 379 4249 2031 4325; baseline 0.005 -18"><span class='ocrx_word' id='word_1_603' title='bbox 379 4253 631 4307; x_wconf 86' lang='lat' dir='ltr'><strong>homines</strong></span> <span class='ocrx_word' id='word_1_604' title='bbox 662 4251 754 4321; x_wconf 86' lang='lat' dir='ltr'><strong>qui</strong></span> <span class='ocrx_word' id='word_1_605' title='bbox 787 4249 1234 4317; x_wconf 87' lang='lat' dir='ltr'><strong>introducuntur,</strong></span> <span class='ocrx_word' id='word_1_606' title='bbox 1272 4252 1536 4323; x_wconf 72' lang='lat' dir='ltr'><strong>adadyta</strong></span> <span class='ocrx_word' id='word_1_607' title='bbox 1567 4257 1952 4325; x_wconf 80' lang='lat' dir='ltr'><strong>mysteriorum</strong></span> <span class='ocrx_word' id='word_1_608' title='bbox 1990 4263 2031 4316; x_wconf 89' lang='lat' dir='ltr'><strong>D</strong></span> 
     </span>
    </p>
   </div>
   <div class='ocr_carea' id='block_1_79' title="bbox 376 4341 1946 4414">
    <p class='ocr_par' dir='ltr' id='par_1_79' title="bbox 376 4341 1946 4414">
     <span class='ocr_line' id='line_1_79' title="bbox 376 4341 1946 4414; baseline 0.003 -16"><span class='ocrx_word' id='word_1_609' title='bbox 376 4345 542 4412; x_wconf 87' lang='lat' dir='ltr'><strong>hujus</strong></span> <span class='ocrx_word' id='word_1_610' title='bbox 578 4344 724 4407; x_wconf 87' lang='lat' dir='ltr'><strong>libri,</strong></span> <span class='ocrx_word' id='word_1_611' title='bbox 759 4343 852 4397; x_wconf 89' lang='lat' dir='ltr'><strong>sed</strong></span> <span class='ocrx_word' id='word_1_612' title='bbox 891 4358 984 4411; x_wconf 91' lang='lat' dir='ltr'><strong>per</strong></span> <span class='ocrx_word' id='word_1_613' title='bbox 1017 4341 1223 4398; x_wconf 86' lang='lat' dir='ltr'><strong>Christi</strong></span> <span class='ocrx_word' id='word_1_614' title='bbox 1265 4342 1613 4414; x_wconf 89' lang='lat' dir='ltr'><strong>disciplinam</strong></span> <span class='ocrx_word' id='word_1_615' title='bbox 1665 4354 1788 4401; x_wconf 90' lang='lat' dir='ltr'><strong>sunt</strong></span> <span class='ocrx_word' id='word_1_616' title='bbox 1834 4356 1946 4403; x_wconf 86' lang='lat' dir='ltr'><strong>tra-</strong></span> 
     </span>
    </p>
   </div>
   <div class='ocr_carea' id='block_1_80' title="bbox 376 4433 1943 4510">
    <p class='ocr_par' dir='ltr' id='par_1_80' title="bbox 376 4433 1943 4510">
     <span class='ocr_line' id='line_1_80' title="bbox 376 4433 1943 4510; baseline 0.005 -23"><span class='ocrx_word' id='word_1_617' title='bbox 376 4434 525 4487; x_wconf 86' lang='lat' dir='ltr'><strong>ducti</strong></span> <span class='ocrx_word' id='word_1_618' title='bbox 562 4435 628 4486; x_wconf 86' lang='lat' dir='ltr'><strong>ad</strong></span> <span class='ocrx_word' id='word_1_619' title='bbox 663 4433 716 4486; x_wconf 89' lang='lat' dir='ltr'><strong>id</strong></span> <span class='ocrx_word' id='word_1_620' title='bbox 750 4433 895 4501; x_wconf 91' lang='lat' dir='ltr'><strong>quod</strong></span> <span class='ocrx_word' id='word_1_621' title='bbox 929 4440 1011 4487; x_wconf 87' lang='lat' dir='ltr'><strong>est</strong></span> <span class='ocrx_word' id='word_1_622' title='bbox 1043 4434 1305 4490; x_wconf 89' lang='lat' dir='ltr'><strong>divinius.</strong></span> <span class='ocrx_word' id='word_1_623' title='bbox 1347 4434 1503 4489; x_wconf 91' lang='lat' dir='ltr'><strong>Sicut</strong></span> <span class='ocrx_word' id='word_1_624' title='bbox 1549 4438 1666 4493; x_wconf 88' lang='lat' dir='ltr'><strong>suis</strong></span> <span class='ocrx_word' id='word_1_625' title='bbox 1698 4438 1943 4510; x_wconf 54' lang='lat' dir='ltr'><strong>discipué-</strong></span> 
     </span>
    </p>
   </div>
   <div class='ocr_carea' id='block_1_81' title="bbox 377 4520 1942 4593">
    <p class='ocr_par' dir='ltr' id='par_1_81' title="bbox 377 4520 1942 4593">
     <span class='ocr_line' id='line_1_81' title="bbox 377 4520 1942 4593; baseline 0.008 -18"><span class='ocrx_word' id='word_1_626' title='bbox 377 4523 445 4577; x_wconf 86' lang='lat' dir='ltr'><strong>lis</strong></span> <span class='ocrx_word' id='word_1_627' title='bbox 468 4522 701 4575; x_wconf 80' lang='lat' dir='ltr'><strong>testatur</strong></span> <span class='ocrx_word' id='word_1_628' title='bbox 729 4520 992 4585; x_wconf 69' lang='lat' dir='ltr'><strong>Verbum,</strong></span> <span class='ocrx_word' id='word_1_629' title='bbox 1027 4525 1171 4593; x_wconf 89' lang='lat' dir='ltr'><strong>quod</strong></span> <span class='ocrx_word' id='word_1_630' title='bbox 1204 4534 1387 4580; x_wconf 88' lang='lat' dir='ltr'><strong>essent</strong></span> <span class='ocrx_word' id='word_1_631' title='bbox 1417 4527 1942 4591; x_wconf 71' lang='lat' dir='ltr'><strong>homine‘meliores.</strong></span> 
     </span>
    </p>
   </div>
   <div class='ocr_carea' id='block_1_82' title="bbox 376 4614 1942 4692">
    <p class='ocr_par' dir='ltr' id='par_1_82' title="bbox 376 4614 1942 4692">
     <span class='ocr_line' id='line_1_82' title="bbox 376 4614 1942 4692; baseline 0.006 -25"><span class='ocrx_word' id='word_1_632' title='bbox 376 4629 514 4681; x_wconf 85' lang='lat' dir='ltr'><strong>quos</strong></span> <span class='ocrx_word' id='word_1_633' title='bbox 556 4614 815 4669; x_wconf 88' lang='lat' dir='ltr'><strong>discrevit</strong></span> <span class='ocrx_word' id='word_1_634' title='bbox 864 4617 933 4669; x_wconf 89' lang='lat' dir='ltr'><strong>ab</strong></span> <span class='ocrx_word' id='word_1_635' title='bbox 988 4616 1230 4677; x_wconf 88' lang='lat' dir='ltr'><strong>homine.</strong></span> <span class='ocrx_word' id='word_1_636' title='bbox 1288 4633 1406 4685; x_wconf 75' lang='lat' dir='ltr'><strong>qum</strong></span> <span class='ocrx_word' id='word_1_637' title='bbox 1450 4635 1479 4690; x_wconf 64' lang='grc' dir='ltr'><strong>ιι</strong></span> <span class='ocrx_word' id='word_1_638' title='bbox 1529 4618 1755 4675; x_wconf 92' lang='lat' dir='ltr'><strong>Domino</strong></span> <span class='ocrx_word' id='word_1_639' title='bbox 1802 4622 1942 4692; x_wconf 89' lang='lat' dir='ltr'><strong>apud</strong></span> 
     </span>
    </p>
   </div>
   <div class='ocr_carea' id='block_1_83' title="bbox 379 4706 1993 4779">
    <p class='ocr_par' dir='ltr' id='par_1_83' title="bbox 379 4706 1993 4779">
     <span class='ocr_line' id='line_1_83' title="bbox 379 4706 1993 4779; baseline 0.005 -17"><span class='ocrx_word' id='word_1_640' title='bbox 379 4708 528 4776; x_wconf 80' lang='lat' dir='ltr'><strong>ipsos</strong></span> <span class='ocrx_word' id='word_1_641' title='bbox 551 4706 709 4760; x_wconf 84' lang='lat' dir='ltr'><strong>&#39;l&#39;acta</strong></span> <span class='ocrx_word' id='word_1_642' title='bbox 746 4716 831 4761; x_wconf 86' lang='lat' dir='ltr'><strong>est</strong></span> <span class='ocrx_word' id='word_1_643' title='bbox 864 4708 1167 4771; x_wconf 81' lang='lat' dir='ltr'><strong>distinctio,</strong></span> <span class='ocrx_word' id='word_1_644' title='bbox 1199 4710 1419 4778; x_wconf 90' lang='lat' dir='ltr'><strong>quando</strong></span> <span class='ocrx_word' id='word_1_645' title='bbox 1459 4712 1589 4766; x_wconf 91' lang='lat' dir='ltr'><strong>dicit</strong></span> <span class='ocrx_word' id='word_1_646' title='bbox 1623 4732 1635 4766; x_wconf 89' lang='lat'><strong>:</strong></span> <span class='ocrx_word' id='word_1_647' title='bbox 1671 4714 1833 4779; x_wconf 84' lang='lat' dir='ltr'><strong>Quem</strong></span> <span class='ocrx_word' id='word_1_648' title='bbox 1866 4733 1945 4770; x_wconf 87' lang='lat' dir='ltr'><strong>me</strong></span> <span class='ocrx_word' id='word_1_649' title='bbox 1988 4766 1993 4771; x_wconf 88' lang='lat'><strong>,</strong></span> 
     </span>
    </p>
   </div>
   <div class='ocr_carea' id='block_1_84' title="bbox 318 4798 1953 4872">
    <p class='ocr_par' dir='ltr' id='par_1_84' title="bbox 318 4798 1953 4872">
     <span class='ocr_line' id='line_1_84' title="bbox 318 4798 1953 4872; baseline 0.007 -21"><span class='ocrx_word' id='word_1_650' title='bbox 318 4814 327 4817; x_wconf 67' lang='lat'><strong><em>‘</em></strong></span> <span class='ocrx_word' id='word_1_651' title='bbox 375 4801 556 4853; x_wconf 74' lang='lat' dir='ltr'><strong>dicunt</strong></span> <span class='ocrx_word' id='word_1_652' title='bbox 587 4814 702 4852; x_wconf 74' lang='lat' dir='ltr'><strong>esse</strong></span> <span class='ocrx_word' id='word_1_653' title='bbox 732 4798 1008 4855; x_wconf 80' lang='lat' dir='ltr'><strong>homines?</strong></span> <span class='ocrx_word' id='word_1_654' title='bbox 1050 4799 1147 4853; x_wconf 82' lang='lat' dir='ltr'><strong>Vos</strong></span> <span class='ocrx_word' id='word_1_655' title='bbox 1172 4810 1345 4853; x_wconf 81' lang='lat' dir='ltr'><strong>autem</strong></span> <span class='ocrx_word' id='word_1_656' title='bbox 1374 4818 1525 4872; x_wconf 84' lang='lat' dir='ltr'><strong>quem</strong></span> <span class='ocrx_word' id='word_1_657' title='bbox 1560 4822 1639 4857; x_wconf 84' lang='lat' dir='ltr'><strong>me</strong></span> <span class='ocrx_word' id='word_1_658' title='bbox 1666 4822 1778 4860; x_wconf 81' lang='lat' dir='ltr'><strong>esse</strong></span> <span class='ocrx_word' id='word_1_659' title='bbox 1813 4808 1953 4862; x_wconf 78' lang='lat' dir='ltr'><strong>dici-</strong></span> 
     </span>
    </p>
   </div>
   <div class='ocr_carea' id='block_1_85' title="bbox 376 4877 1950 4966">
    <p class='ocr_par' dir='ltr' id='par_1_85' title="bbox 376 4877 1950 4966">
     <span class='ocr_line' id='line_1_85' title="bbox 376 4877 1950 4966; baseline 0.007 -24"><span class='ocrx_word' id='word_1_660' title='bbox 376 4892 442 4943; x_wconf 79' lang='lat' dir='ltr'><strong>tis</strong></span> <span class='ocrx_word' id='word_1_661' title='bbox 461 4891 542 4944; x_wconf 69' lang='grc'><strong>⁸⁸2</strong></span> <span class='ocrx_word' id='word_1_662' title='bbox 573 4884 780 4943; x_wconf 72' lang='lat' dir='ltr'><strong>Revera</strong></span> <span class='ocrx_word' id='word_1_663' title='bbox 810 4891 954 4943; x_wconf 89' lang='lat' dir='ltr'><strong>enim</strong></span> <span class='ocrx_word' id='word_1_664' title='bbox 989 4906 1085 4959; x_wconf 89' lang='lat' dir='ltr'><strong>per</strong></span> <span class='ocrx_word' id='word_1_665' title='bbox 1115 4892 1229 4945; x_wconf 67' lang='lat' dir='ltr'><strong>haec</strong></span> <span class='ocrx_word' id='word_1_666' title='bbox 1256 4895 1443 4957; x_wconf 83' lang='lat' dir='ltr'><strong>verba,</strong></span> <span class='ocrx_word' id='word_1_667' title='bbox 1472 4883 1715 4963; x_wconf 54' lang='lat' dir='ltr'><strong>quorum</strong></span> <span class='ocrx_word' id='word_1_668' title='bbox 1744 4877 1867 4966; x_wconf 23' lang='lat' dir='ltr'><strong>quae.</strong></span> <span class='ocrx_word' id='word_1_669' title='bbox 1896 4899 1950 4953; x_wconf 93' lang='lat' dir='ltr'><strong>in</strong></span> 
     </span>
    </p>
   </div>
   <div class='ocr_carea' id='block_1_86' title="bbox 374 4978 1956 5047">
    <p class='ocr_par' dir='ltr' id='par_1_86' title="bbox 374 4978 1956 5047">
     <span class='ocr_line' id='line_1_86' title="bbox 374 4978 1956 5047; baseline 0.011 -20"><span class='ocrx_word' id='word_1_670' title='bbox 374 4986 631 5047; x_wconf 82' lang='lat' dir='ltr'><strong>promptu</strong></span> <span class='ocrx_word' id='word_1_671' title='bbox 664 4986 749 5031; x_wconf 90' lang='lat' dir='ltr'><strong>est</strong></span> <span class='ocrx_word' id='word_1_672' title='bbox 793 4978 1146 5044; x_wconf 77' lang='lat' dir='ltr'><strong>signiﬁcatio,</strong></span> <span class='ocrx_word' id='word_1_673' title='bbox 1190 4981 1398 5035; x_wconf 87' lang='lat' dir='ltr'><strong>indicat</strong></span> <span class='ocrx_word' id='word_1_674' title='bbox 1425 4986 1675 5039; x_wconf 83' lang='lat' dir='ltr'><strong>carnales</strong></span> <span class='ocrx_word' id='word_1_675' title='bbox 1724 4987 1956 5044; x_wconf 87' lang='lat' dir='ltr'><strong>delecta-</strong></span> 
     </span>
    </p>
   </div>
   <div class='ocr_carea' id='block_1_87' title="bbox 372 5068 1949 5146">
    <p class='ocr_par' dir='ltr' id='par_1_87' title="bbox 372 5068 1949 5146">
     <span class='ocr_line' id='line_1_87' title="bbox 372 5068 1949 5146; baseline 0.009 -26"><span class='ocrx_word' id='word_1_676' title='bbox 372 5070 574 5129; x_wconf 79' lang='lat' dir='ltr'><strong>tiones,</strong></span> <span class='ocrx_word' id='word_1_677' title='bbox 631 5083 738 5122; x_wconf 92' lang='lat' dir='ltr'><strong>non</strong></span> <span class='ocrx_word' id='word_1_678' title='bbox 794 5068 1055 5125; x_wconf 89' lang='lat' dir='ltr'><strong>delahens</strong></span> <span class='ocrx_word' id='word_1_679' title='bbox 1092 5071 1157 5124; x_wconf 89' lang='lat' dir='ltr'><strong>ad</strong></span> <span class='ocrx_word' id='word_1_680' title='bbox 1199 5073 1491 5128; x_wconf 88' lang='lat' dir='ltr'><strong>obscenam</strong></span> <span class='ocrx_word' id='word_1_681' title='bbox 1538 5077 1949 5146; x_wconf 80' lang='lat' dir='ltr'><strong>cogitationem,</strong></span> 
     </span>
    </p>
   </div>
   <div class='ocr_carea' id='block_1_88' title="bbox 373 5153 1949 5236">
    <p class='ocr_par' dir='ltr' id='par_1_88' title="bbox 373 5153 1949 5236">
     <span class='ocr_line' id='line_1_88' title="bbox 373 5153 1949 5236; baseline 0.011 -29"><span class='ocrx_word' id='word_1_682' title='bbox 373 5153 468 5207; x_wconf 62' lang='lat' dir='ltr'><strong>sui</strong></span> <span class='ocrx_word' id='word_1_683' title='bbox 518 5171 703 5208; x_wconf 87' lang='lat' dir='ltr'><strong>rerum</strong></span> <span class='ocrx_word' id='word_1_684' title='bbox 742 5156 1054 5211; x_wconf 89' lang='lat' dir='ltr'><strong>divinarum</strong></span> <span class='ocrx_word' id='word_1_685' title='bbox 1106 5160 1501 5230; x_wconf 85' lang='lat' dir='ltr'><strong>philosophiam</strong></span> <span class='ocrx_word' id='word_1_686' title='bbox 1542 5164 1607 5217; x_wconf 86' lang='lat' dir='ltr'><strong>ad</strong></span> <span class='ocrx_word' id='word_1_687' title='bbox 1659 5182 1823 5236; x_wconf 89' lang='lat' dir='ltr'><strong>puras</strong></span> <span class='ocrx_word' id='word_1_688' title='bbox 1853 5169 1949 5223; x_wconf 89' lang='lat' dir='ltr'><strong>de-</strong></span> 
     </span>
    </p>
   </div>
   <div class='ocr_carea' id='block_1_89' title="bbox 373 5244 1950 5328">
    <p class='ocr_par' dir='ltr' id='par_1_89' title="bbox 373 5244 1950 5328">
     <span class='ocr_line' id='line_1_89' title="bbox 373 5244 1950 5328; baseline 0.01 -31"><span class='ocrx_word' id='word_1_689' title='bbox 373 5244 582 5300; x_wconf 89' lang='lat' dir='ltr'><strong>ducens</strong></span> <span class='ocrx_word' id='word_1_690' title='bbox 617 5247 817 5302; x_wconf 85' lang='lat' dir='ltr'><strong>mentis</strong></span> <span class='ocrx_word' id='word_1_691' title='bbox 841 5251 1232 5318; x_wconf 81' lang='lat' dir='ltr'><strong>conceptioncs</strong></span> <span class='ocrx_word' id='word_1_692' title='bbox 1264 5273 1276 5306; x_wconf 90' lang='lat'>:</span> <span class='ocrx_word' id='word_1_693' title='bbox 1311 5256 1549 5309; x_wconf 87' lang='lat' dir='ltr'><strong>ostendit</strong></span> <span class='ocrx_word' id='word_1_694' title='bbox 1578 5271 1686 5311; x_wconf 91' lang='lat' dir='ltr'><strong>non</strong></span> <span class='ocrx_word' id='word_1_695' title='bbox 1717 5259 1950 5328; x_wconf 85' lang='lat' dir='ltr'><strong>amplius</strong></span> 
     </span>
    </p>
   </div>
   <div class='ocr_carea' id='block_1_90' title="bbox 371 5336 1947 5409">
    <p class='ocr_par' dir='ltr' id='par_1_90' title="bbox 371 5336 1947 5409">
     <span class='ocr_line' id='line_1_90' title="bbox 371 5336 1947 5409; baseline 0.008 -21"><span class='ocrx_word' id='word_1_696' title='bbox 371 5349 497 5389; x_wconf 81' lang='lat' dir='ltr'><strong>esse</strong></span> <span class='ocrx_word' id='word_1_697' title='bbox 551 5336 851 5404; x_wconf 87' lang='lat' dir='ltr'><strong>hominem,</strong></span> <span class='ocrx_word' id='word_1_698' title='bbox 908 5355 1084 5409; x_wconf 83' lang='lat' dir='ltr'><strong>neque</strong></span> <span class='ocrx_word' id='word_1_699' title='bbox 1141 5342 1339 5401; x_wconf 83' lang='lat' dir='ltr'><strong>habere</strong></span> <span class='ocrx_word' id='word_1_700' title='bbox 1388 5357 1638 5401; x_wconf 84' lang='lat' dir='ltr'><strong>naturam</strong></span> <span class='ocrx_word' id='word_1_701' title='bbox 1688 5363 1852 5403; x_wconf 87' lang='lat' dir='ltr'><strong>carne</strong></span> <span class='ocrx_word' id='word_1_702' title='bbox 1896 5358 1947 5404; x_wconf 86' lang='lat' dir='ltr'><strong>ct</strong></span> 
     </span>
    </p>
   </div>
   <div class='ocr_carea' id='block_1_91' title="bbox 446 5528 976 5595">
    <p class='ocr_par' dir='ltr' id='par_1_91' title="bbox 446 5528 976 5595">
     <span class='ocr_line' id='line_1_91' title="bbox 446 5528 976 5595; baseline 0.015 -15"><span class='ocrx_word' id='word_1_703' title='bbox 446 5528 491 5561; x_wconf 80' lang='grc'>⁸⁸</span> <span class='ocrx_word' id='word_1_704' title='bbox 518 5528 683 5583; x_wconf 68' lang='grc' dir='ltr'>Μαι-ι’.</span> <span class='ocrx_word' id='word_1_705' title='bbox 729 5548 848 5595; x_wconf 80' lang='lat' dir='ltr'><strong>rm,</strong></span> <span class='ocrx_word' id='word_1_706' title='bbox 888 5536 976 5592; x_wconf 65' lang='lat'><strong>‘27.</strong></span> 
     </span>
    </p>
   </div>
   <div class='ocr_carea' id='block_1_92' title="bbox 2055 2987 3639 3066">
    <p class='ocr_par' dir='ltr' id='par_1_92' title="bbox 2055 2987 3639 3066">
     <span class='ocr_line' id='line_1_92' title="bbox 2055 2987 3639 3066; baseline -0.006 -18"><span class='ocrx_word' id='word_1_707' title='bbox 2055 3014 2148 3049; x_wconf 85' lang='grc' dir='ltr'><strong>του</strong></span> <span class='ocrx_word' id='word_1_708' title='bbox 2175 2995 2622 3066; x_wconf 80' lang='grc' dir='ltr'>παραδοξότερον,</span> <span class='ocrx_word' id='word_1_709' title='bbox 2646 2997 2679 3064; x_wconf 84' lang='grc' dir='ltr'><strong>ἢ</strong></span> <span class='ocrx_word' id='word_1_710' title='bbox 2706 2995 2766 3048; x_wconf 84' lang='grc' dir='ltr'>τὸ</span> <span class='ocrx_word' id='word_1_711' title='bbox 2785 2994 2951 3063; x_wconf 79' lang='grc' dir='ltr'>αὐτὴν</span> <span class='ocrx_word' id='word_1_712' title='bbox 2977 2992 3197 3062; x_wconf 79' lang='grc' dir='ltr'>ποιῆσαι</span> <span class='ocrx_word' id='word_1_713' title='bbox 3221 2990 3319 3060; x_wconf 81' lang='grc' dir='ltr'>τὴν</span> <span class='ocrx_word' id='word_1_714' title='bbox 3345 2987 3516 3057; x_wconf 83' lang='grc' dir='ltr'>φύσιν</span> <span class='ocrx_word' id='word_1_715' title='bbox 3534 2987 3639 3040; x_wconf 70' lang='grc' dir='ltr'>τῶν</span> 
     </span>
    </p>
   </div>
   <div class='ocr_carea' id='block_1_93' title="bbox 2060 3080 3639 3158">
    <p class='ocr_par' dir='ltr' id='par_1_93' title="bbox 2060 3080 3639 3158">
     <span class='ocr_line' id='line_1_93' title="bbox 2060 3080 3639 3158; baseline -0.006 -17"><span class='ocrx_word' id='word_1_716' title='bbox 2060 3082 2201 3141; x_wconf 75' lang='grc' dir='ltr'>ἰδίων</span> <span class='ocrx_word' id='word_1_717' title='bbox 2247 3088 2582 3158; x_wconf 70' lang='grc' dir='ltr'>παθημάτων</span> <span class='ocrx_word' id='word_1_718' title='bbox 2618 3086 2935 3156; x_wconf 82' lang='grc' dir='ltr'>καθάρσιον,</span> <span class='ocrx_word' id='word_1_719' title='bbox 2986 3084 3073 3137; x_wconf 82' lang='grc' dir='ltr'>διὰ</span> <span class='ocrx_word' id='word_1_720' title='bbox 3113 3082 3219 3136; x_wconf 85' lang='grc' dir='ltr'>τῶν</span> <span class='ocrx_word' id='word_1_721' title='bbox 3258 3080 3639 3151; x_wconf 74' lang='grc' dir='ltr'>νομιζομένων</span> 
     </span>
    </p>
   </div>
   <div class='ocr_carea' id='block_1_94' title="bbox 2056 3170 3640 3251">
    <p class='ocr_par' dir='ltr' id='par_1_94' title="bbox 2056 3170 3640 3251">
     <span class='ocr_line' id='line_1_94' title="bbox 2056 3170 3640 3251; baseline -0.006 -19"><span class='ocrx_word' id='word_1_722' title='bbox 2056 3179 2316 3249; x_wconf 80' lang='grc' dir='ltr'>ἐμπαθῶν</span> <span class='ocrx_word' id='word_1_723' title='bbox 2371 3179 2627 3251; x_wconf 78' lang='grc' dir='ltr'>ῥημάτων</span> <span class='ocrx_word' id='word_1_724' title='bbox 2654 3176 2750 3248; x_wconf 74' lang='grc' dir='ltr'>τὴν</span> <span class='ocrx_word' id='word_1_725' title='bbox 2804 3175 3073 3229; x_wconf 83' lang='grc' dir='ltr'>ἀπάθειαν</span> <span class='ocrx_word' id='word_1_726' title='bbox 3101 3171 3505 3251; x_wconf 75' lang='grc' dir='ltr'>νομοθετοῦσαν</span> <span class='ocrx_word' id='word_1_727' title='bbox 3546 3170 3640 3225; x_wconf 79' lang='grc' dir='ltr'>καὶ</span> 
     </span>
    </p>
   </div>
   <div class='ocr_carea' id='block_1_95' title="bbox 2056 3244 3639 3340">
    <p class='ocr_par' dir='ltr' id='par_1_95' title="bbox 2056 3244 3639 3340">
     <span class='ocr_line' id='line_1_95' title="bbox 2056 3244 3639 3340; baseline -0.006 -14"><span class='ocrx_word' id='word_1_728' title='bbox 2056 3272 2449 3337; x_wconf 74' lang='grc' dir='ltr'>παιδεύουσαν;</span> <span class='ocrx_word' id='word_1_729' title='bbox 2477 3272 2547 3323; x_wconf 76' lang='grc' dir='ltr'><strong>Οὐ</strong></span> <span class='ocrx_word' id='word_1_730' title='bbox 2577 3269 2681 3340; x_wconf 85' lang='grc' dir='ltr'>γὰρ</span> <span class='ocrx_word' id='word_1_731' title='bbox 2700 3269 2845 3336; x_wconf 82' lang='grc' dir='ltr'>λέγει</span> <span class='ocrx_word' id='word_1_732' title='bbox 2869 3267 2948 3331; x_wconf 78' lang='grc' dir='ltr'>τὸ,</span> <span class='ocrx_word' id='word_1_733' title='bbox 2973 3267 3081 3320; x_wconf 82' lang='grc' dir='ltr'>δεῖν</span> <span class='ocrx_word' id='word_1_734' title='bbox 3100 3244 3212 3331; x_wconf 57' lang='grc' dir='ltr'><strong>’ἔξω</strong></span> <span class='ocrx_word' id='word_1_735' title='bbox 3233 3265 3342 3318; x_wconf 82' lang='grc' dir='ltr'>τῶν</span> <span class='ocrx_word' id='word_1_736' title='bbox 3374 3266 3478 3335; x_wconf 84' lang='grc' dir='ltr'>τῆς</span> <span class='ocrx_word' id='word_1_737' title='bbox 3502 3280 3639 3335; x_wconf 47' lang='lat' dir='ltr'><strong>cap.</strong></span> 
     </span>
    </p>
   </div>
   <div class='ocr_carea' id='block_1_96' title="bbox 2057 3356 3640 3432">
    <p class='ocr_par' dir='ltr' id='par_1_96' title="bbox 2057 3356 3640 3432">
     <span class='ocr_line' id='line_1_96' title="bbox 2057 3356 3640 3432; baseline -0.007 -14"><span class='ocrx_word' id='word_1_738' title='bbox 2057 3365 2150 3427; x_wconf 76' lang='grc' dir='ltr'><strong>κὸς</strong></span> <span class='ocrx_word' id='word_1_739' title='bbox 2182 3363 2432 3431; x_wconf 79' lang='grc' dir='ltr'>γενέσθαι</span> <span class='ocrx_word' id='word_1_740' title='bbox 2469 3360 2783 3432; x_wconf 80' lang='grc' dir='ltr'>παθητικῶν</span> <span class='ocrx_word' id='word_1_741' title='bbox 2813 3359 3146 3429; x_wconf 80' lang='grc' dir='ltr'>κινημάτων,</span> <span class='ocrx_word' id='word_1_742' title='bbox 3208 3357 3300 3411; x_wconf 71' lang='grc' dir='ltr'>καὶ</span> <span class='ocrx_word' id='word_1_743' title='bbox 3335 3356 3640 3426; x_wconf 72' lang='grc' dir='ltr'>νεκροῦντα</span> 
     </span>
    </p>
   </div>
   <div class='ocr_carea' id='block_1_97' title="bbox 2055 3448 3643 3526">
    <p class='ocr_par' dir='ltr' id='par_1_97' title="bbox 2055 3448 3643 3526">
     <span class='ocr_line' id='line_1_97' title="bbox 2055 3448 3643 3526; baseline -0.004 -18"><span class='ocrx_word' id='word_1_744' title='bbox 2055 3456 2124 3508; x_wconf 74' lang='grc' dir='ltr'>τὰ</span> <span class='ocrx_word' id='word_1_745' title='bbox 2147 3455 2282 3526; x_wconf 84' lang='grc' dir='ltr'>μέλη</span> <span class='ocrx_word' id='word_1_746' title='bbox 2311 3453 2380 3506; x_wconf 75' lang='grc' dir='ltr'><strong>τὰ</strong></span> <span class='ocrx_word' id='word_1_747' title='bbox 2405 3454 2497 3506; x_wconf 69' lang='grc' dir='ltr'><strong>ἐπὶ</strong></span> <span class='ocrx_word' id='word_1_748' title='bbox 2513 3452 2611 3523; x_wconf 81' lang='grc' dir='ltr'>τῆς</span> <span class='ocrx_word' id='word_1_749' title='bbox 2631 3451 2754 3520; x_wconf 83' lang='grc' dir='ltr'>γῆς,</span> <span class='ocrx_word' id='word_1_750' title='bbox 2777 3451 2869 3503; x_wconf 78' lang='grc' dir='ltr'><strong>καὶ</strong></span> <span class='ocrx_word' id='word_1_751' title='bbox 2902 3449 3221 3520; x_wconf 74' lang='grc' dir='ltr'>καθαρεύειν</span> <span class='ocrx_word' id='word_1_752' title='bbox 3258 3448 3367 3502; x_wconf 80' lang='grc' dir='ltr'><strong>ἀπὸ</strong></span> <span class='ocrx_word' id='word_1_753' title='bbox 3395 3449 3511 3503; x_wconf 86' lang='grc' dir='ltr'><strong>τῶν</strong></span> <span class='ocrx_word' id='word_1_754' title='bbox 3541 3451 3643 3519; x_wconf 79' lang='grc' dir='ltr'><strong>ἑμ-</strong></span> 
     </span>
    </p>
   </div>
   <div class='ocr_carea' id='block_1_98' title="bbox 2058 3539 3639 3617">
    <p class='ocr_par' dir='ltr' id='par_1_98' title="bbox 2058 3539 3639 3617">
     <span class='ocr_line' id='line_1_98' title="bbox 2058 3539 3639 3617; baseline -0.007 -15"><span class='ocrx_word' id='word_1_755' title='bbox 2058 3549 2246 3602; x_wconf 84' lang='grc' dir='ltr'>παθῶν</span> <span class='ocrx_word' id='word_1_756' title='bbox 2282 3546 2538 3617; x_wconf 76' lang='grc' dir='ltr'>ῥημάτων</span> <span class='ocrx_word' id='word_1_757' title='bbox 2578 3541 2655 3612; x_wconf 83' lang='grc' dir='ltr'>τῷ</span> <span class='ocrx_word' id='word_1_758' title='bbox 2688 3542 2945 3611; x_wconf 85' lang='grc' dir='ltr'>στόματι·</span> <span class='ocrx_word' id='word_1_759' title='bbox 2979 3541 3093 3593; x_wconf 79' lang='grc' dir='ltr'>ἀλλ’</span> <span class='ocrx_word' id='word_1_760' title='bbox 3113 3540 3256 3594; x_wconf 76' lang='grc' dir='ltr'>οὓτω</span> <span class='ocrx_word' id='word_1_761' title='bbox 3281 3540 3508 3611; x_wconf 75' lang='grc' dir='ltr'>διέθηκε</span> <span class='ocrx_word' id='word_1_762' title='bbox 3540 3539 3639 3612; x_wconf 78' lang='grc' dir='ltr'><strong>τὴν</strong></span> 
     </span>
    </p>
   </div>
   <div class='ocr_carea' id='block_1_99' title="bbox 2056 3628 3635 3710">
    <p class='ocr_par' dir='ltr' id='par_1_99' title="bbox 2056 3628 3635 3710">
     <span class='ocr_line' id='line_1_99' title="bbox 2056 3628 3635 3710; baseline -0.004 -18"><span class='ocrx_word' id='word_1_763' title='bbox 2056 3639 2252 3710; x_wconf 71' lang='grc' dir='ltr'>ψυχὴν,</span> <span class='ocrx_word' id='word_1_764' title='bbox 2273 3640 2347 3702; x_wconf 85' lang='grc' dir='ltr'>ὡς</span> <span class='ocrx_word' id='word_1_765' title='bbox 2381 3639 2467 3691; x_wconf 77' lang='grc' dir='ltr'><strong>διὰ</strong></span> <span class='ocrx_word' id='word_1_766' title='bbox 2501 3638 2609 3691; x_wconf 83' lang='grc' dir='ltr'><strong>τῶν</strong></span> <span class='ocrx_word' id='word_1_767' title='bbox 2654 3636 3017 3706; x_wconf 76' lang='grc' dir='ltr'>άπεμςραίνειν</span> <span class='ocrx_word' id='word_1_768' title='bbox 3042 3628 3338 3686; x_wconf 77' lang='grc' dir='ltr'>δοκούντων</span> <span class='ocrx_word' id='word_1_769' title='bbox 3368 3634 3510 3704; x_wconf 82' lang='grc' dir='ltr'>πρὸς</span> <span class='ocrx_word' id='word_1_770' title='bbox 3539 3634 3635 3704; x_wconf 82' lang='grc' dir='ltr'>τὴν</span> 
     </span>
    </p>
   </div>
   <div class='ocr_carea' id='block_1_100' title="bbox 2059 3723 3629 3803">
    <p class='ocr_par' dir='ltr' id='par_1_100' title="bbox 2059 3723 3629 3803">
     <span class='ocr_line' id='line_1_100' title="bbox 2059 3723 3629 3803; baseline -0.006 -18"><span class='ocrx_word' id='word_1_771' title='bbox 2059 3731 2403 3803; x_wconf 79' lang='grc' dir='ltr'>καθαρότητα</span> <span class='ocrx_word' id='word_1_772' title='bbox 2442 3730 2680 3800; x_wconf 80' lang='grc' dir='ltr'>βλέπειν,</span> <span class='ocrx_word' id='word_1_773' title='bbox 2712 3728 2806 3781; x_wconf 62' lang='grc' dir='ltr'><strong>καὶ⁵</strong></span> <span class='ocrx_word' id='word_1_774' title='bbox 2832 3726 2920 3780; x_wconf 83' lang='grc' dir='ltr'>διὰ</span> <span class='ocrx_word' id='word_1_775' title='bbox 2966 3723 3072 3778; x_wconf 86' lang='grc' dir='ltr'><strong>τῶν</strong></span> <span class='ocrx_word' id='word_1_776' title='bbox 3105 3724 3370 3795; x_wconf 83' lang='grc' dir='ltr'>ὲμπαθῶν</span> <span class='ocrx_word' id='word_1_777' title='bbox 3396 3726 3629 3796; x_wconf 76' lang='grc' dir='ltr'>ῥήσεων,</span> 
     </span>
    </p>
   </div>
   <div class='ocr_carea' id='block_1_101' title="bbox 2057 3816 3635 3893">
    <p class='ocr_par' dir='ltr' id='par_1_101' title="bbox 2057 3816 3635 3893">
     <span class='ocr_line' id='line_1_101' title="bbox 2057 3816 3635 3893; baseline -0.004 -18"><span class='ocrx_word' id='word_1_778' title='bbox 2057 3824 2155 3893; x_wconf 86' lang='grc' dir='ltr'>τὴν</span> <span class='ocrx_word' id='word_1_779' title='bbox 2184 3823 2456 3893; x_wconf 78' lang='grc' dir='ltr'>ἀκήρατον</span> <span class='ocrx_word' id='word_1_780' title='bbox 2492 3820 2806 3892; x_wconf 76' lang='grc' dir='ltr'>ἑρμηνεύων</span> <span class='ocrx_word' id='word_1_781' title='bbox 2839 3820 3093 3874; x_wconf 88' lang='grc' dir='ltr'>διάνοιαν.</span> <span class='ocrx_word' id='word_1_782' title='bbox 3123 3817 3219 3871; x_wconf 83' lang='grc' dir='ltr'>Ἓν</span> <span class='ocrx_word' id='word_1_783' title='bbox 3265 3817 3363 3887; x_wconf 79' lang='grc' dir='ltr'>μὲν</span> <span class='ocrx_word' id='word_1_784' title='bbox 3386 3816 3455 3888; x_wconf 76' lang='grc' dir='ltr'>δὴ</span> <span class='ocrx_word' id='word_1_785' title='bbox 3480 3816 3635 3872; x_wconf 82' lang='grc' dir='ltr'>τοῦτο</span> 
     </span>
    </p>
   </div>
   <div class='ocr_carea' id='block_1_102' title="bbox 2057 3908 3636 3985">
    <p class='ocr_par' dir='ltr' id='par_1_102' title="bbox 2057 3908 3636 3985">
     <span class='ocr_line' id='line_1_102' title="bbox 2057 3908 3636 3985; baseline -0.005 -17"><span class='ocrx_word' id='word_1_786' title='bbox 2057 3915 2146 3968; x_wconf 80' lang='grc' dir='ltr'>διὰ</span> <span class='ocrx_word' id='word_1_787' title='bbox 2171 3915 2276 3967; x_wconf 86' lang='grc' dir='ltr'><strong>τῶν</strong></span> <span class='ocrx_word' id='word_1_788' title='bbox 2304 3914 2599 3985; x_wconf 81' lang='grc' dir='ltr'>προοιμίων</span> <span class='ocrx_word' id='word_1_789' title='bbox 2625 3914 2771 3982; x_wconf 78' lang='grc' dir='ltr'>ἡμᾶς</span> <span class='ocrx_word' id='word_1_790' title='bbox 2798 3911 3139 3965; x_wconf 78' lang='grc' dir='ltr'>παιδευσάτω</span> <span class='ocrx_word' id='word_1_791' title='bbox 3172 3913 3201 3964; x_wconf 85' lang='grc' dir='ltr'><strong>ὁ</strong></span> <span class='ocrx_word' id='word_1_792' title='bbox 3223 3908 3402 3977; x_wconf 79' lang='grc' dir='ltr'>λόγος,</span> <span class='ocrx_word' id='word_1_793' title='bbox 3435 3910 3502 3962; x_wconf 79' lang='grc' dir='ltr'><strong>τὸ</strong></span> <span class='ocrx_word' id='word_1_794' title='bbox 3534 3928 3636 3979; x_wconf 84' lang='grc' dir='ltr'>μη-</span> 
     </span>
    </p>
   </div>
   <div class='ocr_carea' id='block_1_103' title="bbox 2060 4000 3640 4077">
    <p class='ocr_par' dir='ltr' id='par_1_103' title="bbox 2060 4000 3640 4077">
     <span class='ocr_line' id='line_1_103' title="bbox 2060 4000 3640 4077; baseline -0.003 -18"><span class='ocrx_word' id='word_1_795' title='bbox 2060 4005 2178 4059; x_wconf 82' lang='grc' dir='ltr'>κέτι</span> <span class='ocrx_word' id='word_1_796' title='bbox 2207 4005 2521 4075; x_wconf 80' lang='grc' dir='ltr'>ἀνθρώπους</span> <span class='ocrx_word' id='word_1_797' title='bbox 2545 4000 2701 4066; x_wconf 85' lang='grc' dir='ltr'>εἶναι,</span> <span class='ocrx_word' id='word_1_798' title='bbox 2725 4004 2851 4077; x_wconf 75' lang='grc' dir='ltr'>τοὺς</span> <span class='ocrx_word' id='word_1_799' title='bbox 2890 4003 2982 4055; x_wconf 75' lang='grc' dir='ltr'>ἐπὶ</span> <span class='ocrx_word' id='word_1_800' title='bbox 3018 4002 3088 4055; x_wconf 81' lang='grc' dir='ltr'><strong>τά</strong></span> <span class='ocrx_word' id='word_1_801' title='bbox 3116 4001 3283 4056; x_wconf 85' lang='grc' dir='ltr'>ἄδυτα</span> <span class='ocrx_word' id='word_1_802' title='bbox 3307 4000 3418 4053; x_wconf 83' lang='grc' dir='ltr'><strong>τῶν</strong></span> <span class='ocrx_word' id='word_1_803' title='bbox 3442 4001 3544 4054; x_wconf 81' lang='grc' dir='ltr'>τοῦ</span> <span class='ocrx_word' id='word_1_804' title='bbox 3563 4001 3640 4072; x_wconf 58' lang='grc' dir='ltr'>βιά</span> 
     </span>
    </p>
   </div>
   <div class='ocr_carea' id='block_1_104' title="bbox 2059 4093 3641 4167">
    <p class='ocr_par' dir='ltr' id='par_1_104' title="bbox 2059 4093 3641 4167">
     <span class='ocr_line' id='line_1_104' title="bbox 2059 4093 3641 4167; baseline -0.002 -17"><span class='ocrx_word' id='word_1_805' title='bbox 2059 4098 2205 4151; x_wconf 79' lang='grc' dir='ltr'>ϐλίου</span> <span class='ocrx_word' id='word_1_806' title='bbox 2227 4097 2416 4150; x_wconf 78' lang='grc' dir='ltr'>τούτου</span> <span class='ocrx_word' id='word_1_807' title='bbox 2433 4096 2743 4167; x_wconf 82' lang='grc' dir='ltr'>μυστηρίων</span> <span class='ocrx_word' id='word_1_808' title='bbox 2764 4093 3163 4166; x_wconf 80' lang='grc' dir='ltr'>εἰσαγομένους,</span> <span class='ocrx_word' id='word_1_809' title='bbox 3181 4093 3316 4148; x_wconf 75' lang='grc' dir='ltr'>ἀλλὰ</span> <span class='ocrx_word' id='word_1_810' title='bbox 3335 4111 3641 4164; x_wconf 79' lang='grc' dir='ltr'>μεταποιηο</span> 
     </span>
    </p>
   </div>
   <div class='ocr_carea' id='block_1_105' title="bbox 2060 4185 3641 4259">
    <p class='ocr_par' dir='ltr' id='par_1_105' title="bbox 2060 4185 3641 4259">
     <span class='ocr_line' id='line_1_105' title="bbox 2060 4185 3641 4259; baseline -0.001 -18"><span class='ocrx_word' id='word_1_811' title='bbox 2060 4188 2215 4259; x_wconf 82' lang='grc' dir='ltr'>θῆναι</span> <span class='ocrx_word' id='word_1_812' title='bbox 2246 4190 2310 4259; x_wconf 82' lang='grc' dir='ltr'>τῇ</span> <span class='ocrx_word' id='word_1_813' title='bbox 2343 4189 2501 4257; x_wconf 76' lang='grc' dir='ltr'>φύσει</span> <span class='ocrx_word' id='word_1_814' title='bbox 2543 4187 2631 4241; x_wconf 80' lang='grc' dir='ltr'>διὰ</span> <span class='ocrx_word' id='word_1_815' title='bbox 2653 4187 2754 4257; x_wconf 86' lang='grc' dir='ltr'>τῆς</span> <span class='ocrx_word' id='word_1_816' title='bbox 2783 4186 2877 4241; x_wconf 78' lang='grc' dir='ltr'>τοῦ</span> <span class='ocrx_word' id='word_1_817' title='bbox 2919 4186 3153 4257; x_wconf 78' lang='grc' dir='ltr'>Χριστοῦ</span> <span class='ocrx_word' id='word_1_818' title='bbox 3179 4185 3484 4256; x_wconf 87' lang='grc' dir='ltr'>μαθητείας</span> <span class='ocrx_word' id='word_1_819' title='bbox 3507 4187 3641 4257; x_wconf 77' lang='grc' dir='ltr'>πρὸς</span> 
     </span>
    </p>
   </div>
   <div class='ocr_carea' id='block_1_106' title="bbox 2060 4278 3640 4351">
    <p class='ocr_par' dir='ltr' id='par_1_106' title="bbox 2060 4278 3640 4351">
     <span class='ocr_line' id='line_1_106' title="bbox 2060 4278 3640 4351; baseline -0.001 -20"><span class='ocrx_word' id='word_1_820' title='bbox 2060 4280 2122 4332; x_wconf 73' lang='grc' dir='ltr'>τὸ</span> <span class='ocrx_word' id='word_1_821' title='bbox 2147 4280 2412 4350; x_wconf 73' lang='grc' dir='ltr'>θειότερον</span> <span class='ocrx_word' id='word_1_822' title='bbox 2433 4298 2447 4311; x_wconf 72' lang='grc' dir='ltr'>ο</span> <span class='ocrx_word' id='word_1_823' title='bbox 2491 4279 2668 4343; x_wconf 87' lang='grc' dir='ltr'>καθὼς</span> <span class='ocrx_word' id='word_1_824' title='bbox 2704 4281 2969 4351; x_wconf 84' lang='grc' dir='ltr'>μαρτυρεῖ</span> <span class='ocrx_word' id='word_1_825' title='bbox 3001 4285 3109 4341; x_wconf 79' lang='grc' dir='ltr'>τοῖς</span> <span class='ocrx_word' id='word_1_826' title='bbox 3146 4278 3337 4332; x_wconf 81' lang='grc' dir='ltr'>ἑαυτοῦ</span> <span class='ocrx_word' id='word_1_827' title='bbox 3364 4279 3640 4350; x_wconf 79' lang='grc' dir='ltr'>μαθηταῖς</span> 
     </span>
    </p>
   </div>
   <div class='ocr_carea' id='block_1_107' title="bbox 2060 4368 3640 4443">
    <p class='ocr_par' dir='ltr' id='par_1_107' title="bbox 2060 4368 3640 4443">
     <span class='ocr_line' id='line_1_107' title="bbox 2060 4368 3640 4443; baseline -0.001 -20"><span class='ocrx_word' id='word_1_828' title='bbox 2060 4372 2088 4423; x_wconf 86' lang='grc' dir='ltr'><em>ὁ</em></span> <span class='ocrx_word' id='word_1_829' title='bbox 2121 4371 2312 4439; x_wconf 83' lang='grc' dir='ltr'>Λόγος,</span> <span class='ocrx_word' id='word_1_830' title='bbox 2357 4372 2438 4424; x_wconf 83' lang='grc' dir='ltr'>ὅτι</span> <span class='ocrx_word' id='word_1_831' title='bbox 2478 4371 2756 4442; x_wconf 89' lang='grc' dir='ltr'>κρείττους</span> <span class='ocrx_word' id='word_1_832' title='bbox 2778 4368 2989 4443; x_wconf 33' lang='grc' dir='ltr'>ἦσανηῆ</span> <span class='ocrx_word' id='word_1_833' title='bbox 3027 4369 3166 4443; x_wconf 76' lang='grc' dir='ltr'>κατὰ</span> <span class='ocrx_word' id='word_1_834' title='bbox 3197 4368 3515 4440; x_wconf 80' lang='grc' dir='ltr'>ἄνθρωπον,</span> <span class='ocrx_word' id='word_1_835' title='bbox 3550 4370 3640 4432; x_wconf 76' lang='grc' dir='ltr'><strong>οὒς</strong></span> 
     </span>
    </p>
   </div>
   <div class='ocr_carea' id='block_1_108' title="bbox 2059 4461 3642 4534">
    <p class='ocr_par' dir='ltr' id='par_1_108' title="bbox 2059 4461 3642 4534">
     <span class='ocr_line' id='line_1_108' title="bbox 2059 4461 3642 4534; baseline 0.002 -20"><span class='ocrx_word' id='word_1_836' title='bbox 2059 4461 2324 4532; x_wconf 83' lang='grc' dir='ltr'>διέκρινεν</span> <span class='ocrx_word' id='word_1_837' title='bbox 2354 4463 2461 4516; x_wconf 90' lang='grc' dir='ltr'><strong>ἀπὸ</strong></span> <span class='ocrx_word' id='word_1_838' title='bbox 2490 4463 2596 4516; x_wconf 84' lang='grc' dir='ltr'>τῶν</span> <span class='ocrx_word' id='word_1_839' title='bbox 2616 4463 2915 4534; x_wconf 81' lang='grc' dir='ltr'>ἀνθρώπων</span> <span class='ocrx_word' id='word_1_840' title='bbox 2933 4465 2964 4533; x_wconf 86' lang='grc' dir='ltr'>ἡ</span> <span class='ocrx_word' id='word_1_841' title='bbox 2980 4463 3244 4534; x_wconf 84' lang='grc' dir='ltr'>γενομένη</span> <span class='ocrx_word' id='word_1_842' title='bbox 3270 4463 3408 4534; x_wconf 77' lang='grc' dir='ltr'>πρὸς</span> <span class='ocrx_word' id='word_1_843' title='bbox 3439 4465 3642 4527; x_wconf 71' lang='grc' dir='ltr'>αὐτοὺς</span> 
     </span>
    </p>
   </div>
   <div class='ocr_carea' id='block_1_109' title="bbox 2060 4538 3645 4627">
    <p class='ocr_par' dir='ltr' id='par_1_109' title="bbox 2060 4538 3645 4627">
     <span class='ocr_line' id='line_1_109' title="bbox 2060 4538 3645 4627; baseline 0.003 -22"><span class='ocrx_word' id='word_1_844' title='bbox 2060 4554 2211 4623; x_wconf 75' lang='grc' dir='ltr'>παρὰ</span> <span class='ocrx_word' id='word_1_845' title='bbox 2262 4553 2354 4607; x_wconf 81' lang='grc' dir='ltr'>τοῦ</span> <span class='ocrx_word' id='word_1_846' title='bbox 2412 4538 2616 4625; x_wconf 77' lang='grc' dir='ltr'>Κυρίου</span> <span class='ocrx_word' id='word_1_847' title='bbox 2641 4554 2906 4626; x_wconf 84' lang='grc' dir='ltr'>διαστολὴ,</span> <span class='ocrx_word' id='word_1_848' title='bbox 2942 4558 3029 4609; x_wconf 85' lang='grc' dir='ltr'>ὅτε</span> <span class='ocrx_word' id='word_1_849' title='bbox 3071 4555 3202 4627; x_wconf 80' lang='grc' dir='ltr'>φησί</span> <span class='ocrx_word' id='word_1_850' title='bbox 3232 4573 3242 4585; x_wconf 82' lang='lat'><strong><em>°</em></strong></span> <span class='ocrx_word' id='word_1_851' title='bbox 3278 4557 3422 4609; x_wconf 78' lang='grc' dir='ltr'>Τίνα</span> <span class='ocrx_word' id='word_1_852' title='bbox 3447 4556 3645 4626; x_wconf 74' lang='grc' dir='ltr'>με.λέ-</span> 
     </span>
    </p>
   </div>
   <div class='ocr_carea' id='block_1_110' title="bbox 2057 4643 3645 4719">
    <p class='ocr_par' dir='ltr' id='par_1_110' title="bbox 2057 4643 3645 4719">
     <span class='ocr_line' id='line_1_110' title="bbox 2057 4643 3645 4719; baseline 0.002 -20"><span class='ocrx_word' id='word_1_853' title='bbox 2057 4662 2273 4719; x_wconf 63' lang='grc' dir='ltr'>γουσιν</span> <span class='ocrx_word' id='word_1_854' title='bbox 2300 4650 2353 4698; x_wconf 86' lang='grc' dir='ltr'><strong>οἱ</strong></span> <span class='ocrx_word' id='word_1_855' title='bbox 2385 4645 2678 4713; x_wconf 72' lang='grc' dir='ltr'>ἄνθρωποι</span> <span class='ocrx_word' id='word_1_856' title='bbox 2726 4643 2873 4700; x_wconf 74' lang='grc' dir='ltr'>εἶναι</span> <span class='ocrx_word' id='word_1_857' title='bbox 2892 4663 2911 4711; x_wconf 84' lang='grc'><strong><em>;</em></strong></span> <span class='ocrx_word' id='word_1_858' title='bbox 2950 4647 3134 4716; x_wconf 78' lang='grc' dir='ltr'>Ὑμεῖς</span> <span class='ocrx_word' id='word_1_859' title='bbox 3164 4646 3233 4699; x_wconf 82' lang='grc' dir='ltr'>δὲ</span> <span class='ocrx_word' id='word_1_860' title='bbox 3269 4647 3406 4700; x_wconf 63' lang='grc' dir='ltr'>τείν-α</span> <span class='ocrx_word' id='word_1_861' title='bbox 3442 4665 3526 4716; x_wconf 78' lang='grc' dir='ltr'><strong>με</strong></span> <span class='ocrx_word' id='word_1_862' title='bbox 3547 4648 3645 4702; x_wconf 64' lang='grc' dir='ltr'><strong>λέ-</strong></span> 
     </span>
    </p>
   </div>
   <div class='ocr_carea' id='block_1_111' title="bbox 2058 4730 3644 4812">
    <p class='ocr_par' dir='ltr' id='par_1_111' title="bbox 2058 4730 3644 4812">
     <span class='ocr_line' id='line_1_111' title="bbox 2058 4730 3644 4812; baseline 0.001 -24"><span class='ocrx_word' id='word_1_863' title='bbox 2058 4750 2188 4803; x_wconf 66' lang='lat' dir='ltr'><strong>rete</strong></span> <span class='ocrx_word' id='word_1_864' title='bbox 2211 4730 2398 4797; x_wconf 67' lang='lat' dir='ltr'><strong>sTraz;</strong></span> <span class='ocrx_word' id='word_1_865' title='bbox 2437 4735 2648 4804; x_wconf 80' lang='grc' dir='ltr'>άληθῶς</span> <span class='ocrx_word' id='word_1_866' title='bbox 2672 4737 2779 4807; x_wconf 81' lang='grc' dir='ltr'>γὰρ</span> <span class='ocrx_word' id='word_1_867' title='bbox 2810 4736 2882 4799; x_wconf 84' lang='grc' dir='ltr'>ὡς</span> <span class='ocrx_word' id='word_1_868' title='bbox 2912 4736 2997 4789; x_wconf 73' lang='grc' dir='ltr'>διὰ</span> <span class='ocrx_word' id='word_1_869' title='bbox 3024 4742 3133 4791; x_wconf 88' lang='grc' dir='ltr'>τῶν</span> <span class='ocrx_word' id='word_1_870' title='bbox 3168 4736 3430 4812; x_wconf 71' lang='grc' dir='ltr'>τοιούτων</span> <span class='ocrx_word' id='word_1_871' title='bbox 3460 4739 3644 4809; x_wconf 76' lang='grc' dir='ltr'>ῥημά-</span> 
     </span>
    </p>
   </div>
   <div class='ocr_carea' id='block_1_112' title="bbox 2053 4818 3642 4901">
    <p class='ocr_par' dir='ltr' id='par_1_112' title="bbox 2053 4818 3642 4901">
     <span class='ocr_line' id='line_1_112' title="bbox 2053 4818 3642 4901; baseline 0.002 -24"><span class='ocrx_word' id='word_1_872' title='bbox 2053 4843 2183 4889; x_wconf 86' lang='grc' dir='ltr'>των,</span> <span class='ocrx_word' id='word_1_873' title='bbox 2217 4818 2293 4878; x_wconf 82' lang='grc' dir='ltr'><strong>ὧν</strong></span> <span class='ocrx_word' id='word_1_874' title='bbox 2319 4826 2352 4895; x_wconf 82' lang='grc' dir='ltr'>ἡ</span> <span class='ocrx_word' id='word_1_875' title='bbox 2396 4827 2689 4901; x_wconf 81' lang='grc' dir='ltr'>πρόχειρος</span> <span class='ocrx_word' id='word_1_876' title='bbox 2711 4826 2946 4898; x_wconf 75' lang='grc' dir='ltr'>ἔμφασις</span> <span class='ocrx_word' id='word_1_877' title='bbox 2966 4828 3064 4890; x_wconf 81' lang='grc' dir='ltr'><strong>τὰς</strong></span> <span class='ocrx_word' id='word_1_878' title='bbox 3103 4827 3400 4898; x_wconf 80' lang='grc' dir='ltr'>σαρκώδεις</span> <span class='ocrx_word' id='word_1_879' title='bbox 3430 4829 3642 4899; x_wconf 77' lang='grc' dir='ltr'>ἡδυπα-</span> 
     </span>
    </p>
   </div>
   <div class='ocr_carea' id='block_1_113' title="bbox 2057 4918 3626 4990">
    <p class='ocr_par' dir='ltr' id='par_1_113' title="bbox 2057 4918 3626 4990">
     <span class='ocr_line' id='line_1_113' title="bbox 2057 4918 3626 4990; baseline 0 -20"><span class='ocrx_word' id='word_1_880' title='bbox 2057 4918 2206 4981; x_wconf 86' lang='grc' dir='ltr'>θείας</span> <span class='ocrx_word' id='word_1_881' title='bbox 2238 4918 2733 4990; x_wconf 81' lang='grc' dir='ltr'>ὲνδείκνυνται.’μὴ</span> <span class='ocrx_word' id='word_1_882' title='bbox 2764 4920 3182 4974; x_wconf 87' lang='grc' dir='ltr'>κατολισθαίνων</span> <span class='ocrx_word' id='word_1_883' title='bbox 3201 4922 3281 4982; x_wconf 88' lang='grc' dir='ltr'><strong>είς</strong></span> <span class='ocrx_word' id='word_1_884' title='bbox 3316 4920 3419 4990; x_wconf 78' lang='grc' dir='ltr'>τὴν</span> <span class='ocrx_word' id='word_1_885' title='bbox 3448 4920 3626 4990; x_wconf 66' lang='grc' dir='ltr'>ῥυπῶς</span> 
     </span>
    </p>
   </div>
   <div class='ocr_carea' id='block_1_114' title="bbox 1993 5007 3643 5082">
    <p class='ocr_par' dir='ltr' id='par_1_114' title="bbox 1993 5007 3643 5082">
     <span class='ocr_line' id='line_1_114' title="bbox 1993 5007 3643 5082; baseline -0.001 -23"><span class='ocrx_word' id='word_1_886' title='bbox 1993 5029 2014 5051; x_wconf 74' lang='grc' dir='ltr'>ι</span> <span class='ocrx_word' id='word_1_887' title='bbox 2059 5025 2159 5061; x_wconf 87' lang='grc' dir='ltr'><strong>σαν</strong></span> <span class='ocrx_word' id='word_1_888' title='bbox 2210 5007 2470 5071; x_wconf 87' lang='grc' dir='ltr'>διάνοιαν,</span> <span class='ocrx_word' id='word_1_889' title='bbox 2504 5009 2639 5062; x_wconf 82' lang='grc' dir='ltr'>ἀλλὰ</span> <span class='ocrx_word' id='word_1_890' title='bbox 2678 5009 2813 5082; x_wconf 76' lang='grc' dir='ltr'>πρὸς</span> <span class='ocrx_word' id='word_1_891' title='bbox 2845 5009 2943 5080; x_wconf 80' lang='grc' dir='ltr'>τὴν</span> <span class='ocrx_word' id='word_1_892' title='bbox 2972 5010 3080 5061; x_wconf 85' lang='grc' dir='ltr'><strong>τῶν</strong></span> <span class='ocrx_word' id='word_1_893' title='bbox 3123 5009 3281 5062; x_wconf 85' lang='grc' dir='ltr'>θείων</span> <span class='ocrx_word' id='word_1_894' title='bbox 3312 5008 3643 5078; x_wconf 72' lang='grc' dir='ltr'>φιλοσοφίαν</span> 
     </span>
    </p>
   </div>
   <div class='ocr_carea' id='block_1_115' title="bbox 2057 5097 3641 5169">
    <p class='ocr_par' dir='ltr' id='par_1_115' title="bbox 2057 5097 3641 5169">
     <span class='ocr_line' id='line_1_115' title="bbox 2057 5097 3641 5169; baseline -0.002 -18"><span class='ocrx_word' id='word_1_895' title='bbox 2057 5098 2151 5151; x_wconf 77' lang='grc' dir='ltr'><strong>ἐπὶ</strong></span> <span class='ocrx_word' id='word_1_896' title='bbox 2185 5098 2282 5160; x_wconf 81' lang='grc' dir='ltr'><strong>τὰς</strong></span> <span class='ocrx_word' id='word_1_897' title='bbox 2310 5097 2557 5168; x_wconf 83' lang='grc' dir='ltr'>καθαρὰς</span> <span class='ocrx_word' id='word_1_898' title='bbox 2586 5098 2828 5162; x_wconf 76' lang='grc' dir='ltr'>ἐννοίας,</span> <span class='ocrx_word' id='word_1_899' title='bbox 2862 5098 2951 5152; x_wconf 75' lang='grc' dir='ltr'>διὰ</span> <span class='ocrx_word' id='word_1_900' title='bbox 2979 5100 3086 5152; x_wconf 82' lang='grc' dir='ltr'>τῶν</span> <span class='ocrx_word' id='word_1_901' title='bbox 3137 5101 3399 5169; x_wconf 79' lang='grc' dir='ltr'>ῥημάτων</span> <span class='ocrx_word' id='word_1_902' title='bbox 3430 5097 3641 5152; x_wconf 62' lang='grc' dir='ltr'>τούτων</span> 
     </span>
    </p>
   </div>
   <div class='ocr_carea' id='block_1_116' title="bbox 2056 5186 3640 5263">
    <p class='ocr_par' dir='ltr' id='par_1_116' title="bbox 2056 5186 3640 5263">
     <span class='ocr_line' id='line_1_116' title="bbox 2056 5186 3640 5263; baseline 0 -21"><span class='ocrx_word' id='word_1_903' title='bbox 2056 5188 2558 5260; x_wconf 82' lang='grc' dir='ltr'>χειραγωγούμενος</span> <span class='ocrx_word' id='word_1_904' title='bbox 2583 5190 2894 5244; x_wconf 88' lang='grc' dir='ltr'>δείκνυσιτὸ</span> <span class='ocrx_word' id='word_1_905' title='bbox 2936 5192 3130 5263; x_wconf 80' lang='grc' dir='ltr'>μηκέτι</span> <span class='ocrx_word' id='word_1_906' title='bbox 3155 5191 3448 5262; x_wconf 73' lang='grc' dir='ltr'>ἄνθρωπος</span> <span class='ocrx_word' id='word_1_907' title='bbox 3473 5186 3640 5256; x_wconf 78' lang='grc' dir='ltr'>εἶναι,</span> 
     </span>
    </p>
   </div>
   <div class='ocr_carea' id='block_1_117' title="bbox 2060 5280 3639 5354">
    <p class='ocr_par' dir='ltr' id='par_1_117' title="bbox 2060 5280 3639 5354">
     <span class='ocr_line' id='line_1_117' title="bbox 2060 5280 3639 5354; baseline 0 -22"><span class='ocrx_word' id='word_1_908' title='bbox 2060 5280 2193 5352; x_wconf 79' lang='grc' dir='ltr'>μηδὲ</span> <span class='ocrx_word' id='word_1_909' title='bbox 2252 5280 2413 5353; x_wconf 75' lang='grc' dir='ltr'>σαρκὶ</span> <span class='ocrx_word' id='word_1_910' title='bbox 2455 5282 2552 5334; x_wconf 74' lang='grc' dir='ltr'>καὶ</span> <span class='ocrx_word' id='word_1_911' title='bbox 2605 5282 2797 5351; x_wconf 78' lang='grc' dir='ltr'>αἵματι</span> <span class='ocrx_word' id='word_1_912' title='bbox 2847 5282 3309 5353; x_wconf 82' lang='grc' dir='ltr'>συμμεμιγμένην</span> <span class='ocrx_word' id='word_1_913' title='bbox 3345 5283 3445 5354; x_wconf 82' lang='grc' dir='ltr'>τὴν</span> <span class='ocrx_word' id='word_1_914' title='bbox 3476 5282 3639 5351; x_wconf 78' lang='grc' dir='ltr'>φύσιν</span> 
     </span>
    </p>
   </div>
   <div class='ocr_carea' id='block_1_118' title="bbox 2058 5371 3640 5444">
    <p class='ocr_par' dir='ltr' id='par_1_118' title="bbox 2058 5371 3640 5444">
     <span class='ocr_line' id='line_1_118' title="bbox 2058 5371 3640 5444; baseline 0 -21"><span class='ocrx_word' id='word_1_915' title='bbox 2058 5373 2198 5442; x_wconf 77' lang='grc' dir='ltr'>ἔχειν</span> <span class='ocrx_word' id='word_1_916' title='bbox 2221 5389 2230 5398; x_wconf 92' lang='grc'>·</span> <span class='ocrx_word' id='word_1_917' title='bbox 2257 5371 2387 5425; x_wconf 83' lang='grc' dir='ltr'>ἀλλὰ</span> <span class='ocrx_word' id='word_1_918' title='bbox 2411 5372 2507 5442; x_wconf 79' lang='grc' dir='ltr'>τὴν</span> <span class='ocrx_word' id='word_1_919' title='bbox 2524 5373 2879 5444; x_wconf 70' lang='grc' dir='ltr'>ἐλπιζομένην</span> <span class='ocrx_word' id='word_1_920' title='bbox 2908 5376 2972 5444; x_wconf 81' lang='grc' dir='ltr'><strong>τῇ</strong></span> <span class='ocrx_word' id='word_1_921' title='bbox 3001 5373 3291 5427; x_wconf 75' lang='grc' dir='ltr'>ἀναστάσει</span> <span class='ocrx_word' id='word_1_922' title='bbox 3328 5376 3437 5428; x_wconf 80' lang='grc' dir='ltr'>τῶν</span> <span class='ocrx_word' id='word_1_923' title='bbox 3469 5373 3640 5442; x_wconf 71' lang='grc' dir='ltr'>ἁγίων</span> 
     </span>
    </p>
   </div>
  </div>
