3752 5984
142 208 248 263 777

1201 207 1266 265 IN
1303 204 1599 263 CANTICA
1637 203 1908 261 CANTIC.
1950 204 2235 262 liOMlLIA
2273 206 2315 262 1.

3284 205 3389 260 778

141 325 288 395 ζωὴν
317 321 704 384 ἐπιδείκνυται,
738 321 1019 391 ίσάγγελος
1045 321 1133 378 διά
1157 324 1254 395 τῆς
1275 323 1543 386 ἀπαθείας
1560 321 1713 390 γενό-

1913 321 2084 391 guine
2119 324 2489 388 commistam,
2533 322 2627 378 sed
2669 321 2907 378 ostendit
2953 328 3271 377 sanctorum
3315 322 3388 374 vi-

146 433 324 487 μενος.
378 414 469 479 Ὠς
509 414 620 486 γάρ
669 415 806 485 μετά
848 414 949 486 τὴν
999 415 1294 470 ἀνάστασιν
1326 415 1387 469 τὸ
1422 415 1520 485 μὲν
1559 413 1719 483 σῶμα

145 504 626 577 μεταστοιχειωθέν
656 504 792 577 πρὸς
828 505 890 558 τὸ
913 505 1208 577 ἄφθαρτον,
1239 509 1303 577 τῇ
1324 507 1468 577 ψυχῇ
1500 504 1591 559 τοῦ
1622 504 1718 559 ἀν-

142 596 361 670 θρώπου
391 595 791 667 συμπλέκεταιο
817 596 885 650 τὰ
909 596 965 650 δὲ
997 597 1091 651 νῦν
1121 597 1211 651 διά
1247 601 1449 668 σαρκὸς
1485 599 1614 667 ἡμῖν
1637 599 1720 650 ὲν-

143 686 401 764 οχλοῦντα
429 686 599 757 πάθη,
630 689 744 751 τοῖς
768 685 1015 759 σώμασιν
1044 689 1270 753 ἐκείνοις
1300 690 1359 742 οὐ
1398 689 1720 744 συνανίστα-

142 799 231 835 ται
253 797 266 811 ·
298 779 435 835 ἀλλά
476 797 563 844 τις
619 779 870 852 εἰρηνικὴ
902 781 1232 845 κατάστασις
1272 780 1371 852 τὴν
1390 779 1536 852 ζωὴν
1564 779 1718 851 ἡμῶν

140 872 460 940 διαδέξεται,
493 871 689 943 μηκέτι
719 871 817 925 τοῦ
863 873 1208 944 φρονήματος
1235 875 1335 944 τῆς
1356 873 1557 945 σαρκὸς
1583 872 1719 943 πρὸς

139 963 241 1035 τὴν
257 963 434 1034 ψυχὴν
455 962 858 1030 στασιάζοντος,
888 964 1022 1035 μηδὲ
1052 964 1148 1018 τοῦ
1178 965 1441 1035 ἐμφυλίου
1482 965 1717 1035 πολέμου

140 1056 230 1110 διά
271 1055 383 1108 τῶν
418 1054 681 1125 ἐμπαθῶν
713 1056 1029 1126 κινημάτων
1064 1057 1615 1129 ἀντιστρατευομένου
1641 1056 1721 1126 τῷ

139 1146 293 1217 νόμῳ
319 1144 411 1199 τοῦ
440 1145 579 1209 νοὸς,
610 1147 702 1199 καὶ
722 1145 910 1217 ὥσπερ
935 1143 1278 1216 αίχμάλωτόν
1304 1163 1422 1200 τινα
1446 1150 1512 1218 τῇ
1537 1148 1714 1219 ἀμαρ-

138 1238 234 1309 τίᾳ
269 1237 632 1306 προσάγοντος
670 1237 769 1307 τὴν
812 1236 1137 1307 ἡττηθεῖσαν
1167 1237 1345 1308 ψυχήν
1372 1254 1383 1267 ·
1416 1237 1550 1291 ἀλλὰ
1584 1239 1720 1291 πάν-

140 1344 253 1382 των
300 1326 408 1380 τῶν
455 1326 710 1379 τοιούτων
760 1326 1089 1397 καθαρεύσει
1118 1329 1237 1381 τότε
1265 1329 1297 1398 ή
1322 1327 1502 1396 φύσις.
1540 1331 1631 1383 καὶ
1662 1330 1720 1382 ἓν

136 1416 208 1470 δι’
259 1415 580 1485 ἀμφοτέρων
606 1413 758 1468 ἔσται
789 1414 850 1467 τὸ
880 1415 1153 1487 φρόνημα,
1180 1415 1282 1486 τῆς
1318 1418 1516 1488 σαρκός
1554 1434 1719 1489 φημι,

136 1508 240 1560 καὶ
267 1504 362 1561 τοῦ
399 1505 725 1575 πνεύματος,
755 1506 933 1574 πάσης
981 1507 1297 1578 σωματικῆς
1322 1507 1610 1572 διαθέσεως
1634 1509 1720 1573 ἐξ·

134 1598 534 1670 αφανισθείσης
581 1599 690 1652 ἀπὸ
714 1599 814 1669 τῆς
844 1597 1058 1669 φύσεως
1076 1614 1094 1632 ’
1123 1600 1265 1654 οὕτω
1288 1600 1717 1671 παρακελεύεται

1822 421 1932 464 tam
1962 426 2085 481 quae
2118 423 2373 482 speratur
2405 415 2459 468 in
2496 414 2923 477 resurrectione,
2967 429 3064 484 per
3104 411 3387 482 impatibi-

1823 501 2027 556 litatem
2068 502 2298 560 eﬂectus
2330 520 2429 575 par
2461 506 2693 576 angelis.
2727 505 3015 573 Quomodo
3052 507 3222 569 enim,
3265 514 3390 575 pcst

1822 593 2307 663 resurrectionem,
2341 610 2544 667 corpus
2586 596 2808 669 quidem
2857 596 2914 652 in
2961 597 3015 651 id
3060 602 3394 651 transmuta-

1821 691 1936 736 tum
1974 683 2029 737 in
2061 686 2207 754 quod
2237 701 2349 742 non
2382 688 2532 743 cadit
2560 688 2841 754 interitus,
2876 686 3231 759 conjungitur
3273 685 3394 739 ani-

1821 789 1924 828 ma:
1953 774 2193 832 hominis
2228 791 2243 831 :
2275 794 2396 849 quae
2438 788 2620 835 autem
2658 796 2804 835 nunc
2836 797 2933 852 per
2961 795 3183 836 carnem
3233 778 3393 832 nobis

1822 867 2130 922 molestiam
2154 869 2418 925 exhibent
2440 871 2607 926 animi
2633 872 3099 942 perturbationes,
3125 885 3231 926 non
3257 884 3361 924 con
3378 898 3394 909 -

1822 955 2033 1013 sistunt
2081 960 2137 1013 in
2184 961 2296 1017 illis
2329 963 2677 1033 corporibus.
2726 963 2823 1019 sed
2868 962 3130 1035 pacificus
3169 961 3391 1031 quidam

1822 1058 2000 1106 status
2042 1053 2210 1106 vitam
2261 1065 2510 1108 nostram
2560 1056 2820 1125 excipiet,
2872 1055 3160 1125 prudentia
3205 1053 3391 1108 carnis

1821 1154 1929 1192 non
1965 1141 2201 1211 amplius
2254 1143 2576 1200 seditionem
2624 1153 2915 1200 exercente
2960 1145 3224 1199 adversus
3268 1144 3390 1198 ani-

1820 1246 1964 1285 mam
2002 1249 2224 1304 :neque
2269 1234 2413 1290 bello
2462 1237 2722 1293 intestino
2775 1253 2872 1308 per
2917 1244 3101 1293 motus
3145 1235 3391 1291 affectio-

1822 1337 1951 1376 num
1982 1333 2322 1394 repugnante
2350 1327 2454 1400 legi
2480 1330 2702 1393 mentis,
2736 1338 2790 1384 et
2821 1339 3080 1399 tanquam
3122 1328 3391 1397 captivam

1823 1418 2051 1479 peccato
2088 1413 2286 1466 victam
2325 1415 2632 1472 adducente
2675 1417 2915 1471 animant
2944 1434 2959 1483 ;
2989 1416 3083 1472 sed
3113 1416 3181 1471 ab
3212 1417 3394 1473 omni-

1820 1501 1926 1560 bus
1955 1505 2223 1574 ejusmodi
2259 1516 2388 1564 tunc
2431 1525 2569 1579 pura
2614 1513 2719 1566 erit
2766 1519 2987 1577 natura,
3017 1523 3072 1567 et
3106 1512 3392 1566 amborum

1822 1608 1930 1648 una
1974 1595 2080 1650 erit
2136 1598 2445 1667 prudentia,
2496 1602 2703 1663 carnis,
2752 1602 2999 1672 inquam,
3040 1609 3096 1656 et
3139 1602 3391 1672 spiritus,

132 1694 236 1747 διὰ
267 1691 362 1746 τοῦ
396 1692 601 1764 βιδλίου
626 1693 818 1746 τούτου
849 1694 880 1746 6
907 1692 1064 1762 λόγος
1100 1694 1214 1757 τοῖς
1239 1694 1509 1760 ἐπαΐουσι,
1532 1692 1637 1748 κᾶν
1661 1695 1719 1747 ὲν

1916 1686 1969 1740 ni
2008 1688 2286 1758 corporali
2312 1689 2599 1747 affectione
2626 1693 2800 1747 deleta
2826 1708 2891 1747 ex
2925 1704 3155 1756 natura;
3189 1696 3262 1747 ita
3299 1707 3395 1762 per

142 1784 313 1856 σαρκὶ
359 1784 563 1855 ζῶμεν,
603 1784 765 1855 μηδὲν
807 1786 919 1848 τοῖς
966 1784 1202 1855 νοήμασι
1232 1785 1367 1857 πρὸς
1396 1786 1566 1856 αὐτὴν
1598 1788 1718 1839 ἐπι-

140 1875 478 1948 στρέφεσθαι
492 1894 506 1909 ο
533 1876 671 1930 ἀλλά
697 1878 791 1931 καὶ
813 1877 950 1947 πρὸς
970 1877 1136 1948 μόνην
1164 1878 1260 1947 τὴν
1280 1877 1457 1949 ψυχὴν
1480 1878 1717 1949 βλέπειν,

135 1970 240 2024 καὶ
257 1968 438 2032 πάσας
454 1967 553 2032 τάς
580 1968 928 2040 ἀγαητικάς
944 1968 1149 2023 τούτων
1181 1970 1446 2039 ἐμφάσεις
1474 1969 1722 2041 καθαράς

135 2080 201 2116 τε
237 2062 331 2116 καὶ
358 2061 689 2132 ἀμολύντους
727 2059 1037 2116 ἀνατιθέναι
1081 2060 1162 2132 τῷ
1201 2061 1517 2131 ὑπερέχοντι
1544 2061 1722 2115 πάντα

135 2154 271 2208 νοῦν
298 2153 489 2224 ἀγαθῷ
512 2152 630 2224 Θεῷ
649 2171 664 2185 ⁶
716 2147 762 2222 ᾧ
797 2154 956 2224 μόνον
996 2153 1145 2207 ἐστὶν
1185 2153 1260 2216 ὡς
1286 2152 1522 2222 ἀληθῶς,
1551 2152 1720 2221 γλυκύ

139 2264 203 2300 τε
238 2246 334 2300 καὶ
390 2245 720 2316 ἐπιθυμητὸν
754 2247 846 2299 καὶ
885 2245 1146 2317 ἐράσμιον
1172 2263 1185 2275 ·
1208 2239 1268 2301 οὗ
1300 2247 1332 2316 ἡ
1367 2244 1664 2309 ἀπόλαυσις
1688 2246 1722 2316 ἡ

141 2340 235 2393 ἀεὶ
268 2337 528 2409 γινομένη
556 2336 779 2409 ἀφορμὴ
801 2337 1049 2408 ’μείζονος
1089 2336 1381 2408 ἐπιθυμίας
1402 2336 1632 2405 γίνεται,
1655 2339 1722 2407 τῇ

138 2429 409 2501 1μετουσίᾳ
439 2429 546 2482 τῶν
580 2427 800 2498 ἀγαθῶν
831 2429 923 2482 τὸν
946 2428 1110 2482 πόθον
1135 2428 1593 2482 συνεπιτείνουσα.
1620 2426 1725 2481 Οὕ-

139 2538 256 2584 τως
279 2522 309 2573 6
330 2520 532 2591 Μωσῆς
553 2518 726 2588 ἐφίλει
747 2518 839 2573 τὸν
861 2518 992 2571 Θεὸν
1014 2558 1030 2582 ,
1062 2517 1233 2582 οὕτως
1250 2520 1279 2573 6
1312 2518 1496 2583 Ἠλίας
1515 2533 1528 2548 ’
1551 2516 1725 2582 οὕτως

142 2614 173 2665 6
210 2610 462 2680 Ἰωάννης
492 2609 666 2678 ἐφίλει
689 2608 781 2662 τὸν
806 2607 1039 2679 νυμφίον
1071 2608 1244 2676 λέγων
1273 2626 1288 2641 ο
1338 2608 1391 2660 Ὁ
1423 2608 1582 2677 ἔχων
1611 2607 1726 2676 τὴν

142 2705 392 2772 νύμφην
439 2701 696 2770 νυμφίος
719 2700 921 2754 ἐστιν’
953 2702 987 2753 ό
1028 2698 1096 2753 δὲ
1126 2699 1303 2769 φίλος
1329 2699 1436 2752 τοῦ
1464 2702 1725 2768 νυμφίου

144 2792 305 2866 χαρᾷ
339 2793 532 2863 χαίρει
576 2792 673 2846 διὰ
716 2793 832 2861 τὴν
854 2789 1064 2861 φωνὴν
1092 2791 1196 2845 τοῦ
1234 2790 1516 2859 νυμφίου.
1543 2790 1726 2854 Οὕτως

144 2891 175 2942 6
192 2886 398 2958 Πέτρος
429 2884 720 2957 ἐρωτηθεὶς
746 2886 794 2937 εί
812 2883 956 2952 φιλεί
977 2884 1068 2937 καὶ
1093 2884 1297 2952 ἀγαπᾷ,
1327 2883 1575 2954 ὁμολογεῖ
1592 2885 1727 2953 μετά

144 2977 484 3051 παρρησίας.
544 2976 720 3045 λέγων
741 2994 754 3006 ·
788 2975 871 3029 Σὺ
899 2973 1088 3042 οἶδας,
1117 2976 1312 3043 Κύριε,
1342 2973 1429 3028 ὅτι
1456 2973 1611 3043 φιλῶ
1631 2990 1723 3029 σε.
1753 3006 1797 3063 C

144 3068 340 3131 Οὕτως
380 3069 430 3119 οί
461 3067 638 3120 λοιποὶ
676 3065 961 3120 ἀπόστολοι
988 3083 1000 3094 ·
1043 3065 1215 3130 οὕτως
1243 3067 1271 3118 6
1302 3065 1511 3129 Παῦλος
1531 3068 1559 3119 6
1598 3068 1726 3138 πρὶν

142 3156 409 3227 διώκτης,
437 3157 531 3210 καὶ
556 3156 846 3226 ἀγαπήσας
865 3155 923 3208 ὃν
941 3155 1039 3226 οὐχ
1065 3156 1211 3227 ἐώρα
1244 3157 1493 3228 Χριστὸν,
1522 3156 1726 3229 ἔγραφε

143 3248 327 3313 λέγων
355 3264 369 3279 ’
415 3246 798 3316 Ἦρμοσάμην
826 3247 978 3316 ὑμᾶς
1005 3247 1304 3316 παρθένον
1325 3248 1519 3317 ἁγνὴν
1553 3265 1728 3319 παρα-

144 3336 381 3405 στῆσαι
406 3334 485 3401 τῷ
502 3334 750 3404 Χριστῷ.
769 3334 956 3399 Οὕτως
979 3337 1011 3406 ἡ
1033 3336 1127 3390 νῦν
1155 3339 1469 3410 Ἐκκλησία,
1491 3342 1524 3411 ἡ
1543 3341 1604 3394 νύ
1613 3358 1727 3411 μφη

146 3428 247 3483 τὸν
274 3427 505 3497 νυμφίον
532 3426 724 3497 ἐφίλει.
755 3426 897 3481 κατά
923 3427 1022 3499 τὴν
1051 3429 1108 3481 ἐν
1134 3429 1212 3499 τῷ
1251 3431 1489 3502 ’ᾼσματι
1523 3432 1729 3503 παρθέο

149 3537 246 3573 νον
294 3517 394 3589 τὴν
450 3516 713 3585 λέγουσαν
732 3533 746 3547 ·
778 3516 1095 3584 Φιλησάτω
1118 3534 1196 3586 με
1222 3519 1341 3572 ἀπὸ
1385 3519 1732 3590 φιλημάτων

148 3611 457 3676 στόματος
482 3605 689 3660 αὑτοῦ.
718 3604 907 3669 Οὕτως
932 3606 960 3658 6
993 3605 1081 3659 διά
1106 3605 1207 3675 τῆς
1227 3607 1367 3660 κατά
1394 3609 1567 3679 στόμα
1595 3625 1734 3678 γινο·

153 3698 329 3770 μένης
351 3696 499 3767 αὐτῷ
518 3695 671 3766 παρά
698 3694 793 3750 τοῦ
822 3695 957 3750 Θεοῦ
990 3695 1224 3767 ὁμιλίας,
1258 3696 1439 3761 καθὼς
1469 3702 1736 3771 μαρτυρεί

147 3791 189 3859 ἡ
221 3787 434 3861 Γραφὴ.
456 3786 539 3840 ὅτι
563 3789 623 3840 ἐν
644 3786 908 3859 ἐπιθυμίᾳ
935 3786 1138 3857 μείζονι
1159 3786 1268 3840 τῶν
1291 3787 1547 3842 τοιούτων
1576 3790 1733 3860 φιλη-

1821 1778 1969 1834 hunc
2024 1780 2225 1834 librum
2274 1781 2434 1851 jubet
2490 1784 2668 1837 oratio
2734 1784 2802 1839 iis
2859 1783 2951 1853 qui
3010 1783 3279 1843 audiunt,
3334 1792 3394 1836 ut

1818 1872 2037 1927 etiamsi
2057 1873 2111 1925 in
2133 1887 2300 1927 carne
2325 1873 2592 1938 vivamus,
2629 1876 2834 1930 nostris
2866 1874 3295 1945 cogitationibus
3325 1873 3392 1927 ad

1821 1975 1939 2017 eam
1999 1963 2223 2018 minime
2288 1972 2719 2030 convertamur,
2769 1964 2866 2021 sed
2928 1965 2995 2019 ad
3022 1965 3195 2020 solam
3247 1965 3395 2035 aspi—

1822 2054 2035 2110 ciamus
2101 2054 2338 2110 animam
2373 2095 2388 2119 ,
2447 2062 2502 2109 ct
2560 2071 2755 2113 omnes
2811 2057 3126 2112 dilectionis
3183 2056 3396 2128 signifi-

1822 2146 2073 2201 cationes
2145 2162 2314 2217 puras
2373 2157 2427 2202 et
2489 2148 2802 2218 impollutas
2868 2147 3184 2205 dedicemus
3249 2149 3397 2202 bono

1826 2234 1971 2302 Deo,
2017 2236 2109 2308 qui
2169 2252 2386 2293 omnem
2431 2248 2654 2308 superat
2678 2224 3109 2311 intelligentiam
3140 2259 3152 2294 :
3182 2239 3270 2295 cui
3303 2254 3397 2294 so-

1829 2328 1944 2383 lum
1982 2336 2067 2384 est
2098 2344 2286 2384 revera
2329 2329 2475 2400 quod
2520 2330 2682 2385 dulce
2713 2339 2764 2386 et
2789 2330 3095 2400 jucundum
3135 2341 3396 2400 expeten~

1825 2417 2069 2488 dumque
2109 2428 2163 2472 et
2206 2419 2443 2475 amabile
2489 2436 2503 2472 :
2551 2419 2708 2489 cujus
2758 2435 2880 2492 qua:
2932 2433 3149 2490 semper
3181 2419 3397 2474 exstitit

1827 2511 2050 2576 fruitio,
2098 2509 2155 2566 tit
2180 2511 2408 2567 materia
2462 2518 2516 2565 et
2554 2512 2773 2568 occasio
2801 2512 3026 2582 majoris
3055 2509 3395 2582 cupiditatis,

1826 2604 2093 2658 bonorum
2146 2603 2569 2674 participatione
2602 2603 2890 2659 intendens
2927 2602 3282 2677 desiderium.
3317 2603 3394 2658 Ita

1826 2691 2004 2750 loses
2037 2692 2206 2749 Deum
2235 2694 2495 2765 diligebat
2521 2715 2536 2761 ;
2560 2695 2635 2750 ita
2660 2694 2832 2761 Elias,
2863 2697 2936 2751 ita
2958 2694 3198 2750 Joannes
3229 2709 3398 2765 spon-

1826 2801 1949 2840 sum
1992 2786 2277 2857 diligebat,
2332 2788 2523 2842 dicens
2544 2787 2630 2841 s‘z
2671 2786 2776 2853 Qui
2825 2785 2977 2840 habet
3026 2803 3277 2858 sponsam
3320 2797 3399 2841 est

1827 2894 2094 2948 sponsus;
2157 2880 2360 2933 amicus
2422 2888 2597 2932 autem
2662 2877 2843 2947 sponsi
2907 2878 3095 2932 latitia
3158 2877 3405 2947 afﬁcitur

1828 2978 2040 3037 propter
2081 2987 2351 3040 sponsum.
2407 2969 2483 3025 Ita
2540 2969 2734 3026 Petrus
2776 2979 3000 3039 rogatus
3042 2985 3110 3022 an
3151 2976 3294 3024 amet
3333 2980 3400 3022 ac

1829 3061 2057 3131 diligat,
2106 3062 2278 3116 libere
2326 3071 2381 3116 et
2445 3062 2784 3117 confidenter
2826 3061 3047 3124 fatetur,
3098 3060 3289 3115 dicens
3308 3060 3397 3116 ⁸⁷ι

1834 3149 2073 3215 Domine,
2107 3160 2163 3204 tu
2189 3152 2292 3206 scis
2319 3153 2460 3222 quod
2490 3168 2610 3206 amo
2657 3161 2726 3206 te.
2785 3150 2862 3206 lta
2915 3152 3092 3207 caeteri
3143 3151 3399 3223 apostoli.

1830 3242 1908 3296 Ita
1938 3241 2167 3310 Paulus,
2195 3245 2289 3314 qui
2334 3246 2491 3314 prius
2538 3253 2881 3317 persecutor,
2934 3260 3058 3299 cum
3120 3243 3404 3299 dilexisset

1828 3332 2111 3388 Christum
2143 3350 2304 3404 quem
2336 3350 2447 3389 non
2487 3336 2717 3397 viderat,
2769 3335 2991 3405 scripsit
3024 3335 3252 3390 dicens:
3303 3334 3406 3390 Dc-

1833 3427 2022 3497 spondi
2053 3442 2140 3480 vos
2174 3427 2426 3496 cirginem
2454 3436 2659 3479 castam
2699 3425 2941 3479 exhibere
2985 3425 3198 3481 Christo
3225 3426 3290 3482 ⁸⁸.
3324 3426 3404 3483 lla

1830 3533 1949 3588 qum
1979 3532 2125 3572 nunc
2151 3527 2232 3573 est
2263 3516 2532 3580 Ecclesia,
2568 3531 2769 3586 sponsa
2825 3530 3085 3585 sponsum
3121 3517 3399 3586 diligebat,

1831 3609 2221 3664 convenienter
2245 3610 2293 3664 ei
2318 3608 2514 3680 virgini
2546 3623 2667 3679 quae
2688 3607 2822 3661 dicit
2847 3608 2903 3661 in
2935 3606 3162 3661 Cantico
3189 3624 3202 3663 :
3236 3606 3397 3665 Oscu-

1835 3698 1972 3751 fetur
2000 3715 2080 3753 me
2105 3700 2285 3753 osculo
2312 3700 2421 3753 oris
2454 3699 2539 3753 sui
2560 3699 2627 3753 ".
2660 3695 2756 3751 Sic
2798 3696 2892 3752 ille
2940 3697 3033 3767 qui
3082 3698 3281 3768 dignus
3320 3704 3404 3754 est

1832 3789 2055 3847 habitus
2081 3805 2206 3846 cum
2236 3790 2350 3846 Deo
2375 3792 2523 3863 loqui
2560 3790 2701 3847 facie
2727 3790 2793 3846 ad
2825 3789 3041 3857 faciem,
3078 3799 3139 3846 ut
3172 3799 3405 3847 testatur

88 3894 97 3899 ‘
155 3881 348 3953 μάτων
382 3878 618 3947 ἐγένετο,
644 3876 781 3949 μετά
811 3876 1078 3941 τοσαύτας
1094 3877 1428 3947 θεοφανείας,
1463 3879 1539 3943 ὡς
1570 3882 1734 3952 μήπω

1913 3884 2121 3954 riptura
2146 3883 2215 3948 ",
2246 3883 2518 3952 ejusmodi
2545 3884 2863 3939 osculorum
2892 3883 3088 3954 majori
3123 3884 3405 3940 tenebatur

150 3969 486 4041 τεθεαμένος
551 3970 679 4024 ίδείν
729 3967 899 4035 ἀξιῶν
931 3968 1022 4021 τὸν
1066 3968 1417 4040 ποθούμενον.
1473 3969 1658 4036 Οὕτως
1686 3975 1735 4027 οί

1913 3973 2133 4037 siderio,
2186 3982 2481 4043 postquam
2529 3974 2577 4030 ei
2624 3975 2787 4031 toties
2834 3974 2976 4033 Deus
3037 3977 3401 4048 apparuisset,

151 4061 340 4114 λοιποὶ
356 4059 573 4122 πάντες,
597 4053 679 4121 οἷς
704 4059 734 4111 6
756 4057 899 4121 θεῖος
941 4056 1104 4121 πόθος
1123 4058 1213 4111 διά
1250 4059 1447 4128 βάθους
1470 4060 1735 4128 ἐνέκειτο,

1913 4079 2039 4135 gans
2068 4071 2129 4118 ut
2153 4064 2361 4119 videret
2395 4080 2558 4136 quem
2597 4065 2963 4133 desiderabat,
3013 4067 3242 4139 perinde
3265 4083 3327 4121 ac
3355 4067 3402 4122 si

150 4149 397 4221 οὐδαμοῦ
422 4150 521 4220 τῆς
551 4148 846 4219 ἐπιθυμίας
866 4149 1106 4212 ἵσταντο,
1138 4151 1246 4202 πᾶν
1267 4150 1327 4203 τὸ
1347 4144 1527 4205 θεόθεν
1555 4154 1739 4218 αὐτοῖς

1918 4172 2119 4225 nquam
2183 4171 2308 4211 eum
2359 4164 2506 4212 esset
2557 4161 2956 4229 contemplatus
2978 4159 3046 4212 ".
3100 4157 3177 4213 ιω
3226 4158 3405 4213 ca-teri

152 4244 242 4305 εἰς
297 4241 599 4295 ἀπόλαυσιν
655 4238 749 4293 τοῦ
781 4238 1111 4309 ποθουμένου
1139 4241 1441 4310 γινόμενον,
1470 4242 1601 4314 ὕλην
1645 4247 1739 4299 καὶ

1913 4264 2032 4303 mes
2059 4262 2294 4319 quorum
2344 4247 2588 4303 divinum
2640 4249 2973 4305 desiderium
3030 4249 3302 4304 insidebat
3351 4251 3406 4303 in

153 4332 497 4404 ὑπέκκαυμα
532 4329 633 4403 ῗτῆς
676 4329 1040 4402 σφοδροτέρας
1075 4330 1367 4402 ἐπιθυμίας
1404 4335 1736 4407 ποιούμενοι.

1913 4339 1970 4395 iis
1995 4338 2385 4410 penetralibus.
2434 4354 2714 4409 nunquam
2747 4355 2906 4396 suum
2946 4340 3220 4395 satiaruut
3261 4338 3409 4395 desi—

155 4425 400 4487 derium,
432 4422 699 4493 quidquid
735 4422 818 4477 eis
848 4421 1113 4476 divinitus
1143 4423 1448 4490 eveniebat,
1486 4440 1597 4497 quo
1644 4427 1962 4486 fruerentur
1997 4444 2063 4484 eo
2102 4430 2195 4501 qui
2243 4427 2681 4495 desiderabatur,
2748 4431 3030 4488 materiam
3082 4430 3410 4503 arripientes

155 4527 218 4575 ct
247 4517 495 4572 fomitem
532 4514 759 4585 majoris
794 4514 1079 4571 desiderii.
1544 4582 1555 4595 η

236 4612 452 4680 ’Ὠσπερ
492 4607 556 4680 δὴ
589 4609 684 4661 καὶ
723 4607 818 4662 νῦν
860 4610 894 4679 ὴ
933 4608 1011 4678 τῷ
1040 4608 1160 4680 θεῷ
1189 4614 1565 4685 συναπτομένη
1594 4615 1740 4688 ψυχὴ

158 4702 480 4774 ἀκορέστως
512 4699 626 4770 ἔχει
655 4699 754 4770 τῆς
787 4699 1137 4764 ἀπολαύσεως
1159 4717 1172 4733 ·
1209 4701 1321 4773 ὅσῳ
1362 4702 1743 4776 δαψιλέστερον

160 4793 491 4862 ἐμφορεῖται
525 4788 626 4859 τῆς
663 4788 1047 4852 ἀπολαύσεως,
1094 4790 1345 4844 τοσοῦτον
1392 4793 1744 4865 σφοδρότερον

161 4887 282 4947 τοῖς
310 4881 495 4945 πόθοις
523 4882 865 4951 ἀκμάζουσα.
908 4881 1125 4952 Ἐπειδὴ
1157 4882 1267 4954 γὰρ
1298 4883 1369 4937 τά
1405 4886 1626 4957 ῥήματα
1648 4884 1744 4939 τοῦ

163 4980 425 5050 νυμφίου,
463 4976 681 5047 πνεῦμα
717 4976 811 5029 καὶ
843 4973 955 5047 ζωή
991 4976 1132 5039 ἐστι,
1175 4977 1279 5041 πᾶς
1311 4976 1368 5030 δὲ
1408 4980 1437 5030 6
1467 4977 1545 5048 τῷ
1578 4979 1742 5032 πνεύ-

169 5086 305 5139 ματι
340 5067 682 5137 κολλώμενος
713 5066 931 5135 πνεῦμα
956 5066 1189 5135 γίνεται,
1224 5065 1319 5119 καί¹
1341 5069 1371 5120 6
1402 5072 1470 5141 τῇ
1487 5069 1599 5141 ζωῇ
1620 5085 1747 5123 συν-

160 5160 476 5230 απτόμενος
531 5153 639 5210 ἀπὸ
707 5155 938 5210 θανάτου
973 5158 1054 5220 είς
1099 5157 1194 5229 τὴν
1225 5154 1381 5227 ζωὴν
1409 5160 1743 5229 μεταϐαίνει,

165 5248 314 5303 κατά
343 5246 443 5319 τὴν
475 5245 572 5299 τοῦ
598 5244 804 5315 Κυρίου
843 5245 1027 5316 φωνήν
1046 5257 1060 5272 °
1097 5244 1184 5300 διά
1204 5243 1361 5299 τοῦτο
1390 5245 1548 5299 ποθεῖ
1575 5263 1747 5318 προσ-

168 5340 392 5411 εγγίσαι
421 5336 522 5409 τὴν
568 5335 746 5407 ψυχὴν
784 5339 849 5407 τῇ
876 5340 1022 5406 πηγῇ
1056 5337 1153 5407 τῆς
1199 5336 1577 5408 πνευματικῆς
1602 5338 1746 5411 ζωῆς

1913 4609 2201 4677 Quomodo
2223 4609 2386 4664 etiam
2409 4624 2530 4681 quae
2549 4625 2698 4666 nunc
2735 4627 2953 4684 quoque
2982 4613 3094 4670 Deo
3125 4615 3412 4685 conjungi-

1843 4709 1936 4755 tur
1971 4701 2174 4769 anima,
2207 4701 2398 4757 satiari
2427 4717 2539 4758 non
2575 4711 2758 4774 potest
2785 4704 3067 4771 fruitione,
3091 4707 3413 4776 quo-copio-

1845 4793 1964 4849 sius
1995 4792 2259 4849 frnitione
2290 4794 2566 4864 impletur,
2585 4810 2652 4851 eo
2677 4795 3070 4851 vehementiori
3096 4797 3285 4867 vigens
3312 4796 3412 4851 de-

1846 4888 2069 4944 siderio.
2096 4886 2237 4954 Quia
2282 4886 2429 4943 enim
2473 4888 2640 4945 verba
2689 4886 2876 4963 sponsi
2917 4886 3142 4957 spiritus
3190 4895 3319 4942 sunt
3358 4894 3414 4942 et

1846 4980 1959 5035 vita
1978 4980 2045 5043 ’³,
2077 4980 2393 5050 quicunque
2416 4986 2597 5037 autem
2621 4980 3035 5051 conglutinatur
3078 4980 3321 5051 spiritui,
3357 4980 3418 5035 fit

1849 5069 2111 5141 Spiritus;
2137 5078 2192 5125 et
2213 5070 2306 5139 qui
2334 5070 2456 5125 vita:
2475 5070 2849 5143 conjungitur,
2871 5071 3074 5126 transit
3094 5087 3124 5126 a
3149 5081 3326 5128 morte
3349 5072 3415 5129 ad

1847 5160 2037 5223 vitam,
2064 5148 2433 5228 congruenter
2452 5160 2574 5215 voci
2603 5159 2822 5216 Domini
2851 5171 3183 5232 ;propterea
3210 5163 3422 5222 deside-

1849 5257 1934 5304 rat
1949 5248 2390 5321 appropinquare
2411 5251 2647 5306 animam
2663 5252 2796 5309 fonti
2809 5254 2932 5311 vita:
2948 5255 3251 5325 spiritualis
3268 5257 3423 5324 virgo

1849 5341 2051 5396 anima.
2072 5338 2219 5397 Fons
2240 5347 2422 5396 autem
2443 5346 2530 5397 est
2557 5356 2621 5398 os
2645 5344 2858 5414 sponsi,
2899 5344 3043 5400 unde
3065 5345 3420 5401 scaturientia

240 5541 472 5617 "han.
505 5537 708 5617 unﬁt).
803 5537 848 5573 ⁸⁷
878 5535 1037 5617 ἔωσι-ιι.
1074 5537 1301 5604 xxI,15.
1394 5540 1500 5595 "ll
1536 5540 1664 5597 Cor.
1695 5556 1770 5610 ιι,
1794 5540 1850 5595 2.
1927 5542 1974 5576 ”
1993 5541 2155 5599 Cant.
2181 5560 2221 5612 I,
2243 5544 2297 5600 1.
2330 5559 2454 5612 squ.
2527 5547 2574 5580 ’°
2597 5546 2752 5617 Deut.
2791 5561 2982 5613 xxxtr,
3014 5547 3103 5603 10.
3171 5546 3217 5580 ⁸⁸
3245 5545 3422 5602 Exod.

164 5630 370 5675 xxxm,
403 5610 490 5665 l8.
572 5610 618 5640 ⁹²
644 5607 802 5662 ιίοιιιι.
836 5623 890 5673 v,
921 5606 1012 5662 (id.

502 5704 770 5763 PATItOL.
832 5701 951 5762 GR.
981 5700 1201 5763 XLIV.

3039 5708 3120 5766 25
