3752 5984
410 222 512 278 779

1663 211 1716 263 S.
1757 209 2083 262 (Elii-2608“
2117 208 2403 264 NYSSENI

3552 195 3648 248 τεο

405 339 569 390 terha
607 335 723 385 ritu
752 340 963 385 acterna-
1012 330 1233 397 implent
1269 344 1329 380 os
1366 342 1426 377 ea
1459 324 1735 377 uill'ullCDS
1758 363 1772 385 ,
1827 322 1969 377 sicut

2094 344 2102 392 ι
2144 322 2402 393 παρθένος
2430 319 2593 387 ψυχή.
2654 317 2716 367 Ἱί
2749 315 2805 366 δὲ
2848 313 2991 382 πηγή
3024 313 3137 363 ἐστι
3176 307 3269 362 τοῦ
3300 305 3555 376 νυμφίου
3599 308 3651 358 τὲ

406 428 636 482 faciebat
673 424 939 494 Propheta
982 438 1075 490 per
1103 436 1165 474 os
1206 419 1425 474 trahens
1451 417 1706 486 spiritum
1735 415 1802 469 ⁸³.
1830 414 1970 480 Quia

406 534 535 589 ergo
564 524 777 586 oportet
804 530 865 567 os
923 514 1208 567 admovere
1255 524 1408 579 aqua:
1461 523 1608 569 eum,
1651 505 1745 575 qui
1784 514 1969 573 potum

408 609 638 662 attrahit
657 624 723 661 ex
745 608 892 660 fonte
918 624 930 659 :
959 604 1081 659 fons
1105 615 1280 656 autem
1307 610 1389 656 est
1416 599 1677 653 Dominus
1701 599 1792 668 qui
1811 599 1968 664 dixit,

413 697 471 752 Si
490 698 606 766 quis
621 695 756 762 sitit,
778 696 942 748 reniat
963 693 1028 746 ad
1059 709 1137 746 me
1159 703 1207 745 et
1231 691 1373 744 bibat
1390 690 1458 755 9³,
1477 700 1765 759 propterea
1791 688 1970 742 anima

409 794 523 846 vult
561 792 643 845 ori
708 790 869 844 vitam
906 786 1225 843 scaturienti
1293 800 1356 840 os
1414 798 1575 838 suum
1641 779 1967 840 admovere,

408 883 595 937 dicens
624 901 635 935 :
667 879 948 935 Osculetur
977 893 1057 931 me
1089 875 1268 931 osculo
1292 875 1397 929 oris
1426 873 1509 927 sui
1534 889 1554 936 ;
1582 879 1635 925 et
1663 870 1754 940 qui
1787 867 1968 922 oznni-

410 977 510 1028 tus
546 981 757 1027 scatere
789 970 915 1024 facit
942 969 1131 1031 vitam,
1158 976 1211 1022 et
1239 968 1350 1020 vult
1381 980 1571 1018 omnes
1605 976 1727 1016 esse
1765 960 1970 1021 salvos,

407 1064 678 1117 neminem
703 1062 817 1115 vult
848 1074 1038 1114 eorum
1066 1059 1157 1127 qui
1193 1056 1330 1111 salvi
1362 1055 1515 1116 ﬁunt,
1543 1067 1665 1109 esse
1693 1057 1971 1120 expertem

406 1151 572 1219 hujus
595 1150 767 1203 osculi
801 1164 815 1214 ;
839 1156 922 1202 est
954 1147 1098 1200 enim
1126 1145 1247 1213 ejus
1273 1144 1522 1197 osculum
1555 1149 1969 1209 purgamentum

413 1242 660 1310 cujusvis
693 1240 891 1295 sordis.
916 1236 1282 1302 Quamobrem
1312 1234 1442 1287 mihi
1468 1231 1680 1285 videtur
1711 1229 1972 1282 Dominus

409 1335 511 1388 hoc
538 1332 868 1403 exprobrare
902 1327 1111 1383 Simoni
1144 1328 1382 1396 lept'oso,
1420 1322 1674 1379 Osculum
1702 1319 1831 1373 mihi
1867 1335 1973 1372 non

407 1426 597 1480 dedisti
627 1424 693 1476 ’⁸.
725 1423 929 1476 Revera
966 1419 1110 1474 enim
1158 1415 1347 1471 fuisset
1382 1413 1674 1468 mundatus
1718 1410 1787 1464 ab
1819 1410 1974 1478 a-gri-

408 1517 619 1579 tudine,
644 1514 689 1569 si
715 1528 810 1567 ore
834 1510 1151 1565 attraxisset
1172 1508 1484 1578 puritatem.
1510 1504 1615 1559 Sed
1641 1503 1730 1558 ille
1753 1501 1972 1571 quidem

407 1608 600 1664 merito
641 1606 693 1660 id
721 1620 828 1659 non
862 1611 946 1659 est
995 1607 1278 1671 expertus,
1312 1607 1371 1652 ut
1425 1596 1583 1665 cujus
1637 1608 1765 1650 caro
1807 1605 1973 1663 supra

2076 414 2284 481 στόμα,
2346 410 2464 463 ὅθεν
2499 409 2568 461 τὰ
2622 410 2838 475 ῥήματα
2889 403 2990 471 τῆς
3042 400 3257 453 αἰωνίου
3311 399 3468 468 ζωῆς
3528 399 3630 449 ἀνα

2074 504 2304 576 ϐρύοντα
2346 502 2541 570 πληροῖ
2591 496 2650 550 τὸ
2694 495 2867 564 στόμα
2913 494 2973 547 τὸ
3019 490 3413 559 ἐφελκόμενον,
3467 486 3651 541 καθὼς

2072 575 2243 647 ἐποίει
2264 591 2593 662 ὁΠροφήτης
2620 586 2706 640 διὰ
2730 584 2821 638 τοῦ
2848 583 3110 652 στόματος
3136 580 3306 633 ἕλκων
3321 578 3383 631 τὺ
3398 575 3651 645 πνεῦμα.

2085 681 2300 752 Ἐπειδὴ
2332 681 2506 735 τοίνυν
2548 678 2651 748 χρὴ
2699 674 3008 747 προσθεῖναι
3045 672 3104 725 τὸ
3153 670 3324 741 στόμα
3370 667 3458 738 τῷ
3504 667 3655 720 ὕδατι

2072 775 2162 827 τὸν
2191 775 2254 826 ὲκ
2296 773 2394 840 τῆς
2445 773 2623 840 πηγῆς
2670 767 2830 820 ποτὸν
2868 763 3264 832 ἐφελκόμενον,
3315 757 3477 829 πηγὴ
3519 757 3580 810 δὲ
3629 758 3654 807 ό

2074 864 2274 934 Κύριος
2305 865 2332 916 ὁ
2360 860 2525 915 εἰπών
2550 878 2563 890 ο
2589 860 2661 912 Ei
2680 877 2768 925 τις
2791 855 2958 924 διψᾷ,
2983 854 3245 923 ἐρχέσθω
3267 852 3422 919 πρός
3448 865 3537 916 με
3561 848 3654 901 καὶ

2073 953 2317 1008 πινέτω·
2353 953 2440 1007 διὰ
2487 951 2642 1005 τοῦτο
2675 952 2707 1020 ἡ
2753 947 2898 1018 ψυχὴ
2933 946 3296 1018 προσαγαγεῖν
3332 941 3394 993 τὸ
3442 938 3654 1008 ἑαυτῆς

2075 1048 2248 1118 στόμα
2294 1045 2366 1115 τῷ
2398 1045 2496 1114 τὴν
2534 1042 2677 1113 ζωὴν
2729 1040 3027 1111 πηγάζοντι
3065 1036 3291 1105 στόματι
3354 1031 3651 1101 βούλεται,

2072 1138 2302 1207 λέγουσα
2328 1154 2339 1165 ·
2377 1132 2687 1201 Φιλησάτω
2704 1149 2780 1200 με
2813 1130 2930 1184 ἀπὸ
2970 1127 3087 1182 τῶν
3122 1121 3486 1193 φιλημάτων
3519 1122 3655 1172 στό-

2067 1246 2257 1300 ματος
2304 1225 2488 1281 αὑτοῦ
2514 1244 2525 1254 ·
2584 1224 2676 1276 καὶ
2721 1225 2750 1274 ό
2788 1223 2920 1274 πᾶσι
2953 1219 3051 1290 τὴν
3100 1216 3244 1288 ζωὴν
3289 1213 3502 1285 βρύων,
3563 1212 3651 1263 καὶ

2074 1322 2279 1382 πάντας
2313 1317 2552 1386 σωθῆναι
2578 1314 2770 1379 θέλων,
2808 1311 2998 1364 οὐδένα
3037 1307 3281 1379 βούλεται
3319 1304 3436 1357 τῶν
3484 1301 3649 1366 σωζο-

2076 1412 2250 1484 μένων
2280 1408 2373 1461 τού
2411 1405 2651 1460 τοιούτου
2700 1403 2998 1472 φιλήματος
3032 1395 3171 1451 εἶναι
3201 1395 3478 1467 ἀμέτοχον
3503 1410 3517 1422 ·
3555 1410 3649 1446 κα-

2075 1502 2296 1572 θάρσιον
2337 1498 2445 1569 γάρ
2472 1500 2587 1550 ἐστι
2632 1494 2803 1565 ρύπου
2848 1490 3046 1555 παντὸς
3086 1488 3243 1542 τοῦτο
3286 1486 3351 1538 τὸ
3406 1484 3643 1554 φίλημα.

2074 1593 2165 1646 Διό
2200 1609 2288 1663 μοι
2317 1590 2462 1643 δοκεῖ
2492 1587 2569 1658 τῷ
2600 1585 2786 1658 λεπρῷ
2835 1583 3036 1654 Σίμωνι
3063 1582 3125 1634 τὸ
3159 1578 3405 1632 τοιοῦτον
3460 1575 3647 1626 ὀνειδι-

410 1700 633 1754 modum
666 1696 999 1754 excrevisset
1028 1708 1122 1763 per
1151 1691 1425 1755 morbum,
1472 1688 1541 1742 ob
1570 1701 1723 1744 suam
1761 1684 1975 1754 cupidi-

2094 1684 2274 1746 ηικῶς
2316 1680 2609 1753 προφέρειν
2657 1681 2685 1732 ό
2730 1676 2962 1747 Κύριος,
2993 1675 3073 1727 ὅτι
3123 1668 3362 1738 Φίλημά
3396 1684 3507 1736 μοι
3537 1666 3645 1718 οὐκ

408 1801 570 1847 tatem
603 1791 676 1845 ita
711 1801 970 1850 manens,
1004 1793 1065 1839 ut
1094 1782 1364 1839 exinaniri
1400 1797 1505 1837 non
1540 1789 1720 1851 posset
1752 1794 1781 1831 a
1816 1778 1969 1830 vitio.

406 1883 603 1937 Anima
638 1888 818 1934 autem
876 1884 1177 1948 expurgata
1220 1874 1286 1928 ab
1342 1873 1492 1928 omni
1543 1870 1750 1924 carnali
1797 1869 1969 1936 lepra,

407 1989 528 2045 qua:
564 1971 865 2025 luminibus
913 1970 1034 2038 ejus
1065 1966 1281 2030 ofﬁciat,
1325 1965 1519 2034 aspicit
1550 1963 1817 2016 honorum
1853 1960 1972 2013 the-

409 2081 666 2123 saurum:
696 2064 960 2117 thesauro
991 2069 1170 2113 autem
1201 2072 1397 2111 nomen
1428 2063 1513 2109 est
1559 2068 1673 2106 cor.
1703 2050 1974 2120 PrOpheta

408 2172 628 2228 quoque
658 2155 886 2225 rogabat
915 2161 975 2206 ut
1011 2151 1115 2205 sibi
1154 2159 1433 2204 crearetur
1471 2161 1567 2200 cor
1613 2142 1874 2197 mundum
1906 2141 1971 2204 ",

410 2264 439 2300 a
471 2262 579 2316 quo
607 2247 691 2300 lac
716 2245 959 2300 divinum
990 2241 1370 2312 suppeditatur
1401 2238 1659 2293 uberibus
1683 2277 1698 2301 ,
1740 2250 1849 2303 quo
1875 2250 1976 2287 nu-

414 2340 573 2392 tritur
600 2338 778 2391 anima
801 2375 814 2399 ,
847 2333 1240 2389 convenienter
1273 2328 1613 2399 proportioni
1657 2326 1778 2381 ﬁdei
1806 2332 1977 2379 attra-

414 2434 547 2485 liens
571 2429 820 2500 gratiam.
863 2426 1226 2493 Quamobrem
1249 2423 1425 2476 dicit:
1473 2420 1625 2475 Bona
1652 2428 1774 2473 sunt
1815 2419 1976 2472 ubera

414 2533 504 2575 tua
536 2535 698 2589 supra
726 2519 904 2571 vinum
926 2556 941 2581 ,
976 2532 1041 2570 ex
1092 2517 1190 2569 loci
1243 2511 1511 2582 positione
1563 2525 1659 2579 per
1689 2509 1853 2563 ubera
1883 2523 1977 2562 cor

412 2611 575 2665 tacite
607 2610 944 2681 signiﬁcans.
976 2605 1211 2662 Omnino
1257 2610 1438 2657 autem
1473 2600 1565 2669 qui
1614 2615 1711 2654 cor
1755 2599 1974 2668 quidem

413 2703 682 2757 occultam
732 2708 786 2754 et
807 2712 1063 2752 arcanam
1092 2693 1397 2750 divinitatis
1425 2693 1677 2749 virtutem
1704 2690 1974 2757 intelligit,

414 2810 525 2850 non
559 2792 786 2848 errabit.
834 2789 1010 2845 Ubera
1060 2795 1241 2841 autem
1280 2785 1458 2839 bonas
1507 2782 1705 2838 divina:
1758 2781 1978 2835 virtutis

414 2897 514 2953 pro
545 2880 703 2935 nobis
726 2877 1071 2948 operationes
1100 2874 1290 2927 merito
1318 2887 1612 2944 possumus
1643 2870 1974 2931 existimare,

416 2987 511 3041 per
539 2985 677 3040 quas
711 2967 1144 3035 uniuscujusque
1173 2964 1337 3018 vitam
1370 2971 1628 3031 tauquam
1667 2960 1849 3014 nutrix
1882 2960 1978 3013 alit

2073 1776 2318 1839 ἔδωκας.
2348 1768 2426 1825 Ἦ
2454 1772 2562 1841 γὰρ
2593 1771 2657 1824 ἂν
2685 1764 3021 1838 ἐκαθαρίσθη
3049 1761 3141 1817 τοῦ
3173 1760 3389 1835 πάθους
3412 1756 3499 1827 τῷ
3531 1754 3646 1807 στό-

2076 1882 2206 1936 ματι
2239 1861 2453 1925 σπάσας
2496 1860 2593 1930 τὴν
2623 1857 2985 1927 καθαρότητα.
3029 1852 3166 1905 Ἀλλ’
3195 1851 3405 1911 ἐκεῖνος
3438 1845 3542 1915 μὲν
3574 1845 3649 1895 εί-

2074 1957 2244 2018 κότως
2293 1952 2587 2023 ἀνέραστος
2623 1944 2711 2019 ἦν,
2758 1943 3179 2017 ὑπερσαρκήσας
3220 1940 3307 1993 διὰ
3341 1938 3447 2006 τῆς
3493 1935 3646 1987 νόσου

2075 2046 2210 2118 πρὸς
2238 2045 2336 2114 τὴν
2367 2042 2570 2096 οἰκείαν
2615 2038 2929 2108 ἐπιθυμίαν,
2963 2035 3138 2106 μένων
3167 2031 3271 2085 ὑπὸ
3305 2029 3403 2082 τοῦ
3443 2026 3648 2086 ﬁdem;

2075 2114 2363 2196 ἀκένωτος.
2437 2133 2500 2197 Ἦ
2558 2131 2615 2184 δὲ
2673 2125 3056 2196 κεκαθαρμένη
3108 2121 3297 2192 ψυχὴ,
3372 2114 3652 2187 μηδεμιᾶς

2077 2223 2384 2296 σαρκώδους
2415 2222 2620 2292 λέπρας
2669 2214 3131 2288 ἐπιπροσθούσης,
3172 2210 3361 2280 βλέπει
3400 2208 3499 2260 τὸν
3548 2205 3652 2257 τῶν

2075 2315 2294 2384 ἀγαθῶν
2315 2311 2582 2382 θησαυρόν
2601 2328 2613 2340 ·
2643 2309 2811 2378 ὄνομα
2830 2307 2883 2359 δέ
2916 2308 3030 2359 ἐστι
3054 2303 3131 2374 τῷ
3160 2298 3423 2371 θησαυρῷ
3451 2300 3487 2367 ἡ
3515 2313 3651 2366 καρο

2076 2407 2182 2460 δία.
2241 2405 2349 2459 Καὶ
2390 2405 2418 2455 ό
2467 2401 2753 2471 Προφήτης
2794 2396 3040 2466 καθαρὰν
3091 2392 3376 2460 κτισθῆναι
3417 2387 3653 2459 καρδίαν

2077 2493 2396 2566 παρεκάλει,
2428 2489 2518 2558 ἀφ’
2551 2486 2616 2560 ᾖς
2646 2491 2761 2541 ἐστι
2806 2489 2916 2549 τοῖς
2966 2484 3151 2555 μαζοῖς
3189 2484 3220 2551 ἡ
3272 2478 3515 2550 χορηγία
3562 2475 3654 2529 τοῦ

2078 2586 2218 2639 θείου
2247 2583 2513 2652 γάλακτος
2533 2620 2547 2643 ,
2576 2573 2620 2646 ᾧ
2646 2578 2903 2649 τρέφεται
2936 2580 2967 2645 ὴ
3001 2572 3176 2643 ψυχὴ,
3212 2569 3352 2623 κατὰ
3380 2568 3487 2638 τὴν
3522 2568 3654 2620 ἀνα-

2076 2677 2258 2745 λογίαν
2282 2675 2378 2743 τῆς
2407 2673 2641 2733 πίστεως
2670 2667 3006 2739 ἐφελκομένη
3035 2665 3131 2733 τὴν
3162 2662 3340 2733 χάριν.
3367 2659 3473 2712 Διά.
3496 2658 3656 2711 τοῦτό

2079 2786 2239 2838 φησιν
2265 2810 2278 2829 ,
2310 2768 2389 2819 ὅτι
2432 2762 2651 2833 Ἀγαθοί
2685 2765 2737 2815 οἱ
2764 2758 2988 2829 μασθοί
3014 2773 3129 2811 σου
3159 2753 3309 2820 ὑπὲρ
3338 2748 3519 2805 οἶνον
3540 2768 3555 2781 ·
3596 2752 3655 2802 ὲκ

2077 2861 2176 2929 τῆς
2223 2857 2448 2926 τοπικῆς
2496 2854 2697 2916 θέσεως
2750 2851 2837 2904 διὰ
2875 2849 2980 2902 τῶν
3035 2846 3219 2916 μαζῶν
3266 2845 3366 2915 τὴν
3421 2842 3656 2913 καρδίαν

2080 2948 2543 3019 ὑποσημαίνουσα.
2579 2944 2799 3005 Πάντως
2819 2941 2875 2993 δὲ
2898 2938 3122 3009 καρδίαν
3152 2937 3248 3007 μὲν
3274 2934 3374 3005 τὴν
3403 2951 3658 3002 κεκρυμο

418 3062 561 3117 Deus
587 3100 600 3124 ,
628 3058 929 3128 unicuique
957 3071 1144 3110 eorum
1184 3054 1278 3125 qui
1306 3054 1611 3122 accipiunt,
1647 3055 1977 3106 conveniens

2094 3042 2251 3112 μένην
2279 3056 2337 3092 τε
2373 3037 2466 3090 καὶ
2494 3035 2801 3107 ἀπόρρητον
2828 3032 2929 3101 τῆς
2962 3030 3210 3099 θεότητος
3239 3026 3475 3095 δύναμιν
3518 3026 3657 3077 νοῶν

415 3151 653 3221 largiens
683 3147 1102 3201 nutrimentum.

2082 3151 2165 3195 τις
2239 3132 2336 3201 οὐχ
2368 3128 2774 3199 ἁμαρτήσεται·
2820 3122 3021 3194 μαζοϋς
3054 3121 3109 3174 δὲ
3146 3120 3244 3182 τὰς
3284 3117 3502 3186 ἀγαθάς
3559 3117 3658 3183 τῆς

417 3242 567 3304 θείας
595 3239 873 3310 δυνάμεως
895 3238 1033 3309 ὑπὲρ
1071 3236 1226 3307 ήμῶν
1251 3235 1529 3306 ἐνεργείας
1557 3233 1780 3295 εἰκότως
1810 3231 1874 3286 ἄν
1898 3248 1979 3293 τις
2014 3226 2363 3296 ὑπονοήσειε,
2412 3222 2478 3277 δι’
2529 3214 2602 3275 ὧν
2649 3219 2944 3291 τιθηνεῖται
2986 3216 3085 3286 τὴν
3151 3215 3381 3269 ἑκάστου
3418 3211 3568 3282 ζωὴν
3632 3209 3659 3259 ὁ

416 3333 567 3397 Θεὸς,
595 3330 925 3400 κατάλληλον
953 3330 1164 3398 ἑκάστῳ
1195 3326 1301 3380 τῶν
1325 3327 1622 3397 δεχομένων
1642 3327 1738 3397 τὴν
1768 3325 1969 3396 τροφὴν
2008 3320 2389 3394 χαριζόμενος.

486 3427 768 3495 Quoddam
799 3427 963 3481 etiam
995 3422 1141 3479 aliud
1162 3422 1358 3493 dogma
1391 3422 1659 3477 discimus
1685 3420 1863 3475 obiter
1886 3434 1982 3490 per

2147 3413 2504 3482 Μανθάνομεν
2535 3409 2592 3462 δέ
2628 3426 2680 3462 τι
2711 3405 2852 3460 κατά
2874 3404 3109 3476 πάροδον
3134 3402 3227 3456 καὶ
3262 3402 3449 3473 ἕτερον
3479 3401 3658 3471 δόγμα

416 3493 580 3591 hujus
622 3520 745 3574 libri
792 3517 1189 3589 philosophiam
1214 3553 1228 3578 ,
1264 3530 1458 3585 nempe
1489 3513 1635 3584 quod
1669 3513 1866 3582 duplex
1899 3520 1977 3565 est

2094 3506 2162 3559 5ιά
2190 3505 2285 3574 τῆς
2316 3503 2408 3556 τοῦ
2443 3500 2644 3571 βιϐλίου
2677 3500 2866 3552 τούτου
2897 3495 3235 3565 φιλοσοφίας,
3275 3496 3357 3548 ὅτι
3382 3493 3549 3563 διπλῆ
3576 3496 3657 3555 τες

418 3613 474 3667 in
509 3610 667 3665 nobis
718 3624 914 3665 sensus
944 3649 958 3673 ,
1009 3607 1152 3661 alius
1201 3605 1420 3677 quidem
1468 3604 1800 3673 corporalis,
1841 3602 1982 3655 alius

421 3719 546 3757 vero
584 3702 800 3756 divinus
825 3740 840 3764 ,
882 3701 1024 3755 sicut
1072 3699 1274 3754 alicubi
1330 3698 1531 3752 dicitur
1564 3695 1979 3757 ilLPl‘OVBl‘biiS,

419 3792 640 3847 Sensum
679 3790 907 3844 divinum
958 3790 1205 3843 invenies.
1252 3787 1346 3842 Est
1376 3788 1520 3842 enim
1553 3785 1798 3855 quaedam
1855 3800 1978 3854 pro-

420 3880 600 3949 portio
632 3885 686 3932 e‘t
717 3878 1097 3932 convenientia
1124 3876 1454 3930 animalibus
1492 3877 1728 3930 motibus
1757 3883 1809 3929 ct
1846 3889 1980 3943 ope-

420 3969 725 4023 rationibus
775 3981 897 4019 cum
953 3966 1336 4019 instrumentis
1400 3979 1658 4018 sensuum
1712 3963 1981 4031 corporis,

418 4069 473 4113 et
508 4059 610 4112 hoc
650 4056 915 4110 discimus
958 4070 1022 4109 ex
1058 4055 1418 4123 prmseutibus
1454 4053 1689 4123 eloquiis
1718 4052 1977 4121 Spiritus.

418 4148 616 4204 Vinum
639 4147 781 4203 enim
836 4154 890 4200 et
918 4146 1001 4199 lac
1030 4151 1190 4215 gustu
1222 4143 1620 4212 dijudicantur:
1646 4158 1768 4196 cum
1798 4149 1976 4194 autem

419 4241 509 4295 illa
543 4241 652 4295 sint
697 4235 1006 4307 ejusmodi,
1058 4243 1118 4288 ut
1164 4233 1269 4291 sub
1312 4234 1723 4300 intelligentiam
1759 4232 1976 4299 cadant,

418 4332 640 4384 omnino
664 4344 785 4400 quae
817 4343 880 4384 ea
909 4325 1164 4396 intelligit
1191 4335 1245 4379 et
1271 4324 1649 4394 apprehendit,
1688 4331 1772 4401 est
1801 4323 1976 4377 virtus

2078 3602 2221 3651 ἐστιν
2253 3600 2308 3651 ἐν
2336 3599 2462 3667 ήμῖν
2486 3594 2765 3664 αἴσθησις,
2799 3594 2831 3662 ἡ
2868 3591 2964 3660 μὲν
3000 3588 3305 3659 σωματικὴ.
3336 3590 3369 3656 ἡ
3412 3587 3472 3639 δὲ
3510 3587 3655 3640 θειο-

2077 3691 2210 3760 τέρα
2232 3730 2245 3752 ,
2281 3688 2461 3750 καθώς
2495 3686 2626 3757 φησί
2660 3701 2761 3736 που
2792 3684 2887 3753 τῆς
2934 3681 3235 3752 Παροιμίας
3268 3682 3296 3733 ὁ
3336 3679 3500 3747 λόγος
3527 3694 3541 3709 ⁸
3573 3681 3653 3732 ὅτι

2082 3782 2375 3846 Αἴσθησιν
2416 3778 2583 3832 θείαν
2624 3775 2921 3844 εὑρήσεις.
2967 3772 3244 3839 Ἀναλογία
3273 3770 3383 3841 γάρ
3423 3772 3511 3833 τίς
3539 3774 3654 3823 ἐστι

2075 3873 2187 3933 τοῖς
2218 3870 2467 3939 ψυχικοῖς
2494 3870 2758 3938 κινήμασι
2790 3867 2882 3920 καὶ
2914 3864 3277 3934 ὲνεργήμασιν
3301 3863 3440 3935 πρὸς
3463 3862 3536 3914 τὰ
3560 3862 3650 3915 τοῦ
3682 3871 3693 3881 '

2079 3960 2327 4032 σώματος
2370 3958 2731 4030 αἰσθητήρια,
2768 3959 2860 4012 καὶ
2906 3956 3065 4010 τοῦτο
3095 3958 3156 4008 ἐκ
3203 3954 3313 4008 τῶν
3365 3954 3653 4023 παρόντων

2083 4051 2424 4123 μανθάνομεν
2452 4051 2647 4120 λογίων
2674 4049 2767 4103 τοῦ
2817 4048 3152 4118 Πνεύματος.
3193 4046 3250 4099 Ὀ
3275 4044 3386 4113 γὰρ
3418 4041 3564 4108 οἶνός
3594 4061 3649 4097 τε

2086 4141 2180 4194 καὶ
2211 4141 2351 4209 γάλα
2386 4143 2450 4211 τῇ
2477 4140 2660 4209 γεύσει
2688 4140 2931 4211 κρίνεται
2952 4155 2966 4170 '
3000 4137 3206 4208 νοητῶν
3236 4134 3293 4187 δὲ
3322 4135 3495 4189 ὄντων
3518 4135 3651 4188 ὲκείο

2087 4246 2214 4292 νων,
2254 4230 2418 4299 νοητὴ
2458 4229 2675 4293 πάντως
2714 4229 2808 4282 καὶ
2838 4230 2870 4298 ή
2906 4225 3262 4297 ἀντιληπτικὴ
3305 4225 3515 4279 τούτων
3557 4226 3650 4295 τῆς

2083 4321 2258 4392 ψυχῆς
2294 4323 2409 4375 ἐστι
2447 4322 2693 4392 δύναμις.
2721 4321 2793 4375 Τὸ
2835 4320 2899 4377 δὲ
2935 4319 3142 4389 φίλημα
3167 4317 3253 4372 διὰ
3283 4318 3384 4387 τῆς
3414 4318 3649 4386 ἁπτικῆς

419 4423 630 4475 animae.
668 4418 746 4471 Ad
777 4416 1148 4486 operationem
1186 4423 1367 4471 autem
1410 4413 1701 4468 deducitur
1729 4414 1977 4467 osculum

2094 4412 2386 4483 κίσθήσεως
2431 4414 2752 4484 ἐνεργεῖται.
2807 4412 3141 4479 Ἐφάπτεται
3170 4409 3278 4479 γὰρ
3309 4408 3561 4479 ἀλλήλων
3585 4409 3648 4461 τὰ

419 4525 515 4578 per
553 4522 775 4564 sensum
816 4516 1013 4561 tactus.
1048 4505 1181 4559 Nam
1211 4520 1270 4560 se
1300 4504 1529 4559 invicem
1565 4511 1795 4572 tangunt
1828 4503 1978 4557 labra

420 4598 475 4650 in
518 4596 728 4650 osculo.
757 4594 853 4650 Est
888 4606 1064 4649 autem
1103 4596 1267 4649 etiam
1317 4595 1536 4665 quidam
1574 4602 1754 4648 tactus
1787 4594 1982 4647 anima:

428 4686 513 4757 qui
556 4685 780 4739 verbum
829 4687 1033 4756 tangit;
1064 4686 1354 4742 deducitur
1394 4693 1573 4738 autem
1606 4683 1674 4738 ad
1708 4685 1983 4754 operatio-

420 4792 541 4833 nem
576 4790 672 4847 per
700 4775 989 4846 quemdam
1038 4790 1361 4845 corporeum
1417 4781 1766 4837 contactum,
1798 4780 1853 4829 et
1888 4772 1982 4844 qui

419 4867 564 4921 cadit
607 4866 709 4921 sub
755 4866 1209 4936 intelligentiam,
1263 4871 1323 4917 ut
1355 4863 1572 4918 dicebat
1606 4865 1651 4918 is
1686 4865 1781 4933 qui
1818 4864 1978 4929 dixit,

422 4956 615 5011 Manus
645 4966 839 5010 nostrae
863 4963 1309 5009 contrectaverunt
1351 4955 1415 5007 de
1442 4953 1591 5008 verba
1644 4957 1764 5010 vita:
1787 4956 1853 5008 ⁸⁷.
1893 4954 1981 5008 Si-

420 5049 620 5103 militer
663 5055 843 5104 autem
889 5046 1023 5102 odor
1070 5061 1287 5115 quoque
1329 5045 1638 5100 divinorum
1673 5058 1982 5114 unguento-

421 5154 565 5204 rum,
607 5157 717 5195 non
748 5149 833 5195 est
869 5140 1008 5194 odor
1033 5139 1270 5204 narium,
1313 5140 1405 5194 sed
1439 5138 1725 5208 cujusdam
1757 5138 1984 5193 virtutis

420 5232 665 5289 materiae
707 5232 968 5301 expertis,
1003 5238 1057 5285 et
1101 5245 1221 5299 quae
1258 5230 1560 5301 percipitur
1592 5230 1976 5300 intelligentia,

419 5338 543 5379 cum
574 5330 748 5376 tractu
785 5321 1010 5390 spiritus
1033 5321 1195 5376 simul
1233 5322 1512 5377 attrahens
1534 5321 1733 5376 Christi
1774 5321 1977 5375 bonum

418 5411 663 5468 odorem.
696 5409 787 5465 Sic
813 5411 957 5466 enim
989 5411 1098 5466 voti
1132 5411 1415 5483 virginalis
1441 5412 1497 5466 in
1519 5412 1786 5483 prommio
1817 5409 1978 5464 habet

494 5583 540 5618 ”
563 5582 706 5639 Psal.
733 5598 923 5647 cxvm,
955 5583 1075 5640 151.
1148 5574 1369 5641 "Joan.
1396 5601 1489 5649 vu,
1526 5583 1613 5637 57.

1708 5583 1754 5615 ’⁸
1778 5581 1908 5635 Luc.
1938 5594 2034 5643 vn,

2078 4503 2229 4574 χείλη
2280 4506 2338 4557 ὲν
2385 4502 2462 4572 τῷ
2501 4503 2787 4574 φιλήματι.
2828 4503 2983 4558 Ἔστι
3033 4503 3090 4555 δέ
3133 4517 3215 4563 τις
3270 4500 3367 4552 καὶ
3408 4499 3524 4571 ἁφὴ
3553 4500 3648 4569 τῆς

2077 4593 2274 4665 ψυχῆς,
2325 4597 2358 4666 ή
2386 4595 2664 4666 ἁπτομένη
2712 4594 2806 4647 τοῦ
2840 4593 3021 4662 λόγου.
3055 4591 3145 4647 διά
3173 4607 3320 4653 τινος
3353 4590 3646 4660 ἀσωμάτου

2078 4686 2171 4738 καὶ
2198 4688 2390 4757 νοητῆς
2430 4687 2646 4755 ἐπαφῆς
2687 4685 3069 4757 ἐνεργουμένη,
3104 4683 3286 4746 καθὼς
3324 4678 3481 4736 εἶπεν
3508 4684 3538 4735 ό
3570 4684 3646 4734 εί-

2079 4775 2216 4839 πὼν,
2261 4777 2341 4830 ὅτι
2387 4781 2456 4831 Αἱ
2501 4777 2691 4846 χεῖρες
2732 4775 2902 4846 ἡμῶν
2940 4774 3351 4843 ἐψηλάφησαν
3382 4772 3647 4841 περὶτοῦ

2082 4867 2263 4934 λόγου
2290 4866 2397 4934 τῆς
2429 4866 2594 4934 ζωῆς.
2636 4867 2906 4929 Ὡσαύτως
2929 4866 2985 4919 δὲ
3029 4865 3124 4919 καὶ
3151 4866 3184 4933 ἡ
3209 4862 3319 4916 τῶν
3351 4863 3516 4918 θείων
3550 4864 3645 4934 μύο

2082 4973 2189 5031 ρων
2218 4957 2379 5027 ὀσμὴ,
2402 4959 2462 5009 οὐ
2494 4958 2784 5033 μυκτήρων
2817 4959 2964 5011 ἐστὶν
2987 4956 3150 5027 ὀσμὴ,
3182 4954 3320 5010 άλλά
3350 4973 3496 5017 τινος
3529 4973 3645 5023 νοη-

2079 5047 2180 5116 τῆς
2214 5047 2307 5101 καὶ
2330 5048 2494 5101 ἀΰλου
2519 5046 2817 5117 δυνάμεως,
2845 5050 2910 5119 τῇ
2944 5047 3037 5100 τοῦ
3062 5045 3366 5117 πνεύματος
3389 5047 3522 5116 ὀλκῇ
3553 5046 3643 5115 τὴν

2082 5135 2176 5189 τοῦ
2238 5135 2472 5208 Χριστοῦ
2524 5136 2990 5205 συνεφελκομένης
3027 5135 3274 5188 εὐωδίαν.
3333 5133 3492 5187 Οὕτω
3543 5135 3645 5203 γὰρ

2085 5229 2118 5299 ἡ
2137 5228 2423 5281 ἀκολουθία
2440 5228 2541 5297 τῆς
2559 5227 2890 5299 παρθενικῆς
2911 5227 3074 5298 εὐχῆς
3098 5228 3153 5279 ἐν
3182 5224 3490 5296 προοιμίοις
3511 5225 3638 5294 ἔχει’

2084 5319 2164 5371 ὃτι
2229 5318 2449 5387 Ἂγτιθοὶ
2474 5321 2697 5387 μασθοί
2761 5335 2876 5372 σου
2917 5319 3065 5386 ὑπὲρ
3100 5314 3285 5382 οἶνον,
3335 5320 3435 5374 καὶ
3489 5316 3636 5381 ὀσμὴ

2078 5409 2283 5477 μύρων
2313 5425 2428 5462 σου
2449 5408 2601 5477 ὑπὲρ
2631 5410 2827 5465 πάντα
2859 5408 2930 5462 τὰ
2968 5408 3263 5477 ἀρώματα.
3296 5407 3553 5479 Δηλοῦται
3585 5407 3634 5456 δὲ

2077 5579 2164 5633 45.
2242 5580 2287 5612 ⁸⁸
2313 5579 2458 5635 Psal.
2494 5596 2545 5642 ι,
2583 5583 2666 5635 1‘2.
2745 5580 2833 5633 ³⁷1
2871 5579 3027 5635 Joau.
3058 5598 3095 5646 I,
3145 5582 3189 5633 l.
