3738 5984
123 238 237 294 781

1210 234 1275 293 IN
1310 235 1599 292 CANTICA
1637 235 1905 291 CANTlC.
1963 235 2246 292 HOMILIA
2283 238 2325 292 l.

3270 235 3375 291 782

122 354 231 408 διὰ
260 350 490 417 τούτων,
515 348 694 412 καθὼς
723 349 881 420 ἡμεῖς
907 348 1298 421 ὗπειλήφαμεν,
1329 353 1388 404 οὐ
1415 351 1598 422 μικρόν

1899 348 2205 419 tscqueutia
2236 372 2246 404 :
2281 347 2423 400 Bona
2444 344 2604 400 ubera
2638 356 2727 408 tua
2755 364 2927 417 suprai
2947 349 3140 414 vinum,
3172 359 3221 405 et
3249 350 3375 406 odor

123 442 264 497 οὐδὲ
295 439 765 512 εὐκαταφρόνητον
805 440 1003 512 νόημα.
1040 441 1192 510 Τάχα
1213 442 1322 510 γὰρ
1349 444 1407 495 ἐν
1440 440 1517 512 τῷ
1544 443 1710 513 ὑπερ-

124 535 316 587 θεϊναι
346 532 436 586 διὰ
455 531 794 603 συγκρίσεως
820 532 881 585 τὸ
914 535 977 586 ἐκ
1000 533 1107 587 τῶν
1138 534 1296 587 θείων
1327 533 1544 604 μασθῶν
1570 533 1711 602 γάλα

124 627 240 695 τῆς
272 625 340 676 ὲκ
376 623 471 677 τοῦ
498 622 640 677 οίνου
679 624 977 696 γενομένης
1013 626 1143 695 ἡμῖν
1175 625 1536 696 εὐφροσύνης,
1580 642 1711 696 μαν-

122 715 379 783 θάνομεν
415 712 503 766 διὰ
543 712 651 766 τῶν
705 714 1027 785 εἰρημένων,
1085 716 1165 768 ὅτι
1203 717 1350 768 πᾶσα
1396 716 1710 786 ἀνθρωπίνη

130 804 308 872 σοφία
358 804 454 856 καὶ
491 804 768 875 ἐπιστήμη
815 804 924 856 τῶν
961 803 1128 858 ὄντων
1173 805 1265 858 καὶ
1292 806 1441 858 πᾶσα
1485 804 1713 875 δύναμις

128 896 455 969 θεωρητικὴ
484 897 577 950 καὶ
604 896 965 972 κατανοητικὴ
998 899 1264 967 φαντασία
1296 899 1569 964 ἀδυνάτως
1602 899 1712 971 ἔχει

126 987 522 1059 παρισωθῆναι
564 987 651 1040 διὰ
700 987 1036 1067 συγκρίσεως
1088 991 1151 1060 τῇ
1222 989 1558 1062 ἁπλουστέρα
1604 989 1713 1044 τῶν

126 1078 304 1131 θείων
337 1078 670 1149 μαθημάτων
716 1081 908 1149 τροφῇ.
958 1078 1051 1133 Ἐκ
1099 1078 1206 1150 γάρ
1249 1079 1356 1138 τῶν
1408 1079 1626 1150 μασθῶν
1654 1081 1715 1135 τὸ

126 1170 287 1238 γάλα
317 1170 541 1242 φέρεται
567 1186 582 1201 ·
618 1169 824 1241 νηπίων
855 1170 900 1223 δ’
932 1171 1049 1224 ἐστὶ
1077 1171 1137 1224 τὸ
1167 1171 1306 1239 γάλα
1332 1173 1528 1244 τροφή.
1569 1173 1629 1227 '0
1658 1173 1715 1230 δὲ

125 1259 281 1325 οἶνος
310 1260 378 1314 δι’
403 1260 644 1315 εὐτονίαν
676 1276 735 1319 τε
768 1260 861 1314 καὶ
883 1261 1212 1333 θερμότητα,
1234 1263 1342 1316 τῶν
1370 1264 1714 1337 τελειοτέρων

124 1352 442 1414 ἀπόλαυσις
471 1351 718 1419 γίνεται·
750 1352 862 1405 ἀλλ’
904 1353 1052 1422 ὅμως
1097 1352 1157 1406 τὸ
1199 1356 1256 1407 ὲν
1297 1357 1362 1426 τῇ
1404 1354 1507 1422 ἔξω
1553 1356 1715 1427 σοφία

124 1444 348 1497 τέλειον
391 1443 490 1514 τῆς
519 1442 818 1515 νηπιώδους
850 1442 942 1497 τοῦ
986 1443 1132 1497 θείου
1171 1443 1331 1514 λόγου
1370 1446 1715 1509 διδασκαλίας

125 1536 259 1588 ἐστὶ
288 1533 631 1606 μικρότερον.
664 1534 762 1595 Διά
785 1533 941 1587 τοῦτο
962 1535 1312 1605 κρείττουςκοί
1335 1534 1466 1595 θεῖοι
1495 1536 1710 1608 μασθοὶ,

123 1622 230 1677 τοῦ
267 1620 610 1693 ἀνθρωπίνου
639 1619 804 1675 οίνου.
846 1622 909 1675 Ἦ
932 1622 989 1676 δὲ
1013 1622 1155 1694 ὀσμὴ
1181 1622 1292 1678 τῶν
1318 1623 1477 1678 θείων
1502 1624 1711 1696 μύρων,

1814 453 2197 513 unguentorum
2237 452 2446 496 tuorum
2505 457 2669 509 supra
2727 444 2901 503 omnia
2956 455 3218 498 aromata.
3276 444 3377 499 Per

1813 532 1929 587 haec
1970 543 2174 599 autem,
2210 541 2268 586 ut
2315 546 2417 586 nos
2465 530 2860 595 existimamus,
2896 533 3234 603 signiﬁcatur
3267 549 3374 590 non

1813 638 1982 695 parva
2038 624 2252 694 aliqua,
2317 637 2497 697 neque
2551 624 2948 677 contemnenda
2995 625 3373 696 intelligentia.

1813 715 1978 773 Forte
2000 714 2147 770 enim
2181 715 2236 773 in
2270 729 2337 769 eo
2378 712 2525 785 quod
2558 715 2863 783 praetulerit
2889 730 2987 785 per
3010 718 3379 787 comparatio-

1814 820 1934 861 nem
1972 806 2054 861 lac
2090 806 2236 877 quod
2283 822 2347 861 ev
2382 806 2584 861 divinis
2617 815 2803 861 manat
2845 808 3131 873 uberibus,
3178 811 3380 866 latitia:

1812 911 1934 966 quae
1979 896 2136 951 nobis
2180 895 2358 951 oritur
2390 910 2457 950 ex
2495 894 2646 962 vino,
2686 910 2781 965 per
2808 910 2870 957 ea
2897 912 3017 966 quae
3046 897 3190 952 dicta
3224 909 3375 964 sunt,

1812 988 2103 1059 discimus,
2138 987 2285 1057 quod
2313 987 2492 1042 omnis
2517 986 2758 1040 humana
2784 988 3072 1057 sapientia,
3109 998 3163 1045 et
3186 1005 3373 1045 eorum

1812 1094 1935 1150 quae
1978 1085 2108 1134 sunt
2147 1078 2401 1141 scientia,
2433 1087 2488 1131 et
2521 1078 2701 1133 omnis
2732 1078 2907 1133 virtus
2928 1081 3374 1154 contemplativa.

1812 1177 1867 1224 et
1908 1175 2089 1224 mente
2123 1166 2594 1237 comprehendens
2622 1167 2934 1237 phantasia,
2970 1184 3065 1238 per
3091 1184 3377 1240 compara-

1812 1258 2018 1314 tionem
2061 1275 2168 1313 non
2215 1266 2394 1330 potest
2437 1261 2711 1330 exaequari
2757 1260 2992 1330 simplici
3039 1262 3379 1326 nutrimento

1812 1350 2122 1404 divinarum
2161 1348 2596 1419 disciplinarum.
2629 1349 2736 1404 Lac
2763 1350 2909 1404 enim
2938 1350 3057 1405 ﬂuit
3085 1367 3153 1406 ex
3191 1353 3378 1420 uberi-

1812 1440 1949 1508 bus;
1984 1447 2067 1495 est
2115 1446 2295 1494 autem
2342 1440 2427 1494 iac
2485 1440 2887 1495 nutrimentum
2932 1442 3247 1504 infantium.
3280 1444 3378 1499 νε.

1812 1546 1942 1585 mtm
1975 1537 2155 1584 autem
2204 1536 2430 1598 propter
2459 1529 2569 1582 vim
2612 1537 2667 1583 et
2708 1529 2947 1584 calorem
2993 1529 3157 1591 datur
3186 1530 3378 1587 fruen-

1813 1622 1942 1676 dum
1971 1619 2419 1692 perfectioribus,
2456 1619 2551 1674 sed
2585 1624 2769 1674 tamen
2792 1621 2935 1690 quod
2965 1630 3048 1683 est
3076 1622 3377 1691 perfectum

123 1712 380 1775 καλλίων
407 1713 523 1765 ἐστὶ
543 1712 723 1783 πάσης
751 1714 850 1783 τῆς
878 1713 936 1766 ὲν
964 1712 1249 1784 ἀρώμασιν
1273 1713 1515 1777 εὐωδίας.
1553 1716 1599 1768 ⁸(

1903 1719 2128 1767 externa
2172 1712 2461 1781 sapientia,
2492 1710 2676 1766 minus
2716 1720 2800 1767 est
2834 1726 2998 1781 quam
3029 1713 3199 1767 divini
3233 1716 3379 1779 verbi

124 1807 287 1860 δοκεῖ
347 1802 586 1878 τοιοῦτον
634 1802 725 1861 τὸν
782 1804 907 1858 νοῦν
960 1804 1362 1858 ἀποδεικνύειν·
1419 1804 1711 1878 Ἀρώματα

125 1897 373 1969 νοοῦμεν
415 1898 515 1961 τάς
578 1893 805 1967 ἀρετὰς,
858 1889 998 1961 οἷον,
1055 1896 1271 1964 σοφίαν.
1335 1898 1708 1969 σωφροσύνην,

126 1992 415 2063 ἀνδρείαν,
453 1988 711 2061 φρόνησιν
732 2029 747 2054 ,
779 1988 874 2042 καὶ
902 1986 971 2041 τὰ
1002 1986 1247 2055 τοιαῦτα,
1290 1982 1368 2052 οἷς
1404 2005 1713 2060 προσχρων-

128 2083 377 2155 νύμενος
426 2080 568 2135 κατά
617 2079 714 2150 τὴν
755 2077 947 2134 ἑαυτοῦ
985 2078 1212 2150 δύναμιν
1256 2079 1350 2133 καὶ
1395 2079 1711 2151 προαίρεσιν

127 2178 406 2238 ἕκαστος,
454 2171 614 2236 ἀλλος
661 2171 835 2234 ἄλλως
877 2173 935 2224 ὲν
983 2170 1180 2241 εὐωδίᾳ
1215 2167 1474 2239 γινόμεθα
1498 2184 1511 2198 ·
1545 2171 1573 2223 6
1615 2170 1711 2239 μὲν

125 2267 197 2320 ἐκ
234 2263 595 2336 σωφροσύνης
625 2261 659 2333 ἢ
689 2262 909 2331 σοφίας·
943 2264 971 2316 6
997 2262 1053 2315 δὲ
1085 2262 1147 2313 ὲκ
1170 2259 1530 2331 δικαιοσύνης,
1565 2260 1711 2331 ἢάν-

123 2355 328 2427 δρείας
345 2394 360 2417 ,
385 2355 419 2425 ἢ
451 2353 606 2409 ἄλλου
641 2352 782 2416 τινὺς
802 2352 909 2406 τῶν
933 2353 1052 2406 κατ’
1074 2336 1282 2424 ἀρετὴν
1313 2352 1616 2422 νοουμένων
1640 2369 1653 2382 ·
1682 2353 1711 2404 6

126 2447 192 2501 δὲ
244 2446 411 2517 τυχὸν
460 2447 552 2499 καὶ
591 2448 655 2499 ἐκ
708 2446 925 2501 πάντων
962 2445 1068 2498 τῶν
1100 2443 1354 2498 τοιούτων
1402 2445 1710 2515 ἀρωμάτων

132 2537 598 2608 συγκεκραμένην
645 2534 755 2606 ἔχει
806 2538 862 2588 ὲν
898 2534 1075 2605 ἑαυτῷ
1128 2534 1225 2606 τὴν
1267 2534 1507 2588 εὐωδίαν.
1575 2534 1709 2586 Ἀλλ’

128 2630 293 2700 ὅμως
339 2627 512 2680 ταῦτα
551 2626 726 2680 πάντα
753 2626 853 2679 οὐκ
898 2626 964 2680 ἂν
1006 2628 1086 2688 είς
1117 2625 1401 2695 σύγκρισιν
1442 2623 1583 2677 ἔλθοι
1616 2624 1713 2694 τῆς

130 2716 447 2782 παντελοῦς
474 2717 675 2791 ἀρετῆς
712 2718 946 2787 ἐκείνης,
981 2718 1045 2788 ἣν
1074 2717 1201 2780 τοὺς
1221 2716 1480 2789 οὐρανοὺς
1511 2715 1709 2784 διειληο

130 2809 301 2878 φέναι
345 2807 512 2877 φησὶν
565 2806 875 2876 Ἀ66ακούμ
908 2808 934 2859 ό
966 2806 1249 2877 προφήτης
1295 2802 1500 2858 είπών·
1555 2802 1715 2857 Ἐκά-

1814 1803 2088 1859 infantilis
2136 1802 2410 1857 doctrina.
2458 1799 2751 1871 Propterea
2802 1802 2930 1883 vino
2977 1801 3218 1857 humano
3267 1820 3381 1857 me-

1814 1895 1956 1953 liora
2006 1901 2137 1955 sunt
2176 1894 2346 1950 ubera
2396 1892 2607 1948 divina.
2654 1892 2804 1948 Odor
2841 1903 3023 1949 autem
3064 1895 3377 1950 divinorum

1814 1993 2219 2059 unguentorum
2260 1993 2343 2041 est
2394 1985 2585 2040 melior
2626 1984 2777 2039 omni
2816 1984 3115 2055 fragrantia
3167 2000 3381 2042 aroma~

1819 2087 1955 2136 tum.
1995 2076 2148 2134 Unde
2200 2080 2359 2134 nobis
2405 2077 2621 2132 videtur
2671 2077 2814 2131 haue
2862 2077 3110 2134 indicare
3156 2090 3379 2135 senten-

1812 2171 1941 2225 tiam
1968 2170 2268 2233 ;Aromata
2310 2169 2667 2242 intelligimus
2702 2170 2957 2229 virtutes.
2996 2170 3250 2225 videlicet
3288 2187 3379 2226 sa-

1812 2259 2106 2330 pientiam,
2180 2261 2636 2330 temperantiam,
2685 2258 3094 2325 fortitudinem,
3144 2261 3382 2331 prudens

1815 2352 1963 2416 tiam,
1991 2358 2045 2406 et
2083 2366 2205 2420 qua:
2236 2359 2366 2405 sunt
2404 2351 2743 2419 huiusmodi,
2779 2353 2979 2422 quibus
3020 2353 3223 2409 oblitus
3258 2371 3383 2410 cono

1816 2441 2103 2497 venienler
2140 2456 2253 2497 suae
2284 2443 2541 2512 potestati
2588 2448 2641 2496 et
2690 2442 2864 2497 libero
2894 2444 3062 2497 animi
3094 2446 3177 2499 sui
3222 2449 3383 2502 iusti-

1817 2542 1970 2596 tuto,
2023 2534 2425 2604 unusquisque,
2473 2534 2612 2589 alius
2667 2535 2829 2594 aliter
2885 2552 3078 2593 sumus
3128 2539 3182 2593 iu
3238 2540 3382 2611 bono

1813 2625 2014 2693 odore;
2058 2627 2202 2680 alius
2233 2625 2456 2696 quidem
2500 2642 2567 2680 ex
2612 2627 2976 2696 temperantia
3022 2636 3124 2683 aut
3157 2633 3378 2700 sapien—

1812 2716 1921 2781 tia;
1959 2716 2100 2769 alius
2142 2723 2321 2769 autem
2357 2731 2424 2770 cx
2452 2714 2670 2783 justitia
2704 2726 2798 2769 aut
2846 2718 3028 2787 magni
3068 2720 3235 2773 animi
3265 2723 3379 2775 vir-

1817 2811 1954 2867 tute,
1989 2811 2083 2857 aut
2134 2805 2318 2874 aliquo
2349 2804 2457 2859 alio
2495 2820 2562 2869 es
2614 2805 2683 2861 iis
2729 2823 2850 2877 quze
2896 2807 3275 2880 intelliguntur
3316 2829 3382 2882 ei;

123 2895 348 2961 λυψεν
380 2887 676 2958 οὐρανοὺς
717 2888 758 2957 ἠ
806 2887 985 2959 ἁρετή
1019 2889 1226 2955 αὐτοῦ,
1270 2888 1395 2959 ἥτις
1429 2890 1575 2943 ἐστὶν

1905 2903 2052 2961 tute;
2090 2895 2231 2952 alius
2272 2904 2454 2952 autem
2508 2897 2648 2953 forte
2697 2898 2861 2954 habet
2884 2901 3051 2955 etiam
3100 2904 3152 2956 in
3196 2920 3255 2959 se
3296 2905 3381 2959 bo-

124 2984 398 3055 τοσοφία,
448 2985 544 3038 καὶ
586 2967 1031 3055 αὐτοδικαιοσύνη
1065 2984 1158 3036 καὶ
1200 2982 1585 3054 αὐτοαλήθεια,

1904 3000 1950 3039 m
1977 2987 2200 3041 odorem
2241 2998 2705 3059 contemperatum
2736 3009 2798 3048 ex
2828 2996 3084 3055 omnibus
3109 2997 3380 3068 ejusmodi

122 3078 199 3132 τά
246 3076 379 3132 καθ’
428 3075 657 3129 ἕκαστον
700 3077 895 3130 πάντα.
952 3074 1075 3129 Τῶν
1125 3074 1394 3146 οὐρανίων
1451 3074 1598 3148 μύρω

1904 3078 2181 3136 >matibus.
2229 3078 2339 3135 Sed
2382 3088 2564 3138 tamen
2600 3085 2713 3138 haec
2758 3087 2943 3141 omnia
2984 3055 3286 3145 nihil'suut
3335 3093 3380 3151 si

117 3169 308 3240 ὀσμὴ,
337 3167 523 3240 φησὶν,
559 3164 901 3237 ἀπαράθετον
937 3164 1049 3235 ἔχει
1079 3164 1176 3236 τὴν
1199 3165 1357 3236 χάριν
1390 3164 1525 3237 πρὸς
1549 3182 1593 3218 τι

1907 3170 2177 3224 iterantur
2213 3185 2336 3226 cum
2387 3173 2479 3227 illa
2519 3175 2759 3246 perfecta
2816 3186 2870 3233 et
2919 3182 3068 3236 omni
3107 3198 3173 3238 ex
3230 3193 3383 3254 parte

119 3265 200 3315 τὰ
240 3260 515 3331 ἀρώματα
543 3260 609 3312 τά
642 3260 774 3329 παρ’
804 3256 962 3328 ἡμῶν
991 3258 1389 3327 γινωσκόμενα.

1911 3257 2067 3313 soluta
2098 3260 2320 3322 virtute,
2351 3275 2514 3331 quam
2534 3262 2788 3322 Habacuc
2813 3271 3079 3340 propheta
3105 3272 3239 3328 dicit
3273 3290 3387 3330 cm-

125 3345 221 3406 los
254 3348 762 3417 comprehendisse,
806 3348 993 3406 dicens
1033 3367 1045 3401 :
1081 3348 1297 3419 Operuit
1344 3348 1497 3404 caelos
1544 3350 1710 3403 uirtus
1749 3349 1863 3418 ejus
1880 3349 1948 3415 ³⁸,
1986 3365 2107 3420 quae
2143 3359 2229 3406 est
2260 3353 2375 3423 ipsa
2407 3369 2503 3423 per
2533 3352 2938 3429 se.sapientia.,
3010 3372 3065 3419 οι
3136 3365 3249 3437 ipsa
3290 3382 3385 3436 ρει-

126 3460 193 3500 se
219 3441 449 3511 iustitia
482 3482 497 3507 ,
532 3449 587 3497 et
618 3444 734 3517 ipsa
761 3443 1001 3508 veritas,
1048 3457 1103 3499 et
1154 3443 1367 3515 singula
1405 3442 1711 3513 ejusmodi,
1749 3458 1818 3497 ne
1858 3443 2036 3499 dicam
2075 3446 2276 3501 omnia.
2314 3445 2634 3504 leestium
2686 3463 3130 3523 unguentorum,
3186 3460 3382 3530 inquit,

122 3534 285 3591 olor
318 3534 568 3588 laetitiam
594 3534 759 3589 habet
790 3533 1297 3605 incomparabilem,
1322 3537 1367 3591 si
1395 3534 1716 3590 conferatur
1753 3549 1877 3589 cum
1905 3534 1974 3591 iis
2002 3537 2347 3614 aromatibus
2377 3553 2498 3607 quae
2528 3555 2560 3595 a
2589 3541 2749 3597 nobis
2772 3556 3207 3614 cognoscuntur.

216 3626 396 3679 Πάλιν
411 3627 468 3678 ὲν
491 3628 598 3690 τοῖς
614 3624 809 3696 ἑφεξῆς
820 3627 1154 3698 ὑψηλοτέρας
1166 3627 1394 3681 ἅπτεται
1407 3626 1690 3696 φιλοσοφία

1906 3626 2108 3683 Rursus
2140 3629 2193 3681 iu
2231 3628 2297 3684 iis
2338 3613 2459 3698 qua:
2504 3629 2764 3702 deinceps
2817 3613 3158 3704 sequuntur,
3210 3641 3382 3695 sul.li-

126 3724 164 3790 ἡ
195 3718 356 3788 ψυχὴ
405 3719 437 3787 ή
485 3717 700 3788 νύμφη,
734 3718 796 3771 τὸ
834 3718 1129 3791 ἀπρόσιτόν
1180 3737 1241 3772 τε
1294 3720 1387 3773 καὶ
1439 3718 1602 3789 ἀχὼρι

1906 3731 2048 3772 orem
2081 3719 2257 3788 tangit
2287 3719 2689 3791 phiIOSOphiam
2723 3725 2903 3778 anima
2939 3742 3164 3796 sponsa,
3198 3741 3382 3796 osten-

126 3810 429 3880 λογισμοῖς
462 3807 823 3881 ἀνθρωπίνοις
846 3810 944 3882 τῆς
968 3810 1120 3874 θείας
1148 3810 1430 3881 δυνάμεως
1453 3810 1602 3864 ὲνδειε

1905 3822 1954 3861 ιε
2004 3807 2261 3863 humanis
2308 3811 2821 3869 ratiocinationibus
2866 3794 2983 3869 non
3022 3818 3138 3872 dari
3176 3794 3381 3875 aditum

126 3904 308 3979 ⁴μένίιί,
337 3904 396 3954 ὲν
427 3896 509 3965 οἷς
543 3916 696 3972 φησι·
731 3903 936 3969 Μύρον
979 3902 1311 3958 ἐκκενωθὲν
1347 3902 1538 3972 ὄνομά
1567 3920 1602 3956 0

1928 3898 2174 3952 divinam
2211 3900 2497 3964 virtutem,
2529 3918 2630 3957 nec
2656 3904 2805 3959 illam
2840 3907 2910 3962 ab
2950 3908 3021 3964 iis
3046 3924 3207 3979 posse
3231 3926 3382 3966 com-

128 3994 392 4048 τοιοῦτον
416 3995 525 4064 γάρ
558 4010 640 4048 τοι
669 3994 814 4048 δοκεῖ
845 4011 934 4066 μοι
966 3993 1055 4048 διά
1089 3993 1183 4048 τοῦ
1213 3994 1370 4064 λόγου
1403 3996 1594 4050 τούτου

1908 3986 2107 4053 ξιιθιιόί,
2150 4004 2279 4047 ,cum
2336 3990 2509 4045 dicit:
2545 3989 2879 4063 Unguentum
2921 3997 3147 4071 causam
3199 4018 3384 4056 nmnen

1826 4085 1993 4132 tuum.
2027 4077 2163 4139 Nam
2194 4094 2290 4149 per
2318 4081 2432 4135 haec
2460 4083 2628 4137 verba
2667 4085 2800 4141 mihi
2829 4088 3046 4143 videtur
3075 4090 3179 4145 hoc
3214 4093 3385 4163 signi-

1824 4173 2011 4235 ﬁcare,
2051 4170 2197 4242 quod
2232 4172 2496 4228 immensa
2550 4182 2748 4230 natura
2787 4180 3108 4236 nominatim
3146 4183 3384 4253 perfecte

1820 4262 2215 4334 comprehendi
2258 4279 2366 4318 non
2399 4266 2594 4334 possit,
2626 4267 2721 4321 sed
2754 4270 2935 4331 omnis
2967 4271 3052 4326 vis
3090 4275 3381 4339 cogitatio-

1825 4370 1954 4412 num
1973 4397 1992 4420 ,
2020 4363 2073 4409 et
2103 4353 2284 4409 omnis
2318 4353 2646 4424 significatio
2672 4359 2961 4413 verborum
2987 4374 3050 4414 ac
3074 4363 3379 4429 nominum,

1820 4444 2039 4499 etiamsi
2105 4445 2357 4500 videatur
2407 4446 2609 4510 habere
2674 4463 2932 4521 magnum
2992 4452 3272 4524 quidpiam
3329 4465 3385 4510 et

1819 4539 1964 4605 quod
2023 4536 2190 4589 Deum
2240 4535 2455 4599 deceat,
2500 4551 2608 4590 non
2659 4550 2780 4592 eam
2824 4539 2986 4595 habet
3024 4556 3274 4599 naturam
3324 4557 3383 4601 ut

1824 4634 2009 4698 tangat
2046 4627 2099 4681 id
2141 4626 2284 4696 quod
2331 4634 2417 4682 est
2449 4643 2572 4682 vere
2613 4628 2850 4684 Verbum
2881 4647 2894 4684 :
2928 4631 3023 4687 sed
3053 4634 3215 4689 veluti
3252 4639 3378 4706 qui-

1821 4716 2048 4772 busdam
2088 4714 2332 4783 vestigiis
2379 4723 2436 4770 et
2488 4716 2951 4773 illustrationibus
3006 4724 3148 4777 ratio
3189 4736 3379 4779 nostra

1821 4807 2060 4864 Verbum
2097 4806 2342 4876 coniicit,
2396 4822 2491 4876 per
2540 4822 2603 4869 ea
2651 4823 2771 4877 quae
2815 4813 3378 4880 comprehenduntur.

1819 4913 1887 4953 ex
1926 4895 2160 4967 quadam
2184 4897 2540 4966 proportione
2565 4909 2618 4951 et
2649 4901 3031 4957 convenientia
3060 4904 3379 4974 coniectans

1820 4986 1874 5041 id
1922 4987 2068 5058 quod
2128 5003 2239 5041 non
2296 4994 2475 5057 potest
2535 4990 2948 5058 comprehendi.
3003 4991 3382 5065 Quodcunque

1819 5079 1990 5141 enim,
2061 5079 2262 5147 inquit,
2314 5093 2513 5134 nomen
2566 5082 3084 5150 excogitaverimus,
3139 5101 3250 5155 quo
3296 5104 3383 5143 co.

1821 5174 2117 5237 gnoscatur
2159 5177 2496 5236 unguentum
2549 5177 2653 5225 tuae
2695 5172 3022 5239 divinitatis,
3057 5192 3152 5245 per
3192 5194 3381 5233 eorum

1823 5274 1945 5329 quae
1974 5257 2231 5314 dicuntur
2259 5260 2715 5330 significationem
2758 5279 2864 5318 non
2900 5266 3075 5336 ipsum
3108 5270 3385 5341 significa-

1825 5365 1948 5405 mus
2009 5360 2386 5421 unguentum,
2446 5351 2538 5407 sed
2600 5368 2801 5424 parvas
2850 5358 3063 5428 aliquas
3116 5361 3386 5431 reliquias

1826 5443 2044 5514 vaporis
2079 5443 2210 5497 boni
2262 5442 2432 5497 divini
2473 5445 2658 5501 odoris
2710 5449 3032 5521 theologicis
3075 5454 3386 5509 nominibus

132 4083 441 4155 μαίνεσθαι
462 4123 477 4146 ,
506 4085 588 4138 ὅτι
620 4084 722 4137 οὐκ
749 4084 895 4138 ἔστιν
925 4086 1258 4157 ὀνομαστικῇ
1300 4089 1545 4159 σημασίᾳ
1573 4104 1721 4159 περι-

128 4175 418 4247 ληφθῆναι
464 4175 530 4229 δι⁹
577 4174 861 4246 ἀκριϐείας
897 4176 996 4247 τὴν
1043 4177 1292 4248 ἀόριστον
1343 4177 1536 4247 φύσιν·
1583 4177 1719 4232 ἀλλά

131 4271 300 4322 πᾶσα
331 4267 619 4337 νοημάτων
654 4266 903 4336 δύναμις,
936 4266 1028 4321 καὶ
1062 4270 1211 4321 πᾶσα
1251 4269 1509 4339 ῥημάτων
1536 4287 1597 4322 τε
1627 4272 1724 4324 καὶ

128 4360 439 4431 νοημάτων
467 4354 725 4427 ἔμφασις.
757 4359 858 4413 κάν
886 4377 938 4412 τι
966 4359 1104 4430 μέγα
1133 4360 1227 4413 καὶ
1252 4359 1553 4430 θεοπρεπὲς
1573 4360 1716 4431 ἔχειν

123 4449 294 4521 δόξῃ,
331 4446 497 4500 αὐτοῦ
527 4438 618 4499 τοῦ
645 4448 882 4517 ῥήματος
910 4449 1076 4511 ὅντως
1103 4448 1409 4518 ἐφάψασθαι
1430 4450 1591 4519 φύσιν
1616 4450 1717 4503 οὐκ

129 4540 259 4610 ἔχει
284 4555 299 4569 ·
332 4536 449 4591 ἀλλ’
476 4535 665 4605 ὥσπερ
700 4534 760 4599 ἐξ
793 4534 953 4605 ίχνῶν
980 4550 1139 4588 τινων
1182 4535 1277 4587 καὶ
1309 4536 1661 4605 ὲναυσμάτων
1689 4536 1718 4587 6

129 4632 305 4697 λόγος
340 4625 497 4696 ἡμῶν
523 4623 616 4677 τοῦ
652 4625 821 4692 Λόγου
847 4623 1302 4695 καταστοχάζεται
1324 4625 1456 4694 ,ἤδιά
1486 4626 1592 4678 τῶν
1620 4642 1719 4678 κα-

132 4716 650 4790 ταλαμϐανομένων
676 4713 910 4778 εἰκάζων
939 4715 1000 4769 ἐκ
1022 4733 1165 4779 τινος
1188 4716 1476 4785 ἀναλογίας
1505 4717 1565 4769 τὸ
1583 4717 1718 4769 ἀκα-

129 4814 446 4882 τάληπτον.
470 4808 542 4861 '0
568 4823 621 4859 τι
648 4805 756 4876 γάρ
793 4806 862 4862 ἂν
898 4807 1293 4879 ἐπινοήσωμεν,
1330 4808 1514 4879 φησὶν,
1546 4807 1716 4877 ὄνομα

133 4897 511 4972 γνωριστικὸν
540 4894 636 4950 τοῦ
671 4896 772 4968 τῆς
941 4897 1193 4969 θεότητος
1233 4898 1424 4970 μύρου,
1456 4899 1556 4953 οὐκ
1585 4898 1716 4952 αὐτὸ

135 4995 203 5047 τὸ
242 4989 418 5063 μύρον
455 4988 543 5042 διά
566 4988 669 5057 τῆς
712 4989 1000 5059 ἐμφάσεως
1036 4989 1146 5044 τῶν
1173 4990 1478 5061 λεγομένων
1511 4990 1717 5061 σημαί-

135 5098 334 5154 νομεν,
366 5080 504 5135 ἀλλά
540 5079 713 5151 βραχύ
741 5096 793 5133 τι
823 5079 1071 5151 λείψανον
1099 5079 1272 5151 ἀτμοῦ
1312 5081 1412 5151 τῆς
1442 5080 1590 5144 θείας
1631 5081 1720 5134 εὐ-

136 5173 315 5237 ωδίας
355 5172 470 5234 τοῖς
518 5170 846 5238 θεολογικοῖς
895 5171 1153 5242 ὀνόμασιν
1184 5169 1588 5242 ὲνδεικνύμεθα.
1632 5171 1720 5234 Ὦς

140 5265 241 5319 ἐπὶ
273 5263 387 5317 τῶν
424 5262 693 5332 ἀγγείων,
724 5256 801 5316 ὧν
842 5262 908 5316 ἂν
940 5261 1213 5332 ἐκκενωθῇ
1249 5262 1311 5314 τὸ
1364 5261 1553 5331 μύρον,
1588 5262 1718 5315 αὐτὸ

146 5357 254 5427 μὲν
272 5357 342 5425 τῇ
372 5352 566 5408 ἑαυτοῦ
595 5352 753 5422 φύσει
776 5354 1044 5421 ἀγνοεῖται
1067 5352 1128 5405 τὸ
1153 5351 1320 5422 μύρον
1342 5352 1403 5404 τὸ
1420 5351 1718 5405 ὲκκενωθὲν

140 5447 261 5502 τῶν
302 5446 561 5513 ἀγγείων,
609 5440 719 5498 οἷόν
757 5445 923 5498 ἐστιν.
977 5443 1036 5508 εξ
1075 5443 1322 5513 spespe;
1360 5442 1415 5495 δέ
1446 5460 1588 5507 τινος
1620 5443 1718 5513 τῆς

1750 4422 1792 4476 D

230 5624 278 5654 "
294 5619 503 5678 Hahae.
544 5635 629 5688 ιιι,
657 5621 713 5674 5.
