3752 5984
426 175 532 230 783

1662 175 1719 228 S.
1757 171 2082 230 GREGORII
2114 173 2402 235 NYSSENI
3591 190 3677 247 γει

428 287 756 341 indicamus.
793 280 863 335 Ut
906 281 960 335 in
984 280 1131 336 vasis
1154 294 1384 350 quormn
1415 280 1647 337 effusum
1691 283 1853 336 fuerit
1894 300 1908 336 ι

2194 289 2508 363 amttam;
2542 291 2605 345 ἐκ
2655 292 2764 347 τῶν
2792 295 2983 366 ἀτμῶν
3011 296 3086 368 τῷ
3115 298 3325 372 ἀγγείῳ
3371 301 3676 374 ποιότητος,

428 390 708 451 gnentum,
767 376 945 444 ipsum
1004 372 1227 443 quidem
1283 386 1540 427 vasorum
1603 373 1834 428 effusum
1891 390 1994 428 un-

426 481 689 543 guentum
728 482 826 524 sua
861 474 1055 520 natura
1108 467 1395 533 ignoratur
1424 465 1587 534 quale
1628 466 1724 530 sil,
1757 481 1823 520 ex
1859 479 1998 535 qua-

427 563 551 617 dam
586 568 768 615 autem
807 557 934 613 exili
970 565 1025 612 et
1053 556 1290 610 obscura
1335 570 1403 609 ex
1434 556 1733 625 vaporibus
1779 557 1829 610 in
1867 571 1997 611 vase

430 654 624 709 relicta
654 650 940 721 qualitate,
965 647 1033 703 de
1069 644 1244 702 effuso
1277 654 1561 715 unguento
1589 647 1826 716 aliquam
1862 646 2001 699 faci-

430 761 553 800 mus
585 743 977 812 conjecturam.
1013 738 1125 793 Hoc
1154 750 1238 793 est
1265 752 1396 809 ergo
1420 739 1566 808 quod
1610 738 1875 794 discimus
1902 754 1997 810 per

428 854 491 895 ea
523 853 643 907 quae
669 836 814 891 dicta
844 842 990 896 sunt,
1015 831 1162 901 quod
1195 832 1374 902 ipsum
1397 831 1620 902 quidem
1656 841 1995 903 unguentum

427 926 757 987 divinitatis,
832 921 1201 994 quodcunque
1252 922 1324 976 sit
1371 923 1632 986 essentia,
1699 934 1996 993 exsuperat

425 1033 587 1072 omne
622 1030 821 1070 nomen
851 1024 905 1067 ct
936 1011 1375 1080 intelligentiam.
1407 1010 1538 1077 Qua:
1572 1019 1753 1067 autem
1783 1013 1837 1067 in
1871 1013 1993 1067 uni-

425 1126 585 1166 verso
638 1115 941 1163 cernuntur
999 1104 1285 1166 miracula,
1342 1103 1773 1173 theologicorum
1818 1108 1998 1160 nomiv-

425 1217 554 1255 num
604 1198 731 1253 dant
782 1195 1083 1259 materiam,
1131 1209 1226 1264 per
1270 1208 1390 1263 quae
1434 1193 1598 1249 Deum
1648 1197 1995 1254 nominamus

426 1297 749 1365 sapientem.
788 1299 1089 1362 potentem,
1142 1289 1368 1351 bonum,
1430 1298 1709 1355 sanctum,
1754 1290 1993 1356 beatum,

426 1396 481 1443 et
525 1394 812 1445 :rternnm,
865 1390 918 1437 et
945 1381 1212 1452 judicem,
1264 1388 1318 1435 et
1372 1388 1730 1446 servatorem,
1778 1391 1833 1437 et
1876 1398 1997 1452 quae

427 1488 556 1535 sunt
598 1474 912 1545 hujusmodi
944 1493 957 1528 :
987 1487 1109 1543 qua:
1152 1472 1371 1541 quidem
1408 1472 1657 1526 indicant
1699 1474 1993 1542 quamdam

427 1571 697 1626 modicam
749 1566 918 1622 divini
973 1565 1235 1636 unguenti
1282 1564 1621 1634 qualitatem,
1662 1579 1824 1634 quam
1875 1563 1998 1618 uni—

2099 381 2397 451 στοχασμόν
2429 400 2549 437 τινα
2580 386 2707 456 περὶ
2734 385 2827 440 τοῦ
2857 389 3251 456 ἐκκενωθέντος
3278 393 3470 465 μύρου
3507 399 3679 452 ποιοί-

2099 472 2257 541 μεθα.
2294 472 2464 527 Τοῦτο
2491 471 2584 529 οὖν
2618 478 2766 530 ἐστιν
2800 478 2829 531 ὃ
2855 478 2943 532 διὰ
2982 480 3090 535 τῶν
3116 484 3436 555 εἰρημένων
3483 490 3680 557 μανθά-

2096 581 2280 634 νομεν,
2308 565 2390 619 ὅτι
2420 566 2552 620 αὐτὸ
2583 570 2680 638 μὲν
2705 569 2765 623 τὸ
2787 570 2889 641 τῆς
2919 570 3171 643 θεότητος
3213 578 3391 648 μύρον
3426 579 3460 632 ὃ
3481 580 3542 633 τί
3564 599 3680 637 ποτε

2097 655 2216 708 κατ’
2231 656 2417 710 οὐσίαν
2434 659 2601 721 ἐστιν,
2628 660 2766 729 ὑπὲρ
2785 664 2893 715 πᾶν
2912 663 3060 717 ἐστιν
3082 665 3250 737 ὅνομά
3265 685 3325 722 τε
3351 669 3456 722 καὶ
3490 671 3679 743 νόημα.

2096 746 2177 801 Τά
2211 748 2269 801 δὲ
2310 747 2388 819 τῷ
2426 751 2588 803 παντὶ
2619 752 3027 825 ἐνθεωρούμενα
3060 755 3314 829 θαύματα
3340 800 3357 824 ,
3417 760 3541 814 τῶν
3572 762 3680 816 θεο-

2095 838 2327 908 λογικῶν
2376 842 2654 913 ὀνομάτων
2684 843 2782 915 τὴν
2817 843 2949 917 ὓλην
2994 846 3214 913 δίδωσι,
3264 850 3335 903 δι’
3374 844 3460 903 ὧν
3504 854 3681 919 σοφὸν,

2094 930 2337 997 δυνατὸν,
2367 932 2588 1002 ἀγαθὸν,
2622 934 2794 1003 ἅγιον,
2838 937 3104 1008 μακάριόν
3137 956 3197 992 τε
3227 941 3325 994 καὶ
3357 942 3573 1003 ἀΐδιον.
3596 944 3680 998 καὶ

2096 1023 2308 1093 κριτὴν,
2339 1025 2431 1077 καὶ
2455 1026 2694 1095 σωτῆρα,
2728 1027 2822 1080 καλ⁹
2843 1028 2910 1082 τά
2947 1029 3168 1083 τοιαῦτα
3201 1034 3678 1106 κατονομάζομεν·

2098 1113 2243 1185 ειπερ
2270 1115 2446 1169 πάντα
2473 1117 2731 1188 ποιότητά
2754 1136 2873 1172 τινα
2906 1119 3158 1191 βραχεῖαν
3185 1122 3278 1177 τοῦ
3311 1124 3471 1179 θείου
3514 1127 3678 1199 μύρου

2095 1205 2426 1260 ἐνδείκνυται
2454 1246 2468 1271 ,
2502 1209 2569 1280 ἢν
2602 1211 2803 1280 πᾶσαὴ
2832 1212 3010 1275 κτίσις
3044 1213 3133 1267 διὰ
3157 1215 3266 1268 τῶν
3296 1216 3679 1289 ἐνθεωρουμέ-

2095 1314 2200 1350 νων
2233 1297 2547 1368 θαυμάτων,
2584 1300 2810 1365 σκεύους
2852 1302 2999 1366 τινὸς
3035 1304 3339 1376 μυρεψικοῢ
3373 1308 3574 1380 δίκην,
3624 1311 3675 1364 ὲν

2094 1391 2259 1462 ἑαυτῇ
2294 1392 2630 1462 ἀπεμάξατο.
2661 1395 2764 1449 Διὰ
2788 1394 2986 1460 τοῦτο,
3014 1397 3196 1468 φησὶν,
3222 1399 3515 1468 νεάνιδες
3539 1403 3675 1472 ἡγὰρ

2097 1475 2305 1544 πησάν
2325 1494 2417 1539 σε,
2442 1478 2742 1533 εἵλκυσάν
2776 1494 2869 1535 σε.
2897 1477 3033 1535 Εῖπε
3066 1483 3165 1555 τὴν
3191 1484 3376 1540 αίτίαν
3396 1487 3505 1558 τῆς
3532 1488 3676 1542 ἐπαι-

2094 1569 2255 1638 νετῆς
2303 1568 2638 1639 ἐπιθυμίας,
2690 1572 2783 1625 καὶ
2829 1573 2927 1644 τῆς
2965 1574 3314 1647 ἀγαητικῆς
3352 1577 3670 1642 διαθέσεως.

426 1678 588 1718 versa
631 1667 885 1715 creatura
921 1672 1015 1727 per
1064 1671 1126 1710 ea
1178 1672 1300 1724 quae
1355 1663 1657 1710 cernuntur
1706 1654 1908 1709 miracu

2190 1678 2193 1687 ’
2212 1626 2291 1729 ’γά
2297 1679 2328 1733 ρ
2356 1626 2601 1715 τοιούτου
2625 1626 2863 1728 ’κάλλους
2884 1626 3187 1735 ’ἆνέᾗστὲξ
3443 1626 3477 1735 ,ν

426 1755 602 1809 instar
638 1748 984 1821 unguentarii
1026 1747 1310 1816 cujusdam
1356 1747 1525 1811 vasis,
1562 1746 1618 1799 in
1669 1760 1730 1800 se
1774 1745 1998 1815 impres-

425 1847 515 1900 sit.
579 1843 808 1905 Idcirco,
857 1839 1057 1909 inquit,
1106 1838 1513 1892 adolescentulos
1567 1837 1863 1893 dilexerunt
1923 1846 1993 1901 te,

428 1942 706 1991 traxerunt
752 1944 820 1987 te.
854 1929 1003 1984 Dixit
1048 1944 1271 2007 causam
1325 1929 1618 1984 laudabilis
1650 1928 1993 2001 cupiditatis,

425 2036 479 2085 et
512 2025 792 2080 amatoria:
841 2021 1171 2076 affectionis.
1209 2020 1345 2087 Quis
1398 2031 1481 2076 cst
1526 2021 1670 2075 enim
1705 2019 1800 2088 qui
1850 2019 1995 2072 hanc

427 2137 535 2175 non
586 2125 728 2173 amet
783 2112 1265 2185 pulchritudinem,
1319 2112 1366 2167 si
1414 2112 1758 2167 solummodo
1801 2110 1996 2165 habeat

426 2212 645 2267 oculum
703 2221 864 2278 quem
917 2204 1094 2276 possit
1146 2203 1382 2274 deligere
1443 2204 1498 2259 in
1548 2211 1888 2259 venustatem
1942 2210 1996 2256 et

424 2300 720 2358 decorem?
764 2296 882 2352 Non
942 2305 1025 2352 est
1070 2295 1291 2366 quidem
1346 2309 1540 2366 magna
1586 2309 1707 2364 quae
1754 2307 1996 2362 compre-

429 2394 688 2450 henditur
730 2388 1105 2463 pulchritudo,
1138 2396 1220 2443 est
1251 2397 1431 2442 autem
1478 2386 1710 2441 inﬁnitis
1744 2385 1995 2455 partibus

426 2486 604 2555 major
637 2500 722 2543 ea.
764 2483 925 2552 cujus
953 2498 1048 2552 per
1083 2480 1135 2536 id
1168 2480 1313 2550 quod
1341 2486 1567 2550 apparet
1599 2479 1833 2533 facimus
1863 2492 1997 2531 con-

423 2580 718 2649 jecturam.
745 2575 850 2630 Sed
876 2575 1151 2644 quomodo
1177 2587 1332 2626 arnor
1361 2570 1657 2627 materialis
1689 2585 1799 2623 non
1828 2569 1998 2622 attin-

426 2676 504 2742 git
556 2686 652 2725 cos
700 2669 791 2739 qui
847 2677 977 2725 sunt
1011 2667 1192 2721 adhuc
1235 2664 1473 2720 infantes
1517 2661 1795 2716 :infantia
1852 2661 1997 2716 enim

427 2778 535 2817 non
583 2762 728 2831 capit
780 2758 1122 2814 all'ectionem
1158 2756 1294 2811 :sed
1344 2768 1443 2809 nec
1486 2768 1582 2809 eos
1615 2754 1707 2823 qui
1756 2761 1997 2806 extrema

424 2850 667 2909 confecti
715 2859 845 2907 sunt
889 2857 1195 2915 senectute,
1222 2847 1408 2902 videre
1451 2846 1581 2901 licet
1619 2845 1692 2900 ita
1724 2843 1995 2900 allectos:

2094 1770 2184 1806 νον
2208 1752 2481 1824 ὀφθαλμὸν
2511 1755 2624 1826 ἔχοι
2643 1755 2734 1809 τὸν
2766 1756 3070 1812 ἐνατενίσαι
3097 1762 3163 1830 τῇ
3192 1760 3312 1833 ὥρᾳ
3335 1760 3669 1831 δυνάμενονς

2095 1844 2171 1899 Οὐ
2204 1845 2338 1899 πολὺ
2370 1846 2469 1917 μὲν
2500 1846 2562 1900 τὸ
2606 1848 3152 1920 καταλαμϐανόμενον
3183 1852 3411 1919 κάλλος,
3453 1855 3672 1926 ἀπειρο-

2095 1936 2319 1992 πλάσιον
2353 1938 2410 1992 δὲ
2438 1938 2497 1992 τὸ
2516 1939 2604 1995 διὰ
2637 1940 2732 1994 τοῦ
2766 1942 3089 2013 φαινομένου
3118 1946 3501 2015 ποχαστικῶς
3526 1949 3671 2001 είκα-

2094 2028 2337 2100 ζόμενον.
2383 2031 2519 2086 Ἀλλ’
2539 2032 2726 2105 ῶσπερ
2751 2035 2932 2099 ύλικὸς
2959 2028 3100 2107 ἔρως
3122 2036 3231 2090 τῶν
3267 2037 3350 2090 ἔτι
3375 2038 3672 2109 νηπιαζόν-

2092 2136 2200 2174 των
2217 2124 2314 2193 οὐχ
2333 2124 2559 2178 ἅπτεται
2587 2126 2670 2194 (ού
2694 2126 2802 2198 γὰρ
2822 2130 2990 2197 χωρεῖ
3014 2126 3074 2180 τὸ
3100 2127 3268 2192 πάθος
3294 2131 3330 2200 ὴ
3360 2132 3672 2201 νηπιότης),

2094 2213 2214 2268 οὔτε
2256 2216 2360 2287 μὴν
2389 2217 2515 2278 τοὺς
2546 2218 2604 2269 ἐν
2634 2217 2847 2288 ἐσχάτῳ
2876 2219 3023 2290 γήρᾳ
3053 2222 3434 2292 πεπονηκότας
3472 2225 3535 2276 ἐν
3573 2228 3675 2287 τοῖς

2092 2306 2352 2370 τοιούτοις
2391 2306 2536 2361 ἔστιν
2570 2308 2697 2361 ίδεῖν
2725 2325 2738 2343 ο
2785 2306 2927 2362 οὕτω
2968 2310 3062 2363 καὶ
3107 2311 3199 2364 ἐπὶ
3234 2311 3327 2365 τοῦ
3362 2312 3519 2368 θείου
3552 2315 3676 2368 κάλ-

2094 2395 2252 2460 λους,
2291 2396 2319 2449 ὅ
2348 2413 2406 2449 τε
2435 2398 2623 2465 νήπιος
2655 2398 2734 2451 ἔτι
2765 2399 2857 2452 καὶ
2896 2399 3357 2472 κλυδωνιζόμενος
3387 2404 3490 2457 καὶ
3524 2423 3676 2475 περι-

2097 2489 2392 2558 φερόμενος
2425 2490 2586 2543 παντὶ
2622 2489 2807 2561 ἀνέμῳ
2839 2491 2939 2560 τῆς
2983 2492 3358 2560 διδασκαλίας,
3392 2499 3495 2551 καὶ
3520 2498 3553 2550 ό
3580 2513 3676 2552 πα-

2095 2576 2243 2640 λαιὸς
2273 2578 2367 2630 καὶ
2401 2577 2648 2650 γηράσας
2667 2618 2681 2640 ,
2710 2580 2803 2632 καὶ
2827 2579 2906 2650 τῷ
2941 2580 3234 2653 ἀφανισμῷ
3255 2586 3640 2654 upon-erfida;
3658 2626 3673 2645 ,

2098 2667 2342 2739 ἀκίνητοι
2365 2667 2499 2738 πρὸς
2521 2668 2619 2739 τὴν
2642 2668 2936 2739 ἐπιθυμίαν
2965 2670 3171 2742 ταύτην
3199 2672 3576 2742 εὑρίσκονται.
3608 2677 3673 2729 Οὖ

2097 2759 2205 2827 γὰρ
2228 2757 2459 2811 ἅπτεται
2496 2758 2605 2814 τῶν
2634 2758 2888 2813 τοιούτων
2911 2759 2972 2813 τὸ
2997 2761 3227 2833 ἀόρατον
3256 2763 3459 2828 κάλλος
3481 2782 3497 2796 ο
3537 2767 3672 2837 μόνη

2097 2847 2202 2921 δέὴ
2226 2848 2447 2919 τοιαύτη
2465 2848 2657 2921 ψυχὴή
2681 2850 2911 2905 διαϐᾶσα
2932 2850 3029 2922 τὴν
3045 2852 3286 2924 νηπιώδη
3309 2856 3674 2923 κατάστασιν,

426 2946 500 3000 ita
545 2946 707 2999 etiam
759 2945 813 2996 in
852 2942 1038 2996 divina
1081 2938 1513 3010 pulchritudine,
1545 2937 1636 3007 qui
1688 2943 1773 2991 est
1820 2934 1908 2990 adl

2205 2940 2290 2994 διά
2301 2941 2397 3012 τῆς
2423 2941 2795 3011 πνευματικῆς
2818 2941 3030 3011 ἡλικίας
3048 2944 3367 3014 ἀκμάσασα,
3397 2945 3479 3018 μὴ
3508 2965 3673 3020 προσ-

426 3035 611 3091 infans
644 3043 698 3090 et
727 3033 978 3096 fluctuat,
1012 3042 1067 3087 et
1099 3032 1247 3086 omni
1280 3038 1443 3085 vento
1475 3029 1739 3083 doctrina:
1761 3028 1997 3081 circum-

427 3127 636 3192 fertur,
689 3136 745 3181 et
795 3125 888 3196 qui
932 3132 1017 3181 est
1069 3132 1225 3178 vetus
1276 3130 1330 3176 et
1375 3121 1530 3177 senio
1577 3119 1895 3182 confectus.
1943 3127 1999 3174 et

425 3237 536 3277 non
615 3218 806 3290 procul
861 3218 928 3272 ab
991 3215 1246 3278 interitu,
1306 3214 1372 3269 ad
1436 3214 1577 3269 hanc
1647 3213 1997 3283 cupiditatem

426 3312 784 3369 inveniuntur
809 3308 1136 3363 immobiles.
1188 3305 1303 3361 Non
1351 3306 1497 3360 enim
1541 3320 1636 3361 eos
1676 3304 1846 3373 tangit
1879 3303 1999 3373 pul-

427 3403 685 3460 cbritudo
722 3390 989 3473 quaenon
1036 3398 1184 3453 cadit
1229 3397 1332 3453 sub
1381 3405 1683 3466 aspectum.
1731 3394 1858 3450 Sola
1910 3411 2000 3450 au-

424 3504 535 3551 tem
589 3509 651 3550 ea
694 3493 912 3558 anima,
956 3505 1079 3561 quae
1125 3497 1326 3545 statum
1372 3489 1592 3554 transiit
1643 3488 1950 3544 infantilem
1980 3527 1996 3552 ,

424 3599 479 3644 et
507 3586 573 3641 ad
600 3583 900 3656 spiritualis
931 3582 1108 3636 aztatis
1135 3579 1321 3636 ﬂorem
1346 3582 1593 3650 pervenit
1633 3595 1696 3634 ac
1725 3580 1995 3650 vigorem,

424 3694 526 3737 nec
551 3678 820 3734 maculam
844 3673 1055 3745 accepit
1085 3679 1179 3727 aut
1203 3687 1419 3742 rugam,
1455 3681 1549 3725 aut
1579 3670 1787 3741 aliquid
1810 3670 1998 3739 hujus-

424 3771 596 3837 modi,
628 3779 682 3823 et
710 3781 886 3837 neque
931 3771 1153 3835 propter
1189 3762 1475 3817 infantiam
1506 3769 1656 3816 caret
1688 3777 1874 3823 sensu,
1900 3776 1998 3815 ne-

424 3878 530 3933 que
560 3860 630 3914 ob
657 3867 980 3914 vetustatem
1010 3862 1096 3910 est
1125 3852 1417 3911 imbecilla.
1467 3867 1631 3923 quam
1673 3852 1997 3907 adulescen-

426 3953 594 4008 tulam
622 3950 710 4005 hic
742 3949 877 4002 liber
909 3944 1176 4005 nominat,
1216 3957 1279 3997 ea
1313 3951 1466 4012 paret
1491 3957 1688 4011 magno
1727 3952 1781 3997 et
1817 3944 1997 4013 primo

425 4047 696 4115 praecepto
745 4036 901 4107 legis,
954 4041 1069 4087 toto
1116 4032 1283 4087 corde
1341 4043 1395 4087 ct
1442 4034 1574 4087 totis
1618 4034 1828 4088 viribus
1873 4033 1993 4088 dili-

426 4148 560 4204 gens
604 4130 751 4183 illam
791 4122 1278 4197 pulchritudinem,
1337 4125 1499 4192 cujus
1544 4125 1992 4194 descriptionem,

425 4221 843 4290 exemplumque
875 4225 928 4269 et
966 4213 1463 4281 interpretationem
1510 4214 1743 4268 humana
1777 4229 1883 4268 non
1910 4216 1995 4268 in»

2098 3031 2337 3085 λαϐοῦσα
2383 3033 2590 3097 σπῖλον,
2630 3033 2663 3105 ἢ
2715 3033 2924 3104 ῥυτίδα,
2969 3035 3004 3105 ἦ
3050 3051 3102 3087 τι
3146 3036 3252 3089 τῶν
3284 3038 3579 3101 τοιούτων,
3644 3042 3673 3108 ἡ

2102 3127 2236 3198 μήτε
2277 3126 2382 3178 ore
2414 3125 2736 3195 νηπιότητος
2768 3124 3196 3194 ἀναισθητοῦσα,
3229 3128 3370 3196 μήτε
3425 3129 3537 3183 ὑπὸ
3586 3148 3673 3183 παι

2099 3217 2380 3288 λαιόττ,τος
2418 3216 2757 3288 ἀδρανοῦσα,
2804 3218 2869 3287 ἦν
2910 3219 3088 3271 νεᾶνιν
3134 3218 3388 3289 ὀνομάζει
3422 3222 3452 3272 ό
3485 3221 3671 3290 λόγος·

2097 3308 2237 3379 αὕτη
2267 3309 2511 3363 πείθεται
2538 3312 2603 3380 τῇ
2644 3309 2856 3381 μεγάλῃ
2883 3309 2977 3362 καὶ
3005 3308 3195 3381 πρώτῃ
3232 3311 3417 3382 ἐντολῇ
3458 3313 3560 3365 τοῦ
3590 3314 3671 3365 νό-

2101 3417 2222 3470 μου,
2264 3399 2321 3466 ἐξ
2351 3400 2479 3471 ὅλης
2512 3400 2733 3470 καρδίας
2767 3418 2827 3454 τε
2868 3402 2961 3454 καὶ
2988 3400 3269 3470 δυνάμεως
3298 3402 3580 3470 ἀγαπῶσα
3620 3404 3671 3457 τὲ

2099 3489 2291 3552 κάλλος
2341 3491 2534 3552 ἐκεῖνο,
2589 3482 2648 3542 οὗ
2699 3488 3018 3560 ὑπογραφὴν
3077 3489 3170 3542 καὶ
3222 3488 3551 3559 ὑπόδειγμα
3582 3493 3669 3545 καί

2097 3579 2391 3650 ἑρμηνείαν
2446 3580 2544 3649 οὐχ
2597 3579 2838 3651 εὑρίσκει
2876 3580 2909 3649 ἡ
2954 3578 3268 3650 ἀνθρωπίνη
3315 3580 3548 3635 διάνοια.
3611 3585 3669 3635 Al

2095 3670 2337 3726 τοιαῦται
2367 3672 2544 3724 τοίνυν
2576 3672 2814 3733 νεάνιδες
2834 3669 2921 3724 διὰ
2948 3670 3055 3724 τῶν
3085 3671 3293 3742 ἀρετῶν
3320 3671 3667 3743 αὐξηθεῖσαι,

2097 3765 2190 3818 καὶ
2224 3763 2342 3816 καθ’
2379 3763 2528 3834 ὥραν
2568 3762 2668 3833 ἤδη
2704 3762 2812 3815 τῶν
2856 3761 3016 3816 θείων
3049 3764 3362 3835 μυστηρίων
3391 3765 3488 3817 τοῦ
3526 3765 3666 3819 θείου

2097 3856 2339 3927 θαλάμου
2386 3856 2534 3919 ἐντὸς
2575 3857 2885 3925 γενόμεναι,
2916 3855 3169 3923 ἀγαπῶσι
3206 3855 3300 3907 τοῦ
3341 3858 3584 3926 νυμφίου
3612 3856 3669 3909 τὸ

2096 3946 2311 4014 κάλλος,
2341 3948 2433 4003 καὶ
2480 3947 2567 4002 διὰ
2597 3946 2698 4016 τῆς
2735 3947 2953 4016 ἀγάπης
2994 3946 3129 4016 πρὸς
3171 3947 3371 4010 ἑαυτὰς
3416 3949 3664 4018 ἔπιες-τρίς

2096 4061 2275 4113 φουσι.
2324 4043 2575 4107 Τοιοῦτος
2615 4044 2725 4115 γὰρ
2750 4046 2778 4098 ό
2811 4045 3039 4114 νυμφίος
3061 4083 3075 4108 ,
3103 4043 3177 4107 ὡς
3205 4044 3533 4098 ἀντιδιδόναι
3559 4047 3663 4107 τοῖς

2095 4136 2350 4204 ἀγαπῶσι
2402 4137 2492 4190 τὸν
2531 4135 2728 4200 πόθον,
2774 4135 2803 4187 ὁ
2838 4134 3008 4197 οὕτως
3057 4133 3227 4188 εἰπὼν
3270 4136 3333 4188 ὲκ
3371 4137 3663 4206 προσώπου

2093 4228 2193 4298 τῆς
2228 4227 2438 4297 σοφίας,
2463 4229 2543 4281 ὅτι
2582 4226 2722 4296 Ἐγὼ
2752 4225 2893 4292 τοὺς
2926 4225 3031 4295 ἐμὲ
3057 4225 3385 4294 φιλοῦντας
3416 4225 3626 4295 ἀγαπῶ
3649 4243 3661 4257 ’

421 4313 571 4368 venit
586 4309 865 4380 cogitatio.
881 4306 972 4362 lla:
993 4319 1121 4376 ergo
1138 4303 1560 4360 adoles‘centulae
1576 4320 1696 4375 quae
1706 4321 1903 4361 crcver:

2175 4323 2209 4380 ι,
2239 4290 2320 4373 ὂτί
2349 4316 2539 4387 Μεριῶ
2596 4290 2720 4384 τόῖς
2758 4290 3202 4389 ἐμὲῗάγίαπῶσιν
3236 4290 3506 4386 ὓπαρξιν·
3547 4318 3657 4385 (αύ-

424 4407 478 4460 in
529 4401 839 4464 virtutibus,
892 4406 946 4454 et
1001 4412 1097 4467 per
1148 4403 1360 4450 attatem
1404 4395 1522 4465 jam
1562 4396 1821 4467 ingressa:
1864 4406 1992 4452 sunt

424 4499 722 4552 thalamum
754 4492 1062 4546 divinorum
1104 4490 1508 4560 mysteriorum,
1542 4487 1774 4557 diligunt
1802 4491 1990 4560 sponsi

424 4581 907 4658 pulchritudinem,
940 4586 994 4634 et
1020 4593 1115 4648 per
1147 4577 1491 4632 dilectionem
1521 4592 1644 4631 eum
1680 4577 1746 4631 ad
1776 4594 1835 4632 se
1860 4592 1992 4630 con-

423 4685 661 4735 vertunt.
677 4673 827 4728 Talis
843 4671 988 4726 enim
1009 4680 1092 4725 est
1109 4685 1363 4739 sponsus.
1395 4670 1486 4739 qui
1510 4669 1818 4726 amantibus
1837 4670 1993 4725 vit-is-

422 4772 527 4828 sim
549 4766 739 4825 reddat
764 4777 1022 4829 amorem,
1043 4762 1113 4816 ita
1131 4763 1318 4817 dicens
1336 4762 1387 4816 in
1408 4776 1639 4831 persona
1658 4761 1947 4833 Sapientiae
1974 4782 1986 4817 :

423 4860 535 4932 Ego
569 4859 848 4928 diligentes
891 4874 972 4911 me
1001 4857 1201 4925 diligo,
1254 4860 1307 4907 et
1344 4869 1356 4904 :
1400 4851 1650 4906 Dividam
1682 4853 1750 4906 iis
1788 4853 1875 4923 qui
1911 4869 1991 4907 me

422 4954 674 5023 diligunt,
717 4949 1095 5005 substantiam.
1145 4943 1264 5015 Ipse
1307 4953 1487 4997 autem
1537 4953 1621 4997 est
1663 4944 1987 4999 substantia.

424 5044 492 5098 Et
525 5042 796 5096 thesauros
831 5054 1008 5094 eorum
1037 5034 1258 5105 implebo
1280 5034 1496 5087 bonis”.
1523 5033 1603 5087 Ad
1629 5050 1686 5089 se
1710 5051 1840 5106 ergo
1875 5045 1987 5089 tra-

420 5134 559 5188 hunt
587 5132 785 5186 animae
816 5127 1146 5184 desiderium
1189 5128 1375 5196 sponsi
1414 5126 1467 5178 in
1507 5142 1666 5195 quem
1701 5143 1807 5182 non
1842 5129 1991 5183 cadit

420 5222 698 5286 interitus,
726 5226 849 5290 post
876 5217 1161 5273 Dominum
1192 5216 1383 5280 Deum,
1401 5216 1543 5270 sicut
1593 5217 1855 5288 scriptum
1883 5228 1985 5281 est,

420 5311 820 5367 ambulantes‘.
883 5308 1199 5365 Dilectionis
1233 5316 1414 5363 autem
1454 5324 1644 5363 eorum
1695 5326 1861 5366 causa
1904 5320 1989 5367 est

417 5404 596 5465 bonus
644 5402 778 5458 odor
828 5404 1113 5473 unguenti,
1160 5399 1227 5453 ad
1257 5416 1416 5470 quem
1455 5417 1669 5472 semper
1696 5413 1987 5460 currentes

489 5577 536 5612 ⁹⁹
558 5577 714 5631 Prov.
749 5592 867 5639 vlu,
910 5578 975 5631 l7
1009 5594 1127 5652 sqq.
1211 5582 1225 5610 '
1252 5578 1410 5634 Osee.
1456 5595 1530 5644 χι,
1576 5580 1659 5633 l0.

2094 4407 2186 4471 τὸς
2223 4407 2279 4460 δέ
2307 4409 2454 4462 ἐστιν
2484 4409 2517 4479 ἠ
2548 4406 2833 4479 ὖπαρξις)’
2865 4408 2963 4461 καί
3005 4406 3146 4472 τοὺς
3174 4406 3524 4475 θησαυροὺς
3561 4408 3657 4461 αὐ-

2093 4500 2213 4554 τῶν
2256 4500 2545 4569 ἐμπλήσω
2579 4497 2837 4569 ἀγαθῶν.
2885 4500 3139 4552 Ἕλκουσι
3183 4498 3361 4551 τοίνυν
3406 4500 3463 4550 αἱ
3500 4499 3658 4569 ψυχέδ

2094 4592 2230 4662 πρὸς
2251 4591 2452 4654 ἑαυτὰς
2477 4591 2570 4644 τοῦ
2596 4589 2871 4661 ἀφθάρτου
2894 4591 3127 4658 νυμφίου
3146 4589 3239 4642 τὸν
3263 4588 3447 4653 πόθον,
3468 4590 3659 4650 ὀπίσω,

2096 4683 2276 4747 καθὼς
2322 4684 2666 4752 γέγραπται,
2713 4683 2918 4753 Κυρίου
2966 4681 3060 4735 τοῦ
3097 4680 3233 4735 Θεοῦ
3278 4684 3659 4754 πορευόμεναι.

2094 4775 2204 4846 Τῆς
2233 4774 2288 4826 δὲ
2321 4774 2540 4843 ἀγάπης
2573 4773 2750 4827 αὐτῶν
2783 4773 2929 4827 αἰτία
2958 4774 2990 4845 ή
3026 4772 3121 4825 τοῦ
3157 4773 3328 4843 μύρου
3361 4774 3563 4828 εὐωδία
3587 4773 3664 4843 γί-

2093 4882 2261 4928 νεται,
2299 4865 2433 4935 πρὸς
2465 4865 2530 4935 ἣν
2560 4863 2648 4917 ἀεὶ
2678 4864 2968 4935 τρέχουσαι
3001 4866 3114 4927 τοῖς
3151 4863 3461 4934 ἔμπροσθεν
3505 4867 3661 4919 ἐπεκ-

2093 4956 2378 5018 τείνονται,
2421 4954 2514 5007 τοῦ
2550 4953 2778 5006 κατόπιν
2822 4952 2990 5023 λήθην
3042 4951 3384 5021 ποιούμεναι.
3445 4951 3661 5004 Ὀπίσω

2093 5042 2204 5115 γάρ
2258 5058 2394 5106 σου,
2436 5042 2622 5113 φησιν,
2656 5044 2743 5107 εἰς
2776 5040 2976 5110 ὀσμὴν
3011 5040 3216 5109 μύρων
3257 5053 3376 5092 σου
3410 5038 3661 5106 δραίιού-

2086 5141 2259 5206 μεθα.
2318 5134 2478 5188 Ἀλλά
2525 5136 2581 5189 αἱ
2628 5135 2725 5204 μὲν
2774 5133 2927 5186 ούπω
2974 5133 3075 5203 τῆς
3113 5131 3317 5202 ἀρετῆς
3351 5131 3413 5184 τὸ
3461 5130 3660 5183 τέλειον

2093 5229 2333 5299 ἔχουσαι,
2367 5229 2460 5280 καὶ
2494 5225 2615 5279 καθ’
2648 5225 2862 5296 ἡλικίαν
2896 5224 2974 5277 ἔτι
3005 5223 3312 5287 νεάξουσαι,
3342 5219 3658 5293 δραμεῖσθαι

2092 5320 2229 5391 πρὸς
2249 5319 2340 5373 τὸν
2366 5317 2587 5379 σκοπὸν,
2611 5317 2670 5369 ὃν
2696 5316 3069 5369 ὑποδείκνυσιν
3094 5315 3126 5384 ἡ
3150 5312 3294 5384 ὀσμὴ
3318 5311 3429 5366 τῶν
3457 5309 3655 5383 μύρων.

2092 5408 2639 5479 κατεπαγγέλλονται.
2675 5408 2906 5477 Λέγουσι
2928 5404 3057 5477 γὰρ,
3085 5405 3169 5459 ὅτι
3196 5407 3300 5471 Εἰς
3325 5403 3530 5474 ὀσμὴν
3548 5401 3655 5473 μύ-
