  <div class='ocr_page' id='page_1' title='image "/cluster/home/n/w/nwhite01/storage/ocr_20150623/44/mdp.39015011915454/400.png"; bbox 0 0 3752 5984; ppageno 0'>
   <div class='ocr_carea' id='block_1_1' title="bbox 93 234 191 288">
    <p class='ocr_par' dir='ltr' id='par_1_1' title="bbox 93 234 191 288">
     <span class='ocr_line' id='line_1_1' title="bbox 93 234 191 288; baseline 0 0"><span class='ocrx_word' id='word_1_1' title='bbox 93 234 191 288; x_wconf 80' lang='lat'><strong>785</strong></span> 
     </span>
    </p>
   </div>
   <div class='ocr_carea' id='block_1_2' title="bbox 1092 230 2239 291">
    <p class='ocr_par' dir='ltr' id='par_1_2' title="bbox 1092 230 2239 291">
     <span class='ocr_line' id='line_1_2' title="bbox 1092 230 2239 291; baseline 0.005 -7"><span class='ocrx_word' id='word_1_2' title='bbox 1092 230 1156 285; x_wconf 74' lang='lat' dir='ltr'><strong>IN</strong></span> <span class='ocrx_word' id='word_1_3' title='bbox 1197 231 1497 288; x_wconf 73' lang='lat' dir='ltr'><strong>CANTICA</strong></span> <span class='ocrx_word' id='word_1_4' title='bbox 1535 231 1808 289; x_wconf 78' lang='lat' dir='ltr'><strong>CANTIC.</strong></span> <span class='ocrx_word' id='word_1_5' title='bbox 1851 230 2136 290; x_wconf 67' lang='lat' dir='ltr'><strong>HOMILIA</strong></span> <span class='ocrx_word' id='word_1_6' title='bbox 2178 234 2239 291; x_wconf 85' lang='lat' dir='ltr'><strong>ll.</strong></span> 
     </span>
    </p>
   </div>
   <div class='ocr_carea' id='block_1_3' title="bbox 3227 237 3331 295">
    <p class='ocr_par' dir='ltr' id='par_1_3' title="bbox 3227 237 3331 295">
     <span class='ocr_line' id='line_1_3' title="bbox 3227 237 3331 295; baseline 0 -1"><span class='ocrx_word' id='word_1_7' title='bbox 3227 237 3331 295; x_wconf 71' lang='lat'><strong>786</strong></span> 
     </span>
    </p>
   </div>
   <div class='ocr_carea' id='block_1_4' title="bbox 88 343 1656 426">
    <p class='ocr_par' dir='ltr' id='par_1_4' title="bbox 88 343 1643 419">
     <span class='ocr_line' id='line_1_4' title="bbox 88 343 1643 419; baseline -0.008 -16"><span class='ocrx_word' id='word_1_8' title='bbox 88 366 201 419; x_wconf 81' lang='grc' dir='ltr'><strong>ρων</strong></span> <span class='ocrx_word' id='word_1_9' title='bbox 214 362 327 401; x_wconf 81' lang='grc' dir='ltr'><strong>σου</strong></span> <span class='ocrx_word' id='word_1_10' title='bbox 343 343 732 414; x_wconf 80' lang='grc' dir='ltr'><strong>δραμούμεθα.</strong></span> <span class='ocrx_word' id='word_1_11' title='bbox 752 343 812 398; x_wconf 81' lang='lat' dir='ltr'><strong>&#39;ll</strong></span> <span class='ocrx_word' id='word_1_12' title='bbox 838 345 899 411; x_wconf 44' lang='grc' dir='ltr'><strong>δὲ,</strong></span> <span class='ocrx_word' id='word_1_13' title='bbox 918 346 1035 399; x_wconf 84' lang='grc' dir='ltr'><strong>τελε</strong></span> <span class='ocrx_word' id='word_1_14' title='bbox 1046 347 1224 418; x_wconf 81' lang='grc' dir='ltr'><strong>ιοτὲρα</strong></span> <span class='ocrx_word' id='word_1_15' title='bbox 1246 347 1393 419; x_wconf 76' lang='grc' dir='ltr'><strong>ψυχή</strong></span> <span class='ocrx_word' id='word_1_16' title='bbox 1419 350 1643 419; x_wconf 70' lang='grc' dir='ltr'><strong>σφοδρά.</strong></span> 
     </span>
    </p>
   </div>
   <div class='ocr_carea' id='block_1_5' title="bbox 1834 343 3330 426">
    <p class='ocr_par' dir='ltr' id='par_1_5' title="bbox 1834 350 3330 426">
     <span class='ocr_line' id='line_1_5' title="bbox 1834 350 3330 426; baseline 0.005 -21"><span class='ocrx_word' id='word_1_17' title='bbox 1834 366 1936 405; x_wconf 81' lang='lat' dir='ltr'><strong>&#39;um</strong></span> <span class='ocrx_word' id='word_1_18' title='bbox 1970 367 2092 422; x_wconf 69' lang='lat' dir='ltr'><strong>quae</strong></span> <span class='ocrx_word' id='word_1_19' title='bbox 2124 359 2270 406; x_wconf 91' lang='lat' dir='ltr'><strong>retro</strong></span> <span class='ocrx_word' id='word_1_20' title='bbox 2296 360 2422 407; x_wconf 87' lang='lat' dir='ltr'><strong>sunt</strong></span> <span class='ocrx_word' id='word_1_21' title='bbox 2444 350 2660 418; x_wconf 65' lang='lat' dir='ltr'><strong>oblitae,</strong></span> <span class='ocrx_word' id='word_1_22' title='bbox 2710 352 2776 407; x_wconf 85' lang='lat' dir='ltr'><strong>ad</strong></span> <span class='ocrx_word' id='word_1_23' title='bbox 2811 369 2873 408; x_wconf 87' lang='lat' dir='ltr'><strong>ea</strong></span> <span class='ocrx_word' id='word_1_24' title='bbox 2900 371 3021 426; x_wconf 76' lang='lat' dir='ltr'><strong>quac</strong></span> <span class='ocrx_word' id='word_1_25' title='bbox 3044 364 3176 410; x_wconf 87' lang='lat' dir='ltr'><strong>sunt</strong></span> <span class='ocrx_word' id='word_1_26' title='bbox 3203 369 3330 412; x_wconf 83' lang='lat' dir='ltr'><strong>ante</strong></span> 
     </span>
    </p>
   </div>
   <div class='ocr_carea' id='block_1_6' title="bbox 94 434 1653 511">
    <p class='ocr_par' dir='ltr' id='par_1_6' title="bbox 94 434 1653 511">
     <span class='ocr_line' id='line_1_6' title="bbox 94 434 1653 511; baseline -0.001 -18"><span class='ocrx_word' id='word_1_27' title='bbox 94 456 231 511; x_wconf 68' lang='grc' dir='ltr'><strong>τερον</strong></span> <span class='ocrx_word' id='word_1_28' title='bbox 257 434 612 491; x_wconf 76' lang='grc' dir='ltr'><strong>ἑπεκτσθεῖσα</strong></span> <span class='ocrx_word' id='word_1_29' title='bbox 641 437 756 497; x_wconf 81' lang='grc' dir='ltr'><strong>τοῖς</strong></span> <span class='ocrx_word' id='word_1_30' title='bbox 784 434 1118 506; x_wconf 67' lang='grc' dir='ltr'><strong>ἔμπροσθεν,</strong></span> <span class='ocrx_word' id='word_1_31' title='bbox 1152 437 1251 508; x_wconf 78' lang='grc' dir='ltr'><strong>ήδη</strong></span> <span class='ocrx_word' id='word_1_32' title='bbox 1279 439 1536 507; x_wconf 80' lang='grc' dir='ltr'><strong>τυγχάνει</strong></span> <span class='ocrx_word' id='word_1_33' title='bbox 1560 437 1653 491; x_wconf 86' lang='grc' dir='ltr'><strong>τοῦ</strong></span> 
     </span>
    </p>
   </div>
   <div class='ocr_carea' id='block_1_7' title="bbox 95 523 1656 596">
    <p class='ocr_par' dir='ltr' id='par_1_7' title="bbox 95 523 1656 596">
     <span class='ocr_line' id='line_1_7' title="bbox 95 523 1656 596; baseline -0.003 -14"><span class='ocrx_word' id='word_1_34' title='bbox 95 525 316 591; x_wconf 84' lang='grc' dir='ltr'><strong>σκοποῦ,</strong></span> <span class='ocrx_word' id='word_1_35' title='bbox 365 524 431 578; x_wconf 80' lang='grc' dir='ltr'><strong>δι’</strong></span> <span class='ocrx_word' id='word_1_36' title='bbox 459 523 520 578; x_wconf 88' lang='grc' dir='ltr'>δν</span> <span class='ocrx_word' id='word_1_37' title='bbox 552 525 582 577; x_wconf 85' lang='grc' dir='ltr'>δ</span> <span class='ocrx_word' id='word_1_38' title='bbox 628 524 826 596; x_wconf 83' lang='grc' dir='ltr'><strong>δρόμος</strong></span> <span class='ocrx_word' id='word_1_39' title='bbox 862 523 1125 592; x_wconf 78' lang='grc' dir='ltr'><strong>ἀνύεται,</strong></span> <span class='ocrx_word' id='word_1_40' title='bbox 1173 525 1269 578; x_wconf 77' lang='grc' dir='ltr'><strong>καὶ</strong></span> <span class='ocrx_word' id='word_1_41' title='bbox 1308 524 1417 578; x_wconf 88' lang='grc' dir='ltr'><strong>τῶν</strong></span> <span class='ocrx_word' id='word_1_42' title='bbox 1447 526 1505 578; x_wconf 80' lang='grc' dir='ltr'><strong>ὲν</strong></span> <span class='ocrx_word' id='word_1_43' title='bbox 1542 527 1656 588; x_wconf 86' lang='grc' dir='ltr'><strong>τοῖς</strong></span> 
     </span>
    </p>
   </div>
   <div class='ocr_carea' id='block_1_8' title="bbox 94 615 1652 689">
    <p class='ocr_par' dir='ltr' id='par_1_8' title="bbox 94 615 1652 689">
     <span class='ocr_line' id='line_1_8' title="bbox 94 615 1652 689; baseline -0.003 -17"><span class='ocrx_word' id='word_1_44' title='bbox 94 618 317 689; x_wconf 80' lang='grc' dir='ltr'><strong>ταμείοις</strong></span> <span class='ocrx_word' id='word_1_45' title='bbox 356 615 647 687; x_wconf 87' lang='grc' dir='ltr'><strong>θησαυρῶν</strong></span> <span class='ocrx_word' id='word_1_46' title='bbox 689 615 959 682; x_wconf 79' lang='grc' dir='ltr'><strong>ἀξιοῦται.</strong></span> <span class='ocrx_word' id='word_1_47' title='bbox 1001 616 1140 688; x_wconf 75' lang='grc' dir='ltr'><strong>Φησὶ</strong></span> <span class='ocrx_word' id='word_1_48' title='bbox 1191 615 1335 686; x_wconf 82' lang='grc' dir='ltr'><strong>γὰρ,</strong></span> <span class='ocrx_word' id='word_1_49' title='bbox 1383 616 1464 669; x_wconf 82' lang='grc' dir='ltr'><strong>ὅτι</strong></span> <span class='ocrx_word' id='word_1_50' title='bbox 1511 618 1652 670; x_wconf 72' lang='grc' dir='ltr'><strong>Εἰσ-</strong></span> 
     </span>
    </p>
   </div>
   <div class='ocr_carea' id='block_1_9' title="bbox 94 706 1656 780">
    <p class='ocr_par' dir='ltr' id='par_1_9' title="bbox 94 706 1656 780">
     <span class='ocr_line' id='line_1_9' title="bbox 94 706 1656 780; baseline -0.001 -17"><span class='ocrx_word' id='word_1_51' title='bbox 94 708 289 780; x_wconf 77' lang='grc' dir='ltr'><strong>ήνεγκέ</strong></span> <span class='ocrx_word' id='word_1_52' title='bbox 306 725 380 778; x_wconf 79' lang='grc' dir='ltr'><strong>με</strong></span> <span class='ocrx_word' id='word_1_53' title='bbox 406 709 440 762; x_wconf 84' lang='lat' dir='ltr'><strong>d</strong></span> <span class='ocrx_word' id='word_1_54' title='bbox 470 707 773 774; x_wconf 70' lang='grc' dir='ltr'><strong>,ϐασιλεὺς</strong></span> <span class='ocrx_word' id='word_1_55' title='bbox 812 710 899 774; x_wconf 79' lang='grc' dir='ltr'><strong>εις</strong></span> <span class='ocrx_word' id='word_1_56' title='bbox 927 708 1169 779; x_wconf 74' lang='grc' dir='ltr'><strong>ταμεῖον</strong></span> <span class='ocrx_word' id='word_1_57' title='bbox 1201 707 1410 763; x_wconf 83' lang='grc' dir='ltr'><strong>αὑτοῦ.</strong></span> <span class='ocrx_word' id='word_1_58' title='bbox 1453 707 1517 761; x_wconf 82' lang='grc' dir='ltr'><strong>Ἠ</strong></span> <span class='ocrx_word' id='word_1_59' title='bbox 1546 706 1656 778; x_wconf 80' lang='grc' dir='ltr'><strong>γὰρ</strong></span> 
     </span>
    </p>
   </div>
   <div class='ocr_carea' id='block_1_10' title="bbox 97 797 1658 871">
    <p class='ocr_par' dir='ltr' id='par_1_10' title="bbox 97 797 1658 871">
     <span class='ocr_line' id='line_1_10' title="bbox 97 797 1658 871; baseline -0.001 -16"><span class='ocrx_word' id='word_1_60' title='bbox 97 802 270 871; x_wconf 78' lang='grc' dir='ltr'><strong>ἄκροις</strong></span> <span class='ocrx_word' id='word_1_61' title='bbox 297 798 534 869; x_wconf 83' lang='grc' dir='ltr'><strong>χείλεσιν</strong></span> <span class='ocrx_word' id='word_1_62' title='bbox 559 798 765 868; x_wconf 80' lang='grc' dir='ltr'><strong>ἀγαθοῦ</strong></span> <span class='ocrx_word' id='word_1_63' title='bbox 786 798 992 869; x_wconf 77' lang='grc' dir='ltr'><strong>ψαῦσαι</strong></span> <span class='ocrx_word' id='word_1_64' title='bbox 1019 798 1326 871; x_wconf 87' lang='grc' dir='ltr'><strong>ποθήσασα,</strong></span> <span class='ocrx_word' id='word_1_65' title='bbox 1352 800 1446 853; x_wconf 72' lang='grc' dir='ltr'><strong>καὶ</strong></span> <span class='ocrx_word' id='word_1_66' title='bbox 1468 797 1658 853; x_wconf 83' lang='grc' dir='ltr'><strong>τοσοῦ-</strong></span> 
     </span>
    </p>
   </div>
   <div class='ocr_carea' id='block_1_11' title="bbox 95 888 1657 961">
    <p class='ocr_par' dir='ltr' id='par_1_11' title="bbox 95 888 1657 961">
     <span class='ocr_line' id='line_1_11' title="bbox 95 888 1657 961; baseline -0.001 -17"><span class='ocrx_word' id='word_1_67' title='bbox 95 908 175 944; x_wconf 89' lang='grc' dir='ltr'><strong>τον</strong></span> <span class='ocrx_word' id='word_1_68' title='bbox 202 889 356 960; x_wconf 84' lang='grc' dir='ltr'><strong>μόνον</strong></span> <span class='ocrx_word' id='word_1_69' title='bbox 377 888 703 961; x_wconf 72' lang='grc' dir='ltr'><strong>ἐφαψαμένη</strong></span> <span class='ocrx_word' id='word_1_70' title='bbox 732 888 827 943; x_wconf 82' lang='grc' dir='ltr'><strong>τοῦ</strong></span> <span class='ocrx_word' id='word_1_71' title='bbox 856 890 1109 953; x_wconf 81' lang='grc' dir='ltr'><strong>κάλλους,</strong></span> <span class='ocrx_word' id='word_1_72' title='bbox 1141 890 1265 945; x_wconf 81' lang='grc' dir='ltr'><strong>ὅσον</strong></span> <span class='ocrx_word' id='word_1_73' title='bbox 1294 891 1328 961; x_wconf 83' lang='grc' dir='ltr'><strong>ἡ</strong></span> <span class='ocrx_word' id='word_1_74' title='bbox 1357 889 1458 959; x_wconf 84' lang='grc' dir='ltr'><strong>τῆς</strong></span> <span class='ocrx_word' id='word_1_75' title='bbox 1486 889 1657 959; x_wconf 81' lang='grc' dir='ltr'><strong>εὐχῆς</strong></span> 
     </span>
    </p>
   </div>
   <div class='ocr_carea' id='block_1_12' title="bbox 95 975 1656 1051">
    <p class='ocr_par' dir='ltr' id='par_1_12' title="bbox 95 975 1656 1051">
     <span class='ocr_line' id='line_1_12' title="bbox 95 975 1656 1051; baseline -0.001 -16"><span class='ocrx_word' id='word_1_76' title='bbox 95 983 404 1037; x_wconf 78' lang='grc' dir='ltr'><strong>ἐνδείκνυται</strong></span> <span class='ocrx_word' id='word_1_77' title='bbox 431 979 662 1051; x_wconf 86' lang='grc' dir='ltr'><strong>δύναμις</strong></span> <span class='ocrx_word' id='word_1_78' title='bbox 680 1019 695 1044; x_wconf 89' lang='grc'><strong>,</strong></span> <span class='ocrx_word' id='word_1_79' title='bbox 720 979 928 1050; x_wconf 75' lang='grc' dir='ltr'><strong>ηὔξατο</strong></span> <span class='ocrx_word' id='word_1_80' title='bbox 954 980 1011 1034; x_wconf 74' lang='grc' dir='ltr'><strong>δὲ</strong></span> <span class='ocrx_word' id='word_1_81' title='bbox 1037 975 1150 1035; x_wconf 75' lang='grc' dir='ltr'><strong>οἷόν</strong></span> <span class='ocrx_word' id='word_1_82' title='bbox 1177 997 1325 1045; x_wconf 87' lang='grc' dir='ltr'><strong>τινος</strong></span> <span class='ocrx_word' id='word_1_83' title='bbox 1351 979 1656 1051; x_wconf 85' lang='grc' dir='ltr'><strong>φιλήματος</strong></span> 
     </span>
    </p>
   </div>
   <div class='ocr_carea' id='block_1_13' title="bbox 95 1070 1657 1143">
    <p class='ocr_par' dir='ltr' id='par_1_13' title="bbox 95 1070 1657 1143">
     <span class='ocr_line' id='line_1_13' title="bbox 95 1070 1657 1143; baseline 0 -18"><span class='ocrx_word' id='word_1_84' title='bbox 95 1071 369 1143; x_wconf 82' lang='grc' dir='ltr'><strong>ἀξιωθῆναι</strong></span> <span class='ocrx_word' id='word_1_85' title='bbox 401 1070 492 1125; x_wconf 84' lang='grc' dir='ltr'><strong>διὰ</strong></span> <span class='ocrx_word' id='word_1_86' title='bbox 522 1071 622 1142; x_wconf 76' lang='grc' dir='ltr'><strong>τῆς</strong></span> <span class='ocrx_word' id='word_1_87' title='bbox 657 1071 753 1126; x_wconf 86' lang='grc' dir='ltr'><strong>τοῦ</strong></span> <span class='ocrx_word' id='word_1_88' title='bbox 793 1071 965 1140; x_wconf 80' lang='grc' dir='ltr'><strong>Λόγου</strong></span> <span class='ocrx_word' id='word_1_89' title='bbox 1003 1070 1341 1141; x_wconf 70' lang='grc' dir='ltr'><strong>ὲλλάμψεως.</strong></span> <span class='ocrx_word' id='word_1_90' title='bbox 1385 1070 1535 1142; x_wconf 81' lang='grc' dir='ltr'><strong>Αῦτη</strong></span> <span class='ocrx_word' id='word_1_91' title='bbox 1587 1072 1657 1125; x_wconf 89' lang='grc' dir='ltr'><strong>δι’</strong></span> 
     </span>
    </p>
   </div>
   <div class='ocr_carea' id='block_1_14' title="bbox 93 1156 1658 1233">
    <p class='ocr_par' dir='ltr' id='par_1_14' title="bbox 93 1156 1658 1233">
     <span class='ocr_line' id='line_1_14' title="bbox 93 1156 1658 1233; baseline -0.003 -18"><span class='ocrx_word' id='word_1_92' title='bbox 93 1156 158 1215; x_wconf 81' lang='grc' dir='ltr'><strong>ὧν</strong></span> <span class='ocrx_word' id='word_1_93' title='bbox 186 1161 335 1233; x_wconf 72' lang='grc' dir='ltr'><strong>ἔτυχε</strong></span> <span class='ocrx_word' id='word_1_94' title='bbox 355 1201 371 1223; x_wconf 83' lang='grc'><strong>,</strong></span> <span class='ocrx_word' id='word_1_95' title='bbox 404 1159 500 1215; x_wconf 73' lang='grc' dir='ltr'><strong>καὶ</strong></span> <span class='ocrx_word' id='word_1_96' title='bbox 532 1160 626 1215; x_wconf 70' lang='grc' dir='ltr'><strong>ἐπὶ</strong></span> <span class='ocrx_word' id='word_1_97' title='bbox 661 1160 723 1214; x_wconf 81' lang='grc' dir='ltr'><strong>τὸ</strong></span> <span class='ocrx_word' id='word_1_98' title='bbox 752 1160 1026 1231; x_wconf 75' lang='grc' dir='ltr'><strong>ἐνδότερον</strong></span> <span class='ocrx_word' id='word_1_99' title='bbox 1068 1159 1178 1213; x_wconf 88' lang='grc' dir='ltr'><strong>τῶν</strong></span> <span class='ocrx_word' id='word_1_100' title='bbox 1219 1160 1551 1231; x_wconf 78' lang='grc' dir='ltr'><strong>ἀπορρήτων</strong></span> <span class='ocrx_word' id='word_1_101' title='bbox 1580 1156 1658 1228; x_wconf 85' lang='grc' dir='ltr'><strong>τῷ</strong></span> 
     </span>
    </p>
   </div>
   <div class='ocr_carea' id='block_1_15' title="bbox 94 1246 1658 1323">
    <p class='ocr_par' dir='ltr' id='par_1_15' title="bbox 94 1246 1658 1323">
     <span class='ocr_line' id='line_1_15' title="bbox 94 1246 1658 1323; baseline -0.003 -18"><span class='ocrx_word' id='word_1_102' title='bbox 94 1250 319 1323; x_wconf 85' lang='grc' dir='ltr'><strong>λογισμῷ</strong></span> <span class='ocrx_word' id='word_1_103' title='bbox 350 1251 649 1314; x_wconf 85' lang='grc' dir='ltr'><strong>διαδυεῖσα,</strong></span> <span class='ocrx_word' id='word_1_104' title='bbox 687 1249 787 1321; x_wconf 77' lang='grc' dir='ltr'><strong>βοᾷ</strong></span> <span class='ocrx_word' id='word_1_105' title='bbox 822 1250 896 1321; x_wconf 87' lang='grc' dir='ltr'><strong>μὴ</strong></span> <span class='ocrx_word' id='word_1_106' title='bbox 933 1250 1094 1319; x_wconf 87' lang='grc' dir='ltr'><strong>μόνον</strong></span> <span class='ocrx_word' id='word_1_107' title='bbox 1129 1250 1189 1303; x_wconf 83' lang='grc' dir='ltr'><strong>ὲν</strong></span> <span class='ocrx_word' id='word_1_108' title='bbox 1223 1246 1518 1320; x_wconf 82' lang='grc' dir='ltr'><strong>προθύροις</strong></span> <span class='ocrx_word' id='word_1_109' title='bbox 1551 1247 1658 1301; x_wconf 88' lang='grc' dir='ltr'><strong>τῶν</strong></span> 
     </span>
    </p>
   </div>
   <div class='ocr_carea' id='block_1_16' title="bbox 94 1338 1659 1415">
    <p class='ocr_par' dir='ltr' id='par_1_16' title="bbox 94 1338 1659 1415">
     <span class='ocr_line' id='line_1_16' title="bbox 94 1338 1659 1415; baseline -0.003 -18"><span class='ocrx_word' id='word_1_110' title='bbox 94 1343 296 1410; x_wconf 81' lang='grc' dir='ltr'>ἀγαθῶν</span> <span class='ocrx_word' id='word_1_111' title='bbox 319 1340 463 1399; x_wconf 71' lang='grc' dir='ltr'><strong>εἶναι</strong></span> <span class='ocrx_word' id='word_1_112' title='bbox 488 1343 578 1397; x_wconf 87' lang='grc' dir='ltr'><strong>τὸν</strong></span> <span class='ocrx_word' id='word_1_113' title='bbox 605 1343 825 1415; x_wconf 84' lang='grc' dir='ltr'><strong>δρόμον,</strong></span> <span class='ocrx_word' id='word_1_114' title='bbox 860 1340 999 1397; x_wconf 75' lang='grc' dir='ltr'><strong>ἀλλὰ</strong></span> <span class='ocrx_word' id='word_1_115' title='bbox 1020 1344 1087 1413; x_wconf 81' lang='grc' dir='ltr'><strong>τῇ</strong></span> <span class='ocrx_word' id='word_1_116' title='bbox 1114 1342 1337 1412; x_wconf 78' lang='grc' dir='ltr'><strong>ἀπαρχῇ</strong></span> <span class='ocrx_word' id='word_1_117' title='bbox 1367 1339 1462 1394; x_wconf 88' lang='grc' dir='ltr'><strong>τοῦ</strong></span> <span class='ocrx_word' id='word_1_118' title='bbox 1489 1338 1659 1394; x_wconf 63' lang='lat' dir='ltr'><strong>Ilvati-</strong></span> 
     </span>
    </p>
   </div>
   <div class='ocr_carea' id='block_1_17' title="bbox 97 1426 1660 1506">
    <p class='ocr_par' dir='ltr' id='par_1_17' title="bbox 97 1426 1660 1506">
     <span class='ocr_line' id='line_1_17' title="bbox 97 1426 1660 1506; baseline -0.002 -18"><span class='ocrx_word' id='word_1_119' title='bbox 97 1452 268 1506; x_wconf 86' lang='grc' dir='ltr'><strong>ματος,</strong></span> <span class='ocrx_word' id='word_1_120' title='bbox 302 1426 363 1487; x_wconf 76' lang='grc' dir='ltr'>οὗ</span> <span class='ocrx_word' id='word_1_121' title='bbox 394 1434 486 1488; x_wconf 73' lang='grc' dir='ltr'><strong>διὸ.</strong></span> <span class='ocrx_word' id='word_1_122' title='bbox 513 1435 613 1505; x_wconf 77' lang='grc' dir='ltr'><strong>τῆς</strong></span> <span class='ocrx_word' id='word_1_123' title='bbox 643 1435 887 1506; x_wconf 78' lang='grc' dir='ltr'><strong>χάριτος,</strong></span> <span class='ocrx_word' id='word_1_124' title='bbox 918 1429 1031 1489; x_wconf 75' lang='grc' dir='ltr'><strong>οἷον</strong></span> <span class='ocrx_word' id='word_1_125' title='bbox 1059 1433 1149 1486; x_wconf 89' lang='grc' dir='ltr'><strong>διά</strong></span> <span class='ocrx_word' id='word_1_126' title='bbox 1178 1449 1323 1496; x_wconf 90' lang='grc' dir='ltr'><strong>τινος</strong></span> <span class='ocrx_word' id='word_1_127' title='bbox 1357 1431 1660 1503; x_wconf 77' lang='grc' dir='ltr'><strong>φιλήματος</strong></span> 
     </span>
    </p>
   </div>
   <div class='ocr_carea' id='block_1_18' title="bbox 94 1522 1660 1598">
    <p class='ocr_par' dir='ltr' id='par_1_18' title="bbox 94 1522 1660 1598">
     <span class='ocr_line' id='line_1_18' title="bbox 94 1522 1660 1598; baseline -0.004 -17"><span class='ocrx_word' id='word_1_128' title='bbox 94 1526 283 1598; x_wconf 76' lang='grc' dir='ltr'><strong>ἠξιώθη</strong></span> <span class='ocrx_word' id='word_1_129' title='bbox 333 1526 618 1597; x_wconf 55' lang='grc' dir='ltr'><strong>διερευνῷ</strong></span> <span class='ocrx_word' id='word_1_130' title='bbox 659 1525 754 1579; x_wconf 90' lang='grc' dir='ltr'><strong>τοῦ</strong></span> <span class='ocrx_word' id='word_1_131' title='bbox 804 1522 939 1579; x_wconf 83' lang='grc' dir='ltr'><strong>Θεοῦ</strong></span> <span class='ocrx_word' id='word_1_132' title='bbox 977 1524 1043 1578; x_wconf 86' lang='grc' dir='ltr'><strong>τὰ</strong></span> <span class='ocrx_word' id='word_1_133' title='bbox 1097 1523 1237 1594; x_wconf 85' lang='grc' dir='ltr'>βάθη</span> <span class='ocrx_word' id='word_1_134' title='bbox 1263 1561 1279 1587; x_wconf 91' lang='grc'><strong>,</strong></span> <span class='ocrx_word' id='word_1_135' title='bbox 1322 1524 1415 1577; x_wconf 78' lang='grc' dir='ltr'><strong>καὶ</strong></span> <span class='ocrx_word' id='word_1_136' title='bbox 1459 1525 1517 1576; x_wconf 83' lang='grc' dir='ltr'><strong>ὲν</strong></span> <span class='ocrx_word' id='word_1_137' title='bbox 1549 1525 1660 1587; x_wconf 81' lang='grc' dir='ltr'><strong>τοῖς</strong></span> 
     </span>
    </p>
   </div>
   <div class='ocr_carea' id='block_1_19' title="bbox 93 1613 1656 1687">
    <p class='ocr_par' dir='ltr' id='par_1_19' title="bbox 93 1613 1656 1687">
     <span class='ocr_line' id='line_1_19' title="bbox 93 1613 1656 1687; baseline -0.003 -17"><span class='ocrx_word' id='word_1_138' title='bbox 93 1616 286 1680; x_wconf 77' lang='grc' dir='ltr'><strong>ἀδύτοις</strong></span> <span class='ocrx_word' id='word_1_139' title='bbox 331 1616 427 1670; x_wconf 87' lang='grc' dir='ltr'><strong>τοῦ</strong></span> <span class='ocrx_word' id='word_1_140' title='bbox 482 1616 834 1687; x_wconf 80' lang='grc' dir='ltr'><strong>παραδείσου,</strong></span> <span class='ocrx_word' id='word_1_141' title='bbox 877 1614 1020 1669; x_wconf 82' lang='grc' dir='ltr'><strong>κατά</strong></span> <span class='ocrx_word' id='word_1_142' title='bbox 1069 1614 1161 1668; x_wconf 86' lang='grc' dir='ltr'><strong>τὸν</strong></span> <span class='ocrx_word' id='word_1_143' title='bbox 1209 1614 1384 1684; x_wconf 78' lang='grc' dir='ltr'><strong>μέγαν</strong></span> <span class='ocrx_word' id='word_1_144' title='bbox 1426 1613 1656 1676; x_wconf 87' lang='grc' dir='ltr'><strong>Παῦλον,</strong></span> 
     </span>
    </p>
   </div>
   <div class='ocr_carea' id='block_1_20' title="bbox 1759 440 3333 511">
    <p class='ocr_par' dir='ltr' id='par_1_20' title="bbox 1759 440 3333 511">
     <span class='ocr_line' id='line_1_20' title="bbox 1759 440 3333 511; baseline 0.004 -16"><span class='ocrx_word' id='word_1_145' title='bbox 1759 456 1820 495; x_wconf 85' lang='lat' dir='ltr'><strong>se</strong></span> <span class='ocrx_word' id='word_1_146' title='bbox 1847 444 2170 496; x_wconf 78' lang='lat' dir='ltr'><strong>extendunt.</strong></span> <span class='ocrx_word' id='word_1_147' title='bbox 2234 440 2364 496; x_wconf 78' lang='lat' dir='ltr'><strong>Post</strong></span> <span class='ocrx_word' id='word_1_148' title='bbox 2410 451 2458 496; x_wconf 86' lang='lat' dir='ltr'><strong>te</strong></span> <span class='ocrx_word' id='word_1_149' title='bbox 2489 443 2653 507; x_wconf 79' lang='lat' dir='ltr'><strong>enim,</strong></span> <span class='ocrx_word' id='word_1_150' title='bbox 2703 443 2903 511; x_wconf 87' lang='lat' dir='ltr'><strong>inquit,</strong></span> <span class='ocrx_word' id='word_1_151' title='bbox 2954 463 3223 501; x_wconf 71' lang='lat' dir='ltr'><strong>curramus</strong></span> <span class='ocrx_word' id='word_1_152' title='bbox 3278 450 3333 502; x_wconf 83' lang='lat' dir='ltr'><strong>in</strong></span> 
     </span>
    </p>
   </div>
   <div class='ocr_carea' id='block_1_21' title="bbox 1761 531 3330 609">
    <p class='ocr_par' dir='ltr' id='par_1_21' title="bbox 1761 531 3330 609">
     <span class='ocr_line' id='line_1_21' title="bbox 1761 531 3330 609; baseline 0.006 -23"><span class='ocrx_word' id='word_1_153' title='bbox 1761 531 1973 586; x_wconf 84' lang='lat' dir='ltr'><strong>odorem</strong></span> <span class='ocrx_word' id='word_1_154' title='bbox 2014 540 2397 603; x_wconf 73' lang='lat' dir='ltr'><strong>unguentorum</strong></span> <span class='ocrx_word' id='word_1_155' title='bbox 2431 535 2700 589; x_wconf 82' lang='lat' dir='ltr'><strong>tuorum&#39;.</strong></span> <span class='ocrx_word' id='word_1_156' title='bbox 2730 531 2835 589; x_wconf 90' lang='lat' dir='ltr'><strong>Sed</strong></span> <span class='ocrx_word' id='word_1_157' title='bbox 2861 550 2939 590; x_wconf 62' lang='lat' dir='ltr'><strong>ea!</strong></span> <span class='ocrx_word' id='word_1_158' title='bbox 2959 537 3177 605; x_wconf 83' lang='lat' dir='ltr'><strong>quidem</strong></span> <span class='ocrx_word' id='word_1_159' title='bbox 3208 556 3330 609; x_wconf 60' lang='lat' dir='ltr'><strong>quae</strong></span> 
     </span>
    </p>
   </div>
   <div class='ocr_carea' id='block_1_22' title="bbox 1756 622 3330 695">
    <p class='ocr_par' dir='ltr' id='par_1_22' title="bbox 1756 622 3330 695">
     <span class='ocr_line' id='line_1_22' title="bbox 1756 622 3330 695; baseline 0.005 -20"><span class='ocrx_word' id='word_1_160' title='bbox 1756 622 1975 679; x_wconf 84' lang='lat' dir='ltr'><strong>virtutis</strong></span> <span class='ocrx_word' id='word_1_161' title='bbox 2011 623 2255 678; x_wconf 91' lang='lat' dir='ltr'><strong>nondum</strong></span> <span class='ocrx_word' id='word_1_162' title='bbox 2294 623 2499 679; x_wconf 94' lang='lat' dir='ltr'><strong>habent</strong></span> <span class='ocrx_word' id='word_1_163' title='bbox 2528 624 2941 695; x_wconf 71' lang='lat' dir='ltr'><strong>perfectionem,</strong></span> <span class='ocrx_word' id='word_1_164' title='bbox 2989 634 3042 683; x_wconf 88' lang='lat' dir='ltr'><strong>et</strong></span> <span class='ocrx_word' id='word_1_165' title='bbox 3070 635 3201 683; x_wconf 92' lang='lat' dir='ltr'><strong>sunt</strong></span> <span class='ocrx_word' id='word_1_166' title='bbox 3230 629 3330 683; x_wconf 89' lang='lat' dir='ltr'><strong>ad-</strong></span> 
     </span>
    </p>
   </div>
   <div class='ocr_carea' id='block_1_23' title="bbox 1759 712 3334 787">
    <p class='ocr_par' dir='ltr' id='par_1_23' title="bbox 1759 712 3334 787">
     <span class='ocr_line' id='line_1_23' title="bbox 1759 712 3334 787; baseline 0.006 -21"><span class='ocrx_word' id='word_1_167' title='bbox 1759 712 1868 768; x_wconf 85' lang='lat' dir='ltr'><strong>huc</strong></span> <span class='ocrx_word' id='word_1_168' title='bbox 1899 722 2061 770; x_wconf 81' lang='lat' dir='ltr'><strong>aetate</strong></span> <span class='ocrx_word' id='word_1_169' title='bbox 2094 715 2348 785; x_wconf 77' lang='lat' dir='ltr'><strong>juvenes,</strong></span> <span class='ocrx_word' id='word_1_170' title='bbox 2385 717 2713 786; x_wconf 74' lang='lat' dir='ltr'><strong>proﬁtentur</strong></span> <span class='ocrx_word' id='word_1_171' title='bbox 2741 733 2801 773; x_wconf 91' lang='lat' dir='ltr'><strong>se</strong></span> <span class='ocrx_word' id='word_1_172' title='bbox 2829 733 2953 774; x_wconf 90' lang='lat' dir='ltr'><strong>esse</strong></span> <span class='ocrx_word' id='word_1_173' title='bbox 2980 734 3243 787; x_wconf 81' lang='lat' dir='ltr'><strong>cursuras</strong></span> <span class='ocrx_word' id='word_1_174' title='bbox 3264 721 3334 776; x_wconf 89' lang='lat' dir='ltr'><strong>ad</strong></span> 
     </span>
    </p>
   </div>
   <div class='ocr_carea' id='block_1_24' title="bbox 1757 808 3330 882">
    <p class='ocr_par' dir='ltr' id='par_1_24' title="bbox 1757 808 3330 882">
     <span class='ocr_line' id='line_1_24' title="bbox 1757 808 3330 882; baseline 0.006 -24"><span class='ocrx_word' id='word_1_175' title='bbox 1757 819 1986 875; x_wconf 89' lang='lat' dir='ltr'><strong>scopum</strong></span> <span class='ocrx_word' id='word_1_176' title='bbox 2043 823 2205 877; x_wconf 85' lang='lat' dir='ltr'><strong>quem</strong></span> <span class='ocrx_word' id='word_1_177' title='bbox 2261 808 2342 863; x_wconf 90' lang='lat' dir='ltr'><strong>eis</strong></span> <span class='ocrx_word' id='word_1_178' title='bbox 2403 810 2641 865; x_wconf 82' lang='lat' dir='ltr'><strong>ostendit</strong></span> <span class='ocrx_word' id='word_1_179' title='bbox 2695 811 2832 864; x_wconf 91' lang='lat' dir='ltr'><strong>odor</strong></span> <span class='ocrx_word' id='word_1_180' title='bbox 2904 820 3330 882; x_wconf 88' lang='lat' dir='ltr'><strong>unguentorum.</strong></span> 
     </span>
    </p>
   </div>
   <div class='ocr_carea' id='block_1_25' title="bbox 1758 893 3323 972">
    <p class='ocr_par' dir='ltr' id='par_1_25' title="bbox 1758 893 3323 972">
     <span class='ocr_line' id='line_1_25' title="bbox 1758 893 3323 972; baseline 0.006 -24"><span class='ocrx_word' id='word_1_181' title='bbox 1758 893 1954 951; x_wconf 88' lang='lat' dir='ltr'><strong>Dicunt</strong></span> <span class='ocrx_word' id='word_1_182' title='bbox 1970 897 2114 953; x_wconf 92' lang='lat' dir='ltr'><strong>enim</strong></span> <span class='ocrx_word' id='word_1_183' title='bbox 2143 917 2157 953; x_wconf 91' lang='lat'><strong>:</strong></span> <span class='ocrx_word' id='word_1_184' title='bbox 2187 898 2475 955; x_wconf 76' lang='lat' dir='ltr'><strong>Curremus</strong></span> <span class='ocrx_word' id='word_1_185' title='bbox 2501 901 2556 954; x_wconf 84' lang='lat' dir='ltr'><strong>in</strong></span> <span class='ocrx_word' id='word_1_186' title='bbox 2577 901 2786 955; x_wconf 85' lang='lat' dir='ltr'><strong>odorem</strong></span> <span class='ocrx_word' id='word_1_187' title='bbox 2802 913 3184 972; x_wconf 81' lang='lat' dir='ltr'><strong>unguentorum</strong></span> <span class='ocrx_word' id='word_1_188' title='bbox 3209 914 3323 957; x_wconf 85' lang='lat' dir='ltr'><strong>tuo-</strong></span> 
     </span>
    </p>
   </div>
   <div class='ocr_carea' id='block_1_26' title="bbox 1762 987 3332 1050">
    <p class='ocr_par' dir='ltr' id='par_1_26' title="bbox 1762 987 3332 1050">
     <span class='ocr_line' id='line_1_26' title="bbox 1762 987 3332 1050; baseline 0.008 -12"><span class='ocrx_word' id='word_1_189' title='bbox 1762 1002 1903 1042; x_wconf 85' lang='lat' dir='ltr'><strong>rum.</strong></span> <span class='ocrx_word' id='word_1_190' title='bbox 1934 987 2236 1044; x_wconf 81' lang='lat' dir='ltr'><strong>Perfectior</strong></span> <span class='ocrx_word' id='word_1_191' title='bbox 2285 998 2468 1045; x_wconf 88' lang='lat' dir='ltr'><strong>autem</strong></span> <span class='ocrx_word' id='word_1_192' title='bbox 2513 989 2697 1046; x_wconf 88' lang='lat' dir='ltr'><strong>anima</strong></span> <span class='ocrx_word' id='word_1_193' title='bbox 2736 991 3115 1049; x_wconf 81' lang='lat' dir='ltr'><strong>vehementius</strong></span> <span class='ocrx_word' id='word_1_194' title='bbox 3156 994 3223 1048; x_wconf 92' lang='lat' dir='ltr'><strong>ad</strong></span> <span class='ocrx_word' id='word_1_195' title='bbox 3268 1010 3332 1050; x_wconf 87' lang='lat' dir='ltr'><strong>ea</strong></span> 
     </span>
    </p>
   </div>
   <div class='ocr_carea' id='block_1_27' title="bbox 1767 1082 3334 1154">
    <p class='ocr_par' dir='ltr' id='par_1_27' title="bbox 1767 1082 3334 1154">
     <span class='ocr_line' id='line_1_27' title="bbox 1767 1082 3334 1154; baseline 0.003 -21"><span class='ocrx_word' id='word_1_196' title='bbox 1767 1094 1889 1149; x_wconf 75' lang='lat' dir='ltr'><strong>qua:</strong></span> <span class='ocrx_word' id='word_1_197' title='bbox 1913 1088 2042 1134; x_wconf 91' lang='lat' dir='ltr'><strong>sunt</strong></span> <span class='ocrx_word' id='word_1_198' title='bbox 2089 1089 2216 1135; x_wconf 82' lang='lat' dir='ltr'><strong>ante</strong></span> <span class='ocrx_word' id='word_1_199' title='bbox 2266 1090 2516 1145; x_wconf 60' lang='lat' dir='ltr'><strong>extensa,</strong></span> <span class='ocrx_word' id='word_1_200' title='bbox 2549 1082 2662 1151; x_wconf 85' lang='lat' dir='ltr'><strong>jam</strong></span> <span class='ocrx_word' id='word_1_201' title='bbox 2717 1097 2943 1153; x_wconf 85' lang='lat' dir='ltr'><strong>scopum</strong></span> <span class='ocrx_word' id='word_1_202' title='bbox 2994 1084 3334 1154; x_wconf 82' lang='lat' dir='ltr'><strong>assequitur,</strong></span> 
     </span>
    </p>
   </div>
   <div class='ocr_carea' id='block_1_28' title="bbox 1758 1157 3337 1245">
    <p class='ocr_par' dir='ltr' id='par_1_28' title="bbox 1758 1157 3337 1245">
     <span class='ocr_line' id='line_1_28' title="bbox 1758 1157 3337 1245; baseline 0.003 -22"><span class='ocrx_word' id='word_1_203' title='bbox 1758 1178 1982 1239; x_wconf 85' lang='lat' dir='ltr'><strong>propter</strong></span> <span class='ocrx_word' id='word_1_204' title='bbox 2015 1186 2176 1240; x_wconf 87' lang='lat' dir='ltr'><strong>quem</strong></span> <span class='ocrx_word' id='word_1_205' title='bbox 2228 1157 2424 1227; x_wconf 80' lang='lat' dir='ltr'><strong>cursus</strong></span> <span class='ocrx_word' id='word_1_206' title='bbox 2456 1174 2758 1243; x_wconf 79' lang='lat' dir='ltr'><strong>perﬁcitur,</strong></span> <span class='ocrx_word' id='word_1_207' title='bbox 2797 1183 2851 1228; x_wconf 92' lang='lat' dir='ltr'><strong>et</strong></span> <span class='ocrx_word' id='word_1_208' title='bbox 2879 1173 3043 1245; x_wconf 88' lang='lat' dir='ltr'><strong>digna</strong></span> <span class='ocrx_word' id='word_1_209' title='bbox 3083 1184 3337 1229; x_wconf 72' lang='lat' dir='ltr'><strong>censetur</strong></span> 
     </span>
    </p>
   </div>
   <div class='ocr_carea' id='block_1_29' title="bbox 1760 1262 3332 1334">
    <p class='ocr_par' dir='ltr' id='par_1_29' title="bbox 1760 1262 3332 1334">
     <span class='ocr_line' id='line_1_29' title="bbox 1760 1262 3332 1334; baseline 0.003 -19"><span class='ocrx_word' id='word_1_210' title='bbox 1760 1262 2035 1316; x_wconf 84' lang='lat' dir='ltr'><strong>thesauris</strong></span> <span class='ocrx_word' id='word_1_211' title='bbox 2084 1265 2176 1333; x_wconf 89' lang='lat' dir='ltr'><strong>qui</strong></span> <span class='ocrx_word' id='word_1_212' title='bbox 2223 1272 2355 1318; x_wconf 92' lang='lat' dir='ltr'><strong>sunt</strong></span> <span class='ocrx_word' id='word_1_213' title='bbox 2408 1264 2463 1318; x_wconf 94' lang='lat' dir='ltr'><strong>in</strong></span> <span class='ocrx_word' id='word_1_214' title='bbox 2498 1264 2894 1334; x_wconf 84' lang='lat' dir='ltr'><strong>penetralibus.</strong></span> <span class='ocrx_word' id='word_1_215' title='bbox 2955 1265 3095 1321; x_wconf 85' lang='lat' dir='ltr'><strong>Dicit</strong></span> <span class='ocrx_word' id='word_1_216' title='bbox 3142 1265 3332 1320; x_wconf 79' lang='lat' dir='ltr'><strong>enim:</strong></span> 
     </span>
    </p>
   </div>
   <div class='ocr_carea' id='block_1_30' title="bbox 1758 1350 3339 1426">
    <p class='ocr_par' dir='ltr' id='par_1_30' title="bbox 1758 1350 3339 1426">
     <span class='ocr_line' id='line_1_30' title="bbox 1758 1350 3339 1426; baseline 0.004 -21"><span class='ocrx_word' id='word_1_217' title='bbox 1758 1350 2071 1406; x_wconf 71' lang='lat' dir='ltr'><strong>Introduxit</strong></span> <span class='ocrx_word' id='word_1_218' title='bbox 2108 1370 2189 1408; x_wconf 87' lang='lat' dir='ltr'><strong>me</strong></span> <span class='ocrx_word' id='word_1_219' title='bbox 2229 1370 2319 1408; x_wconf 77' lang='lat' dir='ltr'><strong>rea:</strong></span> <span class='ocrx_word' id='word_1_220' title='bbox 2349 1355 2405 1409; x_wconf 84' lang='lat' dir='ltr'><strong>in</strong></span> <span class='ocrx_word' id='word_1_221' title='bbox 2434 1373 2532 1410; x_wconf 81' lang='lat' dir='ltr'><strong>sua</strong></span> <span class='ocrx_word' id='word_1_222' title='bbox 2565 1357 2879 1425; x_wconf 78' lang='lat' dir='ltr'><strong>penetralia.</strong></span> <span class='ocrx_word' id='word_1_223' title='bbox 2919 1354 3053 1410; x_wconf 83' lang='lat' dir='ltr'><strong>Nam</strong></span> <span class='ocrx_word' id='word_1_224' title='bbox 3096 1356 3186 1410; x_wconf 88' lang='lat' dir='ltr'><strong>illa</strong></span> <span class='ocrx_word' id='word_1_225' title='bbox 3217 1357 3339 1426; x_wconf 48' lang='lat' dir='ltr'><strong>qui‘</strong></span> 
     </span>
    </p>
   </div>
   <div class='ocr_carea' id='block_1_31' title="bbox 1759 1440 3338 1515">
    <p class='ocr_par' dir='ltr' id='par_1_31' title="bbox 1759 1440 3338 1515">
     <span class='ocr_line' id='line_1_31' title="bbox 1759 1440 3338 1515; baseline 0.003 -20"><span class='ocrx_word' id='word_1_226' title='bbox 1759 1440 1880 1496; x_wconf 73' lang='lat' dir='ltr'><strong>dem</strong></span> <span class='ocrx_word' id='word_1_227' title='bbox 1917 1458 2040 1496; x_wconf 92' lang='lat' dir='ltr'><strong>cum</strong></span> <span class='ocrx_word' id='word_1_228' title='bbox 2078 1446 2310 1499; x_wconf 84' lang='lat' dir='ltr'><strong>summis</strong></span> <span class='ocrx_word' id='word_1_229' title='bbox 2341 1445 2510 1501; x_wconf 90' lang='lat' dir='ltr'><strong>labris</strong></span> <span class='ocrx_word' id='word_1_230' title='bbox 2540 1445 2741 1500; x_wconf 88' lang='lat' dir='ltr'><strong>bonum</strong></span> <span class='ocrx_word' id='word_1_231' title='bbox 2775 1454 2998 1515; x_wconf 75' lang='lat' dir='ltr'><strong>tangere</strong></span> <span class='ocrx_word' id='word_1_232' title='bbox 3020 1442 3338 1500; x_wconf 82' lang='lat' dir='ltr'><strong>desideras—</strong></span> 
     </span>
    </p>
   </div>
   <div class='ocr_carea' id='block_1_32' title="bbox 1760 1534 3337 1604">
    <p class='ocr_par' dir='ltr' id='par_1_32' title="bbox 1760 1534 3337 1604">
     <span class='ocr_line' id='line_1_32' title="bbox 1760 1534 3337 1604; baseline 0.002 -18"><span class='ocrx_word' id='word_1_233' title='bbox 1760 1540 1864 1597; x_wconf 85' lang='lat' dir='ltr'><strong>set,</strong></span> <span class='ocrx_word' id='word_1_234' title='bbox 1897 1543 1952 1588; x_wconf 92' lang='lat' dir='ltr'><strong>et</strong></span> <span class='ocrx_word' id='word_1_235' title='bbox 1992 1534 2459 1603; x_wconf 88' lang='lat' dir='ltr'><strong>pulchritudinem</strong></span> <span class='ocrx_word' id='word_1_236' title='bbox 2508 1536 2855 1591; x_wconf 89' lang='lat' dir='ltr'><strong>solummodo</strong></span> <span class='ocrx_word' id='word_1_237' title='bbox 2884 1543 3093 1589; x_wconf 82' lang='lat' dir='ltr'><strong>tantum</strong></span> <span class='ocrx_word' id='word_1_238' title='bbox 3122 1535 3337 1604; x_wconf 61' lang='lat' dir='ltr'><strong>attigiso</strong></span> 
     </span>
    </p>
   </div>
   <div class='ocr_carea' id='block_1_33' title="bbox 1762 1627 3338 1697">
    <p class='ocr_par' dir='ltr' id='par_1_33' title="bbox 1762 1627 3338 1697">
     <span class='ocr_line' id='line_1_33' title="bbox 1762 1627 3338 1697; baseline 0.001 -19"><span class='ocrx_word' id='word_1_239' title='bbox 1762 1631 1865 1686; x_wconf 86' lang='lat' dir='ltr'><strong>set,</strong></span> <span class='ocrx_word' id='word_1_240' title='bbox 1893 1627 2157 1694; x_wconf 85' lang='lat' dir='ltr'><strong>qd’antum</strong></span> <span class='ocrx_word' id='word_1_241' title='bbox 2193 1627 2400 1681; x_wconf 81' lang='lat' dir='ltr'><strong>indicat</strong></span> <span class='ocrx_word' id='word_1_242' title='bbox 2434 1627 2514 1682; x_wconf 87' lang='lat' dir='ltr'><strong>vis</strong></span> <span class='ocrx_word' id='word_1_243' title='bbox 2550 1627 2799 1697; x_wconf 79' lang='lat' dir='ltr'><strong>Optandi,</strong></span> <span class='ocrx_word' id='word_1_244' title='bbox 2849 1628 2994 1682; x_wconf 87' lang='lat' dir='ltr'><strong>votis</strong></span> <span class='ocrx_word' id='word_1_245' title='bbox 3025 1627 3181 1697; x_wconf 77' lang='lat' dir='ltr'><strong>petiit</strong></span> <span class='ocrx_word' id='word_1_246' title='bbox 3203 1642 3338 1696; x_wconf 86' lang='lat' dir='ltr'><strong>quo-</strong></span> 
     </span>
    </p>
   </div>
   <div class='ocr_carea' id='block_1_34' title="bbox 92 1694 1656 1785">
    <p class='ocr_par' dir='ltr' id='par_1_34' title="bbox 92 1705 1649 1780">
     <span class='ocr_line' id='line_1_34' title="bbox 92 1705 1649 1780; baseline -0.003 -18"><span class='ocrx_word' id='word_1_247' title='bbox 92 1711 210 1780; x_wconf 80' lang='grc' dir='ltr'>ὀρᾷν</span> <span class='ocrx_word' id='word_1_248' title='bbox 229 1708 287 1761; x_wconf 84' lang='grc' dir='ltr'><em>τέ</em></span> <span class='ocrx_word' id='word_1_249' title='bbox 314 1724 450 1779; x_wconf 74' lang='grc' dir='ltr'><strong>φησι</strong></span> <span class='ocrx_word' id='word_1_250' title='bbox 469 1708 541 1761; x_wconf 81' lang='grc' dir='ltr'><strong>τὰ</strong></span> <span class='ocrx_word' id='word_1_251' title='bbox 569 1708 796 1774; x_wconf 82' lang='grc' dir='ltr'><strong>ἀθέατα,</strong></span> <span class='ocrx_word' id='word_1_252' title='bbox 824 1706 1046 1762; x_wconf 74' lang='grc' dir='ltr'><strong>καὶτῶν</strong></span> <span class='ocrx_word' id='word_1_253' title='bbox 1065 1705 1349 1778; x_wconf 83' lang='grc' dir='ltr'><strong>ἀλαλήτων</strong></span> <span class='ocrx_word' id='word_1_254' title='bbox 1376 1706 1649 1777; x_wconf 73' lang='grc' dir='ltr'><strong>ἐπακροά-</strong></span> 
     </span>
    </p>
   </div>
   <div class='ocr_carea' id='block_1_35' title="bbox 1834 1694 3341 1785">
    <p class='ocr_par' dir='ltr' id='par_1_35' title="bbox 1834 1704 3341 1785">
     <span class='ocr_line' id='line_1_35' title="bbox 1834 1704 3341 1785; baseline 0.002 -21"><span class='ocrx_word' id='word_1_255' title='bbox 1834 1726 1876 1764; x_wconf 87' lang='lat' dir='ltr'><strong>rn</strong></span> <span class='ocrx_word' id='word_1_256' title='bbox 1938 1704 2100 1768; x_wconf 81' lang='lat' dir='ltr'><strong>veluti</strong></span> <span class='ocrx_word' id='word_1_257' title='bbox 2136 1715 2329 1769; x_wconf 88' lang='lat' dir='ltr'><strong>osculo</strong></span> <span class='ocrx_word' id='word_1_258' title='bbox 2374 1713 2540 1784; x_wconf 83' lang='lat' dir='ltr'><strong>digna</strong></span> <span class='ocrx_word' id='word_1_259' title='bbox 2590 1714 2805 1770; x_wconf 75' lang='lat' dir='ltr'><strong>censeri</strong></span> <span class='ocrx_word' id='word_1_260' title='bbox 2851 1731 2945 1785; x_wconf 89' lang='lat' dir='ltr'><strong>per</strong></span> <span class='ocrx_word' id='word_1_261' title='bbox 2995 1712 3159 1769; x_wconf 78' lang='lat' dir='ltr'><strong>Verbi</strong></span> <span class='ocrx_word' id='word_1_262' title='bbox 3212 1715 3341 1769; x_wconf 71' lang='lat' dir='ltr'><strong>illu~</strong></span> 
     </span>
    </p>
   </div>
   <div class='ocr_carea' id='block_1_36' title="bbox 96 1801 525 1871">
    <p class='ocr_par' dir='ltr' id='par_1_36' title="bbox 96 1801 525 1871">
     <span class='ocr_line' id='line_1_36' title="bbox 96 1801 525 1871; baseline 0.002 -16"><span class='ocrx_word' id='word_1_263' title='bbox 96 1801 204 1855; x_wconf 82' lang='grc' dir='ltr'><strong>σθαι</strong></span> <span class='ocrx_word' id='word_1_264' title='bbox 244 1801 525 1871; x_wconf 74' lang='grc' dir='ltr'><strong>ῥημάτων.</strong></span> 
     </span>
    </p>
   </div>
   <div class='ocr_carea' id='block_1_37' title="bbox 1754 1803 3329 1868">
    <p class='ocr_par' dir='ltr' id='par_1_37' title="bbox 1754 1803 3329 1868">
     <span class='ocr_line' id='line_1_37' title="bbox 1754 1803 3329 1868; baseline 0.004 -14"><span class='ocrx_word' id='word_1_265' title='bbox 1754 1803 2131 1859; x_wconf 86' lang='lat' dir='ltr'><strong>minationem.</strong></span> <span class='ocrx_word' id='word_1_266' title='bbox 2160 1804 2285 1860; x_wconf 69' lang='lat' dir='ltr'><strong>llaec</strong></span> <span class='ocrx_word' id='word_1_267' title='bbox 2308 1815 2489 1860; x_wconf 86' lang='lat' dir='ltr'><strong>autem</strong></span> <span class='ocrx_word' id='word_1_268' title='bbox 2542 1816 2818 1868; x_wconf 85' lang='lat' dir='ltr'><strong>assecuta.</strong></span> <span class='ocrx_word' id='word_1_269' title='bbox 2878 1814 2932 1860; x_wconf 89' lang='lat' dir='ltr'><strong>et</strong></span> <span class='ocrx_word' id='word_1_270' title='bbox 2962 1807 3029 1861; x_wconf 89' lang='lat' dir='ltr'><strong>ad</strong></span> <span class='ocrx_word' id='word_1_271' title='bbox 3094 1806 3329 1861; x_wconf 83' lang='lat' dir='ltr'><strong>interius</strong></span> 
     </span>
    </p>
   </div>
   <div class='ocr_carea' id='block_1_38' title="bbox 94 1893 3339 1968">
    <p class='ocr_par' dir='ltr' id='par_1_38' title="bbox 94 1893 3339 1968">
     <span class='ocr_line' id='line_1_38' title="bbox 94 1893 3339 1968; baseline 0.001 -21"><span class='ocrx_word' id='word_1_272' title='bbox 94 1906 331 1948; x_wconf 80' lang='lat' dir='ltr'><strong>arcanum</strong></span> <span class='ocrx_word' id='word_1_273' title='bbox 362 1894 692 1965; x_wconf 84' lang='lat' dir='ltr'><strong>cogitatione</strong></span> <span class='ocrx_word' id='word_1_274' title='bbox 719 1893 1201 1964; x_wconf 78' lang='lat' dir='ltr'><strong>ingressa,elamat</strong></span> <span class='ocrx_word' id='word_1_275' title='bbox 1225 1908 1334 1949; x_wconf 91' lang='lat' dir='ltr'><strong>non</strong></span> <span class='ocrx_word' id='word_1_276' title='bbox 1392 1893 1567 1949; x_wconf 90' lang='lat' dir='ltr'><strong>solum</strong></span> <span class='ocrx_word' id='word_1_277' title='bbox 1590 1906 1714 1949; x_wconf 86' lang='lat' dir='ltr'><strong>esse</strong></span> <span class='ocrx_word' id='word_1_278' title='bbox 1752 1910 1975 1951; x_wconf 85' lang='lat' dir='ltr'><strong>cursum</strong></span> <span class='ocrx_word' id='word_1_279' title='bbox 2026 1898 2080 1951; x_wconf 88' lang='lat' dir='ltr'><strong>in</strong></span> <span class='ocrx_word' id='word_1_280' title='bbox 2135 1898 2422 1954; x_wconf 83' lang='lat' dir='ltr'><strong>vestibulis</strong></span> <span class='ocrx_word' id='word_1_281' title='bbox 2476 1901 2769 1964; x_wconf 88' lang='lat' dir='ltr'><strong>bonorum,</strong></span> <span class='ocrx_word' id='word_1_282' title='bbox 2827 1899 2923 1954; x_wconf 90' lang='lat' dir='ltr'><strong>sed</strong></span> <span class='ocrx_word' id='word_1_283' title='bbox 2965 1899 3022 1953; x_wconf 91' lang='lat' dir='ltr'><strong>in</strong></span> <span class='ocrx_word' id='word_1_284' title='bbox 3075 1897 3339 1968; x_wconf 84' lang='lat' dir='ltr'><strong>primitiis</strong></span> 
     </span>
    </p>
   </div>
   <div class='ocr_carea' id='block_1_39' title="bbox 94 1989 3338 2063">
    <p class='ocr_par' dir='ltr' id='par_1_39' title="bbox 94 1989 3338 2063">
     <span class='ocr_line' id='line_1_39' title="bbox 94 1989 3338 2063; baseline -0.001 -17"><span class='ocrx_word' id='word_1_285' title='bbox 94 1992 333 2062; x_wconf 85' lang='lat' dir='ltr'><strong>Spiritus,</strong></span> <span class='ocrx_word' id='word_1_286' title='bbox 363 2006 463 2057; x_wconf 90' lang='lat' dir='ltr'><strong>per</strong></span> <span class='ocrx_word' id='word_1_287' title='bbox 512 1989 674 2059; x_wconf 83' lang='lat' dir='ltr'><strong>cujus</strong></span> <span class='ocrx_word' id='word_1_288' title='bbox 711 1990 967 2061; x_wconf 76' lang='lat' dir='ltr'><strong>gratiam,</strong></span> <span class='ocrx_word' id='word_1_289' title='bbox 1006 1990 1174 2044; x_wconf 89' lang='lat' dir='ltr'><strong>veluti</strong></span> <span class='ocrx_word' id='word_1_290' title='bbox 1234 2004 1330 2059; x_wconf 90' lang='lat' dir='ltr'><strong>per</strong></span> <span class='ocrx_word' id='word_1_291' title='bbox 1380 1990 1656 2059; x_wconf 89' lang='lat' dir='ltr'><strong>quoddam</strong></span> <span class='ocrx_word' id='word_1_292' title='bbox 1711 1991 1982 2054; x_wconf 88' lang='lat' dir='ltr'><strong>osculum,</strong></span> <span class='ocrx_word' id='word_1_293' title='bbox 2033 1993 2196 2062; x_wconf 86' lang='lat' dir='ltr'><strong>digna</strong></span> <span class='ocrx_word' id='word_1_294' title='bbox 2266 1992 2456 2049; x_wconf 87' lang='lat' dir='ltr'><strong>habita</strong></span> <span class='ocrx_word' id='word_1_295' title='bbox 2507 2000 2592 2049; x_wconf 87' lang='lat' dir='ltr'><strong>est</strong></span> <span class='ocrx_word' id='word_1_296' title='bbox 2638 2007 2760 2063; x_wconf 66' lang='lat' dir='ltr'><strong>qua</strong></span> <span class='ocrx_word' id='word_1_297' title='bbox 2805 2000 3142 2047; x_wconf 85' lang='lat' dir='ltr'><strong>scrutaretur</strong></span> <span class='ocrx_word' id='word_1_298' title='bbox 3209 2005 3338 2060; x_wconf 93' lang='lat' dir='ltr'><strong>pro-</strong></span> 
     </span>
    </p>
   </div>
   <div class='ocr_carea' id='block_1_40' title="bbox 93 2084 3336 2158">
    <p class='ocr_par' dir='ltr' id='par_1_40' title="bbox 93 2084 3336 2158">
     <span class='ocr_line' id='line_1_40' title="bbox 93 2084 3336 2158; baseline 0 -20"><span class='ocrx_word' id='word_1_299' title='bbox 93 2086 244 2140; x_wconf 73' lang='lat' dir='ltr'><strong>funda</strong></span> <span class='ocrx_word' id='word_1_300' title='bbox 300 2085 417 2149; x_wconf 83' lang='lat' dir='ltr'><strong>Dei.</strong></span> <span class='ocrx_word' id='word_1_301' title='bbox 472 2093 528 2141; x_wconf 74' lang='lat' dir='ltr'><strong>et</strong></span> <span class='ocrx_word' id='word_1_302' title='bbox 572 2102 696 2143; x_wconf 90' lang='lat' dir='ltr'><strong>cum</strong></span> <span class='ocrx_word' id='word_1_303' title='bbox 729 2098 875 2143; x_wconf 89' lang='lat' dir='ltr'><strong>esset</strong></span> <span class='ocrx_word' id='word_1_304' title='bbox 943 2089 999 2142; x_wconf 90' lang='lat' dir='ltr'><strong>in</strong></span> <span class='ocrx_word' id='word_1_305' title='bbox 1060 2087 1239 2158; x_wconf 86' lang='lat' dir='ltr'><strong>adytis</strong></span> <span class='ocrx_word' id='word_1_306' title='bbox 1289 2085 1551 2155; x_wconf 76' lang='lat' dir='ltr'><strong>para.&#39;isi,</strong></span> <span class='ocrx_word' id='word_1_307' title='bbox 1601 2094 1662 2137; x_wconf 92' lang='lat' dir='ltr'><strong>ut</strong></span> <span class='ocrx_word' id='word_1_308' title='bbox 1738 2099 1969 2157; x_wconf 87' lang='lat' dir='ltr'><strong>magnus</strong></span> <span class='ocrx_word' id='word_1_309' title='bbox 2037 2086 2172 2142; x_wconf 87' lang='lat' dir='ltr'><strong>dicit</strong></span> <span class='ocrx_word' id='word_1_310' title='bbox 2227 2084 2451 2153; x_wconf 87' lang='lat' dir='ltr'><strong>Paulus,</strong></span> <span class='ocrx_word' id='word_1_311' title='bbox 2523 2086 2728 2143; x_wconf 86' lang='lat' dir='ltr'><strong>videret</strong></span> <span class='ocrx_word' id='word_1_312' title='bbox 2779 2101 2901 2157; x_wconf 71' lang='lat' dir='ltr'><strong>qua:</strong></span> <span class='ocrx_word' id='word_1_313' title='bbox 2963 2085 3067 2141; x_wconf 91' lang='lat' dir='ltr'><strong>sub</strong></span> <span class='ocrx_word' id='word_1_314' title='bbox 3116 2085 3336 2140; x_wconf 91' lang='lat' dir='ltr'><strong>oculum</strong></span> 
     </span>
    </p>
   </div>
   <div class='ocr_carea' id='block_1_41' title="bbox 93 2178 1890 2251">
    <p class='ocr_par' dir='ltr' id='par_1_41' title="bbox 93 2178 1890 2251">
     <span class='ocr_line' id='line_1_41' title="bbox 93 2178 1890 2251; baseline 0 -18"><span class='ocrx_word' id='word_1_315' title='bbox 93 2195 191 2233; x_wconf 88' lang='lat' dir='ltr'><strong>non</strong></span> <span class='ocrx_word' id='word_1_316' title='bbox 252 2180 480 2247; x_wconf 89' lang='lat' dir='ltr'><strong>cadunt,</strong></span> <span class='ocrx_word' id='word_1_317' title='bbox 558 2192 614 2236; x_wconf 90' lang='lat' dir='ltr'><strong>et</strong></span> <span class='ocrx_word' id='word_1_318' title='bbox 663 2182 878 2237; x_wconf 88' lang='lat' dir='ltr'><strong>audiret</strong></span> <span class='ocrx_word' id='word_1_319' title='bbox 942 2183 1105 2237; x_wconf 88' lang='lat' dir='ltr'><strong>verba</strong></span> <span class='ocrx_word' id='word_1_320' title='bbox 1165 2196 1288 2251; x_wconf 72' lang='lat' dir='ltr'><strong>quae</strong></span> <span class='ocrx_word' id='word_1_321' title='bbox 1343 2195 1454 2234; x_wconf 92' lang='lat' dir='ltr'><strong>non</strong></span> <span class='ocrx_word' id='word_1_322' title='bbox 1522 2179 1649 2234; x_wconf 91' lang='lat' dir='ltr'><strong>licet</strong></span> <span class='ocrx_word' id='word_1_323' title='bbox 1686 2178 1890 2250; x_wconf 90' lang='lat' dir='ltr'><strong>eloqui.</strong></span> 
     </span>
    </p>
   </div>
   <div class='ocr_carea' id='block_1_42' title="bbox 164 2272 1656 2348">
    <p class='ocr_par' dir='ltr' id='par_1_42' title="bbox 164 2272 1656 2348">
     <span class='ocr_line' id='line_1_42' title="bbox 164 2272 1656 2348; baseline 0.001 -23"><span class='ocrx_word' id='word_1_324' title='bbox 164 2272 223 2325; x_wconf 82' lang='lat' dir='ltr'><strong>&#39;H</strong></span> <span class='ocrx_word' id='word_1_325' title='bbox 262 2274 317 2326; x_wconf 79' lang='grc' dir='ltr'><strong>δὲ</strong></span> <span class='ocrx_word' id='word_1_326' title='bbox 351 2274 556 2345; x_wconf 75' lang='grc' dir='ltr'><strong>ἑφεξῆς</strong></span> <span class='ocrx_word' id='word_1_327' title='bbox 607 2276 763 2347; x_wconf 79' lang='grc' dir='ltr'><strong>ῥῆσις</strong></span> <span class='ocrx_word' id='word_1_328' title='bbox 794 2278 892 2345; x_wconf 84' lang='grc' dir='ltr'><strong>τὴν</strong></span> <span class='ocrx_word' id='word_1_329' title='bbox 942 2275 1400 2348; x_wconf 75' lang='grc' dir='ltr'><strong>ὲκκλησιαστικὴν</strong></span> <span class='ocrx_word' id='word_1_330' title='bbox 1444 2277 1656 2328; x_wconf 79' lang='grc' dir='ltr'><strong>οἰκονο-</strong></span> 
     </span>
    </p>
   </div>
   <div class='ocr_carea' id='block_1_43' title="bbox 95 2355 1659 2436">
    <p class='ocr_par' dir='ltr' id='par_1_43' title="bbox 95 2355 1659 2436">
     <span class='ocr_line' id='line_1_43' title="bbox 95 2355 1659 2436; baseline 0.001 -22"><span class='ocrx_word' id='word_1_331' title='bbox 95 2355 211 2431; x_wconf 77' lang='grc' dir='ltr'><strong>μίαν</strong></span> <span class='ocrx_word' id='word_1_332' title='bbox 239 2364 572 2418; x_wconf 83' lang='grc' dir='ltr'><strong>ὲκκαλύπτει</strong></span> <span class='ocrx_word' id='word_1_333' title='bbox 605 2365 683 2436; x_wconf 84' lang='grc' dir='ltr'><strong>τῷ</strong></span> <span class='ocrx_word' id='word_1_334' title='bbox 711 2365 872 2436; x_wconf 85' lang='grc' dir='ltr'><strong>λόγῳ.</strong></span> <span class='ocrx_word' id='word_1_335' title='bbox 905 2368 967 2419; x_wconf 83' lang='lat' dir='ltr'><strong>Ol</strong></span> <span class='ocrx_word' id='word_1_336' title='bbox 1003 2365 1111 2436; x_wconf 88' lang='grc' dir='ltr'><strong>γάρ</strong></span> <span class='ocrx_word' id='word_1_337' title='bbox 1141 2364 1347 2436; x_wconf 87' lang='grc' dir='ltr'><strong>πρῶτοι</strong></span> <span class='ocrx_word' id='word_1_338' title='bbox 1386 2363 1659 2434; x_wconf 87' lang='grc' dir='ltr'><strong>μαθητευ-</strong></span> 
     </span>
    </p>
   </div>
   <div class='ocr_carea' id='block_1_44' title="bbox 92 2455 1657 2530">
    <p class='ocr_par' dir='ltr' id='par_1_44' title="bbox 92 2455 1657 2530">
     <span class='ocr_line' id='line_1_44' title="bbox 92 2455 1657 2530; baseline 0.001 -22"><span class='ocrx_word' id='word_1_339' title='bbox 92 2455 260 2519; x_wconf 81' lang='grc' dir='ltr'><strong>θέντες</strong></span> <span class='ocrx_word' id='word_1_340' title='bbox 280 2459 345 2527; x_wconf 76' lang='grc' dir='ltr'><strong>τῇ</strong></span> <span class='ocrx_word' id='word_1_341' title='bbox 372 2458 582 2530; x_wconf 82' lang='grc' dir='ltr'><strong>χάριτι,</strong></span> <span class='ocrx_word' id='word_1_342' title='bbox 611 2459 701 2512; x_wconf 73' lang='grc' dir='ltr'><strong>καὶ</strong></span> <span class='ocrx_word' id='word_1_343' title='bbox 728 2459 995 2512; x_wconf 82' lang='grc' dir='ltr'><strong>αὐτόπται</strong></span> <span class='ocrx_word' id='word_1_344' title='bbox 1014 2459 1110 2513; x_wconf 74' lang='grc' dir='ltr'><strong>καὶ</strong></span> <span class='ocrx_word' id='word_1_345' title='bbox 1136 2458 1405 2530; x_wconf 76' lang='grc' dir='ltr'><strong>ὑπηρέται</strong></span> <span class='ocrx_word' id='word_1_346' title='bbox 1430 2458 1657 2528; x_wconf 86' lang='grc' dir='ltr'><strong>γενόμε-</strong></span> 
     </span>
    </p>
   </div>
   <div class='ocr_carea' id='block_1_45' title="bbox 90 2548 1657 2622">
    <p class='ocr_par' dir='ltr' id='par_1_45' title="bbox 90 2548 1657 2622">
     <span class='ocr_line' id='line_1_45' title="bbox 90 2548 1657 2622; baseline 0.002 -23"><span class='ocrx_word' id='word_1_347' title='bbox 90 2564 180 2611; x_wconf 78' lang='grc' dir='ltr'><strong>νοι,</strong></span> <span class='ocrx_word' id='word_1_348' title='bbox 208 2549 304 2601; x_wconf 78' lang='grc' dir='ltr'><strong>οὐκ</strong></span> <span class='ocrx_word' id='word_1_349' title='bbox 331 2552 388 2602; x_wconf 81' lang='grc' dir='ltr'><strong>ἐν</strong></span> <span class='ocrx_word' id='word_1_350' title='bbox 417 2551 633 2613; x_wconf 72' lang='grc' dir='ltr'><strong>ἑαυτοῖς</strong></span> <span class='ocrx_word' id='word_1_351' title='bbox 664 2550 725 2602; x_wconf 87' lang='grc' dir='ltr'><strong>τὸ</strong></span> <span class='ocrx_word' id='word_1_352' title='bbox 753 2550 953 2619; x_wconf 83' lang='grc' dir='ltr'><strong>ἀγαθὸν</strong></span> <span class='ocrx_word' id='word_1_353' title='bbox 987 2549 1323 2622; x_wconf 83' lang='grc' dir='ltr'><strong>περιώρισαν</strong></span> <span class='ocrx_word' id='word_1_354' title='bbox 1342 2593 1357 2614; x_wconf 87' lang='grc'><strong>,</strong></span> <span class='ocrx_word' id='word_1_355' title='bbox 1398 2548 1535 2603; x_wconf 86' lang='grc' dir='ltr'><strong>ἀλλά</strong></span> <span class='ocrx_word' id='word_1_356' title='bbox 1563 2550 1657 2603; x_wconf 74' lang='grc' dir='ltr'><strong>καὶ</strong></span> 
     </span>
    </p>
   </div>
   <div class='ocr_carea' id='block_1_46' title="bbox 88 2639 1655 2712">
    <p class='ocr_par' dir='ltr' id='par_1_46' title="bbox 88 2639 1655 2712">
     <span class='ocr_line' id='line_1_46' title="bbox 88 2639 1655 2712; baseline 0.004 -22"><span class='ocrx_word' id='word_1_357' title='bbox 88 2640 192 2701; x_wconf 81' lang='grc' dir='ltr'><strong>τοῖς</strong></span> <span class='ocrx_word' id='word_1_358' title='bbox 221 2640 334 2710; x_wconf 81' lang='grc' dir='ltr'><strong>μετ’</strong></span> <span class='ocrx_word' id='word_1_359' title='bbox 361 2639 610 2704; x_wconf 78' lang='grc' dir='ltr'><strong>ἐκείνους</strong></span> <span class='ocrx_word' id='word_1_360' title='bbox 640 2642 703 2694; x_wconf 83' lang='grc' dir='ltr'><strong>ἐκ</strong></span> <span class='ocrx_word' id='word_1_361' title='bbox 740 2640 1027 2705; x_wconf 85' lang='grc' dir='ltr'><strong>διαδόσεως</strong></span> <span class='ocrx_word' id='word_1_362' title='bbox 1047 2641 1144 2712; x_wconf 84' lang='grc' dir='ltr'><strong>τήν</strong></span> <span class='ocrx_word' id='word_1_363' title='bbox 1184 2641 1355 2711; x_wconf 79' lang='grc' dir='ltr'><strong>αὐτὴν</strong></span> <span class='ocrx_word' id='word_1_364' title='bbox 1393 2639 1655 2712; x_wconf 71' lang='grc' dir='ltr'><strong>ἐποίησαν</strong></span> 
     </span>
    </p>
   </div>
   <div class='ocr_carea' id='block_1_47' title="bbox 91 2729 1651 2803">
    <p class='ocr_par' dir='ltr' id='par_1_47' title="bbox 91 2729 1651 2803">
     <span class='ocr_line' id='line_1_47' title="bbox 91 2729 1651 2803; baseline 0.002 -22"><span class='ocrx_word' id='word_1_365' title='bbox 91 2730 257 2800; x_wconf 74' lang='grc' dir='ltr'><strong>χάριν.</strong></span> <span class='ocrx_word' id='word_1_366' title='bbox 284 2731 383 2784; x_wconf 86' lang='grc' dir='ltr'><strong>Διά</strong></span> <span class='ocrx_word' id='word_1_367' title='bbox 401 2729 566 2784; x_wconf 88' lang='grc' dir='ltr'><strong>τοῦτο</strong></span> <span class='ocrx_word' id='word_1_368' title='bbox 595 2731 730 2803; x_wconf 81' lang='grc' dir='ltr'><strong>πρὸς</strong></span> <span class='ocrx_word' id='word_1_369' title='bbox 754 2730 853 2802; x_wconf 81' lang='grc' dir='ltr'><strong>τὴν</strong></span> <span class='ocrx_word' id='word_1_370' title='bbox 882 2731 1103 2803; x_wconf 80' lang='grc' dir='ltr'><strong>νύμφην</strong></span> <span class='ocrx_word' id='word_1_371' title='bbox 1125 2732 1288 2802; x_wconf 66' lang='grc' dir='ltr'><strong>φασιν</strong></span> <span class='ocrx_word' id='word_1_372' title='bbox 1315 2732 1370 2785; x_wconf 75' lang='grc' dir='ltr'><strong>αἱ</strong></span> <span class='ocrx_word' id='word_1_373' title='bbox 1390 2731 1651 2796; x_wconf 86' lang='grc' dir='ltr'><strong>νεάνιδες,</strong></span> 
     </span>
    </p>
   </div>
   <div class='ocr_carea' id='block_1_48' title="bbox 91 2820 1652 2896">
    <p class='ocr_par' dir='ltr' id='par_1_48' title="bbox 91 2820 1652 2896">
     <span class='ocr_line' id='line_1_48' title="bbox 91 2820 1652 2896; baseline 0.004 -24"><span class='ocrx_word' id='word_1_374' title='bbox 91 2821 179 2890; x_wconf 80' lang='grc' dir='ltr'><strong>τὴν</strong></span> <span class='ocrx_word' id='word_1_375' title='bbox 209 2820 452 2894; x_wconf 85' lang='grc' dir='ltr'><strong>πρώτην,</strong></span> <span class='ocrx_word' id='word_1_376' title='bbox 476 2822 563 2876; x_wconf 78' lang='grc' dir='ltr'><strong>διὰ</strong></span> <span class='ocrx_word' id='word_1_377' title='bbox 589 2822 684 2877; x_wconf 90' lang='grc' dir='ltr'><strong>τοῦ</strong></span> <span class='ocrx_word' id='word_1_378' title='bbox 714 2823 857 2878; x_wconf 83' lang='grc' dir='ltr'><strong>κατά</strong></span> <span class='ocrx_word' id='word_1_379' title='bbox 883 2825 1057 2896; x_wconf 85' lang='grc' dir='ltr'><strong>στόμα</strong></span> <span class='ocrx_word' id='word_1_380' title='bbox 1080 2824 1330 2894; x_wconf 76' lang='grc' dir='ltr'><strong>γενέσθαι</strong></span> <span class='ocrx_word' id='word_1_381' title='bbox 1347 2823 1440 2878; x_wconf 89' lang='grc' dir='ltr'><strong>τοῦ</strong></span> <span class='ocrx_word' id='word_1_382' title='bbox 1459 2824 1652 2893; x_wconf 83' lang='grc' dir='ltr'><strong>Λόγου,</strong></span> 
     </span>
    </p>
   </div>
   <div class='ocr_carea' id='block_1_49' title="bbox 91 2913 1657 2989">
    <p class='ocr_par' dir='ltr' id='par_1_49' title="bbox 91 2913 1657 2989">
     <span class='ocr_line' id='line_1_49' title="bbox 91 2913 1657 2989; baseline 0.004 -24"><span class='ocrx_word' id='word_1_383' title='bbox 91 2913 191 2966; x_wconf 86' lang='grc' dir='ltr'><strong>τῶν</strong></span> <span class='ocrx_word' id='word_1_384' title='bbox 233 2915 458 2982; x_wconf 83' lang='grc' dir='ltr'>ἀγαθῶν</span> <span class='ocrx_word' id='word_1_385' title='bbox 503 2915 918 2987; x_wconf 80' lang='grc' dir='ltr'><strong>πληρωθεῖσαν,</strong></span> <span class='ocrx_word' id='word_1_386' title='bbox 969 2917 1065 2971; x_wconf 77' lang='grc' dir='ltr'><strong>καὶ</strong></span> <span class='ocrx_word' id='word_1_387' title='bbox 1109 2917 1219 2971; x_wconf 89' lang='grc' dir='ltr'><strong>τῶν</strong></span> <span class='ocrx_word' id='word_1_388' title='bbox 1262 2917 1657 2989; x_wconf 82' lang='grc' dir='ltr'><strong>κεκρυμμένων</strong></span> 
     </span>
    </p>
   </div>
   <div class='ocr_carea' id='block_1_50' title="bbox 94 3007 1660 3079">
    <p class='ocr_par' dir='ltr' id='par_1_50' title="bbox 94 3007 1660 3079">
     <span class='ocr_line' id='line_1_50' title="bbox 94 3007 1660 3079; baseline 0.003 -21"><span class='ocrx_word' id='word_1_389' title='bbox 94 3007 398 3078; x_wconf 80' lang='grc' dir='ltr'><strong>μυστηρίων</strong></span> <span class='ocrx_word' id='word_1_390' title='bbox 445 3008 771 3075; x_wconf 78' lang='grc' dir='ltr'><strong>ἀξιωθεῖσαν</strong></span> <span class='ocrx_word' id='word_1_391' title='bbox 792 3049 807 3068; x_wconf 84' lang='grc'><strong>,</strong></span> <span class='ocrx_word' id='word_1_392' title='bbox 845 3009 929 3063; x_wconf 83' lang='grc' dir='ltr'><strong>ὅτι</strong></span> <span class='ocrx_word' id='word_1_393' title='bbox 994 3008 1517 3079; x_wconf 69' lang='grc' dir='ltr'><strong>Ἀγιιλλιασώμεθα</strong></span> <span class='ocrx_word' id='word_1_394' title='bbox 1560 3009 1660 3063; x_wconf 79' lang='grc' dir='ltr'><strong>καὶ</strong></span> 
     </span>
    </p>
   </div>
   <div class='ocr_carea' id='block_1_51' title="bbox 89 3097 1662 3171">
    <p class='ocr_par' dir='ltr' id='par_1_51' title="bbox 89 3097 1662 3171">
     <span class='ocr_line' id='line_1_51' title="bbox 89 3097 1662 3171; baseline 0.002 -23"><span class='ocrx_word' id='word_1_395' title='bbox 89 3097 511 3167; x_wconf 66' lang='grc' dir='ltr'><strong>εὐφρανθῶμεν</strong></span> <span class='ocrx_word' id='word_1_396' title='bbox 530 3099 600 3151; x_wconf 83' lang='grc' dir='ltr'><strong>ἐν</strong></span> <span class='ocrx_word' id='word_1_397' title='bbox 619 3099 739 3152; x_wconf 76' lang='grc' dir='ltr'><strong>σοί.</strong></span> <span class='ocrx_word' id='word_1_398' title='bbox 774 3098 939 3169; x_wconf 83' lang='grc' dir='ltr'><strong>Κοινὴ</strong></span> <span class='ocrx_word' id='word_1_399' title='bbox 962 3099 1070 3169; x_wconf 86' lang='grc' dir='ltr'><strong>γὰρ</strong></span> <span class='ocrx_word' id='word_1_400' title='bbox 1099 3098 1255 3170; x_wconf 88' lang='grc' dir='ltr'><strong>ήμῶν</strong></span> <span class='ocrx_word' id='word_1_401' title='bbox 1283 3100 1398 3151; x_wconf 80' lang='grc' dir='ltr'><strong>ἐστι</strong></span> <span class='ocrx_word' id='word_1_402' title='bbox 1427 3097 1573 3171; x_wconf 73' lang='grc' dir='ltr'><strong>χαρὰ</strong></span> <span class='ocrx_word' id='word_1_403' title='bbox 1601 3098 1662 3152; x_wconf 78' lang='grc' dir='ltr'><strong>τὸ</strong></span> 
     </span>
    </p>
   </div>
   <div class='ocr_carea' id='block_1_52' title="bbox 91 3187 1662 3262">
    <p class='ocr_par' dir='ltr' id='par_1_52' title="bbox 91 3187 1662 3262">
     <span class='ocr_line' id='line_1_52' title="bbox 91 3187 1662 3262; baseline 0.003 -22"><span class='ocrx_word' id='word_1_404' title='bbox 91 3187 177 3240; x_wconf 77' lang='grc' dir='ltr'><strong>σδν</strong></span> <span class='ocrx_word' id='word_1_405' title='bbox 213 3189 569 3260; x_wconf 83' lang='grc' dir='ltr'><strong>ἀγαλλίαμα,</strong></span> <span class='ocrx_word' id='word_1_406' title='bbox 601 3193 684 3244; x_wconf 83' lang='grc' dir='ltr'><strong>δτι</strong></span> <span class='ocrx_word' id='word_1_407' title='bbox 716 3190 793 3254; x_wconf 84' lang='grc' dir='ltr'><strong>ὡς</strong></span> <span class='ocrx_word' id='word_1_408' title='bbox 834 3191 898 3244; x_wconf 80' lang='grc' dir='ltr'><strong>σὺ</strong></span> <span class='ocrx_word' id='word_1_409' title='bbox 934 3190 1028 3244; x_wconf 76' lang='grc' dir='ltr'><strong>καὶ</strong></span> <span class='ocrx_word' id='word_1_410' title='bbox 1065 3190 1285 3261; x_wconf 78' lang='grc' dir='ltr'><strong>ἀγαπᾷς</strong></span> <span class='ocrx_word' id='word_1_411' title='bbox 1334 3190 1473 3262; x_wconf 87' lang='grc' dir='ltr'><strong>ὑπὲρ</strong></span> <span class='ocrx_word' id='word_1_412' title='bbox 1520 3187 1662 3245; x_wconf 73' lang='grc' dir='ltr'>οἶνον</span> 
     </span>
    </p>
   </div>
   <div class='ocr_carea' id='block_1_53' title="bbox 87 3279 1663 3354">
    <p class='ocr_par' dir='ltr' id='par_1_53' title="bbox 87 3279 1663 3354">
     <span class='ocr_line' id='line_1_53' title="bbox 87 3279 1663 3354; baseline 0.003 -23"><span class='ocrx_word' id='word_1_413' title='bbox 87 3279 204 3342; x_wconf 83' lang='grc' dir='ltr'><strong>τοὺς</strong></span> <span class='ocrx_word' id='word_1_414' title='bbox 244 3280 457 3350; x_wconf 79' lang='grc' dir='ltr'><strong>μαζοὺς</strong></span> <span class='ocrx_word' id='word_1_415' title='bbox 491 3280 587 3334; x_wconf 89' lang='grc' dir='ltr'><strong>τοῦ</strong></span> <span class='ocrx_word' id='word_1_416' title='bbox 617 3283 812 3351; x_wconf 87' lang='grc' dir='ltr'><strong>Λόγου,</strong></span> <span class='ocrx_word' id='word_1_417' title='bbox 842 3281 985 3334; x_wconf 80' lang='grc' dir='ltr'><strong>οὕτω</strong></span> <span class='ocrx_word' id='word_1_418' title='bbox 1028 3282 1123 3335; x_wconf 73' lang='grc' dir='ltr'><strong>καὶ</strong></span> <span class='ocrx_word' id='word_1_419' title='bbox 1167 3283 1328 3353; x_wconf 80' lang='grc' dir='ltr'><strong>ἡμεῖς</strong></span> <span class='ocrx_word' id='word_1_420' title='bbox 1360 3283 1441 3337; x_wconf 82' lang='grc' dir='ltr'><strong>σέ.</strong></span> <span class='ocrx_word' id='word_1_421' title='bbox 1475 3284 1663 3354; x_wconf 87' lang='grc' dir='ltr'><strong>Μιμη-</strong></span> 
     </span>
    </p>
   </div>
   <div class='ocr_carea' id='block_1_54' title="bbox 90 3365 1663 3444">
    <p class='ocr_par' dir='ltr' id='par_1_54' title="bbox 90 3365 1663 3444">
     <span class='ocr_line' id='line_1_54' title="bbox 90 3365 1663 3444; baseline 0.004 -24"><span class='ocrx_word' id='word_1_422' title='bbox 90 3368 303 3439; x_wconf 83' lang='grc' dir='ltr'><strong>σώμεθα</strong></span> <span class='ocrx_word' id='word_1_423' title='bbox 334 3373 469 3434; x_wconf 76' lang='grc' dir='ltr'><strong>σοὺς</strong></span> <span class='ocrx_word' id='word_1_424' title='bbox 504 3371 728 3441; x_wconf 77' lang='grc' dir='ltr'><strong>μαζοὺς,</strong></span> <span class='ocrx_word' id='word_1_425' title='bbox 754 3372 821 3425; x_wconf 83' lang='grc' dir='ltr'><strong>δι’</strong></span> <span class='ocrx_word' id='word_1_426' title='bbox 853 3365 925 3424; x_wconf 82' lang='grc' dir='ltr'>ὧν</span> <span class='ocrx_word' id='word_1_427' title='bbox 954 3373 1080 3435; x_wconf 74' lang='grc' dir='ltr'><strong>τοὺς</strong></span> <span class='ocrx_word' id='word_1_428' title='bbox 1103 3371 1327 3441; x_wconf 79' lang='grc' dir='ltr'><strong>νηπίους</strong></span> <span class='ocrx_word' id='word_1_429' title='bbox 1354 3374 1413 3425; x_wconf 73' lang='grc' dir='ltr'><strong>ὲν</strong></span> <span class='ocrx_word' id='word_1_430' title='bbox 1441 3371 1663 3444; x_wconf 81' lang='grc' dir='ltr'><strong>Χριστῷ</strong></span> 
     </span>
    </p>
   </div>
   <div class='ocr_carea' id='block_1_55' title="bbox 87 3461 1664 3535">
    <p class='ocr_par' dir='ltr' id='par_1_55' title="bbox 87 3461 1664 3535">
     <span class='ocr_line' id='line_1_55' title="bbox 87 3461 1664 3535; baseline 0.002 -20"><span class='ocrx_word' id='word_1_431' title='bbox 87 3461 217 3529; x_wconf 79' lang='grc' dir='ltr'><strong>γάλα</strong></span> <span class='ocrx_word' id='word_1_432' title='bbox 269 3462 536 3527; x_wconf 77' lang='grc' dir='ltr'><strong>ποτίζεις.</strong></span> <span class='ocrx_word' id='word_1_433' title='bbox 597 3463 771 3534; x_wconf 82' lang='grc' dir='ltr'>’Υπὲρ</span> <span class='ocrx_word' id='word_1_434' title='bbox 812 3463 903 3517; x_wconf 81' lang='grc' dir='ltr'><strong>τὸν</strong></span> <span class='ocrx_word' id='word_1_435' title='bbox 953 3462 1239 3535; x_wconf 77' lang='grc' dir='ltr'><strong>ἄνθρωπον</strong></span> <span class='ocrx_word' id='word_1_436' title='bbox 1286 3465 1664 3535; x_wconf 85' lang='grc' dir='ltr'><strong>ἀγαπήσωμεν</strong></span> 
     </span>
    </p>
   </div>
   <div class='ocr_carea' id='block_1_56' title="bbox 87 3548 1662 3627">
    <p class='ocr_par' dir='ltr' id='par_1_56' title="bbox 87 3548 1662 3627">
     <span class='ocr_line' id='line_1_56' title="bbox 87 3548 1662 3627; baseline 0.004 -24"><span class='ocrx_word' id='word_1_437' title='bbox 87 3548 237 3607; x_wconf 73' lang='grc' dir='ltr'><strong>οἶνον.</strong></span> <span class='ocrx_word' id='word_1_438' title='bbox 275 3556 387 3609; x_wconf 77' lang='grc' dir='ltr'><strong>Καὶ</strong></span> <span class='ocrx_word' id='word_1_439' title='bbox 421 3554 503 3619; x_wconf 86' lang='grc' dir='ltr'><strong>ὼς</strong></span> <span class='ocrx_word' id='word_1_440' title='bbox 543 3557 608 3610; x_wconf 81' lang='grc' dir='ltr'><strong>ἀν</strong></span> <span class='ocrx_word' id='word_1_441' title='bbox 644 3572 727 3619; x_wconf 85' lang='grc' dir='ltr'><strong>τις</strong></span> <span class='ocrx_word' id='word_1_442' title='bbox 765 3558 857 3609; x_wconf 72' lang='grc' dir='ltr'><strong>ἐπὶ</strong></span> <span class='ocrx_word' id='word_1_443' title='bbox 893 3556 954 3609; x_wconf 83' lang='grc' dir='ltr'><strong>τὸ</strong></span> <span class='ocrx_word' id='word_1_444' title='bbox 988 3554 1323 3626; x_wconf 78' lang='grc' dir='ltr'><strong>σαφέστερον</strong></span> <span class='ocrx_word' id='word_1_445' title='bbox 1358 3557 1662 3627; x_wconf 86' lang='grc' dir='ltr'><strong>προαγάγοι</strong></span> 
     </span>
    </p>
   </div>
   <div class='ocr_carea' id='block_1_57' title="bbox 88 3644 1665 3720">
    <p class='ocr_par' dir='ltr' id='par_1_57' title="bbox 88 3644 1665 3720">
     <span class='ocr_line' id='line_1_57' title="bbox 88 3644 1665 3720; baseline 0.004 -23"><span class='ocrx_word' id='word_1_446' title='bbox 88 3644 144 3697; x_wconf 80' lang='grc' dir='ltr'><strong>τὸ</strong></span> <span class='ocrx_word' id='word_1_447' title='bbox 192 3644 400 3718; x_wconf 83' lang='grc' dir='ltr'><strong>νόημα,</strong></span> <span class='ocrx_word' id='word_1_448' title='bbox 457 3647 698 3700; x_wconf 84' lang='grc' dir='ltr'><strong>τοιοῦτόν</strong></span> <span class='ocrx_word' id='word_1_449' title='bbox 737 3649 851 3701; x_wconf 74' lang='grc' dir='ltr'><strong>ἐστι</strong></span> <span class='ocrx_word' id='word_1_450' title='bbox 900 3648 963 3700; x_wconf 77' lang='grc' dir='ltr'><strong>τὸ</strong></span> <span class='ocrx_word' id='word_1_451' title='bbox 1009 3648 1332 3720; x_wconf 85' lang='grc' dir='ltr'><strong>λεγόμενον·</strong></span> <span class='ocrx_word' id='word_1_452' title='bbox 1382 3648 1665 3719; x_wconf 79' lang='grc' dir='ltr'><strong>Ἠγάπησε</strong></span> 
     </span>
    </p>
   </div>
   <div class='ocr_carea' id='block_1_58' title="bbox 87 3736 1664 3812">
    <p class='ocr_par' dir='ltr' id='par_1_58' title="bbox 87 3736 1664 3812">
     <span class='ocr_line' id='line_1_58' title="bbox 87 3736 1664 3812; baseline 0.004 -26"><span class='ocrx_word' id='word_1_453' title='bbox 87 3736 206 3799; x_wconf 76' lang='grc' dir='ltr'><strong>τοὺς</strong></span> <span class='ocrx_word' id='word_1_454' title='bbox 238 3737 449 3806; x_wconf 80' lang='grc' dir='ltr'><strong>μαζοὺς</strong></span> <span class='ocrx_word' id='word_1_455' title='bbox 484 3736 580 3791; x_wconf 83' lang='grc' dir='ltr'><strong>τοῦ</strong></span> <span class='ocrx_word' id='word_1_456' title='bbox 611 3737 806 3806; x_wconf 87' lang='grc' dir='ltr'><strong>Λόγου,</strong></span> <span class='ocrx_word' id='word_1_457' title='bbox 836 3739 865 3791; x_wconf 81' lang='grc' dir='ltr'>δ</span> <span class='ocrx_word' id='word_1_458' title='bbox 899 3739 990 3791; x_wconf 79' lang='grc' dir='ltr'><strong>ἐπὶ</strong></span> <span class='ocrx_word' id='word_1_459' title='bbox 1016 3739 1078 3792; x_wconf 81' lang='grc' dir='ltr'><strong>τὸ</strong></span> <span class='ocrx_word' id='word_1_460' title='bbox 1104 3739 1297 3810; x_wconf 80' lang='grc' dir='ltr'><strong>στῆθος</strong></span> <span class='ocrx_word' id='word_1_461' title='bbox 1329 3738 1424 3793; x_wconf 87' lang='grc' dir='ltr'><strong>τοῦ</strong></span> <span class='ocrx_word' id='word_1_462' title='bbox 1460 3740 1664 3812; x_wconf 83' lang='grc' dir='ltr'><strong>Κυρίου</strong></span> 
     </span>
    </p>
   </div>
   <div class='ocr_carea' id='block_1_59' title="bbox 89 3822 1665 3902">
    <p class='ocr_par' dir='ltr' id='par_1_59' title="bbox 89 3822 1665 3902">
     <span class='ocr_line' id='line_1_59' title="bbox 89 3822 1665 3902; baseline 0.004 -23"><span class='ocrx_word' id='word_1_463' title='bbox 89 3825 371 3879; x_wconf 75' lang='grc' dir='ltr'><strong>ἀναπεσὼν</strong></span> <span class='ocrx_word' id='word_1_464' title='bbox 411 3827 689 3898; x_wconf 70' lang='grc' dir='ltr'><strong>Ἰωάννης,</strong></span> <span class='ocrx_word' id='word_1_465' title='bbox 718 3829 814 3881; x_wconf 58' lang='grc' dir='ltr'><strong>καὶ¹</strong></span> <span class='ocrx_word' id='word_1_466' title='bbox 837 3822 947 3881; x_wconf 76' lang='grc' dir='ltr'><strong>οἷόν</strong></span> <span class='ocrx_word' id='word_1_467' title='bbox 971 3845 1094 3882; x_wconf 93' lang='grc' dir='ltr'><strong>τινα</strong></span> <span class='ocrx_word' id='word_1_468' title='bbox 1120 3830 1388 3899; x_wconf 76' lang='grc' dir='ltr'><strong>σπογγιάν</strong></span> <span class='ocrx_word' id='word_1_469' title='bbox 1411 3831 1509 3902; x_wconf 80' lang='grc' dir='ltr'><strong>τὴν</strong></span> <span class='ocrx_word' id='word_1_470' title='bbox 1534 3832 1665 3884; x_wconf 65' lang='grc' dir='ltr'><strong>ἑαυσ-</strong></span> 
     </span>
    </p>
   </div>
   <div class='ocr_carea' id='block_1_60' title="bbox 87 3916 1667 3994">
    <p class='ocr_par' dir='ltr' id='par_1_60' title="bbox 87 3916 1667 3994">
     <span class='ocr_line' id='line_1_60' title="bbox 87 3916 1667 3994; baseline 0.004 -25"><span class='ocrx_word' id='word_1_471' title='bbox 87 3916 175 3970; x_wconf 83' lang='grc' dir='ltr'><strong>τοῦ</strong></span> <span class='ocrx_word' id='word_1_472' title='bbox 214 3918 449 3990; x_wconf 60' lang='grc' dir='ltr'><strong>καῷίαν</strong></span> <span class='ocrx_word' id='word_1_473' title='bbox 487 3920 753 3990; x_wconf 73' lang='grc' dir='ltr'><strong>παραθεὶς</strong></span> <span class='ocrx_word' id='word_1_474' title='bbox 784 3922 852 3991; x_wconf 80' lang='grc' dir='ltr'><strong>τῇ</strong></span> <span class='ocrx_word' id='word_1_475' title='bbox 882 3922 1034 3991; x_wconf 86' lang='grc' dir='ltr'><strong>πηγῇ</strong></span> <span class='ocrx_word' id='word_1_476' title='bbox 1071 3920 1172 3992; x_wconf 85' lang='grc' dir='ltr'><strong>τῆς</strong></span> <span class='ocrx_word' id='word_1_477' title='bbox 1203 3920 1369 3992; x_wconf 79' lang='grc' dir='ltr'><strong>ζωῆς,</strong></span> <span class='ocrx_word' id='word_1_478' title='bbox 1403 3921 1498 3975; x_wconf 77' lang='grc' dir='ltr'><strong>καὶ</strong></span> <span class='ocrx_word' id='word_1_479' title='bbox 1527 3922 1667 3994; x_wconf 82' lang='grc' dir='ltr'><strong>πλή-</strong></span> 
     </span>
    </p>
   </div>
   <div class='ocr_carea' id='block_1_61' title="bbox 91 4009 1665 4086">
    <p class='ocr_par' dir='ltr' id='par_1_61' title="bbox 91 4009 1665 4086">
     <span class='ocr_line' id='line_1_61' title="bbox 91 4009 1665 4086; baseline 0.002 -23"><span class='ocrx_word' id='word_1_480' title='bbox 91 4025 183 4081; x_wconf 81' lang='grc' dir='ltr'><strong>ρης</strong></span> <span class='ocrx_word' id='word_1_481' title='bbox 207 4009 271 4065; x_wconf 76' lang='grc' dir='ltr'><strong>ἐκ</strong></span> <span class='ocrx_word' id='word_1_482' title='bbox 304 4028 456 4074; x_wconf 87' lang='grc' dir='ltr'><strong>τινος</strong></span> <span class='ocrx_word' id='word_1_483' title='bbox 489 4012 729 4082; x_wconf 80' lang='grc' dir='ltr'><strong>ἀῤῥήτου</strong></span> <span class='ocrx_word' id='word_1_484' title='bbox 765 4011 1055 4077; x_wconf 85' lang='grc' dir='ltr'><strong>διαδόσεως</strong></span> <span class='ocrx_word' id='word_1_485' title='bbox 1084 4013 1193 4067; x_wconf 89' lang='grc' dir='ltr'><strong>τῶν</strong></span> <span class='ocrx_word' id='word_1_486' title='bbox 1213 4012 1665 4086; x_wconf 78' lang='grc' dir='ltr'><strong>ὲγκειμένωντῇ·</strong></span> 
     </span>
    </p>
   </div>
   <div class='ocr_carea' id='block_1_62' title="bbox 85 4100 1667 4174">
    <p class='ocr_par' dir='ltr' id='par_1_62' title="bbox 85 4100 1667 4174">
     <span class='ocr_line' id='line_1_62' title="bbox 85 4100 1667 4174; baseline 0.001 -21"><span class='ocrx_word' id='word_1_487' title='bbox 85 4100 174 4153; x_wconf 84' lang='grc' dir='ltr'><strong>τοῦ</strong></span> <span class='ocrx_word' id='word_1_488' title='bbox 205 4100 449 4173; x_wconf 83' lang='grc' dir='ltr'><strong>Χριστοῦ</strong></span> <span class='ocrx_word' id='word_1_489' title='bbox 492 4102 805 4172; x_wconf 80' lang='grc' dir='ltr'><strong>μυστηρίων</strong></span> <span class='ocrx_word' id='word_1_490' title='bbox 839 4104 1161 4174; x_wconf 85' lang='grc' dir='ltr'><strong>γενόμενος,</strong></span> <span class='ocrx_word' id='word_1_491' title='bbox 1196 4104 1289 4157; x_wconf 72' lang='grc' dir='ltr'><strong>καὶ</strong></span> <span class='ocrx_word' id='word_1_492' title='bbox 1322 4103 1452 4174; x_wconf 79' lang='grc' dir='ltr'><strong>ἡμῖν</strong></span> <span class='ocrx_word' id='word_1_493' title='bbox 1482 4102 1667 4174; x_wconf 80' lang='grc' dir='ltr'><strong>ἐπέχει</strong></span> 
     </span>
    </p>
   </div>
   <div class='ocr_carea' id='block_1_63' title="bbox 1834 2272 3337 2349">
    <p class='ocr_par' dir='ltr' id='par_1_63' title="bbox 1834 2272 3337 2349">
     <span class='ocr_line' id='line_1_63' title="bbox 1834 2272 3337 2349; baseline -0.001 -18"><span class='ocrx_word' id='word_1_494' title='bbox 1834 2275 1966 2342; x_wconf 65' lang='lat' dir='ltr'><strong>Qum</strong></span> <span class='ocrx_word' id='word_1_495' title='bbox 1994 2285 2181 2333; x_wconf 85' lang='lat' dir='ltr'><strong>autem</strong></span> <span class='ocrx_word' id='word_1_496' title='bbox 2208 2277 2471 2349; x_wconf 85' lang='lat' dir='ltr'><strong>deinceps</strong></span> <span class='ocrx_word' id='word_1_497' title='bbox 2500 2276 2748 2349; x_wconf 84' lang='lat' dir='ltr'><strong>sequitur</strong></span> <span class='ocrx_word' id='word_1_498' title='bbox 2777 2276 2970 2343; x_wconf 88' lang='lat' dir='ltr'><strong>dictio,</strong></span> <span class='ocrx_word' id='word_1_499' title='bbox 2998 2272 3337 2332; x_wconf 83' lang='lat' dir='ltr'><strong>ecclesiasti-</strong></span> 
     </span>
    </p>
   </div>
   <div class='ocr_carea' id='block_1_64' title="bbox 1761 2366 3336 2440">
    <p class='ocr_par' dir='ltr' id='par_1_64' title="bbox 1761 2366 3336 2440">
     <span class='ocr_line' id='line_1_64' title="bbox 1761 2366 3336 2440; baseline 0.001 -21"><span class='ocrx_word' id='word_1_500' title='bbox 1761 2379 1880 2419; x_wconf 88' lang='lat' dir='ltr'><strong>cam</strong></span> <span class='ocrx_word' id='word_1_501' title='bbox 1907 2369 2272 2422; x_wconf 62' lang='lat' dir='ltr'><strong>oeconomiam</strong></span> <span class='ocrx_word' id='word_1_502' title='bbox 2336 2368 2517 2424; x_wconf 85' lang='lat' dir='ltr'><strong>verbis</strong></span> <span class='ocrx_word' id='word_1_503' title='bbox 2540 2368 2736 2440; x_wconf 89' lang='lat' dir='ltr'><strong>aperit.</strong></span> <span class='ocrx_word' id='word_1_504' title='bbox 2788 2366 2924 2421; x_wconf 89' lang='lat' dir='ltr'><strong>Nam</strong></span> <span class='ocrx_word' id='word_1_505' title='bbox 2954 2367 3048 2438; x_wconf 88' lang='lat' dir='ltr'><strong>qui</strong></span> <span class='ocrx_word' id='word_1_506' title='bbox 3099 2368 3336 2437; x_wconf 88' lang='lat' dir='ltr'><strong>primum</strong></span> 
     </span>
    </p>
   </div>
   <div class='ocr_carea' id='block_1_65' title="bbox 1760 2456 3337 2531">
    <p class='ocr_par' dir='ltr' id='par_1_65' title="bbox 1760 2456 3337 2531">
     <span class='ocr_line' id='line_1_65' title="bbox 1760 2456 3337 2531; baseline 0.001 -21"><span class='ocrx_word' id='word_1_507' title='bbox 1760 2456 1984 2511; x_wconf 80' lang='lat' dir='ltr'><strong>fuerunt</strong></span> <span class='ocrx_word' id='word_1_508' title='bbox 2011 2459 2188 2530; x_wconf 88' lang='lat' dir='ltr'><strong>gratia</strong></span> <span class='ocrx_word' id='word_1_509' title='bbox 2212 2460 2438 2524; x_wconf 90' lang='lat' dir='ltr'><strong>eruditi,</strong></span> <span class='ocrx_word' id='word_1_510' title='bbox 2490 2468 2547 2515; x_wconf 90' lang='lat' dir='ltr'><strong>et</strong></span> <span class='ocrx_word' id='word_1_511' title='bbox 2583 2461 2676 2531; x_wconf 87' lang='lat' dir='ltr'><strong>qui</strong></span> <span class='ocrx_word' id='word_1_512' title='bbox 2703 2460 2940 2515; x_wconf 81' lang='lat' dir='ltr'><strong>Verbum</strong></span> <span class='ocrx_word' id='word_1_513' title='bbox 2979 2460 3215 2529; x_wconf 89' lang='lat' dir='ltr'><strong>primum</strong></span> <span class='ocrx_word' id='word_1_514' title='bbox 3254 2458 3337 2512; x_wconf 89' lang='lat' dir='ltr'><strong>vi-</strong></span> 
     </span>
    </p>
   </div>
   <div class='ocr_carea' id='block_1_66' title="bbox 1762 2550 3337 2621">
    <p class='ocr_par' dir='ltr' id='par_1_66' title="bbox 1762 2550 3337 2621">
     <span class='ocr_line' id='line_1_66' title="bbox 1762 2550 3337 2621; baseline -0.003 -15"><span class='ocrx_word' id='word_1_515' title='bbox 1762 2550 1985 2614; x_wconf 85' lang='lat' dir='ltr'><strong>derunt,</strong></span> <span class='ocrx_word' id='word_1_516' title='bbox 2031 2560 2087 2608; x_wconf 90' lang='lat' dir='ltr'><strong>et</strong></span> <span class='ocrx_word' id='word_1_517' title='bbox 2109 2553 2160 2607; x_wconf 87' lang='lat' dir='ltr'><strong>ei</strong></span> <span class='ocrx_word' id='word_1_518' title='bbox 2196 2552 2607 2617; x_wconf 88' lang='lat' dir='ltr'><strong>ministrarunt,</strong></span> <span class='ocrx_word' id='word_1_519' title='bbox 2641 2567 2751 2607; x_wconf 91' lang='lat' dir='ltr'><strong>non</strong></span> <span class='ocrx_word' id='word_1_520' title='bbox 2794 2550 2851 2605; x_wconf 83' lang='lat' dir='ltr'><strong>in</strong></span> <span class='ocrx_word' id='word_1_521' title='bbox 2897 2551 3097 2621; x_wconf 88' lang='lat' dir='ltr'><strong>seipsis</strong></span> <span class='ocrx_word' id='word_1_522' title='bbox 3132 2551 3337 2605; x_wconf 89' lang='lat' dir='ltr'><strong>bonum</strong></span> 
     </span>
    </p>
   </div>
   <div class='ocr_carea' id='block_1_67' title="bbox 1760 2642 3338 2716">
    <p class='ocr_par' dir='ltr' id='par_1_67' title="bbox 1760 2642 3338 2716">
     <span class='ocr_line' id='line_1_67' title="bbox 1760 2642 3338 2716; baseline -0.003 -16"><span class='ocrx_word' id='word_1_523' title='bbox 1760 2645 2345 2716; x_wconf 89' lang='lat' dir='ltr'><strong>circumscripserunt,</strong></span> <span class='ocrx_word' id='word_1_524' title='bbox 2405 2645 2502 2703; x_wconf 89' lang='lat' dir='ltr'><strong>sed</strong></span> <span class='ocrx_word' id='word_1_525' title='bbox 2541 2645 2707 2701; x_wconf 91' lang='lat' dir='ltr'><strong>etiam</strong></span> <span class='ocrx_word' id='word_1_526' title='bbox 2779 2643 3019 2714; x_wconf 80' lang='lat' dir='ltr'><strong>p‘osteris</strong></span> <span class='ocrx_word' id='word_1_527' title='bbox 3089 2642 3338 2698; x_wconf 86' lang='lat' dir='ltr'><strong>eamdem</strong></span> 
     </span>
    </p>
   </div>
   <div class='ocr_carea' id='block_1_68' title="bbox 1761 2731 3331 2806">
    <p class='ocr_par' dir='ltr' id='par_1_68' title="bbox 1761 2731 3331 2806">
     <span class='ocr_line' id='line_1_68' title="bbox 1761 2731 3331 2806; baseline -0.003 -18"><span class='ocrx_word' id='word_1_528' title='bbox 1761 2743 2093 2806; x_wconf 80' lang='lat' dir='ltr'><strong>paraverunt</strong></span> <span class='ocrx_word' id='word_1_529' title='bbox 2123 2736 2354 2805; x_wconf 78' lang='lat' dir='ltr'><strong>gratiam</strong></span> <span class='ocrx_word' id='word_1_530' title='bbox 2378 2735 2419 2791; x_wconf 86' lang='grc'><strong>⁸.</strong></span> <span class='ocrx_word' id='word_1_531' title='bbox 2450 2734 2745 2805; x_wconf 87' lang='lat' dir='ltr'><strong>Propterea</strong></span> <span class='ocrx_word' id='word_1_532' title='bbox 2780 2731 2970 2787; x_wconf 89' lang='lat' dir='ltr'><strong>dicunt</strong></span> <span class='ocrx_word' id='word_1_533' title='bbox 3007 2731 3331 2787; x_wconf 59' lang='lat' dir='ltr'><strong>adolesceno</strong></span> 
     </span>
    </p>
   </div>
   <div class='ocr_carea' id='block_1_69' title="bbox 1761 2823 3334 2898">
    <p class='ocr_par' dir='ltr' id='par_1_69' title="bbox 1761 2823 3334 2898">
     <span class='ocr_line' id='line_1_69' title="bbox 1761 2823 3334 2898; baseline -0.003 -17"><span class='ocrx_word' id='word_1_534' title='bbox 1761 2828 1888 2882; x_wconf 71' lang='lat' dir='ltr'><strong>tulze</strong></span> <span class='ocrx_word' id='word_1_535' title='bbox 1915 2827 1983 2882; x_wconf 89' lang='lat' dir='ltr'><strong>ad</strong></span> <span class='ocrx_word' id='word_1_536' title='bbox 2018 2842 2297 2897; x_wconf 86' lang='lat' dir='ltr'><strong>sponsam,</strong></span> <span class='ocrx_word' id='word_1_537' title='bbox 2346 2843 2467 2898; x_wconf 72' lang='lat' dir='ltr'><strong>qua:</strong></span> <span class='ocrx_word' id='word_1_538' title='bbox 2489 2827 2662 2896; x_wconf 88' lang='lat' dir='ltr'><strong>prima</strong></span> <span class='ocrx_word' id='word_1_539' title='bbox 2688 2825 2848 2881; x_wconf 83' lang='lat' dir='ltr'><strong>bonis</strong></span> <span class='ocrx_word' id='word_1_540' title='bbox 2876 2823 2975 2878; x_wconf 83' lang='lat' dir='ltr'><strong>fuit</strong></span> <span class='ocrx_word' id='word_1_541' title='bbox 3008 2823 3233 2893; x_wconf 86' lang='lat' dir='ltr'><strong>repleta,</strong></span> <span class='ocrx_word' id='word_1_542' title='bbox 3279 2830 3334 2877; x_wconf 88' lang='lat' dir='ltr'><strong>et</strong></span> 
     </span>
    </p>
   </div>
   <div class='ocr_carea' id='block_1_70' title="bbox 1760 2916 3336 2994">
    <p class='ocr_par' dir='ltr' id='par_1_70' title="bbox 1760 2916 3336 2994">
     <span class='ocr_line' id='line_1_70' title="bbox 1760 2916 3336 2994; baseline -0.005 -17"><span class='ocrx_word' id='word_1_543' title='bbox 1760 2922 1994 2977; x_wconf 83' lang='lat' dir='ltr'><strong>occultis</strong></span> <span class='ocrx_word' id='word_1_544' title='bbox 2043 2923 2328 2994; x_wconf 78' lang='lat' dir='ltr'><strong>mysteriis</strong></span> <span class='ocrx_word' id='word_1_545' title='bbox 2365 2920 2473 2977; x_wconf 85' lang='lat' dir='ltr'><strong>fuit</strong></span> <span class='ocrx_word' id='word_1_546' title='bbox 2512 2921 2676 2992; x_wconf 86' lang='lat' dir='ltr'><strong>digna</strong></span> <span class='ocrx_word' id='word_1_547' title='bbox 2707 2939 2723 2976; x_wconf 84' lang='lat'><strong>:</strong></span> <span class='ocrx_word' id='word_1_548' title='bbox 2753 2929 3044 2992; x_wconf 84' lang='lat' dir='ltr'><strong>propterea</strong></span> <span class='ocrx_word' id='word_1_549' title='bbox 3079 2916 3227 2988; x_wconf 87' lang='lat' dir='ltr'><strong>quod</strong></span> <span class='ocrx_word' id='word_1_550' title='bbox 3267 2931 3336 2972; x_wconf 74' lang='lat' dir='ltr'><strong>ex</strong></span> 
     </span>
    </p>
   </div>
   <div class='ocr_carea' id='block_1_71' title="bbox 1759 3009 3337 3071">
    <p class='ocr_par' dir='ltr' id='par_1_71' title="bbox 1759 3009 3337 3071">
     <span class='ocr_line' id='line_1_71' title="bbox 1759 3009 3337 3071; baseline -0.006 -2"><span class='ocrx_word' id='word_1_551' title='bbox 1759 3030 1856 3071; x_wconf 91' lang='lat' dir='ltr'><strong>ore</strong></span> <span class='ocrx_word' id='word_1_552' title='bbox 1883 3014 2047 3070; x_wconf 86' lang='lat' dir='ltr'><strong>verba</strong></span> <span class='ocrx_word' id='word_1_553' title='bbox 2081 3030 2145 3069; x_wconf 89' lang='lat' dir='ltr'><strong>ea</strong></span> <span class='ocrx_word' id='word_1_554' title='bbox 2178 3014 2459 3069; x_wconf 87' lang='lat' dir='ltr'><strong>hauserit:</strong></span> <span class='ocrx_word' id='word_1_555' title='bbox 2486 3013 2826 3069; x_wconf 71' lang='lat' dir='ltr'><strong>Exsultemus</strong></span> <span class='ocrx_word' id='word_1_556' title='bbox 2858 3020 2909 3065; x_wconf 81' lang='lat' dir='ltr'><strong>et</strong></span> <span class='ocrx_word' id='word_1_557' title='bbox 2935 3009 3249 3064; x_wconf 72' lang='lat' dir='ltr'><strong>lwtenmrin</strong></span> <span class='ocrx_word' id='word_1_558' title='bbox 3269 3016 3337 3061; x_wconf 79' lang='lat' dir='ltr'><strong>te.</strong></span> 
     </span>
    </p>
   </div>
   <div class='ocr_carea' id='block_1_72' title="bbox 1762 3098 3338 3163">
    <p class='ocr_par' dir='ltr' id='par_1_72' title="bbox 1762 3098 3338 3163">
     <span class='ocr_line' id='line_1_72' title="bbox 1762 3098 3338 3163; baseline -0.006 -1"><span class='ocrx_word' id='word_1_559' title='bbox 1762 3107 2083 3162; x_wconf 79' lang='lat' dir='ltr'><strong>Communis</strong></span> <span class='ocrx_word' id='word_1_560' title='bbox 2131 3105 2278 3161; x_wconf 88' lang='lat' dir='ltr'><strong>enim</strong></span> <span class='ocrx_word' id='word_1_561' title='bbox 2319 3113 2510 3160; x_wconf 87' lang='lat' dir='ltr'><strong>nostra</strong></span> <span class='ocrx_word' id='word_1_562' title='bbox 2546 3103 2733 3159; x_wconf 60' lang='lat' dir='ltr'><strong>laetitia</strong></span> <span class='ocrx_word' id='word_1_563' title='bbox 2774 3111 2859 3158; x_wconf 88' lang='lat' dir='ltr'><strong>est</strong></span> <span class='ocrx_word' id='word_1_564' title='bbox 2897 3110 2987 3156; x_wconf 89' lang='lat' dir='ltr'><strong>tua</strong></span> <span class='ocrx_word' id='word_1_565' title='bbox 3023 3098 3338 3163; x_wconf 69' lang='lat' dir='ltr'><strong>exsultatio,</strong></span> 
     </span>
    </p>
   </div>
   <div class='ocr_carea' id='block_1_73' title="bbox 1728 3189 3339 3265">
    <p class='ocr_par' dir='ltr' id='par_1_73' title="bbox 1728 3189 3339 3265">
     <span class='ocr_line' id='line_1_73' title="bbox 1728 3189 3339 3265; baseline -0.005 -15"><span class='ocrx_word' id='word_1_566' title='bbox 1728 3196 2019 3265; x_wconf 61' lang='lat' dir='ltr'><strong>quoniam</strong></span> <span class='ocrx_word' id='word_1_567' title='bbox 2061 3195 2206 3249; x_wconf 91' lang='lat' dir='ltr'><strong>sicut</strong></span> <span class='ocrx_word' id='word_1_568' title='bbox 2246 3202 2303 3250; x_wconf 88' lang='lat' dir='ltr'><strong>tu</strong></span> <span class='ocrx_word' id='word_1_569' title='bbox 2334 3210 2489 3251; x_wconf 85' lang='lat' dir='ltr'><strong>amas</strong></span> <span class='ocrx_word' id='word_1_570' title='bbox 2524 3209 2689 3265; x_wconf 88' lang='lat' dir='ltr'><strong>supra</strong></span> <span class='ocrx_word' id='word_1_571' title='bbox 2728 3193 2913 3248; x_wconf 89' lang='lat' dir='ltr'><strong>vinum</strong></span> <span class='ocrx_word' id='word_1_572' title='bbox 2956 3190 3126 3246; x_wconf 85' lang='lat' dir='ltr'><strong>ubera</strong></span> <span class='ocrx_word' id='word_1_573' title='bbox 3151 3189 3339 3254; x_wconf 80' lang='lat' dir='ltr'><strong>Verbi,</strong></span> 
     </span>
    </p>
   </div>
   <div class='ocr_carea' id='block_1_74' title="bbox 1764 3281 3341 3355">
    <p class='ocr_par' dir='ltr' id='par_1_74' title="bbox 1764 3281 3341 3355">
     <span class='ocr_line' id='line_1_74' title="bbox 1764 3281 3341 3355; baseline -0.006 -15"><span class='ocrx_word' id='word_1_574' title='bbox 1764 3285 1837 3340; x_wconf 89' lang='lat' dir='ltr'><strong>ita</strong></span> <span class='ocrx_word' id='word_1_575' title='bbox 1869 3301 1971 3340; x_wconf 90' lang='lat' dir='ltr'><strong>nos</strong></span> <span class='ocrx_word' id='word_1_576' title='bbox 1993 3300 2213 3355; x_wconf 86' lang='lat' dir='ltr'><strong>quoque</strong></span> <span class='ocrx_word' id='word_1_577' title='bbox 2241 3294 2310 3339; x_wconf 90' lang='lat' dir='ltr'><strong>te.</strong></span> <span class='ocrx_word' id='word_1_578' title='bbox 2342 3281 2625 3339; x_wconf 88' lang='lat' dir='ltr'><strong>Imitemur</strong></span> <span class='ocrx_word' id='word_1_579' title='bbox 2653 3283 2819 3338; x_wconf 88' lang='lat' dir='ltr'><strong>ubera</strong></span> <span class='ocrx_word' id='word_1_580' title='bbox 2857 3289 2948 3337; x_wconf 91' lang='lat' dir='ltr'><strong>tua</strong></span> <span class='ocrx_word' id='word_1_581' title='bbox 2993 3296 3092 3352; x_wconf 89' lang='lat' dir='ltr'><strong>per</strong></span> <span class='ocrx_word' id='word_1_582' title='bbox 3136 3295 3259 3350; x_wconf 80' lang='lat' dir='ltr'><strong>qua:</strong></span> <span class='ocrx_word' id='word_1_583' title='bbox 3284 3289 3341 3332; x_wconf 90' lang='lat' dir='ltr'><strong>tu</strong></span> 
     </span>
    </p>
   </div>
   <div class='ocr_carea' id='block_1_75' title="bbox 1762 3367 3342 3445">
    <p class='ocr_par' dir='ltr' id='par_1_75' title="bbox 1762 3367 3342 3445">
     <span class='ocr_line' id='line_1_75' title="bbox 1762 3367 3342 3445; baseline -0.007 -15"><span class='ocrx_word' id='word_1_584' title='bbox 1762 3376 1902 3430; x_wconf 83' lang='lat' dir='ltr'><strong>lacte</strong></span> <span class='ocrx_word' id='word_1_585' title='bbox 1942 3385 2099 3445; x_wconf 88' lang='lat' dir='ltr'><strong>potas</strong></span> <span class='ocrx_word' id='word_1_586' title='bbox 2122 3390 2217 3430; x_wconf 90' lang='lat' dir='ltr'><strong>eos</strong></span> <span class='ocrx_word' id='word_1_587' title='bbox 2249 3373 2342 3444; x_wconf 89' lang='lat' dir='ltr'><strong>qui</strong></span> <span class='ocrx_word' id='word_1_588' title='bbox 2365 3382 2493 3428; x_wconf 89' lang='lat' dir='ltr'><strong>sunt</strong></span> <span class='ocrx_word' id='word_1_589' title='bbox 2537 3373 2779 3427; x_wconf 79' lang='lat' dir='ltr'><strong>infantes</strong></span> <span class='ocrx_word' id='word_1_590' title='bbox 2800 3372 2854 3426; x_wconf 92' lang='lat' dir='ltr'><strong>in</strong></span> <span class='ocrx_word' id='word_1_591' title='bbox 2880 3371 3127 3425; x_wconf 86' lang='lat' dir='ltr'><strong>Christo.</strong></span> <span class='ocrx_word' id='word_1_592' title='bbox 3161 3367 3342 3438; x_wconf 84' lang='lat' dir='ltr'><strong>Supra</strong></span> 
     </span>
    </p>
   </div>
   <div class='ocr_carea' id='block_1_76' title="bbox 1765 3457 3346 3521">
    <p class='ocr_par' dir='ltr' id='par_1_76' title="bbox 1765 3457 3346 3521">
     <span class='ocr_line' id='line_1_76' title="bbox 1765 3457 3346 3521; baseline -0.004 -3"><span class='ocrx_word' id='word_1_593' title='bbox 1765 3465 2038 3519; x_wconf 86' lang='lat' dir='ltr'><strong>hominem</strong></span> <span class='ocrx_word' id='word_1_594' title='bbox 2075 3480 2323 3521; x_wconf 83' lang='lat' dir='ltr'><strong>amemus</strong></span> <span class='ocrx_word' id='word_1_595' title='bbox 2354 3463 2568 3517; x_wconf 91' lang='lat' dir='ltr'><strong>viuum.</strong></span> <span class='ocrx_word' id='word_1_596' title='bbox 2604 3459 2670 3516; x_wconf 87' lang='lat' dir='ltr'><strong>Et</strong></span> <span class='ocrx_word' id='word_1_597' title='bbox 2708 3470 2765 3515; x_wconf 92' lang='lat' dir='ltr'><strong>ut</strong></span> <span class='ocrx_word' id='word_1_598' title='bbox 2792 3475 2990 3516; x_wconf 83' lang='lat' dir='ltr'><strong>sensus</strong></span> <span class='ocrx_word' id='word_1_599' title='bbox 3023 3461 3113 3513; x_wconf 88' lang='lat' dir='ltr'><strong>liat</strong></span> <span class='ocrx_word' id='word_1_600' title='bbox 3146 3457 3346 3513; x_wconf 88' lang='lat' dir='ltr'><strong>diluci-</strong></span> 
     </span>
    </p>
   </div>
   <div class='ocr_carea' id='block_1_77' title="bbox 1766 3548 3343 3624">
    <p class='ocr_par' dir='ltr' id='par_1_77' title="bbox 1766 3548 3343 3624">
     <span class='ocr_line' id='line_1_77' title="bbox 1766 3548 3343 3624; baseline -0.005 -16"><span class='ocrx_word' id='word_1_601' title='bbox 1766 3553 1907 3618; x_wconf 89' lang='lat' dir='ltr'><strong>dior,</strong></span> <span class='ocrx_word' id='word_1_602' title='bbox 1946 3555 2054 3609; x_wconf 85' lang='lat' dir='ltr'><strong>tale</strong></span> <span class='ocrx_word' id='word_1_603' title='bbox 2096 3564 2182 3611; x_wconf 88' lang='lat' dir='ltr'><strong>est</strong></span> <span class='ocrx_word' id='word_1_604' title='bbox 2216 3554 2267 3609; x_wconf 91' lang='lat' dir='ltr'><strong>id</strong></span> <span class='ocrx_word' id='word_1_605' title='bbox 2294 3552 2439 3624; x_wconf 90' lang='lat' dir='ltr'><strong>quod</strong></span> <span class='ocrx_word' id='word_1_606' title='bbox 2464 3551 2668 3607; x_wconf 91' lang='lat' dir='ltr'><strong>dicitur</strong></span> <span class='ocrx_word' id='word_1_607' title='bbox 2698 3570 2711 3607; x_wconf 93' lang='lat'><strong>:</strong></span> <span class='ocrx_word' id='word_1_608' title='bbox 2744 3549 2908 3606; x_wconf 82' lang='lat' dir='ltr'><strong>Verbi</strong></span> <span class='ocrx_word' id='word_1_609' title='bbox 2942 3549 3146 3602; x_wconf 89' lang='lat' dir='ltr'><strong>amavit</strong></span> <span class='ocrx_word' id='word_1_610' title='bbox 3171 3548 3343 3603; x_wconf 89' lang='lat' dir='ltr'><strong>ubera</strong></span> 
     </span>
    </p>
   </div>
   <div class='ocr_carea' id='block_1_78' title="bbox 1766 3640 3346 3717">
    <p class='ocr_par' dir='ltr' id='par_1_78' title="bbox 1766 3640 3346 3717">
     <span class='ocr_line' id='line_1_78' title="bbox 1766 3640 3346 3717; baseline -0.002 -19"><span class='ocrx_word' id='word_1_611' title='bbox 1766 3646 1859 3716; x_wconf 72' lang='lat' dir='ltr'><strong>qui</strong></span> <span class='ocrx_word' id='word_1_612' title='bbox 1891 3661 2052 3717; x_wconf 89' lang='lat' dir='ltr'><strong>supra</strong></span> <span class='ocrx_word' id='word_1_613' title='bbox 2078 3654 2273 3714; x_wconf 79' lang='lat' dir='ltr'><strong>pectus</strong></span> <span class='ocrx_word' id='word_1_614' title='bbox 2305 3643 2519 3699; x_wconf 84' lang='lat' dir='ltr'><strong>Domini</strong></span> <span class='ocrx_word' id='word_1_615' title='bbox 2552 3643 2606 3698; x_wconf 94' lang='lat' dir='ltr'><strong>in</strong></span> <span class='ocrx_word' id='word_1_616' title='bbox 2636 3657 2793 3699; x_wconf 77' lang='lat' dir='ltr'><strong>omna</strong></span> <span class='ocrx_word' id='word_1_617' title='bbox 2826 3642 3100 3706; x_wconf 86' lang='lat' dir='ltr'><strong>recubuit,</strong></span> <span class='ocrx_word' id='word_1_618' title='bbox 3140 3648 3197 3697; x_wconf 91' lang='lat' dir='ltr'><strong>et</strong></span> <span class='ocrx_word' id='word_1_619' title='bbox 3238 3640 3346 3696; x_wconf 84' lang='lat' dir='ltr'><strong>vel—</strong></span> 
     </span>
    </p>
   </div>
   <div class='ocr_carea' id='block_1_79' title="bbox 1766 3733 3345 3808">
    <p class='ocr_par' dir='ltr' id='par_1_79' title="bbox 1766 3733 3345 3808">
     <span class='ocr_line' id='line_1_79' title="bbox 1766 3733 3345 3808; baseline -0.004 -15"><span class='ocrx_word' id='word_1_620' title='bbox 1766 3740 1846 3793; x_wconf 87' lang='lat' dir='ltr'><strong>uti</strong></span> <span class='ocrx_word' id='word_1_621' title='bbox 1885 3739 2179 3808; x_wconf 87' lang='lat' dir='ltr'><strong>quamdam</strong></span> <span class='ocrx_word' id='word_1_622' title='bbox 2227 3738 2511 3808; x_wconf 73' lang='lat' dir='ltr'><strong>spongiam</strong></span> <span class='ocrx_word' id='word_1_623' title='bbox 2558 3751 2653 3792; x_wconf 88' lang='lat' dir='ltr'><strong>cor</strong></span> <span class='ocrx_word' id='word_1_624' title='bbox 2703 3751 2862 3791; x_wconf 88' lang='lat' dir='ltr'><strong>suum</strong></span> <span class='ocrx_word' id='word_1_625' title='bbox 2910 3735 3168 3805; x_wconf 89' lang='lat' dir='ltr'><strong>apposuit</strong></span> <span class='ocrx_word' id='word_1_626' title='bbox 3208 3733 3345 3788; x_wconf 78' lang='lat' dir='ltr'><strong>fonti</strong></span> 
     </span>
    </p>
   </div>
   <div class='ocr_carea' id='block_1_80' title="bbox 1767 3826 3345 3899">
    <p class='ocr_par' dir='ltr' id='par_1_80' title="bbox 1767 3826 3345 3899">
     <span class='ocr_line' id='line_1_80' title="bbox 1767 3826 3345 3899; baseline -0.003 -14"><span class='ocrx_word' id='word_1_627' title='bbox 1767 3833 1910 3894; x_wconf 75' lang='lat' dir='ltr'><strong>vitae,</strong></span> <span class='ocrx_word' id='word_1_628' title='bbox 1947 3839 2000 3886; x_wconf 90' lang='lat' dir='ltr'><strong>et</strong></span> <span class='ocrx_word' id='word_1_629' title='bbox 2045 3846 2110 3885; x_wconf 79' lang='lat' dir='ltr'><strong>ex</strong></span> <span class='ocrx_word' id='word_1_630' title='bbox 2161 3828 2423 3885; x_wconf 83' lang='lat' dir='ltr'><strong>inell‘abili</strong></span> <span class='ocrx_word' id='word_1_631' title='bbox 2478 3827 2714 3899; x_wconf 85' lang='lat' dir='ltr'><strong>quadam</strong></span> <span class='ocrx_word' id='word_1_632' title='bbox 2760 3827 3062 3883; x_wconf 83' lang='lat' dir='ltr'><strong>traditione</strong></span> <span class='ocrx_word' id='word_1_633' title='bbox 3102 3826 3345 3897; x_wconf 81' lang='lat' dir='ltr'><strong>repletus</strong></span> 
     </span>
    </p>
   </div>
   <div class='ocr_carea' id='block_1_81' title="bbox 1766 3919 3344 3994">
    <p class='ocr_par' dir='ltr' id='par_1_81' title="bbox 1766 3919 3344 3994">
     <span class='ocr_line' id='line_1_81' title="bbox 1766 3919 3344 3994; baseline -0.003 -16"><span class='ocrx_word' id='word_1_634' title='bbox 1766 3922 1969 3978; x_wconf 74' lang='lat' dir='ltr'><strong>Christi</strong></span> <span class='ocrx_word' id='word_1_635' title='bbox 1992 3922 2289 3994; x_wconf 81' lang='lat' dir='ltr'><strong>mysteriis,</strong></span> <span class='ocrx_word' id='word_1_636' title='bbox 2336 3921 2497 3976; x_wconf 92' lang='lat' dir='ltr'><strong>nobis</strong></span> <span class='ocrx_word' id='word_1_637' title='bbox 2535 3936 2754 3992; x_wconf 84' lang='lat' dir='ltr'><strong>quoque</strong></span> <span class='ocrx_word' id='word_1_638' title='bbox 2787 3919 3008 3976; x_wconf 82' lang='lat' dir='ltr'><strong>exhibet</strong></span> <span class='ocrx_word' id='word_1_639' title='bbox 3044 3919 3344 3974; x_wconf 88' lang='lat' dir='ltr'><strong>mamillam</strong></span> 
     </span>
    </p>
   </div>
   <div class='ocr_carea' id='block_1_82' title="bbox 1771 4008 3344 4084">
    <p class='ocr_par' dir='ltr' id='par_1_82' title="bbox 1771 4008 3344 4084">
     <span class='ocr_line' id='line_1_82' title="bbox 1771 4008 3344 4084; baseline -0.004 -16"><span class='ocrx_word' id='word_1_640' title='bbox 1771 4013 2001 4071; x_wconf 76' lang='lat' dir='ltr'><strong>aVerho</strong></span> <span class='ocrx_word' id='word_1_641' title='bbox 2033 4013 2335 4082; x_wconf 85' lang='lat' dir='ltr'><strong>impletam,</strong></span> <span class='ocrx_word' id='word_1_642' title='bbox 2380 4028 2594 4084; x_wconf 86' lang='lat' dir='ltr'><strong>nosque</strong></span> <span class='ocrx_word' id='word_1_643' title='bbox 2641 4012 2830 4082; x_wconf 88' lang='lat' dir='ltr'><strong>implet</strong></span> <span class='ocrx_word' id='word_1_644' title='bbox 2872 4012 3035 4068; x_wconf 89' lang='lat' dir='ltr'><strong>bonis</strong></span> <span class='ocrx_word' id='word_1_645' title='bbox 3076 4025 3197 4082; x_wconf 62' lang='lat' dir='ltr'><strong>quae</strong></span> <span class='ocrx_word' id='word_1_646' title='bbox 3240 4008 3344 4065; x_wconf 83' lang='lat' dir='ltr'><strong>eia</strong></span> 
     </span>
    </p>
   </div>
   <div class='ocr_carea' id='block_1_83' title="bbox 1770 4100 3345 4175">
    <p class='ocr_par' dir='ltr' id='par_1_83' title="bbox 1770 4100 3345 4175">
     <span class='ocr_line' id='line_1_83' title="bbox 1770 4100 3345 4175; baseline -0.003 -16"><span class='ocrx_word' id='word_1_647' title='bbox 1770 4105 1921 4161; x_wconf 80' lang='lat' dir='ltr'><strong>fonte</strong></span> <span class='ocrx_word' id='word_1_648' title='bbox 1963 4111 2092 4161; x_wconf 91' lang='lat' dir='ltr'><strong>sunt</strong></span> <span class='ocrx_word' id='word_1_649' title='bbox 2157 4104 2351 4169; x_wconf 90' lang='lat' dir='ltr'><strong>indita,</strong></span> <span class='ocrx_word' id='word_1_650' title='bbox 2412 4119 2606 4175; x_wconf 86' lang='lat' dir='ltr'><strong>magna</strong></span> <span class='ocrx_word' id='word_1_651' title='bbox 2657 4118 2792 4159; x_wconf 88' lang='lat' dir='ltr'><strong>voce</strong></span> <span class='ocrx_word' id='word_1_652' title='bbox 2850 4101 3155 4173; x_wconf 64' lang='lat' dir='ltr'><strong>praedicans</strong></span> <span class='ocrx_word' id='word_1_653' title='bbox 3203 4100 3345 4170; x_wconf 87' lang='lat' dir='ltr'><strong>quod</strong></span> 
     </span>
    </p>
   </div>
   <div class='ocr_carea' id='block_1_84' title="bbox 84 4192 1656 4269">
    <p class='ocr_par' dir='ltr' id='par_1_84' title="bbox 84 4193 1656 4266">
     <span class='ocr_line' id='line_1_84' title="bbox 84 4193 1656 4266; baseline 0.003 -22"><span class='ocrx_word' id='word_1_654' title='bbox 84 4193 179 4264; x_wconf 84' lang='grc' dir='ltr'><strong>τὴν</strong></span> <span class='ocrx_word' id='word_1_655' title='bbox 211 4193 320 4264; x_wconf 84' lang='grc' dir='ltr'><strong>πλη</strong></span> <span class='ocrx_word' id='word_1_656' title='bbox 331 4194 605 4264; x_wconf 82' lang='grc' dir='ltr'><strong>ρωθεῖσαν</strong></span> <span class='ocrx_word' id='word_1_657' title='bbox 633 4194 736 4250; x_wconf 81' lang='grc' dir='ltr'><strong>ὑπὸ</strong></span> <span class='ocrx_word' id='word_1_658' title='bbox 762 4194 856 4248; x_wconf 88' lang='grc' dir='ltr'><strong>τοῦ</strong></span> <span class='ocrx_word' id='word_1_659' title='bbox 885 4195 1058 4264; x_wconf 91' lang='grc' dir='ltr'><strong>Λόγου</strong></span> <span class='ocrx_word' id='word_1_660' title='bbox 1092 4193 1280 4266; x_wconf 82' lang='grc' dir='ltr'><strong>θηλὴν,</strong></span> <span class='ocrx_word' id='word_1_661' title='bbox 1311 4194 1406 4248; x_wconf 77' lang='grc' dir='ltr'><strong>καὶ</strong></span> <span class='ocrx_word' id='word_1_662' title='bbox 1445 4194 1656 4266; x_wconf 83' lang='grc' dir='ltr'><strong>πλήρεις</strong></span> 
     </span>
    </p>
   </div>
   <div class='ocr_carea' id='block_1_85' title="bbox 1834 4192 3346 4269">
    <p class='ocr_par' dir='ltr' id='par_1_85' title="bbox 1834 4192 3346 4269">
     <span class='ocr_line' id='line_1_85' title="bbox 1834 4192 3346 4269; baseline -0.001 -21"><span class='ocrx_word' id='word_1_663' title='bbox 1834 4212 1995 4269; x_wconf 65' lang='grc' dir='ltr'><strong>τιηρειε</strong></span> <span class='ocrx_word' id='word_1_664' title='bbox 2020 4203 2108 4251; x_wconf 88' lang='lat' dir='ltr'><strong>est</strong></span> <span class='ocrx_word' id='word_1_665' title='bbox 2136 4197 2398 4254; x_wconf 84' lang='lat' dir='ltr'><strong>Verbum.</strong></span> <span class='ocrx_word' id='word_1_666' title='bbox 2431 4193 2588 4251; x_wconf 90' lang='lat' dir='ltr'><strong>Unde</strong></span> <span class='ocrx_word' id='word_1_667' title='bbox 2629 4210 2730 4251; x_wconf 92' lang='lat' dir='ltr'><strong>nos</strong></span> <span class='ocrx_word' id='word_1_668' title='bbox 2776 4209 2996 4266; x_wconf 83' lang='lat' dir='ltr'><strong>quoque</strong></span> <span class='ocrx_word' id='word_1_669' title='bbox 3043 4195 3237 4249; x_wconf 80' lang='lat' dir='ltr'><strong>merito</strong></span> <span class='ocrx_word' id='word_1_670' title='bbox 3266 4192 3346 4246; x_wconf 93' lang='lat' dir='ltr'><strong>illi</strong></span> 
     </span>
    </p>
   </div>
   <div class='ocr_carea' id='block_1_86' title="bbox 84 4286 1668 4357">
    <p class='ocr_par' dir='ltr' id='par_1_86' title="bbox 84 4286 1668 4357">
     <span class='ocr_line' id='line_1_86' title="bbox 84 4286 1668 4357; baseline 0 -18"><span class='ocrx_word' id='word_1_671' title='bbox 84 4290 225 4340; x_wconf 81' lang='grc' dir='ltr'><strong>ποιεῖ</strong></span> <span class='ocrx_word' id='word_1_672' title='bbox 250 4287 365 4340; x_wconf 91' lang='grc' dir='ltr'><strong>τῶν</strong></span> <span class='ocrx_word' id='word_1_673' title='bbox 395 4286 725 4340; x_wconf 79' lang='grc' dir='ltr'><strong>ἐντεθέντων</strong></span> <span class='ocrx_word' id='word_1_674' title='bbox 744 4286 892 4356; x_wconf 83' lang='grc' dir='ltr'><strong>αὐτῷ</strong></span> <span class='ocrx_word' id='word_1_675' title='bbox 922 4286 1073 4355; x_wconf 78' lang='grc' dir='ltr'><strong>παρὰ</strong></span> <span class='ocrx_word' id='word_1_676' title='bbox 1095 4287 1196 4357; x_wconf 87' lang='grc' dir='ltr'><strong>τῆς</strong></span> <span class='ocrx_word' id='word_1_677' title='bbox 1217 4286 1401 4356; x_wconf 85' lang='grc' dir='ltr'><strong>πηγῆς</strong></span> <span class='ocrx_word' id='word_1_678' title='bbox 1421 4286 1668 4355; x_wconf 85' lang='grc' dir='ltr'><strong>ἀγαθῶν,</strong></span> 
     </span>
    </p>
   </div>
   <div class='ocr_carea' id='block_1_87' title="bbox 84 4371 1671 4448">
    <p class='ocr_par' dir='ltr' id='par_1_87' title="bbox 84 4371 1671 4448">
     <span class='ocr_line' id='line_1_87' title="bbox 84 4371 1671 4448; baseline 0 -17"><span class='ocrx_word' id='word_1_679' title='bbox 84 4378 375 4448; x_wconf 81' lang='grc' dir='ltr'><strong>κηρύσσων</strong></span> <span class='ocrx_word' id='word_1_680' title='bbox 407 4379 468 4432; x_wconf 80' lang='grc' dir='ltr'><strong>ὲν</strong></span> <span class='ocrx_word' id='word_1_681' title='bbox 512 4378 892 4448; x_wconf 77' lang='grc' dir='ltr'><strong>μεγαλοφωνίᾳ</strong></span> <span class='ocrx_word' id='word_1_682' title='bbox 920 4376 1010 4432; x_wconf 81' lang='grc' dir='ltr'><strong>τὸν</strong></span> <span class='ocrx_word' id='word_1_683' title='bbox 1043 4377 1129 4431; x_wconf 76' lang='grc' dir='ltr'><strong>ἀεὶ</strong></span> <span class='ocrx_word' id='word_1_684' title='bbox 1159 4377 1289 4432; x_wconf 73' lang='grc' dir='ltr'><strong>ὄντα</strong></span> <span class='ocrx_word' id='word_1_685' title='bbox 1318 4377 1511 4445; x_wconf 88' lang='grc' dir='ltr'><strong>Λόγον·</strong></span> <span class='ocrx_word' id='word_1_686' title='bbox 1549 4371 1671 4431; x_wconf 83' lang='grc' dir='ltr'><strong>ὅθεν</strong></span> 
     </span>
    </p>
   </div>
   <div class='ocr_carea' id='block_1_88' title="bbox 83 4469 1670 4541">
    <p class='ocr_par' dir='ltr' id='par_1_88' title="bbox 83 4469 1670 4541">
     <span class='ocr_line' id='line_1_88' title="bbox 83 4469 1670 4541; baseline 0.003 -21"><span class='ocrx_word' id='word_1_687' title='bbox 83 4469 307 4535; x_wconf 78' lang='grc' dir='ltr'><strong>εἰκότως</strong></span> <span class='ocrx_word' id='word_1_688' title='bbox 350 4470 452 4523; x_wconf 57' lang='grc' dir='ltr'><strong>καὶ¹</strong></span> <span class='ocrx_word' id='word_1_689' title='bbox 500 4471 659 4540; x_wconf 81' lang='grc' dir='ltr'><strong>ἡμεῖς</strong></span> <span class='ocrx_word' id='word_1_690' title='bbox 694 4469 830 4540; x_wconf 83' lang='grc' dir='ltr'><strong>πρὸς</strong></span> <span class='ocrx_word' id='word_1_691' title='bbox 861 4470 1022 4525; x_wconf 72' lang='grc' dir='ltr'><strong>αὐτὸν</strong></span> <span class='ocrx_word' id='word_1_692' title='bbox 1059 4469 1292 4541; x_wconf 80' lang='grc' dir='ltr'><strong>ἐροῦμεν</strong></span> <span class='ocrx_word' id='word_1_693' title='bbox 1316 4509 1330 4533; x_wconf 92' lang='grc'><strong>,</strong></span> <span class='ocrx_word' id='word_1_694' title='bbox 1362 4470 1443 4522; x_wconf 82' lang='grc' dir='ltr'><strong>ὅτι</strong></span> <span class='ocrx_word' id='word_1_695' title='bbox 1498 4470 1670 4538; x_wconf 77' lang='grc' dir='ltr'><strong>Ἀγα-</strong></span> 
     </span>
    </p>
   </div>
   <div class='ocr_carea' id='block_1_89' title="bbox 83 4556 1676 4631">
    <p class='ocr_par' dir='ltr' id='par_1_89' title="bbox 83 4556 1676 4631">
     <span class='ocr_line' id='line_1_89' title="bbox 83 4556 1676 4631; baseline -0.001 -18"><span class='ocrx_word' id='word_1_696' title='bbox 83 4560 675 4631; x_wconf 72' lang='grc' dir='ltr'><strong>πήσωμενμασθούς</strong></span> <span class='ocrx_word' id='word_1_697' title='bbox 694 4576 811 4616; x_wconf 83' lang='grc' dir='ltr'><strong>σου</strong></span> <span class='ocrx_word' id='word_1_698' title='bbox 831 4560 985 4630; x_wconf 81' lang='grc' dir='ltr'><strong>ὑπὲρ</strong></span> <span class='ocrx_word' id='word_1_699' title='bbox 1010 4556 1196 4616; x_wconf 77' lang='grc' dir='ltr'><strong>οἶνον.</strong></span> <span class='ocrx_word' id='word_1_700' title='bbox 1219 4560 1392 4631; x_wconf 77' lang='grc' dir='ltr'><strong>Εἴπερ</strong></span> <span class='ocrx_word' id='word_1_701' title='bbox 1414 4559 1478 4631; x_wconf 82' lang='grc' dir='ltr'><strong>δὴ</strong></span> <span class='ocrx_word' id='word_1_702' title='bbox 1507 4558 1676 4613; x_wconf 85' lang='grc' dir='ltr'><strong>τοιοῦ-</strong></span> 
     </span>
    </p>
   </div>
   <div class='ocr_carea' id='block_1_90' title="bbox 82 4648 1673 4725">
    <p class='ocr_par' dir='ltr' id='par_1_90' title="bbox 82 4648 1673 4725">
     <span class='ocr_line' id='line_1_90' title="bbox 82 4648 1673 4725; baseline 0.002 -22"><span class='ocrx_word' id='word_1_703' title='bbox 82 4668 160 4706; x_wconf 90' lang='grc' dir='ltr'><strong>τοι</strong></span> <span class='ocrx_word' id='word_1_704' title='bbox 215 4654 572 4723; x_wconf 82' lang='grc' dir='ltr'><strong>γεγόναμεν,</strong></span> <span class='ocrx_word' id='word_1_705' title='bbox 618 4653 694 4717; x_wconf 87' lang='grc' dir='ltr'><strong>ὡς</strong></span> <span class='ocrx_word' id='word_1_706' title='bbox 731 4653 969 4716; x_wconf 83' lang='grc' dir='ltr'><strong>νεάνιδες</strong></span> <span class='ocrx_word' id='word_1_707' title='bbox 1016 4648 1178 4719; x_wconf 81' lang='grc' dir='ltr'><strong>εἶναι,</strong></span> <span class='ocrx_word' id='word_1_708' title='bbox 1225 4653 1319 4707; x_wconf 79' lang='grc' dir='ltr'><strong>καὶ</strong></span> <span class='ocrx_word' id='word_1_709' title='bbox 1371 4655 1509 4725; x_wconf 88' lang='grc' dir='ltr'><strong>μήτε</strong></span> <span class='ocrx_word' id='word_1_710' title='bbox 1553 4655 1673 4716; x_wconf 86' lang='grc' dir='ltr'><strong>ταῖς</strong></span> 
     </span>
    </p>
   </div>
   <div class='ocr_carea' id='block_1_91' title="bbox 83 4744 1674 4818">
    <p class='ocr_par' dir='ltr' id='par_1_91' title="bbox 83 4744 1674 4818">
     <span class='ocr_line' id='line_1_91' title="bbox 83 4744 1674 4818; baseline 0 -20"><span class='ocrx_word' id='word_1_711' title='bbox 83 4746 241 4818; x_wconf 78' lang='grc' dir='ltr'><strong>φρεσὶ</strong></span> <span class='ocrx_word' id='word_1_712' title='bbox 274 4745 576 4817; x_wconf 74' lang='grc' dir='ltr'><strong>νηπιάζειν</strong></span> <span class='ocrx_word' id='word_1_713' title='bbox 606 4746 709 4800; x_wconf 78' lang='grc' dir='ltr'><strong>ὑπὸ</strong></span> <span class='ocrx_word' id='word_1_714' title='bbox 734 4746 834 4817; x_wconf 83' lang='grc' dir='ltr'><strong>τῆς</strong></span> <span class='ocrx_word' id='word_1_715' title='bbox 860 4748 928 4817; x_wconf 80' lang='grc' dir='ltr'><strong>τῇ</strong></span> <span class='ocrx_word' id='word_1_716' title='bbox 963 4746 1284 4816; x_wconf 87' lang='grc' dir='ltr'><strong>ματαιότητι</strong></span> <span class='ocrx_word' id='word_1_717' title='bbox 1314 4744 1674 4816; x_wconf 86' lang='grc' dir='ltr'><strong>συνεζευγμέ-</strong></span> 
     </span>
    </p>
   </div>
   <div class='ocr_carea' id='block_1_92' title="bbox 82 4836 1671 4910">
    <p class='ocr_par' dir='ltr' id='par_1_92' title="bbox 82 4836 1671 4910">
     <span class='ocr_line' id='line_1_92' title="bbox 82 4836 1671 4910; baseline 0.001 -21"><span class='ocrx_word' id='word_1_718' title='bbox 82 4853 176 4906; x_wconf 85' lang='grc' dir='ltr'><strong>νης</strong></span> <span class='ocrx_word' id='word_1_719' title='bbox 207 4837 496 4909; x_wconf 81' lang='grc' dir='ltr'><strong>νεότητος,</strong></span> <span class='ocrx_word' id='word_1_720' title='bbox 534 4839 670 4910; x_wconf 89' lang='grc' dir='ltr'><strong>μήτε</strong></span> <span class='ocrx_word' id='word_1_721' title='bbox 699 4836 1042 4910; x_wconf 78' lang='grc' dir='ltr'><strong>ῥυτιδοῦσθαι</strong></span> <span class='ocrx_word' id='word_1_722' title='bbox 1066 4836 1134 4891; x_wconf 88' lang='grc' dir='ltr'><strong>δι’</strong></span> <span class='ocrx_word' id='word_1_723' title='bbox 1163 4838 1438 4910; x_wconf 82' lang='grc' dir='ltr'><strong>ἁμαρτίας</strong></span> <span class='ocrx_word' id='word_1_724' title='bbox 1464 4840 1523 4893; x_wconf 76' lang='grc' dir='ltr'><strong>ὲν</strong></span> <span class='ocrx_word' id='word_1_725' title='bbox 1566 4855 1671 4890; x_wconf 86' lang='grc' dir='ltr'><strong>πα-</strong></span> 
     </span>
    </p>
   </div>
   <div class='ocr_carea' id='block_1_93' title="bbox 82 4925 1676 5003">
    <p class='ocr_par' dir='ltr' id='par_1_93' title="bbox 82 4925 1676 5003">
     <span class='ocr_line' id='line_1_93' title="bbox 82 4925 1676 5003; baseline 0.004 -25"><span class='ocrx_word' id='word_1_726' title='bbox 82 4925 328 4999; x_wconf 79' lang='grc' dir='ltr'><strong>λαιότητι</strong></span> <span class='ocrx_word' id='word_1_727' title='bbox 362 4930 438 4999; x_wconf 79' lang='grc' dir='ltr'><strong>τῇ</strong></span> <span class='ocrx_word' id='word_1_728' title='bbox 474 4930 553 4993; x_wconf 84' lang='grc' dir='ltr'><strong>είς</strong></span> <span class='ocrx_word' id='word_1_729' title='bbox 591 4929 899 5000; x_wconf 81' lang='grc' dir='ltr'><strong>ἀφανισμὸν</strong></span> <span class='ocrx_word' id='word_1_730' title='bbox 937 4928 1355 5003; x_wconf 77' lang='grc' dir='ltr'><strong>καταληγούσῃ’</strong></span> <span class='ocrx_word' id='word_1_731' title='bbox 1396 4929 1486 4983; x_wconf 76' lang='grc' dir='ltr'><strong>διὰ</strong></span> <span class='ocrx_word' id='word_1_732' title='bbox 1517 4929 1676 4984; x_wconf 84' lang='grc' dir='ltr'><strong>τοῦτο</strong></span> 
     </span>
    </p>
   </div>
   <div class='ocr_carea' id='block_1_94' title="bbox 82 5018 1673 5094">
    <p class='ocr_par' dir='ltr' id='par_1_94' title="bbox 82 5018 1673 5094">
     <span class='ocr_line' id='line_1_94' title="bbox 82 5018 1673 5094; baseline 0.001 -21"><span class='ocrx_word' id='word_1_733' title='bbox 82 5018 137 5073; x_wconf 80' lang='grc' dir='ltr'><strong>δὲ</strong></span> <span class='ocrx_word' id='word_1_734' title='bbox 177 5021 499 5092; x_wconf 82' lang='grc' dir='ltr'><strong>ἀγαπῶμεν</strong></span> <span class='ocrx_word' id='word_1_735' title='bbox 544 5021 643 5091; x_wconf 80' lang='grc' dir='ltr'><strong>τὴν</strong></span> <span class='ocrx_word' id='word_1_736' title='bbox 694 5021 805 5075; x_wconf 88' lang='grc' dir='ltr'><strong>τῶν</strong></span> <span class='ocrx_word' id='word_1_737' title='bbox 853 5022 964 5076; x_wconf 90' lang='grc' dir='ltr'><strong>σῶν</strong></span> <span class='ocrx_word' id='word_1_738' title='bbox 1007 5022 1353 5094; x_wconf 89' lang='grc' dir='ltr'><strong>διδαγμάτων</strong></span> <span class='ocrx_word' id='word_1_739' title='bbox 1388 5021 1673 5094; x_wconf 71' lang='grc' dir='ltr'><strong>ἐπιρροήν,</strong></span> 
     </span>
    </p>
   </div>
   <div class='ocr_carea' id='block_1_95' title="bbox 83 5105 1677 5185">
    <p class='ocr_par' dir='ltr' id='par_1_95' title="bbox 83 5105 1677 5185">
     <span class='ocr_line' id='line_1_95' title="bbox 83 5105 1677 5185; baseline 0.003 -21"><span class='ocrx_word' id='word_1_740' title='bbox 83 5112 165 5164; x_wconf 73' lang='grc' dir='ltr'><strong>ὅτι</strong></span> <span class='ocrx_word' id='word_1_741' title='bbox 201 5112 281 5165; x_wconf 84' lang='grc' dir='ltr'><strong>Σὲ</strong></span> <span class='ocrx_word' id='word_1_742' title='bbox 311 5114 351 5180; x_wconf 77' lang='grc' dir='ltr'><strong><em>ἠ</em></strong></span> <span class='ocrx_word' id='word_1_743' title='bbox 394 5111 656 5179; x_wconf 82' lang='grc' dir='ltr'><strong>εὐθύτης</strong></span> <span class='ocrx_word' id='word_1_744' title='bbox 683 5111 1022 5183; x_wconf 73' lang='grc' dir='ltr'><strong>ἠγάπησε-ν’</strong></span> <span class='ocrx_word' id='word_1_745' title='bbox 1052 5105 1209 5178; x_wconf 78' lang='grc' dir='ltr'><strong>οὗτος</strong></span> <span class='ocrx_word' id='word_1_746' title='bbox 1236 5113 1345 5185; x_wconf 83' lang='grc' dir='ltr'><strong>γὰρ</strong></span> <span class='ocrx_word' id='word_1_747' title='bbox 1372 5117 1401 5167; x_wconf 85' lang='grc' dir='ltr'>δ</span> <span class='ocrx_word' id='word_1_748' title='bbox 1427 5113 1677 5185; x_wconf 81' lang='grc' dir='ltr'><strong>μαθητὴς</strong></span> 
     </span>
    </p>
   </div>
   <div class='ocr_carea' id='block_1_96' title="bbox 83 5200 1674 5276">
    <p class='ocr_par' dir='ltr' id='par_1_96' title="bbox 83 5200 1674 5276">
     <span class='ocr_line' id='line_1_96' title="bbox 83 5200 1674 5276; baseline 0.003 -23"><span class='ocrx_word' id='word_1_749' title='bbox 83 5200 141 5253; x_wconf 84' lang='grc' dir='ltr'><strong>ὃν</strong></span> <span class='ocrx_word' id='word_1_750' title='bbox 186 5203 386 5272; x_wconf 76' lang='grc' dir='ltr'><strong>ἠγάπα</strong></span> <span class='ocrx_word' id='word_1_751' title='bbox 423 5203 455 5256; x_wconf 86' lang='grc' dir='ltr'><strong>ὁ</strong></span> <span class='ocrx_word' id='word_1_752' title='bbox 515 5201 757 5272; x_wconf 67' lang='grc' dir='ltr'><strong>Ἰησοῦς*</strong></span> <span class='ocrx_word' id='word_1_753' title='bbox 804 5203 1012 5276; x_wconf 82' lang='grc' dir='ltr'><strong>Ἰησοῦς</strong></span> <span class='ocrx_word' id='word_1_754' title='bbox 1053 5204 1113 5257; x_wconf 71' lang='grc' dir='ltr'><strong>δέ</strong></span> <span class='ocrx_word' id='word_1_755' title='bbox 1146 5206 1292 5259; x_wconf 75' lang='grc' dir='ltr'><strong>ἐστιν</strong></span> <span class='ocrx_word' id='word_1_756' title='bbox 1342 5206 1377 5275; x_wconf 84' lang='grc' dir='ltr'>ὴ</span> <span class='ocrx_word' id='word_1_757' title='bbox 1424 5202 1674 5276; x_wconf 84' lang='grc' dir='ltr'><strong>εὐθύτης.</strong></span> 
     </span>
    </p>
   </div>
   <div class='ocr_carea' id='block_1_97' title="bbox 84 5290 1678 5366">
    <p class='ocr_par' dir='ltr' id='par_1_97' title="bbox 84 5290 1678 5366">
     <span class='ocr_line' id='line_1_97' title="bbox 84 5290 1678 5366; baseline 0.003 -21"><span class='ocrx_word' id='word_1_758' title='bbox 84 5293 319 5347; x_wconf 75' lang='grc' dir='ltr'><strong>Κάλλιον</strong></span> <span class='ocrx_word' id='word_1_759' title='bbox 348 5294 411 5348; x_wconf 80' lang='grc' dir='ltr'><strong>δὲ</strong></span> <span class='ocrx_word' id='word_1_760' title='bbox 444 5293 540 5346; x_wconf 69' lang='grc' dir='ltr'><strong>καὶ</strong></span> <span class='ocrx_word' id='word_1_761' title='bbox 576 5293 1041 5366; x_wconf 78' lang='grc' dir='ltr'><strong>θεοπρεπέστερον</strong></span> <span class='ocrx_word' id='word_1_762' title='bbox 1078 5297 1108 5350; x_wconf 84' lang='grc' dir='ltr'>δ</span> <span class='ocrx_word' id='word_1_763' title='bbox 1144 5295 1301 5365; x_wconf 87' lang='grc' dir='ltr'><strong>λόγος</strong></span> <span class='ocrx_word' id='word_1_764' title='bbox 1336 5290 1490 5359; x_wconf 79' lang='grc' dir='ltr'><strong>οὗτος</strong></span> <span class='ocrx_word' id='word_1_765' title='bbox 1527 5296 1678 5366; x_wconf 81' lang='grc' dir='ltr'><strong>παρά</strong></span> 
     </span>
    </p>
   </div>
   <div class='ocr_carea' id='block_1_98' title="bbox 82 5384 1679 5461">
    <p class='ocr_par' dir='ltr' id='par_1_98' title="bbox 82 5384 1679 5461">
     <span class='ocr_line' id='line_1_98' title="bbox 82 5384 1679 5461; baseline 0.003 -26"><span class='ocrx_word' id='word_1_766' title='bbox 82 5384 171 5437; x_wconf 78' lang='grc' dir='ltr'><strong>τὸν</strong></span> <span class='ocrx_word' id='word_1_767' title='bbox 218 5387 521 5457; x_wconf 83' lang='grc' dir='ltr'><strong>προφήτην</strong></span> <span class='ocrx_word' id='word_1_768' title='bbox 567 5384 732 5439; x_wconf 74' lang='grc' dir='ltr'>Δαϐὶδ</span> <span class='ocrx_word' id='word_1_769' title='bbox 767 5385 1022 5456; x_wconf 71' lang='grc' dir='ltr'><strong>ὀνομάζει</strong></span> <span class='ocrx_word' id='word_1_770' title='bbox 1062 5388 1153 5441; x_wconf 82' lang='grc' dir='ltr'><strong>τὸν</strong></span> <span class='ocrx_word' id='word_1_771' title='bbox 1190 5387 1416 5461; x_wconf 83' lang='grc' dir='ltr'><strong>Κύριον.</strong></span> <span class='ocrx_word' id='word_1_772' title='bbox 1468 5388 1527 5440; x_wconf 84' lang='grc'><strong>’0</strong></span> <span class='ocrx_word' id='word_1_773' title='bbox 1581 5385 1679 5459; x_wconf 78' lang='grc' dir='ltr'><strong>μὲν</strong></span> 
     </span>
    </p>
   </div>
   <div class='ocr_carea' id='block_1_99' title="bbox 84 5471 1677 5544">
    <p class='ocr_par' dir='ltr' id='par_1_99' title="bbox 84 5471 1677 5544">
     <span class='ocr_line' id='line_1_99' title="bbox 84 5471 1677 5544; baseline 0.004 -20"><span class='ocrx_word' id='word_1_774' title='bbox 84 5471 189 5542; x_wconf 72' lang='grc' dir='ltr'><strong>γάρ</strong></span> <span class='ocrx_word' id='word_1_775' title='bbox 221 5490 420 5543; x_wconf 77' lang='grc' dir='ltr'><strong>φησιν,</strong></span> <span class='ocrx_word' id='word_1_776' title='bbox 460 5472 543 5525; x_wconf 75' lang='grc' dir='ltr'><strong>ὅτι</strong></span> <span class='ocrx_word' id='word_1_777' title='bbox 581 5473 777 5541; x_wconf 80' lang='grc' dir='ltr'><strong>Εὐθὺς</strong></span> <span class='ocrx_word' id='word_1_778' title='bbox 806 5478 1019 5542; x_wconf 81' lang='grc' dir='ltr'><strong>Κύριος</strong></span> <span class='ocrx_word' id='word_1_779' title='bbox 1057 5479 1090 5531; x_wconf 81' lang='grc' dir='ltr'><strong>ό</strong></span> <span class='ocrx_word' id='word_1_780' title='bbox 1120 5478 1290 5544; x_wconf 79' lang='grc' dir='ltr'><strong>Θεός’</strong></span> <span class='ocrx_word' id='word_1_781' title='bbox 1322 5472 1475 5541; x_wconf 77' lang='grc' dir='ltr'><strong>οὗτος</strong></span> <span class='ocrx_word' id='word_1_782' title='bbox 1504 5476 1558 5531; x_wconf 81' lang='grc' dir='ltr'><strong>δὲ</strong></span> <span class='ocrx_word' id='word_1_783' title='bbox 1588 5479 1677 5530; x_wconf 79' lang='grc' dir='ltr'><strong>εὑ-</strong></span> 
     </span>
    </p>
   </div>
   <div class='ocr_carea' id='block_1_100' title="bbox 150 5648 1282 5728">
    <p class='ocr_par' dir='ltr' id='par_1_100' title="bbox 150 5648 1282 5728">
     <span class='ocr_line' id='line_1_100' title="bbox 150 5648 1282 5728; baseline 0.007 -27"><span class='ocrx_word' id='word_1_784' title='bbox 150 5648 345 5702; x_wconf 65' lang='lat' dir='ltr'><strong>‘Pluil.</strong></span> <span class='ocrx_word' id='word_1_785' title='bbox 388 5664 482 5713; x_wconf 83' lang='grc' dir='ltr'><strong>ιιι,</strong></span> <span class='ocrx_word' id='word_1_786' title='bbox 514 5649 596 5706; x_wconf 78' lang='grc'><strong>15.</strong></span> <span class='ocrx_word' id='word_1_787' title='bbox 675 5654 756 5710; x_wconf 80' lang='grc'><strong>³11</strong></span> <span class='ocrx_word' id='word_1_788' title='bbox 793 5655 921 5713; x_wconf 87' lang='lat' dir='ltr'><strong>Cor.</strong></span> <span class='ocrx_word' id='word_1_789' title='bbox 955 5671 1055 5723; x_wconf 68' lang='grc' dir='ltr'><strong>χιι,</strong></span> <span class='ocrx_word' id='word_1_790' title='bbox 1097 5657 1117 5710; x_wconf 87' lang='grc' dir='ltr'><strong>Ι</strong></span> <span class='ocrx_word' id='word_1_791' title='bbox 1162 5673 1282 5728; x_wconf 88' lang='lat' dir='ltr'><strong>sqq.</strong></span> 
     </span>
    </p>
   </div>
   <div class='ocr_carea' id='block_1_101' title="bbox 1394 5654 1824 5722">
    <p class='ocr_par' dir='ltr' id='par_1_101' title="bbox 1394 5654 1824 5722">
     <span class='ocr_line' id='line_1_101' title="bbox 1394 5654 1824 5722; baseline 0.005 -11"><span class='ocrx_word' id='word_1_792' title='bbox 1394 5654 1594 5713; x_wconf 69' lang='grc'><strong>³10311.</strong></span> <span class='ocrx_word' id='word_1_793' title='bbox 1630 5673 1743 5722; x_wconf 67' lang='lat' dir='ltr'><strong>XXI,</strong></span> <span class='ocrx_word' id='word_1_794' title='bbox 1770 5657 1824 5713; x_wconf 90' lang='lat'><strong>7.</strong></span> 
     </span>
    </p>
   </div>
   <div class='ocr_carea' id='block_1_102' title="bbox 1772 4281 3347 4355">
    <p class='ocr_par' dir='ltr' id='par_1_102' title="bbox 1772 4281 3347 4355">
     <span class='ocr_line' id='line_1_102' title="bbox 1772 4281 3347 4355; baseline -0.003 -12"><span class='ocrx_word' id='word_1_795' title='bbox 1772 4289 2055 4344; x_wconf 88' lang='lat' dir='ltr'><strong>dicemus:</strong></span> <span class='ocrx_word' id='word_1_796' title='bbox 2097 4284 2394 4355; x_wconf 78' lang='lat' dir='ltr'><strong>Diligamus</strong></span> <span class='ocrx_word' id='word_1_797' title='bbox 2444 4285 2609 4339; x_wconf 86' lang='lat' dir='ltr'><strong>ubera</strong></span> <span class='ocrx_word' id='word_1_798' title='bbox 2687 4294 2780 4338; x_wconf 85' lang='lat' dir='ltr'><strong>tua</strong></span> <span class='ocrx_word' id='word_1_799' title='bbox 2840 4300 3004 4353; x_wconf 78' lang='lat' dir='ltr'><strong>supra</strong></span> <span class='ocrx_word' id='word_1_800' title='bbox 3056 4284 3257 4338; x_wconf 78' lang='lat' dir='ltr'><strong>uinum.</strong></span> <span class='ocrx_word' id='word_1_801' title='bbox 3290 4281 3347 4338; x_wconf 92' lang='lat' dir='ltr'><strong>Si</strong></span> 
     </span>
    </p>
   </div>
   <div class='ocr_carea' id='block_1_103' title="bbox 1772 4375 3345 4452">
    <p class='ocr_par' dir='ltr' id='par_1_103' title="bbox 1772 4375 3345 4452">
     <span class='ocr_line' id='line_1_103' title="bbox 1772 4375 3345 4452; baseline -0.003 -16"><span class='ocrx_word' id='word_1_802' title='bbox 1772 4382 1958 4452; x_wconf 84' lang='lat' dir='ltr'><strong>itaque</strong></span> <span class='ocrx_word' id='word_1_803' title='bbox 1991 4393 2184 4435; x_wconf 88' lang='lat' dir='ltr'><strong>sumus</strong></span> <span class='ocrx_word' id='word_1_804' title='bbox 2230 4376 2524 4446; x_wconf 88' lang='lat' dir='ltr'><strong>ejusmodi,</strong></span> <span class='ocrx_word' id='word_1_805' title='bbox 2567 4385 2629 4433; x_wconf 90' lang='lat' dir='ltr'><strong>ut</strong></span> <span class='ocrx_word' id='word_1_806' title='bbox 2684 4377 2859 4433; x_wconf 87' lang='lat' dir='ltr'><strong>simus</strong></span> <span class='ocrx_word' id='word_1_807' title='bbox 2907 4375 3345 4440; x_wconf 64' lang='lat' dir='ltr'><strong>adulescentulas,</strong></span> 
     </span>
    </p>
   </div>
   <div class='ocr_carea' id='block_1_104' title="bbox 1771 4467 3348 4544">
    <p class='ocr_par' dir='ltr' id='par_1_104' title="bbox 1771 4467 3348 4544">
     <span class='ocr_line' id='line_1_104' title="bbox 1771 4467 3348 4544; baseline -0.006 -14"><span class='ocrx_word' id='word_1_808' title='bbox 1771 4482 1827 4530; x_wconf 87' lang='lat' dir='ltr'><strong>et</strong></span> <span class='ocrx_word' id='word_1_809' title='bbox 1853 4488 2032 4544; x_wconf 90' lang='lat' dir='ltr'><strong>neque</strong></span> <span class='ocrx_word' id='word_1_810' title='bbox 2090 4480 2273 4526; x_wconf 87' lang='lat' dir='ltr'><strong>mente</strong></span> <span class='ocrx_word' id='word_1_811' title='bbox 2311 4468 2489 4526; x_wconf 91' lang='lat' dir='ltr'><strong>simus</strong></span> <span class='ocrx_word' id='word_1_812' title='bbox 2530 4467 2772 4525; x_wconf 79' lang='lat' dir='ltr'><strong>infantes</strong></span> <span class='ocrx_word' id='word_1_813' title='bbox 2828 4468 2899 4523; x_wconf 91' lang='lat' dir='ltr'><strong>ob</strong></span> <span class='ocrx_word' id='word_1_814' title='bbox 2933 4468 3161 4522; x_wconf 82' lang='lat' dir='ltr'><strong>vanitati</strong></span> <span class='ocrx_word' id='word_1_815' title='bbox 3212 4483 3348 4537; x_wconf 78' lang='lat' dir='ltr'><strong>qun-</strong></span> 
     </span>
    </p>
   </div>
   <div class='ocr_carea' id='block_1_105' title="bbox 1768 4559 3349 4636">
    <p class='ocr_par' dir='ltr' id='par_1_105' title="bbox 1768 4559 3349 4636">
     <span class='ocr_line' id='line_1_105' title="bbox 1768 4559 3349 4636; baseline -0.003 -15"><span class='ocrx_word' id='word_1_816' title='bbox 1768 4565 2015 4636; x_wconf 86' lang='lat' dir='ltr'><strong>junctam</strong></span> <span class='ocrx_word' id='word_1_817' title='bbox 2036 4564 2405 4634; x_wconf 89' lang='lat' dir='ltr'><strong>juventutem,</strong></span> <span class='ocrx_word' id='word_1_818' title='bbox 2444 4576 2622 4632; x_wconf 87' lang='lat' dir='ltr'><strong>neque</strong></span> <span class='ocrx_word' id='word_1_819' title='bbox 2649 4559 2802 4631; x_wconf 89' lang='lat' dir='ltr'><strong>rugis</strong></span> <span class='ocrx_word' id='word_1_820' title='bbox 2829 4559 3200 4616; x_wconf 79' lang='lat' dir='ltr'><strong>deformemnr</strong></span> <span class='ocrx_word' id='word_1_821' title='bbox 3231 4576 3349 4631; x_wconf 84' lang='lat' dir='ltr'><strong>pro-</strong></span> 
     </span>
    </p>
   </div>
   <div class='ocr_carea' id='block_1_106' title="bbox 1773 4651 3350 4729">
    <p class='ocr_par' dir='ltr' id='par_1_106' title="bbox 1773 4651 3350 4729">
     <span class='ocr_line' id='line_1_106' title="bbox 1773 4651 3350 4729; baseline -0.004 -17"><span class='ocrx_word' id='word_1_822' title='bbox 1773 4667 1894 4729; x_wconf 82' lang='lat' dir='ltr'><strong>pter</strong></span> <span class='ocrx_word' id='word_1_823' title='bbox 1926 4663 2236 4728; x_wconf 85' lang='lat' dir='ltr'><strong>peccatum,</strong></span> <span class='ocrx_word' id='word_1_824' title='bbox 2269 4652 2413 4725; x_wconf 88' lang='lat' dir='ltr'><strong>quod</strong></span> <span class='ocrx_word' id='word_1_825' title='bbox 2439 4653 2495 4708; x_wconf 91' lang='lat' dir='ltr'><strong>in</strong></span> <span class='ocrx_word' id='word_1_826' title='bbox 2537 4659 2812 4708; x_wconf 85' lang='lat' dir='ltr'><strong>vetustate</strong></span> <span class='ocrx_word' id='word_1_827' title='bbox 2843 4651 3044 4707; x_wconf 89' lang='lat' dir='ltr'><strong>desinit</strong></span> <span class='ocrx_word' id='word_1_828' title='bbox 3075 4652 3128 4705; x_wconf 93' lang='lat' dir='ltr'><strong>in</strong></span> <span class='ocrx_word' id='word_1_829' title='bbox 3161 4652 3350 4706; x_wconf 79' lang='lat' dir='ltr'><strong>interi-</strong></span> 
     </span>
    </p>
   </div>
   <div class='ocr_carea' id='block_1_107' title="bbox 1773 4740 3349 4818">
    <p class='ocr_par' dir='ltr' id='par_1_107' title="bbox 1773 4740 3349 4818">
     <span class='ocr_line' id='line_1_107' title="bbox 1773 4740 3349 4818; baseline -0.004 -17"><span class='ocrx_word' id='word_1_830' title='bbox 1773 4756 1923 4813; x_wconf 89' lang='lat' dir='ltr'><strong>tum;</strong></span> <span class='ocrx_word' id='word_1_831' title='bbox 1958 4754 2250 4818; x_wconf 89' lang='lat' dir='ltr'><strong>propterea</strong></span> <span class='ocrx_word' id='word_1_832' title='bbox 2279 4752 2463 4799; x_wconf 86' lang='lat' dir='ltr'><strong>autem</strong></span> <span class='ocrx_word' id='word_1_833' title='bbox 2496 4742 2776 4812; x_wconf 77' lang='lat' dir='ltr'><strong>diligimus</strong></span> <span class='ocrx_word' id='word_1_834' title='bbox 2808 4752 3028 4797; x_wconf 89' lang='lat' dir='ltr'><strong>tuorum</strong></span> <span class='ocrx_word' id='word_1_835' title='bbox 3047 4740 3349 4795; x_wconf 82' lang='lat' dir='ltr'><strong>documen-</strong></span> 
     </span>
    </p>
   </div>
   <div class='ocr_carea' id='block_1_108' title="bbox 1774 4832 3347 4904">
    <p class='ocr_par' dir='ltr' id='par_1_108' title="bbox 1774 4832 3347 4904">
     <span class='ocr_line' id='line_1_108' title="bbox 1774 4832 3347 4904; baseline -0.003 -10"><span class='ocrx_word' id='word_1_836' title='bbox 1774 4845 1955 4894; x_wconf 88' lang='lat' dir='ltr'><strong>torum</strong></span> <span class='ocrx_word' id='word_1_837' title='bbox 1983 4837 2275 4901; x_wconf 80' lang='lat' dir='ltr'><strong>inﬂnxum,</strong></span> <span class='ocrx_word' id='word_1_838' title='bbox 2329 4835 2472 4904; x_wconf 81' lang='lat' dir='ltr'><strong>Quia</strong></span> <span class='ocrx_word' id='word_1_839' title='bbox 2498 4843 2547 4889; x_wconf 76' lang='lat' dir='ltr'><strong>te</strong></span> <span class='ocrx_word' id='word_1_840' title='bbox 2569 4834 2761 4889; x_wconf 74' lang='lat' dir='ltr'><strong>dilexit</strong></span> <span class='ocrx_word' id='word_1_841' title='bbox 2809 4832 3090 4888; x_wconf 75' lang='lat' dir='ltr'><strong>rectitude.</strong></span> <span class='ocrx_word' id='word_1_842' title='bbox 3134 4832 3234 4889; x_wconf 86' lang='lat' dir='ltr'><strong>llic</strong></span> <span class='ocrx_word' id='word_1_843' title='bbox 3264 4842 3347 4889; x_wconf 84' lang='lat' dir='ltr'><strong>est</strong></span> 
     </span>
    </p>
   </div>
   <div class='ocr_carea' id='block_1_109' title="bbox 1776 4923 3352 5000">
    <p class='ocr_par' dir='ltr' id='par_1_109' title="bbox 1776 4923 3352 5000">
     <span class='ocr_line' id='line_1_109' title="bbox 1776 4923 3352 5000; baseline -0.006 -13"><span class='ocrx_word' id='word_1_844' title='bbox 1776 4932 1922 4987; x_wconf 91' lang='lat' dir='ltr'><strong>enim</strong></span> <span class='ocrx_word' id='word_1_845' title='bbox 1957 4928 2283 5000; x_wconf 85' lang='lat' dir='ltr'><strong>discipulus,</strong></span> <span class='ocrx_word' id='word_1_846' title='bbox 2315 4943 2478 4998; x_wconf 89' lang='lat' dir='ltr'><strong>quem</strong></span> <span class='ocrx_word' id='word_1_847' title='bbox 2516 4925 2776 4997; x_wconf 77' lang='lat' dir='ltr'><strong>diligebat</strong></span> <span class='ocrx_word' id='word_1_848' title='bbox 2804 4923 3029 4981; x_wconf 67' lang='lat' dir='ltr'><strong>Jcsus‘:</strong></span> <span class='ocrx_word' id='word_1_849' title='bbox 3054 4923 3216 4981; x_wconf 80' lang='lat' dir='ltr'><strong>Jesus</strong></span> <span class='ocrx_word' id='word_1_850' title='bbox 3258 4941 3352 4978; x_wconf 90' lang='lat' dir='ltr'><strong>au-</strong></span> 
     </span>
    </p>
   </div>
   <div class='ocr_carea' id='block_1_110' title="bbox 1776 5014 3351 5078">
    <p class='ocr_par' dir='ltr' id='par_1_110' title="bbox 1776 5014 3351 5078">
     <span class='ocr_line' id='line_1_110' title="bbox 1776 5014 3351 5078; baseline -0.004 -1"><span class='ocrx_word' id='word_1_851' title='bbox 1776 5030 1885 5078; x_wconf 89' lang='lat' dir='ltr'><strong>tem</strong></span> <span class='ocrx_word' id='word_1_852' title='bbox 1916 5030 2001 5077; x_wconf 91' lang='lat' dir='ltr'><strong>est</strong></span> <span class='ocrx_word' id='word_1_853' title='bbox 2030 5019 2325 5075; x_wconf 81' lang='lat' dir='ltr'><strong>rectitude.</strong></span> <span class='ocrx_word' id='word_1_854' title='bbox 2357 5017 2654 5071; x_wconf 82' lang='lat' dir='ltr'><strong>Pnlchrius</strong></span> <span class='ocrx_word' id='word_1_855' title='bbox 2693 5026 2878 5071; x_wconf 87' lang='lat' dir='ltr'><strong>autem</strong></span> <span class='ocrx_word' id='word_1_856' title='bbox 2914 5023 2968 5071; x_wconf 94' lang='lat' dir='ltr'><strong>ct</strong></span> <span class='ocrx_word' id='word_1_857' title='bbox 2998 5014 3111 5071; x_wconf 91' lang='lat' dir='ltr'><strong>Deo</strong></span> <span class='ocrx_word' id='word_1_858' title='bbox 3148 5030 3351 5071; x_wconf 80' lang='lat' dir='ltr'><strong>conve-</strong></span> 
     </span>
    </p>
   </div>
   <div class='ocr_carea' id='block_1_111' title="bbox 1778 5108 3346 5179">
    <p class='ocr_par' dir='ltr' id='par_1_111' title="bbox 1778 5108 3346 5179">
     <span class='ocr_line' id='line_1_111' title="bbox 1778 5108 3346 5179; baseline -0.004 -10"><span class='ocrx_word' id='word_1_859' title='bbox 1778 5113 2020 5179; x_wconf 87' lang='lat' dir='ltr'><strong>nientius</strong></span> <span class='ocrx_word' id='word_1_860' title='bbox 2045 5111 2132 5166; x_wconf 85' lang='lat' dir='ltr'><strong>hic</strong></span> <span class='ocrx_word' id='word_1_861' title='bbox 2167 5112 2306 5166; x_wconf 88' lang='lat' dir='ltr'><strong>liber</strong></span> <span class='ocrx_word' id='word_1_862' title='bbox 2352 5109 2600 5165; x_wconf 85' lang='lat' dir='ltr'><strong>nominat</strong></span> <span class='ocrx_word' id='word_1_863' title='bbox 2662 5108 2949 5164; x_wconf 88' lang='lat' dir='ltr'><strong>Domimnn</strong></span> <span class='ocrx_word' id='word_1_864' title='bbox 3006 5123 3170 5178; x_wconf 88' lang='lat' dir='ltr'><strong>quam</strong></span> <span class='ocrx_word' id='word_1_865' title='bbox 3218 5124 3346 5179; x_wconf 85' lang='lat' dir='ltr'><strong>pro-</strong></span> 
     </span>
    </p>
   </div>
   <div class='ocr_carea' id='block_1_112' title="bbox 1779 5198 3352 5276">
    <p class='ocr_par' dir='ltr' id='par_1_112' title="bbox 1779 5198 3352 5276">
     <span class='ocr_line' id='line_1_112' title="bbox 1779 5198 3352 5276; baseline -0.003 -17"><span class='ocrx_word' id='word_1_866' title='bbox 1779 5205 1942 5276; x_wconf 82' lang='lat' dir='ltr'><strong>pheta</strong></span> <span class='ocrx_word' id='word_1_867' title='bbox 1977 5201 2168 5258; x_wconf 87' lang='lat' dir='ltr'><strong>David.</strong></span> <span class='ocrx_word' id='word_1_868' title='bbox 2198 5201 2369 5256; x_wconf 87' lang='lat' dir='ltr'><strong>David</strong></span> <span class='ocrx_word' id='word_1_869' title='bbox 2405 5202 2552 5257; x_wconf 92' lang='lat' dir='ltr'><strong>enim</strong></span> <span class='ocrx_word' id='word_1_870' title='bbox 2604 5200 2779 5254; x_wconf 87' lang='lat' dir='ltr'><strong>dicit:</strong></span> <span class='ocrx_word' id='word_1_871' title='bbox 2809 5198 2998 5254; x_wconf 74' lang='lat' dir='ltr'><strong>Rectus</strong></span> <span class='ocrx_word' id='word_1_872' title='bbox 3035 5208 3112 5254; x_wconf 77' lang='lat' dir='ltr'><strong>est</strong></span> <span class='ocrx_word' id='word_1_873' title='bbox 3168 5199 3352 5255; x_wconf 77' lang='lat' dir='ltr'><strong>Duun-</strong></span> 
     </span>
    </p>
   </div>
   <div class='ocr_carea' id='block_1_113' title="bbox 1781 5291 3360 5363">
    <p class='ocr_par' dir='ltr' id='par_1_113' title="bbox 1781 5291 3360 5363">
     <span class='ocr_line' id='line_1_113' title="bbox 1781 5291 3360 5363; baseline -0.003 -12"><span class='ocrx_word' id='word_1_874' title='bbox 1781 5312 1878 5351; x_wconf 80' lang='lat' dir='ltr'><strong>nus</strong></span> <span class='ocrx_word' id='word_1_875' title='bbox 1901 5296 1943 5349; x_wconf 86' lang='grc'><strong>³.</strong></span> <span class='ocrx_word' id='word_1_876' title='bbox 1980 5295 2079 5350; x_wconf 91' lang='lat' dir='ltr'><strong>llic</strong></span> <span class='ocrx_word' id='word_1_877' title='bbox 2111 5300 2295 5349; x_wconf 90' lang='lat' dir='ltr'><strong>autem</strong></span> <span class='ocrx_word' id='word_1_878' title='bbox 2309 5308 2434 5347; x_wconf 91' lang='lat' dir='ltr'><strong>eum</strong></span> <span class='ocrx_word' id='word_1_879' title='bbox 2465 5300 2622 5346; x_wconf 89' lang='lat' dir='ltr'><strong>vocat</strong></span> <span class='ocrx_word' id='word_1_880' title='bbox 2642 5291 3177 5362; x_wconf 88' lang='lat' dir='ltr'><strong>rectitudinem,quo</strong></span> <span class='ocrx_word' id='word_1_881' title='bbox 3198 5295 3360 5363; x_wconf 86' lang='lat' dir='ltr'><strong>quid-</strong></span> 
     </span>
    </p>
   </div>
   <div class='ocr_carea' id='block_1_114' title="bbox 1780 5383 3363 5460">
    <p class='ocr_par' dir='ltr' id='par_1_114' title="bbox 1780 5383 3363 5460">
     <span class='ocr_line' id='line_1_114' title="bbox 1780 5383 3363 5460; baseline -0.004 -16"><span class='ocrx_word' id='word_1_882' title='bbox 1780 5389 1913 5460; x_wconf 90' lang='lat' dir='ltr'><strong>quid</strong></span> <span class='ocrx_word' id='word_1_883' title='bbox 1946 5397 2033 5444; x_wconf 85' lang='lat' dir='ltr'><strong>est</strong></span> <span class='ocrx_word' id='word_1_884' title='bbox 2065 5386 2352 5457; x_wconf 83' lang='lat' dir='ltr'><strong>obliquum</strong></span> <span class='ocrx_word' id='word_1_885' title='bbox 2378 5384 2673 5453; x_wconf 86' lang='lat' dir='ltr'><strong>corrigitur</strong></span> <span class='ocrx_word' id='word_1_886' title='bbox 2701 5392 2756 5439; x_wconf 92' lang='lat' dir='ltr'><strong>et</strong></span> <span class='ocrx_word' id='word_1_887' title='bbox 2782 5383 3070 5439; x_wconf 81' lang='lat' dir='ltr'><strong>deducitur</strong></span> <span class='ocrx_word' id='word_1_888' title='bbox 3097 5385 3163 5440; x_wconf 91' lang='lat' dir='ltr'><strong>ad</strong></span> <span class='ocrx_word' id='word_1_889' title='bbox 3198 5385 3363 5439; x_wconf 85' lang='lat' dir='ltr'><strong>recti-</strong></span> 
     </span>
    </p>
   </div>
   <div class='ocr_carea' id='block_1_115' title="bbox 1782 5476 3352 5549">
    <p class='ocr_par' dir='ltr' id='par_1_115' title="bbox 1782 5476 3352 5549">
     <span class='ocr_line' id='line_1_115' title="bbox 1782 5476 3352 5549; baseline 0 -17"><span class='ocrx_word' id='word_1_890' title='bbox 1782 5479 2050 5535; x_wconf 84' lang='lat' dir='ltr'><strong>tudinem.</strong></span> <span class='ocrx_word' id='word_1_891' title='bbox 2076 5476 2181 5535; x_wconf 89' lang='lat' dir='ltr'><strong>Sed</strong></span> <span class='ocrx_word' id='word_1_892' title='bbox 2206 5484 2259 5536; x_wconf 87' lang='lat' dir='ltr'><strong>in</strong></span> <span class='ocrx_word' id='word_1_893' title='bbox 2289 5477 2447 5534; x_wconf 88' lang='lat' dir='ltr'><strong>nobis</strong></span> <span class='ocrx_word' id='word_1_894' title='bbox 2474 5491 2690 5547; x_wconf 88' lang='lat' dir='ltr'><strong>quoque</strong></span> <span class='ocrx_word' id='word_1_895' title='bbox 2726 5477 2837 5539; x_wconf 85' lang='lat' dir='ltr'><strong>liat,</strong></span> <span class='ocrx_word' id='word_1_896' title='bbox 2880 5485 2937 5531; x_wconf 92' lang='lat' dir='ltr'><strong>ut</strong></span> <span class='ocrx_word' id='word_1_897' title='bbox 2963 5477 3231 5549; x_wconf 82' lang='lat' dir='ltr'><strong>quidquid</strong></span> <span class='ocrx_word' id='word_1_898' title='bbox 3267 5490 3352 5533; x_wconf 81' lang='lat' dir='ltr'><strong>est</strong></span> 
     </span>
    </p>
   </div>
   <div class='ocr_carea' id='block_1_116' title="bbox 1925 5656 2386 5743">
    <p class='ocr_par' dir='ltr' id='par_1_116' title="bbox 1925 5656 2386 5743">
     <span class='ocr_line' id='line_1_116' title="bbox 1925 5656 2386 5743; baseline 0.009 -33"><span class='ocrx_word' id='word_1_899' title='bbox 1925 5656 2111 5743; x_wconf 66' lang='lat' dir='ltr'><strong>&#39;Psal.</strong></span> <span class='ocrx_word' id='word_1_900' title='bbox 2146 5672 2255 5722; x_wconf 75' lang='lat' dir='ltr'><strong>xm,</strong></span> <span class='ocrx_word' id='word_1_901' title='bbox 2302 5660 2386 5714; x_wconf 78' lang='lat' dir='ltr'><strong>ib.</strong></span> 
     </span>
    </p>
   </div>
  </div>
