3752 5984
56 242 185 301 789
1179 242 1244 297 IN
1285 243 1577 300 CANTICA
1616 239 2179 302 CANTICJIOMILIA
2218 248 2282 304 ll.
3244 253 3349 308 790

59 362 282 430 μένοις
309 360 389 430 τῇ
414 356 553 424 λέξει
578 356 842 427 νοήμασίν
872 357 1045 423 ἐστιν,
1075 358 1123 410 εἰ
1157 358 1315 427 μόνον
1342 358 1679 429 ἐπιτηδείους

1814 363 2066 418 ententiis
2090 379 2210 433 qua:
2236 365 2404 417 latent
2424 366 2476 418 in
2504 364 2817 429 dietione,si
2842 365 3002 421 modo
3020 366 3139 421 vita:
3157 382 3359 421 curam.

59 452 222 521 πρὸς
257 449 380 523 τὴν
407 451 484 513 είς
514 449 583 503 τά
608 450 773 517 Ἀγια
799 447 905 503 τῶν
935 450 1102 517 ἁγίων
1132 448 1334 504 εἴσοδον
1361 446 1586 513 ἑαυτοὺς
1617 449 1684 503 δι’

1814 460 2055 518 ῖοτειιιθε,
2095 469 2197 509 nos
2232 463 2388 526 aptos
2430 455 2829 512 reddiderimus
2865 466 2927 511 ut
2977 458 3352 528 ingrediantur

64 539 435 611 ἐπιμελείας
461 538 557 592 τοῦ
594 538 708 609 βίου
735 542 1080 610 ποιήσαιμεν,
1105 539 1185 611 τῷ
1212 540 1431 611 λουτῆρι
1462 541 1557 594 τοῦ
1584 539 1687 595 Δύο

1814 561 1841 598 n
1866 542 2064 600 Sancta
2092 537 2429 611 sanctorum,
2458 547 2676 601 lavacro
2708 544 2868 603 Verbi
2889 547 3058 601 abluti
3089 547 3348 603 sordibus

65 645 181 697 γου
231 629 437 683 πάντα
483 629 654 701 ῥύπον
700 629 931 701 αἰσχράς
976 629 1185 693 ἑννοίας
1225 630 1683 702 άποκλυσάμενοι,

1814 631 2058 690 μιιεοωιιω
2080 637 2444 707 cogitationis,
2466 651 2535 692 ne
2566 637 2613 691 si
2639 646 2832 708 praeter
2860 636 2993 707 legis
3016 646 3351 708 prmcepturn

74 720 322 791 μήποτε
361 720 687 792 θνήσκοντες
718 719 872 792 παρά
906 715 969 774 τὺ
995 720 1361 793 παράγγελμα
1382 721 1475 775 τοῦ
1497 722 1683 794 νόμου,

1814 728 2129 782 nortieinam
2176 728 2376 784 mentis
2407 729 2838 798 conceptionem,
2887 735 2981 782 aut
3012 728 3361 782 immundam

68 811 442 883 θνησιμαίου
480 808 783 882 νοήματος,
822 809 857 881 ἡ
903 827 1047 875 τινος
1081 811 1193 865 τῶν
1244 810 1565 883 ἀκαθάρτων
1603 813 1688 866 ἐν-

1814 816 2024 890 ιιὶίιιιιιιιι
2083 818 2422 887 attigerimus
2487 819 2910 891 cogitationem,
2968 818 3360 883 excludamur,

69 902 317 974 θυμίων
372 902 670 974 ἁψάμενοι,
729 901 949 957 ἀθέατοι
992 902 1103 957 τῶν
1151 902 1301 967 me;
1335 903 1437 972 τῆς
1481 904 1687 975 σκηνῆς

1814 922 1889 962 nec
1918 909 2347 978 contemplemur
2371 908 2635 962 miracula
2674 923 2795 979 quae
2828 916 2955 964 sunt
2988 907 3129 963 intra
3169 907 3351 963 taber-

75 994 415 1065 θαυμάτων
444 992 908 1064 ἀποκλεισθῶμεν.
935 993 1010 1047 Οὐ
1030 992 1139 1066 γὰρ
1179 995 1541 1066 παραδέχεται
1578 996 1688 1050 τῶν

1814 1000 2067 1054 iaculum.
2109 997 2216 1054 Lex
2246 1000 2389 1055 enim
2432 1001 2661 1070 spiritus
2700 1014 2809 1055 non
2845 1000 3108 1070 permittit
3150 1008 3209 1054 ut
3254 999 3361 1070 qui-

70 1089 370 1144 τοιούτων
410 1091 513 1162 τὴν
561 1089 763 1145 εἴσοδον
799 1091 828 1143 6
870 1088 964 1142 τοῦ
1013 1088 1321 1159 πνεύματος
1368 1090 1560 1161 νόμος,
1594 1091 1699 1145 ὲάν.

1814 1101 2058 1146 nortuam
2102 1102 2156 1147 et
2192 1091 2609 1147 abominandam
2656 1092 2894 1160 tetigerit
2941 1092 3346 1160 cogitationem,

82 1183 161 1253 μή
206 1199 304 1246 τις
360 1182 540 1255 πλύνῃ
583 1182 644 1235 τὸ
671 1183 771 1253 τῆς
809 1182 1162 1253 συνειδήσεως
1209 1180 1402 1235 ἑαυτοῦ
1449 1182 1684 1253 ἱμάτιον,

1814 1183 2145 1254 ngrediatur,
2199 1184 2326 1248 nisi,
2398 1192 2456 1237 ut
2505 1183 2750 1254 praecipit
2824 1180 2999 1238 Moses
3023 1181 3070 1245 ⁸,
3118 1182 3353 1237 abluerit

78 1274 236 1327 κατὰ
279 1274 351 1326 τὸ
398 1275 676 1338 Μωῦσέως
705 1274 1088 1346 παράγγελμα,
1117 1275 1146 1326 ὁ
1180 1275 1379 1347 νεκρᾶς
1411 1292 1554 1341 τινος
1595 1278 1690 1331 καὶ

1814 1285 1994 1333 testem
2021 1291 2134 1332 suae
2166 1275 2534 1333 conscientiae.
2612 1314 2615 1317 .

83 1362 413 1432 βδελυκτῆς
446 1362 654 1426 ἑννοίας
687 1362 983 1433 ἁψάμενος.

162 1454 341 1520 ’Λγει
387 1451 448 1507 δὲ
492 1454 586 1508 τὸν
640 1453 796 1522 λόγον
850 1455 883 1523 ή
920 1453 1208 1509 ἀκολουθία
1248 1455 1356 1510 τῶν
1388 1455 1687 1529 προεξητα-

1858 1456 2170 1514 Orationem
2228 1462 2409 1512 autem
2441 1454 2660 1511 deducit
2711 1451 3100 1523 consequentia
3161 1466 3349 1507 eorum

88 1545 323 1613 σμένων
352 1546 498 1617 πρὸς
519 1546 619 1617 τὴν
639 1545 868 1617 θεωρίαν
891 1547 999 1600 τῶν
1024 1546 1176 1618 παρά
1197 1546 1296 1618 τῆς
1315 1548 1532 1620 νύμφης
1554 1549 1690 1621 πρὸς

1814 1564 1910 1620 [uae
1955 1548 2107 1620 prius
2164 1555 2295 1604 sunt
2336 1546 2682 1609 examinata,
2732 1542 3351 1612 ad'contemplationem

82 1636 187 1698 τὰς
220 1636 492 1700 νεάνιδας
538 1638 861 1708 είρημένων.
901 1640 1056 1693 Ἐστι
1093 1641 1151 1693 δὲ
1175 1639 1351 1694 ταῦτα
1374 1657 1387 1671 ’
1417 1638 1689 1694 Μέλαινά

1814 1657 1976 1696 :orum
2019 1655 2139 1710 quae
2188 1654 2218 1693 a
2272 1651 2472 1709 sponsa
2522 1637 2667 1691 dicta
2724 1643 2853 1691 sunt
2904 1633 3349 1689 adolescentulis.

88 1729 209 1794 εἰμι
235 1728 345 1782 καὶ
375 1727 562 1797 καλὴ,
587 1700 902 1798 θυγατέρες
936 1730 1339 1800 Ἰερουσαλὴμ,
1365 1731 1445 1797 ὡς
1464 1731 1690 1798 σκηνώ-

1814 1731 1916 1787 lare
1960 1700 2137 1785 aulem
2167 1700 2350 1785 sunt}
2390 1726 2558 1798 Nigra
2588 1743 2703 1781 sum
2732 1734 2781 1778 et
2809 1726 3043 1795 formosa
3062 1762 3077 1788 ,
3105 1722 3235 1791 filia:
3262 1721 3352 1776 Je-

84 1836 254 1887 ματα
288 1818 505 1888 Κηδὰρ
529 1859 543 1885 ,
568 1820 648 1886 ὡς
679 1820 906 1890 δέρῤεις
939 1821 1238 1891 Σολομὼν.
1263 1822 1457 1886 Καλῶς
1486 1823 1518 1894 ἠ
1547 1822 1689 1877 διδά-

1814 1822 2042 1887 malem,
2073 1821 2207 1877 sicut
2243 1816 2582 1873 tabernacula
2612 1814 2808 1881 Cedar,
2840 1816 2975 1868 sicut
3012 1812 3168 1882 pelles
3195 1812 3353 1866 Salo-

97 1910 302 1973 σκαλος
317 1910 431 1978 ἀφ’
456 1903 532 1965 ὧν
557 1911 663 1965 ἔδει
683 1916 803 1977 ταῖς
830 1913 1293 1985 μαθητευομέναις
1314 1913 1507 1985 ψυχαῖς
1527 1914 1690 1985 ἆρχε-

1814 1915 1978 1969 nonis.
2022 1911 2189 1968 Recte
2229 1919 2409 1966 autem
2458 1908 2652 1978 incipit
2688 1906 2949 1978 magistra
2996 1920 3064 1960 ex
3116 1903 3184 1959 iis
3232 1919 3353 1974 quae

93 2013 185 2055 ται
213 2004 504 2058 ποιεῖσθαι
526 2004 637 2058 τῶν
661 2004 881 2074 ἀγαθῶν
905 2006 1004 2077 τὴν
1038 2006 1312 2078 ὑφήγησιν
1330 2021 1344 2035 ·
1377 2006 1432 2059 αἱ
1465 2006 1560 2077 μὲν
1582 2005 1689 2077 γὰρ

1814 2006 2030 2078 φοι-ιιιίι
2070 2003 2354 2058 animabus
2390 2017 2511 2073 quae
2548 2003 2764 2056 discunt
2803 2000 3070 2056 bonorum
3112 1996 3353 2068 praebere

97 2091 415 2163 προθύμως
449 2094 656 2165 ἔχουσι,
684 2096 751 2150 δι’
774 2089 849 2151 ὧν
885 2095 1337 2165 ἐπαγγέλλονται,
1364 2097 1561 2159 παντὸς
1593 2096 1688 2149 ἀν-

1814 2098 2230 2168 ιιριίεοιίοιιειιι.
2259 2091 2393 2149 Nam
2420 2095 2525 2148 illa}
2550 2091 2791 2163 quidem,
2813 2106 2909 2160 per
2946 2105 3009 2145 ea
3035 2105 3156 2159 quas
3188 2089 3352 2159 proli-

99 2181 385 2250 θρωπίνου
452 2184 653 2253 λόγου,
713 2185 772 2239 ὃν
827 2181 968 2240 οἶνον
1020 2186 1295 2258 τροπικῶς
1344 2186 1687 2258 ὀνομάζουσι,

1814 2199 1990 2253 entur,
2023 2192 2152 2242 sunt
2179 2192 2429 2256 prompto
2450 2191 2504 2240 et
2535 2183 2701 2237 alacri
2735 2181 2942 2246 animo,
2970 2187 3029 2234 ut
3055 2179 3227 2235 cuivis
3254 2178 3353 2233 hu-

97 2274 521 2346 προτιμοτέραν
551 2276 818 2330 ποιείσθαι
862 2275 961 2348 τὴν
1005 2279 1068 2330 ἐκ
1104 2276 1215 2329 τῶν
1262 2276 1493 2344 λογικῶν
1521 2277 1690 2348 αὐτῆς

1814 2294 1963 2333 naua:
1989 2278 2212 2341 rationi,
2241 2292 2404 2346 quam
2450 2275 2657 2344 tropice
2686 2273 2869 2327 vinum
2891 2271 3193 2333 nominant,
3222 2284 3355 2342 prae-

105 2361 299 2429 μαζῶν
329 2363 714 2434 ἀπορρέουσαν
764 2363 920 2436 χάριν
946 2405 960 2427 ,
994 2365 1165 2429 οὕτως
1200 2365 1449 2419 εἰποῦσαι
1479 2366 1553 2437 τῷ
1596 2369 1692 2439 ῥή-

1814 2379 1964 2425 erant
1983 2383 2103 2438 quae
2118 2383 2181 2422 ex
2205 2368 2414 2421 ratione
2437 2356 2679 2435 praeditis
2704 2362 2824 2432 ejus
2850 2363 3110 2416 uberibus
3128 2362 3354 2431 proﬂuit

105 2468 237 2520 ματι
257 2490 273 2515 ,
306 2453 393 2505 ὅτι
433 2453 851 2523 Ἀταπήσομεν
876 2458 1151 2523 μασθούς
1178 2474 1294 2511 σου
1326 2457 1477 2526 ὑπὲρ
1502 2453 1686 2525 alr-or,

1814 2462 2042 2530 gratiam,
2069 2459 2156 2515 his
2202 2458 2383 2513 verbis
2426 2456 2669 2511 dicentes
2701 2471 2715 2507 :
2754 2452 3042 2524 Diligemus
3072 2451 3230 2506 ubera
3260 2462 3352 2508 tua

103 2542 318 2609 ἐπειὸιῇ
348 2558 429 2597 σε
464 2545 505 2612 ἡ
532 2546 787 2614 εὐθύτης
814 2546 1151 2616 ἠγάπησεν.
1190 2550 1254 2602 Ἦ
1287 2549 1341 2602 δὲ
1374 2550 1691 2621 προσθήκην

106 2635 253 2684 ποιεί
284 2636 413 2698 ταῖς
458 2634 924 2706 μαθητευομὲναις
958 2637 1053 2690 τοῦ
1101 2640 1229 2709 περὶ
1264 2639 1435 2711 αὐτὴν
1480 2640 1691 2712 θαύμα⁴

109 2732 198 2785 τος
221 2722 333 2787 ’ὡς
353 2723 424 2778 ἂν
448 2724 648 2794 μᾶλλον
676 2725 940 2796 μάθοιμεν
967 2726 1067 2798 τήν
1094 2728 1402 2800 ἀμέτρητον
1429 2728 1522 2783 τοῦ
1552 2748 1691 2802 νυμ-

111 2812 232 2881 φίου
288 2814 744 2886 φιλανθρωπίαν,
800 2815 897 2870 τοῦ
946 2817 1034 2871 διά
1073 2819 1171 2888 τῆς
1216 2820 1438 2891 ἀγάπης
1465 2823 1691 2876 ἐπιϐάλ-

1814 2831 1977 2887 atem,
2006 2822 2099 2893 qui
2129 2822 2338 2876 dilectw
2369 2835 2464 2890 per
2495 2819 2842 2874 dilectionem
2878 2818 3075 2873 indidit
3111 2816 3351 2887 pulchri.-

111 2902 297 2968 λοντος
315 2906 384 2976 τῇ
408 2906 764 2977 άγαπηθείσῃ
787 2908 848 2961 τὸ
877 2907 1088 2973 κάλλος.
1111 2909 1197 2981 Μὴ
1221 2911 1536 2985 θαυμάσητε
1561 2915 1688 2986 γὰρ,

1816 2915 2055 2991 udinem.
2097 2911 2294 2977 Nolite,
2328 2911 2526 2981 inquit,
2560 2910 2768 2974 mirari,
2805 2907 2951 2980 quod
2986 2924 3071 2963 me
3100 2909 3354 2963 dilexerit

114 2996 298 3086 φησὶν,
330 2998 417 3051 ὅτι
463 2998 531 3067 μὲ
565 2997 794 3072 εὐθύτης
827 3002 1132 3073 ἠγάπησεν,
1174 3004 1288 3057 ἀλλ’
1316 3004 1397 3058 ὅτι
1435 3006 1691 3076 μέλαιναν

1814 3006 2101 3071 ὀριίιιιόο;
2135 3003 2231 3059 sed
2263 3002 2407 3072 quod
2427 3040 2443 3067 ,
2471 3017 2594 3056 cum
2620 3001 2773 3072 nigra
2804 3014 2983 3056 essem
3016 3010 3270 3069 peccato,
3300 3008 3355 3053 et

110 3082 279 3141 οὖσαν
314 3086 377 3152 ἐξ
432 3090 709 3159 ἁμαρτίας
730 3129 745 3155 ,
780 3090 874 3145 καὶ
912 3094 1401 3166 προσῳκειωμένην
1433 3095 1510 3166 τῷ
1542 3096 1689 3167 ζόφῳ

1814 3113 1886 3155 »ει-
1913 3109 2079 3167 opera
2126 3092 2301 3148 allinis
2329 3107 2506 3148 essem
2551 3096 2605 3147 et
2633 3090 2928 3160 conjuncta
2970 3088 3232 3152 tenebris,
3269 3104 3355 3143 me

116 3179 205 3232 διά
235 3180 348 3233 τῶν
373 3182 591 3252 ἔργων,
630 3182 799 3253 καλὴν
831 3182 920 3237 διά
947 3184 1047 3253 τῆς
1072 3185 1292 3257 ἀγάπης
1313 3186 1564 3257 ἐποίησεν
1582 3227 1597 3252 ,
1630 3188 1691 3241 τὸ

1814 3187 2072 3243 pulchram
2111 3183 2299 3239 fecerit
2339 3198 2434 3253 per
2481 3181 2861 3246 dilectionem,
2912 3197 3010 3236 sua
3048 3181 3353 3252 pulchritu—

116 3268 245 3323 ἴδιον
272 3271 477 3334 κάλλος
522 3271 658 3342 πρὸς
701 3272 763 3325 τὸ
807 3273 939 3342 ἐμὸν
971 3270 1155 3344 αἶσχος
1205 3276 1688 3348 ἀνταλλαξάμενος.

1814 3279 1918 3333 line
1946 3282 2275 3331 commutata
2321 3287 2445 3329 eum
2479 3288 2598 3327 mea
2641 3272 2996 3343 turpitudine.
3028 3271 3083 3325 In
3115 3286 3173 3327 se
3203 3271 3349 3326 enim

119 3358 391 3424 Μεταθεὶς
418 3358 533 3431 γὰρ
561 3360 697 3431 πρὸς
727 3361 916 3417 ἑαυτὸν
946 3362 1036 3417 τὸν
1079 3364 1189 3417 τῶν
1219 3364 1368 3435 ἐμῶν
1409 3367 1692 3439 ἁμαρτιῶν

1819 3369 2071 3424 ransi‘atis
2121 3366 2374 3422 sordibus
2412 3379 2656 3420 meorum
2697 3375 3077 3435 peccatorum,
3120 3378 3205 3419 me
3255 3378 3353 3417 sua

125 3448 309 3518 ῥύπον,
350 3451 628 3521 μετέδωκε
658 3469 746 3522 μοι
778 3453 876 3522 τῆς
906 3453 1097 3507 ἑαυτοῦ
1135 3455 1504 3529 καθαρότητος
1525 3500 1539 3523 ,
1577 3475 1692 3511 κοι-

1814 3457 2033 3513 ιιιιίιιιιο
2080 3454 2376 3523 impertiit,
2429 3452 2667 3507 elliciens
2717 3453 3032 3522 participem
3085 3468 3198 3506 suae
3236 3454 3357 3521 pul-

120 3541 286 3594 νωνόν
325 3558 395 3611 με
454 3542 549 3595 τοῦ
600 3541 792 3595 ἑαυτοῦ
841 3542 1069 3607 κάλλους
1118 3546 1597 3616 ἀπεργασάμενος⁹
1637 3547 1695 3611 ὃς

1814 3544 2157 3607 :hritudinis,
2205 3541 2297 3612 qui
2337 3552 2403 3595 ex
2442 3539 2673 3595 deformi
2719 3540 2951 3610 primum
2995 3539 3123 3593 fecit
3153 3541 3358 3593 amabi-

124 3630 334 3699 πρῶτον
361 3630 624 3701 ἐποίησεν
653 3631 710 3697 ἐξ
739 3630 1008 3701 είδεχθοῦς
1054 3632 1324 3703 ἐρασμίαν
1343 3674 1357 3699 ,
1389 3634 1483 3687 καὶ⁵
1526 3633 1697 3698 οὕτως

1818 3650 1924 3698 em,
1958 3644 2010 3689 et
2044 3634 2123 3689 sic
2153 3632 2357 3687 dilexit.
2390 3629 2581 3685 Postea
2609 3628 2930 3683 adhortatur
2960 3630 3107 3697 ipsas
3140 3643 3358 3697 quoque

125 3721 435 3791 ἠγάπησεν.
471 3721 628 3776 Μετά
680 3722 851 3776 ταῦτα
899 3722 1264 3794 προτρέπεται
1310 3723 1410 3787 τὰς
1455 3725 1698 3789 νεάνιδας

1814 3724 2231 3781 ιάοιοεεειιιιιιιιε
2252 3762 2266 3787 ,
2302 3729 2362 3775 ιιι
2386 3722 2495 3777 sint
2522 3720 2778 3790 pulchrre,
2807 3719 2958 3789 prius
2989 3734 3141 3774 suam
3173 3727 3358 3773 osten-

129 3814 217 3865 καὶ
248 3814 420 3878 αὑτὰς
475 3813 727 3883 γενέσθαι
770 3814 968 3879 καλάς,
1006 3817 1067 3868 τὸ
1111 3815 1230 3868 καθ’
1277 3815 1474 3886 ἑαυτήν
1508 3817 1699 3881 κάλλος

133 3905 576 3973 προδεικνύουσα,
612 3905 731 3959 καθ’
764 3907 1053 3977 ὁμοιότητα
1080 3904 1174 3959 τοῦ
1219 3906 1455 3976 μεγάλου
1488 3908 1698 3962 Παύλου

132 3994 410 4063 λέγοντος⁸
442 3997 699 4052 Γίνεσθε
728 3998 807 4063 ὡς
851 3996 966 4066 ἐγὼ
988 4036 1005 4064 ,
1037 3996 1127 4051 ὅτι
1162 3996 1325 4067 κάγὼ
1368 3998 1451 4064 ὡς
1493 3998 1663 4067 ὑμεῖς
1681 4014 1697 4029 ⁸

1814 3999 1939 4052 ιξειιε
1978 4013 2101 4061 vos;
2140 4003 2233 4051 et:
2271 3993 2452 4048 Estote
2490 3992 2589 4047 mei
2643 3992 2971 4054 imitatores,
3020 3988 3154 4043 sicut
3192 3996 3243 4042 et
3269 4004 3360 4058 ego

134 4087 244 4153 καὶ,
276 4090 542 4159 Μιμηταί
569 4105 690 4158 μου
720 4090 978 4158 γίνεσθε,
1007 4089 1200 4155 καθὼς
1235 4089 1393 4159 κάγὼ
1420 4090 1697 4158 Χριστοῦ.

1814 4086 2057 4142 Christi“.
2098 4083 2200 4140 Per
2226 4085 2339 4140 haec
2372 4084 2515 4138 enim
2542 4097 2656 4137 non
2695 4080 2824 4149 sinit
2857 4089 2913 4134 ut
2944 4095 3063 4151 qum
3094 4095 3124 4134 a
3174 4095 3232 4134 se
3261 4079 3360 4133 do-

136 4179 231 4232 Διὰ
254 4180 415 4235 τοῦτο
442 4181 554 4251 γὰρ
584 4182 685 4234 οὐκ
710 4182 777 4252 ἐᾷ
808 4180 906 4245 τάς
952 4179 1394 4252 μαθητευομὲνας
1431 4182 1566 4253 αὐτῇ
1599 4182 1703 4251 ψυ-

1814 4183 1994 4229 rentur
2022 4174 2248 4237 animas,
2298 4173 2364 4227 ad
2404 4172 2570 4227 vitam
2617 4172 2947 4241 aspicientes
2994 4170 3359 4240 praeteritam,

136 4270 233 4339 κάς
261 4274 399 4344 πρὸς
424 4275 489 4327 τὸ
517 4273 843 4345 παρῳχηκδς
868 4272 961 4326 τοῦ
993 4272 1109 4343 βίου
1142 4272 1442 4343 βλεπούσας
1470 4273 1702 4327 ἀπελπί-

1814 4265 2092 4336 desperent
2119 4279 2185 4319 ne
2228 4264 2469 4333 pulchrae
2500 4262 2631 4316 ﬁant
2663 4277 2679 4317 :
2708 4262 2804 4318 sed
2841 4261 2907 4315 ad
2940 4261 3113 4329 ipsam
3148 4260 3365 4313 intuen-

136 4359 247 4423 ζειν
292 4363 387 4417 τοῦ
434 4364 680 4433 γίνεσθαι
710 4364 881 4428 καλάς
901 4381 915 4396 ’
947 4363 1081 4418 ἀλλά
1110 4364 1243 4435 πρὸς
1274 4364 1440 4436 αὐτὴν
1489 4365 1702 4436 ὁρώσας

1814 4367 1887 4413 tes
1933 4357 2036 4411 hoc
2081 4354 2325 4423 exemplo
2368 4352 2610 4417 discant,
2652 4351 2794 4422 quod
2828 4366 3065 4421 praesens
3119 4351 3189 4407 sit
3227 4366 3364 4420 prze~

137 4452 287 4506 τοῦτο
322 4456 615 4525 μανθάνειν
641 4454 730 4508 διὰ
750 4453 844 4509 τοῦ
884 4454 1303 4526 ύποδείγματος,
1329 4455 1410 4508 ὅτι
1442 4454 1502 4508 τὸ
1528 4456 1702 4527 παρὸν

1814 4448 1951 4506 teriti
1999 4446 2350 4515 operculum,
2406 4443 2452 4497 si
2500 4443 2553 4497 id
2583 4443 2720 4497 nulli
2765 4443 2837 4497 sit
2884 4440 3040 4497 aliine
3073 4442 3366 4511 reprehen-

140 4539 339 4605 γίνεται
374 4543 471 4598 τοῦ
505 4545 890 4615 παρῳχηκότος
915 4545 1287 4615 προκάλυμμα
1306 4587 1320 4611 ,
1356 4545 1447 4597 ὲάν
1477 4546 1705 4616 ἄμωμον

1814 4538 1968 4595 sioni.
2017 4535 2158 4591 Dicit
2191 4535 2335 4590 enim
2366 4548 2379 4586 :
2409 4532 2560 4588 Licet
2596 4547 2713 4588 mea
2758 4548 2905 4588 nunc
2936 4532 3214 4603 splendeat
3248 4536 3368 4601 pul-

142 4626 194 4701 ᾖ.
228 4633 389 4703 Λέγει
414 4636 523 4707 γάρ
540 4677 555 4702 ,
590 4637 670 4689 ὅτι
694 4636 812 4689 Κᾶν
845 4634 941 4689 νῦν
970 4652 1071 4706 μου
1098 4635 1379 4705 ἐπιλάμπῃ
1402 4635 1462 4687 τὸ
1488 4634 1700 4700 κάλλος,

1790 2568 1951 2620 supra
1980 2551 2184 2614 uinum,
2217 2548 2343 2618 quia
2381 2554 2428 2601 te
2479 2545 2669 2599 dilexit
2708 2543 2988 2598 rectitude.
3024 2543 3142 2613 Ipsa
3171 2550 3351 2598 autem

1788 2642 2126 2720 discentibus
2170 2639 2317 2694 addit
2364 2638 2720 2701 miraculum,
2767 2635 2913 2707 quod
2960 2636 3014 2688 in
3048 2620 3106 2689 se
3149 2634 3349 2687 factum

1788 2742 1890 2799 est,
1920 2740 1978 2787 ut
2005 2732 2179 2801 magis
2203 2730 2481 2785 discamus
2516 2729 2835 2783 immensam
2871 2727 3056 2796 sponsi
3095 2726 3347 2795 benigni-

1800 3820 1935 3875 dens
1988 3816 2477 3890 pulchritudinem,
2540 3829 2645 3867 non
2699 3826 2859 3868 secus
2906 3820 3067 3881 atque
3128 3826 3358 3879 magnus

1799 3908 2001 3965 Paulus
2058 3907 2150 3977 qui
2195 3906 2329 3960 (ιιι-ιι
2357 3904 2377 3935 ⁷
2414 3923 2427 3959 :
2467 3903 2649 3958 Estote
2694 3904 2829 3955 sicut
2873 3917 2985 3971 ego,
3032 3917 3154 3955 nam
3188 3910 3236 3954 et
3267 3917 3358 3969 ego

1807 4628 2061 4683 chritudo
2080 4669 2095 4693 ,
2124 4641 2243 4696 quae
2274 4625 2406 4680 mihi
2435 4624 2535 4679 fuit
2570 4623 2883 4689 informata,
2908 4634 3190 4695 propterea
3222 4626 3364 4694 quod

145 4722 171 4773 ὃ
197 4739 282 4793 μοι
323 4726 412 4780 διά
451 4727 545 4780 τοῦ
583 4724 931 4796 ἀγαπηθῆναι
964 4725 1113 4797 παρὰ
1150 4727 1248 4795 τῆς
1289 4725 1579 4796 εὐθύτητος
1610 4728 1705 4779 ἐπ-

148 4814 455 4888 εμορφώθη,
486 4816 601 4871 ἀλλ’
630 4811 745 4871 οἶδα
780 4816 1021 4887 ἐμαυτὴν
1053 4817 1113 4868 ού
1147 4815 1404 4886 λαμπρὰν
1444 4812 1607 4868 οὖσαν
1646 4818 1707 4869 τὸ

153 4906 420 4976 καταρχάς
438 4948 454 4971 ,
487 4907 621 4962 ἀλλὰ
654 4908 928 4978 μέλαιναν.
959 4908 1030 4959 Τὸ
1058 4907 1115 4960 δὲ
1143 4906 1380 4959 τοιοῦτον
1415 4903 1552 4969 εἶδος
1584 4909 1709 4977 περὶ

152 4991 265 5058 ἐμὲ,
294 4996 355 5048 τὸ
405 4997 676 5052 σκοτεινὸν
720 4996 817 5050 καὶ
871 4993 1141 5064 ζοφῶδες,
1187 4995 1216 5047 ὁ
1268 4994 1551 5064 προλαϐὼν
1598 4993 1708 5062 βίος

156 5080 416 5154 ἐποίησεν.
459 5087 597 5141 Ἀλλ’
622 5088 771 5158 ὅμως
799 5088 975 5140 ἐκεῖνο
998 5080 1130 5138 οὖσα
1155 5123 1169 5147 ,
1195 5083 1352 5137 τοῦτό
1388 5088 1524 5156 εἰμι.
1564 5087 1711 5139 Μετ-

158 5177 445 5249 εσκευάσθη
479 5178 586 5250 γάρ
610 5179 672 5231 τὺ
698 5179 947 5249 ὁμοίωμα
977 5176 1072 5231 τοῦ
1104 5177 1324 5246 αἴσχους
1356 5179 1434 5239 εἰς
1484 5177 1709 5237 κάλλους

164 5268 382 5336 μορφήν.
404 5271 512 5325 Καὶ
535 5272 691 5342 ὑμεῖς
710 5270 908 5334 τοίνυν,
934 5263 979 5322 ὦ
999 5267 1298 5338 θυγατέρες
1336 5268 1706 5339 Ἰερουσαλὴμ,

161 5351 480 5428 ἀναϐλέψατε
512 5363 647 5434 πρὸς
675 5361 772 5432 τὴν
806 5360 1016 5433 μητέρα
1054 5358 1207 5431 ὑμῶν
1240 5360 1337 5431 τὴν
1370 5360 1481 5412 ἀνω
1520 5362 1710 5429 Ἰερου-

167 5439 351 5514 σαλήμ.
386 5449 447 5503 El
492 5451 586 5503 καὶ
625 5450 954 5521 σκηνώματα
1003 5450 1095 5503 τοῦ
1136 5449 1324 5519 Κηδάρ
1365 5444 1492 5517 ἦτε,
1532 5449 1617 5501 διά
1650 5448 1710 5501 τὸ

1806 4721 2002 4774 dilecta
2037 4718 2230 4771 fuerim
2259 4732 2289 4770 a
2326 4716 2670 4780 rectitudine,
2702 4716 2818 4770 scio
2847 4726 3023 4770 tamen
3049 4732 3133 4769 me
3162 4732 3192 4769 a
3218 4717 3370 4785 prin-

1807 4812 1952 4880 cipio
1981 4826 2088 4865 non
2121 4810 2291 4865 fuisse
2317 4809 2615 4879 elegantem
2642 4822 2705 4861 ac
2732 4806 2982 4871 nitidam,
3007 4806 3101 4861 sed
3136 4807 3365 4875 nigram.

1809 4901 1959 4955 lianc
1998 4908 2179 4956 autem
2225 4907 2399 4953 atram
2446 4913 2509 4952 ae
2559 4897 2984 4962 tenebricosam,
3030 4912 3150 4966 qua:
3200 4897 3255 4951 iu
3287 4913 3368 4950 me

1807 5003 1945 5057 erat,
1980 4991 2209 5046 formam
2247 5000 2363 5045 mea
2399 4990 2524 5045 fecit
2565 4990 2692 5043 vita.
2728 4987 2833 5044 Sed
2869 4997 3048 5041 tamen
3077 5002 3199 5040 cum
3238 4987 3368 5039 illud

1810 5098 2007 5146 essem,
2046 5082 2147 5135 hoc
2187 5096 2331 5135 sum.
2369 5081 2459 5133 illa
2490 5080 2632 5133 enim
2669 5086 2855 5134 nostra
2893 5077 3238 5132 tenebrarum
3294 5080 3371 5130 si-

1819 5173 2065 5229 militudo
2095 5179 2457 5227 transmutata
2486 5178 2569 5225 est
2592 5173 2645 5223 in
2666 5168 2892 5224 formam
2921 5167 3367 5237 pulchritudinis.

1817 5263 1880 5316 lit
1908 5277 2004 5316 vos
2030 5275 2180 5331 ergo,
2212 5275 2245 5314 ο
2275 5259 2396 5313 filia:
2422 5256 2740 5323 Jerusalem,
2778 5257 3003 5326 aspicite
3033 5256 3099 5311 ad
3131 5264 3370 5311 vestram

1816 5363 2046 5408 matrem
2098 5366 2389 5422 supernam
2420 5348 2740 5405 Jerusalem.
2787 5348 3012 5404 Etiamsi
3058 5348 3253 5404 essetis
3287 5360 3371 5402 ta-

1821 5446 2110 5502 bernacula
2137 5445 2329 5508 tledar,
2378 5454 2659 5513 propterea
2697 5440 2841 5512 quod
2876 5443 2928 5496 in
2978 5441 3128 5496 vobis
3161 5440 3379 5496 inhabi-

226 5620 249 5648 ‘
273 5618 424 5681 Nam.
458 5645 563 5693 xu,
584 5630 619 5684 2
644 5648 761 5700 sqq.
840 5632 858 5661 ⁷
903 5630 1069 5684 lCor.
1097 5645 1193 5693 ru,
1219 5629 1270 5682 7.
1347 5628 1367 5657 "
1396 5628 1407 5680 Ι
1437 5628 1563 5682 Cur.
1599 5642 1670 5691 l\',
1718 5627 1800 5681 l6.
