3738 5984
327 150 420 206 791

1577 145 1637 201 S.
1671 141 2003 201 GREGORII
2036 143 2336 202 NYSSENI

3488 137 3595 198 799

323 276 464 323 taret
506 268 762 338 princeps
802 265 1085 337 potestatis
1120 264 1468 320 tenebrarum
1506 263 1720 332 (dictio
1744 263 1890 318 enim

2052 262 2271 332 οικῆσαι
2298 264 2357 318 ὲν
2392 265 2521 335 ὑμῖν
2560 264 2650 317 τὸν
2679 263 2914 335 ἄρχοντα
2942 259 3045 330 τῆς
3083 255 3334 324 ἐξουσίας
3355 254 3473 310 τοῦ
3499 256 3589 309 αἰ-

321 359 501 414 Cedar
548 357 818 430 signiﬁcat
861 356 1368 427 obscurationem),
1404 355 1559 412 eritis
1594 354 1762 426 pelles
1794 352 1895 408 Sa-

320 451 590 515 lomonis,
623 452 727 505 hoc
757 458 842 507 est
871 449 1027 506 eritis
1068 449 1327 519 templum
1361 448 1528 520 regis,
1560 463 1685 502 cum
1718 446 1773 501 in
1801 461 1894 501 vo-

322 540 407 594 his
452 537 771 594 inhabitarit
806 553 898 593 rex
951 535 1230 592 Salomon.
1279 534 1540 593 Salomon
1594 543 1773 590 autem
1812 543 1896 590 est

324 628 615 698 paciﬁcus,
666 629 758 698 qui
800 642 831 682 a
867 642 998 698 pace
1040 642 1237 682 nomen
1273 626 1504 696 accepit.
1534 624 1710 681 Pelles
1748 625 1895 679 enim

325 715 636 772 Salomonis
685 732 751 772 ex
817 724 973 786 parte
1035 716 1341 770 nominavit
1392 723 1567 770 totum
1631 714 1894 769 ambitum

324 809 458 879 regii
503 809 865 863 tabernaculi.
914 807 973 863 In
1012 807 1118 863 hoc
1157 824 1321 864 sensu
1355 807 1489 862 mihi
1536 805 1752 862 videtur
1780 820 1896 859 ma-

324 914 465 968 gnus
509 899 599 955 ille
635 896 840 953 Paulus
874 898 1120 970 proxime
1162 898 1520 962 constitisse,
1553 898 1609 952 in
1656 894 1894 966 Epistola

320 990 389 1045 ad
432 988 710 1046 Romanos
734 991 780 1055 ',
811 991 902 1046 ubi
953 990 1046 1046 Dei
1090 991 1145 1045 in
1179 1006 1282 1046 nos
1320 988 1663 1046 commendat
1713 988 1897 1043 chari-

320 1090 511 1148 tatem,
543 1083 689 1152 quod
713 1098 814 1138 nos
844 1090 1161 1152 peccatores
1192 1098 1316 1139 cum
1347 1096 1618 1147 essemus,
1644 1088 1698 1135 et
1727 1079 1892 1149 nigri,

322 1175 626 1228 luminosos
672 1172 866 1228 iecerit
900 1184 955 1228 et
1001 1173 1265 1230 amabiles
1298 1172 1647 1244 resplendere
1696 1173 1893 1244 gratia.

320 1262 607 1329 Quomodo
655 1262 801 1316 enim
854 1269 1022 1317 noctu
1079 1277 1202 1317 cum
1240 1262 1519 1325 tenebris,
1554 1276 1675 1332 quae
1717 1261 1895 1316 domi-

321 1362 542 1417 nantur,
577 1354 742 1409 simul
772 1354 1060 1425 nigrantur
1082 1356 1287 1420 omnia,
1323 1354 1537 1409 etiamsi
1576 1369 1674 1409 sua
1698 1360 1893 1407 natura

321 1448 432 1500 sint
463 1444 747 1516 splendida
768 1485 782 1509 ,
815 1446 1136 1509 adveniente
1169 1456 1348 1500 autem
1392 1446 1549 1510 luce,
1582 1444 1638 1498 in
1683 1444 1748 1500 iis
1775 1458 1896 1513 quae

321 1536 564 1592 tenebris
588 1543 640 1590 et
674 1534 907 1607 caligine
930 1543 1088 1590 erant
1114 1534 1440 1597 obscurata,
1472 1549 1580 1588 non
1606 1543 1789 1588 manet
1819 1532 1896 1588 si-

1999 370 2160 424 σχους
2191 355 2532 427 (σκοτασμὺς
2565 354 2675 429 γὰρ
2718 356 2753 425 ἠ
2799 353 2896 407 τοῦ
2928 351 3118 424 Κηδὰρ
3149 347 3294 414 λέξις
3341 346 3589 416 διερμη-

1997 445 2268 517 νεύεται),
2308 446 2518 519 δέρρεις
2558 445 2653 500 τοῦ
2688 444 3032 517 Σολομῶντος
3068 439 3360 512 γενήσεσθε
3392 478 3411 502 ,
3462 452 3591 490 του·

1994 535 2163 601 τέστι,
2187 535 2309 599 ναὸς
2337 535 2429 590 τοῦ
2465 535 2730 606 βασιλέως
2757 533 2945 589 ἔσεσθε
2971 574 2988 599 ,
3019 535 3076 586 ὲν
3103 532 3232 602 ὑμῖν
3254 529 3592 599 οἰκήσαντος

1994 622 2088 676 τοῦ
2113 623 2373 693 βασιλέως
2385 624 2746 696 Σολομῶντος.
2764 619 3018 694 Σολομὼν
3034 620 3091 674 δὲ
3112 617 3389 690 εἰρηνικός
3411 618 3588 677 ἐστιν.

1996 711 2025 762 ὁ
2053 711 2117 783 τῇ
2148 713 2337 782 εἰρήνη
2364 712 2670 781 ἐπώνυμος.
2704 711 2930 784 Δέρῤεις
2961 710 3069 780 γὰρ
3100 706 3454 777 Σολομῶντος
3484 703 3596 756 ἀπὸ

2000 802 2196 873 μέρους
2246 805 2429 859 πᾶσαν
2451 805 2551 875 τῆς
2583 803 2867 875 βασιλικῆς
2914 802 3119 873 σκηνῆς
3150 800 3249 870 τὴν
3282 795 3595 867 περιϐολὴν

1997 893 2370 966 κατωνόμασε.
2403 892 2624 960 Τούτοις
2650 914 2740 967 μοι
2765 895 2913 949 δοκεί
2937 896 3049 958 τοῖς
3079 893 3342 963 νοήμασιν
3374 888 3593 960 ὁμοίως

1996 985 2208 1050 Παῦλος
2247 986 2673 1058 προσεχέστερον
2716 989 2775 1040 ὲν
2818 988 2885 1056 τῇ
2921 984 3058 1056 πρὸς
3096 981 3400 1049 Ῥωμαίους
3437 976 3590 1049 φιλῶ

1997 1074 2265 1147 χωρῆσαι,
2290 1078 2483 1147 λέγων,
2517 1081 2576 1132 ὲν
2603 1073 2684 1143 οἷς
2710 1078 2990 1147 συνίστησι
3027 1075 3120 1129 τοῦ
3152 1073 3287 1128 Θεοῦ
3322 1072 3430 1142 τὴν
3460 1069 3591 1140 περὶ

1997 1169 2144 1237 ἡμᾶς
2172 1168 2389 1237 ἀγάπην
2414 1209 2429 1234 ,
2459 1170 2541 1223 ὅτι
2573 1171 2928 1241 ἁμαρτωλοὺς
2959 1171 3107 1241 ἡμᾶς
3146 1169 3304 1231 bna;
3347 1167 3453 1221 καὶ
3496 1165 3590 1236 μέ-

1996 1259 2160 1323 λανας
2182 1301 2198 1327 ,
2233 1262 2538 1330 φωτοειδεϊς
2579 1263 2672 1317 καὶ
2703 1261 2999 1333 ἐρασμίους
3043 1261 3132 1315 διὰ
3163 1259 3258 1315 τοῦ
3304 1257 3591 1331 περιλάμ-

1994 1349 2094 1419 ea:
2116 1349 2216 1420 τὴν
2246 1352 2405 1423 χάριν
2438 1353 2715 1422 ἐποίησεν.
2747 1353 2957 1424 Ὥσπερ
2993 1355 3103 1423 γὰρ
3135 1353 3195 1406 ὲν
3221 1352 3380 1405 νυκτὶ
3408 1350 3586 1403 πάντα

1995 1441 2073 1513 τῷ
2095 1442 2479 1515 ἐπικρατοῦντι
2511 1444 2939 1516 συμμελαίνεται
2965 1445 3114 1515 ζόφῳ
3140 1484 3155 1508 ,
3196 1442 3299 1497 κᾶν
3354 1440 3588 1513 λαμπρὰ

1997 1536 2136 1589 κατὰ
2173 1535 2332 1605 φύσιν
2374 1537 2501 1591 ὄντα
2548 1539 2724 1610 τύχῃ·
2762 1539 2938 1609 φωτὸς
2974 1539 3033 1592 δὲ
3085 1537 3481 1599 ἐπιλαϐόντος,
3526 1533 3585 1586 οὒ

321 1629 572 1683 militudo
601 1627 692 1682 illa
717 1627 1098 1682 tenebrarum:
1126 1627 1199 1680 ita
1232 1627 1393 1680 etiam
1427 1626 1677 1680 traducta
1714 1626 1894 1680 anima

2050 1629 2300 1700 κραμένει
2337 1633 2450 1695 τοῖς
2490 1633 2549 1685 ὲν
2581 1631 2658 1703 τῷ
2707 1631 2855 1703 ζόφῳ
2890 1630 3248 1686 σκοτισθεϊσιν
3278 1630 3312 1700 ὴ
3358 1628 3506 1699 πρὸς
3527 1627 3586 1680 τὸ

320 1723 391 1775 ab
430 1736 618 1776 errore
672 1719 741 1773 ad
794 1718 1111 1781 veritatem,
1161 1719 1451 1774 tenebrosa
1499 1735 1718 1790 quoque
1772 1720 1895 1773 vitae

323 1812 497 1865 forma
550 1811 714 1866 simul
767 1817 1011 1864 mutatur
1063 1811 1130 1865 ad
1183 1807 1421 1865 lucidam
1476 1809 1726 1882 gratiam.
1768 1807 1894 1866 Haec

321 1911 501 1958 autem
550 1903 711 1957 etiam
757 1902 823 1955 ad
868 1900 1248 1967 Timotheum,
1297 1915 1420 1970 qua:
1470 1901 1540 1954 ad
1574 1900 1893 1956 adolescen—

320 1996 464 2051 tulas
501 1994 634 2049 dicit
662 1993 865 2048 Christi
895 2007 1096 2062 sponsa
1116 2032 1132 2054 ,
1165 1992 1369 2049 Paulus
1397 2008 1465 2048 ex
1499 1992 1657 2064 nigro
1705 2002 1893 2064 postea

321 2089 499 2142 factus
542 2084 899 2156 splendidus,
953 2083 1098 2154 quod
1140 2085 1256 2154 ipse
1303 2099 1524 2155 quoque
1570 2084 1770 2155 dignus
1825 2085 1897 2141 sit

322 2182 543 2237 habitus
576 2180 668 2251 qui
713 2178 866 2234 ﬁeret
893 2178 1140 2248 pulcher,
1181 2180 1272 2248 qui
1316 2180 1471 2249 prius
1496 2187 1615 2232 erat
1643 2178 1896 2249 blasphe-

321 2287 466 2336 mus,
496 2279 551 2326 et
590 2278 930 2341 persecutor,
955 2275 1010 2325 et
1055 2268 1488 2324 contumeliosus
1519 2269 1586 2335 ¹⁰,
1612 2279 1663 2323 et
1698 2268 1850 2339 niger
1878 2289 1890 2324 ε

321 2371 376 2418 et
416 2361 561 2433 quod
609 2361 863 2417 Christus
911 2360 1121 2417 venerit
1169 2360 1223 2414 in
1259 2359 1558 2424 mundum,
1618 2365 1676 2413 ut
1708 2358 1896 2430 nigros

321 2455 525 2509 faceret
574 2452 921 2524 splendidos,
971 2468 1079 2507 non
1104 2451 1284 2522 justus
1334 2450 1402 2505 ad
1432 2466 1491 2507 se
1525 2465 1758 2518 vocans,
1799 2451 1895 2506 sed

320 2555 638 2616 peccatores
671 2544 739 2599 ad
778 2544 1187 2615 paenitentiam,
1223 2558 1363 2614 quos
1408 2543 1630 2599 lavacro
1667 2557 1896 2614 regene-

322 2636 555 2690 rationis
582 2635 765 2690 lucere
792 2635 921 2690 fecit
950 2643 1204 2704 tanquam
1236 2632 1528 2687 luminaria
1549 2672 1565 2696 ,
1604 2632 1897 2688 tenebrosa

321 2744 511 2784 eorum
556 2726 731 2783 forma
770 2741 866 2797 per
904 2741 1102 2798 aquam
1152 2725 1361 2781 abluta.
1392 2722 1508 2780 Hoc
1552 2724 1719 2779 etiam
1750 2724 1898 2779 videt

320 2822 518 2877 oculus
558 2820 723 2876 David
760 2819 814 2874 in
866 2833 1104 2890 superna
1143 2818 1403 2884 civitate,
1434 2826 1488 2873 et
1514 2818 1745 2872 miratur
1775 2832 1897 2887 spe-

322 2911 618 2975 ctaculum,
664 2923 859 2980 nempe
902 2907 1362 2980 quemadmodum
1405 2908 1460 2962 in
1512 2905 1604 2962 Dei
1637 2907 1894 2972 civitate,

322 3002 390 3054 de
420 3016 526 3070 qua
555 2964 701 3055 dicta
748 2964 876 3054 sdnt
919 2964 1180 3069 gloriosa,
1210 2996 1453 3069 Babylon
1485 2997 1809 3065 collocatur,
1841 2964 1897 3052 et
1924 2964 1967 3023 θ

326 3091 475 3146 Raab
504 3090 759 3146 meretrix
805 3104 1007 3161 sponsa
1054 3088 1308 3155 eﬁieitur,
1357 3088 1898 3160 alienigenaeque,et

325 3180 504 3254 Tyrus
540 3189 592 3237 et
619 3181 851 3251 populus
878 3179 1198 3251 xEthiopum
1232 3183 1289 3236 in
1314 3195 1380 3236 ea
1407 3181 1687 3237 exsistunt
1712 3199 1728 3236 ι
1759 3179 1899 3236 adeo

324 3282 385 3328 ut
414 3287 574 3327 nemo
614 3271 786 3343 possit
827 3271 1063 3342 amplius
1114 3271 1242 3327 huic
1283 3271 1491 3326 civitati
1532 3270 1897 3326 habitatorum

323 3386 388 3424 ex
399 3369 655 3441 probrare
671 3368 1021 3425 solitudinem
1036 3365 1226 3423 dicens
1246 3384 1260 3421 :
1282 3363 1558 3438 Numquid
1575 3366 1707 3423 Sion
1722 3364 1858 3420 dicet
1880 3383 1899 3421 :

324 3462 496 3517 Homo
527 3472 683 3515 natus
713 3471 790 3515 est
823 3462 876 3515 in
902 3476 966 3515 ea
986 3460 1066 3514 “?
1107 3457 1243 3514 Nam
1272 3460 1385 3514 illic
1411 3474 1631 3530 quoque
1670 3458 1900 3514 tribules

328 3554 563 3609 civitatis
593 3554 725 3607 tium
755 3552 1091 3623 alienigenae,
1122 3558 1176 3606 et
1215 3549 1700 3623 Hierosolymitani
1731 3548 1904 3621 Baby-

326 3646 486 3710 lonii,
519 3652 572 3701 ct
614 3645 765 3716 virgo
818 3644 1099 3707 meretrix,
1151 3654 1201 3699 et
1236 3643 1457 3699 candidi
1498 3642 1816 3715 Ethiopes,
1847 3650 1902 3698 et

327 3736 503 3809 Tyrus
528 3753 764 3808 superna
787 3736 1004 3792 civitas.
1037 3734 1111 3790 lta
1140 3736 1230 3791 hic
1258 3752 1478 3807 quoque
1499 3750 1702 3806 sponsa
1725 3749 1903 3804 prom-

328 3837 449 3898 plus
476 3837 527 3882 et
559 3832 740 3881 animo
764 3827 977 3882 alacres
1004 3826 1182 3882 reddit
1226 3825 1365 3882 ﬁlias
1396 3825 1723 3889 Jerusalem,
1753 3840 1903 3879 com-

328 3917 593 3972 mendans
636 3917 823 3986 sponsi
865 3916 1199 3981 bonitatem,
1243 3916 1388 3985 quod
1437 3916 1659 3971 etiamsi
1687 3916 1899 3986 nigram

328 4006 597 4071 acceperit
622 4005 883 4067 animam,
915 4020 1011 4073 per
1031 4019 1149 4059 eam
1172 4020 1293 4075 qua:
1318 4020 1443 4059 eum
1473 4005 1591 4073 ipso
1616 4003 1904 4060 intercedit

329 4097 767 4165 coniunctionem
790 4134 806 4159 ,
840 4095 1016 4150 reddit
1048 4094 1351 4165 pulchram,
1390 4103 1445 4150 et
1488 4094 1534 4150 si
1562 4097 1687 4166 quis
1721 4097 1791 4152 sit
1823 4104 1904 4149 ta-

330 4190 685 4245 bernaculum
733 4185 928 4254 Cedat,
969 4186 1028 4241 ﬁt
1061 4186 1201 4242 lucis
1241 4186 1612 4242 habitaculum
1646 4189 1756 4242 veri
1804 4187 1905 4242 Sas

1998 1720 2187 1784 σκότος
2216 1720 2472 1791 ὁμοίωσις
2496 1739 2511 1754 σ
2543 1721 2691 1776 οὕτω
2715 1723 3105 1795 μετατεθείσης
3132 1722 3230 1793 τῆς
3257 1721 3447 1791 ψυχῆς
3481 1719 3586 1772 ἀπδ

1995 1814 2095 1883 τῆς
2123 1813 2330 1883 πλάνης
2361 1814 2495 1884 πρὸς
2531 1813 2629 1885 τὴν
2665 1815 2924 1887 ἀλήθειαν
2946 1859 2960 1882 ,
2992 1815 3089 1868 καὶ
3118 1816 3153 1886 ἡ
3191 1813 3451 1884 σκοτεινὴ
3492 1809 3583 1866 τοῦ

1998 1904 2113 1975 βίου
2150 1905 2333 1976 μορφὴ
2364 1905 2498 1977 πρὸς
2530 1905 2634 1975 τὴν
2666 1908 2931 1976 φωτεινὴν
2972 1905 3132 1977 χάριν
3190 1903 3585 1977 συμμεταϐάλ-

1996 1997 2162 2049 λεται.
2205 1994 2391 2049 Ταῦτα
2437 1995 2705 2067 καίγπρδς
2757 1997 2850 2050 τὸν
2892 1996 3195 2068 Τιμόθεον,
3225 1996 3265 2051 ἂ
3310 1994 3459 2066 πρὸς
3490 1992 3583 2054 τὰς

1996 2087 2239 2151 νεάνιδας
2286 2086 2436 2155 λέγει
2473 2089 2506 2158 ἡ
2546 2087 2642 2140 τοῦ
2670 2088 2906 2158 Χριστοῦ
2949 2088 3171 2160 νύμφη,
3215 2089 3244 2142 ὁ
3272 2086 3528 2151 Παῦλος,
3559 2086 3587 2137 ὁ

1995 2178 2245 2250 λαμπρὸς
2274 2180 2337 2231 ἐκ
2368 2178 2595 2249 μέλανος
2632 2178 2770 2249 μετὰ
2805 2178 2979 2232 ταῦτα
3003 2179 3294 2249 γενόμενος
3318 2217 3334 2242 ,
3366 2178 3458 2233 ὅτι
3490 2193 3584 2231 καο

1995 2270 2085 2335 λὸς
2109 2270 2314 2341 ἠξιώθη
2347 2271 2439 2324 καὶ
2468 2270 2628 2334 αὐτὸς
2653 2270 2906 2339 γενέσθαι
2928 2314 2943 2337 ,
2979 2274 3008 2325 ὁ
3042 2271 3305 2343 πρότερον
3333 2269 3586 2339 βλάσφη-

1999 2381 2097 2434 μος
2122 2361 2197 2417 ὢν
2222 2403 2237 2428 ,
2272 2364 2367 2417 καὶ
2389 2363 2621 2434 διώκτης
2647 2402 2662 2427 ,
2693 2363 2787 2417 καὶ
2818 2363 3080 2435 ὑϐριστὴς
3100 2404 3114 2425 .
3144 2364 3242 2416 καὶ
3273 2362 3479 2434 μέλαςο
3506 2363 3585 2416 ὅτι

1996 2455 2230 2526 Χριστὸς
2256 2456 2336 2518 εἰς
2360 2455 2451 2508 τὸν
2480 2455 2684 2526 κόσμον
2714 2452 2846 2526 ἦλθε
2883 2454 3172 2526 λαμπροὺς
3198 2454 3429 2523 ποιῆσαι
3461 2452 3585 2515 τοὺς

2001 2545 2238 2617 μέλανας
2257 2585 2273 2609 ,
2296 2546 2358 2600 ού
2380 2546 2620 2610 δικαίους
2650 2547 2786 2618 πρὸς
2810 2546 3003 2600 ἑαυτὸν
3023 2544 3224 2609 καλῶν,
3249 2544 3391 2599 ἀλλὰ
3417 2546 3586 2615 ἁμαρ·

1995 2637 2199 2701 τωλοὺς
2223 2639 2302 2702 εἰς
2334 2638 2642 2710 μετάνοιαν,
2672 2637 2766 2702 οὒς
2789 2637 2867 2709 τῷ
2891 2636 3101 2709 λουτρῷ
3125 2638 3226 2709 τῆς
3256 2637 3584 2706 παλιγγενεο

2000 2727 2119 2793 σίας
2145 2728 2381 2799 λάμπειν
2407 2729 2484 2793 ὡς
2510 2730 2803 2802 φωστῆρας
2832 2729 3054 2801 ἐποίησε
3079 2768 3095 2794 ,
3126 2729 3188 2783 τὸ
3215 2728 3461 2797 ζοφῶδες
3488 2728 3580 2782 αὐ-

1996 2818 2106 2873 τῶν
2127 2815 2265 2883 εἶδος
2289 2819 2604 2884 ἀποκλύσας
2629 2820 2708 2891 τῷ
2731 2819 2905 2875 ὕδατι.
2930 2819 3074 2873 Αὐτὸ
3109 2818 3271 2873 τοῦτο
3296 2819 3395 2872 καί⁵
3432 2821 3463 2872 ὁ
3494 2814 3583 2869 τοῦ

1998 2910 2161 2964 Δαόὶδ
2186 2909 2464 2982 ὀφθαλμὸς
2486 2913 2544 2966 ἐν
2571 2913 2639 2983 τῇ
2669 2910 2782 2965 ἄνω
2812 2910 2964 2964 πόλει
2995 2911 3121 2982 ὁρᾷ,
3138 2909 3234 2962 καί
3263 2911 3322 2963 ὲν
3342 2908 3582 2979 θαύματι

2000 3006 2234 3057 ποιεῖται
2256 3003 2317 3057 τὸ
2344 3003 2552 3075 θέαμα·
2590 3003 2708 3068 πῶς
2754 3005 2813 3057 ὲν
2839 3005 2906 3075 τῇ
2931 3002 3084 3056 πόλει
3120 3000 3221 3055 τοῦ
3247 3000 3388 3055 Θεοῦ
3413 3042 3430 3063 ,
3461 2998 3583 3069 περὶ

1998 3090 2068 3166 ἧς
2112 3096 2183 3148 τὰ
2226 3093 2588 3164 δεδοξασμένα
2632 3093 2923 3163 λελάληται
2948 3133 2964 3158 ,
2999 3090 3258 3145 Βαὸυλὼν
3293 3090 3579 3155 οἰκίζεται,

1999 3188 2094 3242 καὶ
2120 3190 2154 3257 ὴ
2200 3187 2373 3260 πόρνη
2411 3184 2579 3240 Ῥαὰϐ
2613 3184 3041 3257 μνημονεύεται,
3071 3180 3357 3250 ἀλλόφυλοι
3400 3198 3464 3234 τε
3494 3180 3583 3232 καὶ

2000 3280 2175 3352 Τύρος
2208 3282 2306 3334 καὶ
2356 3281 2385 3333 ὁ
2413 3278 2521 3332 τῶν
2553 3277 2826 3333 Αἰθιόπων
2867 3276 2995 3339 λαὸς
3029 3276 3091 3329 ὲν
3120 3275 3260 3346 αὐτῇ
3309 3273 3579 3342 γίνονται·

2000 3370 2076 3433 ὡς
2127 3369 2322 3440 μηκέτι
2366 3368 2475 3422 τῶν
2519 3366 2824 3438 ἀνθρώπων
2852 3365 2974 3421 τινὰ
3000 3368 3068 3437 τῇ
3101 3364 3253 3418 πόλει
3283 3362 3461 3434 ταύτῃ
3491 3359 3582 3431 τὴν

2000 3461 2108 3515 τῶν
2130 3460 2427 3531 οἰκητόρων
2452 3458 2689 3530 ἐρημίαν
2711 3455 3061 3522 ὲπονειδίξειν
3087 3456 3316 3524 λέγοντα
3336 3471 3352 3485 ’
3373 3454 3473 3520 Μή
3498 3470 3583 3518 τις

1965 3592 1975 3605 .
2001 3554 2089 3608 ἔτι
2120 3552 2195 3622 τῇ
2224 3551 2378 3607 Σιὼν·
2410 3551 2548 3621 ἐρεῖ,
2587 3551 2932 3618 Ἀνθρωπος
2961 3546 3252 3617 ἐγεννήθη
3290 3546 3362 3600 ἐν
3385 3548 3545 3612 αὐτῇ
3560 3582 3575 3599 .

2002 3648 2178 3702 Κάκεῖ
2201 3645 2310 3716 γὰρ
2338 3644 2563 3713 φυλέται
2585 3644 2684 3714 τῆς
2708 3642 2916 3705 πόλεως
2936 3640 3177 3707 γίνονται
3202 3640 3253 3692 oi
3275 3636 3575 3708 ἀλλόφυλοι,

2003 3739 2097 3794 καὶ
2177 3735 2599 3808 Ἱεροσολυμῖται
2651 3729 2982 3785 Βαϐυλώνιοι
3010 3772 3025 3798 ,
3080 3731 3173 3785 καὶ
3223 3728 3494 3800 παρθένος
3544 3726 3574 3793 ἡ

2004 3832 2177 3903 πόρνη
2202 3871 2217 3895 ,
2240 3829 2337 3884 καὶ
2361 3827 2605 3899 λαμπροὶ
2637 3826 2688 3878 οἱ
2718 3825 2976 3888 Αἰθίοπες
3000 3862 3016 3889 ,
3065 3823 3159 3876 καὶ
3194 3822 3371 3894 Τύρος
3411 3822 3446 3892 ἠ
3474 3819 3577 3875 ἄνω

2004 3924 2157 3988 πόλις
2179 3941 2194 3955 ο
2248 3922 2389 3976 οὕτω
2425 3920 2521 3973 καὶ
2558 3915 2791 3972 ἐνταῦθα
2818 3917 2918 3979 τὰς
2967 3915 3271 3985 θυγατέρας
3315 3912 3575 3982 Ἰερουσα-

2003 4020 2117 4088 λὴμ
2144 4014 2630 4087 προθυμοποιείται
2665 4011 2700 4079 ἡ
2729 4008 2918 4079 νύμφη
2937 4047 2952 4073 ,
2993 4005 3295 4060 συνιστῶσα
3327 4004 3425 4057 τοῦ
3453 4018 3576 4072 νυμ-

2006 4107 2128 4177 φίου
2166 4104 2264 4176 τὴν
2307 4100 2622 4171 ἀγαθότητα
2645 4141 2661 4167 ,
2690 4100 2772 4153 ὅτι
2801 4097 2906 4151 κᾶν
2961 4094 3219 4167 μέλαινάν
3265 4111 3388 4147 τινα
3434 4092 3570 4147 λάϐοι

2005 4195 2205 4267 ψυχὴν,
2238 4195 2305 4264 τῇ
2331 4191 2465 4261 πρὸς
2498 4189 2688 4244 ἑαυτὸν
2717 4186 2974 4257 κοινωνίᾳ
2999 4183 3168 4255 καλὴν
3191 4182 3571 4255 ἀπεργάζεται,

331 4282 596 4348 lomonis,
632 4280 736 4335 hoc
779 4287 864 4335 est
909 4278 1049 4349 regis
1091 4277 1305 4348 paciﬁci
1352 4277 1407 4331 in
1453 4293 1515 4333 ea
1555 4277 1902 4334 habitantis:

2050 4286 2107 4340 iv
2132 4301 2217 4347 τις
2247 4275 2565 4353 σκήνωμαῇ
2589 4276 2798 4350 Κηδὰρ,
2828 4276 3006 4346 φωτὸς
3029 4276 3348 4345 οἰκητήριον
3379 4272 3572 4356 γίνεται

320 4392 603 4453 propterea
652 4373 786 4429 dicit
819 4392 833 4427 :
865 4368 1041 4442 Nigra
1073 4388 1191 4425 sum
1217 4380 1268 4426 et
1301 4373 1560 4440 formosa,
1587 4371 1718 4437 ﬁlia:
1741 4369 1904 4426 Jeru-

332 4467 528 4536 salem,
563 4473 623 4520 ut
645 4466 713 4520 ad
757 4479 845 4519 me
899 4464 1233 4535 aspicientes
1292 4478 1389 4520 vos
1446 4478 1665 4535 quoque
1703 4463 1905 4519 cﬁicia—

334 4559 466 4613 mini
498 4557 664 4627 pelles
695 4555 1005 4612 Salomonis
1026 4596 1041 4623 ,
1082 4557 1298 4612 etiamsi
1336 4556 1530 4612 essetis
1553 4555 1905 4613 tabernacula

333 4651 528 4706 Ccdar.

408 4836 611 4892 Deinde
633 4835 702 4891 iis
725 4850 844 4906 quae
871 4832 1016 4889 dicta
1046 4841 1175 4889 sunt
1199 4832 1480 4903 subiungit
1508 4845 1573 4887 ea
1603 4846 1724 4901 qua:
1759 4829 1914 4884 dein-

337 4946 467 5002 ceps
494 4929 774 4991 dicuntur,
804 4940 897 4996 per
935 4940 1057 4996 qua:
1084 4925 1403 4981 necessario
1431 4922 1607 4978 munit
1631 4932 1687 4977 et
1711 4935 1812 4975 con
1824 4919 1912 4975 ﬁr-

338 5033 450 5077 mat
493 5028 731 5075 munlem
779 5033 967 5074 eorum
1011 5017 1105 5088 qui
1149 5017 1402 5082 discunt,
1440 5031 1513 5071 ne
1557 5014 1916 5071 tenebricosm

340 5115 528 5168 forum
543 5126 765 5168 causam
783 5111 1062 5166 ascribant
1076 5107 1344 5172 Creatori,
1367 5106 1463 5162 sed
1477 5106 1706 5161 liberum
1732 5105 1918 5160 unius-

340 5205 610 5275 cujusque
632 5203 918 5257 arbitrium
949 5201 1115 5271 hujus
1147 5198 1337 5255 forma:
1367 5197 1676 5268 intelligant
1709 5196 1913 5266 iecisse

344 5294 694 5366 principium.
730 5293 812 5348 Nc
834 5310 935 5359 me,
976 5293 1173 5361 inquit.
1204 5290 1502 5359 aspicialis,
1526 5290 1779 5359 quoniam
1799 5303 1915 5342 sum

343 5388 494 5456 m’gra
512 5385 674 5452 facta.
705 5385 825 5440 Non
852 5385 996 5447 talis,
1031 5383 1224 5453 inquit,
1258 5382 1435 5450 primo
1470 5381 1611 5434 facta
1637 5394 1778 5436 sum.
1799 5377 1917 5431 Non

415 5566 436 5596 ’
463 5565 617 5615 llonn.
652 5577 700 5625 γ,
730 5560 784 5615 8.
863 5560 903 5590 ¹⁶
931 5558 946 5609 Ι
974 5558 1112 5611 Tim.
1145 5573 1180 5623 I,
1228 5558 1308 5610 13.

2010 4373 2106 4429 τοῦ
2155 4370 2406 4442 ἀληθινοῦ
2452 4365 2792 4438 Σολομῶντος
2816 4405 2831 4429 ,
2883 4364 3131 4418 τουτέστι
3169 4361 3264 4415 τοῦ
3307 4354 3573 4431 εἰρηνικοῦ

2014 4465 2274 4535 βασιλέως
2322 4465 2379 4515 ὲν
2426 4462 2564 4531 αύτῇ
2598 4459 3042 4528 κατοικήσαντος.
3086 4453 3186 4507 Διὰ
3228 4451 3391 4505 τοῦτό
3436 4461 3573 4519 φηςιν

2012 4554 2279 4613 Mummi
2306 4555 2422 4622 ειμι
2444 4550 2545 4605 καί
2585 4548 2742 4614 καλὴ
2766 4587 2779 4611 ,
2822 4545 3141 4616 θυγατέρες
3179 4536 3571 4611 Ἰερουσαλήμθ

2014 4646 2102 4699 ἵνα
2135 4644 2271 4715 πρὸς
2297 4641 2397 4710 ἐμὲ
2438 4639 2729 4709 βλέπουσαι
2755 4675 2770 4701 ,
2804 4636 2899 4689 καὶ
2931 4635 3089 4705 ὑμεῖς
3119 4630 3350 4701 γένησθε
3382 4629 3575 4701 δέρρεις

2012 4734 2355 4806 Σολομῶντος
2377 4772 2391 4796 ,
2427 4729 2531 4785 κᾶν
2553 4726 2885 4800 σκηνώματα
2902 4722 3000 4798 ἦτε
3024 4724 3235 4796 Κηδάρ.

2078 4805 2213 4884 Εἶτα
2247 4824 2443 4893 ἐπάγει
2486 4824 2600 4885 τοῖς
2654 4821 2965 4893 εἰρημένοις
3019 4820 3088 4873 τὰ
3129 4819 3358 4890 ἐφεξῆς,
3403 4817 3471 4872 δι’
3512 4805 3578 4866 ὧν

2010 4919 2323 4991 ἀναγκαίως
2348 4915 2705 4986 ἀσφαλίζεται
2733 4913 2831 4985 τὴν
2861 4912 2968 4967 τῶν
3003 4911 3458 4983 μαθητευομένων
3479 4904 3577 4960 διὰ-

2012 5030 2160 5069 νοιαν
2183 5050 2199 5076 ,
2249 5011 2323 5081 μὴ
2375 5007 2454 5078 τῷ
2491 5003 2819 5077 Δημιουργῷ
2842 5003 2941 5074 τὴν
2972 5002 3153 5056 αἰτίαν
3182 5000 3278 5056 τοῦ
3319 4991 3574 5054 σκοτεινοῦ

2022 5103 2195 5164 εἴδους
2218 5096 2527 5154 ἀνατιθέναι
2545 5135 2559 5158 ,
2595 5094 2729 5149 ἀλλὰ
2752 5095 2851 5163 τὴν
2886 5091 3119 5153 ἑκάστου
3162 5090 3477 5162 προαίρεσιν
3495 5082 3573 5139 τοῦ

2023 5192 2263 5248 τοιούτου
2294 5189 2467 5252 εἴδους
2492 5187 2592 5250 τὰς
2636 5186 2808 5258 ἀρχὰς
2842 5182 3296 5239 καταὸάλλεσθαι.
3328 5180 3428 5248 Μὴ
3452 5174 3576 5245 ,βλέ-

2023 5291 2179 5356 ψητε
2200 5284 2348 5354 πρός
2363 5299 2463 5353 με,
2494 5280 2679 5352 φησὶν,
2701 5278 2790 5333 ὅτι
2821 5277 2936 5348 ἐγώ
2969 5279 3085 5347 εἰμι
3109 5271 3573 5346 μεμελανωμένη.

2025 5380 2099 5432 Οὐ
2124 5376 2345 5447 τοιαύτη
2372 5374 2570 5445 γέγονα
2600 5371 2748 5443 παρὰ
2769 5370 2868 5442 τὴν
2893 5369 3131 5442 πρώτην.
3155 5366 3291 5421 Οὐδὲ
3318 5365 3429 5437 γὰρ
3457 5356 3579 5419 εἰκὸς

1388 5557 1427 5587 ¹¹
1459 5555 1603 5610 Psal.
1637 5571 1862 5621 LXXXVI,
1896 5553 1927 5606 5
1961 5569 2085 5624 sqq.

3694 432 3702 675 Ι
