3752 5984
159 177 258 234 793
1199 178 1266 234 ΙΝ
1294 178 1594 237 CANTICA
1629 180 1902 240 CANTlC.
1941 180 2228 240 HOMILIA
2257 181 2321 240 Il.
3060 238 3069 240 _
3281 178 3386 238 794

153 289 218 365 ἦν
237 291 348 353 ταῖς
367 291 654 359 φωτειναϊς
682 289 776 344 τοῦ
797 288 932 345 Θεοῦ
966 291 1125 363 χερσὶ
1148 291 1550 365 πλασσομένην,
1588 311 1635 348 σι

1911 310 1982 359 m,
2013 295 2211 366 inquit,
2252 301 2370 350 erat
2395 300 2848 354 consentaneum,
2873 297 2935 347 ut
2964 290 3015 346 ei
3056 305 3178 361 quae
3202 289 3387 346 lucida

156 378 305 450 τεινῷ
347 396 449 433 τινι
486 380 581 433 καὶ
619 381 816 448 μέλανι
845 381 1285 454 περιχρωσθῆναι
1312 384 1390 453 τῷ
1418 384 1565 438 εἴδει.
1601 385 1638 439 0

1905 370 2199 446 imanibus
2246 388 2565 459 ﬁngebatur,
2610 387 2915 442 illineretur
2971 384 3145 439 forma
3205 385 3387 455 aliqua

156 470 294 543 ήμην
321 469 540 542 τοιαύτη
563 510 578 536 ,
609 472 772 542 φησὶν
794 512 809 537 ,
843 473 979 526 ἀλλά
1005 473 1225 543 γέγονα.
1255 475 1331 528 Ού
1364 474 1472 545 γὰρ
1521 477 1587 529 ὲκ
1614 493 1638 547 q

1904 478 2163 534 nebricosa
2193 487 2247 534 et
2275 479 2453 549 nigra.
2486 476 2605 532 Non
2634 491 2781 533 eram
2814 490 2965 546 ergo,
3007 475 3207 545 inquit.
3240 476 3386 540 talis,

160 559 288 623 σεώς
330 561 442 631 εἰμι
497 561 927 634 μεμελανωμένη
950 581 964 595 ·
997 563 1112 618 ἀλλ’
1151 566 1472 620 ὲπείσακτόν
1518 583 1607 638 μοι

1907 569 1918 624 l
1948 568 2089 625 facta
2122 586 2264 626 sum.
2284 568 2404 625 Non
2436 572 2579 625 enim
2608 567 2751 623 facta
2779 583 2900 624 sum
2926 566 3079 636 nigra
3109 581 3139 619 a
3170 573 3389 625 natura.

157 652 381 707 τοιοῦτον
417 649 602 724 αἶσχος
628 655 862 723 ἐγένετο,
891 656 984 710 τοῦ
1009 657 1161 727 ἡλίου
1196 657 1329 727 πρὸς
1367 658 1428 711 τὸ
1463 658 1631 728 μέλαν

1910 660 2242 717 ladventitia
2272 663 2327 716 in
2360 676 2447 716 me
2487 660 2589 714 fuit
2637 659 2752 715 haec
2788 656 3095 729 turpitudo,
3138 670 3263 711 eum
3306 656 3392 710 soi

158 743 401 816 λαμπροῦ
464 744 562 817 τὴν
623 747 838 818 μορφὴν
904 748 1374 819 μεταχρώσαντος.
1436 749 1499 803 '0
1549 750 1640 818 ἦλα

1911 764 1998 803 am
2030 748 2261 804 formam
2292 765 2361 804 ex
2394 748 2683 820 splendido
2712 749 2898 803 colore
2942 746 3178 802 mutavit
3220 745 3275 800 in
3304 746 3391 801 ni-

158 838 293 906 γὰρ,
326 836 497 907 φησὶ,
532 836 929 907 προσέϐλεψέ·
954 855 1051 908 με.
1093 839 1157 892 Τί
1188 835 1280 895 οὖν
1312 839 1342 893 δ
1389 839 1478 894 διὰ
1517 840 1640 894 τούτ

1912 854 2000 893 Im.
2029 837 2126 894 Sol
2153 841 2314 905 enim,
2353 840 2551 910 inquit,
2585 840 2795 908 aspexit
2818 855 2918 893 me.
2949 839 3093 906 Quid
3125 852 3259 908 ergo
3308 844 3394 893 est

166 928 530 1000 μανθάνομενς
554 930 718 998 Λέγει
750 929 838 984 διὰ
868 930 1182 1002 παραϐολῆς
1211 934 1324 995 τοῖς
1353 932 1532 1003 ὄχλοις
1558 936 1586 987 ό
1610 936 1648 987 Κ

1915 931 1969 986 )(1
2004 946 2099 1001 per
2130 932 2235 987 hoc
2265 932 2530 988 discimus
2550 933 2573 985 ?
2595 931 2733 986 Dicit
2762 931 3025 987 Dominus
3072 931 3251 987 turbis
3299 944 3397 999 per

166 1037 301 1090 ριος,
326 1021 409 1075 ὄτι
436 1021 466 1074 ὁ
493 1019 733 1091 σπείρων
759 1021 852 1075 τὸν
882 1020 1038 1091 λόγον
1056 1062 1072 1086 ,
1098 1022 1159 1075 ού
1187 1022 1285 1093 τὴν
1315 1024 1525 1095 ἀγαθὴν
1564 1025 1648 1095 μόη

1914 1022 2165 1089 'abolam,
2200 1023 2344 1092 quod
2379 1023 2473 1093 qui
2509 1023 2735 1078 verbum
2780 1023 3036 1088 seminat,
3068 1038 3178 1077 non
3220 1022 3396 1078 solum

162 1109 510 1181 κατασπείρει
540 1109 767 1180 καρδίαν
785 1151 800 1174 ,
824 1109 960 1163 ἀλλά
988 1109 1091 1164 κᾶν
1115 1110 1344 1182 λιθώδης
1372 1128 1454 1175 τις
1483 1108 1553 1185 ἦν
1574 1153 1589 1178 ,
1623 1131 1644 1166 α

1920 1114 2062 1168 bono
2089 1114 2258 1168 corde
2292 1102 2551 1179 seminat,
2580 1113 2674 1169 sed
2728 1115 2895 1169 etiam
2930 1112 2978 1168 si
3013 1113 3085 1167 sit
3122 1111 3395 1183 quispiam

1828 1205 2133 1274 lapidosus,
2161 1213 2217 1260 et
2247 1206 2292 1261 si
2321 1206 2496 1277 spinis
2524 1204 2785 1270 luxuriet,
2812 1211 2868 1260 et
2896 1205 2941 1260 si
2970 1205 3041 1260 sit
3061 1202 3221 1274 juxta
3255 1202 3399 1256 viam

164 1289 480 1362 πατημένη,
518 1292 682 1345 πᾶσιν
718 1292 810 1345 ἐπὶ
848 1290 1255 1364 φιλανθρωπίας
1303 1293 1582 1348 ἐπιϐάλλει
1632 1312 1646 1344 ιι

1938 1297 2334 1363 conculcatus,
2393 1297 2651 1352 omnibus
2701 1297 2773 1351 ob
2837 1296 3226 1366 benignitatem
3266 1291 3402 1363 jacit

163 1383 314 1452 λόγου
346 1383 419 1437 τὰ
463 1384 772 1456 σπέρματα.
820 1385 930 1437 Καὶ
981 1384 1210 1439 ἑκάστου
1242 1385 1310 1439 τά
1344 1386 1607 1457 ἰδιώματα
1639 1409 1645 1439 ι

1920 1389 1979 1444 bi
2041 1390 2250 1444 semina
2274 1390 2341 1444 ι’.
2390 1387 2455 1443 Et
2516 1389 2951 1458 uniuscujusque
3014 1385 3402 1457 proprietatem

167 1475 413 1546 μηνεύων
436 1474 516 1546 τῷ
563 1475 705 1546 λόγῳ
730 1517 746 1542 ,
784 1476 942 1530 τοῦτό
973 1493 1136 1547 φησιν
1187 1478 1279 1530 ἐπὶ
1325 1476 1427 1547 τῆς
1477 1476 1649 1530 λιθώδι

1921 1496 2088 1537 πηιοιιε
2145 1480 2454 1551 explicans,
2510 1480 2637 1543 hoc,
2683 1479 2882 1549 inquit,
2915 1478 3115 1537 accidit
3147 1479 3200 1531 in
3258 1486 3403 1531 terra

166 1566 477 1636 συμϐαίνειν
531 1566 746 1657 ψυχῆς,
800 1568 887 1621 ὅτι
925 1567 1024 1621 ούκ
1072 1569 1131 1620 ὲν
1166 1567 1320 1638 βάθει
1376 1566 1618 1640 ριζούται

1922 1572 2102 1635 idosa,
2119 1568 2265 1640 quod
2286 1588 2394 1628 non
2422 1573 2475 1627 in
2503 1571 2775 1643 profundo
2801 1570 3013 1625 radices
3036 1569 3148 1641 agit
3182 1567 3239 1623 id
3259 1565 3404 1637 quod

165 1633 503 1730 ἐσπαρμένον
525 1633 556 1722 ,⁷
591 1633 728 1711 ἀλλὰ
774 1658 1110 1730 παραχρῆμα
1161 1633 1260 1729 μὲν
1306 1633 1389 1712 δι’-
1412 1661 1643 1714 ὲπιπολα

1950 1662 2301 1726 seminatum,
2331 1661 2428 1717 sed
2459 1662 2711 1733 protinus
2735 1660 2954 1730 quidem
3003 1673 3101 1729 per
3134 1658 3407 1729 germina-

168 1749 401 1818 βλάστης
427 1747 522 1801 τὸν
562 1748 761 1819 στάχυν
802 1749 1303 1819 κατεπαγγέλλεται
1334 1768 1348 1781 ο
1403 1750 1650 1824 θερμότεγ

1927 1764 2061 1817 nem,
2090 1767 2213 1821 qua:
2238 1753 2416 1807 oritur
2445 1754 2497 1806 in
2528 1752 2839 1822 superficie,
2872 1766 3104 1806 messem
3142 1748 3409 1820 promittit

165 1839 217 1893 δὲ
246 1839 337 1893 τοῦ
368 1838 525 1911 ἡλίου
546 1838 608 1893 τὸ
636 1840 993 1911 ὑποκείμενον
1019 1839 1317 1910 θάλψαντος
1335 1881 1349 1902 ,
1376 1840 1455 1912 τῷ
1499 1842 1573 1912 μὴ
1602 1843 1647 1895 ύτ

1927 1843 2144 1912 spicam,
2175 1844 2270 1900 sed
2300 1860 2426 1899 cum
2449 1846 2531 1899 sol
2560 1845 2796 1900 calidius
2823 1845 3001 1900 solum
3035 1841 3251 1906 foverit,
3288 1855 3409 1911 pro-

167 1931 369 1985 κεῖσθαι
399 1928 523 1994 ταῖς
568 1929 744 2001 ῥίζαις
776 1930 1008 2001 ἰκμάδα,
1036 1930 1510 2003 καταξηραίνεται.
1535 1933 1649 2003 Πειι

1930 1946 2019 1987 rea
2054 1933 2199 2002 quod
2228 1934 2411 1990 nullus
2436 1935 2645 2007 ‘bumor
2676 1922 2852 1991 subsit
2877 1934 2932 1988 in
2964 1932 3269 1995 radicibus,
3293 1945 3410 1985 ἐι-

170 2021 296 2091 σμὺν
319 2021 375 2075 δὲ
404 2020 495 2074 διά
516 2022 615 2091 τῆς
637 2021 930 2093 ἑρμηνείας
953 2020 1208 2093 ὀνομάζει
1224 2023 1314 2076 τὸν
1341 2022 1510 2094 ἣλιον.
1525 2022 1735 2076 Οὐκοῦν

167 2110 316 2164 τοῦτο
343 2112 499 2183 παρά
541 2113 640 2182 τῆς
680 2111 999 2165 διδασκάλου
1048 2112 1111 2166 τδ
1144 2112 1320 2183 δόγμα
1373 2112 1733 2184 μανθάνομεν,

168 2203 245 2254 ὅτι
269 2201 457 2271 γέγονε
490 2202 588 2273 μὲν
614 2204 648 2274 ή
691 2201 1005 2274 ἀνθρωπίνη
1035 2202 1195 2271 φύσις
1222 2203 1316 2256 τοῦ
1350 2201 1603 2275 ἀληθινοῦ
1626 2219 1736 2272 φω-

168 2293 253 2357 τὸς
277 2293 871 2366 ἀπεικόνισμα,πόρρω
899 2292 1008 2347 τῶν
1042 2292 1330 2348 σκοτεινῶν
1351 2295 1735 2366 χαρακτήρων,

164 1203 275 1264 ταῖς
299 1200 560 1264 ἀκάνθαις
592 1201 967 1273 ύλομανοῦσα,
1004 1202 1108 1256 κᾶν
1146 1203 1399 1274 παρόδιο²ς
1420 1220 1480 1256 τε
1507 1204 1600 1258 καὶ
1629 1222 1728 1259 πε-

1838 2023 2101 2078 siccatur.
2134 2023 2517 2080 Tentationem
2557 2033 2740 2081 autem
2789 2023 3204 2094 interpretando
3235 2022 3413 2077 nomi-

1836 2123 1931 2169 nat
1959 2116 2150 2172 solem.
2184 2115 2297 2171 Hoc
2325 2133 2457 2188 ergo
2505 2117 2703 2188 dogma
2735 2131 2766 2171 a
2819 2116 3078 2186 magistra
3121 2113 3408 2176 discimus,

1837 2205 1981 2274 quod
2013 2204 2157 2259 facta
2189 2205 2408 2275 quidem
2439 2218 2524 2263 est
2557 2207 2797 2261 humana
2828 2214 3026 2261 natura
3055 2205 3412 2260 simulacrum

1838 2311 1981 2351 verm
2021 2296 2186 2363 lucis,
2215 2297 2406 2367 procul
2436 2313 2465 2350 a
2496 2298 2805 2353 tenebrosis
2851 2296 3041 2368 ﬁguris
3090 2294 3303 2366 fulgens
3335 2294 3412 2349 si-

169 2387 230 2455 τῇ
264 2383 354 2438 τοῦ
388 2385 703 2456 ἀρχετύπου
754 2384 983 2448 κάλλους
1031 2385 1309 2456 ὁμοιότητι
1342 2384 1630 2439 στίλϐουσα

1933 2388 2154 2443 ιίιιιάἰηε
2185 2389 2518 2459 exemplaris
2545 2389 2976 2461 pulchritudinis
3003 2405 3020 2457 ;
3052 2388 3282 2442 tentatio
3316 2400 3415 2440 au-

168 2475 222 2528 δὲ
248 2476 554 2547 πειρασμὸς
578 2476 670 2530 τὸν
702 2475 949 2546 φλογώδη
996 2475 1252 2530 καύσωνα
1282 2476 1347 2529 δι’
1375 2477 1589 2547 ἀπάτης
1621 2480 1649 2531 ἐ

1932 2498 1947 2534 ι
1975 2480 2255 2536 ardentem
2281 2490 2474 2537 astam
2504 2497 2601 2552 per
2636 2479 2885 2535 fraudem
2911 2479 3188 2551 injiciens,
3215 2476 3414 2547 dejecit

171 2564 340 2620 ϐαλὼν
360 2607 375 2630 ,
414 2565 630 2638 ἁπαλὴν
669 2565 749 2619 ἔτι
778 2566 874 2620 καὶ
921 2565 1106 2639 ἄριζον
1130 2567 1229 2639 τὴν
1253 2566 1474 2638 πρώτην
1507 2567 1653 2638 βλάσε

1932 2589 2077 2627 mum
2112 2588 2335 2644 germen
2369 2572 2548 2628 adhuc
2578 2572 2958 2642 imperfectum
3009 2577 3063 2626 et
3089 2584 3284 2624 carens
3320 2580 3413 2621 ra-

172 2657 429 2710 κατέϐαλε
451 2674 467 2688 ’
494 2657 586 2711 καὶ
610 2658 739 2727 πρὶν
771 2657 884 2724 ἕξιν
910 2658 1032 2711 τινὰ
1062 2657 1158 2711 τοῦ
1184 2658 1387 2727 ἀγαθοῦ
1415 2659 1654 2731 κτήσασθ

1935 2664 2098 2718 ibus:
2137 2672 2192 2718 et
2222 2663 2543 2733 priusquam
2574 2663 2818 2732 aliquem
2859 2660 3206 2731 arquisiisset
3255 2656 3413 2711 habi-

172 2749 260 2803 καὶ
282 2749 368 2802 διὰ
400 2750 504 2819 τῆς
529 2749 637 2801 τῶν
668 2747 944 2820 λογισμῶν
984 2750 1259 2821 γεωργίας
1288 2748 1471 2804 δοῦναι
1514 2752 1635 2814 ταῖς

1931 2768 1981 2817 n,
2014 2759 2069 2807 et
2120 2766 2216 2820 per
2258 2752 2650 2823 agriculturam
2706 2751 3004 2815 rationum,
3037 2749 3092 2802 in
3138 2743 3413 2817 profundo

173 2839 288 2905 ζαις
316 2839 484 2894 πότον
534 2839 626 2893 ἐπὶ
655 2840 717 2892 τὸ
764 2838 924 2910 βάθος
948 2880 962 2905 ,
996 2839 1156 2903 εὐθὺς
1190 2839 1278 2894 διά
1312 2840 1414 2909 τῆς
1460 2858 1655 2912 παρακι

1932 2860 2029 2899 .um
2060 2843 2302 2899 dedisset
2330 2843 2629 2903 radicibus,
2657 2843 2839 2898 statim
2864 2856 2959 2912 per
2987 2836 3414 2894 iuobedientiam

173 2931 517 3004 ἀποξηράνας
540 2931 603 2984 τὸ
633 2930 839 3002 χλωρόν
858 2948 920 2985 τε
958 2932 1052 2985 καὶ
1084 2930 1306 2995 εὐθαλὲς
1339 2927 1476 2996 εἶδος
1494 2973 1510 2997 ,
1537 2933 1625 2986 διά
1644 2951 1655 2968 ι

1940 2937 2008 2991 idi
2055 2945 2108 2990 et
2136 2934 2365 2989 ﬂorente
2398 2932 2574 2988 forma
2604 2934 2901 2998 exsiccata,
2949 2945 3047 3001 per
3086 2937 3281 2985 aestum
3333 2925 3422 2979 ni-

175 3023 416 3087 καύσεως
457 3023 623 3094 μέλαν
663 3023 937 3095 ἐποίησεν.
972 3024 1034 3076 Εἰ
1072 3022 1126 3075 δὲ
1154 3023 1306 3093 ἥλιος
1337 3024 1371 3094 ἡ
1398 3025 1657 3094 ἀντικειμι

1942 3044 2010 3082 Im
2041 3027 2239 3083 ell‘eeit.
2273 3027 2330 3083 Si
2365 3037 2544 3083 autem
2577 3027 2658 3082 sol
2687 3025 3007 3079 nominatur
3038 3022 3267 3077 adversa
3313 3026 3424 3074 ten-

175 3116 266 3169 τοῦ
313 3114 627 3188 πειρασμοῦ
661 3114 937 3187 προσϐολὴ
976 3112 1332 3184 ὀνομάζεται,
1371 3114 1560 3186 μηδεὶς
1617 3114 1750 3178 ξενιο

176 3207 345 3272 ζέσθω
364 3206 480 3262 τῶν
512 3208 847 3272 ἀκουόντων,
884 3208 941 3260 ἐν
976 3206 1187 3270 πολλοῖς
1221 3206 1284 3259 τὸ
1321 3207 1560 3260 τοιοῦτον
1599 3206 1750 3278 παρά

173 3301 268 3370 τῆς
312 3297 673 3355 θεοπνεύστου
703 3297 929 3371 Γραφῆς
963 3297 1366 3369 διδασκόμενος.
1398 3299 1509 3352 Καὶ
1554 3298 1664 3369 γὰρ
1693 3301 1751 3351 ὲν

176 3391 400 3464 δευτέρᾳ
434 3390 550 3444 τῶν
580 3389 936 3458 ἀναϐαθμῶν
961 3387 1130 3459 ’ῼδῇ,
1156 3388 1361 3459 ταύτην
1389 3390 1622 3442 ποιεῖται
1653 3388 1752 3460 τὴν

178 3481 425 3551 εὐλογίαν
450 3481 534 3552 τῷ
564 3480 663 3552 τὴν
692 3479 944 3551 βοήθειαν
977 3477 1152 3549 ἔχοντι
1189 3477 1283 3533 τοῦ
1321 3480 1641 3550 ποιήσαντος
1662 3477 1755 3531 τὸν

177 3574 402 3645 οὐρανὸν
430 3573 529 3626 καὶ
554 3572 651 3643 τὴν
677 3570 782 3642 γῆν
804 3610 819 3637 ,
858 3571 918 3624 τὸ
953 3570 1032 3641 μὴ
1076 3568 1433 3638 συγκαίεσθαι
1460 3570 1621 3623 αὐτὸν
1650 3569 1755 3621 ὑπὸ

179 3665 270 3719 τοῦ
298 3665 455 3737 ἡλίου
483 3662 578 3717 διὰ
600 3662 701 3732 τῆς
733 3661 965 3734 ἡμέρας.
996 3661 1105 3714 Καὶ
1141 3662 1170 3715 ὁ
1206 3660 1494 3731 προφήτης
1535 3656 1757 3722 Ἡσαΐας

181 3758 277 3829 τὴν
302 3758 402 3829 τῆς
440 3754 766 3826 Ἐκκλησίας
790 3754 1125 3808 κατάστασιν
1163 3751 1539 3824 προφητεύων,
1570 3750 1760 3822 ὥσπέρ

183 3851 301 3904 τινὰ
327 3848 558 3920 πομπὴν
591 3846 896 3920 ὑπογράφει
932 3847 1000 3917 τῇ
1035 3843 1298 3915 πολιτείᾳ,
1330 3842 1635 3915 φαιδρύνων
1681 3842 1761 3914 τῷ

183 3942 341 4012 Λόγῳ
403 3941 485 4012 τῷ
552 3939 867 4010 διηγήματι.
923 3937 1086 4004 Λέγει
1130 3937 1239 4006 γὰρ
1308 3934 1612 4005 θυγατέρας
1674 3933 1760 3986 ἐπ’

184 4030 349 4105 ὤμων
400 4030 731 4103 αίρομὲνας,
766 4028 860 4082 καὶ⁹
902 4028 1095 4090 παῖδας
1140 4029 1199 4080 ἐν
1246 4026 1557 4097 λαμπήναις
1602 4042 1764 4096 κομι-

184 4125 484 4196 ζομένους,
540 4125 636 4176 καὶ
688 4121 949 4183 σκιαδίοις
1003 4119 1094 4173 τὸν
1157 4118 1437 4189 φωτισμὸν
1491 4117 1764 4188 ἀποκρού-

189 4230 408 4277 σαντας.
444 4212 523 4266 Δι’
550 4205 624 4265 ὧν
666 4212 723 4263 ὲν
753 4210 1037 4278 αἰνίγμασι
1062 4209 1154 4262 τὸν
1188 4210 1244 4261 ὲν
1283 4209 1448 4279 ἁρετῇ
1480 4208 1765 4279 διαγράφει

1857 3118 2081 3174 tatiouis
2120 3118 2374 3188 irruptio,
2410 3117 2542 3171 nulli
2581 3115 2894 3170 auditorum
2930 3113 2987 3169 id
3035 3111 3285 3167 videatur
3320 3122 3426 3162 no-

1855 3226 2007 3271 vum,
2039 3223 2164 3263 cum
2198 3208 2252 3261 in
2292 3208 2478 3262 multis
2515 3206 2622 3260 tale
2650 3203 2932 3275 quidpiam
2961 3215 3065 3259 nos
3107 3203 3298 3256 doceat
3342 3196 3428 3251 di-

1857 3300 2064 3355 vinitus
2124 3299 2391 3368 inspirata
2435 3296 2740 3367 Scriptura.
2792 3293 3007 3349 Etenim
3068 3293 3123 3347 in
3181 3287 3429 3347 secundo

1808 3382 2066 3449 "cantico
2101 3392 2394 3465 graduum,
2437 3391 2580 3445 hanc
2613 3387 2742 3441 facit
2763 3385 3225 3447 benedictionem,
3255 3382 3307 3438 ei
3335 3379 3430 3451 qui

1860 3485 2023 3540 habet
2046 3484 2312 3538 auxilium
2344 3496 2376 3535 a
2408 3479 2640 3534 Domino
2673 3477 2766 3548 qui
2806 3476 2934 3532 fecit
2974 3475 3173 3530 caelum
3218 3478 3274 3528 et
3321 3479 3433 3526 ter—

1861 3592 2012 3640 ram,
2038 3608 2043 3613 -
2065 3591 2135 3629 ne
2161 3576 2280 3645 ipse
2332 3587 2362 3626 a
2396 3572 2513 3627 sole
2545 3569 2901 3625 comburatur
2957 3580 3056 3637 per
3090 3564 3257 3619 diem.
3292 3560 3433 3615 Pro-

1864 3669 2025 3739 pheta
2054 3681 2276 3736 quoque
2303 3663 2477 3719 Isaias
2532 3662 2838 3732 praedicens
2889 3666 3092 3714 statum
3152 3654 3431 3719 Ecclesiae,

1864 3756 2129 3813 describit
2158 3754 2328 3810 veluti
2379 3750 2671 3823 quamdam
2709 3763 2989 3820 pompam,
3019 3742 3187 3802 Verbi
3247 3755 3437 3797 narra-

1865 3850 2034 3902 tione.
2075 3846 2219 3900 Dieit
2251 3843 2429 3908 enim,
2462 3842 2599 3897 ﬁlias
2633 3848 2871 3911 gestatas
2901 3834 3142 3890 humeris
3164 3873 3180 3896 ,
3210 3838 3265 3886 et
3295 3830 3436 3884 ﬁlios

1867 3947 2052 3996 vectos
2104 3937 2333 4002 lecticis,
2371 3943 2427 3990 et
2477 3939 2724 3987 arcentes
2767 3936 2959 3985 aestum
3012 3922 3283 3980 umbellis.
3335 3918 3440 3975 Per

1869 4047 1991 4101 qum
2021 4029 2286 4085 describit
2318 4028 2373 4081 in
2425 4026 2715 4093 aenigmate
2746 4023 2912 4076 vitam
2956 4032 3079 4089 qua:
3113 4016 3329 4086 degitur
3382 4013 3439 4066 in

1871 4126 2091 4185 virtute,
2125 4135 2221 4191 per
2252 4118 2516 4189 puerilem
2544 4115 2765 4186 quidem
2807 4119 3023 4168 aetatem
3060 4107 3357 4165 ostendens
3388 4103 3441 4158 id

1871 4215 2015 4288 quod
2032 4222 2114 4270 est
2130 4226 2303 4282 nuper
2328 4218 2537 4273 natum,
2560 4207 2900 4275 simplexque
2913 4210 2968 4256 et
2989 4194 3440 4288 carensmalitia,

189 4305 304 4375 βίον
331 4345 346 4369 ,
371 4304 462 4358 διὰ
495 4304 594 4374 μὲν
626 4305 724 4366 τῆς
751 4300 1050 4371 νηπιώδους
1078 4299 1291 4369 ἡλικίας
1324 4298 1671 4351 ύποδεικνύωκ

1962 4322 1972 4335 ·
2000 4303 2267 4359 umbellas
2299 4307 2504 4359 autem,
2540 4295 2797 4352 solatium
2833 4300 3023 4355 aestus,
3056 4286 3204 4358 quod
3232 4282 3444 4339 accedit

188 4395 475 4469 ἀρτιγενές
508 4410 570 4446 τε
599 4394 693 4445 καὶ
718 4391 920 4445 ἄκακον
947 4407 960 4419 ·
988 4388 1076 4443 διὰ
1111 4388 1219 4442 τῶν
1254 4387 1509 4441 σκιαδίων
1532 4428 1547 4453 ,
1580 4389 1677 4460 τὴν
1717 4388 1776 4454 ἐξ

191 4488 529 4560 ἐγκρατείας
564 4504 622 4540 τε
662 4487 755 4539 καλ⁸
790 4483 1162 4557 καθαρότητος
1197 4484 1627 4555 προσγινομένην
1658 4487 1778 4548 ταῖς

189 4584 389 4654 ψυχαῖς
434 4579 787 4652 παραμυθίαν
816 4577 908 4632 τοῦ
949 4577 1244 4640 καύσωνος.
1281 4576 1359 4629 Δι’
1401 4573 1477 4630 ὧν
1508 4576 1774 4646 μανθάνο-

195 4692 318 4744 μεν,
353 4674 438 4726 ὃτι
460 4671 569 4743 χρὴ
588 4671 674 4723 ἐπ’
693 4668 860 4740 ὤμων
880 4668 1130 4740 αἴρεσθαι
1153 4668 1251 4739 τὴν
1279 4667 1375 4721 τοῦ
1406 4666 1541 4720 Θεοῦ
1566 4684 1778 4738 νυμφο-

194 4763 565 4833 στολουμένην
585 4761 761 4834 ψυχὴν
780 4800 796 4825 ,
834 4761 894 4813 ού
923 4759 1267 4830 πατουμένην
1295 4758 1399 4812 ὑπὸ
1427 4759 1524 4826 τῆς
1554 4759 1777 4832 σαρκὸς,

193 4855 308 4910 ἀλλ’
339 4852 762 4924 ὲπικαθημένην
789 4850 882 4922 τῷ
912 4852 1061 4922 ϐγκῳ
1099 4848 1192 4904 τοῦ
1247 4848 1517 4921 σώματος.
1547 4851 1782 4921 Λαμπή-

197 4966 295 5021 νην
335 4948 396 5001 δὲ
424 4945 792 5010 ἀκούσαντες,
824 4943 921 5014 τὴν
945 4942 1323 5014 ὲκλαμπτικὴν
1355 4940 1449 4995 τοῦ
1476 4941 1784 5012 βαπτίσμα-

1876 4376 2076 4454 animis
2099 4410 2164 4450 ex
2188 4391 2524 4449 continentia
2543 4398 2598 4444 et
2626 4383 3006 4459 puritate.Per
3032 4395 3154 4452 qua:
3176 4376 3444 4434 discimus

1878 4489 2121 4545 humeris
2154 4484 2356 4557 gestari
2404 4483 2642 4536 animam
2671 4478 2781 4532 Deo
2808 4475 3220 4547 desponsatam,
3253 4483 3361 4524 non
3413 4480 3445 4520 a

1877 4595 2048 4636 carne
2081 4577 2488 4637 conculcatam,
2516 4570 2611 4627 sed
2643 4569 2771 4624 moli
2807 4564 3057 4636 corporis
3091 4562 3445 4618 insidentem.

1881 4669 2184 4723 Audientes
2203 4675 2385 4721 autem
2409 4660 2596 4717 Graece
2613 4659 2906 4729 λαμπήνην
2925 4653 3218 4709 didicimus
3246 4647 3449 4701 illumi-

1877 4761 2142 4816 natricem
2202 4754 2459 4828 baptismi
2517 4750 2785 4822 gratiam,
2841 4761 2937 4817 per
2976 4758 3138 4815 quam
3188 4738 3451 4795 efﬁcimur

1878 4852 2059 4923 pueri,
2091 4865 2203 4905 non
2233 4847 2471 4917 amplius
2500 4844 2554 4898 in
2590 4851 2734 4898 terra
2766 4839 2993 4910 ﬁgentes
3023 4834 3335 4923 vestigium,
3355 4828 3451 4883 sed

1878 4918 2044 5011 super
2070 4940 2216 4993 illam
2253 4936 2458 5007 portati
2498 4933 2567 4987 ad
2607 4934 2775 4986 vitam
2823 4926 3128 4982 caelestem.
3182 4918 3453 4975 Umbrosa

197 5015 288 5105 τος
310 5040 480 5111 χάριν
509 5037 869 5109 μανθάνομεν,
895 5036 963 5090 δι’
988 5030 1057 5109 ἧς
1081 5034 1267 5097 παῖδες
1292 5033 1573 5103 γινόμεθα,
1597 5034 1679 5086 οὐ)

1974 5044 2063 5085 ,em
2097 5028 2155 5081 ﬁt
2183 5027 2347 5082 nobis
2387 5026 2497 5080 vita
2526 5031 2580 5078 et
2613 5019 2852 5083 roscida,
2880 5015 3156 5072 exstincto
3192 5017 3328 5065 aestu
3359 5022 3456 5110 per

199 5097 469 5205 τῇ-ξῇ.τδ
505 5097 649 5199 ίχνος
676 5097 971 5201 ἐρείδοντες
991 5097 1149 5192 ,’ἀλλ’
1175 5127 1261 5180 ἐπ’
1291 5097 1505 5196 ἐκείνης
1532 5124 1668 5196 πρὸς

1974 5120 2153 5175 ὠθιιοε
2179 5117 2423 5173 virtutis.
2458 5113 2558 5169 Hic
2586 5124 2671 5169 est
2698 5113 2779 5168 sol
2813 5109 3035 5171 lardens,
3064 5101 3286 5174 quando
3334 5097 3456 5169 eius

199 5193 455 5292 οδράύιον
486 5193 633 5288 ζωὴν
664 5193 1033 5289 κομιζόμενοι.
1065 5216 1288 5286 Σκιερὸς
1315 5214 1372 5268 δὲ
1413 5193 1620 5283 γίνεται
1653 5214 1681 5282 ἡ

1979 5225 2059 5266 tus
2083 5224 2191 5264 non
2218 5215 2437 5263 arcetur
2482 5220 2513 5259 a
2565 5205 2711 5260 nube
2727 5201 2992 5273 Spiritus,
3026 5210 3190 5268 quam
3252 5193 3333 5248 eis
3364 5205 3461 5247 cx-

205 5282 295 5368 καὶ
321 5282 602 5384 δροσώδης
637 5311 667 5364 ὁ
705 5282 979 5381 βίοςξδιά
1008 5309 1115 5365 τῶν
1146 5282 1245 5379 τῆς
1286 5306 1487 5381 ἀρετῆς
1531 5303 1687 5359 σκιαδ

1974 5303 2086 5359 ndit
2117 5299 2381 5356 Dominus
2410 5296 2477 5351 ad
2508 5301 2907 5367 tegumentum.
2930 5288 3030 5344 llic
3054 5286 3199 5344 enim
3232 5282 3314 5340 sol
3352 5288 3456 5347 est,

288 5587 332 5623 ⁸³
354 5589 532 5646 Matlt.
564 5605 684 5657 xui,
725 5588 790 5644 18
821 5604 944 5658 sqq.
