3752 5984
352 220 456 277 795

1574 226 1632 281 S.
1666 224 1993 285 GDEGORII
2033 228 2325 287 NYSSENI

3482 234 3568 292 τῖε

350 332 444 400 qui
491 332 715 386 nitidam
752 336 999 405 corporis
1040 338 1387 408 superﬁciem
1420 339 1666 395 accendit
1705 341 1910 396 insultu

2037 345 2515 417 ιατασϐεννυμένου
2546 347 2639 400 τοῦ
2682 346 2975 412 καύσωνος.
3008 343 3171 413 Οὗτος
3224 344 3320 403 οὖν
3368 350 3509 419 ἐστιν
3548 358 3573 407 6

351 424 735 489 tentationum,
758 436 812 481 et
847 428 1045 483 format
1069 432 1277 501 nigram
1306 430 1670 487 deformitate.

2016 434 2426 503 παραὸλάπτων
2476 437 2646 507 ἥλιος,
2677 437 2806 490 ὅταν
2841 436 2914 507 μὴ
2964 437 3365 508 διατειχξζηται
3401 444 3428 493 6
3460 448 3572 513 παρ’

350 511 513 565 αὑτοῦ
542 514 781 584 φλογμὸς
809 519 874 588 τῇ
907 519 1099 590 νεφέλῃ
1132 520 1225 573 τοῦ
1252 510 1555 590 Πνεύματος
1574 559 1589 585 ,
1619 520 1687 592 ἢν
1729 516 2044 573 διεπέτασεν
2071 523 2251 587 αὐτοῖς
2276 527 2304 578 ὁ
2332 525 2532 596 Κύριος
2592 528 2672 590 εἰς
2704 528 2911 597 σκέπην
2980 528 3183 591 αὐτοῖς.
3242 523 3421 595 Οὗτος
3483 510 3573 605 γάρ

350 605 496 657 ἔστιν
544 607 573 657 6
602 605 754 676 ἥλιος
780 641 795 670 ,
840 609 869 660 6
907 608 1004 679 τὴν
1073 609 1329 682 λαμπρὰν
1355 610 1449 664 τοῦ
1514 610 1762 682 σώματος
1829 608 2147 677 ἐπιφάνειαν
2193 616 2259 686 τῇ
2307 616 2578 690 προσϐολῇ
2621 617 2730 672 τῶν
2779 618 3096 690 πειρασμῶν
3159 621 3429 676 ἐπικαίων
3496 627 3575 678 καὶ

355 695 619 765 μελαίνων
652 701 708 754 ἐν
734 700 1041 774 δυσμορφίᾳ
1064 704 1125 757 τὸ
1159 699 1318 769 εἶδοςι

430 787 633 844 Deinde
658 801 841 847 narrat
869 793 1010 848 unde
1032 797 1360 866 principium
1392 799 1612 857 duxerit
1656 799 1788 856 boni
1820 813 1916 854 co-

357 877 491 933 loris
528 879 594 932 ad
638 881 852 951 nigrum
888 888 1299 944 transmutatio.
1329 888 1462 945 Filii
1488 901 1685 955 autem,
1722 892 1916 961 inquit,

356 970 544 1023 matris
569 987 693 1025 mea:
724 985 1087 1044 pugnaverunt
1115 980 1170 1032 iu
1202 996 1313 1035 me:
1377 992 1663 1047 posuerunt
1710 999 1790 1035 me
1826 999 1917 1034 cu-

354 1061 555 1122 stodem
583 1063 634 1115 in
663 1064 843 1129 vineis,
871 1067 1075 1121 vineam
1102 1078 1276 1125 autem
1309 1088 1478 1126 meam
1501 1089 1603 1127 non
1637 1073 1914 1153 custodiri.

356 1151 415 1204 lu
442 1152 543 1206 hoc
572 1154 701 1207 mihi
723 1163 942 1211 attente
967 1161 1308 1227 praebeantur
1329 1177 1511 1227 aures,
1542 1179 1652 1218 non
1681 1151 1733 1218 in
1752 1178 1919 1219 accu-

359 1249 475 1294 rate
498 1240 843 1298 discutienda
900 1245 1157 1304 dictionis
1220 1254 1656 1318 constructione,
1714 1253 1810 1308 sed
1864 1253 1921 1307 in

357 1332 757 1387 consideranda
806 1352 1003 1393 sensus
1046 1343 1406 1398 connexione.
1437 1343 1590 1410 Quod
1620 1345 1666 1400 si
1718 1344 1764 1398 is
1812 1360 1920 1399 non

362 1422 433 1475 sit
469 1436 728 1482 accurate
766 1442 1068 1499 connexus,
1101 1433 1154 1488 id
1204 1434 1505 1505 imputetur
1565 1436 1923 1490 imbecillitati

360 1514 826 1584 interpretationis
881 1537 1071 1575 eorum
1136 1525 1231 1593 qui
1290 1525 1530 1596 linguam
1600 1525 1921 1581 Hebraicam

2094 790 2226 849 Εἶτα
2269 793 2533 869 διηγεῖται
2560 837 2574 862 ,
2605 794 2726 853 ὅθεν
2765 798 2864 871 τὴν
2900 796 3071 873 ἀρχὴν
3102 796 3261 872 ἔσχεν
3291 799 3328 873 ἢ
3373 802 3503 870 πρὸς
3524 802 3576 860 τὸ

2029 886 2196 955 μέλαν
2229 887 2326 958 τῆς
2349 888 2596 961 εὑχροίας
2619 892 2651 961 ἡ
2661 891 2777 960 μῶν
2806 891 3180 962 μεταποίησις.
3222 892 3345 946 Υἱοὶ
3374 895 3576 964 μητρός

2019 993 2159 1044 μου,
2192 978 2356 1048 φησὶν
2379 1016 2395 1042 ,
2433 979 2805 1049 ἐμαχέσαντο
2837 981 2905 1034 ἐν
2931 981 3090 1050 ἐμοι·
3132 981 3349 1037 ἕθεν-τό
3370 1001 3447 1051 με
3479 1003 3575 1054 φυ-

2024 1068 2334 1125 λὰκισσαν
2387 1070 2458 1127 ἐν
2493 1070 2877 1141 ἀμπελῶσιν,
2919 1072 3243 1142 ἀμπελῶνα
3297 1074 3441 1143 ἐμὸν
3483 1077 3577 1131 οὐκ

2025 1161 2319 1231 ἐφύλαξα.
2358 1161 2468 1215 Καί
2516 1179 2604 1233 μοι
2645 1161 2804 1216 τοῦτο
2856 1162 3223 1234 παρασχέσθω
3276 1165 3312 1235 ὴ
3348 1164 3479 1236 ἀκοὴ
3515 1166 3575 1238 μὴ

2019 1253 2138 1306 λίαν
2165 1252 2634 1324 ἀκριϐολογεῖσθαι
2661 1253 2796 1325 πρὸς
2824 1251 2922 1324 τὴν
2961 1252 3060 1325 τῆς
3091 1253 3296 1319 λέξεως
3323 1254 3571 1322 σύνταξιν,

2018 1346 2154 1400 ἀλλὰ
2200 1345 2338 1418 πρὸς
2370 1346 2462 1400 τὸν
2510 1345 2700 1416 εἱρμὸν
2728 1343 2822 1398 τοῦ
2863 1347 3132 1416 νοήματος
3173 1344 3415 1416 βλέπειν.
3451 1344 3574 1401 Et“

2017 1452 2070 1492 τι
2109 1437 2183 1509 μὴ
2215 1436 2458 1508 ἀκριϐῶς
2491 1432 2915 1508 συνηρτημένον,
2949 1436 3324 1507 συμφράσεως
3344 1439 3411 1508 τῇ
3441 1436 3579 1490 ἀσθε-

2023 1528 2139 1597 νείᾳ
2165 1526 2473 1596 λογισάσθω
2498 1527 2604 1580 τῶν
2635 1526 2730 1597 τὴν
2763 1525 3026 1597 Ἐϐραίων
3052 1525 3307 1594 γλῶτταν
3337 1526 3578 1597 μεταϐαλ-

361 1603 698 1659 transferunt
722 1607 775 1660 in
820 1623 1007 1664 vocem
1030 1610 1292 1668 Graecam.
1322 1613 1361 1668 li
1390 1618 1533 1669 enim
1558 1617 1651 1684 qui
1680 1616 1920 1670 studium

2037 1618 2225 1671 λόντων
2249 1619 2329 1680 εἰς
2356 1617 2452 1687 τὴν
2482 1615 2708 1669 Ἐλλάδα
2739 1614 2942 1685 φωνήν.
2968 1610 3063 1679 Οἷς
3084 1615 3194 1686 γὰρ
3221 1613 3290 1669 ἂν
3313 1615 3576 1685 ἐπιμέλεια

362 1704 659 1763 posuerunt
683 1706 740 1752 ut
766 1701 1113 1758 erudirentur
1143 1705 1197 1758 in
1229 1721 1482 1761 sermone
1504 1706 1755 1772 Hebraeo,
1784 1709 1918 1761 nihil

361 1790 644 1842 inveniunt
678 1792 1027 1859 ejusmodi,ut
1058 1797 1311 1852 videatur
1344 1815 1452 1853 non
1481 1801 1759 1855 cohaerere
1797 1816 1862 1855 ac
1890 1816 1921 1854 a

358 1892 419 1930 se
447 1876 676 1932 invicem
706 1880 1031 1949 dependere.
1081 1883 1304 1956 Lingua:
1339 1895 1522 1942 autem
1556 1900 1759 1945 nostrae
1786 1892 1923 1960 ﬁgu-

361 1977 479 2022 rata
503 1970 724 2038 locutio,
750 1987 858 2027 non
891 1977 1223 2033 conveniens
1259 1980 1542 2050 elegantiae
1587 1983 1784 2053 lingua:
1812 1982 1921 2039 He-

361 2060 537 2123 brreaz,
567 2060 721 2116 affert
782 2065 1067 2135 quamdam
1135 2068 1514 2127 confusionem
1577 2073 1646 2128 iis
1696 2076 1790 2144 qui
1837 2090 1925 2130 se-

359 2158 606 2220 quuntur
632 2154 687 2207 in
717 2156 1006 2225 superﬁcie
1029 2161 1485 2231 signiﬁcationem
1519 2165 1795 2220 dictionis.
1827 2166 1927 2220 At-

360 2257 466 2310 que
498 2244 585 2297 hic
618 2254 702 2300 est
729 2247 950 2315 quidem
971 2264 1166 2307 sensus
1192 2253 1482 2308 verborum
1504 2270 1625 2324 quae
1657 2263 1784 2309 sunt
1807 2270 1926 2325 pro-

362 2336 561 2401 posita,
595 2347 862 2405 quantum
898 2354 1001 2396 nos
1033 2344 1550 2412 comprehendimus
1578 2364 1590 2398 ε
1627 2342 1823 2399 Factus
1843 2355 1925 2400 est

364 2425 526 2479 homo
564 2427 633 2482 ab
661 2428 817 2483 initio
848 2431 1050 2488 nullius
1089 2432 1262 2487 divini
1326 2435 1454 2490 boni
1489 2436 1757 2506 indigens.
1795 2435 1926 2505 Ejus

358 2525 482 2572 erat.
514 2519 689 2574 solum
724 2537 924 2579 tnunus
964 2524 1107 2579 bona
1162 2542 1406 2593 servare,
1460 2544 1571 2583 non
1621 2530 1922 2599 acquirere.

366 2598 709 2665 Inimicorum
754 2624 931 2669 autem
968 2615 1178 2672 insidiae
1209 2634 1333 2673 eum
1392 2621 1459 2675 iis
1514 2636 1636 2690 qua:
1696 2622 1928 2677 habebat

365 2700 660 2768 nudarunt,
702 2706 869 2774 utqui
909 2722 1016 2761 non
1061 2709 1385 2765 custodierit
1430 2720 1679 2766 naturam
1725 2727 1845 2781 quae
1877 2713 1927 2768 ei

363 2790 487 2844 data
512 2791 688 2848 fuerat
715 2810 744 2848 a
782 2793 876 2851 Dei
918 2799 1271 2870 benignitate.
1317 2800 1416 2856 Hic
1437 2811 1522 2857 est
1564 2818 1693 2874 ergo
1728 2820 1924 2860 sensus

364 2885 674 2941 verborum.
707 2887 1032 2953 Quzeautem
1074 2907 1170 2961 per
1203 2893 1365 2947 verba
1389 2896 1730 2963 aenigmatica
1766 2895 1927 2965 hujus

335 2984 562 3031 ‘Scnsus
591 2979 662 3032 sit
697 2980 939 3047 traditio,
996 2997 1054 3038 se
1083 2984 1246 3039 habet
1266 2985 1368 3040 hoc
1393 2986 1581 3040 modo:
1619 2971 1624 2976 ’

442 3155 591 3222 Filii,
630 3158 828 3228 inquit,
865 3163 1049 3215 matris
1072 3178 1197 3217 mea"
1225 3176 1583 3235 pugnaverunt
1612 3168 1666 3222 in
1692 3184 1802 3223 me:
1835 3185 1930 3238 po-

368 3259 584 3303 suerunt
634 3268 712 3304 me
753 3252 1020 3306 custodem
1056 3257 1108 3308 in
1154 3256 1336 3320 vineis,
1382 3259 1581 3312 vineam
1616 3276 1784 3313 meam
1827 3278 1930 3315 non

367 3340 643 3394 custodivi.
681 3340 845 3397 Multa
877 3345 1064 3413 paucis
1097 3347 1404 3416 dogmatice
1440 3365 1540 3404 nos
1561 3351 1717 3406 docet
1734 3355 1926 3408 oratio.

367 3426 607 3486 Primum
638 3432 855 3502 quidem
895 3435 945 3490 id
976 3438 1123 3506 quod
1165 3453 1392 3510 magnus
1422 3446 1669 3499 enuntiat
1707 3442 1928 3513 Paulus,

365 3523 514 3590 quod
544 3524 726 3579 omnia
758 3537 883 3580 sunt
912 3543 974 3581 ex
1002 3527 1130 3593 Deo,
1153 3538 1207 3585 et
1229 3548 1373 3587 unus
1401 3541 1485 3589 est
1510 3534 1651 3591 Deus
1677 3535 1836 3591 Pater
1866 3553 1929 3592 ex

366 3630 477 3684 quo
514 3617 716 3682 omnia,
748 3626 801 3673 et
841 3619 975 3673 nihil
1003 3631 1087 3676 est
1115 3639 1179 3678 ex
1220 3623 1287 3677 iis
1314 3640 1434 3694 quae
1469 3635 1617 3694 sunt,
1647 3628 1789 3696 quod
1819 3643 1931 3693 non

368 3712 594 3774 propter
636 3708 786 3762 illum
825 3717 879 3764 et
902 3726 963 3764 ex
997 3711 1091 3765 illo
1112 3712 1311 3768 habeat
1331 3717 1624 3770 essentiam
1648 3716 1713 3769 ¹³.
1743 3716 1934 3772 Omnia

367 3797 534 3864 enim,
567 3799 762 3870 inquit,
795 3817 886 3866 per
914 3802 1081 3870 ipsum
1110 3804 1254 3872 facta
1277 3816 1415 3870 sunt,
1450 3816 1499 3859 et
1522 3808 1634 3861 sine
1652 3824 1712 3861 eo
1734 3808 1935 3875 factum

366 3899 445 3941 est
499 3889 719 3944 nihil".
775 3894 878 3947 Sed
934 3895 1193 3962 quoniam
1233 3912 1574 3967 quaecunque
1627 3897 1770 3954 Deus
1805 3897 1936 3953 facit

371 3978 529 4033 valde
583 3979 724 4033 bona
760 3991 889 4034 sunt
927 3984 1141 4048 (omnia
1180 3988 1324 4037 enim
1360 3985 1488 4040 fecit
1527 3987 1581 4041 in
1615 3989 1933 4057 sapientia),

369 4070 522 4124 dedit
559 4081 766 4123 naturae
818 4072 1046 4127 rationis
1092 4074 1340 4143 participi
1386 4077 1615 4145 gratiam
1663 4086 1721 4159 ut
1750 4080 1819 4132 sit
1852 4080 1937 4132 sui

2026 1714 2217 1780 γέγονε
2268 1704 2618 1779 παιδευθῆναι
2649 1708 2747 1779 τὴν
2793 1704 3051 1777 Ἑϐραίαν
3091 1707 3407 1772 διάλεκτον,
3446 1706 3578 1760 οὐδὲν

2028 1799 2337 1869 εὑρίσκεται
2363 1799 2599 1852 τοιοῦτον
2620 1839 2633 1862 ,
2666 1793 2779 1850 οἷον
2806 1798 2982 1850 δοκεῖν
3012 1797 3406 1869 ἀσυναρτήτως
3435 1797 3574 1865 ἔχειν.

2038 1889 2098 1944 '0
2128 1891 2181 1944 δὲ
2206 1889 2582 1961 σχηματισμὸς
2606 1889 2707 1958 τῆς
2744 1888 3020 1959 ἡμετέρας
3044 1887 3326 1958 γλώττης,
3359 1888 3430 1958 μὴ
3459 1903 3575 1955 συμ-

2030 1983 2227 2037 ϐαίνων
2251 1982 2331 2052 τῷ
2374 1979 2738 2052 σχηματισμῷ
2764 1980 2864 2049 τῆς
2905 1979 3204 2050 Ἑϐραῖκῆς
3235 1979 3576 2045 εὐγλωττίας,

2031 2073 2288 2146 σύγχυσίν
2332 2089 2454 2126 τινα
2501 2074 2612 2135 τοῖς
2662 2069 3104 2141 ἐπιπολαιότερον
3153 2067 3502 2122 ἀκολουθοῦσι
3524 2068 3577 2137 τῇ

2031 2164 2277 2238 σημασίᾳ
2318 2158 2418 2232 τῆς
2458 2162 2651 2227 λέξεως
2685 2160 3075 2231 ἀπεργάζεται.
3119 2156 3186 2212 Ἦ
3232 2157 3336 2230 μὲν
3373 2153 3462 2213 οὖν
3491 2157 3581 2210 διί-

2030 2272 2149 2311 νοια
2174 2254 2282 2307 τῶν
2305 2252 2717 2325 προειρημένων
2745 2251 3004 2322 ῥημάτων
3024 2290 3037 2310 .
3086 2249 3226 2321 αὕτη
3258 2240 3437 2313 ἐστὶν,
3472 2248 3580 2301 ὅσον

2031 2349 2191 2418 ἡμεῖς
2220 2346 2627 2415 κατειλήφαμεν
2657 2360 2672 2377 ο
2713 2345 2794 2396 ὅτι
2826 2342 3019 2410 Γέγονε
3047 2340 3116 2423 ,τὸ
3146 2339 3430 2412 καταρχὰς
3452 2341 3478 2392 6
3501 2338 3579 2392 ἄν·

2032 2439 2248 2509 θρωπος
2275 2436 2485 2499 οὐδενὸς
2512 2434 2621 2488 τῶν
2644 2433 2803 2487 θείων
2835 2431 3056 2501 ἀγαθῶν
3094 2431 3302 2502 ἐνδεής.
3334 2425 3403 2501 ᾯ
3442 2429 3579 2499 ἔργον

2030 2524 2098 2597 ἦν
2129 2526 2360 2596 φυλάξαι
2399 2524 2558 2596 μόνον
2586 2523 2653 2577 τὰ
2687 2523 2894 2592 ἀγαθὰ,
2923 2523 3040 2593 οὐχὶ
3079 2521 3406 2591 κτήσασθαι.
3446 2521 3505 2572 Ἦ
3532 2518 3578 2571 δὲ

2030 2618 2138 2672 τῶν
2168 2616 2375 2689 ἐχθρῶν
2423 2614 2682 2687 ὲπιῦουλὴ
2713 2614 2917 2686 γυμνὸν
2959 2614 3119 2667 αὐτὸν
3148 2613 3261 2666 τῶν
3295 2610 3578 2683 προσόντων

2033 2709 2290 2778 εποίησε,
2335 2706 2408 2778 μὴ
2455 2705 2763 2776 φυλάξαντα
2812 2706 2909 2777 τὴν
2956 2703 3205 2757 δοθεῖσαν
3253 2701 3402 2772 αὐτῷ
3439 2700 3576 2770 φύσει

2035 2798 2185 2868 παρὰ
2217 2796 2311 2850 τοῦ
2360 2796 2497 2849 Θεοῦ
2541 2794 2851 2867 εὐκληριαν.
2906 2793 3056 2867 Αὕτη
3104 2792 3207 2864 μὲν
3252 2790 3347 2845 οὖν
3389 2789 3578 2857 ἐστινή

2033 2887 2141 2941 τῶν
2174 2887 2433 2960 ῥημάτων
2452 2886 2676 2941 διάνοια.
2730 2886 2794 2938 Ἦ
2842 2884 2898 2939 δὲ
2925 2884 3012 2939 διὰ
3048 2884 3156 2937 τῶν
3185 2878 3579 2953 αἱνιγματωδῶν

2030 2978 2202 3047 λόγων
2248 2976 2340 3030 τοῦ
2383 2977 2653 3048 νοήματος
2690 2974 2877 3029 τούτου
2917 2974 3216 3046 παράδοσις
3258 2972 3445 3027 τοῦτον
3484 2968 3579 3040 ἔχει

2029 3071 2119 3125 τὸν
2143 3071 2365 3142 τρόπον’

2108 3163 2226 3217 Υἱοὶ
2252 3161 2477 3231 μητρός
2511 3142 2652 3229 μου,
2698 3155 2892 3227 φησὶν,
2925 3152 3299 3226 ἐμαχέσαντο
3327 3152 3397 3205 ἐν
3439 3148 3556 3218 ἐμοί
3564 3164 3575 3176 θ

2030 3254 2236 3311 ἕθεντό
2262 3270 2338 3322 με
2372 3250 2765 3329 φυλᾴκισσαν
2805 3249 2874 3302 ἐν
2912 3245 3213 3317 ἀμπελῶνι
3232 3287 3246 3313 ,
3283 3239 3579 3314 ἀμπελῶιπ

2030 3347 2175 3417 ἐμὸν
2215 3348 2326 3400 οὐκ
2366 3342 2659 3413 ἐφύλαξα.
2708 3339 2884 3394 Πολλὰ
2928 3339 2992 3391 δι’
3030 3336 3222 3407 ὀλίγων
3266 3331 3579 3406 δογματικῶς

2033 3435 2343 3492 ὲκπαιδεύει
2387 3436 2416 3486 ὁ
2444 3432 2618 3498 λόγος.
2656 3428 2877 3501 Πρῶτον
2929 3428 3024 3498 μὲν
3045 3427 3181 3498 ὅπερ
3212 3426 3308 3508 καὶ
3350 3419 3579 3508 ὁμοίως-ὀ

2033 3526 2244 3589 Παῦλος
2266 3523 2597 3593 ἀπεφήνατο,
2619 3521 2698 3573 ὅτι
2726 3520 2794 3572 τὰ
2824 3518 2997 3571 πάντα
3027 3518 3090 3569 ἐκ
3122 3515 3215 3569 τοῦ
3235 3504 3371 3568 Θεοῦ
3395 3512 3481 3566 καὶ
3511 3504 3577 3571 εἷς

2035 3620 2165 3683 Θεὸς
2189 3619 2280 3683 καί
2301 3614 2487 3685 Πατὴρ
2516 3613 2574 3678 ἐξ
2601 3605 2663 3665 οὗ
2686 3611 2753 3664 τὰ
2779 3609 2975 3671 πάντα,
2994 3608 3086 3660 καὶ
3119 3605 3271 3659 οὐδὲν
3306 3605 3410 3658 τῶν
3436 3602 3579 3655 ὄντων

2037 3709 2204 3771 ἐστὶν,
2221 3706 2249 3759 ὃ
2288 3703 2361 3775 μὴ
2389 3703 2455 3756 δι’
2487 3700 2692 3754 ἐκεῖνόν
2716 3716 2773 3752 τε
2794 3699 2886 3752 καὶ
2909 3697 2967 3761 ἐξ
2994 3697 3198 3750 ἐκείνου
3222 3695 3284 3748 τὸ
3309 3690 3439 3747 εἶναι
3463 3691 3576 3760 ἔχει.

2035 3799 2237 3854 Πάντα
2263 3796 2390 3866 γὰρ,
2413 3796 2567 3863 φησὶ,
2589 3792 2661 3845 δι’
2687 3791 2872 3846 αὐτοῦ
2892 3789 3148 3858 ἐγένετο,
3168 3788 3267 3842 καὶ
3308 3785 3476 3857 χωρὶς
3488 3783 3577 3835 αὺ-

2033 3891 2141 3945 τοῦ
2191 3888 2425 3958 ἐγένετο
2479 3883 2622 3938 οὐδὲ
2679 3882 2769 3936 ἓν.
2845 3881 2982 3934 Ἀλλ’
3031 3879 3214 3949 ἐπειδὴ
3274 3878 3446 3931 πάντα
3495 3874 3579 3926 6:1

2036 3982 2287 4053 ἐποίησεν
2336 3983 2364 4034 ὁ
2395 3974 2552 4042 Θεὸς,
2588 3976 2726 4029 καλὰ
2762 3974 2882 4033 λίαν
2916 3973 3032 4025 ἐστὶ
3059 3970 3259 4042 (πάντα
3300 3968 3406 4037 γὰρ
3436 3967 3489 4017 ἐν
3514 3977 3576 4014 00-

2039 4076 2136 4146 tpiq.
2158 4072 2453 4143 εποίησεν),
2471 4069 2635 4122 ἔδωκε
2657 4069 2723 4137 τῇ
2748 4066 2938 4135 λογικῇ
2957 4064 3113 4133 φύσει
3137 4063 3234 4130 τὴν
3262 4055 3578 4121 αὐτεξούσιον

369 4163 533 4230 juris,
562 4169 615 4216 et
642 4160 851 4215 addidit
876 4161 1184 4218 facultatem
1227 4165 1533 4223 inveniendi
1563 4184 1626 4225 ea
1650 4151 1770 4240 quae
1810 4183 1921 4226 sum

2037 4167 2195 4237 χάριν
2214 4206 2231 4231 ,
2261 4163 2355 4217 καὶ
2388 4158 2692 4231 προσέθηκε
2721 4155 2947 4225 δύναμιν
2975 4152 3257 4224 εὑρετικὴν
3292 4150 3397 4202 τῶν
3418 4158 3578 4240 Δκατα-

374 4256 477 4308 sibi
506 4265 680 4324 grata,
726 4263 784 4309 ut
826 4257 1002 4313 locum
1036 4257 1259 4314 haberet
1293 4261 1344 4315 id
1374 4262 1518 4331 quod
1546 4272 1629 4319 est
1667 4236 1720 4317 in
1753 4277 1921 4321 nostr:

2041 4236 2361 4327 θυμεων,ὼς
2381 4250 2446 4303 ἂν
2478 4249 2538 4303 τὸ
2564 4247 2649 4315 ἐφ’
2684 4248 2816 4315 ἡμῖν
2855 4243 3037 4339 χώραν
3072 4242 3216 4339 ἔχοι,
3245 4240 3354 4339 καὶ.
3475 4248 3580 4336 κατ-

375 4353 666 4412 potestatc,
700 4353 752 4400 et
786 4361 894 4398 non
920 4355 1067 4401 esset
1099 4346 1301 4401 bonum
1329 4360 1576 4404 coactum
1605 4357 1659 4405 et
1695 4352 1944 4407 involun—

374 4437 598 4500 tuium,
633 4438 726 4492 sed
773 4448 922 4492 recte
975 4439 1176 4493 factum
1211 4448 1355 4495 esset
1383 4441 1663 4496 electionis
1695 4452 1747 4497 et
1792 4443 1945 4499 liberi

374 4526 611 4580 arbitrii.
651 4528 784 4580 Cum
837 4529 925 4582 hic
964 4541 1144 4583 autem
1198 4531 1351 4585 liberi
1384 4532 1591 4586 arbitrii
1620 4541 1800 4589 matus
1842 4535 1946 4589 im-

288 4655 291 4658 .
374 4618 531 4686 peric
583 4626 636 4673 et
687 4620 939 4674 absoluta
998 4630 1264 4691 potestate
1305 4640 1405 4679 nos
1450 4625 1741 4681 deduceret
1775 4627 1843 4681 ad
1891 4627 1945 4682 id

375 4710 523 4780 quod
557 4711 861 4778 videbatur,
904 4713 1157 4770 inventus
1182 4723 1267 4772 est
1298 4716 1519 4787 quidam
1552 4719 1603 4773 in
1634 4735 1813 4774 rerutn
1846 4735 1943 4775 na-

378 4813 523 4868 tura,
564 4804 658 4874 qui
690 4804 831 4859 male
857 4821 990 4861 usus
1017 4815 1100 4862 est
1127 4816 1392 4876 potestate
1419 4817 1472 4862 et
1501 4809 1671 4865 libero
1697 4812 1945 4878 arbitrio,

376 4909 432 4950 rt
464 4906 833 4967 congruenter
860 4898 909 4954 ei
950 4898 1095 4967 quod
1139 4898 1272 4951 dicit
1300 4898 1619 4967 Apostolus,
1661 4897 1837 4955 factus
1865 4908 1948 4956 est

376 4992 631 5046 inventor
657 4993 945 5046 maiorum.
989 4990 1090 5056 Qui
1127 4990 1368 5060 quidetn,
1408 4991 1553 5061 quod
1583 4993 1650 5046 ad
1675 4992 1726 5047 id
1757 4994 1949 5050 attinet

378 5083 526 5151 quod
567 5093 649 5138 est
681 5098 711 5137 a
744 5083 874 5143 Deo,
923 5092 1007 5138 est
1036 5081 1205 5137 frater
1237 5092 1455 5149 noster;
1499 5098 1563 5138 eo
1592 5097 1769 5139 autem
1802 5088 1947 5155 quod

377 5190 478 5226 sua
511 5182 707 5244 sponte
742 5173 969 5229 defluxit
1004 5188 1032 5226 a
1062 5173 1192 5227 boni
1228 5174 1667 5244 participatione,
1699 5185 1752 5231 et
1782 5178 1952 5231 malo-

383 5276 504 5317 rum
541 5266 847 5334 ingressum
888 5264 1190 5330 innovavit,
1215 5277 1269 5319 et
1299 5264 1474 5321 factus
1505 5274 1588 5322 est
1618 5279 1769 5338 pater
1796 5285 1951 5323 men-

379 5358 551 5420 dacii,
587 5372 685 5426 pro
716 5357 871 5411 hoste
905 5357 1146 5427 scipsum
1185 5358 1473 5413 constituit
1498 5361 1553 5414 in
1584 5362 1859 5424 omnibus,
1897 5362 1951 5415 in

378 5447 586 5517 quibus
612 5462 811 5515 scopus
836 5448 989 5503 liberi
1024 5449 1234 5504 arbitrii
1263 5450 1438 5505 tendit
1464 5452 1528 5507 ad
1560 5453 1782 5508 bonum.
1821 5452 1953 5507 Pro-

459 5622 546 5677 ”l
583 5624 709 5680 Cor.
756 5638 873 5688 \‘lll,
912 5627 962 5678 ti.
1080 5626 1300 5683 "Joan.
1334 5646 1366 5691 l,
1400 5631 1451 5684 ὖ.

2041 4324 2451 4417 ηναγκασμὲνον
2467 4343 2550 4410 εἴη
2563 4339 2625 4393 τὸ
2644 4336 2845 4406 ἀγαθὸν
2870 4335 2962 4390 καὶ
2980 4333 3248 4396 ἀκούσιον,
3271 4330 3403 4384 ἀλλὰ
3424 4324 3581 4392 κιιτόρ⁸

2041 4442 2197 4509 Θωμα
2236 4434 2597 4508 προαιρέσεως
2626 4433 2879 4501 γίγνοιτο.
2923 4428 3122 4481 Τούτου
3151 4427 3207 4479 δὲ
3240 4426 3334 4479 τοῦ
3364 4421 3581 4485 αὐτεξουο

2043 4533 2156 4584 σίου
2189 4530 2486 4597 κινήματος
2514 4520 2986 4594 αὐτοκρατορικῶς
3020 4519 3155 4589 πρὸς
3178 4518 3238 4570 τὸ
3257 4514 3440 4570 δοκοῦν
3460 4510 3580 4581 ἡμᾶς

2042 4622 2354 4690 ἀγαγόντος,
2378 4616 2574 4688 εὑρέθη
2608 4632 2689 4679 τις
2723 4616 2781 4673 ὲν
2830 4615 2895 4683 τῇ
2929 4613 3087 4681 φύσει
3129 4610 3236 4665 τῶν
3273 4610 3436 4663 ὄντων
3457 4607 3482 4657 6
3505 4618 3583 4654 κα-

2046 4712 2157 4774 κῶς
2192 4714 2258 4782 τῇ
2286 4709 2502 4780 ἐξουσίᾳ
2529 4705 2891 4778 χρησάμενος,
2922 4705 3017 4758 καὶ
3048 4702 3190 4755 κατὰ
3217 4702 3316 4773 τὴν
3336 4698 3423 4753 τοῦ
3451 4697 3580 4793 Ἀποὶ

2049 4806 2232 4858 στόλου
2284 4801 2465 4871 φωνὴν
2484 4841 2498 4863 ,
2526 4798 2712 4853 κακῶν
2754 4796 3049 4868 ὲφευρετὴς
3076 4796 3377 4865 γενόμενος.
3409 4794 3494 4850 Ὃς
3520 4799 3581 4851 τῳ

2052 4896 2149 4966 μὲν
2170 4896 2233 4946 ἐκ
2251 4891 2385 4945 Θεοῦ
2414 4888 2506 4944 καὶ⁴
2529 4889 2690 4942 αὐτὸν
2718 4882 2877 4951 εἶναι,
2899 4886 3123 4954 ἀδελφός
3148 4886 3293 4938 ἐστιν
3313 4882 3555 4966 ἡμέτεροξ
3566 4887 3578 4901 '

2047 4962 2124 5057 τῷ
2145 4986 2200 5038 δὲ
2233 4984 2333 5052 τῆς
2361 4981 2456 5036 τοῦ
2489 4980 2692 5049 ἀγαθοῦ
2730 4977 3016 5049 μετουσίας
3046 4976 3306 5037 ἑκουσίως
3341 4962 3581 5040 ἁποῤῥυῆδ

2050 5099 2156 5144 ναι,
2184 5080 2281 5149 τὴν
2307 5076 2416 5130 τῶν
2457 5073 2642 5128 κακῶν
2688 5071 2889 5124 εἴσοδον
2937 5069 3351 5138 καινοτομήσας,
3379 5062 3463 5117 καὶ

2048 5173 2150 5243 τὴρ
2211 5146 2437 5241 ψεύδους
2469 5166 2775 5235 γενόμενος,
2801 5164 2879 5225 εἰς
2915 5160 3174 5231 πολεμίου
3230 5159 3378 5223 τάξιν
3425 5146 3579 5205 ἑαυτὸν

2050 5266 2408 5336 κατέστησεν,
2433 5263 2490 5315 ὲν
2524 5261 2687 5313 πᾶσιν
2716 5252 2797 5320 οἷς
2822 5258 2851 5308 6
2890 5253 3087 5316 σκοπὸς
3121 5252 3220 5321 τῆς
3252 5246 3580 5336 προαιρέσεως

2050 5359 2124 5421 ὡς
2150 5327 2285 5427 πρὸς
2320 5353 2382 5406 τὸ
2420 5353 2665 5421 κρεῖττον
2707 5346 2909 5417 βλέπει.
2944 5342 3043 5396 Διὰ
3084 5341 3277 5395 τούτου
3319 5340 3479 5440 τοίνυν
3507 5327 3581 5384 καὶ

2050 5453 2160 5513 τοῖς
2184 5448 2387 5508 λοιποῖς
2422 5444 2518 5513 τῆς
2542 5442 2649 5495 τῶν
2682 5437 2900 5505 ἀγαθῶν
2934 5436 3291 5505 ἁποπτὴσεως
3320 5432 3409 5500 τῆς
3442 5432 3578 5493 ἀφορ-
