3752 5984
190 260 290 330 797

1193 267 1261 325 ῘΝ
1302 271 1602 326 CANTICA
1641 269 1911 326 CANTIC.
1947 269 2224 324 llOlllLlA
2265 269 2325 326 11.

3318 271 3422 330 798

189 396 293 464 μῆς
323 388 697 464 ἐγγινομένης,
733 392 761 446 ὃ
789 392 852 464 δη
899 394 994 447 καὶ
1028 396 1094 465 τῇ
1123 392 1282 463 φύσει
1311 394 1419 447 τῶν
1448 393 1671 465 ἀνθρώπ

1936 405 2032 446 rea
2070 407 2202 462 ergo
2231 407 2354 445 cum
2402 389 2611 460 reliqua
2641 401 2802 445 etiam
2838 393 3073 451 accessit
3115 393 3333 450 occasio
3364 404 3418 449 et

188 480 415 547 ἐγένετο,
451 479 628 541 καλῶς
657 480 692 549 ῆ
721 497 850 534 ποτε
888 482 1132 552 μέλαινα,
1167 482 1259 534 νῦν
1285 483 1340 536 δὲ
1367 482 1523 553 καλὴ,
1551 484 1648 553 τὴν
1672 484 1755 536 αι-

187 566 303 619 τίαν
335 567 434 635 τῆς
456 564 739 655 ἕζοφὼδους
765 568 939 639 ὅψεως
962 571 1046 633 είς
1075 570 1200 633 τοὺς
1226 570 1499 634 τοιούτους
1525 570 1623 640 τῆς
1653 588 1756 641 μη-

189 654 309 725 τρὸς
334 655 484 718 υἱοὺς
520 656 824 728 ἀνατίθησι,
851 658 1177 712 παιδεύουσα
1202 657 1289 712 διά
1316 659 1423 712 τῶν
1448 659 1755 730 λεγομένων

188 748 349 817 ἡμᾶς,
374 747 457 800 ὃτι
496 748 593 817 μία
624 748 723 819 μὲν
756 750 887 802 πᾶσι
915 752 1024 813 τοῖς
1052 746 1199 803 οὗσίν
1221 752 1386 823 ἐστιν,
1407 746 1515 804 οἷόν
1538 768 1621 814 τις
1652 765 1756 806 πα-

187 837 306 908 τὴρ,
336 840 370 907 ή
392 837 503 892 τῶν
530 838 699 892 ὄντων
726 839 890 893 αἰτία.
925 841 1033 893 Καὶ
1051 840 1138 894 διά
1164 838 1322 894 τοῦτο
1348 841 1549 909 ἀδελφά
1578 842 1755 895 πάντα

190 927 331 980 ἐστὶν
358 926 620 998 ἀλλήλων,
647 928 715 980 τά
763 928 821 979 ἐν
868 931 977 991 τοῖς
1028 924 1146 980 οὖσι
1191 928 1451 998 νοούμενα
1472 930 1530 998 ’ἡ
1566 928 1621 980 δέ
1654 927 1756 997 τῆς

190 1018 556 1090 προαιρέσεως
585 1017 813 1089 διαφορὰ
834 1058 848 1082 ,
884 1019 1018 1089 πρὸς
1041 1019 1101 1072 τὸ
1149 1018 1322 1087 φίλιόν
1352 1036 1408 1071 τε
1464 1021 1558 1073 καὶ
1600 1019 1755 1071 πολέ-

194 1122 309 1180 μιον
344 1110 442 1181 τὴν
499 1109 658 1179 φύσιν
694 1100 981 1181 διέσχισεν,
1030 1113 1092 1163 Οἱ
1138 1109 1246 1180 γὰρ
1300 1111 1610 1179 ἀφεστῶτες
1655 1110 1756 1180 τῆς

191 1203 321 1272 πρὸς
353 1203 413 1256 τὸ
439 1203 643 1271 ἀγαθὸν
676 1192 934 1273 σχέσεως,
962 1203 1054 1256 καὶ
1073 1202 1159 1255 διὰ
1181 1200 1281 1272 τῆς
1306 1203 1398 1255 τοῦ
1453 1203 1756 1275 κρείττονος

191 1294 535 1358 ἀποστάσεως
567 1294 628 1346 τὸ
666 1294 832 1348 κακὸν
863 1295 1267 1365 ὑποστήσαντες
1293 1294 1435 1364 (οὑδέ
1466 1295 1578 1366 γάρ
1606 1295 1754 1348 ἐστιν

189 1384 315 1455 άλλη
365 1402 448 1449 τις
499 1384 672 1438 κακοῦ
720 1385 1034 1449 ὑπόστασις,
1084 1386 1133 1438 εί
1170 1385 1244 1457 μὴ
1278 1388 1306 1439 6
1346 1373 1753 1455 χωρισμὸςτοῦ

193 1475 507 1545 βελτίονος),
550 1477 730 1528 πᾶσαν
772 1476 1046 1530 ποιοῦνται
1095 1475 1192 1546 τὴν
1236 1477 1468 1547 σπουδὴν
1512 1479 1604 1532 καὶ
1639 1478 1755 1531 ἐπί-

190 1576 330 1616 νοιαν
358 1561 451 1616 τοῦ
492 1563 590 1617 καὶ
614 1563 806 1627 ἄλλους
832 1565 970 1634 πρὸς
993 1566 1091 1635 τὴν
1127 1566 1236 1619 τῶν
1263 1566 1445 1619 κακῶν
1470 1568 1754 1622 κοινωνίαν

190 1650 721 1723 προσεταιρίσασθαι.
778 1652 887 1706 Καὶ
940 1653 1029 1706 διά
1071 1653 1226 1706 τοῦτό
1272 1671 1455 1726 φησιν,
1507 1657 1586 1709 ὅτι
1635 1656 1752 1710 Υἱοὶ

187 1748 279 1817 τῆς
309 1745 516 1817 μητρός
544 1762 648 1815 μου
710 1742 796 1813 (τῇ
826 1744 933 1815 γὰρ
963 1744 1292 1818 πληθυντικῇ
1319 1748 1561 1820 σημασία
1579 1748 1638 1800 τὸ
1658 1766 1752 1802 πο-

190 1829 426 1902 λυσχιδὲς
478 1833 581 1903 τῆς
611 1833 807 1898 κακίας
851 1835 1224 1901 ἐνδείκνυται),
1265 1836 1496 1909 πόλεμον
1542 1841 1598 1891 ἐν
1632 1840 1754 1910 ἐμοὶ

194 1923 602 1994 συνεστήσαντο,
626 1925 723 1978 οὐκ
756 1925 952 1991 ἔξωθεν
975 1927 1034 1992 ἐξ
1056 1929 1352 2000 ἐπιδρομῆς
1376 1931 1753 2000 πολεμοῦντες,

192 2011 487 2085 ἁλλάῢτὴν
516 2014 617 2086 τὴν
649 2015 827 2087 ψυχὴν
866 2018 1220 2089 ποιησάμενοι
1254 2018 1346 2072 τοῦ
1379 2021 1436 2073 ἐν
1478 2021 1615 2091 αὐτῇ
1661 2037 1757 2073 πο-

191 2104 345 2174 λέμου
371 2106 711 2177 μεταίχμιον.
744 2109 832 2160 Ἐν
866 2109 1076 2179 ἑκάστῳ
1106 2111 1213 2180 γάρ
1245 2112 1273 2162 6
1296 2110 1546 2180 πόλεμος,
1571 2109 1755 2174 καθὼς

192 2196 469 2266 ἐρμηνεύει
494 2200 525 2250 6
567 2199 705 2262 θεῖος
740 2198 1254 2267 Ἀπόστολος,λέγων
1274 2217 1288 2230 ’
1313 2199 1520 2254 Βλέπω
1548 2200 1615 2253 δὲ
1632 2201 1754 2255 ἕτε-

185 2302 293 2353 ρον
311 2287 497 2356 νόμον
516 2288 589 2341 ἐν
622 2287 743 2353 τοῖς
760 2287 978 2357 μέλεσι
1010 2306 1128 2358 μου
1152 2290 1668 2360 ἀντιστρατευόμε)
1691 2309 1757 2345 ον

192 2373 267 2440 τῷ
296 2377 452 2445 νόμῳ
499 2375 609 2428 τοῦ
655 2376 796 2441 νοός
827 2394 965 2444 μου,
1004 2376 1102 2431 καὶ
1157 2370 1654 2446 αἰχμαλωτίζοντά
1680 2397 1756 2449 με

192 2463 266 2530 τῷ
310 2468 468 2535 νόμῳ
516 2465 627 2535 τῆς
664 2467 950 2536 ἁμαρτίας
1004 2466 1083 2533 τῷ
1131 2468 1255 2523 ὄντι
1292 2469 1363 2522 ἐν
1400 2471 1521 2536 τοῖς
1542 2473 1760 2540 μέλεσι

189 2573 318 2624 μου.
351 2558 568 2628 Ταύτης
605 2559 780 2611 τοίνυν
818 2558 919 2629 τῆς
947 2559 1203 2630 ἐμφυλίου
1235 2562 1411 2631 μάχης
1434 2563 1490 2615 ἐν
1512 2563 1634 2632 ἐμοὶ
1661 2580 1722 2616 συ
1747 2594 1754 2603 ι

196 2647 385 2717 στάσης
413 2646 570 2719 παρὰ
595 2648 702 2701 τῶν
727 2647 971 2716 ἀδελφῶν
1008 2666 1130 2719 μου,
1171 2649 1381 2721 ἐχθρῶν
1412 2651 1468 2703 δέ
1492 2651 1591 2720 τῆς
1620 2655 1757 2723 ἐμῆς

197 2740 477 2810 σωτηρίας,
516 2739 744 2809 μέλαινα
766 2739 1051 2810 ἐγενόμην,
1083 2739 1378 2811 ἡττηθεῖσα
1404 2741 1506 2794 ὑπὸ
1532 2742 1637 2795 τῶν
1668 2760 1758 2795 πο·

194 2829 387 2901 λεμίων
426 2834 523 2886 καλ⁸
560 2832 649 2885 τὸν
693 2832 992 2902 ἀμπελῶνα
1031 2832 1121 2885 τὸν
1167 2833 1296 2902 ἐμὸν
1340 2833 1438 2886 οὐκ
1495 2833 1753 2902 ἐφύλαξα.

195 2912 389 2976 Ταὺτδν
418 2924 526 2995 χρὴ
562 2927 701 2977 νοεῖν
725 2922 803 2993 τῷ
844 2922 1154 2994 παραδείσῳ
1182 2922 1272 2976 τὸν
1304 2923 1618 2993 ἀμπελῶνα.
1648 2926 1755 2977 Καὶ

194 3012 296 3083 γὰρ
324 3016 482 3069 κάκεῖ
520 3014 811 3084 φυλάσσειν
848 3013 1045 3084 ἐτάχθη
1073 3016 1101 3067 6
1138 3013 1420 3085 ἄνθρωπος
1457 3014 1547 3067 τὸν
1581 3017 1755 3085 παρά-
1787 3048 1830 3108 c

195 3107 355 3159 δεισον
375 3124 387 3138 ο
411 3109 444 3177 ή
465 3107 525 3160 δὲ
546 3106 645 3177 τῆς
668 3106 914 3176 φυλακῆς
938 3105 1163 3176 ἀμέλεια
1188 3105 1435 3158 ἐκϐάλλει
1461 3106 1553 3158 τοῦ
1580 3123 1758 3176 παρα-

195 3199 360 3252 δείσου
389 3201 478 3252 τὸν
511 3199 817 3269 ἄνθρωπον,
844 3200 937 3252 καὶ
963 3200 1218 3269 οἰκήτορα
1243 3198 1348 3250 τῶν
1381 3198 1597 3267 δυσμῶν
1622 3200 1762 3252 ποιεῖ

195 3287 289 3358 τῆς
317 3289 581 3360 ἀνατολῆς
617 3290 990 3361 ἀποστήσασα.
1025 3289 1120 3341 Διά
1150 3287 1359 3360 τοῦτοή
1388 3287 1615 3359 ἀνατολὴ
1644 3291 1760 3352 ταῖς

194 3381 411 3452 δυσμαῖς
450 3382 812 3449 ἐπιφαίνεται.
855 3380 1125 3435 Ψάλλετε
1168 3381 1295 3451 γὰρ,
1328 3382 1478 3450 φησὶ,
1516 3380 1593 3446 τῷ
1646 3385 1759 3434 Κυ-

190 3471 293 3537 ρίῳ
316 3471 394 3535 τῷ
421 3472 794 3538 ἐπιϐεϐηκότι
831 3470 926 3523 ἐπὶ
962 3467 1228 3537 δυσμῶν,
1259 3469 1345 3521 ἵνα
1377 3467 1469 3520 τοῦ
1500 3467 1675 3535 φωτὸς
1704 3469 1759 3520 ἐν

195 3563 256 3631 τῇ
307 3563 495 3631 σκοτία
530 3561 851 3632 λάμποντος,
891 3559 1225 3631 μεταποιηθῇ
1261 3558 1397 3629 πρὸς
1442 3558 1542 3629 τὴν
1570 3558 1760 3610 ἀκτῖνα

197 3651 255 3704 τὸ
284 3653 491 3716 σκότος,
527 3652 619 3705 καὶ
651 3653 873 3723 γένηται
899 3652 1038 3722 καλὴ
1073 3650 1232 3704 πάλιν
1265 3652 1297 3721 ἡ
1329 3649 1572 3719 μέλαινα.
1606 3647 1679 3699 Τὸ
1704 3647 1760 3700 δὲ

197 3742 374 3795 δοκοῦν
401 3743 774 3814 ἀσυνάρτητον
804 3743 902 3812 τῆς
928 3741 1124 3807 λέξεως
1141 3740 1276 3813 πρὸς
1311 3740 1408 3810 τὴν
1447 3737 1759 3810 εὑρεθεῖσαν

196 3833 443 3897 διάνοιαν,
466 3833 642 3904 τούτῳ
668 3832 744 3903 τῷ
768 3833 953 3903 τρόπῳ
975 3831 1194 3885 δυνατόν
1217 3834 1332 3883 ἐστι
1362 3828 1760 3900 παραμυθήσα-

197 3923 330 3977 σθαι·
360 3925 616 3981 Ἔθεντό
639 3941 734 3993 με,
770 3925 923 3995 φησὶ,
963 3922 1355 3993 φυλάκισσαν
1385 3922 1454 3974 ἐν
1490 3917 1759 3989 ἀμπελῶ-

196 4030 311 4070 σιν.
342 4017 523 4088 Ὅπερ
554 4016 665 4070 ἴσον
698 4016 813 4070 ἐστὶ
839 4014 935 4080 τῷ,
969 4015 1211 4067 "Ederet;
1250 4008 1645 4080 Ἰερουσαλὴμ
1673 4011 1760 4073 εὶς

199 4109 708 4179 ὀπωροφυλάκιον.
740 4108 813 4162 Οὐ
839 4105 948 4177 γὰρ
992 4107 1188 4158 ἐκεῖνοι
1214 4103 1552 4172 κατέστησαν
1591 4100 1758 4171 αὐτὴν

197 4202 407 4269 φύλακα
425 4202 521 4256 τοῦ
552 4195 695 4255 θείου
732 4199 1067 4270 ἀμπελῶνος,
1105 4198 1180 4260 ὡς
1214 4198 1277 4251 ἀν
1301 4213 1385 4260 τις
1409 4197 1473 4269 ἐκ
1499 4193 1593 4247 τοῦ
1622 4208 1757 4264 προ-

196 4294 371 4363 χείρου
404 4294 672 4365 νοήσειενσ
693 4292 805 4344 ἀλλ’
828 4292 856 4343 ό
880 4289 1227 4360 καταστήσας
1260 4288 1360 4358 μέν
1390 4289 1535 4339 ἐστιν
1554 4287 1582 4338 6
1604 4284 1755 4348 Θεὸς,

1857 480 2133 550 impulsio,
2190 488 2249 534 ut
2301 495 2332 534 a
2375 480 2532 534 bonis
2571 481 2969 549 excideremus,
3027 482 3171 552 quod
3205 484 3422 554 quidem

1855 572 2016 627 etiam
2049 572 2103 625 in
2139 578 2334 624 natura
2368 571 2472 625 fuit
2498 572 2759 638 humana,
2800 581 2948 629 recte
2976 589 3097 643 quae
3133 575 3425 644 aliquando

1855 664 2072 733 quidem
2118 662 2221 716 fuit
2265 663 2443 734 nigra,
2496 676 2641 717 nunc
2681 674 2862 718 autem
2906 664 3156 734 pulchra,
3201 679 3422 719 causam

1855 753 2002 824 quod
2034 760 2291 823 appareat
2326 755 2503 823 nigra,
2543 754 2735 807 tribuit
2764 753 3031 823 ejusmodi
3069 753 3194 809 ﬁliis
3233 754 3425 809 matris

1856 858 1990 907 suae,
2017 857 2112 912 per
2135 858 2197 897 ea
2236 858 2357 913 quas
2395 842 2652 897 dicuntur
2683 857 2786 898 nos
2817 844 3096 907 erudiens,
3138 843 3280 914 quod
3307 860 3427 898 om-

1856 934 2021 988 nibus
2065 933 2285 1003 quidem
2330 948 2452 1003 qme
2493 942 2645 997 sunt,
2675 943 2760 988 est
2796 934 2961 988 veluti
2992 935 3213 1005 quidam
3243 943 3425 1005 pater,

1854 1040 2041 1079 eorum
2088 1040 2209 1094 quae
2234 1033 2361 1079 sunt
2389 1038 2584 1078 causa:
2616 1033 2669 1078 et
2712 1032 2999 1094 propterea
3043 1036 3170 1081 sunt
3197 1027 3338 1081 inter
3367 1041 3428 1081 se

1855 1114 2088 1167 invicem
2110 1113 2373 1180 fraterna,
2396 1127 2458 1168 ea
2482 1129 2603 1186 quae
2626 1114 2681 1166 in
2711 1114 2779 1167 iis
2799 1128 2921 1183 quae
2951 1123 3083 1168 sunt
3104 1116 3425 1186 intelligun-

1857 1213 1979 1270 tur;
2008 1204 2243 1258 instituti
2278 1212 2460 1259 autem
2495 1214 2548 1259 et
2580 1204 2766 1260 liberae
2798 1205 3087 1261 electionis
3121 1205 3429 1262 differentia

1854 1294 2040 1350 divisit
2067 1306 2342 1362 naturam,
2367 1303 2425 1349 ut
2445 1296 2497 1349 in
2514 1310 2578 1350 ea
2599 1303 2746 1352 esset
2763 1296 3007 1351 amicitia
3026 1303 3079 1352 et
3104 1296 3426 1352 inimicitiae.

1854 1385 1956 1451 Qui
2001 1387 2146 1440 enim
2171 1388 2559 1442 abscesserunt
2582 1387 2650 1441 ab
2673 1386 2994 1442 habitudine
3017 1388 3083 1441 ad
3114 1389 3339 1451 bonum,
3376 1397 3430 1443 et

1854 1489 1953 1544 per
1984 1490 2264 1530 recessum
2293 1490 2322 1527 a
2353 1478 2500 1529 bono
2536 1476 2738 1530 malum
2786 1477 3193 1532 constituerunt
3225 1477 3431 1549 (neque

1852 1564 1995 1617 enim
2019 1572 2103 1619 est
2125 1564 2229 1618 alia
2244 1564 2369 1618 mali
2384 1564 2690 1620 substantia
2712 1580 2874 1634 quam
2889 1581 2919 1619 a
2936 1565 3083 1620 bono
3099 1568 3427 1638 separatio),

1855 1653 2113 1707 adhibent
2140 1670 2300 1709 omne
2323 1654 2560 1709 studium
2583 1664 2637 1709 et
2661 1654 3014 1721 industriam,
3046 1662 3106 1708 ut
3131 1656 3269 1711 alios
3294 1671 3430 1725 quo—

1860 1759 1965 1811 que
1998 1745 2101 1799 sibi
2126 1745 2420 1799 concilient
2451 1745 2518 1797 ad
2546 1746 2817 1798 malorum
2845 1745 3183 1800 societatem.
3218 1745 3282 1797 Et
3310 1747 3432 1799 ideo

1860 1835 2010 1899 dicit,
2030 1832 2155 1888 Filii
2186 1836 2377 1890 matris
2412 1852 2544 1890 meas
2577 1835 2696 1904 (per
2731 1836 2995 1904 pluralem
3031 1836 3174 1890 enim
3223 1837 3426 1905 signiti-

1860 1926 2153 1989 cationcm,
2192 1927 2431 1981 ostendit
2456 1927 2735 1995 multiplex
2773 1925 2986 1998 vitium)
3024 1926 3079 1980 in
3114 1940 3198 1981 me
3231 1927 3429 1981 bellum

1861 2017 2188 2083 conﬂarunt,
2225 2032 2332 2072 non
2363 2018 2605 2073 externis
2639 2018 3048 2072 incursionibus
3108 2017 3433 2086 belligeran-

1862 2117 1965 2174 tes,
2021 2107 2116 2163 sed
2148 2108 2203 2162 in
2249 2110 2369 2176 ipsa
2417 2108 2595 2161 anima
2638 2108 2764 2162 belli
2806 2098 2999 2163 “sedem
3053 2108 3299 2178 ﬁgentes.
3332 2107 3432 2162 Est

1860 2201 2004 2254 cnim
2033 2199 2088 2252 in
2136 2213 2466 2279 unoquoque
2516 2197 2739 2261 bellum,
2788 2207 2846 2252 ut
2888 2198 3106 2253 divinus
3137 2197 3432 2267 Apostolus

1860 2289 2152 2359 signiﬁcat,
2192 2289 2417 2344 dicens:
2479 2286 2637 2341 Video
2684 2289 2850 2341 aliam
2893 2289 3057 2359 legem
3098 2290 3153 2342 in
3187 2291 3433 2343 membris

1862 2380 1987 2432 meis
2029 2387 2400 2447 repugnantem
2431 2377 2535 2447 legi
2562 2378 2749 2431 mentis
2788 2392 2935 2440 mea,
2998 2384 3049 2430 et
3083 2378 3433 2445 captivantem

1865 2486 1941 2523 me
1986 2471 2039 2522 in
2083 2469 2241 2540 legem
2288 2469 2509 2536 peccati,
2561 2484 2678 2536 quae
2712 2475 2789 2521 est
2835 2469 2889 2520 in
2931 2467 3178 2521 membris
3210 2468 3338 2521 meis
3364 2466 3432 2520 “.

1861 2561 1998 2614 Cum
2035 2560 2138 2613 hoc
2174 2573 2305 2629 ergo
2346 2558 2547 2613 bellum
2579 2558 2926 2623 intestinum,
2983 2573 3012 2612 a
3042 2562 3180 2613 meis
3213 2559 3433 2629 quidem

1863 2650 2144 2715 fratribus,
2181 2650 2418 2704 inimicis
2452 2656 2633 2703 autem
2663 2664 2796 2704 meae
2831 2650 3040 2713 salutis,
3083 2650 3137 2704 in
3172 2666 3257 2705 me
3289 2656 3436 2705 esset

1863 2742 2180 2807 conﬂatum,
2240 2741 2381 2795 facta
2417 2757 2536 2795 sum
2586 2741 2742 2810 nigra
2791 2741 2936 2795 victa
2982 2743 3050 2796 ab
3081 2742 3342 2807 inimicis,
3379 2740 3434 2797 et

1862 2835 2076 2889 vineam
2109 2851 2282 2888 meam
2311 2850 2418 2888 non
2445 2832 2737 2888 cus'odivi.
2771 2832 3125 2903 Intelligenda
3149 2843 3329 2888 autem
3352 2844 3437 2889 est

1862 2928 2017 2981 vinea
2054 2927 2192 2980 idem
2228 2924 2376 2995 quod
2411 2924 2724 2994 paradisus.
2752 2923 2886 2978 Nam
2918 2926 3029 2979 illic
3057 2940 3278 2995 quoque
3308 2926 3434 2995 juse

1860 3032 1954 3071 sus
1977 3027 2062 3071 est
2097 3017 2259 3070 homo
2295 3015 2574 3070 custodire
2597 3002 2935 3085 paradisum.
2976 3014 3031 3069 In
3067 3016 3432 3073 custodiendo

1861 3120 2038 3163 autem
2075 3109 2401 3178 negligentia
2439 3108 2715 3161 hominem
2747 3108 2981 3162 exclusit
3004 3123 3033 3161 a
3066 3107 3344 3177 paradiso,
3375 3115 3430 3163 et

1859 3200 2038 3255 cﬂ‘ecit
2060 3209 2116 3254 ut
2141 3200 2346 3253 habitet
2368 3198 2433 3252 ad
2462 3198 2807 3253 occidentem
2827 3200 3099 3253 abductus
3117 3200 3183 3252 ab
3199 3200 3431 3253 oriente.

1861 3291 2153 3361 Propterea
2205 3288 2424 3343 occasui
2473 3296 2697 3358 apparet
2741 3288 2949 3342 oriens.
2994 3286 3219 3342 Cantate
3263 3290 3432 3352 enim,

1860 3383 2056 3452 inquit,
2103 3381 2349 3444 Domino,
2403 3380 2493 3450 qui
2538 3381 2773 3434 ascendit
2806 3394 2958 3447 super
2988 3396 3233 3433 occasum
3258 3380 3325 3447 η,
3370 3387 3432 3433 ut

1860 3492 1981 3530 cum
2014 3476 2109 3529 lux
2153 3475 2393 3529 tenebris
2430 3473 2701 3537 illuxerit,
2736 3486 2765 3525 a
2815 3471 2973 3526 radio
3002 3478 3436 3525 transmutentur

1862 3563 2117 3627 tenebras,
2170 3569 2224 3616 et
2280 3561 2372 3615 ﬁat
2422 3575 2618 3614 rursus
2660 3559 2889 3628 pulchra
2934 3572 3057 3626 quae
3098 3564 3216 3611 erat
3253 3556 3438 3625 nigra.

1860 3652 2013 3720 Quod
2047 3658 2226 3705 autem
2267 3650 2322 3703 in
2355 3650 2591 3703 dictione
2636 3662 2763 3702 cum
2810 3661 2975 3702 sensu
3011 3647 3232 3699 invento
3283 3645 3436 3702 vide-

1860 3751 1949 3796 tur
1977 3753 2082 3794 non
2125 3740 2418 3800 cohaerere,
2446 3738 2496 3790 id
2532 3737 2633 3790 hoc
2675 3736 2836 3790 modo
2878 3736 3076 3805 poterit
3102 3732 3386 3787 conciliari
3417 3752 3431 3788 :

1857 3832 1964 3895 Me,
2001 3826 2198 3896 inquit,
2237 3836 2523 3897 posuerunt
2575 3827 2919 3907 custodienti):
2938 3817 3277 3885 vineisﬂuod
3310 3819 3435 3889 qui-

1860 3922 1980 3975 dem
2012 3917 2234 3988 perinde
2257 3925 2359 3984 est,
2392 3924 2451 3969 ut
2488 3914 2630 3986 quod
2659 3913 2904 3968 dicitur:
2948 3910 3246 3965 Posuerunt
3271 3909 3434 3964 Jeru-

1860 4012 2023 4066 salem
2055 4012 2107 4064 in
2143 4025 2419 4078 pontorum
2444 4008 2740 4061 custodiam
2768 4006 2834 4061 ".
2874 3993 2991 4058 Non
3027 4004 3171 4057 enim
3203 4002 3276 4055 illi
3316 4016 3435 4055 eam

1860 4099 2558 4157 constitueruntcustodem
2581 4098 2778 4152 divinse
2811 4096 3004 4157 vinem,
3042 4100 3100 4147 ut
3131 4108 3196 4147 cx
3226 4090 3432 4153 verbis,

1860 4210 1981 4264 quae
2007 4200 2137 4248 sunt
2188 4192 2243 4245 in
2280 4197 2558 4260 promptu,
2609 4195 2792 4258 posset
2842 4184 3106 4254 intelligi;
3165 4182 3261 4236 sed
3293 4181 3438 4236 Deus

1860 4284 2077 4355 quidem
2120 4289 2204 4337 est
2240 4281 2331 4351 qui
2379 4278 2683 4341 constituit,
2737 4277 2813 4330 illi
2854 4283 3033 4329 autem
3073 4273 3249 4327 solum
3287 4271 3340 4324 in
3372 4282 3438 4324 ea

197 4386 384 4439 ἐκεῖνοι
411 4386 468 4439 δέ
491 4363 831 4457 ἐμαχέσαντο
865 4383 1024 4453 μόνον
1047 4383 1104 4434 ἐν
1133 4380 1292 4451 αὐτῇ,
1325 4379 1418 4431 καὶ
1444 4377 1625 4430 ἔθεντο
1660 4394 1679 4428 a

1954 4383 2262 4447 gnaverunt,
2299 4381 2353 4427 et
2394 4372 2693 4441 posuerunt
2727 4382 2843 4422 eam
2888 4374 3146 4434 tanquam
3179 4363 3436 4416 taberna-

196 4473 291 4544 τὴν
322 4475 396 4538 ὼς
433 4475 639 4545 σκηνὴν
666 4476 722 4526 ἐν
758 4470 1060 4542 ἀμπελῶνι,
1084 4469 1179 4521 καὶ
1212 4468 1288 4531 ὡς
1317 4464 1762 4536 ὀπωροφυλάκιον

198 4569 253 4618 ἐν
290 4566 617 4638 σικυηλάτῳ.
648 4565 758 4636 Τῆς
806 4563 914 4634 γὰρ
963 4560 1373 4631 φυλασσομένης
1416 4556 1637 4628 ὀπώρας
1677 4557 1766 4609 διὰ

197 4656 289 4725 τὴν
326 4656 612 4727 παρακοήν
652 4652 972 4725 στερηθεῖσα
991 4692 1004 4716 ,
1032 4652 1301 4722 ἄχρηστον
1329 4646 1505 4720 θέαμα
1534 4647 1767 4700 κατελεί-

200 4746 427 4818 φθη,τοῦ
453 4745 857 4818 φυλασσομένου
884 4746 941 4796 ἐν
968 4744 1102 4813 αὐτῇ
1135 4741 1208 4812 μὴ
1238 4741 1408 4804 ὄντος.
1439 4742 1550 4793 Καὶ
1578 4739 1763 4809 ἐπειδὴ

199 4839 342 4894 ἔθετο
375 4842 402 4892 6
432 4840 563 4902 Θεὸς
597 4838 879 4909 ἄνθρωπον
907 4834 1196 4906 ἐργάζεθαι
1228 4835 1322 4887 καὶ
1352 4834 1643 4902 φυλάσσειν
1671 4832 1763 4884 τὸν

200 4933 538 5002 παράδεισον,
562 4930 717 4984 τοῦτό
744 4945 905 5000 φησιν
926 4930 959 4999 ἡ
979 4925 1187 4997 νύμφη,
1215 4926 1295 4978 ὅτι
1324 4923 1430 4978 Τοῦ
1456 4923 1588 4977 Θεοῦ
1624 4921 1761 4994 [τοῦ]

204 5020 422 5092 θεμένου
451 5023 549 5093 τὴν
582 5022 759 5091 ψυχήν
791 5037 890 5090 μου
917 5021 995 5081 είς
1023 5016 1166 5087 ζωὴν
1198 5015 1332 5087 (ζωὴ
1365 5016 1472 5086 γὰρ
1509 5012 1576 5086 ἦν
1610 5016 1644 5085 ἡ
1669 5014 1762 5067 τοῦ

206 5112 525 5183 παραδείσου
544 5113 744 5183 τρυφὴ,
760 5113 816 5163 ἐν
832 5104 875 5178 ᾧ
897 5109 1044 5163 ἔθετο
1064 5111 1091 5161 6
1106 5107 1237 5170 Θεὸς
1261 5108 1350 5160 τὸν
1371 5106 1651 5178 ἄνθρωπον
1674 5110 1763 5177 ἐρ.

204 5203 457 5271 γάζεσθαι
487 5206 579 5257 καὶ
610 5203 899 5271 φυλάσσειν
930 5200 1198 5270 αὐτὸν),οἰ
1223 5198 1405 5271 ἐχθροὶ
1428 5197 1762 5269 μετέστησαν

203 5294 363 5365 αὔτὴν
378 5297 440 5347 ἐκ
452 5295 548 5364 τῆς
569 5293 661 5346 τοῦ
682 5292 1008 5363 παραδείσου
1029 5289 1258 5362 τρυφῆς,
1275 5290 1352 5350 είς
1373 5287 1432 5340 τὸ
1445 5287 1765 5350 σπουδάζειν

204 5388 325 5454 περὶ
344 5387 432 5438 τὸν
454 5386 628 5439 αὐτῶν
649 5375 1037 5455 ἀμπελῶνα,οὗ
1058 5385 1085 5436 6
1103 5382 1292 5452 βότρυς
1309 5380 1544 5449 γεωργεῖ
1559 5378 1658 5448 τὴν
1681 5397 1767 5431 πι-

206 5479 359 5547 κίιίαν
371 5479 463 5530 καὶ
479 5480 510 5550 ἡ
527 5477 768 5546 σταφυλὴ
790 5477 887 5546 τὴν
914 5475 1096 5546 χολήν.
1128 5471 1377 5535 Τοιοῦτος
1389 5469 1643 5542 ἀμπελὼν
1671 5466 1743 5521 Σό
1763 5504 1767 5507 -

284 5650 494 5707 “Rom.
525 5663 621 5719 Vn,
654 5652 725 5706 9.5
822 5649 1028 5705 "Ps-al.
1069 5663 1234 5713 ιτα-ιι,
1272 5645 1321 5700 5.

1859 4471 2041 4525 culum
2090 4468 2145 4520 in
2186 4466 2363 4527 vinea,
2414 4471 2467 4516 et
2500 4470 2756 4530 tanquam
2808 4458 3083 4510 fructuum
3126 4453 3433 4509 custodiam

1860 4560 1914 4614 in
1942 4556 2340 4614 cucumerario.
2366 4551 2655 4606 Fructibus
2680 4548 2823 4603 enim
2857 4547 2951 4617 qui
2985 4543 3437 4600 custodiebantur

1861 4651 2072 4720 privata
2126 4654 2346 4718 prepter
2390 4639 2836 4702 inobedientiam,
2895 4636 3083 4690 relicta
3119 4642 3201 4688 est
3248 4631 3439 4687 inutile

1863 4739 2257 4812 spectaculum,
2291 4750 2415 4790 cum
2457 4735 2511 4786 in
2543 4748 2606 4786 ea
2656 4744 2764 4784 non
2800 4734 2945 4782 esset
2989 4726 3041 4779 id
3081 4723 3223 4793 quod
3256 4731 3440 4812 custos-

1867 4810 2139 4888 dicbatur.
2196 4827 2263 4882 Et
2297 4826 2551 4897 quoniam
2611 4820 2755 4876 Deus
2804 4817 2987 4889 posuit
3038 4813 3314 4868 hominem
3370 4810 3438 4862 ad

1868 4923 2204 4993 operandum
2238 4926 2291 4974 et
2319 4913 2736 4972 custodiendum
2775 4906 3112 4980 paradisum,
3169 4902 3271 4955 hoc
3298 4898 3435 4993 dixit

1867 4989 2099 5085 sponsa:
2134 5009 2270 5064 Cum
2303 5007 2445 5062 Deus
2475 5005 2914 5058 animammeam
2960 4993 3231 5066 posuisset
3265 4989 3331 5043 ad
3358 4990 3436 5044 vis

1871 5080 1977 5160 tam
2004 5121 2016 5157 :
2052 5100 2260 5155 deliciae
2286 5098 2430 5153 enim
2476 5080 2711 5164 paradisi
2752 5091 2859 5143 vita
2891 5094 3026 5149 erat,
3067 5085 3122 5137 in
3151 5097 3261 5152 quo
3291 5082 3431 5135 Deus

1872 5190 2051 5264 posuit
2066 5188 2339 5243 hominem
2356 5185 2421 5238 ad
2440 5180 2773 5253 operandum
2793 5187 2842 5232 et
2855 5190 2977 5231 eum
2992 5169 3430 5228 custodiendum:

1868 5263 2074 5340 inimici
2088 5295 2172 5334 me
2189 5277 2546 5331 traduxerunt
2560 5270 2847 5327 acustodia
2866 5266 3098 5338 paradisi
3121 5264 3183 5317 ad
3201 5263 3438 5317 studium

1871 5371 2177 5447 ponendum
2210 5368 2263 5422 in
2291 5367 2529 5430 vineam,
2560 5362 2720 5431 cujus
2752 5360 2943 5414 botrus
2966 5363 3186 5426 generat
3214 5369 3435 5406 amurca

1872 5442 2006 5529 rem,
2034 5470 2087 5518 ct
2109 5477 2207 5516 uva
2230 5460 2410 5514 bilem.
2436 5452 2710 5527 Ejusmodi
2728 5452 2883 5506 vinea
2898 5446 3265 5504 cratSodoma
3303 5442 3438 5497 'l'alc

1412 5647 1448 5675 "‘
1488 5644 1626 5698 l‘sal.
1660 5655 1891 5704 LXkVill,
1926 5641 1968 5691 ι.
