  <div class='ocr_page' id='page_1' title='image "/cluster/home/n/w/nwhite01/storage/ocr_20150623/44/mdp.39015011915454/407.png"; bbox 0 0 3752 5984; ppageno 0'>
   <div class='ocr_carea' id='block_1_1' title="bbox 293 242 396 300">
    <p class='ocr_par' dir='ltr' id='par_1_1' title="bbox 293 242 396 300">
     <span class='ocr_line' id='line_1_1' title="bbox 293 242 396 300; baseline -0.019 0"><span class='ocrx_word' id='word_1_1' title='bbox 293 242 396 300; x_wconf 84' lang='lat'><strong>799</strong></span> 
     </span>
    </p>
   </div>
   <div class='ocr_carea' id='block_1_2' title="bbox 1539 212 2284 295">
    <p class='ocr_par' dir='ltr' id='par_1_2' title="bbox 1539 212 2284 295">
     <span class='ocr_line' id='line_1_2' title="bbox 1539 212 2284 295; baseline -0.015 0"><span class='ocrx_word' id='word_1_2' title='bbox 1539 238 1598 295; x_wconf 90' lang='lat' dir='ltr'><strong>s.</strong></span> <span class='ocrx_word' id='word_1_3' title='bbox 1624 212 1954 295; x_wconf 77' lang='lat' dir='ltr'><strong>onsconu</strong></span> <span class='ocrx_word' id='word_1_4' title='bbox 1984 228 2284 288; x_wconf 77' lang='lat' dir='ltr'><strong>NYSSENI</strong></span> 
     </span>
    </p>
   </div>
   <div class='ocr_carea' id='block_1_3' title="bbox 3454 212 3563 270">
    <p class='ocr_par' dir='ltr' id='par_1_3' title="bbox 3454 212 3563 270">
     <span class='ocr_line' id='line_1_3' title="bbox 3454 212 3563 270; baseline 0 -2"><span class='ocrx_word' id='word_1_5' title='bbox 3454 212 3563 270; x_wconf 73' lang='lat'><strong>800</strong></span> 
     </span>
    </p>
   </div>
   <div class='ocr_carea' id='block_1_4' title="bbox 291 327 1868 425">
    <p class='ocr_par' dir='ltr' id='par_1_4' title="bbox 291 352 1853 425">
     <span class='ocr_line' id='line_1_4' title="bbox 291 352 1853 425; baseline -0.004 -13"><span class='ocrx_word' id='word_1_6' title='bbox 291 363 629 412; x_wconf 77' lang='lat' dir='ltr'><strong>sarmentum</strong></span> <span class='ocrx_word' id='word_1_7' title='bbox 670 352 973 410; x_wconf 87' lang='lat' dir='ltr'><strong>Gomorrha</strong></span> <span class='ocrx_word' id='word_1_8' title='bbox 995 394 1010 419; x_wconf 89' lang='lat'><strong>,</strong></span> <span class='ocrx_word' id='word_1_9' title='bbox 1045 370 1166 425; x_wconf 68' lang='lat' dir='ltr'><strong>qua:</strong></span> <span class='ocrx_word' id='word_1_10' title='bbox 1194 355 1448 410; x_wconf 89' lang='lat' dir='ltr'><strong>damnata</strong></span> <span class='ocrx_word' id='word_1_11' title='bbox 1479 364 1561 411; x_wconf 89' lang='lat' dir='ltr'><strong>est</strong></span> <span class='ocrx_word' id='word_1_12' title='bbox 1589 368 1712 411; x_wconf 91' lang='lat' dir='ltr'><strong>cum</strong></span> <span class='ocrx_word' id='word_1_13' title='bbox 1748 352 1853 408; x_wconf 85' lang='lat' dir='ltr'><strong>So-</strong></span> 
     </span>
    </p>
   </div>
   <div class='ocr_carea' id='block_1_5' title="bbox 2039 327 3564 425">
    <p class='ocr_par' dir='ltr' id='par_1_5' title="bbox 2039 327 3564 425">
     <span class='ocr_line' id='line_1_5' title="bbox 2039 327 3564 425; baseline -0.014 -27"><span class='ocrx_word' id='word_1_14' title='bbox 2039 364 2091 398; x_wconf 89' lang='grc' dir='ltr'><strong>ια</strong></span> <span class='ocrx_word' id='word_1_15' title='bbox 2117 341 2186 415; x_wconf 78' lang='grc' dir='ltr'>ἣν</span> <span class='ocrx_word' id='word_1_16' title='bbox 2241 340 2465 409; x_wconf 79' lang='grc' dir='ltr'><strong>τοιαύτη</strong></span> <span class='ocrx_word' id='word_1_17' title='bbox 2499 337 2767 425; x_wconf 64' lang='grc' dir='ltr'>κληματίς</span> <span class='ocrx_word' id='word_1_18' title='bbox 2796 336 3074 408; x_wconf 77' lang='grc' dir='ltr'>Γόμορῤα,</span> <span class='ocrx_word' id='word_1_19' title='bbox 3103 327 3564 425; x_wconf 47' lang='grc' dir='ltr'>ήσυγκαταδικαΪ</span> 
     </span>
    </p>
   </div>
   <div class='ocr_carea' id='block_1_6' title="bbox 290 438 1873 521">
    <p class='ocr_par' dir='ltr' id='par_1_6' title="bbox 290 438 1873 521">
     <span class='ocr_line' id='line_1_6' title="bbox 290 438 1873 521; baseline 0.001 -17"><span class='ocrx_word' id='word_1_20' title='bbox 290 452 470 506; x_wconf 84' lang='lat' dir='ltr'><strong>dumis</strong></span> <span class='ocrx_word' id='word_1_21' title='bbox 496 491 512 516; x_wconf 92' lang='lat'><strong>,</strong></span> <span class='ocrx_word' id='word_1_22' title='bbox 562 438 662 521; x_wconf 75' lang='lat' dir='ltr'><strong>per.</strong></span> <span class='ocrx_word' id='word_1_23' title='bbox 691 465 830 520; x_wconf 87' lang='lat' dir='ltr'><strong>quas</strong></span> <span class='ocrx_word' id='word_1_24' title='bbox 870 451 947 503; x_wconf 90' lang='lat' dir='ltr'><strong>ira</strong></span> <span class='ocrx_word' id='word_1_25' title='bbox 984 449 1285 504; x_wconf 79' lang='lat' dir='ltr'><strong>draconum</strong></span> <span class='ocrx_word' id='word_1_26' title='bbox 1327 449 1747 505; x_wconf 76' lang='lat' dir='ltr'><strong>immedicabilis</strong></span> <span class='ocrx_word' id='word_1_27' title='bbox 1791 449 1873 505; x_wconf 75' lang='lat' dir='ltr'><strong>ef-</strong></span> 
     </span>
    </p>
   </div>
   <div class='ocr_carea' id='block_1_7' title="bbox 292 537 1873 596">
    <p class='ocr_par' dir='ltr' id='par_1_7' title="bbox 292 537 1873 596">
     <span class='ocr_line' id='line_1_7' title="bbox 292 537 1873 596; baseline 0.001 -3"><span class='ocrx_word' id='word_1_28' title='bbox 292 540 412 594; x_wconf 75' lang='lat' dir='ltr'><strong>fusa</strong></span> <span class='ocrx_word' id='word_1_29' title='bbox 453 549 539 596; x_wconf 90' lang='lat' dir='ltr'><strong>est</strong></span> <span class='ocrx_word' id='word_1_30' title='bbox 570 541 625 594; x_wconf 90' lang='lat' dir='ltr'><strong>in</strong></span> <span class='ocrx_word' id='word_1_31' title='bbox 665 539 825 593; x_wconf 89' lang='lat' dir='ltr'><strong>malis</strong></span> <span class='ocrx_word' id='word_1_32' title='bbox 855 539 1224 594; x_wconf 86' lang='lat' dir='ltr'><strong>torcularibus</strong></span> <span class='ocrx_word' id='word_1_33' title='bbox 1258 537 1685 593; x_wconf 87' lang='lat' dir='ltr'><strong>Sodomitarum.</strong></span> <span class='ocrx_word' id='word_1_34' title='bbox 1719 537 1873 594; x_wconf 87' lang='lat' dir='ltr'><strong>Licet</strong></span> 
     </span>
    </p>
   </div>
   <div class='ocr_carea' id='block_1_8' title="bbox 290 629 1872 700">
    <p class='ocr_par' dir='ltr' id='par_1_8' title="bbox 290 629 1872 700">
     <span class='ocr_line' id='line_1_8' title="bbox 290 629 1872 700; baseline 0.001 -15"><span class='ocrx_word' id='word_1_35' title='bbox 290 640 473 686; x_wconf 89' lang='lat' dir='ltr'><strong>autem</strong></span> <span class='ocrx_word' id='word_1_36' title='bbox 525 633 581 685; x_wconf 91' lang='lat' dir='ltr'><strong>in</strong></span> <span class='ocrx_word' id='word_1_37' title='bbox 638 631 965 685; x_wconf 84' lang='lat' dir='ltr'><strong>hodiernum</strong></span> <span class='ocrx_word' id='word_1_38' title='bbox 1020 645 1195 700; x_wconf 75' lang='lat' dir='ltr'><strong>usque</strong></span> <span class='ocrx_word' id='word_1_39' title='bbox 1241 631 1384 685; x_wconf 87' lang='lat' dir='ltr'><strong>diem</strong></span> <span class='ocrx_word' id='word_1_40' title='bbox 1435 629 1621 686; x_wconf 87' lang='lat' dir='ltr'><strong>videre</strong></span> <span class='ocrx_word' id='word_1_41' title='bbox 1671 631 1872 687; x_wconf 86' lang='lat' dir='ltr'><strong>multos</strong></span> 
     </span>
    </p>
   </div>
   <div class='ocr_carea' id='block_1_9' title="bbox 293 719 1868 791">
    <p class='ocr_par' dir='ltr' id='par_1_9' title="bbox 293 719 1868 791">
     <span class='ocr_line' id='line_1_9' title="bbox 293 719 1868 791; baseline 0.003 -19"><span class='ocrx_word' id='word_1_42' title='bbox 293 719 550 774; x_wconf 87' lang='lat' dir='ltr'><strong>homines</strong></span> <span class='ocrx_word' id='word_1_43' title='bbox 579 728 868 776; x_wconf 82' lang='lat' dir='ltr'><strong>turatores</strong></span> <span class='ocrx_word' id='word_1_44' title='bbox 897 728 950 774; x_wconf 91' lang='lat' dir='ltr'><strong>et</strong></span> <span class='ocrx_word' id='word_1_45' title='bbox 976 719 1233 776; x_wconf 74' lang='lat' dir='ltr'><strong>custodes</strong></span> <span class='ocrx_word' id='word_1_46' title='bbox 1261 721 1534 790; x_wconf 83' lang='lat' dir='ltr'><strong>ejusmodi</strong></span> <span class='ocrx_word' id='word_1_47' title='bbox 1564 723 1868 791; x_wconf 82' lang='lat' dir='ltr'><strong>vinearum,</strong></span> 
     </span>
    </p>
   </div>
   <div class='ocr_carea' id='block_1_10' title="bbox 291 812 1871 885">
    <p class='ocr_par' dir='ltr' id='par_1_10' title="bbox 291 812 1871 885">
     <span class='ocr_line' id='line_1_10' title="bbox 291 812 1871 885; baseline 0.004 -21"><span class='ocrx_word' id='word_1_48' title='bbox 291 812 385 881; x_wconf 90' lang='lat' dir='ltr'><strong>qui</strong></span> <span class='ocrx_word' id='word_1_49' title='bbox 427 812 722 883; x_wconf 81' lang='lat' dir='ltr'><strong>diligenter</strong></span> <span class='ocrx_word' id='word_1_50' title='bbox 753 813 807 866; x_wconf 91' lang='lat' dir='ltr'><strong>in</strong></span> <span class='ocrx_word' id='word_1_51' title='bbox 848 828 908 869; x_wconf 91' lang='lat' dir='ltr'><strong>se</strong></span> <span class='ocrx_word' id='word_1_52' title='bbox 949 828 1049 867; x_wconf 90' lang='lat' dir='ltr'><strong>sua</strong></span> <span class='ocrx_word' id='word_1_53' title='bbox 1083 812 1215 867; x_wconf 89' lang='lat' dir='ltr'><strong>vitia</strong></span> <span class='ocrx_word' id='word_1_54' title='bbox 1255 813 1612 881; x_wconf 91' lang='lat' dir='ltr'><strong>custodiunt,</strong></span> <span class='ocrx_word' id='word_1_55' title='bbox 1648 816 1871 885; x_wconf 87' lang='lat' dir='ltr'><strong>perinde</strong></span> 
     </span>
    </p>
   </div>
   <div class='ocr_carea' id='block_1_11' title="bbox 292 902 1870 976">
    <p class='ocr_par' dir='ltr' id='par_1_11' title="bbox 292 902 1870 976">
     <span class='ocr_line' id='line_1_11' title="bbox 292 902 1870 976; baseline 0.005 -21"><span class='ocrx_word' id='word_1_56' title='bbox 292 917 354 956; x_wconf 90' lang='lat' dir='ltr'><strong>ac</strong></span> <span class='ocrx_word' id='word_1_57' title='bbox 385 902 430 956; x_wconf 88' lang='lat' dir='ltr'><strong>si</strong></span> <span class='ocrx_word' id='word_1_58' title='bbox 465 903 692 957; x_wconf 87' lang='lat' dir='ltr'><strong>timeant</strong></span> <span class='ocrx_word' id='word_1_59' title='bbox 730 917 799 958; x_wconf 92' lang='lat' dir='ltr'><strong>ne</strong></span> <span class='ocrx_word' id='word_1_60' title='bbox 839 905 1043 959; x_wconf 88' lang='lat' dir='ltr'><strong>malum</strong></span> <span class='ocrx_word' id='word_1_61' title='bbox 1084 903 1339 973; x_wconf 86' lang='lat' dir='ltr'><strong>perdant.</strong></span> <span class='ocrx_word' id='word_1_62' title='bbox 1379 903 1547 961; x_wconf 82' lang='lat' dir='ltr'><strong>Vides</strong></span> <span class='ocrx_word' id='word_1_63' title='bbox 1587 907 1870 976; x_wconf 87' lang='lat' dir='ltr'><strong>improbos</strong></span> 
     </span>
    </p>
   </div>
   <div class='ocr_carea' id='block_1_12' title="bbox 291 992 1871 1066">
    <p class='ocr_par' dir='ltr' id='par_1_12' title="bbox 291 992 1871 1066">
     <span class='ocr_line' id='line_1_12' title="bbox 291 992 1871 1066; baseline 0.003 -20"><span class='ocrx_word' id='word_1_64' title='bbox 291 992 553 1047; x_wconf 83' lang='lat' dir='ltr'><strong>custodes</strong></span> <span class='ocrx_word' id='word_1_65' title='bbox 608 992 965 1060; x_wconf 60' lang='lat' dir='ltr'><strong>idololatrias,</strong></span> <span class='ocrx_word' id='word_1_66' title='bbox 1006 1009 1129 1064; x_wconf 69' lang='lat' dir='ltr'><strong>quae</strong></span> <span class='ocrx_word' id='word_1_67' title='bbox 1165 1002 1458 1049; x_wconf 86' lang='lat' dir='ltr'><strong>exercetur</strong></span> <span class='ocrx_word' id='word_1_68' title='bbox 1497 994 1553 1050; x_wconf 93' lang='lat' dir='ltr'><strong>in</strong></span> <span class='ocrx_word' id='word_1_69' title='bbox 1593 996 1871 1066; x_wconf 82' lang='lat' dir='ltr'><strong>impietate</strong></span> 
     </span>
    </p>
   </div>
   <div class='ocr_carea' id='block_1_13' title="bbox 290 1087 1867 1158">
    <p class='ocr_par' dir='ltr' id='par_1_13' title="bbox 290 1087 1867 1158">
     <span class='ocr_line' id='line_1_13' title="bbox 290 1087 1867 1158; baseline 0 -16"><span class='ocrx_word' id='word_1_70' title='bbox 290 1095 344 1142; x_wconf 91' lang='lat' dir='ltr'><strong>et</strong></span> <span class='ocrx_word' id='word_1_71' title='bbox 376 1087 430 1142; x_wconf 90' lang='lat' dir='ltr'><strong>in</strong></span> <span class='ocrx_word' id='word_1_72' title='bbox 463 1088 694 1141; x_wconf 86' lang='lat' dir='ltr'><strong>avaritia</strong></span> <span class='ocrx_word' id='word_1_73' title='bbox 716 1129 731 1152; x_wconf 92' lang='lat'><strong>,</strong></span> <span class='ocrx_word' id='word_1_74' title='bbox 769 1087 1228 1158; x_wconf 76' lang='lat' dir='ltr'><strong>quemadmodum</strong></span> <span class='ocrx_word' id='word_1_75' title='bbox 1256 1089 1484 1158; x_wconf 80' lang='lat' dir='ltr'><strong>vigilant</strong></span> <span class='ocrx_word' id='word_1_76' title='bbox 1513 1088 1568 1144; x_wconf 91' lang='lat' dir='ltr'><strong>in</strong></span> <span class='ocrx_word' id='word_1_77' title='bbox 1599 1090 1867 1145; x_wconf 89' lang='lat' dir='ltr'><strong>malorum</strong></span> 
     </span>
    </p>
   </div>
   <div class='ocr_carea' id='block_1_14' title="bbox 291 1177 1870 1252">
    <p class='ocr_par' dir='ltr' id='par_1_14' title="bbox 291 1177 1870 1252">
     <span class='ocr_line' id='line_1_14' title="bbox 291 1177 1870 1252; baseline 0.003 -20"><span class='ocrx_word' id='word_1_78' title='bbox 291 1177 575 1240; x_wconf 89' lang='lat' dir='ltr'><strong>custodia,</strong></span> <span class='ocrx_word' id='word_1_79' title='bbox 626 1178 890 1234; x_wconf 89' lang='lat' dir='ltr'><strong>damnum</strong></span> <span class='ocrx_word' id='word_1_80' title='bbox 936 1195 1059 1236; x_wconf 91' lang='lat' dir='ltr'><strong>esse</strong></span> <span class='ocrx_word' id='word_1_81' title='bbox 1103 1181 1483 1236; x_wconf 80' lang='lat' dir='ltr'><strong>existimantes</strong></span> <span class='ocrx_word' id='word_1_82' title='bbox 1523 1181 1728 1252; x_wconf 83' lang='lat' dir='ltr'><strong>privari</strong></span> <span class='ocrx_word' id='word_1_83' title='bbox 1766 1183 1870 1237; x_wconf 88' lang='lat' dir='ltr'><strong>ini-</strong></span> 
     </span>
    </p>
   </div>
   <div class='ocr_carea' id='block_1_15' title="bbox 292 1267 1868 1344">
    <p class='ocr_par' dir='ltr' id='par_1_15' title="bbox 292 1267 1868 1344">
     <span class='ocr_line' id='line_1_15' title="bbox 292 1267 1868 1344; baseline 0.001 -20"><span class='ocrx_word' id='word_1_84' title='bbox 292 1270 524 1341; x_wconf 88' lang='lat' dir='ltr'><strong>quitate.</strong></span> <span class='ocrx_word' id='word_1_85' title='bbox 568 1267 628 1324; x_wconf 86' lang='lat' dir='ltr'><strong>in</strong></span> <span class='ocrx_word' id='word_1_86' title='bbox 668 1269 793 1324; x_wconf 91' lang='lat' dir='ltr'><strong>aliis</strong></span> <span class='ocrx_word' id='word_1_87' title='bbox 823 1285 1044 1341; x_wconf 85' lang='lat' dir='ltr'><strong>quoque</strong></span> <span class='ocrx_word' id='word_1_88' title='bbox 1070 1270 1198 1326; x_wconf 91' lang='lat' dir='ltr'><strong>licet</strong></span> <span class='ocrx_word' id='word_1_89' title='bbox 1229 1272 1418 1327; x_wconf 88' lang='lat' dir='ltr'><strong>videre</strong></span> <span class='ocrx_word' id='word_1_90' title='bbox 1449 1287 1546 1328; x_wconf 92' lang='lat' dir='ltr'><strong>eos</strong></span> <span class='ocrx_word' id='word_1_91' title='bbox 1576 1272 1671 1342; x_wconf 92' lang='lat' dir='ltr'><strong>qui</strong></span> <span class='ocrx_word' id='word_1_92' title='bbox 1710 1273 1868 1344; x_wconf 87' lang='lat' dir='ltr'><strong>peni-</strong></span> 
     </span>
    </p>
   </div>
   <div class='ocr_carea' id='block_1_16' title="bbox 291 1388 1871 1459">
    <p class='ocr_par' dir='ltr' id='par_1_16' title="bbox 291 1388 1871 1459">
     <span class='ocr_line' id='line_1_16' title="bbox 291 1388 1871 1459; baseline 0.004 -20"><span class='ocrx_word' id='word_1_93' title='bbox 291 1394 383 1441; x_wconf 89' lang='lat' dir='ltr'><strong>tus</strong></span> <span class='ocrx_word' id='word_1_94' title='bbox 422 1394 788 1456; x_wconf 82' lang='lat' dir='ltr'><strong>susceperunt</strong></span> <span class='ocrx_word' id='word_1_95' title='bbox 826 1388 1159 1457; x_wconf 90' lang='lat' dir='ltr'><strong>voluptatem</strong></span> <span class='ocrx_word' id='word_1_96' title='bbox 1188 1428 1204 1453; x_wconf 92' lang='lat'><strong>,</strong></span> <span class='ocrx_word' id='word_1_97' title='bbox 1250 1396 1345 1443; x_wconf 85' lang='lat' dir='ltr'><strong>aut</strong></span> <span class='ocrx_word' id='word_1_98' title='bbox 1384 1388 1734 1459; x_wconf 85' lang='lat' dir='ltr'><strong>superbiam,</strong></span> <span class='ocrx_word' id='word_1_99' title='bbox 1776 1400 1871 1446; x_wconf 82' lang='lat' dir='ltr'><strong>aut</strong></span> 
     </span>
    </p>
   </div>
   <div class='ocr_carea' id='block_1_17' title="bbox 293 1476 1869 1549">
    <p class='ocr_par' dir='ltr' id='par_1_17' title="bbox 293 1476 1869 1549">
     <span class='ocr_line' id='line_1_17' title="bbox 293 1476 1869 1549; baseline 0.004 -20"><span class='ocrx_word' id='word_1_100' title='bbox 293 1476 495 1530; x_wconf 84' lang='lat' dir='ltr'><strong>fastum</strong></span> <span class='ocrx_word' id='word_1_101' title='bbox 516 1515 531 1539; x_wconf 92' lang='lat'><strong>,</strong></span> <span class='ocrx_word' id='word_1_102' title='bbox 557 1486 649 1531; x_wconf 89' lang='lat' dir='ltr'><strong>aut</strong></span> <span class='ocrx_word' id='word_1_103' title='bbox 675 1478 882 1547; x_wconf 86' lang='lat' dir='ltr'><strong>aliquid</strong></span> <span class='ocrx_word' id='word_1_104' title='bbox 907 1479 1175 1547; x_wconf 80' lang='lat' dir='ltr'><strong>ejusmodi</strong></span> <span class='ocrx_word' id='word_1_105' title='bbox 1198 1519 1212 1542; x_wconf 91' lang='lat'><strong>,</strong></span> <span class='ocrx_word' id='word_1_106' title='bbox 1238 1481 1697 1549; x_wconf 86' lang='lat' dir='ltr'><strong>quemadmodum</strong></span> <span class='ocrx_word' id='word_1_107' title='bbox 1718 1482 1869 1536; x_wconf 91' lang='lat' dir='ltr'><strong>omni</strong></span> 
     </span>
    </p>
   </div>
   <div class='ocr_carea' id='block_1_18' title="bbox 292 1567 1868 1639">
    <p class='ocr_par' dir='ltr' id='par_1_18' title="bbox 292 1567 1868 1639">
     <span class='ocr_line' id='line_1_18' title="bbox 292 1567 1868 1639; baseline 0.005 -17"><span class='ocrx_word' id='word_1_108' title='bbox 292 1567 477 1622; x_wconf 86' lang='lat' dir='ltr'><strong>studio</strong></span> <span class='ocrx_word' id='word_1_109' title='bbox 514 1583 577 1622; x_wconf 89' lang='lat' dir='ltr'><strong>ea</strong></span> <span class='ocrx_word' id='word_1_110' title='bbox 644 1569 787 1622; x_wconf 85' lang='lat' dir='ltr'><strong>mala</strong></span> <span class='ocrx_word' id='word_1_111' title='bbox 847 1571 1279 1639; x_wconf 87' lang='lat' dir='ltr'><strong>amplectantur,</strong></span> <span class='ocrx_word' id='word_1_112' title='bbox 1323 1572 1536 1626; x_wconf 90' lang='lat' dir='ltr'><strong>lucrum</strong></span> <span class='ocrx_word' id='word_1_113' title='bbox 1589 1588 1712 1629; x_wconf 86' lang='lat' dir='ltr'><strong>esse</strong></span> <span class='ocrx_word' id='word_1_114' title='bbox 1764 1574 1868 1629; x_wconf 84' lang='lat' dir='ltr'><strong>du-</strong></span> 
     </span>
    </p>
   </div>
   <div class='ocr_carea' id='block_1_19' title="bbox 1973 420 3565 503">
    <p class='ocr_par' dir='ltr' id='par_1_19' title="bbox 1973 420 3565 503">
     <span class='ocr_line' id='line_1_19' title="bbox 1973 420 3565 503; baseline -0.012 -12"><span class='ocrx_word' id='word_1_115' title='bbox 1973 437 2162 491; x_wconf 84' lang='grc' dir='ltr'>σθεῖσα</span> <span class='ocrx_word' id='word_1_116' title='bbox 2213 434 2498 503; x_wconf 80' lang='grc' dir='ltr'><strong>Σοδόμοις,</strong></span> <span class='ocrx_word' id='word_1_117' title='bbox 2526 430 2593 483; x_wconf 78' lang='grc' dir='ltr'>δι’</span> <span class='ocrx_word' id='word_1_118' title='bbox 2624 422 2699 482; x_wconf 79' lang='grc' dir='ltr'><strong>ὧν</strong></span> <span class='ocrx_word' id='word_1_119' title='bbox 2740 427 2770 480; x_wconf 85' lang='grc' dir='ltr'><strong>ό</strong></span> <span class='ocrx_word' id='word_1_120' title='bbox 2821 427 2929 480; x_wconf 86' lang='grc' dir='ltr'><strong>τῶν</strong></span> <span class='ocrx_word' id='word_1_121' title='bbox 2975 424 3282 497; x_wconf 76' lang='grc' dir='ltr'>δρακόντων</span> <span class='ocrx_word' id='word_1_122' title='bbox 3330 420 3503 491; x_wconf 73' lang='grc' dir='ltr'>θυμὸς</span> <span class='ocrx_word' id='word_1_123' title='bbox 3536 421 3565 473; x_wconf 79' lang='grc' dir='ltr'><strong>δ</strong></span> 
     </span>
    </p>
   </div>
   <div class='ocr_carea' id='block_1_20' title="bbox 1958 513 3565 593">
    <p class='ocr_par' dir='ltr' id='par_1_20' title="bbox 1958 513 3565 593">
     <span class='ocr_line' id='line_1_20' title="bbox 1958 513 3565 593; baseline -0.01 -13"><span class='ocrx_word' id='word_1_124' title='bbox 1958 525 2187 591; x_wconf 80' lang='grc' dir='ltr'>ἀνίατος</span> <span class='ocrx_word' id='word_1_125' title='bbox 2210 527 2267 579; x_wconf 81' lang='grc' dir='ltr'>ὲν</span> <span class='ocrx_word' id='word_1_126' title='bbox 2287 527 2409 588; x_wconf 87' lang='grc' dir='ltr'>ταῖς</span> <span class='ocrx_word' id='word_1_127' title='bbox 2430 523 2691 593; x_wconf 83' lang='grc' dir='ltr'><strong>πονηραῖς</strong></span> <span class='ocrx_word' id='word_1_128' title='bbox 2713 520 2893 590; x_wconf 82' lang='grc' dir='ltr'>ληνοῖς</span> <span class='ocrx_word' id='word_1_129' title='bbox 2916 518 3025 571; x_wconf 87' lang='grc' dir='ltr'><strong>τῶν</strong></span> <span class='ocrx_word' id='word_1_130' title='bbox 3050 514 3357 587; x_wconf 82' lang='grc' dir='ltr'><strong>Σοδομιτῶν</strong></span> <span class='ocrx_word' id='word_1_131' title='bbox 3391 513 3565 584; x_wconf 82' lang='grc' dir='ltr'>ὑπερ-</span> 
     </span>
    </p>
   </div>
   <div class='ocr_carea' id='block_1_21' title="bbox 1972 602 3564 687">
    <p class='ocr_par' dir='ltr' id='par_1_21' title="bbox 1972 602 3564 687">
     <span class='ocr_line' id='line_1_21' title="bbox 1972 602 3564 687; baseline -0.009 -18"><span class='ocrx_word' id='word_1_132' title='bbox 1972 616 2153 687; x_wconf 88' lang='grc' dir='ltr'>εχέθη.</span> <span class='ocrx_word' id='word_1_133' title='bbox 2214 618 2371 669; x_wconf 85' lang='grc' dir='ltr'>Ἔστι</span> <span class='ocrx_word' id='word_1_134' title='bbox 2415 612 2474 666; x_wconf 80' lang='grc' dir='ltr'>δὲ</span> <span class='ocrx_word' id='word_1_135' title='bbox 2521 612 2616 665; x_wconf 73' lang='grc' dir='ltr'>καὶ</span> <span class='ocrx_word' id='word_1_136' title='bbox 2652 610 2815 681; x_wconf 88' lang='grc' dir='ltr'>μέχρι</span> <span class='ocrx_word' id='word_1_137' title='bbox 2858 605 2953 662; x_wconf 90' lang='grc' dir='ltr'><strong>τοῦ</strong></span> <span class='ocrx_word' id='word_1_138' title='bbox 3000 607 3095 660; x_wconf 89' lang='grc' dir='ltr'><strong>νῦν</strong></span> <span class='ocrx_word' id='word_1_139' title='bbox 3145 605 3255 659; x_wconf 86' lang='grc' dir='ltr'><strong>τῶν</strong></span> <span class='ocrx_word' id='word_1_140' title='bbox 3300 602 3564 657; x_wconf 81' lang='grc' dir='ltr'>τοιούτων</span> 
     </span>
    </p>
   </div>
   <div class='ocr_carea' id='block_1_22' title="bbox 1973 693 3563 779">
    <p class='ocr_par' dir='ltr' id='par_1_22' title="bbox 1973 693 3563 779">
     <span class='ocr_line' id='line_1_22' title="bbox 1973 693 3563 779; baseline -0.01 -17"><span class='ocrx_word' id='word_1_141' title='bbox 1973 707 2312 779; x_wconf 82' lang='grc' dir='ltr'><strong>ἀμπελώνων</strong></span> <span class='ocrx_word' id='word_1_142' title='bbox 2341 702 2676 776; x_wconf 77' lang='grc' dir='ltr'>ἐπιμελητάς</span> <span class='ocrx_word' id='word_1_143' title='bbox 2698 720 2757 756; x_wconf 84' lang='grc' dir='ltr'><strong>τε</strong></span> <span class='ocrx_word' id='word_1_144' title='bbox 2790 699 2884 755; x_wconf 72' lang='grc' dir='ltr'>καὶ</span> <span class='ocrx_word' id='word_1_145' title='bbox 2914 698 3156 769; x_wconf 87' lang='grc' dir='ltr'>φύλακας</span> <span class='ocrx_word' id='word_1_146' title='bbox 3178 698 3305 760; x_wconf 77' lang='grc' dir='ltr'>τοὺς</span> <span class='ocrx_word' id='word_1_147' title='bbox 3329 693 3563 758; x_wconf 78' lang='grc' dir='ltr'>πολλοὺς</span> 
     </span>
    </p>
   </div>
   <div class='ocr_carea' id='block_1_23' title="bbox 1970 788 3557 867">
    <p class='ocr_par' dir='ltr' id='par_1_23' title="bbox 1970 788 3557 867">
     <span class='ocr_line' id='line_1_23' title="bbox 1970 788 3557 867; baseline -0.009 -14"><span class='ocrx_word' id='word_1_148' title='bbox 1970 800 2079 853; x_wconf 89' lang='grc' dir='ltr'><strong>τῶν</strong></span> <span class='ocrx_word' id='word_1_149' title='bbox 2110 797 2409 867; x_wconf 79' lang='grc' dir='ltr'>ἀνθρώπων</span> <span class='ocrx_word' id='word_1_150' title='bbox 2457 795 2606 855; x_wconf 85' lang='grc' dir='ltr'>ἰδεῖν,</span> <span class='ocrx_word' id='word_1_151' title='bbox 2652 793 2702 846; x_wconf 81' lang='grc' dir='ltr'>οἳ</span> <span class='ocrx_word' id='word_1_152' title='bbox 2748 791 2950 861; x_wconf 79' lang='grc' dir='ltr'>σπουδῇ</span> <span class='ocrx_word' id='word_1_153' title='bbox 2983 789 3050 842; x_wconf 73' lang='grc' dir='ltr'><strong>τά</strong></span> <span class='ocrx_word' id='word_1_154' title='bbox 3078 789 3225 859; x_wconf 86' lang='grc' dir='ltr'>πάθη</span> <span class='ocrx_word' id='word_1_155' title='bbox 3262 789 3397 859; x_wconf 82' lang='grc' dir='ltr'>παρ’</span> <span class='ocrx_word' id='word_1_156' title='bbox 3427 788 3557 841; x_wconf 74' lang='grc' dir='ltr'>ἑαυ-</span> 
     </span>
    </p>
   </div>
   <div class='ocr_carea' id='block_1_24' title="bbox 1970 876 3564 960">
    <p class='ocr_par' dir='ltr' id='par_1_24' title="bbox 1970 876 3564 960">
     <span class='ocr_line' id='line_1_24' title="bbox 1970 876 3564 960; baseline -0.011 -16"><span class='ocrx_word' id='word_1_157' title='bbox 1970 893 2082 954; x_wconf 88' lang='grc' dir='ltr'>τοῖς</span> <span class='ocrx_word' id='word_1_158' title='bbox 2110 889 2390 960; x_wconf 81' lang='grc' dir='ltr'>τηροῦσιν,</span> <span class='ocrx_word' id='word_1_159' title='bbox 2427 885 2615 955; x_wconf 86' lang='grc' dir='ltr'>ὥσπερ</span> <span class='ocrx_word' id='word_1_160' title='bbox 2660 880 2959 943; x_wconf 82' lang='grc' dir='ltr'>δεδοικότες</span> <span class='ocrx_word' id='word_1_161' title='bbox 2992 878 3067 950; x_wconf 82' lang='grc' dir='ltr'>μὴ</span> <span class='ocrx_word' id='word_1_162' title='bbox 3110 876 3172 931; x_wconf 75' lang='grc' dir='ltr'>τὸ</span> <span class='ocrx_word' id='word_1_163' title='bbox 3213 876 3389 930; x_wconf 76' lang='grc' dir='ltr'>κακὸν</span> <span class='ocrx_word' id='word_1_164' title='bbox 3422 876 3564 929; x_wconf 76' lang='grc' dir='ltr'>ἀπο-</span> 
     </span>
    </p>
   </div>
   <div class='ocr_carea' id='block_1_25' title="bbox 1970 963 3563 1048">
    <p class='ocr_par' dir='ltr' id='par_1_25' title="bbox 1970 963 3563 1048">
     <span class='ocr_line' id='line_1_25' title="bbox 1970 963 3563 1048; baseline -0.011 -15"><span class='ocrx_word' id='word_1_165' title='bbox 1970 980 2217 1036; x_wconf 80' lang='grc' dir='ltr'>λέσωσιν.</span> <span class='ocrx_word' id='word_1_166' title='bbox 2277 978 2442 1048; x_wconf 80' lang='grc' dir='ltr'>ὐρᾷς</span> <span class='ocrx_word' id='word_1_167' title='bbox 2489 976 2615 1038; x_wconf 77' lang='grc' dir='ltr'>τοὺς</span> <span class='ocrx_word' id='word_1_168' title='bbox 2663 972 2934 1043; x_wconf 76' lang='grc' dir='ltr'>πονηροὺς</span> <span class='ocrx_word' id='word_1_169' title='bbox 2982 969 3083 1039; x_wconf 86' lang='grc' dir='ltr'>τῆς</span> <span class='ocrx_word' id='word_1_170' title='bbox 3112 963 3563 1036; x_wconf 80' lang='grc' dir='ltr'>εἰδωλολατρείας</span> 
     </span>
    </p>
   </div>
   <div class='ocr_carea' id='block_1_26' title="bbox 1972 1053 3565 1140">
    <p class='ocr_par' dir='ltr' id='par_1_26' title="bbox 1972 1053 3565 1140">
     <span class='ocr_line' id='line_1_26' title="bbox 1972 1053 3565 1140; baseline -0.011 -16"><span class='ocrx_word' id='word_1_171' title='bbox 1972 1070 2238 1140; x_wconf 82' lang='grc' dir='ltr'>φύλακας,</span> <span class='ocrx_word' id='word_1_172' title='bbox 2277 1069 2376 1139; x_wconf 80' lang='grc' dir='ltr'><strong>τῆς</strong></span> <span class='ocrx_word' id='word_1_173' title='bbox 2413 1084 2475 1120; x_wconf 85' lang='grc' dir='ltr'><strong>τε</strong></span> <span class='ocrx_word' id='word_1_174' title='bbox 2507 1065 2649 1120; x_wconf 86' lang='grc' dir='ltr'><strong>κατά</strong></span> <span class='ocrx_word' id='word_1_175' title='bbox 2695 1062 2794 1136; x_wconf 79' lang='grc' dir='ltr'>τὴν</span> <span class='ocrx_word' id='word_1_176' title='bbox 2844 1059 3097 1114; x_wconf 76' lang='grc' dir='ltr'>ἀσέϐειαν</span> <span class='ocrx_word' id='word_1_177' title='bbox 3125 1058 3221 1112; x_wconf 76' lang='grc' dir='ltr'>καὶ</span> <span class='ocrx_word' id='word_1_178' title='bbox 3267 1054 3374 1126; x_wconf 78' lang='grc' dir='ltr'>τῆς</span> <span class='ocrx_word' id='word_1_179' title='bbox 3417 1053 3565 1108; x_wconf 84' lang='grc' dir='ltr'><strong>κατά</strong></span> 
     </span>
    </p>
   </div>
   <div class='ocr_carea' id='block_1_27' title="bbox 1970 1145 3562 1233">
    <p class='ocr_par' dir='ltr' id='par_1_27' title="bbox 1970 1145 3562 1233">
     <span class='ocr_line' id='line_1_27' title="bbox 1970 1145 3562 1233; baseline -0.011 -18"><span class='ocrx_word' id='word_1_180' title='bbox 1970 1162 2069 1233; x_wconf 82' lang='grc' dir='ltr'>τὴν</span> <span class='ocrx_word' id='word_1_181' title='bbox 2100 1159 2419 1226; x_wconf 78' lang='grc' dir='ltr'>πλεονεξίαν</span> <span class='ocrx_word' id='word_1_182' title='bbox 2451 1154 2869 1228; x_wconf 75' lang='grc' dir='ltr'>ἐνεργουμένης,</span> <span class='ocrx_word' id='word_1_183' title='bbox 2901 1151 3017 1216; x_wconf 88' lang='grc' dir='ltr'><strong>πῶς</strong></span> <span class='ocrx_word' id='word_1_184' title='bbox 3051 1145 3469 1220; x_wconf 77' lang='grc' dir='ltr'>ὲπαγρυπνοῦσι</span> <span class='ocrx_word' id='word_1_185' title='bbox 3498 1146 3562 1216; x_wconf 76' lang='grc' dir='ltr'><strong>τῇ</strong></span> 
     </span>
    </p>
   </div>
   <div class='ocr_carea' id='block_1_28' title="bbox 1972 1237 3565 1323">
    <p class='ocr_par' dir='ltr' id='par_1_28' title="bbox 1972 1237 3565 1323">
     <span class='ocr_line' id='line_1_28' title="bbox 1972 1237 3565 1323; baseline -0.011 -18"><span class='ocrx_word' id='word_1_186' title='bbox 1972 1253 2184 1323; x_wconf 78' lang='grc' dir='ltr'>φυλακῇ</span> <span class='ocrx_word' id='word_1_187' title='bbox 2213 1251 2323 1304; x_wconf 89' lang='grc' dir='ltr'><strong>τῶν</strong></span> <span class='ocrx_word' id='word_1_188' title='bbox 2360 1248 2567 1309; x_wconf 80' lang='grc' dir='ltr'>κακῶν,</span> <span class='ocrx_word' id='word_1_189' title='bbox 2597 1245 2800 1318; x_wconf 80' lang='grc' dir='ltr'>ζημίαν</span> <span class='ocrx_word' id='word_1_190' title='bbox 2832 1243 2893 1296; x_wconf 76' lang='grc' dir='ltr'>τὸ</span> <span class='ocrx_word' id='word_1_191' title='bbox 2927 1240 3255 1313; x_wconf 80' lang='grc' dir='ltr'>στερηθῆναι</span> <span class='ocrx_word' id='word_1_192' title='bbox 3297 1237 3404 1307; x_wconf 81' lang='grc' dir='ltr'>τῆς</span> <span class='ocrx_word' id='word_1_193' title='bbox 3437 1237 3565 1289; x_wconf 81' lang='grc' dir='ltr'>ἀνο-</span> 
     </span>
    </p>
   </div>
   <div class='ocr_carea' id='block_1_29' title="bbox 1974 1327 3565 1415">
    <p class='ocr_par' dir='ltr' id='par_1_29' title="bbox 1974 1327 3565 1415">
     <span class='ocr_line' id='line_1_29' title="bbox 1974 1327 3565 1415; baseline -0.009 -19"><span class='ocrx_word' id='word_1_194' title='bbox 1974 1345 2101 1415; x_wconf 82' lang='grc' dir='ltr'>μίας</span> <span class='ocrx_word' id='word_1_195' title='bbox 2137 1342 2464 1413; x_wconf 77' lang='grc' dir='ltr'>νομίζοντες.</span> <span class='ocrx_word' id='word_1_196' title='bbox 2500 1338 2610 1393; x_wconf 78' lang='grc' dir='ltr'>Καὶ</span> <span class='ocrx_word' id='word_1_197' title='bbox 2638 1337 2728 1390; x_wconf 73' lang='grc' dir='ltr'><strong>ἐπὶ</strong></span> <span class='ocrx_word' id='word_1_198' title='bbox 2756 1335 2867 1388; x_wconf 88' lang='grc' dir='ltr'><strong>τῶν</strong></span> <span class='ocrx_word' id='word_1_199' title='bbox 2893 1333 3067 1387; x_wconf 80' lang='grc' dir='ltr'>ἀλλων</span> <span class='ocrx_word' id='word_1_200' title='bbox 3098 1329 3364 1393; x_wconf 84' lang='grc' dir='ltr'>ὡσαύτως</span> <span class='ocrx_word' id='word_1_201' title='bbox 3412 1327 3565 1381; x_wconf 74' lang='grc' dir='ltr'>ἔστιν</span> 
     </span>
    </p>
   </div>
   <div class='ocr_carea' id='block_1_30' title="bbox 1974 1418 3564 1501">
    <p class='ocr_par' dir='ltr' id='par_1_30' title="bbox 1974 1418 3564 1501">
     <span class='ocr_line' id='line_1_30' title="bbox 1974 1418 3564 1501; baseline -0.011 -13"><span class='ocrx_word' id='word_1_202' title='bbox 1974 1434 2100 1489; x_wconf 76' lang='grc' dir='ltr'><strong>ἰδεῖν</strong></span> <span class='ocrx_word' id='word_1_203' title='bbox 2146 1435 2272 1497; x_wconf 84' lang='grc' dir='ltr'>τοῦς</span> <span class='ocrx_word' id='word_1_204' title='bbox 2323 1435 2380 1486; x_wconf 80' lang='grc' dir='ltr'>ἐν</span> <span class='ocrx_word' id='word_1_205' title='bbox 2426 1430 2578 1501; x_wconf 87' lang='grc' dir='ltr'>βάθει</span> <span class='ocrx_word' id='word_1_206' title='bbox 2611 1426 3090 1501; x_wconf 78' lang='grc' dir='ltr'>παραδεξαμένους</span> <span class='ocrx_word' id='word_1_207' title='bbox 3128 1422 3227 1493; x_wconf 75' lang='grc' dir='ltr'><strong>τὴν</strong></span> <span class='ocrx_word' id='word_1_208' title='bbox 3257 1420 3479 1492; x_wconf 81' lang='grc' dir='ltr'>ἡδονὴν.</span> <span class='ocrx_word' id='word_1_209' title='bbox 3529 1418 3564 1490; x_wconf 64' lang='grc' dir='ltr'><strong>ἢ</strong></span> 
     </span>
    </p>
   </div>
   <div class='ocr_carea' id='block_1_31' title="bbox 1971 1509 3563 1595">
    <p class='ocr_par' dir='ltr' id='par_1_31' title="bbox 1971 1509 3563 1595">
     <span class='ocr_line' id='line_1_31' title="bbox 1971 1509 3563 1595; baseline -0.012 -16"><span class='ocrx_word' id='word_1_210' title='bbox 1971 1523 2368 1595; x_wconf 80' lang='grc' dir='ltr'>ὑπερηφανίαν,</span> <span class='ocrx_word' id='word_1_211' title='bbox 2419 1520 2452 1592; x_wconf 78' lang='grc' dir='ltr'>ἢ</span> <span class='ocrx_word' id='word_1_212' title='bbox 2510 1518 2700 1589; x_wconf 75' lang='grc' dir='ltr'>τῦφον,</span> <span class='ocrx_word' id='word_1_213' title='bbox 2749 1517 2783 1590; x_wconf 78' lang='grc' dir='ltr'>ἢ</span> <span class='ocrx_word' id='word_1_214' title='bbox 2832 1515 2961 1571; x_wconf 77' lang='grc' dir='ltr'>ἀλλο</span> <span class='ocrx_word' id='word_1_215' title='bbox 3018 1531 3071 1568; x_wconf 89' lang='grc' dir='ltr'><strong>τι</strong></span> <span class='ocrx_word' id='word_1_216' title='bbox 3118 1512 3229 1565; x_wconf 86' lang='grc' dir='ltr'><strong>τῶν</strong></span> <span class='ocrx_word' id='word_1_217' title='bbox 3273 1509 3563 1572; x_wconf 84' lang='grc' dir='ltr'>τοιούτων,</span> 
     </span>
    </p>
   </div>
   <div class='ocr_carea' id='block_1_32' title="bbox 1972 1600 3563 1685">
    <p class='ocr_par' dir='ltr' id='par_1_32' title="bbox 1972 1600 3563 1685">
     <span class='ocr_line' id='line_1_32' title="bbox 1972 1600 3563 1685; baseline -0.011 -15"><span class='ocrx_word' id='word_1_218' title='bbox 1972 1616 2088 1678; x_wconf 88' lang='grc' dir='ltr'><strong>πῶς</strong></span> <span class='ocrx_word' id='word_1_219' title='bbox 2120 1614 2462 1685; x_wconf 79' lang='grc' dir='ltr'>περιέχονται</span> <span class='ocrx_word' id='word_1_220' title='bbox 2496 1611 2585 1664; x_wconf 88' lang='grc' dir='ltr'><strong>διά</strong></span> <span class='ocrx_word' id='word_1_221' title='bbox 2628 1611 2810 1678; x_wconf 85' lang='grc' dir='ltr'>πάσης</span> <span class='ocrx_word' id='word_1_222' title='bbox 2841 1605 3085 1677; x_wconf 80' lang='grc' dir='ltr'>φυλακῆς</span> <span class='ocrx_word' id='word_1_223' title='bbox 3130 1601 3238 1656; x_wconf 86' lang='grc' dir='ltr'><strong>τῶν</strong></span> <span class='ocrx_word' id='word_1_224' title='bbox 3276 1600 3563 1664; x_wconf 76' lang='grc' dir='ltr'>τοιούτων,</span> 
     </span>
    </p>
   </div>
   <div class='ocr_carea' id='block_1_33' title="bbox 291 1661 1868 1778">
    <p class='ocr_par' dir='ltr' id='par_1_33' title="bbox 291 1661 1868 1778">
     <span class='ocr_line' id='line_1_33' title="bbox 291 1661 1868 1735; baseline 0.004 -20"><span class='ocrx_word' id='word_1_225' title='bbox 291 1670 513 1725; x_wconf 86' lang='lat' dir='ltr'><strong>centes,</strong></span> <span class='ocrx_word' id='word_1_226' title='bbox 545 1661 613 1715; x_wconf 92' lang='lat' dir='ltr'><strong>ab</strong></span> <span class='ocrx_word' id='word_1_227' title='bbox 653 1661 967 1730; x_wconf 87' lang='lat' dir='ltr'><strong>hujusmodi</strong></span> <span class='ocrx_word' id='word_1_228' title='bbox 1004 1663 1152 1719; x_wconf 87' lang='lat' dir='ltr'><strong>vitiis</strong></span> <span class='ocrx_word' id='word_1_229' title='bbox 1191 1679 1474 1734; x_wconf 87' lang='lat' dir='ltr'><strong>nunquam</strong></span> <span class='ocrx_word' id='word_1_230' title='bbox 1517 1680 1709 1735; x_wconf 86' lang='lat' dir='ltr'><strong>puram</strong></span> <span class='ocrx_word' id='word_1_231' title='bbox 1745 1682 1868 1722; x_wconf 87' lang='lat' dir='ltr'><strong>esse</strong></span> 
     </span>
     <span class='ocr_line' id='line_1_34' title="bbox 293 1752 1835 1778; baseline 0 0"><span class='ocrx_word' id='word_1_232' title='bbox 293 1754 530 1778; x_wconf 64' lang='grc' dir='ltr'><strong>...ιτ-νιη...</strong></span> <span class='ocrx_word' id='word_1_233' title='bbox 587 1752 712 1778; x_wconf 63' lang='grc' dir='ltr'>Π...-</span> <span class='ocrx_word' id='word_1_234' title='bbox 743 1769 868 1778; x_wconf 63' lang='grc' dir='ltr'><strong>Α---</strong></span> <span class='ocrx_word' id='word_1_235' title='bbox 906 1754 1061 1778; x_wconf 56' lang='grc' dir='ltr'><strong>ΔΑΗ-.</strong></span> <span class='ocrx_word' id='word_1_236' title='bbox 1097 1772 1295 1778; x_wconf 67' lang='grc'><strong>-----..-</strong></span> <span class='ocrx_word' id='word_1_237' title='bbox 1361 1757 1543 1778; x_wconf 63' lang='lat' dir='ltr'><strong>J:_-_-</strong></span> <span class='ocrx_word' id='word_1_238' title='bbox 1611 1757 1835 1778; x_wconf 25' lang='lat' dir='ltr'><strong>nn_;._..</strong></span> 
     </span>
    </p>
   </div>
   <div class='ocr_carea' id='block_1_34' title="bbox 2039 1661 3567 1778">
    <p class='ocr_par' dir='ltr' id='par_1_34' title="bbox 2039 1661 3567 1778">
     <span class='ocr_line' id='line_1_35' title="bbox 2039 1661 3567 1778; baseline -0.011 -18"><span class='ocrx_word' id='word_1_239' title='bbox 2676 1661 2951 1772; x_wconf 68' lang='grc' dir='ltr'>μηδέποτε</span> <span class='ocrx_word' id='word_1_240' title='bbox 3103 1694 3280 1766; x_wconf 81' lang='grc' dir='ltr'>ψυχὴν</span> <span class='ocrx_word' id='word_1_241' title='bbox 3311 1693 3427 1746; x_wconf 85' lang='grc' dir='ltr'><strong>τῶν</strong></span> <span class='ocrx_word' id='word_1_242' title='bbox 3458 1709 3567 1746; x_wconf 68' lang='grc' dir='ltr'>παι</span> 
     </span>
    </p>
   </div>
   <div class='ocr_carea' id='block_1_35' title="bbox 292 1752 1869 1830">
    <p class='ocr_par' dir='ltr' id='par_1_35' title="bbox 292 1752 1869 1830">
     <span class='ocr_line' id='line_1_36' title="bbox 292 1752 1869 1830; baseline 0.007 -26"><span class='ocrx_word' id='word_1_243' title='bbox 292 1754 554 1806; x_wconf 87' lang='lat' dir='ltr'><strong>animam.</strong></span> <span class='ocrx_word' id='word_1_244' title='bbox 585 1752 712 1809; x_wconf 67' lang='lat' dir='ltr'><strong>Haec</strong></span> <span class='ocrx_word' id='word_1_245' title='bbox 740 1769 872 1824; x_wconf 77' lang='lat' dir='ltr'><strong>ergo</strong></span> <span class='ocrx_word' id='word_1_246' title='bbox 903 1754 1066 1811; x_wconf 88' lang='lat' dir='ltr'><strong>deﬂet</strong></span> <span class='ocrx_word' id='word_1_247' title='bbox 1095 1772 1323 1826; x_wconf 88' lang='lat' dir='ltr'><strong>sponsa,</strong></span> <span class='ocrx_word' id='word_1_248' title='bbox 1355 1757 1583 1813; x_wconf 88' lang='lat' dir='ltr'><strong>dicens:</strong></span> <span class='ocrx_word' id='word_1_249' title='bbox 1610 1757 1869 1830; x_wconf 88' lang='lat' dir='ltr'><strong>Propter-</strong></span> 
     </span>
    </p>
   </div>
   <div class='ocr_carea' id='block_1_36' title="bbox 289 1844 1870 1919">
    <p class='ocr_par' dir='ltr' id='par_1_36' title="bbox 289 1844 1870 1919">
     <span class='ocr_line' id='line_1_37' title="bbox 289 1844 1870 1919; baseline 0.005 -19"><span class='ocrx_word' id='word_1_250' title='bbox 289 1860 354 1900; x_wconf 90' lang='lat' dir='ltr'><strong>ea</strong></span> <span class='ocrx_word' id='word_1_251' title='bbox 417 1844 559 1900; x_wconf 81' lang='lat' dir='ltr'><strong>facta</strong></span> <span class='ocrx_word' id='word_1_252' title='bbox 610 1863 732 1902; x_wconf 90' lang='lat' dir='ltr'><strong>sum</strong></span> <span class='ocrx_word' id='word_1_253' title='bbox 794 1849 991 1918; x_wconf 74' lang='lat' dir='ltr'><strong>nigra,</strong></span> <span class='ocrx_word' id='word_1_254' title='bbox 1052 1849 1198 1919; x_wconf 87' lang='lat' dir='ltr'><strong>quod</strong></span> <span class='ocrx_word' id='word_1_255' title='bbox 1261 1850 1467 1907; x_wconf 89' lang='lat' dir='ltr'><strong>inimici</strong></span> <span class='ocrx_word' id='word_1_256' title='bbox 1522 1852 1766 1916; x_wconf 84' lang='lat' dir='ltr'><strong>zizania,</strong></span> <span class='ocrx_word' id='word_1_257' title='bbox 1814 1860 1870 1908; x_wconf 91' lang='lat' dir='ltr'><strong>et</strong></span> 
     </span>
    </p>
   </div>
   <div class='ocr_carea' id='block_1_37' title="bbox 299 1938 1866 2011">
    <p class='ocr_par' dir='ltr' id='par_1_37' title="bbox 299 1938 1866 2011">
     <span class='ocr_line' id='line_1_38' title="bbox 299 1938 1866 2011; baseline 0.004 -19"><span class='ocrx_word' id='word_1_258' title='bbox 299 1938 442 1992; x_wconf 89' lang='lat' dir='ltr'><strong>mala</strong></span> <span class='ocrx_word' id='word_1_259' title='bbox 473 1946 662 1994; x_wconf 87' lang='lat' dir='ltr'><strong>nostra</strong></span> <span class='ocrx_word' id='word_1_260' title='bbox 702 1953 984 1996; x_wconf 84' lang='lat' dir='ltr'><strong>sarmenta</strong></span> <span class='ocrx_word' id='word_1_261' title='bbox 1015 1943 1335 1997; x_wconf 90' lang='lat' dir='ltr'><strong>custodiens</strong></span> <span class='ocrx_word' id='word_1_262' title='bbox 1364 1955 1417 1999; x_wconf 91' lang='lat' dir='ltr'><strong>et</strong></span> <span class='ocrx_word' id='word_1_263' title='bbox 1459 1951 1619 1999; x_wconf 91' lang='lat' dir='ltr'><strong>tuens</strong></span> <span class='ocrx_word' id='word_1_264' title='bbox 1640 1985 1654 2011; x_wconf 96' lang='lat'><strong>,</strong></span> <span class='ocrx_word' id='word_1_265' title='bbox 1691 1960 1866 2000; x_wconf 90' lang='lat' dir='ltr'><strong>meam</strong></span> 
     </span>
    </p>
   </div>
   <div class='ocr_carea' id='block_1_38' title="bbox 290 2029 1866 2104">
    <p class='ocr_par' dir='ltr' id='par_1_38' title="bbox 290 2029 1866 2104">
     <span class='ocr_line' id='line_1_39' title="bbox 290 2029 1866 2104; baseline 0.006 -21"><span class='ocrx_word' id='word_1_266' title='bbox 290 2029 504 2084; x_wconf 90' lang='lat' dir='ltr'><strong>vineam</strong></span> <span class='ocrx_word' id='word_1_267' title='bbox 538 2047 646 2086; x_wconf 91' lang='lat' dir='ltr'><strong>non</strong></span> <span class='ocrx_word' id='word_1_268' title='bbox 678 2034 940 2088; x_wconf 89' lang='lat' dir='ltr'><strong>custodii.</strong></span> <span class='ocrx_word' id='word_1_269' title='bbox 969 2033 1015 2089; x_wconf 89' lang='grc'>0</span> <span class='ocrx_word' id='word_1_270' title='bbox 1048 2042 1286 2104; x_wconf 88' lang='lat' dir='ltr'><strong>quantos</strong></span> <span class='ocrx_word' id='word_1_271' title='bbox 1315 2038 1518 2091; x_wconf 81' lang='lat' dir='ltr'><strong>excitat</strong></span> <span class='ocrx_word' id='word_1_272' title='bbox 1549 2037 1778 2093; x_wconf 71' lang='lat' dir='ltr'><strong>alfectus</strong></span> <span class='ocrx_word' id='word_1_273' title='bbox 1812 2039 1866 2092; x_wconf 91' lang='lat' dir='ltr'><strong>in</strong></span> 
     </span>
    </p>
   </div>
   <div class='ocr_carea' id='block_1_39' title="bbox 290 2108 1868 2197">
    <p class='ocr_par' dir='ltr' id='par_1_39' title="bbox 290 2108 1868 2197">
     <span class='ocr_line' id='line_1_40' title="bbox 290 2108 1868 2197; baseline 0.006 -24"><span class='ocrx_word' id='word_1_274' title='bbox 290 2120 361 2175; x_wconf 91' lang='lat' dir='ltr'><strong>iis</strong></span> <span class='ocrx_word' id='word_1_275' title='bbox 396 2122 488 2190; x_wconf 88' lang='lat' dir='ltr'><strong>qui</strong></span> <span class='ocrx_word' id='word_1_276' title='bbox 518 2124 635 2176; x_wconf 89' lang='lat' dir='ltr'><strong>acri</strong></span> <span class='ocrx_word' id='word_1_277' title='bbox 682 2140 847 2179; x_wconf 87' lang='lat' dir='ltr'><strong>sensu</strong></span> <span class='ocrx_word' id='word_1_278' title='bbox 900 2125 1006 2181; x_wconf 86' lang='lat' dir='ltr'><strong>ista</strong></span> <span class='ocrx_word' id='word_1_279' title='bbox 1044 2108 1396 2197; x_wconf 73' lang='lat' dir='ltr'><strong>percipiunt:</strong></span> <span class='ocrx_word' id='word_1_280' title='bbox 1447 2126 1661 2182; x_wconf 82' lang='lat' dir='ltr'><strong>Vineam</strong></span> <span class='ocrx_word' id='word_1_281' title='bbox 1698 2145 1868 2184; x_wconf 84' lang='lat' dir='ltr'><strong>meam</strong></span> 
     </span>
    </p>
   </div>
   <div class='ocr_carea' id='block_1_40' title="bbox 291 2214 1863 2289">
    <p class='ocr_par' dir='ltr' id='par_1_40' title="bbox 291 2214 1863 2289">
     <span class='ocr_line' id='line_1_41' title="bbox 291 2214 1863 2289; baseline 0.007 -24"><span class='ocrx_word' id='word_1_282' title='bbox 291 2228 396 2265; x_wconf 82' lang='lat' dir='ltr'><strong>non</strong></span> <span class='ocrx_word' id='word_1_283' title='bbox 452 2214 917 2272; x_wconf 71' lang='lat' dir='ltr'><strong>custodivi1Haac</strong></span> <span class='ocrx_word' id='word_1_284' title='bbox 980 2234 1086 2271; x_wconf 85' lang='lat' dir='ltr'><strong>vox</strong></span> <span class='ocrx_word' id='word_1_285' title='bbox 1133 2227 1217 2273; x_wconf 89' lang='lat' dir='ltr'><strong>est</strong></span> <span class='ocrx_word' id='word_1_286' title='bbox 1269 2227 1455 2289; x_wconf 88' lang='lat' dir='ltr'><strong>aperte</strong></span> <span class='ocrx_word' id='word_1_287' title='bbox 1503 2221 1863 2276; x_wconf 85' lang='lat' dir='ltr'><strong>lamentatio:</strong></span> 
     </span>
    </p>
   </div>
   <div class='ocr_carea' id='block_1_41' title="bbox 290 2303 1868 2383">
    <p class='ocr_par' dir='ltr' id='par_1_41' title="bbox 290 2303 1868 2383">
     <span class='ocr_line' id='line_1_42' title="bbox 290 2303 1868 2383; baseline 0.009 -27"><span class='ocrx_word' id='word_1_288' title='bbox 290 2303 649 2371; x_wconf 81' lang='lat' dir='ltr'><strong>lamentatio,</strong></span> <span class='ocrx_word' id='word_1_289' title='bbox 695 2323 817 2377; x_wconf 69' lang='lat' dir='ltr'><strong>quae</strong></span> <span class='ocrx_word' id='word_1_290' title='bbox 846 2311 1241 2378; x_wconf 87' lang='lat' dir='ltr'><strong>prophetarum</strong></span> <span class='ocrx_word' id='word_1_291' title='bbox 1276 2312 1513 2381; x_wconf 76' lang='lat' dir='ltr'><strong>gemitus</strong></span> <span class='ocrx_word' id='word_1_292' title='bbox 1546 2320 1600 2367; x_wconf 91' lang='lat' dir='ltr'><strong>et</strong></span> <span class='ocrx_word' id='word_1_293' title='bbox 1630 2313 1868 2383; x_wconf 77' lang='lat' dir='ltr'><strong>ejulatus</strong></span> 
     </span>
    </p>
   </div>
   <div class='ocr_carea' id='block_1_42' title="bbox 294 2399 1869 2469">
    <p class='ocr_par' dir='ltr' id='par_1_42' title="bbox 294 2399 1869 2469">
     <span class='ocr_line' id='line_1_43' title="bbox 294 2399 1869 2469; baseline 0.006 -18"><span class='ocrx_word' id='word_1_294' title='bbox 294 2404 478 2452; x_wconf 77' lang='lat' dir='ltr'><strong>movet</strong></span> <span class='ocrx_word' id='word_1_295' title='bbox 526 2399 591 2453; x_wconf 90' lang='lat' dir='ltr'><strong>ad</strong></span> <span class='ocrx_word' id='word_1_296' title='bbox 640 2401 1203 2457; x_wconf 90' lang='lat' dir='ltr'><strong>commiserationem.</strong></span> <span class='ocrx_word' id='word_1_297' title='bbox 1259 2404 1547 2469; x_wconf 87' lang='lat' dir='ltr'><strong>Quomodo</strong></span> <span class='ocrx_word' id='word_1_298' title='bbox 1592 2404 1736 2459; x_wconf 80' lang='lat' dir='ltr'><strong>facta</strong></span> <span class='ocrx_word' id='word_1_299' title='bbox 1782 2414 1869 2461; x_wconf 90' lang='lat' dir='ltr'><strong>est</strong></span> 
     </span>
    </p>
   </div>
   <div class='ocr_carea' id='block_1_43' title="bbox 292 2492 1868 2566">
    <p class='ocr_par' dir='ltr' id='par_1_43' title="bbox 292 2492 1868 2566">
     <span class='ocr_line' id='line_1_44' title="bbox 292 2492 1868 2566; baseline 0.005 -22"><span class='ocrx_word' id='word_1_300' title='bbox 292 2492 553 2547; x_wconf 79' lang='lat' dir='ltr'><strong>meretrix</strong></span> <span class='ocrx_word' id='word_1_301' title='bbox 587 2492 783 2549; x_wconf 87' lang='lat' dir='ltr'><strong>civitas</strong></span> <span class='ocrx_word' id='word_1_302' title='bbox 818 2493 995 2551; x_wconf 83' lang='lat' dir='ltr'><strong>ﬁdelis</strong></span> <span class='ocrx_word' id='word_1_303' title='bbox 1045 2494 1177 2550; x_wconf 90' lang='lat' dir='ltr'><strong>Sion</strong></span> <span class='ocrx_word' id='word_1_304' title='bbox 1230 2497 1390 2566; x_wconf 87' lang='lat' dir='ltr'><strong>plena</strong></span> <span class='ocrx_word' id='word_1_305' title='bbox 1421 2497 1681 2566; x_wconf 86' lang='lat' dir='ltr'><strong>judicio?</strong></span> <span class='ocrx_word' id='word_1_306' title='bbox 1714 2497 1868 2565; x_wconf 91' lang='lat' dir='ltr'><strong>Quo-</strong></span> 
     </span>
    </p>
   </div>
   <div class='ocr_carea' id='block_1_44' title="bbox 293 2581 1865 2656">
    <p class='ocr_par' dir='ltr' id='par_1_44' title="bbox 293 2581 1865 2656">
     <span class='ocr_line' id='line_1_45' title="bbox 293 2581 1865 2656; baseline 0.005 -23"><span class='ocrx_word' id='word_1_307' title='bbox 293 2581 454 2635; x_wconf 89' lang='lat' dir='ltr'><strong>modo</strong></span> <span class='ocrx_word' id='word_1_308' title='bbox 489 2582 677 2637; x_wconf 87' lang='lat' dir='ltr'><strong>relicta</strong></span> <span class='ocrx_word' id='word_1_309' title='bbox 707 2592 790 2639; x_wconf 87' lang='lat' dir='ltr'><strong>est</strong></span> <span class='ocrx_word' id='word_1_310' title='bbox 830 2583 935 2637; x_wconf 84' lang='lat' dir='ltr'><strong>lilia</strong></span> <span class='ocrx_word' id='word_1_311' title='bbox 977 2583 1107 2639; x_wconf 87' lang='lat' dir='ltr'><strong>Sion</strong></span> <span class='ocrx_word' id='word_1_312' title='bbox 1145 2593 1406 2656; x_wconf 89' lang='lat' dir='ltr'><strong>tanquam</strong></span> <span class='ocrx_word' id='word_1_313' title='bbox 1449 2588 1865 2643; x_wconf 88' lang='lat' dir='ltr'><strong>tabernaculum</strong></span> 
     </span>
    </p>
   </div>
   <div class='ocr_carea' id='block_1_45' title="bbox 293 2670 1863 2748">
    <p class='ocr_par' dir='ltr' id='par_1_45' title="bbox 293 2670 1863 2748">
     <span class='ocr_line' id='line_1_46' title="bbox 293 2670 1863 2748; baseline 0.006 -25"><span class='ocrx_word' id='word_1_314' title='bbox 293 2670 347 2724; x_wconf 92' lang='lat' dir='ltr'><strong>in</strong></span> <span class='ocrx_word' id='word_1_315' title='bbox 376 2672 572 2726; x_wconf 76' lang='lat' dir='ltr'><strong>vinea?</strong></span> <span class='ocrx_word' id='word_1_316' title='bbox 595 2671 883 2739; x_wconf 87' lang='lat' dir='ltr'><strong>Quomodo</strong></span> <span class='ocrx_word' id='word_1_317' title='bbox 907 2675 1050 2729; x_wconf 87' lang='lat' dir='ltr'><strong>sedit</strong></span> <span class='ocrx_word' id='word_1_318' title='bbox 1072 2676 1190 2730; x_wconf 85' lang='lat' dir='ltr'><strong>sola</strong></span> <span class='ocrx_word' id='word_1_319' title='bbox 1220 2676 1416 2732; x_wconf 84' lang='lat' dir='ltr'><strong>civitas</strong></span> <span class='ocrx_word' id='word_1_320' title='bbox 1440 2678 1598 2747; x_wconf 88' lang='lat' dir='ltr'><strong>plena</strong></span> <span class='ocrx_word' id='word_1_321' title='bbox 1634 2680 1832 2748; x_wconf 83' lang='lat' dir='ltr'><strong>pupulo</strong></span> <span class='ocrx_word' id='word_1_322' title='bbox 1849 2722 1863 2744; x_wconf 93' lang='lat'><strong>,</strong></span> 
     </span>
    </p>
   </div>
   <div class='ocr_carea' id='block_1_46' title="bbox 293 2763 1870 2836">
    <p class='ocr_par' dir='ltr' id='par_1_46' title="bbox 293 2763 1870 2836">
     <span class='ocr_line' id='line_1_47' title="bbox 293 2763 1870 2836; baseline 0.009 -22"><span class='ocrx_word' id='word_1_323' title='bbox 293 2763 581 2819; x_wconf 86' lang='lat' dir='ltr'><strong>dominans</strong></span> <span class='ocrx_word' id='word_1_324' title='bbox 633 2764 686 2819; x_wconf 92' lang='lat' dir='ltr'><strong>in</strong></span> <span class='ocrx_word' id='word_1_325' title='bbox 747 2766 1099 2836; x_wconf 85' lang='lat' dir='ltr'><strong>regionibus,</strong></span> <span class='ocrx_word' id='word_1_326' title='bbox 1157 2766 1298 2822; x_wconf 83' lang='lat' dir='ltr'><strong>facta</strong></span> <span class='ocrx_word' id='word_1_327' title='bbox 1336 2779 1421 2826; x_wconf 89' lang='lat' dir='ltr'><strong>est</strong></span> <span class='ocrx_word' id='word_1_328' title='bbox 1470 2772 1574 2827; x_wconf 87' lang='lat' dir='ltr'><strong>sub</strong></span> <span class='ocrx_word' id='word_1_329' title='bbox 1616 2773 1870 2831; x_wconf 85' lang='lat' dir='ltr'><strong>tributo?</strong></span> 
     </span>
    </p>
   </div>
   <div class='ocr_carea' id='block_1_47' title="bbox 291 2855 1868 2927">
    <p class='ocr_par' dir='ltr' id='par_1_47' title="bbox 291 2855 1868 2927">
     <span class='ocr_line' id='line_1_48' title="bbox 291 2855 1868 2927; baseline 0.007 -18"><span class='ocrx_word' id='word_1_330' title='bbox 291 2855 578 2920; x_wconf 84' lang='lat' dir='ltr'><strong>Quomodo</strong></span> <span class='ocrx_word' id='word_1_331' title='bbox 627 2859 985 2913; x_wconf 87' lang='lat' dir='ltr'><strong>obscuratum</strong></span> <span class='ocrx_word' id='word_1_332' title='bbox 1034 2870 1120 2914; x_wconf 89' lang='lat' dir='ltr'><strong>est</strong></span> <span class='ocrx_word' id='word_1_333' title='bbox 1168 2876 1393 2927; x_wconf 87' lang='lat' dir='ltr'><strong>aurum,</strong></span> <span class='ocrx_word' id='word_1_334' title='bbox 1439 2864 1729 2919; x_wconf 88' lang='lat' dir='ltr'><strong>alteratum</strong></span> <span class='ocrx_word' id='word_1_335' title='bbox 1785 2873 1868 2922; x_wconf 90' lang='lat' dir='ltr'><strong>est</strong></span> 
     </span>
    </p>
   </div>
   <div class='ocr_carea' id='block_1_48' title="bbox 291 2951 1862 3027">
    <p class='ocr_par' dir='ltr' id='par_1_48' title="bbox 291 2951 1862 3027">
     <span class='ocr_line' id='line_1_49' title="bbox 291 2951 1862 3027; baseline 0.008 -27"><span class='ocrx_word' id='word_1_336' title='bbox 291 2958 576 3017; x_wconf 82' lang='lat' dir='ltr'><strong>argentum</strong></span> <span class='ocrx_word' id='word_1_337' title='bbox 637 2952 842 3007; x_wconf 88' lang='lat' dir='ltr'><strong>bonum</strong></span> <span class='ocrx_word' id='word_1_338' title='bbox 880 2953 970 3005; x_wconf 65' lang='grc'><strong>³⁸2</strong></span> <span class='ocrx_word' id='word_1_339' title='bbox 1013 2951 1300 3026; x_wconf 84' lang='lat' dir='ltr'><strong>Quomodo</strong></span> <span class='ocrx_word' id='word_1_340' title='bbox 1353 2953 1501 3010; x_wconf 81' lang='lat' dir='ltr'><strong>facta</strong></span> <span class='ocrx_word' id='word_1_341' title='bbox 1551 2964 1635 3011; x_wconf 91' lang='lat' dir='ltr'><strong>est</strong></span> <span class='ocrx_word' id='word_1_342' title='bbox 1670 2958 1862 3027; x_wconf 76' lang='lat' dir='ltr'><strong>nigra,</strong></span> 
     </span>
    </p>
   </div>
   <div class='ocr_carea' id='block_1_49' title="bbox 289 3028 1936 3116">
    <p class='ocr_par' dir='ltr' id='par_1_49' title="bbox 289 3028 1936 3116">
     <span class='ocr_line' id='line_1_50' title="bbox 289 3028 1936 3116; baseline 0.009 -25"><span class='ocrx_word' id='word_1_343' title='bbox 289 3054 414 3109; x_wconf 65' lang='lat' dir='ltr'><strong>quae</strong></span> <span class='ocrx_word' id='word_1_344' title='bbox 441 3055 566 3094; x_wconf 78' lang='lat' dir='ltr'><strong>vera</strong></span> <span class='ocrx_word' id='word_1_345' title='bbox 601 3042 720 3096; x_wconf 88' lang='lat' dir='ltr'><strong>luce</strong></span> <span class='ocrx_word' id='word_1_346' title='bbox 762 3043 1001 3113; x_wconf 90' lang='lat' dir='ltr'><strong>primum</strong></span> <span class='ocrx_word' id='word_1_347' title='bbox 1053 3043 1335 3116; x_wconf 77' lang='lat' dir='ltr'><strong>fulgebat?</strong></span> <span class='ocrx_word' id='word_1_348' title='bbox 1368 3044 1493 3101; x_wconf 65' lang='lat' dir='ltr'><strong>Haec</strong></span> <span class='ocrx_word' id='word_1_349' title='bbox 1518 3049 1707 3102; x_wconf 90' lang='lat' dir='ltr'><strong>omnia</strong></span> <span class='ocrx_word' id='word_1_350' title='bbox 1733 3090 1747 3113; x_wconf 93' lang='lat'><strong>,</strong></span> <span class='ocrx_word' id='word_1_351' title='bbox 1780 3048 1865 3104; x_wconf 77' lang='lat' dir='ltr'><strong>in—</strong></span> <span class='ocrx_word' id='word_1_352' title='bbox 1893 3028 1936 3085; x_wconf 62' lang='grc' dir='ltr'><strong>(ἶ</strong></span> 
     </span>
    </p>
   </div>
   <div class='ocr_carea' id='block_1_50' title="bbox 290 3131 1864 3206">
    <p class='ocr_par' dir='ltr' id='par_1_50' title="bbox 290 3131 1864 3206">
     <span class='ocr_line' id='line_1_51' title="bbox 290 3131 1864 3206; baseline 0.01 -24"><span class='ocrx_word' id='word_1_353' title='bbox 290 3131 446 3200; x_wconf 87' lang='lat' dir='ltr'><strong>quit,</strong></span> <span class='ocrx_word' id='word_1_354' title='bbox 495 3132 627 3186; x_wconf 91' lang='lat' dir='ltr'><strong>mihi</strong></span> <span class='ocrx_word' id='word_1_355' title='bbox 674 3133 818 3190; x_wconf 80' lang='lat' dir='ltr'><strong>facta</strong></span> <span class='ocrx_word' id='word_1_356' title='bbox 868 3143 1033 3200; x_wconf 88' lang='lat' dir='ltr'><strong>sunt,</strong></span> <span class='ocrx_word' id='word_1_357' title='bbox 1088 3138 1218 3206; x_wconf 89' lang='lat' dir='ltr'><strong>quia</strong></span> <span class='ocrx_word' id='word_1_358' title='bbox 1263 3137 1481 3192; x_wconf 89' lang='lat' dir='ltr'><strong>vineam</strong></span> <span class='ocrx_word' id='word_1_359' title='bbox 1532 3154 1709 3194; x_wconf 87' lang='lat' dir='ltr'><strong>meam</strong></span> <span class='ocrx_word' id='word_1_360' title='bbox 1754 3157 1864 3196; x_wconf 92' lang='lat' dir='ltr'><strong>non</strong></span> 
     </span>
    </p>
   </div>
   <div class='ocr_carea' id='block_1_51' title="bbox 292 3222 1868 3303">
    <p class='ocr_par' dir='ltr' id='par_1_51' title="bbox 292 3222 1868 3303">
     <span class='ocr_line' id='line_1_52' title="bbox 292 3222 1868 3303; baseline 0.009 -28"><span class='ocrx_word' id='word_1_361' title='bbox 292 3222 553 3277; x_wconf 90' lang='lat' dir='ltr'><strong>custodii.</strong></span> <span class='ocrx_word' id='word_1_362' title='bbox 588 3222 760 3279; x_wconf 79' lang='lat' dir='ltr'><strong>Vinea</strong></span> <span class='ocrx_word' id='word_1_363' title='bbox 794 3235 881 3281; x_wconf 91' lang='lat' dir='ltr'><strong>est</strong></span> <span class='ocrx_word' id='word_1_364' title='bbox 918 3228 1341 3294; x_wconf 86' lang='lat' dir='ltr'><strong>immortalitas,</strong></span> <span class='ocrx_word' id='word_1_365' title='bbox 1370 3229 1530 3285; x_wconf 86' lang='lat' dir='ltr'><strong>vinea</strong></span> <span class='ocrx_word' id='word_1_366' title='bbox 1564 3241 1648 3287; x_wconf 89' lang='lat' dir='ltr'><strong>est</strong></span> <span class='ocrx_word' id='word_1_367' title='bbox 1694 3233 1868 3303; x_wconf 87' lang='lat' dir='ltr'><strong>impa-</strong></span> 
     </span>
    </p>
   </div>
   <div class='ocr_carea' id='block_1_52' title="bbox 291 3316 1869 3385">
    <p class='ocr_par' dir='ltr' id='par_1_52' title="bbox 291 3316 1869 3385">
     <span class='ocr_line' id='line_1_53' title="bbox 291 3316 1869 3385; baseline 0.008 -16"><span class='ocrx_word' id='word_1_368' title='bbox 291 3316 557 3381; x_wconf 89' lang='lat' dir='ltr'><strong>tihilitas,</strong></span> <span class='ocrx_word' id='word_1_369' title='bbox 620 3328 673 3371; x_wconf 91' lang='lat' dir='ltr'><strong>et</strong></span> <span class='ocrx_word' id='word_1_370' title='bbox 730 3316 840 3373; x_wconf 82' lang='lat' dir='ltr'><strong>Deo</strong></span> <span class='ocrx_word' id='word_1_371' title='bbox 894 3320 1259 3385; x_wconf 86' lang='lat' dir='ltr'><strong>assimilatio,</strong></span> <span class='ocrx_word' id='word_1_372' title='bbox 1306 3331 1361 3377; x_wconf 89' lang='lat' dir='ltr'><strong>et</strong></span> <span class='ocrx_word' id='word_1_373' title='bbox 1412 3323 1482 3379; x_wconf 87' lang='lat' dir='ltr'><strong>ab</strong></span> <span class='ocrx_word' id='word_1_374' title='bbox 1530 3325 1677 3379; x_wconf 90' lang='lat' dir='ltr'><strong>omni</strong></span> <span class='ocrx_word' id='word_1_375' title='bbox 1725 3327 1869 3382; x_wconf 87' lang='lat' dir='ltr'><strong>malo</strong></span> 
     </span>
    </p>
   </div>
   <div class='ocr_carea' id='block_1_53' title="bbox 292 3406 1870 3483">
    <p class='ocr_par' dir='ltr' id='par_1_53' title="bbox 292 3406 1870 3483">
     <span class='ocr_line' id='line_1_54' title="bbox 292 3406 1870 3483; baseline 0.008 -24"><span class='ocrx_word' id='word_1_376' title='bbox 292 3406 571 3461; x_wconf 86' lang='lat' dir='ltr'><strong>alienatio.</strong></span> <span class='ocrx_word' id='word_1_377' title='bbox 613 3406 788 3478; x_wconf 86' lang='lat' dir='ltr'><strong>Hujus</strong></span> <span class='ocrx_word' id='word_1_378' title='bbox 823 3409 996 3464; x_wconf 69' lang='lat' dir='ltr'><strong>vinea:</strong></span> <span class='ocrx_word' id='word_1_379' title='bbox 1030 3408 1243 3466; x_wconf 80' lang='lat' dir='ltr'><strong>fructus</strong></span> <span class='ocrx_word' id='word_1_380' title='bbox 1272 3420 1357 3467; x_wconf 85' lang='lat' dir='ltr'><strong>est</strong></span> <span class='ocrx_word' id='word_1_381' title='bbox 1391 3414 1620 3483; x_wconf 86' lang='lat' dir='ltr'><strong>puritas.</strong></span> <span class='ocrx_word' id='word_1_382' title='bbox 1661 3414 1760 3471; x_wconf 87' lang='lat' dir='ltr'><strong>Hic</strong></span> <span class='ocrx_word' id='word_1_383' title='bbox 1785 3425 1870 3472; x_wconf 91' lang='lat' dir='ltr'><strong>est</strong></span> 
     </span>
    </p>
   </div>
   <div class='ocr_carea' id='block_1_54' title="bbox 291 3498 1869 3579">
    <p class='ocr_par' dir='ltr' id='par_1_54' title="bbox 291 3498 1869 3579">
     <span class='ocr_line' id='line_1_55' title="bbox 291 3498 1869 3579; baseline 0.008 -27"><span class='ocrx_word' id='word_1_384' title='bbox 291 3498 618 3567; x_wconf 77' lang='lat' dir='ltr'><strong>Splendidus</strong></span> <span class='ocrx_word' id='word_1_385' title='bbox 657 3500 998 3572; x_wconf 87' lang='lat' dir='ltr'><strong>pulcherque</strong></span> <span class='ocrx_word' id='word_1_386' title='bbox 1026 3510 1081 3557; x_wconf 90' lang='lat' dir='ltr'><strong>et</strong></span> <span class='ocrx_word' id='word_1_387' title='bbox 1115 3512 1366 3561; x_wconf 83' lang='lat' dir='ltr'><strong>maturus</strong></span> <span class='ocrx_word' id='word_1_388' title='bbox 1398 3505 1487 3560; x_wconf 90' lang='lat' dir='ltr'><strong>ille</strong></span> <span class='ocrx_word' id='word_1_389' title='bbox 1523 3507 1742 3573; x_wconf 89' lang='lat' dir='ltr'><strong>botrns,</strong></span> <span class='ocrx_word' id='word_1_390' title='bbox 1775 3510 1869 3579; x_wconf 90' lang='lat' dir='ltr'><strong>qui</strong></span> 
     </span>
    </p>
   </div>
   <div class='ocr_carea' id='block_1_55' title="bbox 291 3591 1872 3668">
    <p class='ocr_par' dir='ltr' id='par_1_55' title="bbox 291 3591 1872 3668">
     <span class='ocr_line' id='line_1_56' title="bbox 291 3591 1872 3668; baseline 0.01 -26"><span class='ocrx_word' id='word_1_391' title='bbox 291 3591 627 3661; x_wconf 82' lang='lat' dir='ltr'><strong>peculiarem</strong></span> <span class='ocrx_word' id='word_1_392' title='bbox 671 3603 719 3647; x_wconf 88' lang='lat' dir='ltr'><strong>et</strong></span> <span class='ocrx_word' id='word_1_393' title='bbox 767 3594 1026 3649; x_wconf 83' lang='lat' dir='ltr'><strong>eximiam</strong></span> <span class='ocrx_word' id='word_1_394' title='bbox 1081 3595 1314 3652; x_wconf 80' lang='lat' dir='ltr'><strong>formam</strong></span> <span class='ocrx_word' id='word_1_395' title='bbox 1364 3614 1476 3668; x_wconf 67' lang='lat' dir='ltr'><strong>prie</strong></span> <span class='ocrx_word' id='word_1_396' title='bbox 1523 3616 1583 3656; x_wconf 91' lang='lat' dir='ltr'><strong>se</strong></span> <span class='ocrx_word' id='word_1_397' title='bbox 1636 3601 1770 3668; x_wconf 78' lang='lat' dir='ltr'><strong>fert,</strong></span> <span class='ocrx_word' id='word_1_398' title='bbox 1815 3613 1872 3658; x_wconf 90' lang='lat' dir='ltr'><strong>et</strong></span> 
     </span>
    </p>
   </div>
   <div class='ocr_carea' id='block_1_56' title="bbox 291 3680 1870 3762">
    <p class='ocr_par' dir='ltr' id='par_1_56' title="bbox 291 3680 1870 3762">
     <span class='ocr_line' id='line_1_57' title="bbox 291 3680 1870 3762; baseline 0.011 -30"><span class='ocrx_word' id='word_1_399' title='bbox 291 3680 546 3734; x_wconf 83' lang='lat' dir='ltr'><strong>castitate</strong></span> <span class='ocrx_word' id='word_1_400' title='bbox 596 3680 789 3738; x_wconf 89' lang='lat' dir='ltr'><strong>dulces</strong></span> <span class='ocrx_word' id='word_1_401' title='bbox 838 3683 1020 3738; x_wconf 88' lang='lat' dir='ltr'><strong>reddit</strong></span> <span class='ocrx_word' id='word_1_402' title='bbox 1070 3700 1270 3743; x_wconf 89' lang='lat' dir='ltr'><strong>sensus</strong></span> <span class='ocrx_word' id='word_1_403' title='bbox 1309 3690 1526 3745; x_wconf 57' lang='lat' dir='ltr'><strong>animae.</strong></span> <span class='ocrx_word' id='word_1_404' title='bbox 1568 3691 1870 3762; x_wconf 84' lang='lat' dir='ltr'><strong>Capreolus</strong></span> 
     </span>
    </p>
   </div>
   <div class='ocr_carea' id='block_1_57' title="bbox 291 3769 1869 3847">
    <p class='ocr_par' dir='ltr' id='par_1_57' title="bbox 291 3769 1869 3847">
     <span class='ocr_line' id='line_1_58' title="bbox 291 3769 1869 3847; baseline 0.013 -27"><span class='ocrx_word' id='word_1_405' title='bbox 291 3769 463 3824; x_wconf 74' lang='lat' dir='ltr'><strong>vinea:</strong></span> <span class='ocrx_word' id='word_1_406' title='bbox 488 3779 571 3826; x_wconf 87' lang='lat' dir='ltr'><strong>est</strong></span> <span class='ocrx_word' id='word_1_407' title='bbox 600 3785 725 3825; x_wconf 89' lang='lat' dir='ltr'><strong>cum</strong></span> <span class='ocrx_word' id='word_1_408' title='bbox 760 3772 869 3827; x_wconf 86' lang='lat' dir='ltr'><strong>vita</strong></span> <span class='ocrx_word' id='word_1_409' title='bbox 905 3780 1107 3829; x_wconf 61' lang='lat' dir='ltr'><strong>aeterna</strong></span> <span class='ocrx_word' id='word_1_410' title='bbox 1143 3778 1458 3847; x_wconf 88' lang='lat' dir='ltr'><strong>eonjunctio</strong></span> <span class='ocrx_word' id='word_1_411' title='bbox 1491 3791 1545 3835; x_wconf 90' lang='lat' dir='ltr'><strong>et</strong></span> <span class='ocrx_word' id='word_1_412' title='bbox 1573 3785 1869 3841; x_wconf 79' lang='lat' dir='ltr'><strong>connexio.</strong></span> 
     </span>
    </p>
   </div>
   <div class='ocr_carea' id='block_1_58' title="bbox 291 3858 1869 3942">
    <p class='ocr_par' dir='ltr' id='par_1_58' title="bbox 291 3858 1869 3942">
     <span class='ocr_line' id='line_1_59' title="bbox 291 3858 1869 3942; baseline 0.013 -29"><span class='ocrx_word' id='word_1_413' title='bbox 291 3858 688 3918; x_wconf 78' lang='lat' dir='ltr'><strong>Excrescentes</strong></span> <span class='ocrx_word' id='word_1_414' title='bbox 717 3864 971 3933; x_wconf 87' lang='lat' dir='ltr'><strong>palmites</strong></span> <span class='ocrx_word' id='word_1_415' title='bbox 992 3905 1008 3930; x_wconf 90' lang='lat'><strong>,</strong></span> <span class='ocrx_word' id='word_1_416' title='bbox 1042 3876 1172 3922; x_wconf 92' lang='lat' dir='ltr'><strong>sunt</strong></span> <span class='ocrx_word' id='word_1_417' title='bbox 1204 3866 1464 3925; x_wconf 69' lang='lat' dir='ltr'><strong>virtutum</strong></span> <span class='ocrx_word' id='word_1_418' title='bbox 1492 3874 1869 3942; x_wconf 89' lang='lat' dir='ltr'><strong>celsitudines,</strong></span> 
     </span>
    </p>
   </div>
   <div class='ocr_carea' id='block_1_59' title="bbox 290 3954 1867 4037">
    <p class='ocr_par' dir='ltr' id='par_1_59' title="bbox 290 3954 1867 4037">
     <span class='ocr_line' id='line_1_60' title="bbox 290 3954 1867 4037; baseline 0.011 -32"><span class='ocrx_word' id='word_1_419' title='bbox 290 3968 414 4021; x_wconf 69' lang='lat' dir='ltr'><strong>quae</strong></span> <span class='ocrx_word' id='word_1_420' title='bbox 452 3954 766 4008; x_wconf 87' lang='lat' dir='ltr'><strong>ascendunt</strong></span> <span class='ocrx_word' id='word_1_421' title='bbox 819 3971 996 4026; x_wconf 89' lang='lat' dir='ltr'><strong>usque</strong></span> <span class='ocrx_word' id='word_1_422' title='bbox 1045 3959 1113 4012; x_wconf 88' lang='lat' dir='ltr'><strong>ad</strong></span> <span class='ocrx_word' id='word_1_423' title='bbox 1158 3960 1477 4019; x_wconf 88' lang='lat' dir='ltr'><strong>altitudines</strong></span> <span class='ocrx_word' id='word_1_424' title='bbox 1527 3969 1867 4037; x_wconf 79' lang='lat' dir='ltr'><strong>angelorum.</strong></span> 
     </span>
    </p>
   </div>
   <div class='ocr_carea' id='block_1_60' title="bbox 292 4043 1875 4128">
    <p class='ocr_par' dir='ltr' id='par_1_60' title="bbox 292 4043 1875 4128">
     <span class='ocr_line' id='line_1_61' title="bbox 292 4043 1875 4128; baseline 0.011 -31"><span class='ocrx_word' id='word_1_425' title='bbox 292 4043 441 4097; x_wconf 84' lang='lat' dir='ltr'><strong>Folia</strong></span> <span class='ocrx_word' id='word_1_426' title='bbox 483 4055 662 4099; x_wconf 88' lang='lat' dir='ltr'><strong>autem</strong></span> <span class='ocrx_word' id='word_1_427' title='bbox 698 4062 819 4114; x_wconf 71' lang='lat' dir='ltr'><strong>qua:</strong></span> <span class='ocrx_word' id='word_1_428' title='bbox 847 4049 1226 4115; x_wconf 84' lang='lat' dir='ltr'><strong>germinarunt</strong></span> <span class='ocrx_word' id='word_1_429' title='bbox 1249 4090 1264 4113; x_wconf 92' lang='lat'><strong>,</strong></span> <span class='ocrx_word' id='word_1_430' title='bbox 1297 4060 1352 4108; x_wconf 90' lang='lat' dir='ltr'><strong>et</strong></span> <span class='ocrx_word' id='word_1_431' title='bbox 1380 4070 1501 4124; x_wconf 67' lang='lat' dir='ltr'><strong>quae</strong></span> <span class='ocrx_word' id='word_1_432' title='bbox 1533 4058 1720 4126; x_wconf 90' lang='lat' dir='ltr'><strong>quieto</strong></span> <span class='ocrx_word' id='word_1_433' title='bbox 1758 4059 1875 4128; x_wconf 88' lang='lat' dir='ltr'><strong>spi-</strong></span> 
     </span>
    </p>
   </div>
   <div class='ocr_carea' id='block_1_61' title="bbox 291 4136 1870 4222">
    <p class='ocr_par' dir='ltr' id='par_1_61' title="bbox 291 4136 1870 4222">
     <span class='ocr_line' id='line_1_62' title="bbox 291 4136 1870 4222; baseline 0.012 -34"><span class='ocrx_word' id='word_1_434' title='bbox 291 4138 399 4189; x_wconf 90' lang='lat' dir='ltr'><strong>ritu</strong></span> <span class='ocrx_word' id='word_1_435' title='bbox 443 4137 670 4205; x_wconf 84' lang='lat' dir='ltr'><strong>pulchre</strong></span> <span class='ocrx_word' id='word_1_436' title='bbox 709 4136 762 4191; x_wconf 92' lang='lat' dir='ltr'><strong>in</strong></span> <span class='ocrx_word' id='word_1_437' title='bbox 808 4139 979 4193; x_wconf 88' lang='lat' dir='ltr'><strong>ramis</strong></span> <span class='ocrx_word' id='word_1_438' title='bbox 1020 4142 1362 4211; x_wconf 87' lang='lat' dir='ltr'><strong>quatiuntur,</strong></span> <span class='ocrx_word' id='word_1_439' title='bbox 1411 4155 1544 4202; x_wconf 88' lang='lat' dir='ltr'><strong>sunt</strong></span> <span class='ocrx_word' id='word_1_440' title='bbox 1583 4151 1870 4222; x_wconf 79' lang='lat' dir='ltr'><strong>multiplex</strong></span> 
     </span>
    </p>
   </div>
   <div class='ocr_carea' id='block_1_62' title="bbox 291 4226 1872 4311">
    <p class='ocr_par' dir='ltr' id='par_1_62' title="bbox 291 4226 1872 4311">
     <span class='ocr_line' id='line_1_63' title="bbox 291 4226 1872 4311; baseline 0.011 -32"><span class='ocrx_word' id='word_1_441' title='bbox 291 4226 601 4280; x_wconf 88' lang='lat' dir='ltr'><strong>divinarum</strong></span> <span class='ocrx_word' id='word_1_442' title='bbox 632 4227 895 4282; x_wconf 88' lang='lat' dir='ltr'><strong>virtutum</strong></span> <span class='ocrx_word' id='word_1_443' title='bbox 923 4239 1185 4294; x_wconf 89' lang='lat' dir='ltr'><strong>ornatus,</strong></span> <span class='ocrx_word' id='word_1_444' title='bbox 1219 4249 1341 4302; x_wconf 70' lang='lat' dir='ltr'><strong>quae</strong></span> <span class='ocrx_word' id='word_1_445' title='bbox 1369 4237 1533 4292; x_wconf 89' lang='lat' dir='ltr'><strong>simul</strong></span> <span class='ocrx_word' id='word_1_446' title='bbox 1561 4241 1872 4311; x_wconf 75' lang='lat' dir='ltr'><strong>germinant</strong></span> 
     </span>
    </p>
   </div>
   <div class='ocr_carea' id='block_1_63' title="bbox 292 4316 1868 4392">
    <p class='ocr_par' dir='ltr' id='par_1_63' title="bbox 292 4316 1868 4392">
     <span class='ocr_line' id='line_1_64' title="bbox 292 4316 1868 4392; baseline 0.016 -27"><span class='ocrx_word' id='word_1_447' title='bbox 292 4330 416 4368; x_wconf 76' lang='lat' dir='ltr'><strong>cum</strong></span> <span class='ocrx_word' id='word_1_448' title='bbox 451 4319 667 4386; x_wconf 91' lang='lat' dir='ltr'><strong>spiritu.</strong></span> <span class='ocrx_word' id='word_1_449' title='bbox 704 4316 829 4374; x_wconf 72' lang='lat' dir='ltr'><strong>Haec</strong></span> <span class='ocrx_word' id='word_1_450' title='bbox 856 4322 1040 4376; x_wconf 86' lang='lat' dir='ltr'><strong>omnia</strong></span> <span class='ocrx_word' id='word_1_451' title='bbox 1072 4324 1362 4392; x_wconf 89' lang='lat' dir='ltr'><strong>possidens</strong></span> <span class='ocrx_word' id='word_1_452' title='bbox 1383 4367 1398 4392; x_wconf 93' lang='lat'><strong>,</strong></span> <span class='ocrx_word' id='word_1_453' title='bbox 1435 4340 1491 4384; x_wconf 83' lang='lat' dir='ltr'><strong>et</strong></span> <span class='ocrx_word' id='word_1_454' title='bbox 1519 4346 1645 4386; x_wconf 92' lang='lat' dir='ltr'><strong>cum</strong></span> <span class='ocrx_word' id='word_1_455' title='bbox 1675 4347 1868 4390; x_wconf 86' lang='lat' dir='ltr'><strong>eorum</strong></span> 
     </span>
    </p>
   </div>
   <div class='ocr_carea' id='block_1_64' title="bbox 296 4406 1867 4489">
    <p class='ocr_par' dir='ltr' id='par_1_64' title="bbox 296 4406 1867 4489">
     <span class='ocr_line' id='line_1_65' title="bbox 296 4406 1867 4489; baseline 0.015 -30"><span class='ocrx_word' id='word_1_456' title='bbox 296 4406 556 4465; x_wconf 79' lang='lat' dir='ltr'><strong>fruitinne</strong></span> <span class='ocrx_word' id='word_1_457' title='bbox 598 4413 885 4481; x_wconf 80' lang='lat' dir='ltr'><strong>gloriarer,</strong></span> <span class='ocrx_word' id='word_1_458' title='bbox 935 4424 1223 4486; x_wconf 90' lang='lat' dir='ltr'><strong>propterea</strong></span> <span class='ocrx_word' id='word_1_459' title='bbox 1274 4422 1423 4489; x_wconf 88' lang='lat' dir='ltr'><strong>quod</strong></span> <span class='ocrx_word' id='word_1_460' title='bbox 1479 4423 1696 4480; x_wconf 91' lang='lat' dir='ltr'><strong>vineam</strong></span> <span class='ocrx_word' id='word_1_461' title='bbox 1757 4441 1867 4482; x_wconf 89' lang='lat' dir='ltr'><strong>non</strong></span> 
     </span>
    </p>
   </div>
   <div class='ocr_carea' id='block_1_65' title="bbox 292 4502 1868 4587">
    <p class='ocr_par' dir='ltr' id='par_1_65' title="bbox 292 4502 1868 4587">
     <span class='ocr_line' id='line_1_66' title="bbox 292 4502 1868 4587; baseline 0.013 -32"><span class='ocrx_word' id='word_1_462' title='bbox 292 4502 603 4565; x_wconf 70' lang='lat' dir='ltr'><strong>custodiri,</strong></span> <span class='ocrx_word' id='word_1_463' title='bbox 656 4504 802 4557; x_wconf 80' lang='lat' dir='ltr'><strong>facta</strong></span> <span class='ocrx_word' id='word_1_464' title='bbox 857 4522 977 4561; x_wconf 90' lang='lat' dir='ltr'><strong>sum</strong></span> <span class='ocrx_word' id='word_1_465' title='bbox 1034 4510 1226 4580; x_wconf 76' lang='lat' dir='ltr'><strong>nigra,</strong></span> <span class='ocrx_word' id='word_1_466' title='bbox 1267 4521 1322 4568; x_wconf 93' lang='lat' dir='ltr'><strong>et</strong></span> <span class='ocrx_word' id='word_1_467' title='bbox 1360 4515 1496 4569; x_wconf 85' lang='lat' dir='ltr'><strong>vitio</strong></span> <span class='ocrx_word' id='word_1_468' title='bbox 1542 4532 1573 4571; x_wconf 90' lang='lat' dir='ltr'><strong>a</strong></span> <span class='ocrx_word' id='word_1_469' title='bbox 1629 4517 1868 4587; x_wconf 89' lang='lat' dir='ltr'><strong>puritate</strong></span> 
     </span>
    </p>
   </div>
   <div class='ocr_carea' id='block_1_66' title="bbox 295 4597 1869 4674">
    <p class='ocr_par' dir='ltr' id='par_1_66' title="bbox 295 4597 1869 4674">
     <span class='ocr_line' id='line_1_67' title="bbox 295 4597 1869 4674; baseline 0.016 -26"><span class='ocrx_word' id='word_1_470' title='bbox 295 4598 443 4664; x_wconf 84' lang='lat' dir='ltr'><strong>lapsa</strong></span> <span class='ocrx_word' id='word_1_471' title='bbox 467 4635 480 4659; x_wconf 94' lang='lat'><strong>,</strong></span> <span class='ocrx_word' id='word_1_472' title='bbox 522 4597 751 4651; x_wconf 83' lang='lat' dir='ltr'><strong>formam</strong></span> <span class='ocrx_word' id='word_1_473' title='bbox 784 4600 938 4654; x_wconf 91' lang='lat' dir='ltr'><strong>indui</strong></span> <span class='ocrx_word' id='word_1_474' title='bbox 976 4613 1148 4659; x_wconf 89' lang='lat' dir='ltr'><strong>atram</strong></span> <span class='ocrx_word' id='word_1_475' title='bbox 1177 4615 1230 4662; x_wconf 91' lang='lat' dir='ltr'><strong>et</strong></span> <span class='ocrx_word' id='word_1_476' title='bbox 1257 4611 1683 4668; x_wconf 88' lang='lat' dir='ltr'><strong>tenebricosam.</strong></span> <span class='ocrx_word' id='word_1_477' title='bbox 1722 4615 1869 4674; x_wconf 90' lang='lat' dir='ltr'><strong>Talis</strong></span> 
     </span>
    </p>
   </div>
   <div class='ocr_carea' id='block_1_67' title="bbox 290 4685 1869 4778">
    <p class='ocr_par' dir='ltr' id='par_1_67' title="bbox 290 4685 1869 4778">
     <span class='ocr_line' id='line_1_68' title="bbox 290 4685 1869 4778; baseline 0.016 -40"><span class='ocrx_word' id='word_1_478' title='bbox 290 4685 436 4738; x_wconf 88' lang='lat' dir='ltr'><strong>enim</strong></span> <span class='ocrx_word' id='word_1_479' title='bbox 462 4686 650 4739; x_wconf 75' lang='lat' dir='ltr'><strong>forma:</strong></span> <span class='ocrx_word' id='word_1_480' title='bbox 670 4697 755 4741; x_wconf 89' lang='lat' dir='ltr'><strong>est</strong></span> <span class='ocrx_word' id='word_1_481' title='bbox 774 4691 959 4746; x_wconf 88' lang='lat' dir='ltr'><strong>tunica</strong></span> <span class='ocrx_word' id='word_1_482' title='bbox 984 4696 1230 4763; x_wconf 89' lang='lat' dir='ltr'><strong>pellicea.</strong></span> <span class='ocrx_word' id='word_1_483' title='bbox 1250 4697 1409 4755; x_wconf 88' lang='lat' dir='ltr'><strong>Nunc</strong></span> <span class='ocrx_word' id='word_1_484' title='bbox 1434 4710 1615 4759; x_wconf 89' lang='lat' dir='ltr'><strong>autem</strong></span> <span class='ocrx_word' id='word_1_485' title='bbox 1644 4716 1869 4778; x_wconf 86' lang='lat' dir='ltr'><strong>propter</strong></span> 
     </span>
    </p>
   </div>
   <div class='ocr_carea' id='block_1_68' title="bbox 292 4777 1868 4867">
    <p class='ocr_par' dir='ltr' id='par_1_68' title="bbox 292 4777 1868 4867">
     <span class='ocr_line' id='line_1_69' title="bbox 292 4777 1868 4867; baseline 0.017 -39"><span class='ocrx_word' id='word_1_486' title='bbox 292 4777 679 4832; x_wconf 68' lang='lat' dir='ltr'><strong>rectilutlinem</strong></span> <span class='ocrx_word' id='word_1_487' title='bbox 704 4797 824 4849; x_wconf 68' lang='lat' dir='ltr'><strong>quae</strong></span> <span class='ocrx_word' id='word_1_488' title='bbox 853 4799 936 4838; x_wconf 91' lang='lat' dir='ltr'><strong>me</strong></span> <span class='ocrx_word' id='word_1_489' title='bbox 965 4802 1158 4844; x_wconf 91' lang='lat' dir='ltr'><strong>rursus</strong></span> <span class='ocrx_word' id='word_1_490' title='bbox 1180 4789 1390 4855; x_wconf 85' lang='lat' dir='ltr'><strong>dilexit,</strong></span> <span class='ocrx_word' id='word_1_491' title='bbox 1417 4792 1608 4850; x_wconf 74' lang='lat' dir='ltr'><strong>effecta</strong></span> <span class='ocrx_word' id='word_1_492' title='bbox 1641 4777 1868 4867; x_wconf 86' lang='lat' dir='ltr'><strong>pulchra</strong></span> 
     </span>
    </p>
   </div>
   <div class='ocr_carea' id='block_1_69' title="bbox 291 4869 1870 4958">
    <p class='ocr_par' dir='ltr' id='par_1_69' title="bbox 291 4869 1870 4958">
     <span class='ocr_line' id='line_1_70' title="bbox 291 4869 1870 4958; baseline 0.016 -37"><span class='ocrx_word' id='word_1_493' title='bbox 291 4876 345 4921; x_wconf 86' lang='lat' dir='ltr'><strong>et</strong></span> <span class='ocrx_word' id='word_1_494' title='bbox 385 4869 694 4935; x_wconf 83' lang='lat' dir='ltr'><strong>luminosa,</strong></span> <span class='ocrx_word' id='word_1_495' title='bbox 734 4885 1044 4944; x_wconf 88' lang='lat' dir='ltr'><strong>suspectam</strong></span> <span class='ocrx_word' id='word_1_496' title='bbox 1095 4879 1269 4935; x_wconf 85' lang='lat' dir='ltr'><strong>habeo</strong></span> <span class='ocrx_word' id='word_1_497' title='bbox 1319 4899 1493 4939; x_wconf 87' lang='lat' dir='ltr'><strong>meam</strong></span> <span class='ocrx_word' id='word_1_498' title='bbox 1532 4890 1870 4958; x_wconf 85' lang='lat' dir='ltr'><strong>prosperita-</strong></span> 
     </span>
    </p>
   </div>
   <div class='ocr_carea' id='block_1_70' title="bbox 295 4968 1867 5053">
    <p class='ocr_par' dir='ltr' id='par_1_70' title="bbox 295 4968 1867 5053">
     <span class='ocr_line' id='line_1_71' title="bbox 295 4968 1867 5053; baseline 0.017 -40"><span class='ocrx_word' id='word_1_499' title='bbox 295 4971 424 5023; x_wconf 89' lang='lat' dir='ltr'><strong>tem,</strong></span> <span class='ocrx_word' id='word_1_500' title='bbox 457 4979 525 5018; x_wconf 92' lang='lat' dir='ltr'><strong>ne</strong></span> <span class='ocrx_word' id='word_1_501' title='bbox 556 4980 751 5020; x_wconf 88' lang='lat' dir='ltr'><strong>rursus</strong></span> <span class='ocrx_word' id='word_1_502' title='bbox 781 4968 1004 5037; x_wconf 86' lang='lat' dir='ltr'><strong>perdam</strong></span> <span class='ocrx_word' id='word_1_503' title='bbox 1036 4972 1526 5041; x_wconf 89' lang='lat' dir='ltr'><strong>pulchritudinem,</strong></span> <span class='ocrx_word' id='word_1_504' title='bbox 1568 4996 1665 5049; x_wconf 87' lang='lat' dir='ltr'><strong>per</strong></span> <span class='ocrx_word' id='word_1_505' title='bbox 1707 4982 1867 5053; x_wconf 76' lang='lat' dir='ltr'><strong>igno-</strong></span> 
     </span>
    </p>
   </div>
   <div class='ocr_carea' id='block_1_71' title="bbox 292 5057 1861 5135">
    <p class='ocr_par' dir='ltr' id='par_1_71' title="bbox 292 5057 1861 5135">
     <span class='ocr_line' id='line_1_72' title="bbox 292 5057 1861 5135; baseline 0.017 -29"><span class='ocrx_word' id='word_1_506' title='bbox 292 5057 526 5110; x_wconf 86' lang='lat' dir='ltr'><strong>rantiam</strong></span> <span class='ocrx_word' id='word_1_507' title='bbox 545 5074 655 5112; x_wconf 91' lang='lat' dir='ltr'><strong>non</strong></span> <span class='ocrx_word' id='word_1_508' title='bbox 676 5071 927 5115; x_wconf 83' lang='lat' dir='ltr'><strong>assecuta</strong></span> <span class='ocrx_word' id='word_1_509' title='bbox 945 5063 1164 5117; x_wconf 90' lang='lat' dir='ltr'><strong>modum</strong></span> <span class='ocrx_word' id='word_1_510' title='bbox 1183 5068 1305 5135; x_wconf 85' lang='lat' dir='ltr'><strong>ejus</strong></span> <span class='ocrx_word' id='word_1_511' title='bbox 1329 5075 1447 5125; x_wconf 91' lang='lat' dir='ltr'><strong>tuto</strong></span> <span class='ocrx_word' id='word_1_512' title='bbox 1465 5074 1861 5132; x_wconf 72' lang='lat' dir='ltr'><strong>custodiendtc.</strong></span> 
     </span>
    </p>
   </div>
   <div class='ocr_carea' id='block_1_72' title="bbox 363 5149 1868 5232">
    <p class='ocr_par' dir='ltr' id='par_1_72' title="bbox 363 5149 1868 5232">
     <span class='ocr_line' id='line_1_73' title="bbox 363 5149 1868 5232; baseline 0.015 -32"><span class='ocrx_word' id='word_1_513' title='bbox 363 5149 657 5221; x_wconf 83' lang='lat' dir='ltr'><strong>Propterea</strong></span> <span class='ocrx_word' id='word_1_514' title='bbox 718 5169 946 5211; x_wconf 92' lang='lat' dir='ltr'><strong>cessans</strong></span> <span class='ocrx_word' id='word_1_515' title='bbox 1002 5157 1150 5227; x_wconf 92' lang='lat' dir='ltr'><strong>loqui</strong></span> <span class='ocrx_word' id='word_1_516' title='bbox 1210 5173 1335 5214; x_wconf 90' lang='lat' dir='ltr'><strong>cum</strong></span> <span class='ocrx_word' id='word_1_517' title='bbox 1402 5161 1868 5232; x_wconf 87' lang='lat' dir='ltr'><strong>adolescentulis,</strong></span> 
     </span>
    </p>
   </div>
   <div class='ocr_carea' id='block_1_73' title="bbox 292 5241 1873 5321">
    <p class='ocr_par' dir='ltr' id='par_1_73' title="bbox 292 5241 1873 5321">
     <span class='ocr_line' id='line_1_74' title="bbox 292 5241 1873 5321; baseline 0.016 -30"><span class='ocrx_word' id='word_1_518' title='bbox 292 5241 436 5295; x_wconf 77' lang='lat' dir='ltr'><strong>votis</strong></span> <span class='ocrx_word' id='word_1_519' title='bbox 492 5253 717 5299; x_wconf 88' lang='lat' dir='ltr'><strong>revocat</strong></span> <span class='ocrx_word' id='word_1_520' title='bbox 756 5262 1056 5317; x_wconf 90' lang='lat' dir='ltr'><strong>sponsum,</strong></span> <span class='ocrx_word' id='word_1_521' title='bbox 1093 5248 1142 5304; x_wconf 88' lang='lat' dir='ltr'><strong>ei</strong></span> <span class='ocrx_word' id='word_1_522' title='bbox 1184 5267 1344 5321; x_wconf 82' lang='lat' dir='ltr'><strong>quem</strong></span> <span class='ocrx_word' id='word_1_523' title='bbox 1386 5254 1735 5314; x_wconf 87' lang='lat' dir='ltr'><strong>desiderabat</strong></span> <span class='ocrx_word' id='word_1_524' title='bbox 1770 5277 1873 5315; x_wconf 89' lang='lat' dir='ltr'><strong>no-</strong></span> 
     </span>
    </p>
   </div>
   <div class='ocr_carea' id='block_1_74' title="bbox 293 5331 1871 5416">
    <p class='ocr_par' dir='ltr' id='par_1_74' title="bbox 293 5331 1871 5416">
     <span class='ocr_line' id='line_1_75' title="bbox 293 5331 1871 5416; baseline 0.015 -32"><span class='ocrx_word' id='word_1_525' title='bbox 293 5331 441 5387; x_wconf 79' lang='lat' dir='ltr'><strong>trine</strong></span> <span class='ocrx_word' id='word_1_526' title='bbox 467 5332 640 5390; x_wconf 91' lang='lat' dir='ltr'><strong>indito</strong></span> <span class='ocrx_word' id='word_1_527' title='bbox 668 5353 733 5393; x_wconf 83' lang='lat' dir='ltr'><strong>ex</strong></span> <span class='ocrx_word' id='word_1_528' title='bbox 766 5352 866 5394; x_wconf 89' lang='lat' dir='ltr'><strong>sua</strong></span> <span class='ocrx_word' id='word_1_529' title='bbox 900 5340 954 5394; x_wconf 90' lang='lat' dir='ltr'><strong>in</strong></span> <span class='ocrx_word' id='word_1_530' title='bbox 988 5341 1168 5413; x_wconf 91' lang='lat' dir='ltr'><strong>ipsum</strong></span> <span class='ocrx_word' id='word_1_531' title='bbox 1204 5342 1515 5404; x_wconf 81' lang='lat' dir='ltr'><strong>aﬂ‘ectione.</strong></span> <span class='ocrx_word' id='word_1_532' title='bbox 1550 5350 1693 5416; x_wconf 87' lang='lat' dir='ltr'><strong>Quid</strong></span> <span class='ocrx_word' id='word_1_533' title='bbox 1724 5352 1871 5407; x_wconf 90' lang='lat' dir='ltr'><strong>enim</strong></span> 
     </span>
    </p>
   </div>
   <div class='ocr_carea' id='block_1_75' title="bbox 292 5421 1864 5512">
    <p class='ocr_par' dir='ltr' id='par_1_75' title="bbox 292 5421 1864 5512">
     <span class='ocr_line' id='line_1_76' title="bbox 292 5421 1864 5512; baseline 0.017 -38"><span class='ocrx_word' id='word_1_534' title='bbox 292 5421 474 5477; x_wconf 80' lang='lat' dir='ltr'><strong>dicit?</strong></span> <span class='ocrx_word' id='word_1_535' title='bbox 529 5424 794 5484; x_wconf 78' lang='lat' dir='ltr'><strong>Renuntia</strong></span> <span class='ocrx_word' id='word_1_536' title='bbox 847 5433 997 5499; x_wconf 85' lang='lat' dir='ltr'><strong>mihi,</strong></span> <span class='ocrx_word' id='word_1_537' title='bbox 1047 5452 1199 5506; x_wconf 86' lang='lat' dir='ltr'><strong>quem</strong></span> <span class='ocrx_word' id='word_1_538' title='bbox 1235 5437 1415 5511; x_wconf 82' lang='lat' dir='ltr'><strong>diligit</strong></span> <span class='ocrx_word' id='word_1_539' title='bbox 1481 5444 1664 5500; x_wconf 86' lang='lat' dir='ltr'><strong>anima</strong></span> <span class='ocrx_word' id='word_1_540' title='bbox 1713 5462 1864 5512; x_wconf 83' lang='lat' dir='ltr'><strong>mea,</strong></span> 
     </span>
    </p>
   </div>
   <div class='ocr_carea' id='block_1_76' title="bbox 291 5515 1872 5608">
    <p class='ocr_par' dir='ltr' id='par_1_76' title="bbox 291 5515 1872 5608">
     <span class='ocr_line' id='line_1_77' title="bbox 291 5515 1872 5608; baseline 0.015 -40"><span class='ocrx_word' id='word_1_541' title='bbox 291 5515 381 5568; x_wconf 72' lang='lat' dir='ltr'><strong>ubi</strong></span> <span class='ocrx_word' id='word_1_542' title='bbox 415 5532 626 5584; x_wconf 82' lang='lat' dir='ltr'><strong>pascas,</strong></span> <span class='ocrx_word' id='word_1_543' title='bbox 682 5520 770 5573; x_wconf 85' lang='lat' dir='ltr'><strong>ubi</strong></span> <span class='ocrx_word' id='word_1_544' title='bbox 802 5524 956 5578; x_wconf 78' lang='lat' dir='ltr'><strong>cubes</strong></span> <span class='ocrx_word' id='word_1_545' title='bbox 1004 5527 1058 5581; x_wconf 86' lang='lat' dir='ltr'><strong>in</strong></span> <span class='ocrx_word' id='word_1_546' title='bbox 1111 5531 1369 5588; x_wconf 78' lang='lat' dir='ltr'><strong>meridie:</strong></span> <span class='ocrx_word' id='word_1_547' title='bbox 1400 5535 1697 5605; x_wconf 82' lang='lat' dir='ltr'><strong>nequando</strong></span> <span class='ocrx_word' id='word_1_548' title='bbox 1744 5538 1872 5608; x_wconf 83' lang='lat' dir='ltr'><strong>[ium</strong></span> 
     </span>
    </p>
   </div>
   <div class='ocr_carea' id='block_1_77' title="bbox 377 5696 954 5774">
    <p class='ocr_par' dir='ltr' id='par_1_77' title="bbox 377 5696 954 5774">
     <span class='ocr_line' id='line_1_78' title="bbox 377 5696 954 5774; baseline 0.007 -21"><span class='ocrx_word' id='word_1_549' title='bbox 377 5697 424 5729; x_wconf 84' lang='lat'>&quot;</span> <span class='ocrx_word' id='word_1_550' title='bbox 444 5696 648 5755; x_wconf 83' lang='lat' dir='ltr'><strong>Thren.</strong></span> <span class='ocrx_word' id='word_1_551' title='bbox 680 5715 739 5768; x_wconf 84' lang='lat' dir='ltr'><strong>ll,</strong></span> <span class='ocrx_word' id='word_1_552' title='bbox 777 5701 796 5754; x_wconf 87' lang='grc'><strong>1</strong></span> <span class='ocrx_word' id='word_1_553' title='bbox 834 5717 954 5774; x_wconf 83' lang='lat' dir='ltr'><strong>sqq.</strong></span> 
     </span>
    </p>
   </div>
   <div class='ocr_carea' id='block_1_78' title="bbox 1971 1782 3564 1866">
    <p class='ocr_par' dir='ltr' id='par_1_78' title="bbox 1971 1782 3564 1866">
     <span class='ocr_line' id='line_1_79' title="bbox 1971 1782 3564 1866; baseline -0.009 -15"><span class='ocrx_word' id='word_1_554' title='bbox 1971 1798 2079 1852; x_wconf 89' lang='grc' dir='ltr'><strong>θῶν</strong></span> <span class='ocrx_word' id='word_1_555' title='bbox 2119 1795 2477 1866; x_wconf 85' lang='grc' dir='ltr'>καθαρεῦσαι.</span> <span class='ocrx_word' id='word_1_556' title='bbox 2526 1792 2709 1846; x_wconf 90' lang='grc' dir='ltr'>Ταῦτα</span> <span class='ocrx_word' id='word_1_557' title='bbox 2741 1787 2833 1845; x_wconf 86' lang='grc' dir='ltr'><strong>οὖν</strong></span> <span class='ocrx_word' id='word_1_558' title='bbox 2858 1792 2892 1862; x_wconf 76' lang='grc' dir='ltr'>ἡ</span> <span class='ocrx_word' id='word_1_559' title='bbox 2938 1790 3127 1858; x_wconf 81' lang='grc' dir='ltr'>νύμφη</span> <span class='ocrx_word' id='word_1_560' title='bbox 3160 1784 3440 1857; x_wconf 85' lang='grc' dir='ltr'>ὀδύρεται,</span> <span class='ocrx_word' id='word_1_561' title='bbox 3476 1782 3564 1838; x_wconf 83' lang='grc' dir='ltr'>λέ-</span> 
     </span>
    </p>
   </div>
   <div class='ocr_carea' id='block_1_79' title="bbox 1969 1874 3567 1959">
    <p class='ocr_par' dir='ltr' id='par_1_79' title="bbox 1969 1874 3567 1959">
     <span class='ocr_line' id='line_1_80' title="bbox 1969 1874 3567 1959; baseline -0.008 -17"><span class='ocrx_word' id='word_1_562' title='bbox 1969 1906 2141 1959; x_wconf 88' lang='grc' dir='ltr'>γουσα</span> <span class='ocrx_word' id='word_1_563' title='bbox 2162 1928 2176 1951; x_wconf 94' lang='grc'><strong>,</strong></span> <span class='ocrx_word' id='word_1_564' title='bbox 2211 1890 2293 1942; x_wconf 86' lang='grc' dir='ltr'>ὃτι</span> <span class='ocrx_word' id='word_1_565' title='bbox 2345 1886 2444 1939; x_wconf 81' lang='grc' dir='ltr'><strong>Διὰ</strong></span> <span class='ocrx_word' id='word_1_566' title='bbox 2473 1883 2633 1938; x_wconf 89' lang='grc' dir='ltr'>τοῦτο</span> <span class='ocrx_word' id='word_1_567' title='bbox 2677 1881 2943 1953; x_wconf 77' lang='grc' dir='ltr'>ἐγενόμην</span> <span class='ocrx_word' id='word_1_568' title='bbox 2977 1879 3226 1951; x_wconf 87' lang='grc' dir='ltr'>μέλαινα,</span> <span class='ocrx_word' id='word_1_569' title='bbox 3271 1876 3471 1947; x_wconf 77' lang='grc' dir='ltr'>ἐπειδὴ</span> <span class='ocrx_word' id='word_1_570' title='bbox 3499 1874 3567 1931; x_wconf 77' lang='grc' dir='ltr'>τὰ</span> 
     </span>
    </p>
   </div>
   <div class='ocr_carea' id='block_1_80' title="bbox 1969 1969 3566 2049">
    <p class='ocr_par' dir='ltr' id='par_1_80' title="bbox 1969 1969 3566 2049">
     <span class='ocr_line' id='line_1_81' title="bbox 1969 1969 3566 2049; baseline -0.009 -15"><span class='ocrx_word' id='word_1_571' title='bbox 1969 1979 2185 2046; x_wconf 75' lang='grc' dir='ltr'>ζιζάνια</span> <span class='ocrx_word' id='word_1_572' title='bbox 2214 1978 2306 2032; x_wconf 90' lang='grc' dir='ltr'><strong>τοῦ</strong></span> <span class='ocrx_word' id='word_1_573' title='bbox 2353 1975 2571 2049; x_wconf 79' lang='grc' dir='ltr'>ἐχθροῦ,</span> <span class='ocrx_word' id='word_1_574' title='bbox 2618 1974 2712 2029; x_wconf 75' lang='grc' dir='ltr'>καὶ</span> <span class='ocrx_word' id='word_1_575' title='bbox 2744 1972 2841 2034; x_wconf 84' lang='grc' dir='ltr'><strong>τὰς</strong></span> <span class='ocrx_word' id='word_1_576' title='bbox 2872 1972 3112 2043; x_wconf 78' lang='grc' dir='ltr'>πονηρὰς</span> <span class='ocrx_word' id='word_1_577' title='bbox 3141 1970 3321 2024; x_wconf 77' lang='grc' dir='ltr'>αὐτῶν</span> <span class='ocrx_word' id='word_1_578' title='bbox 3352 1969 3566 2038; x_wconf 84' lang='grc' dir='ltr'>κλημα-</span> 
     </span>
    </p>
   </div>
   <div class='ocr_carea' id='block_1_81' title="bbox 1968 2057 3566 2139">
    <p class='ocr_par' dir='ltr' id='par_1_81' title="bbox 1968 2057 3566 2139">
     <span class='ocr_line' id='line_1_82' title="bbox 1968 2057 3566 2139; baseline -0.009 -14"><span class='ocrx_word' id='word_1_579' title='bbox 1968 2069 2115 2136; x_wconf 86' lang='grc' dir='ltr'>τίδας</span> <span class='ocrx_word' id='word_1_580' title='bbox 2146 2068 2494 2139; x_wconf 71' lang='grc' dir='ltr'>φυλάσσουσα</span> <span class='ocrx_word' id='word_1_581' title='bbox 2533 2082 2595 2119; x_wconf 91' lang='grc' dir='ltr'><strong>τε</strong></span> <span class='ocrx_word' id='word_1_582' title='bbox 2624 2064 2719 2118; x_wconf 78' lang='grc' dir='ltr'>καὶ</span> <span class='ocrx_word' id='word_1_583' title='bbox 2751 2062 3109 2134; x_wconf 85' lang='grc' dir='ltr'>περιέπουσα,</span> <span class='ocrx_word' id='word_1_584' title='bbox 3139 2059 3229 2112; x_wconf 74' lang='grc' dir='ltr'><strong>τὸν</strong></span> <span class='ocrx_word' id='word_1_585' title='bbox 3260 2057 3566 2129; x_wconf 84' lang='grc' dir='ltr'>ἀμπελῶνα</span> 
     </span>
    </p>
   </div>
   <div class='ocr_carea' id='block_1_82' title="bbox 1967 2148 3567 2232">
    <p class='ocr_par' dir='ltr' id='par_1_82' title="bbox 1967 2148 3567 2232">
     <span class='ocr_line' id='line_1_83' title="bbox 1967 2148 3567 2232; baseline -0.009 -18"><span class='ocrx_word' id='word_1_586' title='bbox 1967 2161 2059 2214; x_wconf 75' lang='grc' dir='ltr'>τὸν</span> <span class='ocrx_word' id='word_1_587' title='bbox 2084 2161 2212 2232; x_wconf 62' lang='grc' dir='ltr'>ἒμδν</span> <span class='ocrx_word' id='word_1_588' title='bbox 2243 2160 2342 2213; x_wconf 82' lang='grc' dir='ltr'>οὐκ</span> <span class='ocrx_word' id='word_1_589' title='bbox 2368 2155 2631 2227; x_wconf 74' lang='grc' dir='ltr'>ἐφύλαξα.</span> <span class='ocrx_word' id='word_1_590' title='bbox 2670 2155 2736 2208; x_wconf 84' lang='grc' dir='ltr'><strong>Ὢ</strong></span> <span class='ocrx_word' id='word_1_591' title='bbox 2775 2153 2939 2206; x_wconf 90' lang='grc' dir='ltr'>πόσον</span> <span class='ocrx_word' id='word_1_592' title='bbox 2973 2153 3113 2205; x_wconf 88' lang='grc' dir='ltr'>κινεῖ</span> <span class='ocrx_word' id='word_1_593' title='bbox 3150 2148 3324 2213; x_wconf 80' lang='grc' dir='ltr'>πάθος</span> <span class='ocrx_word' id='word_1_594' title='bbox 3346 2151 3407 2202; x_wconf 80' lang='grc' dir='ltr'>ἐν</span> <span class='ocrx_word' id='word_1_595' title='bbox 3450 2151 3567 2212; x_wconf 80' lang='grc' dir='ltr'>τοῖς</span> 
     </span>
    </p>
   </div>
   <div class='ocr_carea' id='block_1_83' title="bbox 1968 2241 3567 2326">
    <p class='ocr_par' dir='ltr' id='par_1_83' title="bbox 1968 2241 3567 2326">
     <span class='ocr_line' id='line_1_84' title="bbox 1968 2241 3567 2326; baseline -0.011 -15"><span class='ocrx_word' id='word_1_596' title='bbox 1968 2252 2300 2326; x_wconf 70' lang='grc' dir='ltr'>αἰτίιητικῶς</span> <span class='ocrx_word' id='word_1_597' title='bbox 2333 2251 2639 2313; x_wconf 75' lang='grc' dir='ltr'>ἐπαΐουσιν,</span> <span class='ocrx_word' id='word_1_598' title='bbox 2686 2242 3039 2316; x_wconf 70' lang='grc' dir='ltr'>Ἀμπελῶνα</span> <span class='ocrx_word' id='word_1_599' title='bbox 3087 2241 3236 2313; x_wconf 81' lang='grc' dir='ltr'>ἐμόν</span> <span class='ocrx_word' id='word_1_600' title='bbox 3268 2243 3380 2295; x_wconf 82' lang='grc' dir='ltr'>οὐκ</span> <span class='ocrx_word' id='word_1_601' title='bbox 3417 2241 3567 2309; x_wconf 62' lang='grc' dir='ltr'><strong>ἐφύ-</strong></span> 
     </span>
    </p>
   </div>
   <div class='ocr_carea' id='block_1_84' title="bbox 1962 2332 3565 2417">
    <p class='ocr_par' dir='ltr' id='par_1_84' title="bbox 1962 2332 3565 2417">
     <span class='ocr_line' id='line_1_85' title="bbox 1962 2332 3565 2417; baseline -0.013 -13"><span class='ocrx_word' id='word_1_602' title='bbox 1962 2347 2159 2412; x_wconf 68' lang='lat' dir='ltr'><strong>Jac‘a!</strong></span> <span class='ocrx_word' id='word_1_603' title='bbox 2207 2345 2413 2417; x_wconf 83' lang='grc' dir='ltr'>Θρῆνος</span> <span class='ocrx_word' id='word_1_604' title='bbox 2466 2339 2724 2404; x_wconf 83' lang='grc' dir='ltr'>ἀντικρύς</span> <span class='ocrx_word' id='word_1_605' title='bbox 2777 2338 2923 2391; x_wconf 77' lang='grc' dir='ltr'>ἐστιν</span> <span class='ocrx_word' id='word_1_606' title='bbox 2970 2338 3002 2407; x_wconf 83' lang='grc' dir='ltr'><strong>ή</strong></span> <span class='ocrx_word' id='word_1_607' title='bbox 3056 2335 3228 2404; x_wconf 85' lang='grc' dir='ltr'>φωνὴ.</span> <span class='ocrx_word' id='word_1_608' title='bbox 3280 2335 3409 2396; x_wconf 79' lang='grc' dir='ltr'>τοὺς</span> <span class='ocrx_word' id='word_1_609' title='bbox 3455 2332 3565 2385; x_wconf 88' lang='grc' dir='ltr'><strong>τῶν</strong></span> 
     </span>
    </p>
   </div>
   <div class='ocr_carea' id='block_1_85' title="bbox 1968 2420 3568 2521">
    <p class='ocr_par' dir='ltr' id='par_1_85' title="bbox 1968 2420 3568 2521">
     <span class='ocr_line' id='line_1_86' title="bbox 1968 2420 3568 2521; baseline -0.012 -28"><span class='ocrx_word' id='word_1_610' title='bbox 1968 2436 2263 2510; x_wconf 83' lang='grc' dir='ltr'>προφητῶν</span> <span class='ocrx_word' id='word_1_611' title='bbox 2313 2431 2654 2502; x_wconf 82' lang='grc' dir='ltr'>στεναγμοὺς</span> <span class='ocrx_word' id='word_1_612' title='bbox 2702 2427 2868 2483; x_wconf 87' lang='grc' dir='ltr'>κινῶν</span> <span class='ocrx_word' id='word_1_613' title='bbox 2908 2429 2987 2491; x_wconf 80' lang='grc' dir='ltr'>εἰς</span> <span class='ocrx_word' id='word_1_614' title='bbox 3017 2424 3377 2521; x_wconf 73' lang='grc' dir='ltr'>συμπάθειαν.</span> <span class='ocrx_word' id='word_1_615' title='bbox 3436 2420 3568 2485; x_wconf 82' lang='grc' dir='ltr'><strong>Πῶς</strong></span> 
     </span>
    </p>
   </div>
   <div class='ocr_carea' id='block_1_86' title="bbox 1966 2518 3562 2597">
    <p class='ocr_par' dir='ltr' id='par_1_86' title="bbox 1966 2518 3562 2597">
     <span class='ocr_line' id='line_1_87' title="bbox 1966 2518 3562 2597; baseline -0.01 -14"><span class='ocrx_word' id='word_1_616' title='bbox 1966 2530 2183 2597; x_wconf 78' lang='grc' dir='ltr'>ἐγένετο</span> <span class='ocrx_word' id='word_1_617' title='bbox 2218 2526 2391 2597; x_wconf 84' lang='grc' dir='ltr'>πόρνη</span> <span class='ocrx_word' id='word_1_618' title='bbox 2415 2526 2449 2595; x_wconf 89' lang='grc' dir='ltr'><strong>ἡ</strong></span> <span class='ocrx_word' id='word_1_619' title='bbox 2483 2523 2638 2586; x_wconf 87' lang='grc' dir='ltr'>πόλις</span> <span class='ocrx_word' id='word_1_620' title='bbox 2667 2521 2834 2592; x_wconf 87' lang='grc' dir='ltr'>πιστὴ</span> <span class='ocrx_word' id='word_1_621' title='bbox 2868 2518 3005 2572; x_wconf 85' lang='grc' dir='ltr'>Σιὼν</span> <span class='ocrx_word' id='word_1_622' title='bbox 3038 2518 3250 2589; x_wconf 73' lang='grc' dir='ltr'>πλήρης</span> <span class='ocrx_word' id='word_1_623' title='bbox 3283 2518 3562 2586; x_wconf 75' lang='grc' dir='ltr'>κρίσεωςς</span> 
     </span>
    </p>
   </div>
   <div class='ocr_carea' id='block_1_87' title="bbox 1966 2607 3559 2686">
    <p class='ocr_par' dir='ltr' id='par_1_87' title="bbox 1966 2607 3559 2686">
     <span class='ocr_line' id='line_1_88' title="bbox 1966 2607 3559 2686; baseline -0.011 -11"><span class='ocrx_word' id='word_1_624' title='bbox 1966 2615 2448 2686; x_wconf 78' lang='grc' dir='ltr'>Πῶςκατελείφθη</span> <span class='ocrx_word' id='word_1_625' title='bbox 2487 2616 2520 2685; x_wconf 77' lang='grc' dir='ltr'><strong>ἡ</strong></span> <span class='ocrx_word' id='word_1_626' title='bbox 2567 2613 2811 2682; x_wconf 81' lang='grc' dir='ltr'>θυγάτηρ</span> <span class='ocrx_word' id='word_1_627' title='bbox 2845 2609 2981 2663; x_wconf 88' lang='grc' dir='ltr'>Σιὼν</span> <span class='ocrx_word' id='word_1_628' title='bbox 3008 2609 3084 2673; x_wconf 85' lang='grc' dir='ltr'>ὼς</span> <span class='ocrx_word' id='word_1_629' title='bbox 3123 2608 3297 2677; x_wconf 84' lang='grc' dir='ltr'>σκηνὴ</span> <span class='ocrx_word' id='word_1_630' title='bbox 3346 2608 3405 2659; x_wconf 82' lang='grc' dir='ltr'>ὲν</span> <span class='ocrx_word' id='word_1_631' title='bbox 3445 2607 3559 2675; x_wconf 82' lang='grc' dir='ltr'>ἀμ-</span> 
     </span>
    </p>
   </div>
   <div class='ocr_carea' id='block_1_88' title="bbox 1968 2696 3563 2771">
    <p class='ocr_par' dir='ltr' id='par_1_88' title="bbox 1968 2696 3563 2771">
     <span class='ocr_line' id='line_1_89' title="bbox 1968 2696 3563 2771; baseline -0.009 -9"><span class='ocrx_word' id='word_1_632' title='bbox 1968 2708 2205 2770; x_wconf 89' lang='grc' dir='ltr'>πελῶνι;</span> <span class='ocrx_word' id='word_1_633' title='bbox 2236 2705 2361 2768; x_wconf 87' lang='grc' dir='ltr'>Πῶς</span> <span class='ocrx_word' id='word_1_634' title='bbox 2393 2703 2614 2757; x_wconf 76' lang='grc' dir='ltr'>ἐκάθισε</span> <span class='ocrx_word' id='word_1_635' title='bbox 2649 2701 2784 2771; x_wconf 89' lang='grc' dir='ltr'>μόνη</span> <span class='ocrx_word' id='word_1_636' title='bbox 2810 2702 2844 2770; x_wconf 80' lang='grc' dir='ltr'><strong>ἡ</strong></span> <span class='ocrx_word' id='word_1_637' title='bbox 2888 2699 3061 2763; x_wconf 87' lang='grc' dir='ltr'>πόλις,</span> <span class='ocrx_word' id='word_1_638' title='bbox 3097 2699 3131 2768; x_wconf 85' lang='grc' dir='ltr'><strong>ή</strong></span> <span class='ocrx_word' id='word_1_639' title='bbox 3163 2696 3563 2768; x_wconf 82' lang='grc' dir='ltr'>πεπληθυμένη</span> 
     </span>
    </p>
   </div>
   <div class='ocr_carea' id='block_1_89' title="bbox 1967 2789 3563 2871">
    <p class='ocr_par' dir='ltr' id='par_1_89' title="bbox 1967 2789 3563 2871">
     <span class='ocr_line' id='line_1_90' title="bbox 1967 2789 3563 2871; baseline -0.01 -15"><span class='ocrx_word' id='word_1_640' title='bbox 1967 2801 2145 2868; x_wconf 86' lang='grc' dir='ltr'>λαῶν;</span> <span class='ocrx_word' id='word_1_641' title='bbox 2195 2800 2439 2871; x_wconf 83' lang='grc' dir='ltr'>ἄρχουσα</span> <span class='ocrx_word' id='word_1_642' title='bbox 2493 2795 2584 2847; x_wconf 74' lang='grc' dir='ltr'><strong>ἐπὶ</strong></span> <span class='ocrx_word' id='word_1_643' title='bbox 2645 2790 2872 2864; x_wconf 81' lang='grc' dir='ltr'>χώραις,</span> <span class='ocrx_word' id='word_1_644' title='bbox 2926 2790 3158 2861; x_wconf 80' lang='grc' dir='ltr'>ἐγενήθη</span> <span class='ocrx_word' id='word_1_645' title='bbox 3220 2791 3302 2852; x_wconf 84' lang='grc' dir='ltr'><strong>είς</strong></span> <span class='ocrx_word' id='word_1_646' title='bbox 3355 2789 3563 2859; x_wconf 76' lang='grc' dir='ltr'>φόρους</span> 
     </span>
    </p>
   </div>
   <div class='ocr_carea' id='block_1_90' title="bbox 1969 2881 3569 2964">
    <p class='ocr_par' dir='ltr' id='par_1_90' title="bbox 1969 2881 3569 2964">
     <span class='ocr_line' id='line_1_91' title="bbox 1969 2881 3569 2964; baseline -0.009 -16"><span class='ocrx_word' id='word_1_647' title='bbox 1969 2894 2093 2957; x_wconf 86' lang='grc' dir='ltr'>Πῶς</span> <span class='ocrx_word' id='word_1_648' title='bbox 2120 2889 2424 2964; x_wconf 69' lang='grc' dir='ltr'>ἠμαυρώθη</span> <span class='ocrx_word' id='word_1_649' title='bbox 2454 2888 2517 2941; x_wconf 75' lang='grc' dir='ltr'><strong>τὸ</strong></span> <span class='ocrx_word' id='word_1_650' title='bbox 2544 2884 2789 2957; x_wconf 83' lang='grc' dir='ltr'>χρυσίον,</span> <span class='ocrx_word' id='word_1_651' title='bbox 2820 2883 3084 2954; x_wconf 76' lang='grc' dir='ltr'>ἠλλοιώθη</span> <span class='ocrx_word' id='word_1_652' title='bbox 3117 2883 3177 2937; x_wconf 81' lang='grc' dir='ltr'>τὸ</span> <span class='ocrx_word' id='word_1_653' title='bbox 3202 2881 3472 2954; x_wconf 87' lang='grc' dir='ltr'>ἀργύριον</span> <span class='ocrx_word' id='word_1_654' title='bbox 3506 2882 3569 2935; x_wconf 78' lang='grc' dir='ltr'><strong>τὸ</strong></span> 
     </span>
    </p>
   </div>
   <div class='ocr_carea' id='block_1_91' title="bbox 1968 2973 3566 3053">
    <p class='ocr_par' dir='ltr' id='par_1_91' title="bbox 1968 2973 3566 3053">
     <span class='ocr_line' id='line_1_92' title="bbox 1968 2973 3566 3053; baseline -0.009 -14"><span class='ocrx_word' id='word_1_655' title='bbox 1968 2982 2208 3053; x_wconf 88' lang='grc' dir='ltr'>ἀγαθόν;</span> <span class='ocrx_word' id='word_1_656' title='bbox 2246 2981 2370 3044; x_wconf 87' lang='grc' dir='ltr'>Πῶς</span> <span class='ocrx_word' id='word_1_657' title='bbox 2398 2979 2613 3048; x_wconf 75' lang='grc' dir='ltr'>ἐγένετο</span> <span class='ocrx_word' id='word_1_658' title='bbox 2644 2975 2894 3047; x_wconf 83' lang='grc' dir='ltr'>μέλαινα,</span> <span class='ocrx_word' id='word_1_659' title='bbox 2947 2975 2980 3045; x_wconf 78' lang='grc' dir='ltr'><strong>ἡ</strong></span> <span class='ocrx_word' id='word_1_660' title='bbox 3027 2974 3106 3043; x_wconf 78' lang='grc' dir='ltr'>τῷ</span> <span class='ocrx_word' id='word_1_661' title='bbox 3146 2973 3384 3043; x_wconf 83' lang='grc' dir='ltr'>ἀληθινῷ</span> <span class='ocrx_word' id='word_1_662' title='bbox 3418 2973 3566 3042; x_wconf 70' lang='grc' dir='ltr'>φωτὶ</span> 
     </span>
    </p>
   </div>
   <div class='ocr_carea' id='block_1_92' title="bbox 1967 3064 3565 3147">
    <p class='ocr_par' dir='ltr' id='par_1_92' title="bbox 1967 3064 3565 3147">
     <span class='ocr_line' id='line_1_93' title="bbox 1967 3064 3565 3147; baseline -0.009 -16"><span class='ocrx_word' id='word_1_663' title='bbox 1967 3076 2037 3131; x_wconf 84' lang='grc' dir='ltr'>τὰ</span> <span class='ocrx_word' id='word_1_664' title='bbox 2069 3073 2262 3147; x_wconf 85' lang='grc' dir='ltr'>πρῶτα</span> <span class='ocrx_word' id='word_1_665' title='bbox 2295 3068 2829 3140; x_wconf 81' lang='grc' dir='ltr'>συναναλάμπουσα;</span> <span class='ocrx_word' id='word_1_666' title='bbox 2882 3068 3067 3121; x_wconf 85' lang='grc' dir='ltr'>Πάντα</span> <span class='ocrx_word' id='word_1_667' title='bbox 3115 3064 3288 3119; x_wconf 89' lang='grc' dir='ltr'>ταῦτα</span> <span class='ocrx_word' id='word_1_668' title='bbox 3338 3064 3565 3132; x_wconf 78' lang='grc' dir='ltr'>ἐγένετό</span> 
     </span>
    </p>
   </div>
   <div class='ocr_carea' id='block_1_93' title="bbox 1972 3156 3562 3240">
    <p class='ocr_par' dir='ltr' id='par_1_93' title="bbox 1972 3156 3562 3240">
     <span class='ocr_line' id='line_1_94' title="bbox 1972 3156 3562 3240; baseline -0.009 -18"><span class='ocrx_word' id='word_1_669' title='bbox 1972 3186 2082 3240; x_wconf 88' lang='grc' dir='ltr'>μοι,</span> <span class='ocrx_word' id='word_1_670' title='bbox 2113 3166 2300 3236; x_wconf 73' lang='grc' dir='ltr'>φησιν,</span> <span class='ocrx_word' id='word_1_671' title='bbox 2329 3163 2411 3217; x_wconf 82' lang='grc' dir='ltr'>ὅτι</span> <span class='ocrx_word' id='word_1_672' title='bbox 2438 3161 2528 3216; x_wconf 81' lang='grc' dir='ltr'>τὸν</span> <span class='ocrx_word' id='word_1_673' title='bbox 2558 3158 2868 3230; x_wconf 31' lang='grc' dir='ltr'>ἀμπελῶνα,</span> <span class='ocrx_word' id='word_1_674' title='bbox 2888 3159 2980 3212; x_wconf 77' lang='grc' dir='ltr'>τὸν</span> <span class='ocrx_word' id='word_1_675' title='bbox 3009 3157 3141 3229; x_wconf 82' lang='grc' dir='ltr'>ἐμὸν</span> <span class='ocrx_word' id='word_1_676' title='bbox 3161 3159 3261 3212; x_wconf 78' lang='grc' dir='ltr'>οὐκ</span> <span class='ocrx_word' id='word_1_677' title='bbox 3288 3156 3562 3226; x_wconf 74' lang='grc' dir='ltr'>ἐφύλαξα.</span> 
     </span>
    </p>
   </div>
   <div class='ocr_carea' id='block_1_94' title="bbox 1980 3250 3564 3330">
    <p class='ocr_par' dir='ltr' id='par_1_94' title="bbox 1980 3250 3564 3330">
     <span class='ocr_line' id='line_1_95' title="bbox 1980 3250 3564 3330; baseline -0.006 -17"><span class='ocrx_word' id='word_1_678' title='bbox 1980 3257 2264 3330; x_wconf 83' lang='grc' dir='ltr'>Ἀμπελών</span> <span class='ocrx_word' id='word_1_679' title='bbox 2308 3257 2456 3309; x_wconf 79' lang='grc' dir='ltr'>ἐστιν</span> <span class='ocrx_word' id='word_1_680' title='bbox 2490 3255 2522 3324; x_wconf 84' lang='grc' dir='ltr'>ἡ</span> <span class='ocrx_word' id='word_1_681' title='bbox 2570 3251 2871 3307; x_wconf 84' lang='grc' dir='ltr'>ἀθανασία·</span> <span class='ocrx_word' id='word_1_682' title='bbox 2906 3250 3165 3324; x_wconf 83' lang='grc' dir='ltr'>ἀμπελὼν</span> <span class='ocrx_word' id='word_1_683' title='bbox 3204 3253 3237 3321; x_wconf 84' lang='grc' dir='ltr'><strong>ή</strong></span> <span class='ocrx_word' id='word_1_684' title='bbox 3292 3250 3564 3313; x_wconf 84' lang='grc' dir='ltr'>ἀπάθεια,</span> 
     </span>
    </p>
   </div>
   <div class='ocr_carea' id='block_1_95' title="bbox 1969 3341 3565 3423">
    <p class='ocr_par' dir='ltr' id='par_1_95' title="bbox 1969 3341 3565 3423">
     <span class='ocr_line' id='line_1_96' title="bbox 1969 3341 3565 3423; baseline -0.008 -16"><span class='ocrx_word' id='word_1_685' title='bbox 1969 3353 2064 3407; x_wconf 68' lang='grc' dir='ltr'>καὶ</span> <span class='ocrx_word' id='word_1_686' title='bbox 2089 3354 2122 3423; x_wconf 83' lang='grc' dir='ltr'><strong>ή</strong></span> <span class='ocrx_word' id='word_1_687' title='bbox 2174 3350 2310 3421; x_wconf 79' lang='grc' dir='ltr'>πρὸς</span> <span class='ocrx_word' id='word_1_688' title='bbox 2355 3348 2416 3401; x_wconf 84' lang='grc' dir='ltr'>τὸ</span> <span class='ocrx_word' id='word_1_689' title='bbox 2436 3350 2587 3403; x_wconf 87' lang='grc' dir='ltr'>Θεῑον</span> <span class='ocrx_word' id='word_1_690' title='bbox 2614 3344 2872 3417; x_wconf 76' lang='grc' dir='ltr'>ὁμοίωσις</span> <span class='ocrx_word' id='word_1_691' title='bbox 2891 3385 2906 3408; x_wconf 90' lang='grc'><strong>,</strong></span> <span class='ocrx_word' id='word_1_692' title='bbox 2940 3344 3033 3398; x_wconf 73' lang='grc' dir='ltr'>καὶ</span> <span class='ocrx_word' id='word_1_693' title='bbox 3078 3345 3112 3414; x_wconf 84' lang='grc' dir='ltr'><strong>ἠ</strong></span> <span class='ocrx_word' id='word_1_694' title='bbox 3142 3341 3342 3405; x_wconf 78' lang='grc' dir='ltr'>παντὸς</span> <span class='ocrx_word' id='word_1_695' title='bbox 3385 3341 3565 3395; x_wconf 80' lang='grc' dir='ltr'>κακοῦ</span> 
     </span>
    </p>
   </div>
   <div class='ocr_carea' id='block_1_96' title="bbox 1968 3431 3566 3510">
    <p class='ocr_par' dir='ltr' id='par_1_96' title="bbox 1968 3431 3566 3510">
     <span class='ocr_line' id='line_1_97' title="bbox 1968 3431 3566 3510; baseline -0.007 -16"><span class='ocrx_word' id='word_1_696' title='bbox 1968 3438 2336 3510; x_wconf 80' lang='grc' dir='ltr'>ἀλλοτρίωσις.</span> <span class='ocrx_word' id='word_1_697' title='bbox 2369 3433 2571 3489; x_wconf 87' lang='grc' dir='ltr'>Τούτου</span> <span class='ocrx_word' id='word_1_698' title='bbox 2600 3432 2694 3486; x_wconf 87' lang='grc' dir='ltr'><strong>τοῦ</strong></span> <span class='ocrx_word' id='word_1_699' title='bbox 2723 3431 3045 3504; x_wconf 87' lang='grc' dir='ltr'>ἀμπελῶνος</span> <span class='ocrx_word' id='word_1_700' title='bbox 3073 3431 3286 3502; x_wconf 84' lang='grc' dir='ltr'>καρπὸς</span> <span class='ocrx_word' id='word_1_701' title='bbox 3318 3433 3353 3501; x_wconf 85' lang='grc' dir='ltr'><strong>ἡ</strong></span> <span class='ocrx_word' id='word_1_702' title='bbox 3387 3431 3566 3484; x_wconf 84' lang='grc' dir='ltr'>καθα-</span> 
     </span>
    </p>
   </div>
   <div class='ocr_carea' id='block_1_97' title="bbox 1973 3513 3565 3601">
    <p class='ocr_par' dir='ltr' id='par_1_97' title="bbox 1973 3513 3565 3601">
     <span class='ocr_line' id='line_1_98' title="bbox 1973 3513 3565 3601; baseline -0.006 -20"><span class='ocrx_word' id='word_1_703' title='bbox 1973 3530 2154 3601; x_wconf 87' lang='grc' dir='ltr'>ρότης,</span> <span class='ocrx_word' id='word_1_704' title='bbox 2202 3529 2231 3580; x_wconf 90' lang='grc' dir='ltr'><strong>ό</strong></span> <span class='ocrx_word' id='word_1_705' title='bbox 2264 3522 2517 3596; x_wconf 82' lang='grc' dir='ltr'>λαμπρὸς</span> <span class='ocrx_word' id='word_1_706' title='bbox 2566 3513 2723 3586; x_wconf 71' lang='grc' dir='ltr'>οὗτος</span> <span class='ocrx_word' id='word_1_707' title='bbox 2752 3522 2845 3578; x_wconf 73' lang='grc' dir='ltr'>καὶ</span> <span class='ocrx_word' id='word_1_708' title='bbox 2874 3520 3081 3593; x_wconf 83' lang='grc' dir='ltr'>ὥριμος</span> <span class='ocrx_word' id='word_1_709' title='bbox 3110 3520 3326 3592; x_wconf 85' lang='grc' dir='ltr'>βότρυς,</span> <span class='ocrx_word' id='word_1_710' title='bbox 3352 3519 3383 3572; x_wconf 83' lang='grc' dir='ltr'><strong>ὁ</strong></span> <span class='ocrx_word' id='word_1_711' title='bbox 3423 3519 3565 3573; x_wconf 81' lang='grc' dir='ltr'>ιδιά-</span> 
     </span>
    </p>
   </div>
   <div class='ocr_carea' id='block_1_98' title="bbox 1970 3610 3564 3689">
    <p class='ocr_par' dir='ltr' id='par_1_98' title="bbox 1970 3610 3564 3689">
     <span class='ocr_line' id='line_1_99' title="bbox 1970 3610 3564 3689; baseline -0.016 -13"><span class='ocrx_word' id='word_1_712' title='bbox 1970 3621 2078 3686; x_wconf 79' lang='grc' dir='ltr'><strong>ζων</strong></span> <span class='ocrx_word' id='word_1_713' title='bbox 2105 3619 2183 3688; x_wconf 84' lang='grc' dir='ltr'>τῷ</span> <span class='ocrx_word' id='word_1_714' title='bbox 2226 3616 2359 3670; x_wconf 76' lang='grc' dir='ltr'>εἴδει</span> <span class='ocrx_word' id='word_1_715' title='bbox 2386 3615 2480 3668; x_wconf 74' lang='grc' dir='ltr'>καὶ</span> <span class='ocrx_word' id='word_1_716' title='bbox 2511 3612 2957 3682; x_wconf 81' lang='grc' dir='ltr'>καταγλυκαίνων</span> <span class='ocrx_word' id='word_1_717' title='bbox 3001 3613 3057 3664; x_wconf 82' lang='grc' dir='ltr'>ὲν</span> <span class='ocrx_word' id='word_1_718' title='bbox 3102 3611 3295 3689; x_wconf 68' lang='grc' dir='ltr'>ἁγνεία</span> <span class='ocrx_word' id='word_1_719' title='bbox 3339 3610 3411 3664; x_wconf 79' lang='grc' dir='ltr'>τὰ</span> <span class='ocrx_word' id='word_1_720' title='bbox 3459 3612 3564 3680; x_wconf 64' lang='grc' dir='ltr'>τῆς</span> 
     </span>
    </p>
   </div>
   <div class='ocr_carea' id='block_1_99' title="bbox 1968 3701 3565 3783">
    <p class='ocr_par' dir='ltr' id='par_1_99' title="bbox 1968 3701 3565 3783">
     <span class='ocr_line' id='line_1_100' title="bbox 1968 3701 3565 3783; baseline -0.006 -21"><span class='ocrx_word' id='word_1_721' title='bbox 1968 3711 2146 3783; x_wconf 82' lang='grc' dir='ltr'>ψυχῆς</span> <span class='ocrx_word' id='word_1_722' title='bbox 2174 3707 2527 3778; x_wconf 75' lang='grc' dir='ltr'>αἰσθητήρια.</span> <span class='ocrx_word' id='word_1_723' title='bbox 2573 3704 2727 3769; x_wconf 79' lang='grc' dir='ltr'>Ἔλιξ</span> <span class='ocrx_word' id='word_1_724' title='bbox 2754 3704 2812 3757; x_wconf 84' lang='grc' dir='ltr'>δὲ</span> <span class='ocrx_word' id='word_1_725' title='bbox 2847 3701 2942 3756; x_wconf 88' lang='grc' dir='ltr'><strong>τοῦ</strong></span> <span class='ocrx_word' id='word_1_726' title='bbox 2970 3702 3310 3774; x_wconf 83' lang='grc' dir='ltr'>ἀμπελῶνος,</span> <span class='ocrx_word' id='word_1_727' title='bbox 3344 3704 3378 3773; x_wconf 83' lang='grc' dir='ltr'><strong>ή</strong></span> <span class='ocrx_word' id='word_1_728' title='bbox 3423 3703 3565 3774; x_wconf 76' lang='grc' dir='ltr'>πρὸς</span> 
     </span>
    </p>
   </div>
   <div class='ocr_carea' id='block_1_100' title="bbox 1970 3793 3566 3875">
    <p class='ocr_par' dir='ltr' id='par_1_100' title="bbox 1970 3793 3566 3875">
     <span class='ocr_line' id='line_1_101' title="bbox 1970 3793 3566 3875; baseline -0.008 -19"><span class='ocrx_word' id='word_1_729' title='bbox 1970 3804 2068 3875; x_wconf 83' lang='grc' dir='ltr'>τὴν</span> <span class='ocrx_word' id='word_1_730' title='bbox 2114 3801 2283 3854; x_wconf 72' lang='grc' dir='ltr'>ἀΐδιον</span> <span class='ocrx_word' id='word_1_731' title='bbox 2323 3797 2467 3868; x_wconf 83' lang='grc' dir='ltr'>ζωὴν</span> <span class='ocrx_word' id='word_1_732' title='bbox 2516 3794 2819 3866; x_wconf 76' lang='grc' dir='ltr'>περιπλοκὴ</span> <span class='ocrx_word' id='word_1_733' title='bbox 2865 3811 2927 3847; x_wconf 90' lang='grc' dir='ltr'><strong>τε</strong></span> <span class='ocrx_word' id='word_1_734' title='bbox 2978 3794 3073 3848; x_wconf 74' lang='grc' dir='ltr'>καὶ</span> <span class='ocrx_word' id='word_1_735' title='bbox 3106 3793 3389 3864; x_wconf 74' lang='grc' dir='ltr'>συμφυΐα-</span> <span class='ocrx_word' id='word_1_736' title='bbox 3427 3793 3566 3863; x_wconf 77' lang='grc' dir='ltr'>κλήο</span> 
     </span>
    </p>
   </div>
   <div class='ocr_carea' id='block_1_101' title="bbox 1975 3887 3565 3967">
    <p class='ocr_par' dir='ltr' id='par_1_101' title="bbox 1975 3887 3565 3967">
     <span class='ocr_line' id='line_1_102' title="bbox 1975 3887 3565 3967; baseline -0.005 -18"><span class='ocrx_word' id='word_1_737' title='bbox 1975 3911 2119 3967; x_wconf 88' lang='grc' dir='ltr'>ματα</span> <span class='ocrx_word' id='word_1_738' title='bbox 2172 3892 2230 3947; x_wconf 81' lang='grc' dir='ltr'>δὲ</span> <span class='ocrx_word' id='word_1_739' title='bbox 2272 3889 2611 3960; x_wconf 78' lang='grc' dir='ltr'>αὐξανόμενα</span> <span class='ocrx_word' id='word_1_740' title='bbox 2636 3929 2650 3951; x_wconf 89' lang='grc'><strong>,</strong></span> <span class='ocrx_word' id='word_1_741' title='bbox 2705 3888 2773 3942; x_wconf 82' lang='grc' dir='ltr'>τὰ</span> <span class='ocrx_word' id='word_1_742' title='bbox 2806 3887 2914 3941; x_wconf 88' lang='grc' dir='ltr'><strong>τῶν</strong></span> <span class='ocrx_word' id='word_1_743' title='bbox 2957 3888 3168 3960; x_wconf 88' lang='grc' dir='ltr'>ἀρετῶν</span> <span class='ocrx_word' id='word_1_744' title='bbox 3212 3890 3365 3942; x_wconf 79' lang='grc' dir='ltr'>ἐστιν</span> <span class='ocrx_word' id='word_1_745' title='bbox 3408 3887 3565 3959; x_wconf 79' lang='grc' dir='ltr'>ὑψώ-</span> 
     </span>
    </p>
   </div>
   <div class='ocr_carea' id='block_1_102' title="bbox 1976 3978 3561 4059">
    <p class='ocr_par' dir='ltr' id='par_1_102' title="bbox 1976 3978 3561 4059">
     <span class='ocr_line' id='line_1_103' title="bbox 1976 3978 3561 4059; baseline -0.006 -17"><span class='ocrx_word' id='word_1_746' title='bbox 1976 4003 2122 4059; x_wconf 88' lang='grc' dir='ltr'>ματα</span> <span class='ocrx_word' id='word_1_747' title='bbox 2154 3984 2290 4057; x_wconf 85' lang='grc' dir='ltr'>πρὸς</span> <span class='ocrx_word' id='word_1_748' title='bbox 2330 3983 2392 4036; x_wconf 81' lang='grc' dir='ltr'>τὸ</span> <span class='ocrx_word' id='word_1_749' title='bbox 2440 3981 2572 4053; x_wconf 82' lang='grc' dir='ltr'>ῦψος</span> <span class='ocrx_word' id='word_1_750' title='bbox 2612 3980 2719 4034; x_wconf 84' lang='grc' dir='ltr'><strong>τῶν</strong></span> <span class='ocrx_word' id='word_1_751' title='bbox 2764 3979 3011 4048; x_wconf 80' lang='grc' dir='ltr'>ἀγγέλων</span> <span class='ocrx_word' id='word_1_752' title='bbox 3056 3978 3528 4052; x_wconf 80' lang='grc' dir='ltr'>ἀναδενδρούμενα</span> <span class='ocrx_word' id='word_1_753' title='bbox 3546 3997 3561 4012; x_wconf 80' lang='grc' dir='ltr'><strong>ο</strong></span> 
     </span>
    </p>
   </div>
   <div class='ocr_carea' id='block_1_103' title="bbox 1974 4070 3562 4149">
    <p class='ocr_par' dir='ltr' id='par_1_103' title="bbox 1974 4070 3562 4149">
     <span class='ocr_line' id='line_1_104' title="bbox 1974 4070 3562 4149; baseline -0.006 -16"><span class='ocrx_word' id='word_1_754' title='bbox 1974 4078 2146 4149; x_wconf 83' lang='grc' dir='ltr'>φύλλα</span> <span class='ocrx_word' id='word_1_755' title='bbox 2176 4076 2231 4130; x_wconf 85' lang='grc' dir='ltr'>δὲ</span> <span class='ocrx_word' id='word_1_756' title='bbox 2258 4074 2519 4146; x_wconf 83' lang='grc' dir='ltr'>τεθηλότα</span> <span class='ocrx_word' id='word_1_757' title='bbox 2562 4073 2654 4127; x_wconf 71' lang='grc' dir='ltr'>καὶ</span> <span class='ocrx_word' id='word_1_758' title='bbox 2701 4071 2779 4143; x_wconf 85' lang='grc' dir='ltr'><strong>τῷ</strong></span> <span class='ocrx_word' id='word_1_759' title='bbox 2827 4071 3080 4143; x_wconf 78' lang='grc' dir='ltr'>ὴρεμαίῳ</span> <span class='ocrx_word' id='word_1_760' title='bbox 3126 4070 3396 4142; x_wconf 87' lang='grc' dir='ltr'>πνεύματι</span> <span class='ocrx_word' id='word_1_761' title='bbox 3423 4071 3562 4140; x_wconf 80' lang='grc' dir='ltr'>γλα·</span> 
     </span>
    </p>
   </div>
   <div class='ocr_carea' id='block_1_104' title="bbox 1975 4162 3563 4243">
    <p class='ocr_par' dir='ltr' id='par_1_104' title="bbox 1975 4162 3563 4243">
     <span class='ocr_line' id='line_1_105' title="bbox 1975 4162 3563 4243; baseline -0.004 -19"><span class='ocrx_word' id='word_1_762' title='bbox 1975 4171 2160 4243; x_wconf 83' lang='grc' dir='ltr'>φυρῶς</span> <span class='ocrx_word' id='word_1_763' title='bbox 2205 4171 2318 4231; x_wconf 80' lang='grc' dir='ltr'><strong>τοίς</strong></span> <span class='ocrx_word' id='word_1_764' title='bbox 2352 4165 2567 4228; x_wconf 79' lang='grc' dir='ltr'>κλάδοις</span> <span class='ocrx_word' id='word_1_765' title='bbox 2620 4162 2992 4233; x_wconf 79' lang='grc' dir='ltr'>ὲπισειόμενα,</span> <span class='ocrx_word' id='word_1_766' title='bbox 3042 4163 3071 4214; x_wconf 86' lang='grc' dir='ltr'><strong>ό</strong></span> <span class='ocrx_word' id='word_1_767' title='bbox 3118 4162 3405 4235; x_wconf 79' lang='grc' dir='ltr'>πολυειδὴς</span> <span class='ocrx_word' id='word_1_768' title='bbox 3454 4162 3563 4217; x_wconf 89' lang='grc' dir='ltr'><strong>τῶν</strong></span> 
     </span>
    </p>
   </div>
   <div class='ocr_carea' id='block_1_105' title="bbox 1974 4254 3561 4332">
    <p class='ocr_par' dir='ltr' id='par_1_105' title="bbox 1974 4254 3561 4332">
     <span class='ocr_line' id='line_1_106' title="bbox 1974 4254 3561 4332; baseline -0.006 -14"><span class='ocrx_word' id='word_1_769' title='bbox 1974 4264 2133 4319; x_wconf 87' lang='grc' dir='ltr'>θείων</span> <span class='ocrx_word' id='word_1_770' title='bbox 2159 4259 2369 4332; x_wconf 83' lang='grc' dir='ltr'>ἀρετῶν</span> <span class='ocrx_word' id='word_1_771' title='bbox 2404 4258 2606 4329; x_wconf 87' lang='grc' dir='ltr'>κόσμος</span> <span class='ocrx_word' id='word_1_772' title='bbox 2639 4256 2776 4322; x_wconf 73' lang='grc' dir='ltr'>ἐστὶ,</span> <span class='ocrx_word' id='word_1_773' title='bbox 2806 4255 2912 4308; x_wconf 87' lang='grc' dir='ltr'><strong>τῶν</strong></span> <span class='ocrx_word' id='word_1_774' title='bbox 2953 4254 3461 4309; x_wconf 87' lang='grc' dir='ltr'>συναναθαλλόντων</span> <span class='ocrx_word' id='word_1_775' title='bbox 3484 4254 3561 4326; x_wconf 81' lang='grc' dir='ltr'>τῷ</span> 
     </span>
    </p>
   </div>
   <div class='ocr_carea' id='block_1_106' title="bbox 1897 4346 3557 4445">
    <p class='ocr_par' dir='ltr' id='par_1_106' title="bbox 1897 4346 3557 4445">
     <span class='ocr_line' id='line_1_107' title="bbox 1897 4346 3557 4445; baseline -0.007 -36"><span class='ocrx_word' id='word_1_776' title='bbox 1897 4382 1951 4445; x_wconf 74' lang='lat' dir='ltr'><strong><em>D</em></strong></span> <span class='ocrx_word' id='word_1_777' title='bbox 1975 4352 2272 4423; x_wconf 89' lang='grc' dir='ltr'>πνεύματι.</span> <span class='ocrx_word' id='word_1_778' title='bbox 2303 4350 2490 4404; x_wconf 93' lang='grc' dir='ltr'>Ταῦτα</span> <span class='ocrx_word' id='word_1_779' title='bbox 2523 4348 2702 4402; x_wconf 87' lang='grc' dir='ltr'>πάντα</span> <span class='ocrx_word' id='word_1_780' title='bbox 2730 4346 3249 4445; x_wconf 37' lang='grc' dir='ltr'>κεκτημένη-φησι,</span> <span class='ocrx_word' id='word_1_781' title='bbox 3267 4346 3378 4445; x_wconf 36' lang='grc' dir='ltr'>’καὶ</span> <span class='ocrx_word' id='word_1_782' title='bbox 3400 4346 3557 4445; x_wconf 27' lang='grc' dir='ltr'><strong>μὲν</strong></span> 
     </span>
    </p>
   </div>
   <div class='ocr_carea' id='block_1_107' title="bbox 1969 4436 3605 4511">
    <p class='ocr_par' dir='ltr' id='par_1_107' title="bbox 1969 4436 3605 4511">
     <span class='ocr_line' id='line_1_108' title="bbox 1969 4436 3605 4511; baseline -0.007 -10"><span class='ocrx_word' id='word_1_783' title='bbox 1969 4444 2267 4501; x_wconf 82' lang='grc' dir='ltr'>ἀπολαύσει</span> <span class='ocrx_word' id='word_1_784' title='bbox 2295 4441 2498 4496; x_wconf 81' lang='grc' dir='ltr'>τούτων</span> <span class='ocrx_word' id='word_1_785' title='bbox 2525 4438 2978 4511; x_wconf 82' lang='grc' dir='ltr'>λαμπρυνομένη,</span> <span class='ocrx_word' id='word_1_786' title='bbox 3010 4436 3099 4490; x_wconf 76' lang='grc' dir='ltr'><strong>διὰ</strong></span> <span class='ocrx_word' id='word_1_787' title='bbox 3127 4437 3187 4491; x_wconf 80' lang='grc' dir='ltr'><strong>τὺ</strong></span> <span class='ocrx_word' id='word_1_788' title='bbox 3221 4437 3295 4510; x_wconf 87' lang='grc' dir='ltr'>μὴ</span> <span class='ocrx_word' id='word_1_789' title='bbox 3324 4436 3561 4508; x_wconf 78' lang='grc' dir='ltr'>φυλάξαι</span> <span class='ocrx_word' id='word_1_790' title='bbox 3600 4448 3605 4453; x_wconf 78' lang='lat'><strong>‘</strong></span> 
     </span>
    </p>
   </div>
   <div class='ocr_carea' id='block_1_108' title="bbox 1964 4528 3559 4608">
    <p class='ocr_par' dir='ltr' id='par_1_108' title="bbox 1964 4528 3559 4608">
     <span class='ocr_line' id='line_1_109' title="bbox 1964 4528 3559 4608; baseline -0.007 -15"><span class='ocrx_word' id='word_1_791' title='bbox 1964 4539 2054 4593; x_wconf 79' lang='grc' dir='ltr'>τὸν</span> <span class='ocrx_word' id='word_1_792' title='bbox 2110 4533 2426 4608; x_wconf 76' lang='grc' dir='ltr'>ἀμπελῶνα,</span> <span class='ocrx_word' id='word_1_793' title='bbox 2463 4529 2870 4600; x_wconf 82' lang='grc' dir='ltr'>κατεμελάνθην</span> <span class='ocrx_word' id='word_1_794' title='bbox 2913 4528 2991 4600; x_wconf 83' lang='grc' dir='ltr'>τῷ</span> <span class='ocrx_word' id='word_1_795' title='bbox 3058 4528 3245 4584; x_wconf 72' lang='grc' dir='ltr'>πένθει</span> <span class='ocrx_word' id='word_1_796' title='bbox 3268 4546 3282 4562; x_wconf 74' lang='grc' dir='ltr'><strong>ο</strong></span> <span class='ocrx_word' id='word_1_797' title='bbox 3315 4531 3416 4600; x_wconf 85' lang='grc' dir='ltr'><strong>τῆς</strong></span> <span class='ocrx_word' id='word_1_798' title='bbox 3447 4530 3559 4601; x_wconf 83' lang='grc' dir='ltr'><strong>γάρ</strong></span> 
     </span>
    </p>
   </div>
   <div class='ocr_carea' id='block_1_109' title="bbox 1966 4617 3558 4699">
    <p class='ocr_par' dir='ltr' id='par_1_109' title="bbox 1966 4617 3558 4699">
     <span class='ocr_line' id='line_1_110' title="bbox 1966 4617 3558 4699; baseline -0.015 -14"><span class='ocrx_word' id='word_1_799' title='bbox 1966 4630 2333 4699; x_wconf 83' lang='grc' dir='ltr'>καθαρότητος</span> <span class='ocrx_word' id='word_1_800' title='bbox 2386 4623 2717 4687; x_wconf 73' lang='grc' dir='ltr'>ἐκπεσοῦσα,</span> <span class='ocrx_word' id='word_1_801' title='bbox 2752 4622 2814 4674; x_wconf 79' lang='grc' dir='ltr'>τὸ</span> <span class='ocrx_word' id='word_1_802' title='bbox 2850 4618 3087 4690; x_wconf 77' lang='grc' dir='ltr'>ζοφῶδες</span> <span class='ocrx_word' id='word_1_803' title='bbox 3131 4617 3271 4684; x_wconf 78' lang='grc' dir='ltr'>εἶδος</span> <span class='ocrx_word' id='word_1_804' title='bbox 3304 4621 3558 4675; x_wconf 54' lang='lat' dir='ltr'><strong>tuseu“-</strong></span> 
     </span>
    </p>
   </div>
   <div class='ocr_carea' id='block_1_110' title="bbox 1970 4709 3553 4794">
    <p class='ocr_par' dir='ltr' id='par_1_110' title="bbox 1970 4709 3553 4794">
     <span class='ocr_line' id='line_1_111' title="bbox 1970 4709 3553 4794; baseline -0.008 -20"><span class='ocrx_word' id='word_1_805' title='bbox 1970 4739 2098 4794; x_wconf 85' lang='grc' dir='ltr'>μην,</span> <span class='ocrx_word' id='word_1_806' title='bbox 2135 4717 2388 4780; x_wconf 82' lang='grc' dir='ltr'>Τοιοῦτος</span> <span class='ocrx_word' id='word_1_807' title='bbox 2433 4716 2544 4787; x_wconf 83' lang='grc' dir='ltr'><strong>γάρ</strong></span> <span class='ocrx_word' id='word_1_808' title='bbox 2589 4714 2668 4785; x_wconf 83' lang='grc' dir='ltr'>τῷ</span> <span class='ocrx_word' id='word_1_809' title='bbox 2711 4712 2838 4766; x_wconf 75' lang='grc' dir='ltr'>εῖδει</span> <span class='ocrx_word' id='word_1_810' title='bbox 2886 4712 2915 4763; x_wconf 83' lang='grc' dir='ltr'><strong>ὁ</strong></span> <span class='ocrx_word' id='word_1_811' title='bbox 2963 4709 3180 4782; x_wconf 87' lang='grc' dir='ltr'>χιτὼνό</span> <span class='ocrx_word' id='word_1_812' title='bbox 3209 4710 3553 4782; x_wconf 86' lang='grc' dir='ltr'>δερμάτινος.</span> 
     </span>
    </p>
   </div>
   <div class='ocr_carea' id='block_1_111' title="bbox 1976 4800 3553 4878">
    <p class='ocr_par' dir='ltr' id='par_1_111' title="bbox 1976 4800 3553 4878">
     <span class='ocr_line' id='line_1_112' title="bbox 1976 4800 3553 4878; baseline -0.008 -13"><span class='ocrx_word' id='word_1_813' title='bbox 1976 4811 2091 4865; x_wconf 85' lang='grc' dir='ltr'>Νῦν</span> <span class='ocrx_word' id='word_1_814' title='bbox 2112 4809 2170 4863; x_wconf 78' lang='grc' dir='ltr'>δὲ</span> <span class='ocrx_word' id='word_1_815' title='bbox 2194 4808 2283 4862; x_wconf 87' lang='grc' dir='ltr'>διὰ</span> <span class='ocrx_word' id='word_1_816' title='bbox 2308 4808 2407 4878; x_wconf 80' lang='grc' dir='ltr'>τὴν</span> <span class='ocrx_word' id='word_1_817' title='bbox 2436 4803 2801 4874; x_wconf 88' lang='grc' dir='ltr'>ἀγαπήσασάν</span> <span class='ocrx_word' id='word_1_818' title='bbox 2827 4819 2893 4874; x_wconf 88' lang='grc' dir='ltr'><strong>με</strong></span> <span class='ocrx_word' id='word_1_819' title='bbox 2915 4801 3076 4856; x_wconf 88' lang='grc' dir='ltr'>πάλιν</span> <span class='ocrx_word' id='word_1_820' title='bbox 3102 4802 3391 4873; x_wconf 81' lang='grc' dir='ltr'>εὐθύτητα,</span> <span class='ocrx_word' id='word_1_821' title='bbox 3415 4800 3553 4870; x_wconf 83' lang='grc' dir='ltr'>καλή</span> 
     </span>
    </p>
   </div>
   <div class='ocr_carea' id='block_1_112' title="bbox 1974 4890 3553 4967">
    <p class='ocr_par' dir='ltr' id='par_1_112' title="bbox 1974 4890 3553 4967">
     <span class='ocr_line' id='line_1_113' title="bbox 1974 4890 3553 4967; baseline -0.006 -13"><span class='ocrx_word' id='word_1_822' title='bbox 1974 4918 2035 4954; x_wconf 77' lang='grc' dir='ltr'><strong>τε</strong></span> <span class='ocrx_word' id='word_1_823' title='bbox 2083 4900 2176 4953; x_wconf 68' lang='grc' dir='ltr'><strong>καὶ</strong></span> <span class='ocrx_word' id='word_1_824' title='bbox 2208 4895 2497 4967; x_wconf 85' lang='grc' dir='ltr'>φωτοειδὴς</span> <span class='ocrx_word' id='word_1_825' title='bbox 2525 4896 2814 4965; x_wconf 83' lang='grc' dir='ltr'>γενομένη,</span> <span class='ocrx_word' id='word_1_826' title='bbox 2868 4892 3159 4946; x_wconf 89' lang='grc' dir='ltr'>ύποπτεύω</span> <span class='ocrx_word' id='word_1_827' title='bbox 3206 4890 3307 4962; x_wconf 85' lang='grc' dir='ltr'>τὴν</span> <span class='ocrx_word' id='word_1_828' title='bbox 3357 4893 3553 4963; x_wconf 76' lang='grc' dir='ltr'>εὐκλη-</span> 
     </span>
    </p>
   </div>
   <div class='ocr_carea' id='block_1_113' title="bbox 1981 4982 3554 5065">
    <p class='ocr_par' dir='ltr' id='par_1_113' title="bbox 1981 4982 3554 5065">
     <span class='ocr_line' id='line_1_114' title="bbox 1981 4982 3554 5065; baseline -0.006 -19"><span class='ocrx_word' id='word_1_829' title='bbox 1981 4993 2100 5065; x_wconf 89' lang='grc' dir='ltr'>ρίαν</span> <span class='ocrx_word' id='word_1_830' title='bbox 2120 5033 2135 5056; x_wconf 96' lang='grc'><strong>,</strong></span> <span class='ocrx_word' id='word_1_831' title='bbox 2164 4989 2238 5061; x_wconf 81' lang='grc' dir='ltr'>μὴ</span> <span class='ocrx_word' id='word_1_832' title='bbox 2260 4988 2422 5042; x_wconf 86' lang='grc' dir='ltr'>πάλιν</span> <span class='ocrx_word' id='word_1_833' title='bbox 2448 4985 2700 5041; x_wconf 84' lang='grc' dir='ltr'>ἀπολέσω</span> <span class='ocrx_word' id='word_1_834' title='bbox 2722 4984 2784 5037; x_wconf 84' lang='grc' dir='ltr'>τὸ</span> <span class='ocrx_word' id='word_1_835' title='bbox 2808 4984 3031 5047; x_wconf 85' lang='grc' dir='ltr'>κάλλος,</span> <span class='ocrx_word' id='word_1_836' title='bbox 3057 4983 3249 5054; x_wconf 76' lang='grc' dir='ltr'>ἀγνοίᾳ</span> <span class='ocrx_word' id='word_1_837' title='bbox 3277 4982 3374 5036; x_wconf 85' lang='grc' dir='ltr'><strong>τοῦ</strong></span> <span class='ocrx_word' id='word_1_838' title='bbox 3415 4982 3554 5037; x_wconf 75' lang='grc' dir='ltr'>κατὰ</span> 
     </span>
    </p>
   </div>
   <div class='ocr_carea' id='block_1_114' title="bbox 1976 5074 3550 5155">
    <p class='ocr_par' dir='ltr' id='par_1_114' title="bbox 1976 5074 3550 5155">
     <span class='ocr_line' id='line_1_115' title="bbox 1976 5074 3550 5155; baseline -0.006 -19"><span class='ocrx_word' id='word_1_839' title='bbox 1976 5083 2073 5155; x_wconf 76' lang='grc' dir='ltr'>τὴν</span> <span class='ocrx_word' id='word_1_840' title='bbox 2100 5080 2398 5151; x_wconf 81' lang='grc' dir='ltr'>ἀσφάλειαν</span> <span class='ocrx_word' id='word_1_841' title='bbox 2420 5077 2643 5150; x_wconf 86' lang='grc' dir='ltr'>τρόπου,</span> <span class='ocrx_word' id='word_1_842' title='bbox 2668 5077 2797 5148; x_wconf 73' lang='grc' dir='ltr'>περὶ</span> <span class='ocrx_word' id='word_1_843' title='bbox 2819 5074 2916 5146; x_wconf 87' lang='grc' dir='ltr'>τὴν</span> <span class='ocrx_word' id='word_1_844' title='bbox 2938 5075 3186 5147; x_wconf 79' lang='grc' dir='ltr'>φυλακὴν</span> <span class='ocrx_word' id='word_1_845' title='bbox 3214 5076 3550 5146; x_wconf 74' lang='grc' dir='ltr'>ἀτυχήσατα.</span> 
     </span>
    </p>
   </div>
   <div class='ocr_carea' id='block_1_115' title="bbox 2039 5166 3552 5238">
    <p class='ocr_par' dir='ltr' id='par_1_115' title="bbox 2039 5166 3552 5238">
     <span class='ocr_line' id='line_1_116' title="bbox 2039 5166 3552 5238; baseline -0.006 -10"><span class='ocrx_word' id='word_1_846' title='bbox 2039 5174 2139 5228; x_wconf 76' lang='grc' dir='ltr'>Διά</span> <span class='ocrx_word' id='word_1_847' title='bbox 2173 5172 2330 5226; x_wconf 90' lang='grc' dir='ltr'>τοῦτο</span> <span class='ocrx_word' id='word_1_848' title='bbox 2355 5168 2731 5224; x_wconf 85' lang='grc' dir='ltr'>καταλιποῦσα</span> <span class='ocrx_word' id='word_1_849' title='bbox 2756 5166 2848 5220; x_wconf 82' lang='grc' dir='ltr'><strong>τὸν</strong></span> <span class='ocrx_word' id='word_1_850' title='bbox 2889 5167 3025 5238; x_wconf 81' lang='grc' dir='ltr'>πρὸς</span> <span class='ocrx_word' id='word_1_851' title='bbox 3051 5168 3153 5231; x_wconf 79' lang='grc' dir='ltr'><strong>τάς</strong></span> <span class='ocrx_word' id='word_1_852' title='bbox 3179 5167 3428 5231; x_wconf 82' lang='grc' dir='ltr'>νεάνιδας</span> <span class='ocrx_word' id='word_1_853' title='bbox 3466 5167 3552 5220; x_wconf 75' lang='grc' dir='ltr'>λό·</span> 
     </span>
    </p>
   </div>
   <div class='ocr_carea' id='block_1_116' title="bbox 1970 5258 3551 5335">
    <p class='ocr_par' dir='ltr' id='par_1_116' title="bbox 1970 5258 3551 5335">
     <span class='ocr_line' id='line_1_117' title="bbox 1970 5258 3551 5335; baseline -0.003 -15"><span class='ocrx_word' id='word_1_854' title='bbox 1970 5282 2083 5335; x_wconf 85' lang='grc' dir='ltr'>γον,</span> <span class='ocrx_word' id='word_1_855' title='bbox 2123 5263 2285 5318; x_wconf 90' lang='grc' dir='ltr'>πάλιν</span> <span class='ocrx_word' id='word_1_856' title='bbox 2328 5262 2396 5315; x_wconf 75' lang='grc' dir='ltr'>δι’</span> <span class='ocrx_word' id='word_1_857' title='bbox 2441 5260 2604 5331; x_wconf 78' lang='grc' dir='ltr'>εὐχῆς</span> <span class='ocrx_word' id='word_1_858' title='bbox 2649 5258 2908 5313; x_wconf 85' lang='grc' dir='ltr'>ἀνακαλεῖ</span> <span class='ocrx_word' id='word_1_859' title='bbox 2955 5258 3044 5311; x_wconf 82' lang='grc' dir='ltr'>τὸν</span> <span class='ocrx_word' id='word_1_860' title='bbox 3078 5258 3330 5330; x_wconf 83' lang='grc' dir='ltr'>νυμφίον,</span> <span class='ocrx_word' id='word_1_861' title='bbox 3383 5260 3551 5330; x_wconf 79' lang='grc' dir='ltr'>δνομα</span> 
     </span>
    </p>
   </div>
   <div class='ocr_carea' id='block_1_117' title="bbox 1973 5348 3551 5426">
    <p class='ocr_par' dir='ltr' id='par_1_117' title="bbox 1973 5348 3551 5426">
     <span class='ocr_line' id='line_1_118' title="bbox 1973 5348 3551 5426; baseline -0.006 -15"><span class='ocrx_word' id='word_1_862' title='bbox 1973 5355 2311 5426; x_wconf 82' lang='grc' dir='ltr'>ποιησαμένη</span> <span class='ocrx_word' id='word_1_863' title='bbox 2344 5352 2437 5406; x_wconf 89' lang='grc' dir='ltr'><strong>τοῦ</strong></span> <span class='ocrx_word' id='word_1_864' title='bbox 2474 5348 2812 5420; x_wconf 87' lang='grc' dir='ltr'>ποθουμένου</span> <span class='ocrx_word' id='word_1_865' title='bbox 2845 5350 2944 5419; x_wconf 81' lang='grc' dir='ltr'>τὴν</span> <span class='ocrx_word' id='word_1_866' title='bbox 2993 5349 3130 5419; x_wconf 77' lang='grc' dir='ltr'>πρὸς</span> <span class='ocrx_word' id='word_1_867' title='bbox 3174 5348 3339 5401; x_wconf 77' lang='grc' dir='ltr'>αὐτον</span> <span class='ocrx_word' id='word_1_868' title='bbox 3380 5348 3551 5403; x_wconf 80' lang='grc' dir='ltr'>ὲνδιάο</span> 
     </span>
    </p>
   </div>
   <div class='ocr_carea' id='block_1_118' title="bbox 1972 5438 3549 5518">
    <p class='ocr_par' dir='ltr' id='par_1_118' title="bbox 1972 5438 3549 5518">
     <span class='ocr_line' id='line_1_119' title="bbox 1972 5438 3549 5518; baseline -0.005 -16"><span class='ocrx_word' id='word_1_869' title='bbox 1972 5447 2123 5502; x_wconf 84' lang='grc' dir='ltr'>θετον</span> <span class='ocrx_word' id='word_1_870' title='bbox 2156 5445 2358 5518; x_wconf 83' lang='grc' dir='ltr'>σχέσιν.</span> <span class='ocrx_word' id='word_1_871' title='bbox 2394 5443 2459 5497; x_wconf 85' lang='grc' dir='ltr'>Τί</span> <span class='ocrx_word' id='word_1_872' title='bbox 2505 5441 2617 5513; x_wconf 87' lang='grc' dir='ltr'><strong>γάρ</strong></span> <span class='ocrx_word' id='word_1_873' title='bbox 2648 5456 2847 5511; x_wconf 75' lang='grc' dir='ltr'>φησινς</span> <span class='ocrx_word' id='word_1_874' title='bbox 2910 5438 3301 5510; x_wconf 74' lang='grc' dir='ltr'>Ἀπάγγειλόν</span> <span class='ocrx_word' id='word_1_875' title='bbox 3314 5457 3440 5509; x_wconf 81' lang='grc' dir='ltr'>μοι,</span> <span class='ocrx_word' id='word_1_876' title='bbox 3479 5438 3549 5493; x_wconf 76' lang='grc' dir='ltr'><strong>ὃν</strong></span> 
     </span>
    </p>
   </div>
   <div class='ocr_carea' id='block_1_119' title="bbox 1978 5528 3547 5613">
    <p class='ocr_par' dir='ltr' id='par_1_119' title="bbox 1978 5528 3547 5613">
     <span class='ocr_line' id='line_1_120' title="bbox 1978 5528 3547 5613; baseline -0.003 -21"><span class='ocrx_word' id='word_1_877' title='bbox 1978 5540 2295 5613; x_wconf 67' lang='grc' dir='ltr'>ἠγάπησεν</span> <span class='ocrx_word' id='word_1_878' title='bbox 2338 5539 2371 5606; x_wconf 71' lang='grc' dir='ltr'><em>ἡ</em></span> <span class='ocrx_word' id='word_1_879' title='bbox 2420 5533 2591 5604; x_wconf 71' lang='grc' dir='ltr'>ψυχή</span> <span class='ocrx_word' id='word_1_880' title='bbox 2619 5550 2761 5603; x_wconf 83' lang='grc' dir='ltr'>μου,</span> <span class='ocrx_word' id='word_1_881' title='bbox 2799 5531 2917 5585; x_wconf 80' lang='grc' dir='ltr'><strong>ποῦ</strong></span> <span class='ocrx_word' id='word_1_882' title='bbox 2951 5532 3300 5600; x_wconf 77' lang='grc' dir='ltr'>ποιμαίνεις,</span> <span class='ocrx_word' id='word_1_883' title='bbox 3351 5531 3391 5600; x_wconf 80' lang='grc' dir='ltr'><strong><em>ἣ</em></strong></span> <span class='ocrx_word' id='word_1_884' title='bbox 3434 5528 3547 5587; x_wconf 66' lang='grc' dir='ltr'><strong>ποῦ</strong></span> 
     </span>
    </p>
   </div>
  </div>
