3752 5984
191 195 289 249 80!

1251 185 1318 240 IN
1338 181 1635 239 CANTICA
1665 178 1935 237 CANTIC.
1982 181 2262 237 "OMILIA
2312 184 2376 240 ΙΙ.

3343 190 3448 245 ἰ)οᾶ

190 304 474 370 κε-ιτιὶζεις
532 305 603 358 ἐν
656 304 995 375 μεσημϐρίᾳ
1015 320 1030 335 ο
1091 302 1325 372 μήποτε
1381 300 1634 371 γένωμαι
1688 299 1751 363 ὡς

1935 314 2127 366 nquam
2187 299 2382 352 amicta
2449 297 2504 352 in
2567 299 2809 369 gregibus
2876 301 3140 356 sodalium
3216 311 3445 355 tuorum.

189 396 670 466 περιϐαλλομένη
718 397 811 450 ἐπ’
867 394 1115 466 ἀγέλαις
1169 393 1289 447 τῶν
1329 392 1578 461 ἑταίρων
1628 407 1764 445 σου.

189 489 302 542 Ποῦ
332 489 659 560 ποιμαίνεις,
695 488 725 540 6
767 488 973 558 ποιμὴν
999 488 1027 540 6
1061 485 1243 550 καλὸς,
1273 487 1302 538 6
1333 485 1500 555 αἴρων
1527 482 1618 534 ἐπὶ
1662 480 1769 534 τῶν

189 578 356 651 ὤμων
388 580 508 634 ὅλον
541 579 604 633 τὸ
642 580 923 651 ποίμνιον;
954 578 1013 631 ἓν
1038 577 1146 649 γάρ
1185 578 1301 628 ἔστι
1330 575 1600 646 πρόϐατον
1621 574 1770 627 πᾶσα

187 673 222 743 ἡ
275 669 594 741 ἀνθρωπίνη
648 668 832 739 φύσις,
884 670 951 741 ἣν
996 668 1089 721 ἐπὶ
1139 667 1247 721 τῶν
1289 666 1453 737 ὤμων
1491 663 1766 727 ἀνέλασες.

187 762 378 827 Δεῖξόν
434 779 524 832 μοι
575 761 666 813 τὸν
698 760 861 814 τόπον
912 760 1010 830 τῆς
1055 758 1236 830 χλόης,
1267 756 1533 827 γνώρισόν
1573 772 1661 826 μοι
1711 754 1770 807 τὸ

188 853 339 926 ὕδωρ
364 855 464 926 τῆς
496 852 876 915 ἀναπαύσεως,
905 851 1139 921 ἐξάγαγε
1172 867 1239 921 με
1281 848 1418 920 πρὸς
1459 848 1556 920 τὴν
1583 847 1771 917 τρόφιο

190 963 294 1018 μον
335 945 495 1011 πόαν,
525 944 754 998 κάλεσόν
785 961 852 1014 με
893 944 958 997 ὲκ
983 942 1076 996 τοῦ
1108 942 1391 1012 ὀνόματος,
1426 941 1513 994 ἴνα
1553 941 1771 995 ἀκούσω

184 1036 291 1106 τῆς
326 1034 506 1106 φωνῆς
538 1051 654 1099 σου,
698 1033 810 1103 ἐγὼ
852 1033 913 1087 τὺ
944 1034 1035 1088 σὺν
1064 1034 1337 1105 πρόϐατον
1361 1051 1375 1064 ο
1429 1032 1524 1086 καὶ
1550 1031 1639 1096 δός
1681 1050 1769 1101 μοι

184 1127 276 1180 διὰ
312 1130 414 1198 τῆς
445 1126 633 1197 φωνῆς
665 1142 758 1179 σου
796 1125 894 1197 τὴν
932 1126 1077 1198 ζωὴν
1121 1124 1220 1195 τὴν
1262 1125 1499 1179 αἰώνιον.
1563 1123 1769 1193 Ἆπάγ-

183 1220 396 1287 τειλόν
420 1235 543 1287 μοι,
564 1217 638 1270 ὃν
663 1216 981 1285 ἠγάπησεν
1013 1217 1051 1285 ἠ
1079 1215 1249 1286 ψυχή
1290 1236 1430 1286 μου.
1470 1216 1627 1271 Οὕτω
1663 1217 1770 1289 γάρ

186 1326 249 1361 σε
276 1307 652 1379 κατονομάζω,
683 1308 868 1379 ἐπειδὴ
894 1309 957 1362 τὺ
980 1309 1151 1379 ὄνομά
1199 1326 1292 1362 σου
1322 1309 1462 1380 ὑπὲρ
1491 1311 1597 1363 πᾶν
1622 1310 1771 1362 ἐστιν

182 1399 383 1469 ὄνομα,
413 1399 509 1452 καὶ
538 1400 687 1471 πάσῃ
708 1398 898 1471 λογικῇ
923 1399 1082 1467 φύσει
1106 1399 1378 1471 άφραστόν
1409 1417 1468 1453 τε
1497 1400 1590 1454 καὶ
1626 1401 1771 1471 ἀχώ-

189 1506 371 1560 ρητον.
433 1490 643 1543 Οὐκοῦν
697 1489 871 1561 ὄνομά
921 1491 1039 1543 ἐστι
1100 1490 1458 1562 γνωριστικὸν
1517 1490 1614 1561 τῆς
1671 1491 1770 1562 σῆς

184 1577 541 1649 ἀγαθότητος,
572 1581 605 1650 ἡ
637 1579 734 1650 τῆς
765 1579 942 1651 ψυχῆς
975 1596 1075 1650 μου
1107 1579 1236 1651 περὶ
1284 1580 1344 1633 σὲ
1390 1580 1591 1650 σχέσις.
1643 1579 1769 1644 Πῶς

182 1643 300 1738 γάρ
334 1684 392 1721 σε
416 1643 498 1738 ’μὴ
527 1643 818 1738 ἀγάπῆσω,
976 1643 1126 1723 ὀὕτω
1166 1643 1233 1740 με
1263 1643 1645 1741 ἀγαπησάντα,
1676 1643 1769 1725 καί.
1804 1643 1842 1697 1³

181 1757 362 1812 ταῦτα
411 1759 673 1828 μέλαιναν
714 1755 902 1823 οὖσαν,
949 1760 1090 1814 ὥστε
1136 1760 1233 1832 τὴν
1269 1762 1445 1834 ψυχήν
1483 1778 1576 1815 σου
1629 1763 1769 1834 ὑπὲρ

181 1849 300 1903 τῶν
324 1850 609 1920 προϐάτων
631 1851 824 1915 θεῖναι,
855 1852 892 1907 ἃ
919 1854 983 1908 σὺ
1011 1855 1316 1925 ποιμαίνεις
1340 1873 1356 1923 ;
1383 1854 1618 1920 Μείζονα
1639 1854 1769 1908 ταύ-

179 1960 289 2015 της
335 1943 556 2015 ἀγάπην
601 1945 701 1998 οὐκ
745 1944 895 1999 ἔστιν
924 1945 1290 2017 ὲπινοῆσαι,ἢ
1330 1946 1392 1999 τὸ
1420 1949 1485 2017 τῇ
1529 1949 1593 2017 σῇ
1622 1946 1765 2016 ψυχῇ

178 2035 291 2106 τὴν
331 2034 603 2105 σωτηρίαν
630 2035 729 2107 τὴν
759 2035 897 2107 ἐμὴν
943 2038 1397 2103 ἀνταλλάξασθαι.
1449 2040 1631 2107 Δεῖξον
1674 2037 1767 2094 οὖν

183 2136 305 2190 μοι,
341 2121 495 2189 φησὶ,
528 2120 632 2174 ποῦ
679 2124 1004 2192 ποιμαίνεις,
1037 2125 1122 2179 ἵνα
1171 2126 1407 2199 εὑροῦσα
1447 2128 1546 2201 τὴν
1596 2131 1770 2200 σωτή-

181 2227 308 2281 ριον
331 2211 522 2282 νομὴν,
552 2212 850 2286 ἐμφορηθῶ
876 2215 975 2286 τῆς
999 2217 1256 2289 οὐρανίας
1280 2220 1505 2290 τροφῆς.
1531 2214 1598 2291 ἧς
1629 2224 1657 2275 ὁ
1692 2221 1764 2293 μὴ

180 2302 401 2372 φαγὼν,
432 2306 493 2357 οὐ
519 2304 739 2359 δύναται
781 2307 861 2371 είς
886 2307 984 2378 τὴν
1015 2308 1161 2380 ζωὴν
1189 2310 1448 2364 εἰσελθεῖν
1468 2329 1481 2342 ·
1520 2313 1614 2366 καὶ
1635 2313 1767 2383 δρα-

185 2393 368 2462 μοῦσα
402 2394 537 2466 πρὸς
566 2396 625 2448 σὲ
651 2395 750 2467 τὴν
798 2398 999 2470 πηγὴν,
1031 2400 1224 2454 σπάσω
1265 2400 1357 2455 τοῦ
1409 2403 1554 2456 θείου
1587 2404 1767 2473 πόμα-

181 2496 304 2544 τος,
332 2480 360 2532 6
406 2482 470 2534 σὺ
503 2485 616 2546 τοῖς
645 2483 838 2553 διψῶσι
873 2486 1160 2557 πηγάξεις,
1208 2490 1488 2561 προσχέων
1516 2493 1576 2546 τὺ
1623 2493 1766 2565 ὕδωρ

180 2573 253 2626 ὲκ
281 2572 383 2642 τῆς
421 2572 684 2646 πλευρᾶς,
714 2574 808 2629 τοῦ
843 2577 1058 2650 σιδήρου
1088 2579 1185 2651 τὴν
1215 2581 1384 2650 φλέϐα
1408 2583 1609 2657 ταύτην
1632 2584 1767 2639 άνα-

182 2663 606 2734 στημώσαντος·
644 2660 706 2719 οὗ
736 2669 766 2721 6
793 2671 1128 2740 γευσάμενος
1170 2675 1320 2746 πηγὴ
1363 2675 1572 2745 γίνεται
1611 2678 1766 2732 ἀλλο-

184 2752 637 2827 μένου⁴είςζωὴν
673 2758 907 2814 αἰώνιον.
939 2763 1040 2817 “Av
1066 2764 1174 2835 γὰρ
1203 2767 1260 2818 ὲν
1306 2766 1513 2832 τούτοις
1554 2787 1622 2840 με
1649 2787 1766 2825 ποι-

184 2844 390 2915 μάνῃς,
420 2846 692 2910 κοιτάσεις
725 2848 791 2919 μὲ
822 2848 1037 2914 πάντως
1076 2853 1134 2904 ἐν
1179 2856 1514 2929 μεσημῦρίᾳ,
1538 2859 1665 2913 ὅταν
1705 2861 1764 2915 ὲν

180 2936 517 3037 εἰρήνῃιὲπὶ
552 2937 613 2989 τὸ
650 2938 780 2992 αὐτὸ
825 2941 1167 3013 κοιμηθεῖσα,
1201 2944 1257 2996 ὲν
1296 2945 1373 3015 τῷ
1412 2948 1586 3019 ἀσκίῳ
1627 2952 1765 3019 φωτὶ
1791 2978 1835 3037 c

178 3025 575 3113 ἀναπαύσομαι
595 3043 608 3060 ι
644 3028 832 3093 ἀσκιος
857 3033 965 3102 γὰρ
997 3036 1331 3106 πανταχόθεν
1362 3039 1395 3109 ὴ
1428 3041 1762 3113 μεσημϐρία,

177 3112 285 3206 τοῦ
313 3114 464 3186 ἡλίου
491 3117 589 3189 τῆς
627 3122 869 3192 κορυφῆς
900 3123 1364 3196 ὑπερλάμποντος,
1406 3131 1465 3185 ἐν
1564 3133 1628 3185 σὺ
1655 3112 1767 3188 κοι-

177 3204 378 3269 τάζεις
420 3207 546 3271 τοὺς
575 3209 680 3263 ὑπὸ
722 3210 816 3264 σοῦ
853 3215 1269 3283 ποιμανθέντας,
1305 3220 1431 3276 ὅταν
1468 3204 1537 3276 τά
1579 3225 1768 3281 παιδία

179 3313 286 3387 σου
315 3296 442 3387 δέξῃ
472 3299 861 3387 μετὰῗνσεαυτοῦ
887 3305 966 3367 εἰς
996 3304 1093 3377 τὴν
1131 3307 1334 3380 κοίτην.
1373 3313 1558 3378 Οὐδεὶς
1583 3315 1639 3368 δὲ
1668 3317 1764 3387 τῆς

174 3382 546 3476 ἀξιαπαῦσεως
571 3386 672 3457 τῆς
701 3391 1076 3464 μεσημϐρινῆς
1106 3396 1367 3462 ἀξιοῦται,
1402 3402 1477 3474 μὴ
1506 3404 1619 3468 υἱὸς
1655 3382 1769 3476 φυᾷ.

174 3466 279 3529 τὸς
307 3469 401 3521 καὶ
419 3472 633 3542 ἡμέρας
672 3478 963 3549 γενόμενος
985 3499 999 3514 ο
1026 3485 1055 3537 6
1095 3484 1151 3537 δὲ
1185 3488 1323 3541 κατά
1347 3466 1415 3543 τὸ⁷
1437 3466 1548 3546 ἴσον
1576 3466 1766 3550 ἑαυτὸν

172 3555 281 3609 τοῦ
311 3574 371 3654 τε
400 3560 686 3654 ἑσπερινοῦ
717 3567 810 3619 καὶ
840 3568 932 3622 τοῦ
963 3571 1210 3644 ὀρθρινοῦ
1240 3577 1460 3643 σκότους
1503 3585 1763 3654 χωρίσας,

173 3648 464 3747 τουτέστιν
489 3653 623 3747 ὅπου
649 3657 872 3745 ἄρχεται
897 3661 955 3715 τὸ
978 3665 1143 3720 κακὸν
1165 3668 1258 3721 καὶ
1283 3670 1365 3732 είς
1386 3670 1415 3723 ὃ
1445 3648 1764 3747 καταλήγει,

173 3732 362 3833 οῦτος,
392 3741 451 3793 ἐν
477 3744 540 3813 τῇ
592 3736 908 3823 μεσημϐρίᾳ
934 3754 1083 3824 παρὰ
1120 3757 1213 3810 τοῦ
1246 3758 1397 3830 ἡλίου
1439 3763 1538 3833 τῆς
1563 3732 1767 3821 δικάιοᾇ

176 3827 357 3899 σύνης
408 3832 736 3897 κοιτάζεται.
794 3839 1064 3913 Γνώρισον
1109 3841 1201 3901 οὗν
1255 3827 1380 3919 μοι,
1425 3827 1593 3925 φησὶ,
1650 3857 1766 3924 πῶς

170 3919 291 4020 χρὴ
338 3922 708 4020 κοιτάζεσθαι,
741 3929 836 3983 καὶ
881 3932 967 3997 τίς
1013 3937 1045 4006 ἡ
1094 3937 1218 4001 ὁδὸς
1247 3941 1347 4011 τῆς
1389 3919 1766 4020 μεσημδρινῆς

171 4011 581 4106 ἀναπαύσεως·
634 4019 845 4089 μήποτέ
895 4039 962 4092 με
1007 4025 1106 4095 τῆς
1150 4027 1360 4101 ἀγαθῆς
1394 4011 1766 4106 χειραγωγίας

170 4102 592 4197 ἀπο-σφαλεῖσαν
642 4111 764 4173 ταῖς
808 4110 1119 4184 ἀλλοτρίαις
1163 4117 1270 4173 τῶν
1333 4121 1444 4177 σῶν
1491 4102 1765 4197 ποιμνίων

171 4191 411 4286 ἀγέλαις
443 4196 475 4265 ἠ
502 4196 602 4266 τῆς
643 4198 901 4271 ἀληθείας
948 4203 1140 4272 ἄγνοια
1170 4212 1530 4286 συναγελάσῃ.
1581 4191 1767 4273 'i‘aiirat

1875 388 1971 444 Ubi
2026 392 2243 459 pascis,
2303 407 2337 447 ο
2390 399 2577 461 pastor
2625 392 2800 458 bone,
2835 395 2928 463 qui
2978 409 3143 459 super
3187 393 3448 449 humeros

1868 482 2018 536 tollis
2064 490 2240 535 totum
2290 498 2508 552 gregem
2561 483 2604 514 ¹⁹
2653 483 2795 551 (una
2844 484 2987 537 enim
3030 494 3115 539 est
3156 484 3275 539 ovis
3320 482 3445 537 uni-

1869 587 2026 627 versa
2064 572 2303 627 humana
2345 585 2538 628 natura
2564 613 2579 636 ,
2612 588 2777 644 quam
2812 574 3103 643 suscepisti
3149 590 3312 644 super
3345 573 3447 627 hu-

1869 661 2120 734 meros)?
2142 664 2371 720 ostende
2411 664 2544 718 mihi
2575 665 2758 718 locum
2791 664 3034 734 quietis,
3069 665 3209 719 educ
3254 680 3340 719 me
3378 662 3446 717 ad

1867 755 2094 811 herbam
2129 755 2325 810 bonam
2362 756 2427 810 ad
2457 754 2848 822 nutriendum,
2879 770 3014 809 voca
3052 771 3137 812 me
3166 771 3232 811 ex
3265 754 3448 809 nomi-

1868 864 1969 915 ne,
2004 855 2063 903 ut
2087 862 2191 919 ego
2218 849 2312 919 qui
2346 863 2467 903 sum
2501 850 2620 904 ovis
2643 888 2659 914 ,
2690 848 2908 903 audiam
2935 856 3086 903 tuam
3122 864 3311 903 vocem
3340 867 3353 900 :
3392 855 3448 903 et

1867 950 2093 1012 propter
2162 950 2327 1003 tuam,
2366 955 2554 996 vocem
2609 941 2677 996 da
2728 940 2862 995 mibi
2912 941 3078 995 vitam
3128 950 3387 995 aeternam
3428 957 3442 994 :

1869 1031 2129 1087 Renunlia
2180 1032 2490 1103 mihi,quem
2519 1033 2695 1103 diligit
2735 1033 2917 1085 anima
2980 1049 3119 1088 mea.
3174 1033 3252 1086 Ita
3297 1032 3446 1087 enim

1869 1130 1923 1179 te
1951 1125 2212 1187 nomino,
2257 1123 2517 1194 quoniam
2562 1139 2763 1179 nomen
2810 1132 2967 1178 tuum
3009 1132 3236 1194 supcrat
3284 1137 3446 1179 omne

1868 1228 2067 1267 nomen
2094 1227 2424 1282 omnemque.
2453 1212 2873 1283 intelligentiam
2896 1251 2911 1277 ,
2937 1227 3039 1268 nec
3069 1214 3326 1267 universa
3350 1227 3449 1265 na-

1869 1311 1994 1358 tura
2023 1304 2300 1375 particeps
2329 1305 2562 1360 rationis
2590 1303 2644 1358 id
2679 1304 2833 1359 ell'ari
2864 1312 3041 1374 potest
3074 1311 3169 1357 aut
3203 1317 3450 1373 compre-

1870 1395 2129 1451 uendere.
2173 1393 2380 1450 Nomen
2431 1409 2563 1466 ergo
2598 1402 2754 1449 tuum
2780 1434 2796 1459 ,
2823 1410 2933 1465 quo
2965 1404 3057 1449 tua
3092 1395 3450 1465 cognoscitur

1870 1489 2125 1556 bonitas,
2182 1495 2269 1543 est
2322 1501 2456 1542 mea:
2505 1487 2704 1541 anima:
2750 1500 2882 1558 erga
2935 1496 2988 1542 te
3045 1486 3445 1545 benevolentia.

1871 1579 2158 1647 Quomodo
2195 1578 2340 1633 enim
2370 1585 2426 1633 te
2456 1592 2567 1633 non
2593 1576 2851 1648 diligam,
2905 1578 2999 1648 qui
3046 1592 3131 1633 me
3178 1578 3260 1633 sic
3306 1576 3448 1633 dile-

1874 1671 2002 1725 xisti
2029 1708 2044 1734 ,
2080 1668 2299 1725 etiamsi
2330 1667 2468 1723 adeo
2501 1670 2656 1739 nigra
2687 1682 2865 1723 essem
2887 1706 2904 1733 ,
2933 1674 2992 1722 ut
3023 1667 3261 1721 animam
3298 1679 3447 1721 tuam

1871 1762 2125 1835 posueris
2160 1776 2260 1831 pro
2307 1760 2506 1816 ovibus
2555 1775 2694 1831 quas
2736 1768 2795 1815 tu
2845 1756 3069 1831 pascis?
3098 1757 3217 1813 Non
3269 1765 3448 1837 potest

1874 1853 2101 1924 cogitari
2161 1854 2263 1907 bac
2324 1852 2501 1923 major
2568 1851 2837 1916 dilectio,
2898 1864 3064 1920 quam
3116 1857 3209 1903 tua
3264 1854 3449 1903 anima

1873 1954 2049 1996 meam
2081 1948 2399 2011 permutare
2432 1942 2691 1998 salutem.
2720 1938 2863 1995 Doce
2896 1954 2982 1993 me
3008 1939 3196 2007 igitur,
3229 1938 3445 2007 inquit,

1873 2032 1966 2088 ubi
2004 2046 2237 2102 pascas,
2270 2039 2329 2084 ut
2380 2031 2611 2086 salutari
2663 2032 2885 2085 inventa
2940 2030 3189 2100 pastione
3235 2027 3448 2083 cmlesti

1870 2123 2101 2193 implear
2133 2124 2511 2189 nutrimento,
2554 2120 2703 2192 quod
2743 2123 2836 2192 qui
2873 2137 2982 2177 non
3023 2121 3289 2184 comedit,
3337 2136 3448 2174 non

1872 2221 2051 2282 potest
2081 2212 2291 2284 ingredi
2318 2212 2373 2266 in
2407 2212 2571 2266 vitam
2613 2221 2874 2267 aeternam
2902 2227 2917 2278 ;
2951 2222 3006 2269 et
3048 2228 3348 2270 accurrens
3381 2213 3450 2267 ad

1870 2304 2074 2359 fontem
2101 2343 2116 2368 ,
2168 2304 2413 2359 divinum
2458 2311 2647 2374 potum
2689 2304 2971 2371 hauriam,
3014 2321 3177 2377 quem
3226 2314 3281 2360 tu
3325 2312 3447 2359 tan-

1871 2408 2037 2462 quam
2061 2408 2128 2448 ex
2144 2390 2292 2448 fonte
2315 2392 2526 2463 praebes
2546 2393 2880 2460 sitientibus,
2896 2411 3093 2466 aquam
3110 2392 3447 2467 profundens

1869 2500 1934 2539 ex
1989 2493 2083 2538 tuo
2114 2483 2284 2538 latere
2307 2523 2323 2550 ,
2374 2482 2518 2538 ferro
2554 2483 2656 2539 hac
2695 2500 2834 2540 vena
2870 2494 3059 2557 aperta
3086 2527 3101 2552 ,
3136 2501 3301 2557 quam
3352 2487 3446 2557 qui

1868 2574 2192 2643 gustaverit,
2209 2573 2268 2626 tit
2286 2572 2409 2630 fons
2425 2588 2581 2644 aquae
2601 2576 2851 2633 salientis
2872 2577 2939 2631 ad
2969 2577 3136 2631 vitam
3163 2584 3444 2634 aeternam.

1871 2666 1927 2720 Si
1958 2667 2103 2721 enim
2133 2665 2188 2719 in
2219 2666 2304 2720 his
2329 2681 2416 2721 me
2438 2681 2659 2737 pascas,
2691 2684 2777 2723 me
2803 2669 3029 2724 omnino
3056 2667 3225 2724 iacies
3244 2668 3449 2724 cubare

1869 2758 1924 2811 in
1960 2758 2222 2822 meridie,
2256 2759 2478 2826 quando
2513 2764 2566 2812 In
2603 2773 2788 2829 pacem
2820 2759 2984 2815 simul
3016 2759 3331 2824 dormiens,
3362 2775 3449 2816 re-

1869 2847 2147 2919 quiescam
2171 2847 2225 2901 in
2256 2847 2375 2901 luce
2403 2863 2525 2917 qua:
2547 2856 2697 2904 caret
2721 2849 2952 2916 umbra;
2987 2848 3255 2920 siquidem
3289 2849 3450 2904 meri-

1869 2939 1988 2993 dies
2010 2937 2203 2992 umbra
2228 2947 2399 3002 caret,
2419 2939 2532 2994 sole
2556 2940 2769 2994 lucente
2793 2956 2957 3010 super
2973 2943 3257 3007 verticem,
3273 2942 3446 3012 inqua

1868 3037 1925 3083 tu
1962 3029 2165 3084 cubare
2190 3027 2327 3084 facis
2354 3044 2451 3086 eos
2481 3045 2619 3101 quos
2648 3039 2704 3085 tu
2743 3031 2961 3102 pavisti,
2977 3034 3197 3104 quando
3225 3040 3283 3088 tu
3317 3048 3449 3102 pue-

1866 3134 1957 3174 ros
1987 3129 2109 3174 tuos
2132 3119 2375 3190 excipies
2412 3129 2592 3176 tecum
2628 3122 2682 3176 in
2716 3123 2918 3178 cubile.
2945 3123 3114 3179 Nemo
3141 3136 3318 3179 autem
3347 3124 3448 3179 hac

1868 3212 2170 3265 meridiana
2208 3214 2400 3281 requie
2436 3212 2635 3283 dignus
2690 3225 2965 3282 censetur,
3013 3217 3104 3287 qui
3143 3233 3250 3270 non
3283 3215 3448 3272 fuerit

1866 3305 2013 3360 ﬁlius
2042 3306 2204 3371 lucis,
2237 3316 2291 3361 et
2329 3308 2473 3363 lilius
2515 3307 2766 3375 diei.Qui
2795 3318 2975 3364 autem
2997 3325 3055 3365 se
3087 3326 3148 3365 ex
3172 3324 3328 3379 aequo
3362 3324 3447 3365 se-

1865 3396 2085 3466 paravit
2146 3412 2176 3450 a
2227 3398 2557 3465 vespertinis
2605 3408 2657 3453 et
2696 3400 2984 3455 matutinis
3036 3402 3300 3469 tenebris,
3343 3403 3447 3456 hoc

1867 3497 1974 3549 est,
2010 3488 2103 3541 ubi
2131 3488 2322 3557 incipit
2348 3489 2550 3543 malum
2567 3496 2621 3544 et
2650 3489 2706 3542 in
2735 3490 2881 3559 quod
2912 3492 3138 3558 desinit,
3162 3493 3206 3547 is
3240 3494 3292 3548 in
3328 3510 3442 3550 me-

1865 3581 2026 3643 ridie,
2071 3590 2131 3635 ut
2159 3581 2213 3635 in
2261 3597 2327 3637 eo
2357 3581 2542 3646 cubet,
2589 3581 2894 3638 collocatur
2946 3599 2976 3637 a
3028 3586 3144 3640 sole
3188 3586 3438 3655 justitim.

1869 3672 2128 3744 Signilica
2161 3688 2291 3743 ergo
2325 3672 2481 3737 mihi,
2514 3672 2715 3742 inquit,
2758 3674 3037 3744 quomodo
3065 3683 3313 3746 oporteat
3341 3694 3445 3732 cu-

1867 3765 2001 3821 bare
2043 3774 2099 3819 et
2152 3779 2401 3835 pascere,
2432 3773 2485 3819 et
2517 3780 2769 3834 quaenam
2821 3766 2895 3821 sit
2924 3766 3009 3821 via
3047 3768 3250 3839 quietis
3287 3771 3446 3824 meri-

1866 3856 2074 3922 diamc;
2124 3871 2189 3910 ne
2222 3855 2361 3911 forte
2402 3872 2432 3910 a
2476 3872 2673 3913 manus
2723 3870 2830 3913 tuae
2858 3858 3186 3915 deductione
3219 3860 3442 3930 delapsa

1864 3946 2116 4003 veritatis
2177 3947 2508 4017 ignorantia,
2561 3948 2724 4005 simul
2764 3964 3066 4021 congreger
3106 3965 3228 4005 cum
3273 3954 3443 4023 gregi-

1865 4041 1969 4095 bus
2003 4039 2197 4095 alienis
2226 4055 2255 4093 a
2298 4041 2410 4096 tuis
2444 4042 2659 4098 ovibus.
2691 4040 2817 4099 llaec
2849 4042 3004 4109 dixit,
3031 4043 3099 4099 de
3126 4045 3438 4114 pulchritu-

1866 4130 1999 4187 dine
2032 4147 2154 4202 qua:
2186 4131 2235 4186 ei
2259 4132 2461 4186 accidit
2491 4133 2756 4190 divinitus
2787 4135 3118 4201 sollicita,et
3148 4138 3335 4193 volens
3360 4138 3442 4191 in-

1870 4225 2114 4295 telligere
2137 4240 2246 4295 quo
2280 4234 2442 4297 pacto
2490 4229 2537 4283 ei
2599 4230 2652 4283 in
2692 4237 3013 4300 perpetuum
3062 4241 3277 4285 maneat
3314 4247 3440 4301 pro—

170 4279 305 4389 εϊπε
334 4287 465 4356 περὶ
490 4286 596 4394 ποῦ
629 4292 925 4362 γενομένου
959 4295 1194 4363 κάλλους
1220 4301 1388 4372 αὐτῆς
1413 4279 1597 4361 θεόθεν
1621 4308 1751 4377 ἁγω

1937 4317 2124 4371 eritas.
2193 4279 2301 4371 Sed
2356 4333 2490 4373 voce
2537 4279 2725 4391 sponsri
2771 4279 3013 4375 urendum
3062 4328 3146 4377 est
3193 4279 3436 4394 dignata,

168 4376 379 4475 νιῶσα,
419 4378 513 4475 καὶ
549 4380 698 4446 ὅπως
738 4383 805 4437 ἂν
834 4386 914 4449 είς
941 4387 1002 4440 τὸ
1028 4388 1274 4461 διηνεκὲς
1296 4397 1602 4468 παραμένοι
1628 4401 1765 4475 αὐτῇ

168 4472 208 4542 ἡ
248 4471 545 4543 εὐμορφία,
583 4475 772 4545 μαθεῖν
818 4476 1062 4549 ἀξιοῦσα.
1114 4482 1253 4535 Ἀλλ’
1282 4485 1434 4541 οῦπω
1481 4471 1770 4556 ἴςιιταξμοῦζ

166 4562 410 4657 ται-,τῆς
454 4562 548 4616 τοῦ
601 4566 834 4657 νυμφίου
866 4569 1071 4641 φωνῆς,
1100 4572 1194 4625 τοῦ
1251 4573 1385 4629 Θεοῦ
1432 4581 1558 4650 περὶ
1599 4583 1770 4657 αὐτῆς

165 4652 429 4722 κρεῖττόν
470 4671 535 4741 τι,
569 4656 1011 4729 προσλεψαμένου
1037 4679 1051 4691 ·
1100 4662 1176 4727 ὡς
1211 4663 1278 4718 ἂν
1310 4668 1391 4731 είς
1424 4670 1646 4739 μείζονα
1679 4652 1772 4729 πό-

166 4744 270 4838 θον
444 4746 739 4817 ἐπιθυμίαν
768 4750 939 4823 αὐτῆς
968 4754 1373 4830 ἀναφλέξειενή
1403 4762 1641 4837 ἀναϐολὴ
1661 4770 1762 4838 τῆς

164 4833 553 4902 ἀπολαύσεως,
591 4838 731 4893 ὥστε
765 4843 1163 4917 συναυξηθῆναι
1204 4848 1282 4920 τῷ
1332 4851 1482 4922 πόθῳ
1525 4833 1641 4927 τὴν⁷
1666 4833 1759 4914 εῦ-

166 4926 458 5019 φροσύνην
476 4943 490 4957 ο
527 4929 642 4983 ἀλλ’
666 4933 716 4985 οἱ
737 4933 879 5002 φίλοι
910 4936 1005 4990 τοῦ
1035 4939 1269 5010 νυμφίου
1297 4943 1431 5014 πρὸς
1453 4926 1622 5019 αὐτην
1644 4951 1758 5009 δια-

164 5016 448 5083 λέγονται,
488 5019 581 5073 τὸν
622 5022 824 5094 τρόπον
874 5028 974 5098 τῆς
1024 5026 1135 5081 τῶν
1184 5032 1495 5101 προσόντων
1537 5016 1756 5107 ἀγαθῶν

1865 4423 1989 4462 cum
2026 4407 2171 4465 Deus
2204 4408 2272 4465 de
2307 4424 2369 4465 ea
2402 4412 2599 4468 melius
2647 4412 2978 4482 provideret,
3044 4421 3102 4468 ut
3129 4414 3197 4470 ad
3260 4416 3438 4485 majus

1867 4497 2202 4554 desiderium
2261 4500 2384 4568 ejus
2444 4505 2772 4559 accenderet
2838 4504 3193 4574 cupiditatem
3247 4505 3439 4562 dilatio

1867 4589 2116 4647 fruenda:
2137 4593 2457 4664 voluptatis,
2491 4601 2550 4648 ut
2574 4610 2699 4649 cum
2738 4596 3016 4652 desiderio
3066 4596 3229 4653 simul
3273 4613 3439 4668 auge-

1868 4689 2021 4738 retur
2045 4683 2271 4752 laetitia;
2311 4685 2407 4740 sed
2443 4685 2606 4741 amici
2654 4688 2843 4757 sponsi
2887 4704 3007 4744 eam
3058 4690 3437 4760 alloquuntur,

1868 4775 2148 4844 quomodo
2176 4775 2287 4830 sint
2315 4776 2367 4830 in
2394 4784 2514 4831 tuto
2544 4776 2751 4844 futura,
2793 4795 2916 4851 quae
2941 4781 2991 4836 ei
3023 4780 3226 4837 adsunt
3270 4780 3437 4845 bona,

1867 4866 2214 4921 consulendo
2259 4876 2618 4937 exponentes.
2652 4868 2749 4925 Est
2799 4877 2980 4927 autem
3025 4878 3168 4926 tecta
3218 4886 3436 4942 quoque

1863 4971 2057 5012 eorum
2087 4957 2269 5012 oratio
2298 4969 2528 5031 propter
2560 4960 2977 5018 obscuritatem.
3028 4961 3119 5018 Sic
3163 4964 3308 5018 enim
3344 4963 3434 5018 ha-

1865 5046 1958 5102 bet
1988 5045 2162 5102 dictio
2189 5065 2202 5101 :

510 5112 605 5221 6nd
654 5117 964 5221 συμξομλῆς
1004 5122 1394 5196 ὑφηγούμενοι.
1454 5131 1608 5187 Ἔστι
1654 5134 1711 5189 δὲ
1762 5139 2174 5212 κεκαλυμμένος
2205 5141 2272 5196 δι’
2315 5144 2585 5215 ἀσαφείας
2637 5148 2801 5204 καὶοὸ
2831 5150 2960 5221 παρ’
3000 5150 3225 5203 ἐκείνων
3257 5150 3435 5219 λόγος.

167 5197 333 5268 Ἔχει
363 5200 474 5270 γὰρ
502 5201 730 5277 οὖτωςή
760 5206 925 5274 λέξις*

256 5289 394 5345 Ἐὰν
420 5292 508 5362 μὴ
549 5295 707 5365 γνῷς
736 5301 1024 5371 σεαυτὴν,
1056 5306 1095 5374 ἡ
1136 5306 1293 5378 καλὴ
1340 5309 1411 5362 ἐν
1454 5310 1751 5384 γυναιξίν,

160 5379 384 5446 ἔξελθε
426 5385 510 5440 σὺ
553 5388 624 5442 ὲν
665 5391 946 5461 πτέρναις
979 5396 1100 5451 τῶν
1136 5401 1427 5470 ποιμνίων
1461 5379 1611 5473 σου,
1647 5379 1753 5463 *καί

248 5550 295 5586 ¹⁹
314 5553 653 5624 Malunt",
686 5557 773 5614 12.

1935 5320 1994 5377 Si
2067 5340 2171 5378 non
2241 5341 2525 5396 cognoscas
2608 5330 2864 5400 teipsam,
2931 5349 2960 5388 ο
3018 5332 3239 5403 pulchra
3298 5336 3433 5392 inter

1862 5413 2127 5479 mulieres,
2169 5415 2410 5486 egredere
2456 5428 2511 5473 tu
2548 5419 2604 5474 in
2646 5422 2876 5494 vestigiis
2913 5428 3142 5497 gregum
3198 5438 3434 5490 tuorum.
