3752 5984
356 212 458 265 803

1638 206 1695 259 S.
1730 202 2059 261 GREGORII
2098 201 2394 257 NYSSENI
3501 202 3584 259 £05

356 338 404 382 ct
463 344 619 396 pasce
680 326 861 381 ha’dos
912 326 967 378 in
1021 322 1379 379 tabernaculis
1445 330 1745 390 pastorum.
1805 319 1838 374 S

2098 320 2325 388 οιίμίιινε
2354 319 2491 384 τοὺς
2519 315 2875 387 ἑρίφουςέπὶ
2901 309 3249 385 σκηνώμασι
3272 313 3387 367 τῶν
3416 321 3580 386 ποιμέ-

355 436 453 475 sus
482 426 662 474 autem
692 419 885 473 horum
917 417 1213 472 verborum
1246 424 1327 473 est
1347 414 1674 469 manifestus
1710 429 1776 468 ex
1805 428 1938 467 con-

358 513 643 581 sequentia
679 527 871 566 eorum
897 526 1019 580 quae
1043 518 1172 565 sunt
1200 510 1538 564 examinata.
1569 508 1935 567 Constructio

359 611 539 656 autem
578 603 815 665 videtur,
876 603 1062 657 nescio
1111 602 1413 672 quomodo,
1457 616 1581 655 esse
1620 600 1802 654 minus
1852 601 1939 653 lu—

359 693 504 747 cida.
538 692 800 758 Quisnam
823 700 907 748 est
937 708 1067 763 ergo
1094 692 1334 747 sensus?
1354 691 1660 746 Tutissima
1691 706 1792 745 nos
1812 704 1940 744 con-

356 785 616 838 servandi
661 785 824 847 ratio,
877 793 961 839 est
994 784 1238 853 seipsum
1286 797 1396 837 non
1438 784 1718 853 ignorare,
1762 797 1940 851 neque

359 875 566 945 aliquid
600 876 745 929 aliud
778 890 943 945 quam
993 876 1139 946 quod
1181 875 1237 929 in
1271 890 1330 931 se
1357 882 1442 929 est
1480 868 1778 939 videntem,
1822 874 1939 927 exi-

362 966 594 1021 stimare
641 967 884 1036 seipsum
940 967 1185 1036 aspicere
1220 984 1233 1020 :
1269 966 1412 1036 quod
1453 967 1670 1036 quidem
1700 965 1768 1019 iis
1793 964 1942 1020 acci-

359 1055 441 1109 dit
461 1057 552 1126 qui
590 1057 804 1127 seipsos
830 1073 937 1111 non
986 1056 1426 1122 considerantes,
1483 1057 1653 1121 vires,
1703 1064 1795 1110 aut
1820 1056 1942 1126 pul-

354 1152 743 1214 chritudinem,
779 1161 873 1204 aut
902 1151 1154 1221 gloriam,
1199 1159 1293 1203 aut
1332 1150 1656 1219 potentiam,
1709 1156 1804 1202 aut
1839 1148 1934 1201 ali-

358 1259 497 1314 quas
534 1243 671 1297 alias
697 1241 1009 1306 facultates,
1042 1248 1137 1295 aut
1173 1240 1399 1302 fastum,
1425 1248 1520 1293 aut
1545 1240 1795 1310 corporis
1827 1255 1943 1294 mo—

359 1335 466 1390 lem
505 1349 569 1389 ac
597 1332 1053 1404 magnitudinem,
1085 1338 1180 1387 aut
1212 1330 1406 1385 formas
1446 1331 1800 1400 elegantiam,
1847 1340 1944 1386 aut

360 1425 568 1496 aliquid
605 1425 752 1479 aliud
778 1425 832 1478 in
865 1424 1066 1494 seipsis
1099 1422 1377 1485 videntes,
1409 1437 1467 1476 se
1502 1422 1641 1476 tales
1672 1437 1799 1477 esse
1828 1424 1945 1479 exi-

361 1517 609 1574 stimant.
673 1517 973 1587 PrOpterea
1034 1522 1166 1569 sunt
1223 1513 1309 1568 sui
1350 1529 1459 1567 non
1503 1512 1602 1568 tuti
1651 1513 1937 1577 custodes,

360 1624 461 1681 per
495 1606 869 1664 habitudinem
894 1606 962 1661 ad
993 1606 1259 1671 alienum,
1284 1606 1567 1677 proprium
1605 1606 1945 1677 negligentes

361 1699 779 1757 incustoditum.
844 1698 1321 1765 Quemadmodum
1394 1697 1540 1752 enim
1618 1699 1947 1753 custodierit

361 1792 633 1865 quispiam
671 1790 722 1845 id
744 1791 888 1861 quod
924 1790 1141 1845 nescit?
1166 1788 1365 1844 Eorum
1401 1805 1532 1858 ergo
1563 1805 1685 1860 quae
1727 1799 1856 1845 sunt
1890 1790 1943 1845 in

360 1886 519 1941 nobis
552 1884 820 1937 bonorum
853 1881 1347 1937 custodiendorum
1384 1890 1470 1936 est
1518 1882 1792 1937 tutissima
1854 1898 1945 1936 ra-

363 1974 462 2034 tio,
489 1972 728 2041 seipsum
766 1985 875 2023 non
922 1970 1199 2039 ignorare,
1252 1976 1554 2040 exactaque
1587 1978 1642 2025 et
1689 1982 1947 2028 accurate

360 2079 422 2119 se
447 2064 591 2118 scire
618 2077 1063 2132 unumquemque
1092 2062 1222 2136 quid
1256 2062 1349 2125 sit,
1376 2064 1429 2116 et
1457 2062 1696 2133 seipsum
1734 2064 1942 2120 discer—

362 2172 491 2212 nere
527 2156 593 2211 ah
625 2156 692 2212 iis
725 2170 846 2225 quae
874 2166 1002 2210 sunt
1033 2156 1182 2211 circa
1208 2172 1289 2219 se,
1338 2171 1405 2211 ne
1459 2156 1780 2226 imprudens
1814 2159 1946 2214 alie-

361 2263 494 2303 num
536 2262 633 2317 pro
662 2246 848 2315 seipso
889 2247 1184 2301 custodiat.
1221 2247 1324 2315 Qui
1357 2250 1504 2304 enim
1530 2249 1729 2319 aspicit
1769 2248 1835 2307 ad
1865 2250 1948 2307 vi-

362 2348 474 2393 tam
508 2353 629 2405 qua:
686 2337 867 2407 agitur
922 2338 975 2391 in
1016 2338 1116 2393 hoc
1169 2340 1396 2404 mundo,
1442 2347 1495 2395 et
1539 2356 1660 2410 quae
1694 2342 1779 2396 hic
1821 2352 1949 2398 sunt

365 2432 606 2503 pretiosa
634 2430 917 2486 existimat
950 2429 1116 2500 digna
1151 2447 1273 2501 quas
1320 2429 1726 2497 custodiantur,
1769 2434 1948 2489 nescit

362 2508 680 2578 discernere
713 2522 996 2593 proprium
1041 2523 1109 2576 ab
1141 2522 1507 2578 alieno.Nihil
1532 2525 1679 2579 enim
1722 2534 1806 2581 est
1850 2541 1946 2580 no-

363 2624 539 2672 strum
573 2630 761 2670 eorum
784 2629 907 2686 quae
942 2622 1250 2669 transeunt.
1277 2613 1568 2680 Quomodo
1604 2617 1947 2673 enimdomi-

362 2713 549 2761 natum
580 2706 885 2762 obtinueris
916 2707 974 2760 in
1016 2703 1069 2759 id
1096 2704 1239 2777 quod
1278 2707 1479 2761 transit
1510 2715 1563 2762 et
1597 2705 1760 2762 ﬂuit?
1802 2708 1942 2763 Cum

361 2814 497 2870 ergo
522 2813 585 2854 ea
616 2814 738 2868 quae
767 2797 1130 2868 intelligentia
1159 2799 1462 2875 percipitur
1502 2807 1556 2854 et
1586 2807 1671 2855 est
1703 2801 1949 2856 materiae

363 2904 562 2958 expers
590 2898 808 2955 natura,
834 2888 1053 2945 stabilis
1109 2889 1203 2955 sit,
1242 2895 1294 2944 et
1332 2905 1551 2960 semper
1595 2893 1863 2959 similiter
1892 2903 1950 2948 ‘et

365 2979 559 3047 eodem
606 2977 770 3033 modo
820 2994 882 3034 se
929 2978 1168 3048 habeat;
1205 2987 1455 3035 transeat
1491 2992 1672 3038 autem
1718 2986 1946 3040 materia
1974 3020 2019 3080 ο

366 3087 464 3142 per
492 3070 699 3124 ﬂuxum
722 3070 1014 3141 quemdam
1029 3080 1082 3126 et
1114 3081 1322 3126 motum
1353 3090 1571 3146 semper
1600 3086 1838 3135 mutata:
1860 3096 1956 3136 ne-

365 3180 522 3220 cesse
553 3171 636 3219 est
667 3167 845 3234 utqui
879 3165 948 3221 ab
979 3180 1044 3218 eo
1068 3164 1211 3234 quod
1244 3154 1701 3238 stat,‘separatur,
1720 3175 1948 3242 omnino

364 3256 794 3312 circumferatur
830 3271 958 3311 cum
1003 3272 1068 3311 eo
1112 3258 1260 3327 quod
1300 3267 1385 3314 est
1438 3260 1730 3327 instabile;
1758 3274 1813 3320 et
1851 3267 1947 3337 qui

365 3348 712 3418 persequitur
738 3349 791 3403 id
820 3347 965 3417 quod
1006 3350 1227 3411 transit,
1282 3358 1335 3405 et
1370 3351 1634 3423 relinquit
1682 3355 1736 3409 id
1792 3358 1942 3428 quod

366 3448 455 3495 est
497 3440 717 3504 stabile,
754 3449 989 3511 utroque
1015 3439 1336 3506 frustratur,
1355 3449 1414 3495 ut
1448 3443 1788 3512 quialterum
1819 3446 1945 3517 qui-

365 3532 489 3587 dem
521 3530 784 3596 dimittat,
839 3531 1074 3586 alterum
1118 3546 1248 3586 vero
1289 3547 1396 3587 non
1455 3536 1631 3603 possit
1690 3535 1941 3592 retinere.

366 3621 658 3693 Propterea
689 3623 993 3678 amicorum
1028 3623 1213 3691 sponsi
1247 3624 1539 3678 consilium
1570 3625 1706 3679 dicit
1728 3641 1793 3681 ea
1825 3643 1948 3696 quae

364 3711 511 3765 dicta
564 3718 714 3775 sunt,
772 3728 970 3783 nempe
1004 3710 1103 3767 :Si
1151 3728 1253 3766 non
1295 3730 1582 3784 cognoscas
1632 3716 1878 3785 teipsam,
1917 3733 1948 3770 ο

365 3804 586 3873 pulchra
608 3805 745 3858 inter
792 3805 1330 3875 mulieres,egredcre
1363 3816 1419 3859 tu
1450 3808 1502 3860 in
1554 3810 1782 3879 restigiis
1828 3822 1948 3880 gre-

364 3913 523 3966 gum;
547 3906 596 3949 et
628 3911 780 3962 pasce
818 3896 996 3950 haedos
1030 3904 1146 3950 tuos
1184 3897 1237 3949 in
1271 3896 1628 3953 tabernaculis
1651 3910 1948 3968 pastorum.

366 3988 482 4042 Hoc
522 3997 704 4042 autem
755 3995 861 4051 est,
911 3988 1058 4057 quod
1107 3988 1201 4057 qui
1264 3989 1507 4058 seipsum
1562 3991 1855 4060 ignoravit,
1923 4010 1953 4047 a

369 4093 537 4148 grege
566 4078 789 4146 quidem
821 4078 1069 4131 omnium
1095 4077 1322 4142 excidit,
1353 4080 1517 4134 simul
1545 4088 1728 4136 autem
1767 4084 1953 4153 pasci-

367 4181 459 4223 tur
487 4185 611 4223 cum
638 4167 831 4230 haedis,
866 4183 1100 4239 quorum
1128 4169 1296 4224 statio
1341 4170 1548 4239 rejecta
1584 4183 1669 4227 est
1709 4174 1778 4228 ad
1813 4174 1954 4230 sini-

367 4276 559 4326 stram,
595 4277 719 4317 cum
743 4262 923 4317 bonus
972 4268 1163 4331 pastor
1196 4276 1326 4318 oves
1355 4254 1613 4319 statuerit
1647 4281 1676 4319 a
1721 4267 1954 4336 dextris,

2040 426 2184 463 νων.
2225 409 2442 467 Τούτων
2479 409 2535 462 δὲ
2563 408 2670 461 τῶν
2704 407 2965 479 ῥημάτων
2991 407 3026 477 ἡ
3066 406 3164 476 μὲν
3189 405 3392 459 διάνοια
3415 408 3582 480 πρόῖη.

2040 501 2130 566 λος
2170 504 2235 556 ἑκ
2267 503 2366 574 τῆς
2393 500 2502 555 τῶν
2549 499 2949 567 ἑξετασθέντων
2993 496 3312 561 ἀκολουθίας
3356 498 3521 565 ἐστὶν,
3557 504 3582 570 ἡ

2039 595 2097 649 δὲ
2129 593 2378 657 σύνταξις
2413 592 2559 646 δοκεῖ
2599 608 2714 654 πως
2752 591 2852 661 τὴν
2881 589 3148 658 ἀσάφειαν
3192 587 3358 658 ἔχειν.
3391 589 3479 651 Τίς
3512 587 3584 643 οὖν

2040 689 2075 756 ἡ
2105 685 2311 739 διάνοια
2335 698 2350 748 ;
2388 682 2820 752 Ἀσφαλέστατόν
2846 683 2960 736 ἑστι
2992 680 3358 751 φυλακτήριον
3380 681 3521 751 ἡμῶν
3540 684 3585 733 τὸ

2041 776 2232 830 ἑαυτὸν
2293 775 2366 846 μὴ
2411 775 2699 845 ἀγνοῆσαι,
2733 772 2866 844 μηδέ
2906 789 2958 825 τι
2994 770 3122 826 ἄλλο
3155 770 3266 823 τῶν
3299 771 3425 842 περὶ
3455 771 3583 825 αὑτὸν

2044 865 2331 936 βλέποντα,
2371 863 2562 918 ἑαυτὸν
2596 862 2805 916 οἴεσθαι
2838 862 3087 932 βλέπειν
3119 860 3258 931 ὅπερ
3293 860 3357 931 δὴ
3382 860 3584 929 πάσχον-

2042 973 2127 1009 σιν
2154 958 2203 1009 oi
2224 955 2432 1009 ἑαυτῶν
2462 954 2870 1018 άνεπίσκεπτοι,
2903 951 3056 1023 ἰσχὺν
3079 950 3112 1022 ἦ
3144 950 3363 1015 κάλλος,
3386 952 3418 1021 ἢ
3442 952 3584 1018 δόξαν,

2041 1049 2075 1118 ἢ
2109 1047 2447 1111 δυναστείαν,
2479 1048 2513 1116 ἦ
2556 1063 2677 1099 τινα
2712 1046 2941 1100 πλούτου
2990 1046 3330 1118 περιουσίαν,
3373 1040 3582 1113 ἢτῦφιν,

2042 1138 2076 1209 ἢ
2104 1139 2285 1206 ὄγκον,
2318 1138 2352 1209 ἢ
2383 1136 2632 1207 σώματος
2667 1136 2912 1206 μέγεθος,
2945 1137 2978 1209 ἥ
3019 1140 3232 1208 μορφῆς
3267 1134 3585 1206 εὐμοιρίαν,ῆ

2043 1229 2172 1284 ἄλλο
2201 1248 2253 1282 τι
2280 1229 2517 1283 τοιοῦτον
2558 1231 2616 1282 ἑν
2650 1230 2860 1293 ἑαυτοῖς
2893 1229 3145 1300 ὁρῶντες,
3189 1228 3458 1289 τοιούτους
3491 1227 3589 1279 ἑαν-

2045 1324 2171 1384 τοὺς
2209 1317 2347 1375 εἶναι
2386 1320 2689 1390 νομίζουσι.
2731 1321 2831 1373 Διὰ
2872 1320 3033 1374 τοῦτο
3078 1321 3341 1393 σφαλεροὶ
3387 1318 3589 1388 φύλακές

2044 1418 2183 1469 εἰσιν
2210 1415 2440 1480 ἑαυτῶν,
2489 1417 2556 1486 τῇ
2607 1416 2735 1486 περὶ
2765 1415 2828 1467 τὸ
2862 1415 3139 1485 ἀλλότριον
3173 1413 3379 1484 σχέσει,
3417 1411 3590 1480 doti):-

2047 1526 2173 1564 κτον
2203 1506 2563 1579 περιορῶντες
2592 1505 2651 1559 τὸ
2681 1507 2829 1560 ἴδιον.
2868 1505 2992 1569 Πῶς
3016 1506 3122 1578 γὰρ
3150 1507 3215 1560 ἄν
3240 1523 3328 1568 τις
3347 1504 3591 1572 φυλάξειεν

2045 1601 2074 1655 ὃ
2110 1601 2184 1672 μὴ
2228 1598 2544 1665 ἐπίσταται;
2598 1595 2807 1651 Οὐκοῦν
2854 1597 3234 1666 ἀσφαλεστάτη
3280 1595 3483 1667 φρουρὰ
3510 1595 3592 1647 τῶν
3690 1636 3691 1647 η

1979 1675 2020 1729 Β
2049 1695 2106 1746 ἑν
2160 1694 2295 1763 ἡμῖν
2336 1690 2574 1757 ἀγαθῶν,
2627 1689 2688 1742 τὸ
2736 1690 2962 1752 ἑαυτοὺς
3014 1689 3087 1760 μὴ
3134 1690 3373 1758 ἀγνοεῖν,
3422 1686 3505 1738 καὶ
3548 1684 3593 1738 τὸ
3690 1722 3691 1763 γ

2047 1785 2250 1854 γνῶναι
2305 1784 2535 1838 ἑκαστον
2588 1780 2781 1836 ἑαυτὸν
2840 1782 2977 1854 ὅπερ
3033 1783 3169 1843 ἐστὶ,
3226 1782 3326 1835 καὶ
3390 1778 3594 1848 ἀκριϐῶς
3690 1802 3691 1815 ι

2047 1876 2239 1932 ἑαυτὸν
2283 1877 2392 1930 ἀπδ
2433 1875 2543 1929 τῶν
2597 1875 2726 1946 περὶ
2759 1873 2922 1927 αὑτὸν
2962 1873 3282 1945 διακρίνειν,
3322 1872 3399 1936 ὡς
3430 1872 3500 1930 ,ἂν
3539 1868 3595 1941 μὴ

2045 1972 2196 2033 λάθοι
2235 1969 2523 2039 φυλάσσων
2556 1968 2673 2022 ἀνθ’
2717 1965 2913 2022 ἑαυτοῦ
2963 1965 3024 2019 τὸ
3065 1965 3365 2036 ἀλλότριον.
3415 1965 3467 2017 '0
3508 1963 3593 2031 γὰρ
3690 1948 3691 1951 η

2050 2063 2187 2135 πρὸς
2213 2062 2311 2132 τὴν
2356 2063 2413 2114 ἑν
2454 2059 2533 2132 τῷ
2570 2060 2761 2131 κόσμῳ
2788 2058 2965 2128 τούτῳ
2995 2057 3204 2128 βλέπων
3231 2057 3401 2127 ζωὴν,
3429 2054 3514 2107 καὶ
3543 2053 3595 2105 τὲ

2049 2153 2283 2209 ἐνταῦθα
2329 2152 2485 2224 τίμια
2532 2150 2780 2222 φυλακῆς
2829 2149 2956 2216 ἄξια
3004 2148 3223 2220 κρίνων,
3279 2149 3379 2200 οὐκ
3421 2142 3519 2199 οἶδε
3553 2144 3597 2197 τὸ
3690 2196 3691 2207 η

2022 2246 2177 2303 -ῐδιον
2211 2247 2483 2316 διακρῖναι
2504 2244 2596 2300 τοῦ
2625 2245 2927 2316 ἀλλοτρίου.
2958 2245 3122 2303 Οὐδὲν
3149 2242 3260 2314 γὰρ
3291 2242 3400 2294 τῶν
3431 2255 3599 2311 παρερ-

2048 2340 2294 2411 χομὲνων
2340 2340 2487 2400 ἐστὶν
2531 2339 2820 2410 ἡμέτερον.
2853 2336 2978 2400 ῐιῶς
2999 2335 3107 2406 γὰρ
3134 2335 3198 2389 ἄν
3222 2352 3310 2395 τις
3341 2333 3597 2404 κρατήσειε

2048 2433 2143 2486 τοῦ
2195 2431 2489 2503 παροδικοῦ
2534 2448 2597 2483 τε
2637 2432 2731 2485 καὶ
2780 2429 3029 2501 ρέοντοςς
3077 2426 3228 2480 Ἐπεὶ
3260 2422 3355 2479 οὖν
3399 2424 3600 2495 ἔμμονον

2050 2523 2143 2576 καὶ
2170 2521 2433 2584 ὡσαύτως
2460 2520 2573 2592 ἔχει
2611 2522 2645 2590 ὴ
2683 2520 2846 2591 νοητή
2874 2536 2931 2571 τε
2959 2519 3052 2572 καὶ
3084 2516 3247 2580 ἄῦλος
3281 2516 3439 2585 φύσις
3459 2556 3472 2576 ,
3502 2514 3532 2584 ἡ
3558 2512 3599 2565 δὲ

2052 2615 2153 2686 ὕλη
2183 2614 2515 2687 παρέρχεται
2538 2612 2625 2665 διὰ
2658 2615 2786 2683 ῥοῆς
2811 2628 2955 2674 τινος
2988 2611 3080 2663 καὶ
3111 2611 3380 2680 κινήσεως
3402 2609 3599 2660 πάντοτε

2050 2706 2425 2776 ἀλλοιουμένη·
2459 2703 2771 2773 ἀναγκαίως
2798 2705 2827 2756 ὁ
2856 2702 2949 2755 τοῦ
2980 2701 3213 2765 ἑστῶτος
3244 2699 3600 2771 χωριζόμενος,

2049 2796 2127 2869 τῷ
2154 2794 2475 2851 ἀστατοῦντι
2522 2794 2741 2858 πάντως
2788 2793 3313 2865 συμποιραιρέρεται⁸
3370 2791 3458 2843 καὶ
3493 2790 3518 2841 ὁ
3557 2787 3604 2839 τὸ

2052 2893 2461 2966 παρερχόμενον
2505 2890 2598 2945 καὶ
2633 2888 2693 2942 τὸ
2733 2888 2887 2951 ἑστὸς
2929 2885 3266 2949 καταλιπὼν,
3312 2882 3604 2954 ἀμφοτέρων

2050 2984 2428 3058 διαμαρτάνει,
2453 2981 2515 3035 τὸ
2541 2981 2639 3053 μὲν
2668 2980 2870 3049 ἀφιεὶς,
2901 2979 2962 3033 τὸ
2992 2978 3048 3032 δὲ
3078 2976 3329 3048 κατέχειν
3359 2975 3433 3048 μὴ
3471 2973 3606 3028 δυνάο

2063 3092 2242 3147 μενος.
2280 3072 2380 3127 Διά
2415 3070 2570 3125 τοῦτό
2614 3087 2780 3141 φησιν
2823 3071 2856 3140 ή
2899 3068 3006 3121 τῶν
3059 3067 3227 3138 φίλων
3273 3066 3368 3120 τοῦ
3401 3062 3606 3135 νυμφίον

2061 3167 2338 3240 συμϐουλὴ
2380 3164 2449 3220 τά
2492 3165 2759 3236 εἰρημένα
2820 3162 2902 3215 ὄτι
2940 3161 3083 3214 Ἐὰν
3129 3158 3215 3229 μὴ
3253 3157 3413 3227 γνῷς
3450 3171 3607 3209 σεαυ-

2055 3260 2190 3330 τὴνο
2217 3260 2256 3324 ἢ
2291 3256 2448 3326 καλὴ
2477 3257 2547 3310 ἐν
2569 3254 2864 3326 γυναιξὶν,
2905 3252 3113 3318 ἔξελθε
3145 3249 3226 3305 σὺ
3258 3251 3330 3303 ἐν
3358 3247 3605 3316 πτέρναις
3690 3247 3691 3277 ξ

2053 3356 2173 3412 τῶν
2218 3353 2546 3424 ποιμνίων·
2591 3351 2690 3405 καὶ
2742 3353 3016 3421 ποίμαινε
3059 3349 3201 3415 τοὺς
3243 3348 3486 3418 ἐρίφους
3525 3345 3605 3398 ἐπὶ

2053 3447 2410 3516 σκηνώμασι
2445 3444 2567 3498 τῶν
2594 3442 2908 3512 ποιμένων.
2941 3441 3110 3495 Τοῦτο
3147 3440 3205 3493 δέ
3245 3443 3363 3494 ἑστι
3398 3441 3476 3506 τί;
3508 3440 3606 3491 Ὀτι

2054 3542 2082 3594 ό
2115 3538 2304 3592 ἑαυτὸν
2334 3535 2609 3607 ἀγνοήσας
2638 3534 2893 3587 ἐκπίπτει
2928 3531 3026 3604 μὲν
3064 3532 3162 3604 τῆς
3199 3531 3310 3585 τῶν
3348 3532 3606 3602 προϐάτων

2055 3631 2276 3702 ἀγέλης,
2326 3629 2588 3697 σύννομος
2618 3627 2672 3680 δὲ
2704 3626 2912 3694 γίνεται
2942 3626 3054 3686 τοῖς
3084 3622 3317 3693 ἐρίφοις,
3345 3619 3419 3677 ὧν
3445 3625 3475 3693 ἡ
3501 3620 3609 3674 στὰ-

2060 3741 2141 3787 σις
2175 3722 2266 3777 ἑπλ⁹
2297 3721 2356 3774 τὸ
2390 3718 2574 3772 σκαιὸν
2611 3716 2870 3786 άπεώσθη
2890 3733 2903 3745 '
2941 3715 3084 3770 οὕτω
3115 3716 3208 3769 τοῦ
3248 3716 3416 3769 καλοῦ
3439 3714 3607 3783 ποιμέ·

2059 3835 2166 3881 νος,
2198 3819 2263 3870 ἑκ
2309 3811 2496 3878 δεξιῶν
2530 3811 2629 3881 μὲν
2662 3809 2728 3863 τὰ
2768 3808 3016 3880 πρόϐατα
3064 3809 3396 3878 στήσαντος,
3440 3803 3606 3874 ἀφορί-

2056 3924 2247 3970 σαντος
2286 3905 2345 3958 δὲ
2380 3906 2478 3973 τῆς
2517 3902 2825 3972 κρείττονος
2863 3899 3067 3971 λήξεως
3111 3900 3202 3952 ἑπὶ
3246 3899 3310 3952 τδ
3353 3895 3607 3969 ἀριστερὸν

2051 3999 2122 4053 τὰ
2148 3998 2352 4069 ἐρίφια.
2384 3995 2555 4049 Τοῦτο
2593 3992 2772 4046 τοίνυν
2807 3994 2873 4046 ἑκ
2900 3994 3000 4063 τῆς
3026 3990 3135 4045 τῶν
3166 3991 3336 4060 φίλων
3365 3991 3456 4044 τοῦ
3493 4005 3607 4057 νυμ-

2052 4091 2177 4161 φίου
2208 4087 2517 4160 συμϐουλῆς
2547 4085 2932 4156 παιδευόμεθα,
2953 4084 3016 4138 τὸ
3052 4084 3163 4138 δεῖν
3207 4085 3289 4147 είς
3319 4084 3483 4155 αὐτὴν
3510 4080 3608 4151 βλέ-

2057 4200 2179 4236 πειν
2209 4181 2307 4253 τὴν
2349 4179 2459 4235 τῶν
2505 4178 2846 4250 πραγμάτων
2894 4177 3079 4249 φύσιν,
3119 4179 3213 4232 καὶ
3240 4177 3316 4249 μὴ
3357 4177 3606 4241 πεπλανη-

2059 4272 2439 4346 μένοιςηῐχνεσι
2471 4273 2572 4341 τῆς
2595 4268 2855 4340 ἀληθείας
2887 4268 3421 4340 παραστοχάξεσθαι.

366 4353 555 4407 turdos
584 4359 766 4407 autem
804 4368 832 4407 a
870 4351 1084 4407 meliori
1119 4359 1269 4408 sorte
1299 4357 1672 4425 segregaverit
1718 4357 1783 4411 ad
1816 4359 2123 4418 sinistram.
2156 4362 2234 4417 Ex
2266 4362 2568 4417 amicorum
2602 4376 2734 4431 ergo
2800 4361 2989 4430 sponsi
3051 4360 3288 4416 consilio
3343 4358 3606 4418 discimus,

368 4454 627 4514 oportere
654 4443 898 4512 aspicere
923 4443 991 4498 ad
1021 4445 1195 4514 ipsam
1225 4459 1408 4499 rerum
1440 4453 1717 4513 naturam,
1754 4457 1810 4504 et
1847 4466 1956 4507 non
1990 4454 2241 4524 vestigiis
2264 4453 2579 4510 errantibus
2623 4468 2652 4507 a
2690 4451 2921 4508 veritate
2962 4453 3243 4507 aberrare.

444 4534 586 4587 Sunt
607 4541 788 4587 autem
829 4534 943 4587 haec
975 4535 1139 4589 verba
1174 4534 1380 4590 clarius
1408 4536 1756 4607 explicanda.
1793 4537 1945 4595 Multi
1983 4553 2026 4607 ι)

369 4627 624 4683 homines
677 4640 786 4679 non
826 4624 1079 4695 judicant
1116 4626 1219 4697 ipsi
1265 4627 1724 4698 quemadmodum
1769 4646 1828 4686 se
1869 4631 1960 4685 ha-

370 4722 537 4777 beant
559 4734 649 4774 res
681 4728 909 4783 naturae,
960 4719 1058 4774 sed
1098 4734 1290 4774 eorum
1324 4718 1418 4789 qui
1452 4714 1707 4775 vixerunt
1741 4720 1960 4777 intuen-

370 4821 455 4869 tes
476 4812 956 4877 consuetudinem,
978 4812 1241 4867 aberrant
1268 4827 1299 4866 a
1332 4825 1470 4866 sano
1498 4827 1685 4867 rerum
1716 4813 1954 4883 judicio.

372 4920 480 4961 non
521 4905 845 4975 prudentem
899 4904 1141 4974 aliquam
1185 4902 1693 4967 ratiocinationem,
1728 4905 1825 4960 sed
1868 4921 1961 4960 ra-

370 4998 542 5054 tionis
614 5005 894 5067 expertem
956 4995 1414 5050 consuetudinem
1464 4995 1595 5051 boni
1632 5002 1688 5051 et
1744 4997 1962 5052 honesti

369 5091 778 5146 constituentes
803 5088 1071 5160 judicem,
1119 5086 1264 5143 unde
1297 5088 1510 5158 scipsos
1558 5089 1866 5159 provehunt
1892 5088 1962 5145 ad

372 5182 601 5252 imperia
638 5188 693 5236 et
745 5182 1130 5253 magistratus,
1152 5181 1505 5252 honoresque
1535 5189 1589 5237 et
1637 5182 1962 5253 splendores

371 5274 465 5344 qui
504 5283 630 5329 sunt
663 5274 718 5327 in
741 5274 847 5329 hoc
880 5274 1179 5339 mundo,et
1204 5272 1960 5345 magnifaciuntmundanam

375 5366 671 5436 potentiam
703 5375 760 5420 et
793 5366 1257 5437 magnitudinem,
1283 5382 1405 5422 cum
1438 5366 1509 5421 sit
1542 5366 1816 5420 incertum
1847 5381 1959 5436 quo

374 5458 448 5513 sit
474 5459 909 5529 unumquodque
933 5475 1121 5514 eorum
1156 5459 1463 5516 rediturum
1516 5467 1642 5530 post
1688 5459 1832 5514 hanc
1873 5459 1959 5512 vi-

373 5553 509 5601 tam.
543 5543 659 5597 Non
689 5547 835 5600 enim
872 5547 939 5602 de
965 5547 1162 5606 futuris
1202 5551 1336 5607 satis
1364 5558 1483 5603 tuto
1533 5548 1794 5617 ﬁdejubet
1823 5563 1959 5602 con-

377 5636 633 5704 suetudo,
697 5637 855 5709 cujus
899 5639 1024 5699 linis
1077 5656 1458 5714 Supenumcro
1507 5641 1783 5698 invenitur
1824 5658 1957 5713 grex

2148 4544 2489 4614 Σαφέστερον
2538 4542 2595 4596 δὲ
2650 4542 2756 4614 χρὴ
2806 4543 2899 4595 τὸν
2943 4541 3073 4612 περὶ
3118 4543 3325 4598 τούτων
3382 4539 3607 4595 ἐκθέσθαι

2057 4632 2234 4702 λόγον.
2272 4631 2466 4692 Πολλοὶ
2519 4630 2627 4684 τῶν
2672 4625 2973 4703 ἀνθρώπων
3017 4631 3120 4691 οὐκ
3161 4631 3315 4684 αὐτοὶ
3361 4631 3609 4701 κρίνουσιν

2056 4723 2205 4787 ὅπως
2258 4722 2370 4793 ἔχει
2423 4722 2493 4776 τὰ
2542 4722 2844 4793 πράγματα
2879 4719 3118 4790 φύσεως,
3164 4720 3301 4775 άλλά
3352 4720 3484 4791 πρὸς
3527 4717 3609 4787 τὴν

2059 4814 2345 4886 συνήθειαν
2383 4812 2489 4867 τῶν
2537 4812 2959 4884 προϐεϐηκότων
3010 4811 3274 4882 ὁρῶντες,
3324 4815 3422 4884 τῆς
3450 4809 3610 4880 ὑγιοῦς

2057 4906 2166 4959 τῶν
2185 4906 2352 4959 ὄντων
2379 4905 2616 4977 κρίσεως
2637 4905 3066 4977 ἁμαρτάνουσιν,
3098 4906 3201 4960 οὐκ
3240 4906 3483 4978 ἔμφρονά
3505 4918 3609 4957 τινα

2058 4996 2340 5069 λογισμὸν,
2373 4998 2508 5052 ἀλλὰ
2553 4997 2842 5070 συνήθειαν
2867 4997 3081 5066 ἄλογον,
3108 4997 3201 5052 τοῦ
3237 4999 3404 5053 καλοῦ
3441 4996 3609 5070 κριτή-

2060 5104 2176 5159 ριον
2213 5087 2677 5160 προϐαλλόμενοι·
2725 5088 2849 5149 ὅθεν
2882 5091 2963 5152 εἰς
3006 5089 3180 5161 ἀρχάς
3225 5107 3284 5143 τε
3338 5091 3431 5145 καὶ
3475 5090 3610 5143 δυνα-

2060 5179 2242 5242 στείας
2267 5180 2491 5243 ἑαυτοὺς
2514 5177 2821 5244 είσωθοῦσι,
2846 5180 2936 5233 καὶ
2961 5179 3059 5243 τὰς
3086 5183 3143 5234 ἐν
3165 5179 3243 5250 τῷ
3268 5179 3458 5250 κόσμῳ
3478 5192 3609 5247 περι-

2061 5270 2321 5340 φανείας,
2382 5269 2477 5327 καὶ
2536 5273 2661 5337 τοὺς
2715 5271 2935 5336 ὑλικοὺς
2992 5272 3189 5341 ὄγκους
3248 5274 3377 5343 περὶ
3440 5268 3607 5325 πολλοῦ

2062 5362 2362 5431 ποιοῦνται,
2399 5363 2591 5434 ἄδηλον
2621 5364 2680 5418 ὂν
2709 5366 2787 5429 εἰς
2821 5366 2849 5418 ὅ
2899 5383 2949 5419 τι
2981 5365 3187 5424 τούτων
3217 5366 3442 5423 ἑκαστον
3466 5379 3608 5418 καταν

2063 5457 2212 5528 λήξει
2249 5457 2388 5527 μετά
2422 5458 2511 5512 τὸν
2538 5461 2663 5531 τῇδε
2692 5460 2824 5531 βίον.
2859 5460 2933 5513 Οὐ
2960 5460 3068 5531 γάρ
3096 5460 3338 5532 ἀσφαλὴς
3368 5460 3473 5512 τῶν
3502 5456 3609 5531 μιλ-

2064 5549 2263 5605 λόντων
2303 5551 2575 5623 ἐγγυητὴς
2614 5553 2647 5623 ἡ
2685 5552 2958 5622 συνήθεια,
2991 5549 3057 5623 ἧς
3108 5553 3167 5605 τὸ
3222 5553 3387 5626 πέρας
3434 5551 3610 5621 ἐρίφων

2067 5642 2381 5712 εὑρίσκεται
2410 5643 2690 5713 πολλάκις,
2722 5644 2841 5715 οὐχὶ
2868 5645 3154 5716 προϐάτων
3182 5645 3366 5715 ἀγέλη.
3404 5645 3548 5704 Νοεῖς
3566 5640 3609 5691 δὲ
