3752 5984
166 176 269 229 303

1228 177 1296 229 IN
1325 175 1620 231 CANTICA
1656 174 1925 231 CANTIC.
1975 175 2256 231 HOMlLlA
2298 175 2365 229 11.

3311 170 3413 227 806

164 295 377 355 πὶντως
412 293 496 346 τὸν
535 293 692 361 λόγον
724 296 788 347 ἐκ
814 296 911 365 τῆς
949 294 1043 347 τοῦ
1076 295 1406 364 Εὑαγγελίου
1440 298 1637 364 φωνῆς.
1681 295 1735 347 Ὀ

1916 295 2148 357 ειίυτιηη,
2183 310 2290 349 non
2318 293 2524 348 ovium.
2560 292 2717 359 Quod
2749 301 2930 348 autem
2971 294 3095 347 dico
3125 292 3284 363 plane
3332 295 3415 346 in-

158 381 220 445 ﬁt
270 382 403 452 πρὸς
436 382 495 435 τὸ
542 383 669 437 ἴδιον
712 386 810 455 τῆς
850 384 1196 457 ἀνθρωπίνης
1240 385 1454 455 φύσεως
1504 385 1737 455 βλέπων,

160 477 319 531 τοῦτο
354 477 411 531 δέ
458 479 604 531 ἐστιν
640 479 669 530 ό
700 478 876 547 λόγος,
923 481 1322 551 καταφρονήσει
1354 481 1457 550 μὲν
1492 480 1593 550 τῆς
1619 481 1741 533 ἀλό-

160 586 257 637 γου
288 568 602 638 συνηθείας,
635 570 788 624 οὐδὲν
827 570 883 623 δὲ
932 570 1007 634 ὡς
1050 572 1212 625 καλὸν
1260 574 1561 644 αἱρήσεται,
1594 574 1622 626 ὃ
1665 575 1739 645 μὴ

159 664 225 731 τῇ
258 660 402 732 ψυχῇ
440 661 594 732 φέρει
625 662 687 714 τὸ
732 662 943 733 κέρδος.
980 665 1189 719 Οὐκοῦν
1232 667 1294 719 οὐ
1341 667 1446 738 χρὴ
1498 668 1634 738 πρὸς
1672 669 1742 722 τά

163 752 282 824 ἴχνη
316 753 424 806 τῶν
461 752 820 824 βοσκημάτων
859 754 1094 824 βλέπειν,
1126 756 1162 811 ἃ
1201 758 1280 827 τῷ
1311 758 1502 827 γεώδει
1530 759 1627 829 βίῳ
1653 759 1743 813 διὰ

157 843 266 896 τῶν
296 844 540 914 πτερνῶν
561 846 686 914 ὲνση
697 844 972 914 μαίνονται
992 848 1042 900 οἱ
1068 850 1470 919 προωδευκότες
1491 851 1582 904 τὸν
1607 851 1738 920 βίονο

159 934 372 1005 ἀφανὴς
405 934 513 1006 γὰρ
546 938 609 988 ὲκ
631 936 741 990 τῶν
774 938 1114 1008 φαινομένων
1153 942 1186 1012 ἡ
1219 941 1312 995 τοῦ
1349 943 1740 1015 προτιμοτέρου

160 1020 360 1090 κρίσις,
386 1020 491 1085 ἓως
523 1022 589 1074 ἂν
611 1022 715 1088 ἔξω
736 1024 831 1076 τοῦ
862 1025 978 1095 βίου
1004 1026 1308 1098 γενώμεθα,
1332 1032 1492 1084 κάκεῖ
1525 1032 1742 1102 γνῶμεν

160 1111 303 1163 τίσιν
350 1111 815 1183 ἠκολουθήσαμεν.
857 1115 916 1168 'O
967 1116 1146 1171 τοίνυν
1200 1118 1273 1189 μὴ
1306 1120 1363 1187 ἐξ
1409 1122 1586 1175 αὐτῶν
1634 1122 1742 1176 τῶν

159 1201 502 1272 πραγμάτων
526 1202 817 1275 διακρίνων
838 1206 899 1260 τὸ
927 1207 1089 1260 καλὸν
1111 1210 1176 1262 ὲκ
1206 1209 1301 1263 τοῦ
1322 1212 1582 1281 χείρονος,
1609 1213 1744 1269 ἀλλά

158 1295 275 1354 τοῖς
308 1293 478 1363 ἴχνεσι
504 1294 612 1348 τῶν
640 1297 1062 1367 προωδευκότων
1103 1300 1387 1371 ἑπόμενος,
1410 1304 1508 1374 τὴν
1539 1304 1740 1375 παρελ-

162 1383 362 1441 θοῦσαν
394 1386 488 1440 τοῦ
513 1386 626 1457 βίου
654 1388 940 1459 συνήθειαν
980 1390 1295 1447 διδάσκαλον
1317 1398 1417 1466 τῆς
1437 1396 1575 1460 ίδίας
1600 1396 1743 1468 ζωῆς

159 1472 618 1545 προὸαλλόμενος,
660 1476 909 1533 λανθάνει
942 1479 1220 1545 πολλάκις,
1256 1483 1396 1538 κατά
1425 1482 1515 1537 τὸν
1550 1487 1743 1556 καιρὸν

157 1564 261 1637 τῆς
282 1566 497 1630 δικαίας
518 1568 770 1639 κρίσεως,
788 1569 972 1640 ἔριφος
995 1574 1116 1626 ἀντὶ
1132 1575 1404 1645 προϐάτου
1431 1577 1737 1648 γενόμενος.

160 1656 373 1711 Οὐκοῦν
419 1658 592 1712 ταῦτα
640 1660 903 1729 λεγόντων
952 1662 1099 1717 ἔστιν
1143 1666 1360 1720 ἀκούειν
1397 1667 1504 1722 τῶν
1542 1668 1736 1736 φίλων,

156 1749 243 1803 ὅτι
271 1749 379 1815 Σὺ,
410 1743 456 1805 ὧ
492 1750 655 1822 ψυχὴ,
700 1754 734 1824 ἡ
777 1755 842 1807 ὲκ
886 1754 1143 1827 μελαίνης
1184 1759 1446 1832 γενομένη
1489 1761 1649 1832 καλὴ,
1691 1760 1746 1815 ετ

159 1857 247 1895 σοι
281 1841 430 1912 μέλει
466 1841 561 1897 τοῦ
613 1845 1033 1911 συνδιαιωνίζειν
1076 1865 1157 1903 σοι
1189 1850 1287 1920 τῆς
1312 1852 1608 1923 εὐμορφίας
1640 1854 1740 1927 τὴν

157 1933 345 2004 χάριν,
385 1933 460 2005 μὴ
492 1936 602 1998 τοῖς
636 1936 834 2005 ἴχνεσιν
867 1937 1148 1994 ὲπιπλανῶ
1184 1941 1291 1995 τῶν
1324 1944 1740 2013 προωδευκότων

155 2026 253 2080 τὸν
287 2026 434 2097 βίοψ
482 2028 675 2098 ἄδηλον
710 2026 833 2101 γὰρ
857 2032 906 2084 εί
954 2031 1027 2102 μὴ
1066 2033 1250 2103 τρίϐος
1295 2034 1498 2104 ἐρίφων
1540 2037 1655 2093 ἐστὶ
1679 2036 1740 2091 τὸ

161 2120 509 2190 φαινόμενον,
538 2115 619 2185 οἷς
667 2123 730 2175 σὺ
777 2123 1003 2177 κατόπιν
1038 2125 1419 2191 ἀκολουθοῦσα,
1446 2128 1535 2182 διά
1570 2128 1631 2182 τὸ
1665 2130 1739 2203 μὴ

160 2208 448 2279 φαίνεσθαί
494 2228 577 2264 σοι
627 2212 752 2274 τοὺς
774 2211 860 2265 διὰ
884 2213 992 2266 τῶν
1041 2213 1201 2284 ἰχνῶν
1221 2216 1319 2287 τὴν
1351 2217 1592 2288 ἀτραπὸν
1626 2218 1739 2288 τρί⁴

158 2300 391 2366 ψαντας,
422 2301 638 2355 ἐπειδὰν
690 2301 964 2372 παρῆλθες
996 2303 1088 2357 τὸν
1122 2303 1252 2375 βίον,
1281 2306 1373 2360 καὶ
1418 2307 1740 2379 κατολίσθῃς

161 2394 225 2446 ἐν
263 2395 329 2463 τῇ
381 2392 470 2445 τοῦ
516 2393 746 2447 θανάτου
787 2395 1024 2468 μάνδρᾳ,
1089 2399 1295 2468 μήποτε
1336 2400 1637 2472 προστεθῇς
1672 2403 1736 2473 τῇ

158 2484 276 2539 τῶν
317 2484 518 2556 ἐρίφων
562 2486 751 2556 ἀγέλῃ,
781 2482 863 2550 οἷς
892 2488 1161 2557 ἀγνοοῦσα
1190 2490 1279 2549 διὰ
1314 2491 1421 2547 τῶν
1454 2479 1612 2566 ἰχνῶν
1643 2494 1738 2554 τοῦ

163 2573 285 2651 βίου
311 2576 541 2631 κατόπιν
568 2577 1034 2652 ὲπηκολούθησας.

240 2854 354 2907 ‘Ar
385 2852 494 2923 γὰρ
520 2854 606 2924 μὴ
651 2854 808 2925 γονῷς
830 2856 1119 2924 σεαυτὴν,
1147 2858 1305 2928 καλὴ
1339 2860 1408 2914 ἐν
1442 2863 1735 2932 γυναιξὶν,

1843 381 2041 451 telligis
2103 397 2168 437 ex
2233 397 2365 437 voce
2428 383 2761 451 evangelica.
2841 383 2943 448 Qui
3029 393 3209 437 autem
3274 385 3415 453 aspi-

1841 472 1916 526 cit
1945 473 2012 527 ad
2056 473 2109 527 id
2149 475 2293 542 quod
2337 481 2421 528 est
2463 475 2745 544 proprium
2770 474 3021 529 humanae
3050 486 3278 536 naturae,
3312 475 3415 529 hoc

1842 572 2021 620 autem
2043 572 2128 620 est
2176 565 2337 630 ratio,
2369 565 2634 635 despiciet
2674 565 2895 636 quidem
2945 567 3175 623 rationis
3218 583 3415 637 exper-

1842 665 1948 711 tem
1999 659 2478 721 consuetudinem,
2531 660 2739 713 nullum
2790 668 2971 714 autem
3022 660 3225 715 bonum
3251 660 3417 729 eliget

1841 753 1986 824 quod
2027 768 2132 807 non
2166 753 2355 808 aﬁ'erat
2389 756 2599 810 lucrum
2639 756 2852 811 anima).
2892 754 3009 808 Non
3042 763 3259 825 oportet
3288 770 3416 822 ergo

1840 860 1937 901 eos
1970 846 2035 901 ad
2068 848 2331 916 pecudum
2390 847 2637 919 aspicere
2666 848 2913 917 vestigia,
2946 863 3067 918 qua:
3113 863 3209 916 per
3236 849 3416 902 calces

1841 954 1936 994 eos
1968 939 2275 1011 signiﬁcant
2320 939 2412 1009 qui
2460 940 2581 993 vitae
2635 946 2862 993 terrenae
2897 948 3026 993 Sunt
3074 939 3214 992 aﬁixi
3250 956 3264 1006 ;
3295 939 3417 1006 ejus

1842 1030 1985 1085 enim
2019 1030 2160 1101 quod
2192 1038 2274 1085 est
2303 1030 2752 1101 praestantius,“
2783 1031 2852 1084 iis
2883 1046 3001 1100 quae
3023 1042 3285 1100 apparent
3308 1047 3414 1085 non

1841 1129 1925 1176 est
1954 1121 2305 1176 manifestum
2323 1120 2614 1190 judicium,
2652 1122 2826 1178 donec
2852 1137 2915 1176 ex
2961 1123 3061 1177 hac
3090 1122 3200 1175 vita
3229 1138 3419 1176 exces-

1842 1214 2100 1281 serimus,
2131 1223 2185 1270 et
2218 1214 2328 1268 illic
2358 1215 2776 1284 cognoverimus
2803 1230 3070 1285 quosnam
3109 1216 3283 1270 simus
3331 1231 3420 1269 se-

1841 1306 1977 1365 cuti.
2014 1305 2114 1372 Qui
2146 1321 2274 1376 ergo
2301 1321 2409 1360 non
2433 1321 2500 1360 ex
2524 1306 2659 1376 ipsis
2694 1308 2858 1362 rebus
2889 1307 3154 1362 discernit
3186 1306 3239 1362 id
3274 1308 3419 1377 quod

1841 1398 2042 1453 bonum
2069 1407 2153 1453 est
2178 1406 2230 1452 et
2253 1400 2539 1454 honestum
2571 1399 2639 1453 ab
2665 1414 2729 1453 eo
2772 1399 2918 1469 quod
2950 1409 3034 1455 est
3061 1401 3287 1464 malum,
3324 1401 3418 1455 sed

1844 1505 2079 1559 sequens
2142 1490 2369 1560 vestigia
2427 1506 2617 1546 eorum
2680 1493 2777 1563 qui
2832 1501 3253 1563 praecesserunt,
3285 1510 3414 1564 prat-

1848 1583 2061 1636 teritam
2107 1582 2233 1637 vita:
2288 1585 2740 1640 consuetudinem
2778 1588 3000 1641 asciscit
3030 1588 3134 1641 sibi
3167 1604 3264 1658 pro
3298 1590 3423 1643 vitm

1847 1668 2129 1737 magistra,
2162 1683 2306 1739 saepe
2340 1669 2547 1725 fallitur
2568 1681 2811 1742 tempore
2844 1674 3217 1740 discretionis,
3240 1685 3293 1731 et
3319 1678 3420 1730 im—

1849 1758 2089 1826 prudens
2117 1759 2304 1815 hazdus
2337 1776 2435 1830 pro
2463 1776 2563 1816 ove
2599 1762 2860 1817 efﬁcitur.
2885 1762 3037 1819 Licet
3056 1780 3187 1835 ergo
3230 1766 3421 1822 audire

1848 1845 1963 1901 haec
1987 1847 2233 1905 dicentes
2254 1850 2460 1906 amicos
2490 1866 2504 1903 :
2531 1850 2613 1906 Tu
2642 1852 2843 1918 anima,
2868 1870 2988 1923 quae
3028 1870 3091 1910 ex
3133 1856 3286 1925 nigra
3336 1858 3420 1912 fa-

1846 1945 1935 1992 cta
1982 1953 2043 1993 es
2094 1939 2340 2008 pulchra,
2375 1940 2420 1996 si
2452 1948 2536 1997 est
2566 1942 2662 1997 tibi
2712 1958 2857 1999 cura:
2886 1951 2945 1999 ut
2976 1946 3135 2017 longo
3175 1957 3423 2019 tempore
3458 2019 3469 2025 _

1848 2030 2008 2086 duret
2039 2031 2212 2100 gratia
2240 2040 2294 2087 et
2325 2033 2491 2088 decor
2516 2042 2623 2090 tute
2668 2035 2876 2101 formm,
2917 2054 2985 2093 ne
3034 2041 3254 2097 aberrcs
3299 2055 3423 2114 post

1847 2122 2071 2192 vestigia
2121 2137 2309 2215 eorulm
2345 2125 2437 2194 qui
2486 2139 2885 2197 prmcesserunt
2923 2146 3077 2194 ;non
3130 2141 3216 2187 est
3276 2136 3418 2188 enim

1845 2220 2112 2281 apertum,
2139 2227 2207 2266 an
2258 2215 2331 2269 sit
2382 2215 2660 2270 haedorum
2709 2219 2902 2273 semita
2933 2235 2995 2275 ea
3033 2235 3155 2292 quae
3196 2236 3422 2295 apparet

1844 2317 2007 2372 quam
2038 2310 2097 2357 tu
2153 2304 2402 2374 sequeris
2437 2323 2452 2371 ;
2481 2316 2767 2377 prepterea
2802 2310 2945 2378 quod
2976 2326 3007 2365 a
3043 2319 3096 2368 te
3142 2329 3252 2369 non
3298 2333 3420 2371 cer-

1843 2405 2046 2450 nantur
2075 2396 2167 2467 qui
2200 2396 2445 2466 vestigiis
2489 2397 2605 2452 suis
2638 2399 2777 2452 viam
2811 2401 3097 2465 triverunt,
3132 2412 3418 2475 postquam

1843 2486 2012 2541 vitam
2067 2488 2533 2550 transmiseris,ct
2573 2489 2626 2541 in
2660 2489 2853 2546 mortis
2892 2492 3168 2547 stabulum
3205 2495 3419 2549 inclusa

1845 2577 2356 2645 fueris,timendnm
2389 2589 2474 2634 est
2505 2596 2574 2634 ne
2603 2583 2658 2635 in
2689 2597 2903 2652 gregem
2938 2584 3217 2663 haedorum
3256 2590 3421 2642 ascri-

1845 2671 2013 2736 baris,
2041 2688 2183 2742 quos
2222 2672 2478 2742 ignorans
2496 2689 2699 2742 ,eorum
2751 2676 2995 2747 vestigiis
3025 2677 3303 2745 insistens,
3331 2697 3418 2736 se‘

1831 2769 1969 2818 'cuta
2001 2778 2083 2819 es.

1916 2852 1976 2908 Si
2019 2854 2156 2907 enim
2211 2869 2312 2907 non
2373 2871 2657 2922 cognoscas
2719 2858 2962 2923 teipsam,
2998 2874 3028 2912 ο
3078 2857 3299 2927 pulchra
3346 2860 3424 2912 in-

162 2945 378 3012 ἔξελθε
419 2945 501 3000 σὺ
546 2946 615 3001 ἐν
656 2947 933 3015 πτέρναις
975 2949 1094 3004 τῶν
1124 2953 1429 3021 ποιμνίων,
1470 2956 1569 3009 καὶ
1608 2957 1735 3009 ποί-

1916 2962 1925 2974 ·
1985 2947 2247 3007 mulieres.
2293 2946 2533 3016 egredere
2587 2957 2641 3001 tu
2705 2948 2758 3001 in
2822 2949 3050 3019 vestigiis
3108 2967 3320 3021 gregum
3372 2961 3422 3005 et

156 3052 340 3106 μαινε
365 3037 505 3102 τοὺς
524 3037 767 3107 ἐρίφους
791 3039 889 3093 ἐπὶ
911 3040 1265 3111 σκηνώμασι
1295 3043 1412 3098 τῶν
1437 3045 1751 3114 ποιμένων.

166 3131 351 3200 Ὅπερ
385 3129 449 3182 δι’
479 3130 665 3201 ἑτέρου
710 3131 854 3195 τινὸς
895 3133 1227 3203 ἀντιγράφου
1259 3137 1587 3211 σαφέστερον
1636 3140 1750 3201 ἔστι

162 3223 520 3292 κατανοῆσαι,
544 3222 619 3286 ὡς
664 3222 721 3275 δὲ
767 3223 842 3295 μὴ
896 3225 995 3296 τὴν
1049 3224 1297 3292 σύνταξιν
1339 3228 1448 3283 τῶν
1492 3232 1750 3302 ῥημάτων

162 3317 344 3370 δοκεῖν
380 3317 765 3389 ἀσυναρτήτως
803 3318 966 3390 ἔχειν.
1017 3322 1155 3392 Φησὶ¹
1182 3322 1313 3394 γὰρ,
1360 3324 1442 3378 ὅτι
1496 3326 1637 3381 Ἐὰν
1662 3329 1748 3398 μὴ

162 3406 328 3477 γνῷς
370 3410 658 3477 σεαυτὴν,
693 3410 732 3479 ἠ
797 3411 954 3481 καλὴ
1014 3413 1084 3467 ἐν
1142 3416 1438 3485 γυναιξὶν,
1496 3417 1749 3487 ἐξῆλθες

161 3499 259 3581 ἐκθ
281 3499 403 3555 τῶν
440 3500 711 3569 πτερνῶν
758 3502 867 3556 τοῦ
918 3505 1221 3573 ποιμνίουο
1268 3506 1367 3561 καὶ
1418 3509 1751 3577 ποιμαίνεις

163 3589 414 3658 ἐρίφους
470 3590 603 3644 ἀντὶ
661 3592 1066 3662 σκηνωμάτων
1121 3596 1632 3665 ποιμνένωνθῶστε
1681 3599 1748 3652 δι’

168 3681 457 3753 ἀκριϐείας
507 3682 822 3752 συμϐαίνειν
872 3685 970 3756 τὴν
1019 3687 1076 3739 ὲν
1129 3689 1242 3751 τοῖς
1289 3689 1493 3759 ῥήμασι
1540 3688 1749 3751 τούτοις

167 3772 575 3844 δμφαινομένην
600 3773 835 3828 διάνοιαν
871 3779 937 3847 τῇ
969 3778 1396 3850 προαποδοοείσῃ
1426 3779 1626 3852 θεωρίᾳ
1651 3780 1745 3834 τοῦ

166 3861 350 3930 λόγου.
380 3863 588 3916 Οὐκοῦν
619 3864 705 3917 ῖνα
734 3863 807 3935 μὴ
835 3864 1006 3918 ταῦτα
1036 3867 1232 3940 πάθῃς,
1264 3868 1494 3940 πρόσεχε
1522 3872 1740 3942 σεαυτῇ,

169 3954 336 4026 φησιν
367 3957 396 4008 ό
433 3954 609 4024 λόγος.
637 3955 805 4010 Τοῦτο
825 3957 933 4028 γάρ
960 3958 1107 4012 ἐστιν
1138 3960 1372 4028 ἀσφαλὲς
1394 3961 1501 4014 τῶν
1526 3961 1745 4030 ἀγαθῶν

166 4045 566 4116 φυλακτήριονο
596 4047 763 4115 γνῶθι
812 4048 977 4104 πόσον
1030 4049 1168 4120 ὑπὲρ
1205 4050 1303 4121 τὴν
1342 4051 1531 4124 λοιπὴν
1572 4054 1746 4108 κτίσιν

169 4139 323 4208 παρά
355 4137 448 4191 τοῦ
479 4140 837 4209 πεποιηκότος
865 4140 1173 4212 τετίμησαι.
1208 4143 1320 4196 Οὐκ
1344 4144 1568 4216 οὐρανὸς
1590 4145 1755 4214 γέγο-ι

163 4224 455 4284 νενέίκὼν
477 4230 570 4284 τοῦ
603 4230 759 4297 Θεοῦ,
793 4232 855 4285 οὐ
892 4233 1107 4305 σελήνη,
1139 4235 1237 4305 οὐχ
1262 4235 1431 4306 ἥλιος,
1465 4238 1526 4291 οὐ
1551 4238 1612 4290 τὸ
1641 4236 1749 4292 τῶν

1851 3054 2003 3107 pasce
2032 3038 2205 3092 Ita’dos
2248 3038 2301 3091 in
2358 3037 2709 3092 tabernaculis
2760 3050 3055 3108 pastorum.
3093 3041 3248 3108 Quod
3303 3044 3423 3113 qui—

1851 3129 1973 3185 dem
2004 3128 2219 3185 facilius
2251 3129 2374 3184 licet
2401 3129 2707 3201 intelligere
2746 3146 2843 3202 per
2871 3133 3098 3189 alterum
3125 3139 3421 3204 erempiar,

1853 3227 1911 3273 ut
1943 3234 2010 3275 ne
2040 3220 2329 3275 verborum
2386 3222 2605 3291 quidem
2655 3223 2999 3277 constructio
3029 3224 3275 3280 videatur
3317 3242 3421 3280 non

1851 3310 2149 3366 cohaerere.
2204 3311 2343 3366 Dicit
2372 3313 2517 3367 enim
2553 3332 2568 3369 :
2602 3313 2663 3368 Si
2692 3332 2795 3369 non
2830 3332 3111 3385 cognoscas
3140 3325 3190 3372 te
3231 3319 3419 3384 ipsam,

1851 3416 1881 3453 ο
1917 3400 2138 3465 pulchra
2164 3401 2301 3455 inter
2328 3401 2595 3464 mulieres,
2617 3419 2827 3473 egressa
2858 3420 2912 3457 es
2962 3404 3018 3457 in
3049 3406 3279 3475 vestigiis
3301 3424 3421 3476 gre.

1850 3507 2012 3562 gum,
2059 3503 2108 3546 et
2160 3492 2338 3562 pascis
2387 3492 2565 3547 haedos
2611 3508 2704 3563 pro
2742 3494 3097 3548 tabernaculis
3124 3506 3421 3563 pastorum,

1851 3583 1988 3639 adeo
2015 3590 2073 3636 ut
2103 3600 2225 3653 quae
2248 3584 2301 3638 in
2334 3583 2420 3639 bis
2446 3583 2609 3639 dictis
2647 3592 2871 3655 apparet
2917 3587 3208 3650 sententia,
3236 3601 3422 3644 exacte

1852 3676 2141 3733 conveniat
2189 3676 2237 3730 ei
2264 3690 2426 3745 quam
2457 3676 2611 3744 prius
2654 3675 2935 3744 posuimus
2969 3685 3256 3733 contextus
3291 3692 3418 3732 con-

1853 3768 2213 3838 templationi.
2238 3765 2314 3822 Ne
2348 3783 2478 3838 ergo
2507 3767 2621 3821 haec
2651 3767 2744 3820 tibi
2780 3767 3050 3833 accidant,
3084 3770 3302 3825 attende
3325 3772 3423 3826 tibi

1851 3861 1993 3932 ipsi,
2025 3860 2158 3915 dicit
2206 3858 2528 3929 Scriptura:
2562 3858 2675 3913 hac
2714 3853 2794 3915 est
2826 3861 2969 3915 enim
3013 3861 3288 3917 tutissima
3324 3863 3421 3918 bo-

1851 3967 2047 4008 norum
2097 3952 2598 4008 conservandorum
2642 3952 2804 4007 ratio.
2836 3952 3116 4023 Cognosce
3159 3962 3422 4025 quantum

1852 4043 1931 4099 sis
1952 4043 2216 4097 honorata
2241 4057 2270 4095 a
2296 4041 2556 4099 Creatore
2578 4043 2700 4114 plus
2725 4057 2887 4113 quam
2916 4043 3122 4114 reliqua
3145 4053 3420 4100 creatura.

1849 4133 1969 4190 Non
1999 4133 2201 4189 factum
2231 4132 2332 4187 fuit
2368 4133 2566 4188 caelum
2608 4134 2785 4206 imago
2820 4133 2913 4190 Dei
2942 4153 2958 4202 ;
2990 4151 3095 4190 non
3129 4136 3278 4200 luna,
3311 4153 3421 4192 non

1852 4228 1976 4291 sol,
2010 4240 2117 4296 non
2174 4225 2415 4280 siderum
2464 4225 2833 4295 pulchritudo,
2894 4240 3069 4296 neque
3124 4229 3422 4297 quidquam

162 4323 385 4393 ἄστρων
421 4323 638 4387 κάλλος,
667 4324 767 4378 οὐκ
818 4323 944 4378 ἄλλο
992 4343 1043 4379 τι
1092 4325 1203 4380 τῶν
1250 4327 1391 4381 κατά
1429 4327 1529 4401 τὴν
1574 4330 1735 4384 κτίσιν

1916 4320 1996 4376 iud
2019 4335 2086 4375 ex
2125 4318 2192 4374 iis
2224 4332 2346 4388 quae
2378 4324 2681 4372 cernuntur
2712 4317 3011 4373 secundum
3042 4306 3316 4375 nat'uram.
3338 4318 3420 4376 Tu

164 4413 512 4489 φαινομένων
555 4416 725 4471 οὐδέν.
762 4417 911 4490 Μόνη
948 4419 1013 4473 σὺ
1049 4418 1277 4489 γέγονας
1315 4420 1414 4490 τῆς
1452 4421 1749 4493 ὑπερεχού-

164 4526 270 4579 σης
318 4508 495 4563 πάντα
533 4508 656 4562 νοῦν
683 4508 897 4578 φύσεως
938 4511 1318 4582 ἀπεικόνισμα,
1345 4510 1440 4565 τοῦ
1472 4512 1748 4585 ἀφθάρτου

162 4598 401 4661 κάλλους
437 4597 710 4668 ὁμοίωμα,
732 4600 830 4670 τῆς
867 4599 1124 4672 ἀληθινῆς
1168 4600 1417 4672 θεότητος
1460 4603 1751 4658 ἀποτύπω·

164 4706 269 4762 μα,
300 4690 405 4760 τῆς
435 4690 709 4762 μακαρίας
731 4690 876 4760 ζωῆς
903 4691 1122 4762 δοχεῖον,
1156 4690 1252 4746 τοῦ
1288 4691 1537 4764 ἀληθινοῦ
1577 4694 1754 4765 φωτὸς

161 4784 485 4854 ικμαγεῖον,
509 4781 644 4854 πρὸς
660 4781 689 4834 ὃ
708 4781 995 4852 βλέπουσα,
1022 4784 1196 4836 ἐκεῖνο
1216 4784 1361 4858 γίνῃ,
1386 4785 1522 4857 ὅπερ
1544 4785 1749 4849 ἐκεῖνός

159 4877 305 4940 ἔστι,
355 4875 663 4947 μιμουμένη
699 4874 791 4928 τὸν
824 4877 882 4929 ἐν
918 4875 1000 4928 σοὶ
1042 4874 1321 4947 λάμποντα
1352 4876 1439 4935 διὰ
1476 4877 1573 4948 τῆς
1600 4880 1749 4932 ἀντι-

158 4968 492 5041 λαμπούσης
511 4968 683 5039 αὐγῆς
702 4969 765 5021 ὲκ
784 4968 881 5038 τῆς
902 4966 1002 5038 σῆς
1021 4967 1405 5039 καθαρότητος.
1421 4969 1587 5023 οὐδὲν
1605 4969 1747 5023 οὕτω

156 5063 273 5116 τῶν
298 5061 471 5115 ὄντων
503 5060 664 5131 μέγα,
689 5060 764 5123 ὡς
791 5057 868 5130 τῷ
897 5059 973 5129 σῷ
1008 5058 1224 5130 μεγέθει
1258 5059 1740 5130 παραμετρεῖσθαι.

170 5153 234 5205 ’0
259 5149 493 5221 οὐρανὸς
512 5148 631 5214 ὅλος
664 5151 732 5220 τῇ
768 5148 862 5201 τοῦ
898 5148 1030 5203 Θεοῦ
1067 5146 1310 5221 σπιθαμῇ
1344 5147 1745 5220 περιλαμϐάνει

156 5258 290 5308 τατ,
320 5240 396 5310 γῆ
435 5240 493 5294 δὲ
532 5240 627 5294 καὶ
663 5239 903 5293 θάλασσα
929 5242 993 5312 τῇ
1020 5239 1180 5311 δρακὶ
1214 5239 1314 5311 τῆς
1345 5240 1525 5311 χειρὸς
1556 5240 1719 5295 αὐτοῦ

158 5334 565 5406 περιείργεται.
600 5331 739 5385 Ἀλλ’
761 5332 909 5403 ὅμως
943 5334 973 5386 ὁ
1009 5331 1248 5397 τοιοῦτος
1287 5333 1380 5387 καὶ
1414 5332 1684 5396 τοσοῦτος,
1719 5335 1749 5387 ὁ

156 5429 350 5481 πᾶσαν
376 5426 443 5496 τῇ
484 5422 712 5496 παλάμῃ
735 5424 1108 5494 περισφίγγων
1133 5424 1231 5494 τὴν
1269 5423 1464 5488 κτίσιν,
1500 5423 1618 5487 ὅλος
1666 5441 1747 5478 σοι

157 5516 417 5590 χωρητδς
440 5515 667 5585 γίνεται,
689 5513 784 5568 καὶ
810 5515 867 5567 ὲν
890 5515 971 5568 σοὶ
991 5518 1250 5580 κατοικεῖ,
1273 5516 1367 5570 καὶ
1393 5517 1492 5570 οὐκ
1514 5517 1748 5570 ἐνστενο-

162 5612 339 5683 χωρεῖ
357 5607 507 5679 πάσῃ
530 5594 595 5677 τῆ
622 5605 777 5675 φύσει
803 5606 1126 5675 ὲνδιοδεύων,
1146 5608 1174 5661 ό
1196 5607 1386 5662 είπών·
1420 5607 1747 5675 Ἐνοικήσω

1847 4413 1963 4469 sola
2006 4410 2150 4466 facta
2204 4425 2265 4468 es
2302 4407 2504 4480 eﬁigies
2541 4419 2752 4463 naturae
2778 4424 2898 4477 quae
2951 4424 3168 4466 omnem
3201 4420 3421 4483 supcrat

1848 4501 2292 4573 intelligentiam,
2325 4497 2625 4553 similitudo
2669 4498 3092 4568 pulchritudinis
3155 4502 3207 4556 in
3255 4519 3419 4573 quam

1848 4609 1961 4651 non
1993 4595 2141 4650 cadit
2195 4593 2474 4656 interitus,
2504 4606 2764 4662 expressa
2807 4590 2980 4662 ﬁgura
3017 4609 3158 4649 vera:
3216 4597 3421 4651 divini-

1850 4690 2002 4753 tatis,
2027 4689 2151 4743 vitze
2179 4686 2352 4742 beata:
2383 4683 2813 4754 receptaculum,
2847 4685 2957 4738 veri
2984 4685 3206 4741 luminis
3244 4686 3420 4742 intor-

1852 4790 2057 4837 matum
2099 4779 2473 4844 simulacrum,
2507 4775 2575 4832 ad
2600 4774 2745 4846 quod
2767 4776 3039 4845 aspiciens
3067 4777 3119 4831 id
3152 4778 3296 4847 quod
3332 4780 3423 4833 ille

1852 4882 1937 4930 est
1958 4870 2208 4937 ediceris,
2240 4870 2464 4924 imitans
2499 4883 2621 4924 eum
2654 4868 2745 4938 qui
2782 4869 2837 4922 in
2872 4875 2927 4924 te
2963 4868 3296 4938 resplendet,
3325 4886 3421 4940 per

1852 4963 2203 5035 splendorem
2229 4977 2294 5017 ex
2317 4961 2548 5015 adverso
2567 4959 2918 5029 refulgentem
2945 4975 3011 5015 ex
3044 4970 3134 5014 tua
3162 4962 3418 5030 puritate.

1852 5053 2054 5109 Eorum
2085 5069 2205 5124 quae
2236 5063 2363 5108 sunt
2394 5052 2528 5124 nihil
2558 5060 2642 5107 est
2662 5051 2797 5106 adeo
2826 5066 3103 5122 magnum,
3136 5059 3195 5105 ut
3241 5053 3419 5107 susci-

1830 5146 1964 5222 ‘piat
1994 5146 2386 5202 dimensionem
2419 5155 2523 5199 tua;
2552 5144 2964 5214 magnitudinis.
2985 5143 3178 5199 Totum
3219 5147 3419 5201 coelum

1849 5241 1944 5298 Dei
1978 5239 2153 5310 palma
2202 5237 2516 5292 continetur
2543 5254 2558 5303 ;
2585 5243 2729 5291 terra
2777 5246 2830 5291 et
2870 5250 3019 5291 mare
3060 5237 3261 5306 pugillo
3302 5241 3423 5308 ejus

1849 5347 2046 5388 manus
2078 5327 2577 5400 comprehenditur.
2623 5327 2727 5383 Sed
2762 5335 2943 5383 tamen
2972 5328 3065 5398 qui
3100 5338 3183 5384 est
3234 5337 3425 5387 tantus

1850 5433 1904 5480 et
1931 5425 2074 5497 talis,
2103 5424 2196 5493 qui
2235 5422 2545 5477 universam
2586 5430 2889 5477 creaturam
2926 5424 3102 5491 palma
3156 5423 3420 5480 continet.

1853 5525 2001 5571 tutus
2030 5531 2060 5569 a
2090 5523 2143 5570 te
2175 5517 2409 5586 capitur,
2433 5522 2485 5570 et
2512 5515 2565 5569 in
2590 5522 2641 5570 te
2672 5514 2900 5577 habitat,
2918 5523 2971 5569 et
2995 5531 3099 5571 non
3133 5515 3186 5569 in
3210 5523 3423 5568 aretum

1859 5606 2073 5678 cogitur
2103 5606 2159 5661 in
2192 5613 2285 5661 tua
2315 5622 2537 5665 versans
2563 5613 2778 5671 natura,
2812 5606 2904 5677 qui
2928 5606 3102 5661 dixit:
3138 5603 3198 5657 In
3224 5605 3296 5656 eis
3329 5602 3423 5655 ha-
