3742 5986
160 272 264 330 009

1204 275 1275 331 ΙΝ
1306 277 1602 335 CANTICA
1639 270 1911 336 CANTIC.
1939 279 2220 339 HOMILIA
2258 282 2342 339 ill.

3292 289 3399 346 810

160 386 345 460 ὥσπερ
374 387 467 477 ἐπί
497 387 589 443 τοῦ
621 386 751 447 Σινᾶ
783 395 1364 466 προπαρασκευασθεὶς
1387 399 1498 462 τοῖς
1523 397 1723 471 καθαρ-

1893 403 1994 458 rtio
2034 402 2229 477 dignus
2253 410 2530 472 censetur,
2574 417 2788 459 summo
2824 419 3003 470 mane,
3045 414 3105 461 ut
3149 407 3198 462 ei
3253 406 3396 465 Deus

165 477 296 541 σίοις
336 478 365 530 ὁ
424 476 634 549 Ἰσραὴλ
667 481 725 533 ὲν
750 479 990 553 ἡμέραις
1034 482 1153 549 δύο,
1182 487 1250 557 τῇ
1282 484 1442 559 τρίτῃ
1472 487 1612 541 κατά
1635 487 1726 559 τρν

158 565 347 639 ὕρθρον
395 567 643 635 ἀξιοῦται
686 568 787 640 τῆς
826 569 1178 642 θεοφανείας,
1226 576 1408 631 οὐκέτι
1458 578 1587 649 περ)⁵
1629 578 1729 649 τὴν

160 654 347 709 πλύσιν
372 656 481 708 τῶν
510 656 740 727 ἱματίων
783 657 1008 729 ἄσχολος
1057 660 1166 726 ὢν,
1213 663 1329 717 ἀλλ’
1375 664 1536 719 αὑτὸν
1580 665 1728 735 δεχό-

161 760 317 815 μενος
360 744 617 815 ἐμφανῶς
645 745 737 800 τὸν
769 745 901 801 Θεὸν
921 787 937 814 ,
992 740 1053 801 οὗ
1105 749 1275 831 χάριν(
1302 752 1392 804 τὸν
1420 752 1521 822 τῆς
1551 751 1728 823 ψυχῆς

157 834 325 908 ῥύπον
351 834 438 889 διὰ
468 835 577 889 τῶν
608 836 986 907 προλαϐόντων
1018 840 1328 911 καθαρσίων
1356 841 1721 898 ἀπεπλύνατο·

155 928 293 982 οὕτω
331 928 427 981 καὶ
470 927 564 981 νῦν
592 931 625 1001 ἡ
656 929 715 982 ὲν
759 932 872 992 τοῖς
900 930 1138 1000 φθάσασι
1175 932 1353 1002 λόγοις
1384 935 1723 1007 γεγενημένη

154 1018 259 1074 τῶν
286 1019 584 1091 προοιμίων
612 1020 706 1074 τοῦ
744 1020 1021 1094 ’ᾼσματος
1047 1023 1251 1096 Θεωρία
1279 1024 1422 1079 κατά
1454 1025 1553 1092 τὰς
1589 1043 1724 1098 προ-

152 1110 418 1176 λαϐούσας
447 1108 542 1164 δύο
588 1110 824 1182 ἡμέρας,
870 1112 1123 1168 τοσοῦτον
1151 1115 1451 1186 ὠφέλησεν,
1482 1116 1606 1171 ὅσον
1633 1118 1726 1171 ὲκ-

156 1202 353 1257 πλῦναι
388 1202 484 1256 καὶ
509 1202 816 1257 ἀποκλῦσαι
843 1203 938 1258 τοῦ
964 1204 1139 1277 ῥύπου
1173 1207 1270 1278 τῆς
1311 1207 1512 1279 σαρκὸς
1539 1207 1637 1279 τὴν
1667 1209 1725 1261 ὲν

151 1298 259 1359 τοῖς
282 1293 596 1365 λεγομένοις
623 1294 879 1350 διάνοιαν.
913 1296 1086 1362 Αὐτὸς
1116 1297 1173 1351 δὲ
1197 1300 1225 1352 ὁ
1259 1297 1390 1364 Θεὸς
1415 1299 1585 1368 Λόγος
1628 1299 1724 1369 σή-

155 1405 337 1459 μερον,
358 1388 481 1457 ῆτις
501 1387 618 1441 ἐστὶ
638 1388 815 1459 τρίτη,
837 1390 977 1459 μετά
1008 1389 1105 1461 τὴν
1123 1389 1345 1462 πρώτην
1364 1408 1424 1443 τε
1440 1392 1535 1443 καὶ
1552 1389 1725 1444 δευτέι

155 1498 248 1553 ραν
288 1479 576 1551 κάθαρσιν,
606 1480 1019 1550 ἐπιφανήσεται,
1045 1481 1106 1534 οὐ
1140 1480 1343 1552 γνόφῳ,
1376 1481 1470 1535 καὶ
1503 1479 1720 1552 θυέλλῃ,

151 1569 241 1624 καὶ
262 1569 561 1637 σάλπιγγος
584 1569 722 1639 ῆχῳ,
745 1568 840 1621 καὶ
860 1569 995 1639 πυρὶ
1010 1568 1258 1641 φοϐερῶς
1275 1570 1341 1624 ὲκ
1356 1568 1630 1641 πυθμένος
1643 1571 1723 1633 είς

150 1660 460 1732 ἀκρώρειαν
484 1657 579 1712 τοῦ
607 1659 765 1731 ὄρους
803 1657 900 1729 τὴν
931 1661 1187 1732 περιοχὴν
1219 1661 1591 1732 διασμύχοντι,
1622 1677 1724 1731 φα-

1827 502 2106 563 appareat,
2139 510 2249 550 non
2282 494 2518 565 amplius
2539 502 2839 565 occupatus
2861 495 2917 550 in
2952 495 3200 554 lavandis
3227 499 3398 554 vesti-

1825 583 1951 650 bus,
1993 584 2091 643 sed
2134 586 2314 657 ipsum
2365 585 2535 642 Deum
2566 593 2758 657 aperte
2801 587 3130 657 suscipiens,
3179 598 3399 659 propter

1825 675 1970 746 quod
2002 677 2199 732 animae
2225 677 2417 733 sordes
2445 693 2542 751 per
2573 677 2942 749 praecedentes
2991 678 3240 733 abluerat
3268 694 3398 748 pur-

1824 767 2072 837 gationes
2094 786 2109 826 :
2128 768 2202 823 ita
2227 770 2389 824 etiam
2415 784 2583 837 nunc,
2610 784 2733 840 qua:
2762 770 2818 824 in
2841 770 2909 826 iis
2932 784 3053 841 quae
3075 769 3228 840 prius
3254 768 3397 829 dicta
3437 764 3441 769 ’

1825 865 1957 913 sunt
1996 856 2100 912 fuit
2145 859 2536 929 contemplatio
2562 860 2950 930 praemiorum
2982 859 3196 917 Cantici
3227 860 3395 916 canti-

1824 963 2041 1016 corum,
2070 949 2286 1005 duobus
2308 950 2502 1007 diebus
2535 951 2972 1022 praecedentibus
2998 958 3244 1008 :tantum
3271 965 3396 1023 pro-

1826 1034 1932 1091 fuit
1978 1044 2040 1092 ut
2084 1037 2331 1093 ablueret
2373 1045 2428 1093 et
2476 1040 2799 1095 emundaret
2844 1055 2874 1093 a
2911 1039 3169 1096 sordibus
3211 1039 3397 1095 carnis

1825 1139 2049 1182 sensum
2080 1126 2178 1197 qui
2224 1133 2310 1182 est
2354 1126 2410 1181 in
2458 1126 2527 1182 iis
2560 1142 2681 1198 quae
2731 1126 3006 1181 dicuntur.
3044 1126 3168 1197 Ipse
3215 1136 3393 1183 autem

1826 1215 1969 1274 Deus
1998 1217 2231 1275 Verbum
2258 1219 2442 1286 hodie,
2487 1221 2579 1290 qui
2620 1227 2705 1276 est
2746 1219 2863 1274 dies
2902 1219 3119 1286 tertius,
3168 1233 3395 1289 appare-

1824 1308 1907 1362 bit
1928 1317 2051 1379 post
2080 1310 2312 1380 primam
2336 1320 2391 1366 et
2424 1312 2725 1368 secundam
2762 1314 3164 1383 purgationem,
3193 1326 3304 1366 non
3339 1310 3393 1365 in

1824 1399 2057 1470 caligine
2088 1407 2144 1456 et
2175 1402 2436 1471 procella,
2467 1412 2522 1458 et
2560 1418 2697 1460 sono
2728 1404 2888 1469 tubae,
2922 1410 2978 1460 et
3008 1403 3239 1460 terribili
3270 1404 3396 1474 igne

1824 1504 1856 1544 a
1884 1491 2069 1547 radice
2099 1507 2270 1562 usque
2290 1493 2358 1548 ad
2381 1494 2640 1550 verticem
2667 1495 2867 1552 montis
2890 1495 3161 1550 ambitum
3187 1494 3396 1561 abster.

1821 1588 2006 1652 gente,
2032 1592 2277 1653 apertam
2317 1591 2374 1640 et
2409 1585 2755 1643 manifestam
2789 1602 2945 1643 suam
2980 1588 3228 1659 praebens
3253 1602 3394 1659 prae-

1825 1672 2077 1741 sentiam,
2125 1675 2222 1732 sed
2261 1674 2546 1746 iucundus
2576 1685 2634 1734 et
2684 1678 2920 1736 aﬂ‘abilis
2958 1694 3022 1736 ex
3074 1680 3258 1751 specie
3302 1678 3394 1734 illa

149 1754 306 1823 νεράν
335 1753 430 1806 καὶ
450 1751 701 1820 ἐπίδηλον
729 1748 924 1803 ἑαυτοῦ
949 1750 1046 1823 τὴν
1070 1753 1368 1825 παρουσίαν
1389 1753 1723 1835 ποιούμενος·

1893 1763 2057 1819 rribili
2089 1764 2156 1820 ad
2182 1779 2399 1835 sponsa.-
2422 1766 2666 1823 lmtitiam
2698 1783 2760 1826 se
2799 1746 3179 1825 transmutans
3202 1774 3258 1824 et
3295 1781 3391 1823 ac-

143 1844 259 1897 ἀλλ’
281 1843 417 1915 ἡδὺς
435 1841 530 1896 καὶ
543 1841 887 1912 εὐπρόσιτος,
908 1842 971 1896 ὲκ
993 1842 1088 1897 τοῦ
1117 1843 1348 1917 φοϐεροῦ
1373 1844 1547 1909 εἴδους
1577 1843 1722 1898 ὲκεί-

149 1955 236 1992 νου
290 1936 432 2009 πρὸς
487 1937 587 2006 τὴν
641 1936 917 2010 νυμφικὴν
974 1935 1312 2009 εὐφροσύνην
1374 1935 1724 2007 μεθαρμοσά-

145 2044 325 2097 μενος.
377 2027 490 2096 Τῆς
532 2027 639 2098 γὰρ
665 2027 884 2099 νύμφης
907 2027 1191 2099 δεηθείσης
1226 2027 1419 2098 μαθεῖν
1450 2028 1577 2090 τοὺς
1621 2025 1723 2096 τῆς

149 2115 507 2180 ἀναπαύσεως
532 2116 749 2180 τόπους,
784 2118 842 2169 ὲν
873 2111 954 2181 οἷς
978 2117 1006 2169 ὁ
1029 2114 1233 2184 ἀγαθὸς
1262 2115 1466 2186 ποιμὴν
1490 2113 1587 2186 τὴν
1608 2113 1725 2168 δια-

147 2207 333 2278 τριϐὴν
356 2207 492 2277 ἔχει,
515 2206 656 2262 ὥστε
680 2208 754 2279 μή
780 2225 832 2260 τι
862 2207 1004 2262 κατά
1029 2206 1253 2276 ἄγνοιαν
1278 2206 1388 2260 τῶν
1415 2205 1724 2278 ἀϐουλήτων

151 2297 334 2350 παθεῖν
357 2313 375 2328 ⁸
424 2292 544 2350 εἷτα
591 2297 699 2351 τῶν
745 2297 912 2367 φίλων
950 2297 1015 2351 τὸ
1057 2298 1298 2368 ἀσφαλὲς
1342 2290 1441 2369 τῆς
1469 2297 1724 2368 ἀληθείας

150 2389 431 2458 κριτήριον
477 2389 938 2459 ὑφηγησαμένων,
991 2389 1053 2443 τὸ
1097 2390 1234 2462 πρὸς
1277 2384 1473 2462 ἑαυτὴν
1507 2388 1725 2460 βλέπειν

148 2479 240 2550 τὴν
266 2479 469 2552 ψυχὴν,
515 2482 610 2534 καὶ
654 2481 849 2553 ἑαυτὴν
894 2480 1184 2550 γινώσκειν
1218 2498 1231 2514 ο
1278 2481 1343 2535 τὸ
1387 2481 1496 2553 γὰρ
1525 2478 1726 2551 ἑαυτὴν

148 2573 378 2639 ἀγνοεῖν,
403 2573 577 2644 ἀρχὴν
604 2574 951 2646 ἀπεφήναντο
981 2574 1076 2628 καὶ
1098 2572 1418 2628 ἀκολουθίαν
1444 2568 1584 2626 εἶναι
1628 2569 1723 2625 τοῦ

150 2661 280 2731 μηδὲ
308 2661 443 2715 άλλο
475 2678 526 2714 τι
559 2661 665 2715 τῶν
697 2662 923 2717 δεόντων
955 2662 1172 2716 εἰδέναι.
1200 2661 1326 2725 Πῶς
1357 2660 1467 2733 γὰρ
1503 2660 1570 2716 ἂν
1599 2661 1726 2718 ἀλλο

150 2768 200 2806 τι
229 2752 429 2823 μάθοι,
467 2752 661 2807 ἑαυτὸν
703 2752 946 2822 ἀγνοῶνς
990 2753 1112 2807 Ἐπὶ
1145 2752 1354 2815 τούτοις
1400 2753 1478 2816 ὡς
1527 2754 1725 2819 ίκανῶς

150 2844 245 2915 ἤδη
269 2844 363 2897 τοῦ
398 2841 724 2915 ἡγεμονικοῦ
751 2843 851 2914 τῆς
867 2840 1050 2913 ψυχῆς
1075 2840 1505 2913 κεκαθαρμένου,
1522 2842 1725 2895 ἐπανα-

148 2931 319 2986 τέλλει
346 2935 416 3005 τῇ
452 2929 692 3002 ποθούσῃ
718 2933 747 2984 ὁ
786 2930 942 3000 λόγος
967 2969 984 2995 ,
1015 2929 1328 3002 προτροπὴν
1360 2929 1496 3002 πρὸς
1537 2929 1601 2983 τὸ
1637 2927 1725 2982 τέ-

148 3021 287 3077 λειον
330 3022 655 3093 ποιούμενος
697 3021 786 3076 διά
827 3021 926 3092 τῆς
972 3019 1240 3092 ἀποδοχῆς
1280 3018 1388 3074 τῶν
1416 3017 1717 3090 παρόντων.

163 3108 220 3161 ’0
245 3108 353 3181 γὰρ
394 3109 493 3162 ἐπὶ
531 3110 644 3170 τοῖς
673 3106 1088 3179 κατορθώμασιν
1111 3105 1331 3171 ἔπαινος
1361 3105 1721 3179 σφοδροτέραν

150 3200 257 3263 τοῖς
293 3194 676 3270 κατορθώσασι
707 3198 807 3269 τὴν
848 3196 984 3270 πρὸς
1025 3191 1086 3251 τὺ
1135 3199 1380 3269 κρεῖττον
1415 3196 1724 3270 προθυμίαν

151 3292 410 3364 ἐντίθησι.

217 3385 313 3450 Τίς
333 3381 428 3441 οὗν
454 3387 485 3441 ὁ
512 3384 662 3458 παρά
696 3382 790 3439 τοῦ
825 3381 1079 3457 ἀληθινοῦ
1108 3373 1284 3454 Λόγου
1323 3374 1561 3455 γεγονὼς
1590 3378 1723 3455 πρὸς

150 3478 243 3549 τὴν
276 3476 547 3550 παρθένον
583 3477 775 3547 λόγος;
825 3476 904 3546 Τῇ
936 3477 1097 3543 ἵππῳ
1116 3494 1260 3548 μου,
1292 3476 1476 3548 φησὶν,
1510 3475 1582 3529 ἐν
1615 3475 1722 3542 ἄρ·-

147 3586 293 3639 pact
315 3567 531 3639 Φαραὼ
574 3567 851 3638 ὠμοίωσά
882 3584 975 3637 σε,
1008 3569 1047 3637 ἠ
1094 3568 1362 3637 πλησίον
1387 3584 1526 3638 μου.
1582 3558 1722 3619 Ἀλλ’

151 3660 331 3732 ἐπειδὴ
380 3662 486 3715 οὐκ
531 3659 675 3714 ἐστιν
705 3663 770 3714 ὲκ
814 3660 909 3715 τοῦ
958 3659 1248 3733 προχείρου
1279 3658 1379 3730 τὴν
1422 3657 1532 3711 τῶν
1575 3659 1724 3729 εἰρη-

155 3752 324 3821 μένων
356 3752 636 3824 θεωρῆσαι
662 3752 919 3816 διάνοιαν,
944 3752 1193 3818 ἐξετάσαι
1223 3751 1489 3823 προσήκει
1514 3748 1582 3804 δι’
1608 3752 1724 3805 ἐπι-

154 3840 388 3909 μελείας,
416 3838 599 3904 καθὼς
626 3840 692 3894 ἂν
715 3836 824 3894 οἷόν
849 3858 909 3894 τε
934 3836 989 3915 ᾗ,
1024 3841 1086 3895 τὸ
1110 3839 1488 3911 προκείμενον.
1525 3838 1725 3912 Ἄλλην

151 3926 371 4002 δύναμιν
404 3930 506 4001 τὴν
533 3930 942 4001 ἀντιταχθεῖσαν
966 3933 1030 4003 τῇ
1065 3930 1216 4003 ἵππῳ
1240 3929 1334 3985 τοῦ
1350 3922 1548 4004 Φαραὼ
1575 3933 1725 4003 παρά

150 4021 242 4091 τῆς
265 4023 508 4093 ἱστορίας
531 4021 828 4094 ἐμάθομεν,
849 4023 1078 4094 νεφέλην
1107 4023 1200 4077 καὶ
1224 4022 1416 4094 ῥάϐδον
1435 4024 1529 4077 καλ⁸
1552 4022 1725 4093 βίαιον

151 4110 342 4182 ἄνεμον
376 4113 474 4166 καὶ
503 4109 737 4180 πέλαγος
761 4112 881 4184 διχῆ
908 4111 1307 4184 διαιρούμενον,
1340 4114 1433 4167 καὶ
1464 4113 1628 4184 βυθὸν
1666 4108 1725 4167 ἐν

151 4202 310 4266 κόνει,
346 4204 444 4257 καὶ
495 4203 591 4275 τὴν
641 4205 704 4258 έκ
748 4204 1008 4276 κυμάτων
1047 4204 1399 4276 τειχοποιίαν,
1432 4206 1527 4260 καὶ
1552 4198 1724 4277 ξηρὰν

151 4294 400 4363 ἄϐυσσον,
427 4296 529 4368 τὴν
554 4296 643 4351 διά
670 4297 837 4368 μέσου
866 4297 973 4352 τῶν
998 4297 1057 4366 ἐξ
1088 4297 1276 4362 ὓδατος
1303 4300 1494 4368 πηγῶν
1513 4315 1723 4370 χερσω-

1822 1854 2199 1911 οοηιωοίιοηε»
2226 1855 2361 1912 Nam
2394 1872 2520 1915 cum
2547 1874 2748 1930 sponsa
2775 1858 3082 1930 rogavisset
3137 1865 3197 1913 ut
3229 1858 3398 1915 sciret
3434 1916 3443 1925 ,

1824 1945 1943 2001 loca
1977 1946 2199 2017 quietis,
2236 1949 2291 2004 in
2318 1950 2522 2021 quibus
2565 1951 2743 2008 bonus
2782 1960 2973 2022 pastor
3002 1962 3278 2014 versatur,
3323 1966 3395 2007 ne

1822 2036 1955 2107 quid
1996 2052 2187 2093 eorum
2216 2053 2340 2109 quae
2381 2041 2545 2097 nollet
2582 2041 2816 2112 amplius
2869 2042 2973 2113 ipsi
3005 2041 3220 2098 accidat
3268 2057 3393 2113 pro-

1824 2136 1943 2198 pter
1977 2127 2373 2199 ignorationem
2397 2171 2412 2197 ,
2441 2129 2638 2188 deinde
2668 2146 2792 2186 cum
2825 2131 2987 2187 amici
3018 2133 3067 2189 ei
3105 2133 3395 2202 exposuis-

1824 2225 1947 2274 sent
2001 2219 2127 2289 quis
2153 2219 2226 2275 sit
2254 2228 2437 2277 certus
2459 2221 2626 2292 iudex
2654 2222 2925 2286 veritatis,
2951 2238 3147 2295 nempe
3171 2233 3232 2279 ut
3275 2225 3395 2279 ani-

1826 2323 1910 2361 ma
1937 2308 2004 2362 ad
2033 2309 2265 2379 seipsam
2305 2311 2558 2382 aspiciat,
2591 2319 2648 2367 ct
2682 2327 2743 2369 se
2766 2321 3066 2384 cognoscat
3096 2331 3109 2367 :
3156 2313 3391 2384 seipsam

1822 2399 1969 2453 enim
2017 2399 2287 2470 ignorare,
2340 2400 2767 2471 pronuntiarunt
2813 2416 2937 2458 esse
2968 2402 3294 2472 principium
3340 2411 3395 2457 et

1822 2491 2275 2561 consequentiam
2308 2493 2591 2549 nesciendi
2620 2492 2841 2564 quidem
2871 2492 3081 2565 aliquid
3124 2493 3270 2548 aliud
3296 2507 3392 2548 eo-

1826 2594 1946 2635 rum
1992 2597 2117 2653 quaa
2161 2591 2418 2653 oportet;
2476 2584 2750 2655 quomodo
2795 2585 2942 2640 enim
2990 2584 3197 2656 aliquid
3245 2585 3391 2640 aliud

1823 2670 2000 2729 discet
2025 2673 2118 2745 qui
2149 2674 2387 2745 seipsum
2419 2675 2668 2747 ignorat?
2695 2684 2818 2747 post
2847 2676 2964 2732 haec
2993 2684 3251 2748 tanquam
3279 2675 3391 2746 jam

1824 2764 1959 2821 satis
2003 2772 2333 2836 expurgata,
2388 2782 2511 2838 quae
2554 2769 2750 2824 anima:
2799 2767 3166 2839 principatum
3224 2776 3390 2832 tenet,

1824 2857 2104 2921 facultate,
2148 2857 2327 2913 oritur
2367 2857 2605 2915 Verbum
2658 2875 2871 2931 sponsae
2919 2859 3277 2921 desideranti,
3327 2877 3392 2916 ea

1822 2963 1945 3019 quae
1987 2961 2117 3006 sunt
2158 2951 2451 3022 praesentia
2496 2952 2836 3023 accipiendo,
2876 2953 3176 3010 adhortans
3220 2957 3286 3010 ad
3339 2954 3392 3009 id

1822 3040 1968 3111 quod
1990 3051 2073 3099 est
2102 3042 2369 3101 divinius.
2399 3042 2545 3101 Laus
2571 3044 2716 3101 enim
2741 3060 2927 3101 rerum
2947 3054 3094 3102 recte
3116 3053 3391 3118 gestarum

1825 3132 1977 3188 all‘ert
2015 3134 2279 3206 majorem
2313 3136 2480 3193 animi
2528 3126 2867 3193 alacritatem
2911 3137 2980 3194 ad
3027 3138 3080 3194 id
3132 3138 3278 3210 quod
3309 3148 3396 3195 est

1822 3224 2038 3281 melius.

1893 3377 2163 3450 Quidnam
2233 3395 2366 3457 ergo
2424 3382 2558 3440 dicit
2611 3398 2800 3441 verum
2856 3385 3094 3441 Verbum
3152 3384 3395 3458 virgini?

1824 3466 2106 3544 Equitatui
2136 3491 2274 3541 meo,
2318 3474 2518 3546 inquit,
2559 3475 2613 3528 in
2646 3469 2888 3530 curribus
2927 3471 3227 3531 Pharaonis
3257 3477 3397 3530 assi-

1823 3565 2010 3620 milavi
2042 3576 2112 3630 le,
2137 3566 2435 3637 propinqua
2460 3579 2596 3620 mea.
2629 3565 2734 3621 Sed
2768 3565 3025 3636 quoniam
3054 3579 3121 3621 ex
3149 3579 3217 3620 eo
3247 3565 3395 3636 quod

1822 3664 1909 3713 est
1943 3656 1998 3711 in
2027 3664 2312 3727 promptu,
2351 3671 2460 3711 non
2500 3653 2661 3710 facile
2692 3660 2871 3725 potest
2897 3652 3235 3710 considerari
3266 3669 3393 3709 sena

1823 3763 1920 3806 sus
1948 3763 2138 3805 eorum
2168 3763 2291 3819 quae
2316 3748 2465 3802 dicta
2510 3752 2659 3813 sunt,
2695 3743 3120 3800 examinandum
3158 3753 3243 3801 est
3270 3745 3383 3801 dili-

1822 3847 2014 3912 genter
2054 3833 2109 3895 id
2143 3837 2289 3909 quod
2336 3846 2422 3894 est
2467 3836 2831 3909 propositum,
2882 3836 3065 3908 quoad
3109 3835 3231 3906 ejus
3278 3837 3393 3893 ﬂeri

1825 3923 2043 4000 poterit.
2089 3921 2263 3982 Aliam
2313 3934 2636 3999 potestatem
2681 3927 2949 3999 equitatui
2970 3923 3272 3983 Pharaonis
3297 3928 3395 3984 ob-

1820 4019 2022 4090 iectam
2077 4015 2376 4075 didicimus
2427 4015 2498 4075 ab
2540 4014 2798 4086 historia,
2849 4032 3043 4090 nempe
3090 4019 3289 4075 nubem
3342 4029 3394 4076 et

1825 4112 2031 4183 virgam
2079 4119 2135 4166 et
2191 4110 2487 4166 violentum
2536 4124 2601 4164 ac
2649 4110 3022 4167 vehementem
3070 4120 3290 4167 ventum
3340 4123 3398 4168 et

1826 4218 1978 4258 mare
2016 4195 2269 4258 bifariam
2305 4198 2565 4270 divisum,
2599 4210 2653 4258 et
2697 4202 3027 4275 profundum
3063 4203 3117 4258 in
3151 4204 3392 4274 pulvere.

1825 4301 1881 4349 et
1932 4307 1997 4348 ex
2059 4286 2225 4349 undis
2275 4290 2527 4347 eﬂ'ectum
2585 4308 2804 4347 murum
2864 4299 2918 4348 et
2978 4292 3181 4347 siccam
3229 4292 3394 4364 abys-

151 4384 326 4442 θεῖσαν
345 4405 360 4420 ο
396 4388 467 4441 δι’
495 4379 572 4442 ὧν
602 4388 853 4442 ἁπάντων
882 4387 1091 4457 ἐγίνετο
1128 4389 1242 4451 τοῖς
1287 4380 1647 4459 Ἰσραηλίταις
1688 4389 1723 4459 ἡ

1896 4400 1949 4439 m
2004 4400 2097 4455 per
2149 4380 2506 4441 intermedios
2551 4383 2606 4438 in
2650 4385 2809 4454 aquis
2860 4399 3047 4440 muros
3094 4384 3392 4439 arefactam

152 4483 408 4554 σωτηρία,
463 4482 803 4556 πανστρατιᾷ
840 4479 935 4534 τοῦ
982 4477 1180 4550 ⁴ιἀραὼ
1231 4477 1369 4548 μετά
1405 4476 1511 4531 τῶν
1541 4478 1722 4531 ἵππων

1902 4475 2212 4541 solidatam,
2246 4491 2342 4546 per
2384 4491 2503 4544 quae
2525 4475 2706 4528 omnia
2745 4475 2894 4530 salus
2925 4483 3077 4545 parta
3102 4482 3188 4532 est
3214 4473 3393 4532 Israe-

149 4585 206 4624 τε
226 4573 317 4625 καὶ
344 4571 608 4643 ἀρμάτων
639 4567 1109 4639 συγκαλυφθέντος
1135 4563 1247 4631 τοῖς
1277 4566 1530 4638 κύμασιν.
1561 4566 1722 4622 Οὐδε-

155 4663 275 4730 μιᾶς
317 4662 505 4717 τοίνυν
549 4662 777 4733 ἱππικῆς
824 4660 1104 4730 δυνάμεως
1150 4657 1595 4730 ἀντεισαχθείσης
1641 4658 1720 4729 τῷ

150 4752 426 4824 Αίγυπτίῳ
456 4752 701 4825 στρατῷ,
748 4752 950 4823 ἄπορον
980 4750 1047 4805 ἂν
1078 4750 1162 4821 εῐη
1192 4749 1381 4821 μαθεῖν
1407 4750 1536 4822 ποίᾳ
1567 4750 1720 4821 ἵππῳ

152 4847 214 4919 τῇ
260 4845 583 4917 διαφανείσῃ
640 4844 784 4899 κατά
835 4843 944 4898 τῶν
999 4841 1312 4912 Αἰγυπτίων
1366 4842 1628 4913 ἁρμάτων
1683 4844 1718 4913 ἡ

153 4933 328 5008 νύμφη
360 4935 516 5009 παρά
537 4933 634 4989 τοῦ
671 4933 829 5002 λόγου
860 4932 956 4987 νῦν
984 4929 1424 5004 προσεικάζεται.
1459 4932 1538 5001 Τῇ
1571 4930 1721 5001 ἵππῳ

158 5041 251 5094 μου
272 5026 404 5099 γὰρ,
444 5026 602 5098 φησὶ,
631 5028 699 5097 τῇ
726 5027 785 5079 ὲν
827 5027 939 5088 τοῖς
973 5024 1184 5095 ἅρμασι
1226 5021 1321 5075 τοῦ
1363 5021 1566 5091 Φαραὼ
1597 5039 1724 5075 κατ-

155 5115 483 5188 ειργασμένη
518 5115 616 5188 τὴν
641 5115 817 5186 νίκην,
858 5111 1119 5186 ὠμοίωσά
1148 5129 1231 5179 σε,
1275 5113 1308 5183 ή
1340 5112 1562 5184 πλησίον
1596 5129 1719 5183 μου.

153 5200 224 5261 Ἦ
264 5207 424 5278 δῆλόν
473 5207 640 5275 ἐστιν,
677 5207 762 5262 ὅτι
801 5205 988 5278 ῶσπερ
1019 5207 1121 5259 οὐκ
1167 5203 1281 5258 ἔστι
1308 5203 1395 5258 διά
1418 5202 1724 5275 ναυμαχίας

153 5298 447 5370 ἡττηθῆναι
488 5316 660 5363 τινας,
694 5297 769 5370 μὴ
816 5297 1035 5353 ναυτίου
1080 5295 1310 5368 στρατοῦ
1354 5294 1453 5368 τὴν
1495 5296 1553 5348 έν
1602 5297 1723 5358 ταῖς

153 5389 306 5443 ναυσὶ
340 5388 453 5442 τῶν
482 5388 736 5443 ἐναντίων
769 5386 995 5459 δύναμιν
1037 5385 1442 5451 καταλύσαντος
1477 5403 1492 5416 '
1546 5383 1722 5447 οὕτως

153 5477 267 5531 οὐδὲ
297 5478 363 5532 ἂν
395 5481 455 5532 ἐν
491 5478 801 5550 ἱππομαχίᾳ
850 5495 933 5542 τις
980 5477 1241 5551 ἡττηθείη
1267 5517 1282 5540 ,
1330 5478 1404 5550 μή
1452 5494 1598 5541 τινος
1631 5477 1719 5530 ίπ-

156 5572 314 5641 πικῆς
340 5572 404 5624 lx
432 5569 538 5623 τῶν
570 5571 822 5625 ἐναντίων
853 5570 1263 5643 ἀντιταχθείσης
1294 5569 1607 5642 δυνάμεως;
1657 5570 1718 5622 Ei

155 5657 219 5727 δὴ
242 5661 422 5714 τοίνυν
446 5660 507 5714 τί)
530 5661 814 5732 κράτιστον
841 5662 940 5732 τῆς
963 5662 1073 5716 τῶν
1098 5662 1405 5732 Αἰγυπτίων
1436 5664 1715 5732 στρατιᾶς,

354 5755 624 5818 ΡΑτιιοῐ..
670 5754 786 5816 Gn.
826 5756 1037 5817 XLIV.

1825 4565 1962 4631 litis,
1985 4581 2110 4620 cum
2148 4565 2358 4621 Pharao
2388 4581 2512 4621 cum
2540 4575 2653 4621 toto
2677 4567 2944 4630 exercitu,
2978 4575 3033 4622 et
3058 4583 3183 4623 eum
3213 4569 3391 4640 equis,

1824 4665 1879 4712 et
1939 4656 2199 4713 curribus
2256 4657 2418 4713 undis
2468 4656 2632 4711 fuerit
2700 4658 2950 4714 obrqus.
3000 4656 3179 4714 Nullis
3229 4660 3396 4730 igitur

1824 4750 1999 4821 copiis
2021 4750 2369 4820 equestribus
2400 4749 2632 4820 objectis
2664 4748 3046 4821 Egyptiorum
3092 4737 3382 4811 exercitui,

1823 4857 1934 4897 non
1972 4840 2131 4896 facile
2158 4839 2326 4896 fuerit
2357 4842 2500 4897 scire
2527 4841 2747 4896 cuinam
2777 4841 3044 4912 equitatui
3091 4843 3185 4912 qui
3230 4857 3396 4914 appa-

1824 4930 1996 4986 ruerit
2029 4938 2218 4984 contra
2246 4932 2462 4987 'currus
2507 4930 2817 5002 Egyptios,
2864 4945 3011 4986 nunc
3061 4931 3397 4989 assimiletnr

1825 5033 2047 5090 sponsa.
2122 5018 2402 5088 Equitatui
2453 5036 2599 5081 meo.
2647 5020 2844 5092 inquit,
2893 5023 2986 5092 qui
3037 5021 3093 5076 in
3142 5024 3397 5080 curribus

1824 5106 2127 5164 Pharaonis
2156 5111 2456 5181 reportavit
2486 5113 2797 5181 victoriam,
2833 5114 3128 5175 assiluilavi
3167 5122 3242 5182 te,
3270 5131 3399 5187 pro-

1827 5199 2033 5269 pinqua
2083 5213 2222 5253 mea.
2270 5199 2467 5258 Annon
2517 5212 2601 5260 est
2647 5204 2750 5260 hoc
2796 5205 3176 5272 manifestum,
3246 5208 3394 5280 quod

1826 5289 2105 5361 quomodo
2155 5290 2270 5346 ﬁeri
2320 5307 2427 5347 non
2501 5304 2681 5364 potest
2740 5304 2800 5351 ut
2857 5299 3037 5354 navali
3085 5298 3279 5372 praelia
3325 5302 3399 5356 sit

1824 5388 1980 5454 parta
2021 5381 2252 5438 victoria
2280 5423 2296 5447 ,
2324 5384 2430 5440 nisi
2466 5387 2720 5444 nauticus
2749 5391 3025 5449 exercitus
3072 5391 3397 5453 demerserit

1827 5473 2127 5530 exercitum
2158 5474 2395 5532 hostium
2429 5478 2520 5549 qui
2554 5487 2637 5534 est
2677 5479 2733 5533 in
2772 5478 3003 5540 navibus
3034 5501 3051 5542 :
3084 5485 3157 5540 ita
3191 5500 3292 5541 nec
3339 5485 3395 5538 in

1826 5568 2064 5637 equestri
2125 5568 2308 5637 prmlio
2372 5569 2550 5626 victus
2611 5571 2776 5628 fuerit
2832 5576 3128 5648 quispiam,
3188 5578 3232 5632 si
3285 5590 3395 5630 non

1827 5662 2022 5732 aliquae
2068 5666 2350 5732 equestres
2403 5662 2574 5732 copiae
2648 5663 2995 5721 inimicorum
3043 5681 3114 5725 ex
3168 5666 3397 5721 adverso

2908 5758 2986 5819 26
