3752 5984
1603 244 1691 302 'S.‘
1704 240 2027 302 GREGONI
2057 243 2349 303 NYSSENI

3503 248 3613 308 8i!

354 357 642 418 steterint?
695 357 964 425 Quoniam
1000 370 1130 429 ergo
1189 357 1241 414 id
1290 356 1434 428 quod
1473 348 1605 414 erat
1641 360 1836 414 validis

2124 378 2245 426 τπος
2279 357 2366 435 ἦν,
2407 362 2503 434 τὴν
2539 363 2870 434 ἐπαχθεῖσαν
2919 362 3055 434 αὐτῇ
3101 361 3243 417 κατὰ
3275 363 3336 416 τδ
3365 364 3606 431 ἀόρατον

274 459 282 468 ·
354 466 503 507 mum
541 450 814 506 exercitus
858 448 1235 521 Egyptiorum
1287 451 1563 520 equitatus
1612 458 1762 515 erat,
1810 451 1923 505 vim

356 543 646 599 adversum
680 541 803 599 illos
831 541 1062 607 illatam,
1094 555 1216 610 qua:
1261 555 1369 595 non
1400 540 1628 597 cadebat
1656 543 1759 598 sub
1791 557 1924 597 ocn-

354 636 461 699 los,
494 648 593 705 per
623 646 786 704 quam
819 631 1088 688 adversus
1120 630 1408 705 Egyptios
1437 640 1593 704 parta
1625 641 1711 689 est
1752 633 1924 690 victo-

352 726 534 790 toria,
583 725 887 795 equitatum
942 719 1226 794 Scriptura
1271 724 1625 780 nominavit:
1669 740 1796 780 nam
1847 724 1925 781 illi

355 832 574 888 quoque
618 815 926 873 sentiebant
967 829 1091 869 eum
1126 815 1562 886 belligerantem,
1592 823 1650 871 et
1696 817 1840 873 inter
1868 832 1927 873 se

356 907 687 971 clamabant,
720 905 987 962 Dominus
1020 905 1222 963 bellum
1254 908 1396 978 gerit
1445 909 1710 965 adversus
1758 907 1927 980 [Egy-

357 1000 524 1071 ptios,
554 1006 609 1055 et
633 998 904 1068 fugiamus
934 1015 964 1054 a
1002 998 1140 1054 facie
1175 998 1409 1055 Domini.
1466 999 1562 1056 Est
1591 1009 1769 1055 autem
1801 1016 1924 1070 per-

357 1091 631 1160 spicuum,
660 1088 804 1159 quod
837 1099 997 1159 prout
1045 1088 1209 1145 fuerit
1251 1090 1517 1145 instructa
1564 1091 1708 1145 acies
1734 1090 1927 1145 adver-

357 1183 665 1245 sariorum,
704 1192 870 1236 verus
919 1181 1215 1250 imperator
1260 1181 1537 1237 exercitus
1574 1196 1712 1237 suas
1751 1188 1927 1236 armat

356 1269 566 1338 copias.
604 1268 731 1322 Erat
761 1283 893 1338 ergo
919 1268 1167 1339 quasdam
1213 1269 1393 1325 virtus
1428 1284 1535 1325 non
1585 1271 1787 1327 cadens
1824 1271 1928 1327 sub

358 1368 661 1432 aspectum,
696 1376 817 1431 qum
848 1377 943 1430 per
975 1363 1239 1418 miracula
1282 1378 1404 1433 quae
1448 1362 1648 1418 ﬁebant
1677 1364 1731 1418 in
1766 1365 1924 1430 mari,

356 1451 626 1523 Egyptiis
654 1450 914 1507 afferebat
942 1455 1191 1519 exitium,
1236 1466 1399 1525 quam
1430 1453 1714 1525 Scriptura
1749 1456 1927 1510 nomi-

358 1546 513 1600 navit
544 1560 739 1616 equos.
770 1546 1090 1618 Angelicum
1123 1554 1303 1602 autem
1338 1549 1637 1603 exercitum
1660 1563 1782 1604 eum
1805 1562 1927 1604 esse

354 1636 768 1701 existimamus,
801 1636 869 1691 de
934 1650 1046 1706 quo
1094 1636 1226 1690 dicit
1295 1637 1555 1708 propheta
1600 1654 1615 1692 :
1665 1637 1924 1693 Ascendes

355 1742 513 1797 equas
569 1737 706 1788 tuos.
750 1736 799 1781 et
840 1728 1106 1798 equitatus
1146 1738 1224 1782 est
1270 1737 1360 1782 tua
1397 1729 1544 1783 salus
1563 1731 1630 1784 υ.
1680 1727 1787 1784 Sed
1832 1727 1922 1784 Dei

356 1834 575 1889 quoque
623 1835 819 1876 currus
869 1820 1034 1877 David
1085 1820 1214 1876 fecit
1266 1822 1628 1885 mentionem,
1683 1820 1922 1877 dicens:

359 1912 561 1967 Curras
596 1912 692 1967 Dei
720 1913 894 1968 decem
923 1914 1156 1968 millibus
1192 1915 1548 1984 multiplex".
1577 1915 1666 1969 cui
1697 1914 1927 1983 subjun-

356 2014 561 2076 guntur
599 2006 768 2061 millia
816 2021 1004 2062 eorum
1051 2007 1143 2076 qui
1189 2006 1449 2078 dirigunt.
1505 2006 1769 2062 Praeterea
1803 2021 1928 2077 qua:

359 2097 532 2152 Eliam
565 2098 854 2153 sublimem
883 2111 915 2153 e
944 2105 1088 2153 terra
1131 2098 1198 2153 ad
1230 2099 1405 2154 locum
1453 2098 1749 2153 aethereum
1787 2098 1929 2152 tollit

357 2191 535 2246 virtus
562 2233 577 2258 ,
626 2204 889 2260 equorum
936 2190 1155 2246 nomine
1203 2190 1520 2245 nominatur
1548 2204 1579 2243 a
1617 2188 1925 2260 Scriptura.

360 2280 670 2347 Quinetiam
701 2281 880 2352 ipsum
916 2281 1232 2352 prrphetam
1272 2281 1406 2336 dicit
1439 2279 1669 2336 historia
1702 2295 1926 2335 currum

361 2373 575 2429 lsraclis
603 2380 656 2427 et
677 2373 912 2444 equitem
932 2372 998 2426 “.
1032 2373 1136 2428 Eos
1170 2388 1387 2444 quoque
1413 2372 1505 2443 qui
1529 2380 1700 2428 totum
1737 2373 1926 2428 orbem

360 2475 521 2521 terra:
549 2466 855 2528 obit-erunt,
889 2481 985 2534 per
1012 2480 1150 2536 quos
1193 2473 1339 2521 terra
1386 2463 1664 2519 habitatur
1692 2473 1745 2521 et
1777 2465 1929 2535 quie-

361 2558 487 2623 scit,
533 2556 828 2612 Zacharias
880 2558 1143 2628 propheta
1194 2557 1495 2611 nominavit
1540 2571 1712 2626 equos
1757 2557 1931 2612 disse-

361 2659 540 2705 rentes
568 2665 688 2703 cum
716 2649 919 2719 equite,
948 2656 1127 2704 stante
1162 2648 1215 2702 in
1265 2647 1444 2703 medio
1481 2646 1713 2703 duorum
1772 2662 1928 2701 mon-

361 2740 497 2794 tium
516 2742 582 2793 ’⁸.
640 2739 733 2794 Est
765 2755 894 2810 ergo
925 2754 1100 2809 equus
1140 2738 1187 2793 ei
1221 2739 1315 2811 qui
1362 2737 1767 2793 universitatem
1802 2751 1928 2806 pos-

363 2831 504 2887 sidet
552 2851 565 2886 :
622 2831 761 2886 alius
808 2830 1024 2900 quidem
1072 2844 1290 2886 sursum
1330 2828 1528 2885 tollens
1572 2828 1926 2898 prOpbetam;

360 2924 506 2977 alius
556 2931 737 2976 autem
800 2921 1008 2977 faciens
1065 2930 1122 2975 ut
1178 2921 1452 2975 habitetur
1508 2921 1660 2976 orbis
1718 2926 1927 2985 terrae;

361 3012 503 3067 alius
556 3020 733 3068 autem
789 3013 880 3082 qui
960 3011 1208 3082 jungitur
1289 3011 1516 3077 currui;

361 3104 455 3174 qui
518 3102 684 3157 Deum
744 3103 942 3173 accipit
1012 3110 1284 3157 vectorem
1344 3101 1412 3156 ad
1469 3101 1700 3157 salutem
1754 3101 1933 3157 homi«

361 3211 514 3260 num,
539 3195 679 3248 alius
700 3202 876 3247 autem
908 3193 998 3261 qui
1026 3192 1307 3264 Egyptias
1342 3192 1525 3248 obruit
1553 3194 1759 3264 Copias.
1792 3192 1929 3249 Cum

360 3301 491 3357 ergo
527 3285 580 3340 in
613 3285 815 3341 divinis
844 3283 999 3354 equis
1031 3299 1225 3355 magna
1278 3284 1367 3345 sit,
1402 3299 1524 3354 quae
1575 3290 1805 3355 apparet
1834 3298 1930 3355 per

363 3376 713 3448 operationes
763 3374 1065 3431 diﬂ‘erentia
1090 3418 1104 3443 ,
1143 3374 1481 3430 assimilatur
1533 3375 1797 3445 equitatui
1837 3375 1930 3445 qui

363 3468 648 3542 Egyptias
679 3466 853 3538 perdit
881 3467 1090 3537 copias,
1136 3482 1199 3521 ea
1227 3482 1348 3540 qua:
1374 3481 1472 3537 per
1499 3481 1722 3522 cursum
1755 3467 1932 3521 virtu-

360 3560 432 3617 tis
461 3559 571 3616 Deo
595 3557 1068 3629 appropinquavit.
1119 3555 1194 3610 lta
1223 3557 1366 3612 enim
1395 3556 1445 3612 ei
1473 3555 1606 3610 dicit
1636 3553 1876 3610 Verbum
1911 3570 1925 3607 :

362 3651 527 3724 Equis
583 3652 710 3706 meis
756 3653 810 3705 in
862 3649 1105 3704 turribus
1164 3647 1470 3704 Pharaonis
1517 3647 1813 3703 assimilavi
1858 3656 1927 3711 te,

360 3745 653 3816 propinqua
687 3760 824 3797 mea.
852 3741 1046 3797 Multas
1081 3747 1259 3795 autem
1304 3755 1507 3810 easque
1560 3754 1786 3810 magnas
1814 3738 1931 3793 lau-

359 3835 458 3893 des
518 3833 681 3891 simul
736 3832 960 3888 verbum
1017 3829 1525 3900 complectiturzet
1576 3834 1661 3884 est
1707 3826 1927 3897 quidam

361 3927 584 3983 laudum
626 3926 907 3995 catalogus
940 3938 1060 3994 qua:
1090 3922 1177 3977 his
1214 3921 1371 3992 equis
1400 3920 1542 3974 facta
1582 3918 1685 3975 fuit
1711 3918 1927 3975 assimi-

360 4016 516 4072 latio.
557 4015 903 4082 Quaecunque
932 4012 1076 4067 enim
1105 4011 1174 4066 de
1202 4010 1403 4065 Israele
1429 4017 1931 4065 commemorantur

362 4109 418 4164 in
471 4106 692 4177 regione
739 4103 1141 4174 Egyptiorum,
1190 4103 1447 4165 servitus,
1502 4100 1692 4170 paleae,
1728 4100 1925 4165 lutum,

361 4199 581 4264 lateres,
616 4198 870 4252 universa
893 4195 1037 4249 circa
1062 4201 1270 4247 terram
1295 4192 1581 4263 occupatio
1607 4200 1660 4247 et
1687 4190 1924 4255 afﬂictio,

360 4293 484 4349 duri
517 4305 704 4347 eorum
736 4303 959 4359 operum
992 4285 1254 4358 praefecti,
1301 4288 1394 4357 qui
1441 4283 1685 4355 quotidie
1723 4284 1792 4338 ab
1844 4282 1926 4339 eis

1594 3012 1735 3067 alius
1803 3011 1928 3069 item
1957 3040 2001 3099 ο

2025 452 2276 524 δύναμιν,
2299 453 2367 511 δι’
2391 449 2459 526 ἦς
2493 454 2526 525 ἡ
2552 454 2676 525 νίκη
2708 453 2851 507 κατὰ
2885 453 2994 507 τῶν
3022 455 3332 522 Αἰγυπτίων
3366 455 3608 523 ἐγένετο,

2026 547 2191 600 ἵππον
2228 549 2257 600 6
2298 546 2453 614 λόγος
2505 546 2786 616 ὠνόμασεν
2807 562 2819 573 ·
2867 545 3163 617 ᾐσθάνοντο
3206 545 3317 616 γὰρ
3363 546 3612 601 κάκεῖνοι

2025 636 2119 689 τοῦ
2153 636 2510 708 πολεμοῦντος
2530 677 2545 700 ,
2590 637 2683 691 καὶ⁸
2713 637 2849 708 πρὸς
2887 636 3148 707 ἀλλήλους
3181 636 3370 701 ἐϐόων,
3407 638 3612 710 Κύριος

2027 728 2255 798 πολεμεῖ
2285 727 2413 791 τοὺς
2439 728 2789 796 Αἰγυπτίους,
2831 728 2924 781 καὶ
2964 727 3226 798 φύγωμεν
3272 729 3381 782 ἀπὸ
3431 745 3606 799 προσ-

2026 816 2177 870 ώπου
2208 818 2432 889 Κυρίου.
2456 816 2622 888 Δῆλον
2652 815 2708 870 δὲ
2732 817 2812 870 ὅτι
2835 817 3256 889 καταλλήλωςτῇ
3276 821 3610 891 ’παρασκευῇ

2026 908 2133 963 τῶν
2181 909 2438 962 ἐναντίων
2483 911 2512 962 6
2543 907 2794 981 ἀληθινὸς
2843 910 3276 981 ἀρχιστράτηγος
3318 910 3419 982 τὴν
3471 911 3609 964 ἰδίαν

2027 998 2326 1064 ἁνθὼπλιζε
2350 997 2597 1071 δύναμιν.
2632 999 2840 1053 Οὐκοῦν
2861 996 2930 1071 ἦν
2974 1017 3059 1064 τις
3098 1002 3327 1072 ἀόρατος
3351 1000 3608 1073 δύναμις,

2030 1090 2064 1161 ἡ
2108 1090 2197 1151 διὰ
2239 1089 2348 1143 τῶν
2379 1091 2508 1162 περὶ
2538 1089 2635 1162 τὴν
2662 1090 2939 1145 θάλασσαν
2971 1091 3264 1163 θαυμάτων
3303 1093 3609 1165 ὲνεργοῦσα

2025 1179 2135 1234 τῶν
2163 1180 2471 1248 Αἰγυπτίων
2507 1181 2598 1235 τὸν
2636 1181 2875 1252 ὄλεθρον,
2912 1182 2980 1251 ἢν
3019 1179 3183 1235 ἵππον
3209 1183 3237 1234 6
3277 1181 3437 1250 λόγος
3468 1182 3609 1236 ὠνό-

2031 1288 2221 1343 μασεν.
2274 1271 2591 1343 ’Λγγελικὴν
2620 1272 2691 1326 δὲ
2720 1270 2923 1344 ταύτην
2961 1273 3216 1343 στρατιὰν
3244 1273 3605 1345 ὑπονοοῦμεν,

2028 1363 2156 1436 περὶ
2211 1359 2281 1435 ἦς
2325 1381 2488 1434 φησιν
2535 1366 2564 1417 6
2632 1364 2951 1434 προφήτης·
3015 1364 3098 1418 ὅτι
3165 1364 3460 1434 Ἐπτϐἠσῃ
3507 1365 3608 1419 ἐπὶ

2026 1456 2172 1520 ’τοὺςΔ
2213 1455 2438 1522 ἵππους
2467 1470 2584 1510 σου
2606 1496 2621 1519 ,
2665 1455 2761 1508 καὶ
2791 1456 2829 1523 ἠ
2875 1454 3133 1508 [nauata
3163 1471 3278 1510 σου
3314 1458 3602 1527 σωτηρία.

2040 1545 2197 1600 Ἀλλά
2224 1547 2317 1601 καὶ
2359 1546 2603 1619 ἅρματος
2632 1548 2853 1618 μνήμην
2881 1546 3015 1601 Θεοῦ
3054 1547 3346 1620 ἐποιήσατο
3374 1551 3405 1603 6
3441 1550 3607 1603 Δασὶδ

2027 1637 2198 1707 λέγων
2215 1655 2229 1669 ·
2267 1638 2338 1692 Τὸ
2370 1637 2528 1708 ἅρμα
2550 1637 2657 1692 τοῦ
2681 1638 2829 1693 Θεοῦ
2860 1638 3307 1707 μυριοπλὰσιον
3329 1655 3344 1672 ο
3469 1638 3607 1693 ὑπο-

2034 1726 2352 1800 ζεύγνυνται
2395 1728 2504 1784 τῶν
2553 1730 2924 1803 εὐθηνούντων
2972 1733 3028 1785 αἱ
3079 1729 3334 1801 χιλιάδες.
3394 1728 3522 1782 Ἔτι
3549 1729 3605 1782 δὲ

2035 1820 2129 1875 καὶ
2152 1822 2186 1892 ἡ
2213 1821 2303 1875 τὸν
2330 1822 2615 1893 προφήτην
2661 1820 2841 1875 Ἠλίαν
2870 1821 3145 1891 μεταίσιον
3176 1822 3241 1874 ὲκ
3271 1825 3375 1891 γῆς
3396 1823 3491 1875 ἐπὶ
3515 1822 3605 1875 τὸν

2033 1912 2270 1986 αἰθέριον
2299 1914 2476 1985 χῶρον
2509 1912 2961 1990 ἀναλαμϐάνουσα
2988 1911 3217 1981 δύναμις
3269 1912 3486 1983 τῷτῶν
3513 1913 3604 1965 ἰπ-

2033 2022 2150 2057 πων
2183 2004 2405 2075 ὀνόματι
2436 2004 2590 2072 παρὰ
2618 2004 2716 2074 τῆς
2752 2004 2969 2076 Γραφῆς
3000 2003 3344 2074 ὀνομάζεται,
3383 2004 3479 2056 καὶ
3508 2003 3605 2057 αὐ-

2032 2097 2124 2150 τὸν
2146 2097 2202 2151 δὲ
2228 2098 2320 2150 τὸν
2344 2097 2627 2168 προφήτην
2657 2096 2809 2168 ἆρμα
2835 2095 2983 2164 λέγει
3013 2095 3107 2148 τοῦ
3151 2095 3367 2168 Ἰσραὴλ
3393 2097 3486 2149 καὶ
3512 2093 3606 2149 ἰπ-

2034 2190 2143 2244 πέα
2171 2192 2203 2261 ή
2236 2190 2464 2262 ἰστορία.
2509 2190 2620 2243 Καὶ
2652 2191 2779 2253 τοὺς
2821 2187 3233 2260 περιοδεύοντας
3280 2192 3457 2244 πᾶσαν
3506 2188 3606 2260 τὴν

2033 2278 2374 2350 οἰκουμένην,
2425 2278 2490 2331 δι’
2532 2271 2607 2333 ὧν
2640 2278 3007 2343 κατοικίζεται
3036 2279 3128 2332 καὶ
3162 2278 3447 2349 ἡσυχάζει,
3498 2279 3607 2331 Ζα-

2034 2370 2226 2443 χαρίας
2251 2373 2279 2424 6
2311 2371 2594 2442 προφήτης
2640 2371 2839 2435 ἵππους
2881 2370 3160 2441 ὠνόμασε,
3189 2369 3607 2440 διαλεγομένους

2035 2462 2171 2533 πρὸς
2196 2462 2286 2516 τὸν
2317 2462 2570 2532 ἱππότην,
2617 2460 2710 2516 τὸν
2762 2461 2923 2533 μέσον
2953 2461 3160 2515 ἑστῶτα
3188 2460 3297 2514 τῶν
3322 2460 3415 2514 δύο
3438 2460 3604 2532 ὀρῶν.

2034 2551 2243 2606 Οὐκοῦν
2269 2552 2383 2606 ἔστι
2418 2570 2500 2617 τις
2533 2554 2698 2618 ἵππος
2726 2553 2804 2624 τῷ
2833 2555 2893 2607 τὸ
2923 2556 3030 2609 πᾶν
3057 2553 3407 2625 κεκτημένῳ·
3437 2555 3472 2625 ἡ
3505 2553 3611 2625 μὲν

2033 2642 2125 2695 τὸν
2164 2644 2447 2715 προφήτην
2476 2643 2784 2713 άνάγουσα·
2818 2646 2853 2716 ἡ
2894 2643 2951 2698 δὲ
2989 2643 3086 2716 τὴν
3114 2642 3434 2714 οἰκουμένην
3468 2642 3612 2697 οἰκί-

2036 2733 2233 2796 ζουσα’
2269 2737 2302 2806 ἡ
2329 2736 2386 2789 δὲ
2415 2734 2858 2809 ὑποζευγνυμένη
2897 2735 2974 2805 τῷ
3000 2735 3201 2806 άρματι
3221 2753 3235 2767 ο
3279 2735 3408 2805 ἄλλη
3435 2735 3494 2788 δὲ
3517 2735 3613 2790 τδν

2036 2826 2167 2879 Θεδν
2201 2826 2396 2898 ἔποχον
2426 2828 2518 2881 ἐπὶ
2544 2828 2788 2900 σωτηρίᾳ
2819 2827 2926 2881 τῶν
2957 2824 3260 2898 ἀνθρώπων
3302 2825 3612 2895 λαμϐάνου-

2038 2934 2106 2971 σα
2135 2936 2148 2950 ⁸
2202 2918 2336 2989 ἄλλη
2380 2919 2437 2973 δὲ
2479 2920 2576 2991 τὴν
2623 2920 2926 2988 Αἰγυπτίαν
2973 2919 3317 2975 καταλύουσα
3354 2921 3610 2989 δύναμιν.

2036 3009 2246 3081 Πολλῆς
2272 3010 2449 3065 τοίνυν
2479 3011 2645 3083 οὔσης
2678 3016 2735 3067 ὲν
2768 3015 2890 3080 ταῖς
2920 3012 3091 3076 θείαις
3117 3013 3361 3084 Γραφαῖς
3386 3012 3492 3083 τῆς
3522 3012 3615 3067 διὰ

2032 3100 2140 3159 τῶν
2168 3103 2454 3174 ἔνεργειῶν
2485 3103 2813 3176 φαινομένης
2837 3104 3118 3174 διαφορᾶς,
3150 3108 3215 3176 τῇ
3253 3104 3615 3178 καθαιρετικῇ

2030 3193 2130 3264 τῆς
2170 3194 2547 3266 Αἰγυπτιακῆς
2580 3196 2861 3267 δυνάμεως
2900 3196 3052 3267 ἵππῳ
3101 3197 3497 3268 παρεικάζεται
3572 3201 3613 3269 ἡ

2029 3282 2120 3337 διὰ
2170 3284 2264 3337 τοῦ
2309 3285 2509 3357 δρόμου
2552 3286 2652 3354 τῆς
2709 3287 2910 3356 ἀρετῆς
2952 3285 3030 3358 τῷ
3075 3287 3194 3359 Θεῷ
3238 3288 3611 3359 πλησιάσασα.

2032 3375 2187 3429 Οὕτω
2219 3375 2326 3447 γάρ
2359 3392 2491 3448 φησι
2520 3376 2657 3447 πρὸς
2682 3377 2853 3448 αὐτὴν
2889 3377 3109 3447 ὀΛόγος
3142 3395 3157 3411 ’
3209 3379 3293 3433 ὅτι
3341 3378 3420 3448 Τῇ
3445 3379 3617 3445 ἵππῳ

2024 3483 2146 3536 μου
2193 3467 2265 3521 ἐν
2308 3466 2531 3537 ἅρμασι
2577 3466 2787 3535 Φαραὼ
2830 3467 3107 3538 ὠμοίωσά
3139 3484 3236 3535 σε,
3257 3471 3295 3539 ἡ
3339 3472 3617 3538 πλησίοι·

2026 3577 2166 3630 μου.
2208 3560 2440 3623 Πολλοὺς
2483 3560 2539 3614 δὲ
2570 3560 2666 3613 καλ¹
2700 3560 2970 3631 μεγάλους
3010 3560 3265 3626 ἐπαίνους
3294 3564 3322 3615 6
3347 3562 3507 3631 λόγος
3546 3565 3615 3617 ὲν

2031 3649 2208 3723 ἑαυτῷ
2241 3651 2577 3723 περιείληφεο
2607 3651 2702 3704 καί
2724 3668 2807 3713 τις
2835 3651 3274 3724 κατορθωμάτων
3306 3654 3617 3725 κατάλογός

2030 3744 2196 3807 ἐστιν,
2230 3745 2262 3814 ἡ
2294 3743 2428 3814 πρὸς
2455 3743 2554 3815 τὴν
2590 3743 2756 3798 ἵππον
2790 3741 2992 3815 ταύτην
3020 3743 3296 3814 ὁμοίωσις.
3329 3746 3468 3799 Ὅσα
3498 3747 3617 3818 γάρ

2029 3834 2122 3889 τοῦ
2169 3835 2381 3908 Ἰσραὴλ
2423 3838 2480 3889 ὲν
2519 3837 2585 3906 τῇ
2639 3834 2901 3907 παροικίᾳ
2945 3834 3055 3887 τῶν
3105 3835 3421 3903 Αἰγυπτίων
3468 3853 3617 3906 μνη-

2033 3924 2334 3996 μονεύεται,
2362 3927 2397 3997 ή
2417 3923 2701 3995 δουλεία,ἡ
2732 3923 2974 3994 καλάμη,
3005 3924 3034 3977 6
3059 3923 3247 3995 πηλὸς,
3271 3926 3304 3995 ἡ
3339 3923 3613 3989 πλινθεία,

2030 4019 2179 4072 πᾶσα
2206 4018 2240 4089 ἡ
2274 4016 2402 4089 περὶ
2426 4015 2524 4088 τὴν
2549 4016 2652 4087 γῆν
2679 4015 2924 4087 ἀσχολία,
2967 4015 3015 4068 οί
3040 4014 3266 4086 χαλεποὶ
3296 4014 3405 4068 τῶν
3431 4015 3613 4070 τοιοὺ-

2028 4127 2134 4164 των
2184 4109 2359 4181 ἔργων
2410 4108 2719 4173 ἐπιστάται,
2760 4107 2809 4160 οἱ
2860 4105 2949 4159 τὸν
2994 4105 3218 4179 πήλινον
3255 4107 3452 4171 αὐτοὺς
3483 4108 3612 4163 καθ’

2029 4201 2265 4271 ἑκάστην
2294 4199 2508 4272 ἡμέραν
2542 4198 2899 4260 ἀπαιτοῦντες
2941 4197 3126 4268 φόρον,
3153 4197 3222 4250 δι’
3251 4197 3346 4262 οὒς
3369 4198 3432 4252 τὸ
3460 4199 3614 4271 ὕδωρ

2030 4288 2169 4366 αἷμα
2202 4293 2430 4361 γίνεται,
2478 4292 2573 4345 καὶ
2614 4290 2674 4344 τὸ
2706 4288 2821 4359 φῶς
2855 4288 3185 4353 σκοτίζεται,
3221 4289 3315 4343 καὶ
3343 4288 3612 4361 βάτραχοι

360 4383 566 4440 luteum
615 4381 902 4451 exigebant
954 4378 1242 4441 tributum,
1274 4386 1494 4449 propter
1537 4391 1676 4447 quos
1703 4390 1841 4446 aqua

2131 4404 2139 4449 ς
2183 4386 2351 4449 οἴκοις
2388 4383 2720 4454 εἰσέρπουσι,
2764 4380 2859 4434 καὶ
2912 4381 2946 4451 ή
3004 4379 3267 4450 καμιναία
3304 4381 3454 4445 κόνις
3506 4381 3613 4445 τὰς

360 4474 604 4544 sanguis,
627 4480 681 4525 ct
712 4472 801 4525 lux
834 4470 1182 4533 obscuratur,
1214 4475 1267 4523 et
1301 4482 1448 4522 ranae
1478 4474 1704 4535 serpunt
1742 4464 1795 4519 in
1831 4465 1928 4520 do-

360 4581 501 4631 mos,
550 4572 605 4620 et
647 4580 677 4619 e
714 4563 931 4618 camino
973 4562 1153 4634 pulvis
1203 4560 1332 4616 facit
1377 4561 1625 4632 pustulas
1666 4561 1852 4616 enasci
1899 4574 1929 4613 e

358 4657 707 4729 corporibus,
756 4665 834 4721 et,
880 4663 939 4711 ut
988 4656 1155 4712 semel
1206 4654 1384 4709 dicam
1435 4652 1640 4716 omnia,
1692 4652 1925 4717 locusta,

357 4750 643 4824 cyuiphes,
671 4748 936 4812 bruchus,
967 4747 1196 4820 grando,
1226 4762 1346 4818 quae
1373 4746 1693 4802 acciderunt
1716 4746 1922 4816 primo-

356 4844 557 4916 genitis
590 4860 604 4899 :
642 4843 756 4897 haec
803 4843 1007 4906 omnia,
1053 4848 1107 4896 et
1152 4854 1490 4911 quaecunque
1517 4839 1713 4894 melius
1740 4853 1924 4910 perse-

355 4936 543 5007 quitur
568 4934 822 4997 historia,
850 4948 944 5003 per
975 4946 1095 5002 quae
1123 4931 1423 5003 acquiritur
1455 4930 1607 4986 salus
1637 4930 1921 4992 lsraelitis,

353 5037 440 5083 est
471 5025 692 5081 landum
726 5031 1108 5096 argumentum
1150 5022 1344 5077 animae
1391 5037 1513 5092 quae
1550 5019 1658 5075 Deo
1690 5021 1924 5091 conjun-

355 5122 524 5192 gitur.
556 5118 674 5175 Non
705 5117 850 5174 enim
896 5125 1042 5173 esset
1071 5117 1374 5173 assimilata
1408 5116 1486 5170 illi
1531 5115 1796 5172 exercitui
1827 5114 1920 5185 qui

355 5215 528 5269 malos
554 5212 729 5283 perdit
758 5210 1062 5282 lEgyptios,
1092 5224 1189 5280 per
1216 5223 1375 5280 quem
1407 5223 1437 5262 a
1467 5208 1607 5264 mala
1635 5207 1924 5280 tyrannide

356 5307 620 5361 liberatur
652 5304 815 5362 Israel
843 5344 857 5369 ,
894 5304 999 5359 nisi
1039 5319 1100 5358 ea
1136 5302 1319 5358 omnia
1348 5310 1498 5358 recte
1534 5311 1682 5373 gesta
1714 5307 1922 5364 essent,

356 5411 477 5467 quae
509 5407 563 5451 et
596 5396 884 5468 Egyptum
913 5395 1166 5465 perdunt,
1190 5401 1243 5448 et
1274 5403 1465 5463 parant
1498 5394 1599 5448 iter
1628 5393 1696 5447 ad
1730 5392 1920 5457 Deum,

354 5502 544 5542 eorum
576 5488 669 5557 qui
701 5502 729 5540 a
760 5487 892 5540 limo
915 5485 1168 5557 IEgyptio
1196 5485 1434 5555 migrant
1466 5484 1534 5539 ad
1570 5493 1770 5540 terram
1802 5500 1925 5555 pro-

2029 4477 2321 4549 φλυκτίδας
2346 4475 2454 4530 ἀπὸ
2480 4472 2591 4528 τῶν
2622 4474 2890 4545 σωμάτων
2918 4471 3167 4536 ἀναζέειν
3198 4474 3362 4533 ποιεῖ,
3404 4472 3501 4526 καὶ
3538 4474 3614 4527 τὰ

2028 4569 2150 4624 καθ’
2183 4570 2411 4623 ἕκαστον
2453 4568 2650 4632 πάντα,
2682 4567 2716 4637 ἡ
2759 4566 2944 4637 άκρὶς,
2973 4566 3023 4617 oi
3080 4564 3325 4628 σκνίπες,
3371 4568 3400 4619 6
3443 4564 3616 4636 βροῦ-

2026 4678 2140 4732 χος,
2181 4661 2214 4732 ἡ
2247 4658 2476 4733 χάλαζα,
2526 4658 2634 4712 τῶν
2686 4658 3045 4730 πρωτοτόκων
3089 4656 3160 4709 τὰ
3199 4654 3377 4727 πάθη·
3429 4655 3615 4709 ταῦτα

2025 4752 2206 4806 πάντα
2248 4753 2343 4805 καὶ
2370 4753 2470 4805 ὅσα
2503 4750 2638 4820 πρὸς
2675 4749 2738 4803 τὸ
2764 4751 3015 4821 κρεῖττον
3052 4749 3086 4819 ἡ
3116 4748 3325 4819 ἱστορία
3357 4747 3610 4814 διέξεισι,

2023 4844 2090 4898 δι’
2114 4837 2189 4897 ὧν
2217 4843 2427 4912 γίνεται
2468 4845 2579 4905 τοῖς
2619 4839 2980 4912 Ἰσραηλίταις
3006 4840 3040 4911 ή
3071 4837 3334 4909 σωτηρία,
3364 4839 3612 4892 ἐπαίνων

2024 4937 2171 4989 ἐστὶν
2223 4935 2478 4998 ὑπόθεσις
2522 4936 2588 5005 τῇ
2624 4933 2701 5004 τῷ
2738 4931 2857 5003 Θεῷ
2889 4932 3266 5002 συναπτομένη
3303 4930 3473 5002 ψυχῇ.
3529 4932 3608 4986 οὐ

2024 5018 2132 5099 γὰρ
2164 5026 2229 5080 ἂν
2253 5024 2510 5097 ὡμοιώθη
2539 5027 2605 5096 τῇ
2638 5024 2861 5094 δυνάμει
2906 5023 3109 5093 ἐκείνῃ,
3137 5024 3205 5093 τῇ
3244 5022 3608 5094 καθαιρετικῇ

2026 5120 2136 5173 τῶν
2158 5118 2468 5187 Αἰγυπτίων
2500 5116 2703 5177 κακῶν,
2732 5115 2799 5168 δι’
2826 5110 2895 5187 ἦς
2924 5112 3298 5185 ἐλευθεροῦται
3325 5115 3355 5166 6
3386 5113 3611 5186 Ἰσραὴλ

2027 5211 2128 5282 τῆς
2176 5210 2416 5281 πονηρᾶς
2466 5206 2797 5281 τυραννίδος,
2843 5206 2892 5258 εἰ
2943 5205 3018 5276 μὴ
3059 5203 3234 5258 ταῦτα
3281 5205 3461 5258 πάντα
3512 5206 3611 5258 καὶ

2028 5300 2197 5372 ταύτῃ
2238 5299 2582 5372 κατιὶιρθωτο,
2615 5297 2684 5351 τά
2710 5313 2769 5350 τε
2800 5294 3157 5367 καθαιρετικὰ
3182 5295 3279 5368 τῆς
3302 5295 3608 5364 Αἰγύπτου,

2028 5393 2121 5447 καὶ
2149 5393 2216 5447 τὰ
2247 5389 2729 5462 παρασκευαστικά
2770 5389 2869 5460 τῆς
2902 5388 3038 5460 πρὸς
3067 5388 3158 5441 τὸν
3189 5386 3323 5441 Θεὸν
3352 5389 3607 5460 πορείας,

2026 5484 2134 5539 τῶν
2166 5481 2617 5556 μετοικιζομένων
2661 5480 2796 5554 πρὸς
2836 5481 2933 5552 τὴν
2978 5482 3081 5550 γῆν
3127 5481 3225 5552 τῆς
3270 5480 3607 5552 ἐπαγγελίας

429 5658 700 5714 “Hahae.
737 5673 820 5723 ιιι,
860 5659 912 5710 8.
998 5658 1043 5689 ’³
1085 5657 1230 5715 Psal.
1289 5674 1433 5714 uvn
1460 5699 1474 5727 ,
1522 5659 1608 5714 18.
1692 5659 1736 5691 ’³
1776 5659 1839 5715 IV
1874 5660 1911 5715 ii

1224 5699 1230 5715 .
1289 5674 1433 5714 uvn
1460 5699 1474 5727 ,
1522 5659 1608 5714 18.
1692 5659 1736 5691 ’³
1776 5659 1839 5715 IV
1874 5660 2009 5734 Reg.
2047 5678 2106 5729 ιι,
2139 5662 2226 5717 il.
2303 5664 2349 5696 ’⁸
2375 5663 2543 5719 Zach.
2584 5678 2623 5731 ι,
2654 5662 2706 5718 8.
