3752 5984
80 279 180 334 8ὶῦ

1096 269 1163 328 ΙΝ
1201 266 1497 327 ΟΛΝῙἹΕΛ
1535 263 1807 325 CANTIC.
1853 265 2141 325 HOMILIA
2178 267 2265 325 lli.

3222 275 3329 331 8H

83 394 187 449 άπὸ
235 395 330 465 τῆς
379 392 676 462 Αἰγυπτίας
732 393 893 459 ίλύος;
949 391 1158 447 Οὐκοῦν
1205 391 1424 464 ἐπειδὴ,
1472 388 1618 446 καθώ

1825 388 2062 445 issionis.
2092 385 2265 461 Igitur
2290 387 2755 460 quandoquidem,
2777 390 2917 446 sicut
2947 389 3082 446 dicit
3105 390 3326 448 divinus

83 485 290 555 φησινό
341 482 483 547 θεῖος
545 484 901 549 ’Λπόστολος,
947 482 1126 538 πάντα
1171 482 1308 552 πρὸς
1371 480 1653 535 νουθεσίαν

84 576 235 648 ἡμῶν
278 576 729 647 ἀναγέγραπται,
779 577 880 632 ὅσα
927 578 961 648 ὴ
1017 575 1373 638 θεόπνευστος
1407 573 1651 645 περιέχει

83 666 265 739 Γραφή
284 682 298 699 ·
341 667 494 720 οὐδὲν
521 667 649 722 ἀλλο
678 667 712 738 ἢ
746 666 1104 738 συμϐουλεύει
1132 665 1224 721 διὰ
1251 666 1361 719 τῶν
1390 665 1525 737 πρὸς
1554 663 1652 736 τὴν

82 759 296 830 νύμφην
325 760 632 832 εἰρημένων
675 763 704 815 ὁ
741 762 909 831 Λόγος
935 763 1089 833 ἡμῖν,
1124 763 1205 816 ὅτι
1237 760 1343 833 χρὴ
1378 760 1471 815 καὶ
1503 761 1652 830 ἡμᾶς

81 848 269 919 ἔποχον
295 849 627 922 δεξαμένους
650 851 737 921 ἐφ’
761 850 970 905 ἑαυτῶν
1001 851 1092 905 τὸν
1133 852 1305 921 Λόγον
1328 892 1344 917 ,
1393 853 1487 904 καὶ
1520 867 1653 904 κατ-

79 941 518 1012 αγωνισαμένους
545 941 644 1013 τὴν
671 940 974 1010 Αἰγυπτίαν
1024 942 1189 997 ἵππον
1227 943 1410 1006 αὐτοῖς
1442 941 1651 1012 ἅρμασι

81 1034 172 1089 καὶ
218 1033 547 1097 ἀναϐάταις.
583 1033 677 1087 καὶ
710 1035 890 1088 πᾶσαν
933 1035 1111 1090 αὐτῶν
1149 1034 1246 1106 τὴν
1282 1034 1523 1107 πονηρὰν
1563 1034 1652 1088 δυ-

80 1125 325 1181 ναστείαν
351 1124 431 1196 τῷ
454 1125 614 1180 ὕδατι
638 1125 1095 1191 καταπνίξαντας,
1124 1118 1295 1190 οὓτως
1319 1126 1649 1197 ὁμοιωθῆναι

76 1220 142 1290 τῇ
169 1218 396 1288 δυνάμει
420 1218 624 1290 ἐκείνῃ,
658 1217 912 1292 καθάπερ
939 1220 1062 1274 τινὰ
1093 1220 1257 1272 ἵππον
1285 1216 1382 1290 τὴν
1414 1219 1652 1273 ἀντικειο

83 1310 243 1382 μένην
272 1310 543 1382 στρατιὰν
560 1310 857 1380 ὲναφέντας
886 1311 963 1383 τῷ
996 1308 1166 1366 ὕδατι.
1199 1307 1286 1375 Ὠς
1314 1306 1358 1364 δ”
1388 1301 1454 1364 ἂν
1486 1308 1652 1379 σαφέο

80 1418 265 1472 στερον
312 1401 582 1473 μάθοιμεν
610 1401 673 1456 τὺ
703 1403 1014 1475 λεγόμενον,
1045 1402 1286 1458 τοιοῦτόν
1317 1404 1491 1457 ἐστιν·
1535 1402 1651 1455 Οὐκ

76 1493 221 1549 ἔστιν
263 1494 598 1565 ὁμοιωθῆναι
643 1497 709 1566 τῇ
758 1496 929 1567 ἵππῳ,
962 1494 1029 1548 δι’
1068 1494 1135 1566 ἧς
1179 1495 1250 1550 τά
1283 1494 1505 1567 ἅρματα
1541 1493 1650 1547 τῶν

76 1588 387 1655 Αἰγυπτίων
410 1586 489 1659 τῷ
511 1586 656 1659 βυθῷ
679 1581 1066 1655 κατεποντώθη,
1089 1585 1217 1656 εἰμή
1234 1601 1317 1649 τις
1327 1584 1415 1640 διά
1431 1583 1524 1639 τοῦ
1544 1601 1648 1656 μυ-

1752 480 2131 548 Apostolus“,
2169 481 2352 536 omnia
2381 481 2585 553 scripta
2612 487 2742 536 sunt
2767 481 2834 536 ad
2863 489 3111 538 nostram
3146 484 3327 539 admo—
3444 509 3458 520 -

1755 569 2053 637 nitinnem,
2108 587 2231 642 quae
2260 572 2522 629 divinitus
2574 571 2838 643 inspirata
2885 575 3129 631 continet
3176 573 3328 631 Scri-

1756 666 1914 730 ptura
1945 680 1958 715 :
1991 661 2126 715 nihil
2158 663 2305 718 aliud
2355 664 2513 721 nobis
2562 665 2803 722 consulit
2829 665 3070 722 Verbum
3116 681 3214 736 per
3259 682 3326 722 ea

1704 754 1705 757 “
1751 760 1875 821 qna:
1899 751 2042 808 dicta
2068 759 2195 811 sunt
2223 770 2458 825 sponsae,
2490 772 2652 828 quam
2681 757 2826 829 quod
2857 773 2961 814 nos
2989 752 3208 829 oportet
3233 774 3329 815 su-

1752 859 1851 914 pra
1881 859 1982 903 nos
2007 854 2268 918 suscepto
2296 846 2476 905 Verbo
2515 858 2754 918 vectore,
2799 860 2855 908 et
2887 851 3116 908 devictis
3166 852 3325 923 equis

1752 933 2051 1008 Egyptiis,
2097 954 2221 993 cum
2269 939 2408 1010 ipsis
2456 942 2711 998 curribus
2740 952 2793 998 et
2822 945 3246 1012 ascensoribus,
3267 951 3324 1001 et

1752 1028 2007 1084 omnibus
2038 1029 2303 1101 improbis
2341 1031 2516 1103 copiis
2562 1031 2864 1098 suffocatis,
2917 1035 2993 1089 ita
3024 1035 3322 1091 assimilari

1752 1110 1865 1172 illis
1894 1118 2088 1190 copiis,
2118 1129 2378 1191 tanquam
2407 1121 2709 1193 equitatum
2736 1122 3047 1194 quemdam,
3087 1136 3184 1180 eos
3227 1125 3321 1195 qui

1750 1208 2126 1266 adversarium
2157 1213 2455 1267 exercitum
2498 1213 2552 1267 in
2596 1228 2792 1284 aquam
2821 1213 3221 1271 demerserunt.
3254 1214 3325 1271 Ut
3434 1276 3447 1281 _

1752 1300 1932 1355 autem
1965 1301 2208 1371 apertius
2254 1302 2623 1374 intelligamus
2671 1303 2817 1375 quod
2868 1304 3090 1370 dicitur,
3142 1304 3198 1361 id
3239 1316 3327 1362 est

1750 1391 2020 1462 ejusmodi
2042 1409 2056 1446 :
2078 1389 2222 1446 Fieri
2244 1406 2350 1449 non
2370 1402 2550 1465 potest
2579 1406 2634 1451 ut
2667 1397 3002 1452 assimiletur
3032 1396 3321 1469 quisquam

1750 1483 1929 1552 equis,
1954 1497 2053 1552 per
2077 1497 2218 1554 quos
2248 1484 2303 1539 in
2334 1486 2665 1555 profundum
2701 1495 2833 1542 sunt
2861 1487 3096 1544 demersi
3127 1502 3323 1544 currus

1749 1571 2152 1645 Egyptiorum,
2182 1575 2290 1630 nisi
2323 1591 2421 1647 per
2450 1591 2649 1648 aquam
2681 1578 2971 1651 mysticam
2999 1579 3266 1636 liberatus
3292 1594 3323 1632 a

82 1677 267 1732 στικοῦ
321 1674 513 1742 ὕδατος
541 1678 639 1749 τῆς
689 1676 784 1731 τοῦ
817 1679 1191 1750 ἀντικειμένου
1225 1677 1469 1742 δουλείας
1499 1677 1618 1730 ἐλευ

1825 1665 2016 1721 rvitute
2064 1666 2398 1735 adversarii,
2447 1669 2596 1725 omni
2659 1686 2823 1726 sensu
2879 1669 3224 1743 Egyptiaco,
3270 1679 3325 1728 et

66 1761 422 1840 θερούμενος,
456 1764 566 1823 πᾶν
596 1767 963 1839 Αἰγυπτιάζον
988 1765 1185 1841 νόημα,
1214 1769 1309 1824 καὶ
1340 1770 1517 1823 πᾶσαν
1550 1767 1647 1822 άλο

74 1856 299 1926 λόφυλον
342 1857 539 1913 κακίαν
583 1875 642 1912 τε
687 1859 783 1913 καὶ
812 1857 1086 1930 ἁμαρτίαν
1116 1858 1195 1930 τῷ
1237 1852 1386 1912 ὕδατι
1429 1858 1648 1913 καταλεί-

75 1947 188 2003 πὼν
209 1990 225 2015 ,
277 1948 519 2020 καθαρὸς
551 1949 795 2026 ἀναδύῃο,
850 1949 1016 2021 μηδὲν
1046 1949 1144 2020 τῆς
1175 1948 1476 2019 Αἰγυπτίας
1520 1966 1648 2002 συν-

74 2038 332 2110 ειδήσεως
417 2038 496 2110 τῷ
572 2039 710 2112 μετὰ
785 2039 955 2094 ταῦτα
1021 2039 1122 2109 βίῳ
1190 2040 1645 2110 συνεπαγόμενος.

84 2128 139 2181 '0
173 2129 285 2201 γάρ
323 2129 569 2202 ἀκριϐῶς
599 2130 789 2186 πασῶν
822 2128 1171 2202 καθαρεύσας
1198 2130 1307 2186 τῶν
1334 2132 1649 2202 Αἰγυπτίων

73 2215 314 2292 πληγῶν,
361 2223 591 2295 αἵματος
612 2263 628 2289 ,
680 2225 774 2279 καὶ
818 2224 1125 2297 βατράχων,
1175 2223 1269 2278 καὶ
1321 2224 1646 2294 φλυκτίδων,

73 2313 163 2366 καὶ
187 2313 437 2385 σκότους,
467 2314 684 2385 ἀκρίδος
713 2333 773 2368 τε
812 2316 906 2369 καὶ
945 2315 1207 2379 σκνιπῶν,
1236 2315 1330 2369 καὶ
1366 2316 1610 2388 χαλάζης
1630 2357 1646 2381 ,

73 2404 162 2457 καὶ
192 2404 296 2475 τῆς
326 2403 420 2457 τοῦ
454 2405 625 2476 πυρὸς
658 2391 986 2478 ἐπομϐρίας,
1035 2406 1130 2461 καὶ
1166 2406 1275 2461 τῶν
1304 2406 1529 2474 λοιπῶν,
1571 2404 1646 2463 ὧν

75 2495 315 2567 ἱστορίας
358 2495 630 2567 μέμνηται
673 2495 849 2566 λόγος,
882 2490 1039 2562 οὗτος
1076 2496 1227 2563 ἄξιός
1269 2500 1419 2552 ἐστιν
1448 2500 1650 2570 ὁμοίων

73 2585 228 2655 θῆναι
251 2587 323 2657 τῇ
355 2586 579 2657 δυνάμει
607 2589 809 2660 ἐκείνῃ,
839 2584 907 2660 ἧς
934 2588 1127 2660 ἔποχος
1157 2589 1186 2640 ὁ
1214 2584 1386 2658 Λόγος
1415 2590 1645 2658 γίνεται.

73 2677 297 2742 Πάντως
325 2679 382 2732 δὲ
408 2678 507 2732 οὐκ
535 2678 836 2751 ἀγνοοῦμεν
863 2680 930 2734 τά
955 2680 1042 2735 διὰ
1062 2680 1171 2735 τῶν
1195 2680 1417 2752 πληγῶν
1450 2698 1646 2753 σημαι-

73 2770 293 2839 νόμενα,
326 2769 442 2835 πῶς
469 2768 675 2840 γίνεται
695 2774 808 2836 τοῖς
837 2772 1153 2841 Αἰγυπτίοις
1175 2771 1235 2826 τὺ
1272 2769 1410 2843 αἷμα
1439 2772 1645 2844 πληγὴ.

74 2862 165 2915 καὶ
199 2862 232 2933 ἠ
270 2863 381 2917 τῶν
411 2862 694 2936 βατράχων
720 2863 885 2936 ὀσμὴ,
919 2865 1011 2919 καὶ
1039 2866 1072 2936 ἡ
1118 2865 1213 2919 τοῦ
1259 2864 1443 2936 φωτὸς
1475 2868 1555 2930 εἰς
1586 2867 1648 2921 τὸ

74 2955 262 3018 σκότος
320 2953 587 3025 μεταϐολὴ
608 2996 621 3020 ,
655 2953 749 3008 καὶ
777 2954 845 3008 τὰ
896 2954 1019 3010 καθ’
1055 2956 1285 3010 ἕκαστον
1314 2955 1509 3011 πάντα.
1551 2952 1649 3020 Τίς

1757 1756 1905 1810 omni
1929 1765 2158 1812 externo
2189 1758 2324 1813 vitio
2349 1766 2403 1815 et
2433 1768 2659 1831 peccato
2692 1762 2747 1816 in
2781 1776 2918 1832 aqua
2942 1763 3158 1827 relicto,
3186 1774 3324 1833 pure

1755 1857 2019 1921 emergat,
2052 1842 2390 1922 Egyptiacte
2419 1851 2772 1909 conscientia:
2814 1853 2953 1908 nihil
2995 1867 3180 1909 secum
3224 1852 3321 1908 ad«

1754 1935 1964 1993 ducens
2012 1939 2064 1992 in
2114 1939 2280 1995 vitam
2327 1948 2517 2010 postea
2567 1941 2829 1997 futuram.
2878 1940 2984 2009 Qui
3034 1943 3181 1999 enim
3235 1952 3321 2000 est

1757 2029 1917 2098 plane
1938 2046 2107 2101 purus
2131 2032 2201 2089 ab
2225 2033 2479 2089 omnibus
2506 2035 2680 2105 plagis
2706 2034 2999 2106 Egypliis,
3030 2035 3318 2107 sanguine,

1755 2127 1811 2174 et
1841 2120 2013 2185 ranis,
2058 2130 2110 2176 et
2158 2123 2415 2192 pustulis,
2460 2131 2516 2179 et
2563 2125 2826 2190 tenebris,
2879 2126 3218 2197 locustisque
3266 2136 3323 2183 et

1754 2208 2132 2281 scynipbibus,
2150 2220 2203 2266 et
2225 2213 2510 2283 grandine,
2533 2225 2587 2271 et
2617 2214 2790 2271 imbre
2818 2217 2979 2288 ignis,
3010 2226 3065 2273 et
3109 2219 3324 2276 ctcteris

1755 2314 1987 2370 quorum
2017 2302 2199 2356 divina
2229 2303 2476 2358 meminit
2509 2305 2758 2371 historia,
2808 2306 2855 2363 is
2888 2308 3087 2379 dignus
3114 2316 3203 2366 est
3230 2310 3324 2382 qui

1755 2397 2087 2454 assimiletur
2130 2398 2209 2477 illi
2258 2399 2443 2456 virtuti
2496 2401 2655 2471 cujus
2695 2403 2932 2458 Verbum
2986 2411 3072 2459 est
3112 2413 3324 2461 vector.

1755 2486 1990 2546 Omnino
2018 2496 2199 2546 autem
2237 2505 2347 2546 non
2381 2491 2694 2562 ignoramus
2729 2509 2794 2551 ea
2838 2505 2960 2566 qua:
3007 2495 3323 2567 signiﬁcan-

1756 2589 1846 2634 tur
1877 2596 1972 2652 per
2021 2583 2231 2653 plagas,
2267 2584 2728 2653 quemadmodum
2779 2584 3050 2657 Egyptiis
3102 2587 3326 2658 sanguis

1758 2669 1860 2725 fuit
1906 2671 2087 2743 plaga,
2138 2684 2192 2729 et
2225 2674 2362 2729 odor
2390 2688 2670 2741 ranarum,
2714 2684 2768 2731 et
2810 2677 2952 2734 lucis
2983 2677 3037 2732 in
3072 2679 3326 2734 tenebras

1756 2764 2007 2830 mutatio,
2041 2772 2095 2819 et
2135 2771 2330 2819 caetera
2380 2766 2583 2821 omnia.
2637 2764 2772 2832 Quis
2815 2767 2958 2821 enim
2998 2768 3184 2824 nescit
3228 2783 3328 2838 per

1754 2855 2064 2924 rujusmodi
2097 2856 2267 2911 vitam
2300 2858 2359 2912 lit
2402 2859 2627 2929 sanguis
2657 2859 2950 2929 quispiam,
2986 2860 3054 2916 ab
3081 2875 3147 2916 eo
3177 2859 3327 2932 quod

1755 2946 1908 3016 prius
1957 2956 2074 3002 erat
2105 2949 2343 3019 potabile
2399 2958 2642 3008 mutatus
2687 2952 2741 3006 in
2776 2952 3185 3022 corruptionem
3224 2962 3329 3008 τοι

71 3044 176 3116 γὰρ
213 3045 319 3098 οὐκ
346 3039 454 3099 οἶδε
481 3044 569 3098 διὰ
601 3046 846 3100 ποταποῦ
883 3045 998 3116 βίου
1030 3042 1172 3119 αἷμά
1195 3065 1280 3111 τις
1309 3048 1543 3117 γίνεται,
1582 3051 1618 3100 ἐς

1825 3038 1888 3095 [id
1930 3037 2156 3105 faciens,
2185 3041 2333 3099 domi
2381 3058 2494 3099 sua:
2544 3053 2795 3115 procreat
2825 3050 3025 3100 tetrum
3064 3060 3324 3101 ranarum

74 3136 308 3209 ποτίμου
347 3137 441 3191 τοῦ
485 3138 747 3212 πρότερον
778 3139 858 3205 εἰς
897 3138 1198 3212 διαφθοράν
1246 3139 1646 3214 ἁλλοιούμενος·
1672 3142 1681 3149 ’⁷

72 3228 167 3281 καὶ
187 3229 242 3282 τί
279 3227 446 3282 ποιῶν
474 3227 729 3298 ζωογονεῖ
749 3230 828 3302 τῷ
865 3230 980 3303 ἰδίῳ
1012 3231 1145 3302 οίκῳ
1176 3230 1276 3305 τὴν
1308 3232 1417 3287 τῶν
1446 3232 1650 3306 βατρά-

73 3337 180 3388 χων
211 3316 497 3373 δυσωδίαν·
529 3318 624 3373 καὶ
655 3319 769 3384 πῶς
798 3325 1084 3392 μεταποιεῖ
1108 3322 1201 3378 τὸν
1226 3325 1484 3395 φωτεινὸν
1512 3325 1648 3395 βίον,

74 3411 151 3474 εἰς
171 3409 316 3484 ἔργα
343 3411 500 3465 νυκτὶ
542 3409 672 3481 φίλα
699 3413 791 3465 καὶ
825 3410 1057 3485 ζοφώδη,
1090 3414 1158 3468 δι’
1193 3411 1269 3469 ὧν
1299 3419 1332 3487 ή
1367 3417 1465 3488 τῆς
1494 3416 1649 3486 γεέν-

75 3520 169 3574 νης
192 3503 430 3573 κάμινος
452 3504 552 3570 τὰς
578 3504 817 3577 πονηρὰς
838 3508 938 3579 τῆς
955 3506 1330 3578 κατακρίσεως
1357 3507 1650 3577 φλυκτίδας

75 3594 324 3661 ἀναζέειν
367 3599 546 3663 notet;
578 3596 733 3652 Οὕτω
766 3596 823 3650 δὲ
854 3597 949 3652 καὶ¹
971 3597 1039 3652 τά
1053 3598 1174 3652 καθ’
1200 3598 1430 3653 ἕκαστον
1451 3599 1561 3652 τῶν
1591 3599 1649 3651 ἐν

75 3686 337 3757 Αἰγύπτῳ
373 3688 559 3743 κακῶν
585 3688 764 3762 ῥᾴδιον
807 3688 1129 3761 μεταϐαλεῖν
1157 3694 1239 3755 εἰς
1284 3691 1564 3746 παίδευσιν
1593 3709 1652 3745 τε

76 3781 167 3834 καὶ
213 3781 592 3852 σωφρονισμὸν
631 3782 725 3837 τοῦ
755 3783 1063 3852 ἀκούοντος,
1104 3783 1241 3838 ἀλλὰ
1289 3783 1540 3856 περιττὴν
1589 3781 1655 3837 ἂν

76 3869 158 3941 εἴη
192 3870 457 3941 μηκύνειν
489 3870 577 3925 διὰ
611 3871 720 3926 τῶν
749 3872 1192 3944 ὁμολογουμένων
1219 3871 1309 3927 τὸν
1336 3872 1511 3942 λόγον.

145 3960 367 4014 Τούτων
408 3962 586 4017 τοίνυν
617 3965 710 4018 καὶ
743 3962 852 4018 τῶν
883 3965 1139 4020 τοιούτων
1175 3964 1461 4038 κρείττους
1503 3965 1657 4034 γενόυ

80 4066 251 4121 μενοι,
288 4051 382 4104 καὶ
411 4050 490 4122 τῷ
521 4051 641 4123 Θεῷ
680 4053 1100 4125 πλησιάσαντες,
1135 4055 1229 4110 καὶ
1255 4056 1409 4110 αὐτοὶ
1442 4056 1658 4120 πάντως

76 4142 444 4214 ἀκουσόμεθα·
478 4145 559 4199 ὅτι
592 4144 671 4217 Τῇ
702 4147 864 4213 ἵππῳ
899 4165 1019 4217 μου
1059 4146 1130 4201 ἐν
1179 4146 1406 4217 ἅρμασι
1447 4146 1659 4217 Φαραὼ

1753 3129 1975 3187 odorem
2013 3149 2026 3187 :
2078 3139 2133 3188 et
2164 3134 2622 3205 quemadmodum
2657 3142 2989 3191 transmutat
3039 3136 3207 3190 vitam
3242 3135 3328 3190 lu-

1753 3222 1932 3277 cidam
1962 3223 2016 3278 in
2049 3239 2216 3294 opera
2265 3225 2440 3280 amica
2472 3227 2617 3282 nocti
2648 3234 2704 3281 et
2749 3227 3010 3292 tenebris,
3056 3241 3153 3297 per
3206 3241 3328 3298 quae

1755 3311 1949 3369 fornax
2014 3316 2277 3384 gehennae
2346 3316 2476 3372 facit
2524 3318 2766 3373 ‘ebullire
2841 3319 3015 3374 malas
3078 3318 3329 3389 pustulas

1750 3403 2168 3460 damnationis?
2219 3405 2296 3460 ita
2341 3414 2521 3461 autem
2575 3405 3004 3477 unumquodque
3046 3420 3111 3461 ex
3169 3405 3329 3461 malis

1759 3507 1881 3561 quae
1931 3500 2063 3548 sunt
2109 3494 2163 3549 in
2213 3494 2472 3565 Egypto,
2527 3495 2687 3551 facile
2723 3505 2810 3551 est
2852 3503 3226 3552 transmutare
3260 3496 3328 3550 ad

1758 3583 2119 3639 eruditionem
2156 3592 2210 3640 et
2238 3586 2667 3656 castigationem
2695 3586 2984 3641 auditoris.
3023 3584 3128 3641 Sed
3164 3587 3330 3642 fuerit

1758 3688 2224 3745 supervacaneum
2282 3676 2574 3731 extendere
2632 3675 2934 3730 orationem
2995 3690 3094 3745 per
3139 3689 3204 3731 ea
3260 3675 3330 3731 de

1762 3764 1965 3836 quibus
1991 3772 2231 3822 constat.

1825 3966 1962 4022 Cum
1984 3967 2070 4024 his
2098 3983 2229 4039 ergo
2248 3976 2303 4024 et
2325 3983 2447 4039 qua:
2475 3976 2602 4025 sunt
2629 3964 2945 4038 hujusmodi
2972 3966 3316 4023 evaserimns

1756 4060 2070 4131 superiores
2090 4103 2105 4127 ,
2137 4067 2193 4116 et
2223 4059 2332 4117 Deo
2365 4060 2989 4134 appmpinquaverimus
3012 4100 3027 4123 ,
3054 4060 3159 4130 ipsi
3189 4073 3329 4130 quo-

1756 4165 1864 4221 que
1891 4151 2119 4204 omnino
2153 4150 2441 4207 audiemus
2483 4166 2495 4201 :
2546 4149 2822 4221 Equitatui
2856 4167 2969 4205 meo
2999 4150 3055 4204 in
3082 4147 3326 4204 curribus

74 4232 357 4302 ὡμοίωσιί
383 4250 477 4301 σε,
508 4235 547 4303 ή
592 4238 858 4306 πλησίον
897 4255 1038 4307 μου.
1100 4237 1260 4290 Ἀλλά
1300 4238 1462 4292 λυπεῖ
1494 4238 1618 4308 τυχὸ

1825 4242 2065 4297 ’taraoni:
2096 4251 2145 4297 te
2165 4242 2482 4307 assimilavi,
2503 4244 2794 4314 propinqua
2822 4259 2960 4309 mea;
2986 4241 3079 4299 sed
3104 4255 3200 4297 eos
3230 4240 3326 4311 qui

74 4326 202 4389 τοὺς
253 4325 536 4399 σώφρονας
584 4329 677 4383 καὶ
724 4329 962 4401 καθαρὸν
1008 4329 1382 4403 ὲξησκηκότας
1433 4329 1565 4401 βίον,
1619 4331 1654 4400 ἡ

76 4417 214 4489 πρὸς
237 4416 331 4471 τὸν
357 4418 522 4472 ἵππον
551 4418 827 4490 ὁμοίωσις·
852 4420 985 4475 διότι
1015 4420 1199 4475 πολλοί
1220 4421 1326 4475 τῶν
1360 4420 1656 4493 προφητῶν

76 4507 516 4579 ἀπαγορεύουσιν
550 4512 679 4580 ἡμῖν
711 4510 771 4565 τὸ
813 4511 1126 4582 ὁμοιοῦσθαι
1168 4515 1281 4577 τοῖς
1322 4514 1531 4578 ἵπποις,
1563 4513 1656 4568 τοῦ

79 4602 178 4671 μὲν
228 4598 496 4671 Ἱερεμίου
521 4600 619 4673 τὴν
665 4602 914 4673 μοιχικὴν
956 4600 1158 4657 λύσσαν
1192 4600 1272 4673 τῷ
1298 4602 1521 4673 ὀνόματι
1550 4602 1658 4659 τῶν

76 4691 267 4745 ἵππων
296 4690 728 4763 διασημάναντος
746 4732 759 4757 ,
796 4694 854 4745 ὲν
890 4687 973 4756 οἷς
999 4709 1183 4762 φησιν·
1226 4693 1435 4749 Ἵπποι
1474 4697 1660 4763 θηλυ-

73 4780 290 4852 μανεῖς
307 4781 703 4852 ἐγενήθησαν,
729 4782 986 4849 ἕκαστος
1006 4782 1104 4838 ἐ·πί
1131 4782 1246 4852 τὴν
1274 4783 1527 4855 γυναῖκα
1550 4784 1659 4840 τοῦ

78 4873 353 4941 πλησίον
382 4873 571 4928 αὐτοῦ
602 4873 947 4944 ἐχρεμέτιζε·
994 4872 1089 4927 τοῦ
1115 4874 1172 4928 δὲ
1213 4874 1449 4945 μεγάλου
1496 4874 1660 4931 Δαϐὶδ

79 4963 314 5036 φοϐερὸν
338 4964 658 5037 ποιουμένου
684 4965 746 5018 τὸ
771 4965 847 5030 ὡς
878 4965 1041 5020 ἵππον
1063 4966 1183 5020 τινὰ
1212 4966 1304 5020 καὶ
1331 4966 1557 5038 ἡμίονον
1579 4966 1659 5036 γί⁴

79 5054 289 5116 νεσθαι,
319 5048 394 5108 ὧν
420 5055 629 5109 κελεύει
656 5058 950 5127 κατασχεῖν
980 5057 1039 5110 ὲν
1067 5054 1231 5127 κημῷ
1262 5073 1320 5110 τε
1344 5058 1438 5110 καὶ
1457 5056 1665 5129 χαλινῷ

77 5145 180 5209 τὰς
228 5146 504 5212 σιαγόνας.
552 5146 650 5201 Διὰ
691 5146 853 5200 τοῦτο
898 5146 1303 5219 παραμυθεῖται
1341 5149 1419 5221 τῷ
1457 5151 1658 5222 ἐφεξῆς

77 5237 224 5307 λόγῳ
254 5236 353 5309 τὴν
383 5237 637 5308 τοιαύτην
669 5238 926 5305 διάνοιαν,
954 5238 1150 5307 λέγων·
1190 5240 1274 5293 ὅτι
1302 5241 1378 5293 Οὐ
1411 5242 1658 5297 τοιαῦταί

82 5344 178 5384 σου
209 5330 345 5383 εἰσὶν
369 5330 426 5383 αἰ
452 5330 716 5399 σιαγόνες,
746 5331 853 5385 κᾶν
879 5331 1044 5395 ἵππος
1071 5328 1159 5405 ᾗς,
1199 5332 1274 5393 ὡς
1306 5333 1486 5404 κημοῦ
1518 5333 1659 5407 χρῄ-

80 5419 199 5485 ζειν
232 5423 326 5476 καὶ
353 5420 572 5493 χαλινοῦ
605 5423 685 5486 εἰς
723 5422 977 5495 ἀγχόνην·
1009 5423 1146 5478 ἀλλά
1183 5440 1265 5476 σοι
1298 5423 1388 5478 διὰ.
1412 5423 1516 5494 τῆς
1552 5443 1656 5480 κα-

66 5512 382 5584 θαρότητος
425 5512 534 5568 τῶν
578 5514 857 5587 τρυγόνων
901 5516 933 5585 ἡ
976 5513 1181 5583 σιαγὼν
1229 5515 1655 5580 καλλωπίζεται.

157 5686 205 5719 ¹⁶
237 5685 408 5743 lCor.
439 5701 494 5751 ι,
520 5687 611 5741 il.
685 5687 731 5718 ’⁷
755 5684 954 5742 Jcrcm.
990 5703 1043 5755 ν,
1071 5688 1124 5743 8.
1201 5688 1244 5721 ’⁸
1266 5687 1415 5745 Psal.
1446 5704 1596 5757 xxxi,
1632 5689 1686 5743 9.

1761 4338 2112 4401 temperatam
2149 4337 2204 4386 et
2232 4346 2423 4401 puram
2470 4332 2639 4386 vitam
2675 4339 3062 4394 exercuerunt,
3094 4328 3331 4384 fortasse

1760 4422 1903 4477 male
1940 4421 2105 4476 habet
2140 4420 2297 4484 illud,
2335 4435 2396 4476 se
2432 4435 2575 4490 equo
2618 4435 2742 4476 esse
2772 4419 3106 4476 assimilatas
3150 4436 3165 4472 :
3202 4431 3329 4489 pro-

1760 4521 1945 4583 pterea
1995 4512 2140 4583 quod
2186 4511 2342 4567 multi
2394 4511 2671 4582 prophetae
2716 4511 2875 4567 nobis
2919 4510 3210 4583 prohibent
3255 4511 3330 4565 'no

1759 4602 2129 4658 assimilemur
2154 4601 2313 4672 cquis
2333 4642 2348 4667 ,
2376 4615 2500 4657 cum
2532 4598 2799 4658 Jeremias
2830 4601 3049 4672 quidem
3077 4600 3330 4658 adulterii

1760 4693 1967 4750 rabiem
1996 4708 2265 4764 equorum
2302 4693 2522 4749 nomine
2551 4691 2745 4762 signiﬁv
2765 4694 2961 4756 avcrit,
2998 4707 3120 4746 cum
3148 4693 3284 4748 dicit
3310 4711 3326 4748 :

1762 4784 1900 4855 Equi
1933 4787 1990 4840 in
2026 4785 2252 4857 feminas
2285 4794 2556 4848 currentes
2600 4783 2730 4853 facti
2760 4792 2883 4837 sunt
2914 4799 2932 4837 :
2974 4785 3330 4855 unusquisque

1760 4877 2028 4931 liinuiebat
2052 4876 2122 4931 ad
2154 4892 2371 4932 uxorem
2394 4876 2624 4945 proximi
2655 4875 2739 4930 sui
2764 4876 2808 4911 "
2839 4892 2854 4941 ;
2888 4889 3120 4944 magnus
3145 4884 3327 4932 autem

1758 4966 1931 5024 David
1959 4984 2071 5024 rem
2094 4969 2313 5024 duxerit
2329 4984 2453 5025 esse
2473 4968 2791 5032 terribilem,
2814 4967 2930 5023 fieri
2956 4968 3098 5023 sicut
3123 4984 3327 5040 equum

1760 5070 1814 5116 et
1842 5059 2048 5113 mulum
2084 5078 2096 5113 :
2141 5073 2376 5129 quorum
2416 5059 2572 5129 jubet
2615 5059 2669 5113 in
2700 5074 2855 5115 camo
2875 5065 2930 5114 et
2955 5057 3110 5113 freno
3136 5058 3332 5113 maxil~

1761 5152 1844 5206 las
1883 5150 2257 5220 constringere
2276 5150 2346 5204 ⁸⁸.
2382 5151 2447 5204 [ι
2480 5148 2601 5206 ideo
2637 5165 2703 5205 eo
2741 5150 2885 5218 quod
2927 5148 3188 5218 deinceps
3238 5164 3330 5204 se,-

1760 5240 1970 5312 quitur,
2005 5254 2129 5294 eum
2186 5254 2407 5294 sensum
2444 5239 2689 5308 mitigat,
2734 5239 2924 5293 dicens
2977 5257 2991 5291 :
3038 5236 3156 5292 Non
3204 5247 3333 5293 sunt

1761 5332 1998 5389 maxilla:
2047 5337 2155 5387 tute
2197 5329 2506 5400 ejusmodi,
2557 5339 2614 5384 ut
2668 5332 2811 5386 sicut
2856 5345 3031 5402 equus
3077 5346 3234 5387 came
3281 5338 3329 5386 et
3436 5384 3447 5401 ,

1764 5424 1918 5481 freno
1940 5438 2078 5494 opus
2097 5422 2302 5477 habeas
2330 5428 2387 5475 ut
2415 5421 2811 5493 constringaris
2838 5438 2851 5474 :
2883 5421 2980 5478 sed
3006 5438 3102 5494 per
3128 5422 3325 5493 purita-

1763 5524 1869 5571 tem
1898 5523 2171 5570 turturum
2201 5512 2302 5569 tibi
2328 5520 2558 5568 ornatur
2580 5529 2738 5584 gena.
2776 5513 2920 5571 Dicit
2940 5515 3087 5570 enim
3123 5533 3137 5570 :
3161 5511 3331 5581 Qum
