3752 5984
411 262 515 320 815

1643 255 1698 312 S.
1741 250 2066 313 GBEGORH
2107 248 2398 314 NYSSENI

3573 253 3679 309 sus

410 376 642 443 pulchra:
679 372 836 444 facta:
862 382 984 428 sunt
1016 373 1112 428 tibi
1134 388 1276 444 genu:
1306 373 1444 426 sicut
1482 373 1734 427 turturis!
1771 373 1845 427 De
1878 372 1892 425 l

2198 377 2217 425 ι
2246 371 2375 444 γάρ·
2409 372 2470 425 Τί
2496 370 2883 438 ὼραιώθησαν
2920 370 3201 438 σιαγόνες
3227 384 3343 427 σου
3365 368 3448 434 ὡς
3471 371 3680 439 τρυγό-

411 477 594 522 nutem
622 480 720 521 ave
748 473 1022 521 testantur
1045 465 1140 535 qui
1182 465 1300 521 haec
1329 465 1695 520 observarunt.
1718 504 1733 527 ,
1762 462 1906 534 quod
1938 462 1985 517 si

414 562 663 624 separata
695 552 858 609 fuerit
885 569 918 607 a
957 553 1219 624 conjugio
1239 594 1252 618 ,
1290 562 1474 609 manet
1510 555 1768 625 deinceps
1794 553 1984 609 solita-

415 645 517 707 ria,
564 657 665 697 nec
701 657 827 697 cum
861 643 974 697 ullo
1006 642 1404 714 coniungitur:
1443 643 1581 699 adeo
1619 651 1679 698 ut
1713 643 1767 697 in
1795 658 1858 699 ea
1897 656 1990 696 na-

417 731 665 786 turaliter
693 738 1019 786 exerceatur
1057 734 1443 803 temperantia.
1483 735 1778 804 Propterea
1817 732 1987 801 amig-

415 824 615 877 matica
652 822 870 877 laudum
907 823 1307 894 significatione
1328 840 1355 879 a
1387 823 1569 880 Verbo
1591 823 1987 895 comprehensa

415 924 509 980 est
539 915 654 969 haec
700 915 847 977 avis,
903 915 1049 986 quod
1097 931 1197 986 pro
1244 915 1401 972 freno
1447 915 1610 972 fuerit
1656 915 1826 971 divini
1861 915 1988 985 equi

416 1007 651 1062 maxillae
677 1008 909 1063 turturis
940 1008 1266 1063 assimilatio
1287 1048 1302 1072 ,
1329 1023 1428 1079 per
1452 1024 1615 1080 quam
1646 1006 1990 1078 significatur

416 1099 584 1153 vitam
620 1114 808 1169 puram
842 1099 969 1154 huic
1008 1114 1151 1169 equo
1179 1101 1492 1156 convenire.
1534 1100 1828 1170 Propterea
1863 1113 1987 1153 cum

416 1188 780 1245 admiratione
810 1190 858 1245 ei
886 1189 1020 1245 dicit
1052 1189 1289 1245 Verbum
1317 1209 1331 1245 :
1369 1190 1539 1257 Quam
1574 1191 1807 1258 pulchra:
1834 1190 1990 1260 facta

415 1287 540 1333 sunt
582 1295 726 1348 gena:
771 1288 876 1333 tum
917 1288 973 1332 ut
1020 1280 1245 1333 turturis
1287 1296 1303 1334 :
1338 1279 1463 1335 huic
1492 1289 1671 1335 autem
1711 1277 1993 1349 subjungit

417 1368 579 1425 aliam
614 1385 832 1440 quoque
878 1370 1089 1424 laudem
1137 1387 1233 1442 per
1266 1370 1680 1426 similitudinem
1729 1389 1744 1426 :
1779 1370 1990 1427 Collum

2085 482 2205 531 νες.
2238 465 2610 535 Μαρτυρεῖται
2647 463 2705 516 δὲ
2742 461 2895 533 παρὰ
2926 460 3035 515 τῶν
3058 461 3127 514 τὰ
3166 459 3395 515 τοιαῦτα
3429 474 3679 530 παρατε-

2086 557 2427 630 τηρηκότων,
2470 554 2629 610 τοῦτο
2666 555 2728 609 τὸ
2766 556 2952 625 ὄρνεον
2998 552 3200 624 μένειν,
3235 555 3285 605 εί
3326 551 3679 622 διαζευχθείη

2086 648 2188 717 τῆς
2229 647 2510 715 συζυγίας,
2547 647 2626 711 είς
2657 644 2718 699 τὸ
2746 643 2946 715 ἐφεξῆς
2972 643 3357 708 ἁσυνδύαστον,
3403 643 3484 705 ὡς
3522 660 3683 711 φυσι-

2089 741 2200 803 κῶς
2231 742 2288 794 ἐν
2319 739 2467 810 αὐτῷ
2491 740 2554 793 τὸ
2586 737 2981 809 κατορθοῦσθαι
3013 736 3111 809 τὴν
3154 735 3541 808 σωφροσύνην.
3584 735 3682 788 Διά

2086 832 2245 885 τοῦτο
2282 831 2343 885 τὸ
2394 830 2624 902 αἴνιγμα
2659 829 2766 885 τῶν
2803 829 3043 883 ἐπαίνων
3082 827 3531 899 συμπαρελήιρθη
3572 828 3681 880 ὐπὸ

2087 918 2182 972 τοῦ
2202 916 2378 988 Λόγου
2396 918 2557 972 τοῦτο
2587 917 2879 989 τδ-ὁρνεον,
2922 917 2999 980 ὡς
3025 916 3149 972 ἀντὶ
3170 914 3395 987 χαλινοῦ
3427 914 3678 982 γίνεσθαι

2087 1009 2154 1077 τῇ
2190 1005 2399 1075 σιαγόνι
2424 1006 2524 1076 τῆς
2554 1004 2703 1069 θείας
2730 1004 2899 1059 ἵππου
2926 1003 3025 1075 τὴν
3053 1003 3155 1072 τῆς
3186 1003 3448 1074 τρυγόνος
3471 1002 3678 1071 ὁμοίω⁸

2092 1112 2196 1158 σιν,
2244 1096 2311 1149 δι’
2354 1090 2423 1166 ἦς
2468 1097 2502 1166 ἡ
2543 1094 2755 1164 καθαρὰ
2790 1093 2903 1165 ζωὴ
2953 1092 3281 1165 ἐπιπρέπειν
3330 1095 3398 1162 τῇ
3448 1091 3677 1161 τοιαύτῃ

2092 1187 2241 1253 ἵππῳ
2284 1185 2718 1257 διασημαίνεται.
2765 1184 2856 1238 Διὸ
2909 1181 3297 1254 θαυμαστικῶς
3354 1197 3497 1252 φησι
3544 1181 3679 1251 πρὸς

2089 1276 2259 1347 αὐτὴν
2287 1277 2548 1345 ὁΛὸγος*
2583 1275 2644 1329 Τί
2685 1274 3076 1343 ὡραιώθησαν
3103 1275 3388 1343 σιαγόνες
3427 1287 3555 1327 σου
3600 1274 3679 1337 ὠς

2090 1369 2392 1438 τρυγόνες.
2447 1368 2670 1437 Ἐπάγει
2698 1368 2756 1422 δὲ
2786 1368 2960 1437 τούτῳ
2993 1367 3088 1420 καὶ
3121 1367 3308 1438 ἕτερον
3350 1366 3422 1418 δι’
3473 1367 3676 1436 ὁμοιῶ-

419 1472 567 1516 ιιιιιηι
609 1463 748 1516 sicut
794 1472 1017 1532 torques.
1054 1461 1189 1516 Nam
1241 1477 1364 1518 cum
1404 1462 1571 1519 semel
1613 1461 1897 1518 incidisset

2188 1479 2228 1526 ις
2256 1459 2496 1524 ἔπαινον,
2537 1459 2728 1528 λέγων·
2777 1458 3083 1529 Τράχηλός
3113 1474 3230 1513 σου
3259 1459 3339 1522 ὡς
3369 1457 3670 1525 ὀρμίσκοι.

416 1553 682 1623 tropicam
706 1551 1184 1624 signiﬁcationem,
1212 1569 1308 1625 per
1328 1569 1400 1610 ea
1428 1569 1550 1624 quae
1575 1552 1644 1608 de
1675 1552 1835 1623 equis
1863 1567 1992 1608 con-

2093 1558 2276 1625 Ἂπαξ
2324 1557 2433 1629 γὰρ
2460 1554 2719 1628 ἐμπεσὼν
2758 1558 2825 1627 τῇ
2854 1557 3087 1627 τροπικῇ
3137 1553 3404 1624 σημασία,
3444 1550 3537 1605 διὰ
3570 1551 3675 1605 τῶν

417 1640 747 1708 sidcrantur,
785 1656 998 1713 Sponsae
1029 1644 1569 1715 laudem-excogitat.
1604 1644 1817 1698 Laudat
1841 1658 1899 1699 en

2192 1650 2224 1702 μὶ
2253 1648 2363 1701 τῶν
2397 1648 2580 1701 ἵππων
2610 1645 2997 1716 θεωρουμένων
3026 1644 3231 1697 ἐπινοεῖ
3256 1645 3322 1713 τῇ
3357 1640 3554 1712 νύμφῃ
3587 1641 3674 1692 τὸν

416 1732 638 1797 collum,
666 1733 813 1803 quod
839 1734 894 1788 in
921 1734 1149 1805 ﬁguram
1173 1736 1370 1791 circuli
1398 1743 1486 1791 eat
1509 1735 1562 1790 in
1594 1751 1806 1806 gyrum,
1841 1751 1898 1804 qi

2193 1754 2340 1793 ιινον.
2397 1737 2640 1790 Ἐπαινεϊ
2683 1734 2792 1806 γὰρ
2840 1733 2932 1787 τὸν
2979 1730 3245 1802 τράχηλον
3297 1729 3390 1782 τὸν
3439 1730 3502 1781 ὲν
3542 1727 3675 1797 σχή-

416 1821 581 1875 ctiam
606 1821 661 1876 in
700 1823 954 1893 superbis
982 1832 1036 1879 et
1074 1824 1350 1881 ferocibus
1375 1826 1538 1896 equis
1569 1826 1816 1882 videmus
1847 1824 1985 1879 fieri.

418 1908 717 1980 Torquium
755 1911 901 1967 enim
952 1915 1161 1969 mentio
1202 1914 1411 1969 indicat
1452 1914 1719 1970 circulum
1767 1932 1781 1970 :
1830 1916 1989 1984 cujus

420 2000 591 2072 figura
616 2002 670 2058 in
694 2003 838 2059 collo
867 2012 1091 2062 ostensa
1134 2005 1311 2063 reddit
1345 2022 1543 2077 equum
1582 2006 1766 2078 seipse
1798 2007 1988 2063 decen-

419 2094 611 2149 tiorem
644 2112 667 2150 ι
726 2101 950 2167 torques
994 2106 1173 2154 autem
1215 2095 1403 2155 Graece
1445 2099 1650 2154 dicitur
1702 2099 1986 2170 ὁρμίσκος,

417 2187 800 2243 diminutivum
846 2189 967 2259 ejus
999 2189 1144 2259 quod
1184 2197 1270 2246 est
1314 2191 1505 2262 ὅρμος.
1556 2191 1768 2264 Ὅρμος
1807 2199 1987 2246 autem

416 2276 641 2348 pr0prie
663 2276 883 2347 quidem
920 2278 1122 2333 dicitur
1160 2280 1214 2334 in
1246 2279 1381 2335 locis
1411 2280 1736 2340 maritimis.
1769 2279 1825 2335 in
1867 2280 1988 2352 qni-

419 2368 522 2423 bus
560 2367 711 2423 littus
759 2367 1093 2425 intrinsecus
1142 2369 1196 2425 in
1251 2371 1393 2427 lunae
1431 2370 1663 2428 formam
1711 2381 1986 2434 cavatum.

418 2460 540 2513 s'nu
570 2473 721 2515 mare
747 2460 973 2531 excipit,
1002 2467 1056 2516 ct
1082 2477 1178 2530 per
1204 2477 1264 2519 se
1303 2461 1430 2518 facit
1464 2464 1748 2534 quiescere
1771 2481 1867 2522 eos
1895 2466 1987 2536 qui

414 2565 447 2604 e
494 2550 631 2608 mari
675 2550 1022 2624 adnavigant.
1074 2552 1149 2607 Ex
1198 2555 1512 2625 metaphora
1545 2563 1725 2611 autem
1770 2568 1988 2628 propter

416 2641 644 2716 figuram
677 2653 1060 2701 ornamentum
1103 2646 1230 2701 colli
1270 2645 1474 2701 dicitur
1520 2647 1710 2719 ὅρμος.
1759 2648 1988 2714 Quando

414 2745 595 2790 autem
627 2735 953 2793 diminutive
989 2737 1228 2794 dicimus
1257 2738 1520 2810 ὁρμίσκος
1553 2754 1650 2810 pro
1677 2741 1871 2812 ὅρμος,
1894 2757 1989 2812 per

416 2826 557 2882 hanc
589 2840 777 2882 vocem
824 2827 1218 2899 propemodum
1251 2828 1601 2886 ostendimus
1637 2830 1811 2901 ipsam
1845 2831 1990 2886 simi-

416 2918 723 2976 litudinem.
784 2920 926 2976 Colli
977 2936 1107 2992 ergo
1163 2936 1289 2976 cum
1341 2923 1628 2993 torquibus
1686 2924 1988 2980 similitudo

414 3009 656 3064 ostendit
689 3009 861 3064 multa
891 3011 1146 3066 encomia
1185 3028 1307 3081 quae
1350 3028 1566 3084 sponsae
1605 3015 1937 3069 conveniunt
1972 3033 1984 3068 :

415 3097 662 3154 Primum
690 3099 943 3170 quidem,
973 3101 1119 3171 quod
1164 3117 1338 3173 equus
1362 3104 1561 3158 collum
1598 3105 1652 3159 in
1681 3105 1867 3161 orbem
1900 3104 1990 3161 llo-
2017 3091 2059 3150 ίῖ

416 3197 605 3256 ctens,
645 3189 714 3245 ad
742 3205 935 3246 omnes
987 3206 1119 3248 suos
1165 3207 1389 3263 gressus
1437 3195 1651 3266 aspicit,
1685 3210 1795 3267 quo
1831 3195 1890 3250 fit
1931 3203 1991 3252 ut

418 3280 719 3337 inoffensus
744 3288 799 3338 et
822 3288 974 3338 tutus
1000 3284 1070 3338 sit
1098 3299 1324 3354 gressus
1357 3285 1479 3354 ejus
1500 3326 1514 3349 ,
1546 3301 1720 3358 neque
1752 3287 1819 3343 ad
1861 3287 1992 3359 lapi-

415 3372 537 3427 dem
572 3371 873 3439 oﬂ‘endens,
929 3388 1105 3444 neque
1132 3374 1187 3429 in
1224 3373 1426 3430 fossam
1469 3387 1671 3432 temere
1719 3376 1985 3433 incidens.

415 3463 529 3520 lloc
553 3480 661 3521 non
692 3480 884 3535 parum
932 3463 1066 3520 facit
1094 3465 1160 3520 ad
1196 3465 1406 3522 laudent
1436 3467 1651 3535 animat,
1689 3483 1884 3539 nempe
1914 3467 1988 3523 ad

412 3560 652 3627 seipsam
681 3557 949 3628 aspicere,
984 3565 1040 3613 et
1073 3557 1349 3614 tutissime
1385 3558 1452 3615 ad
1483 3573 1706 3615 cursum
1744 3559 1988 3616 divinum

415 3650 708 3715 festinare,
767 3666 1110 3722 quazcunque
1170 3666 1233 3706 ex
1293 3651 1688 3708 tentationibus
1743 3651 1822 3707 illi
1863 3668 1989 3708 eve-

414 3742 572 3796 niunt
603 3740 669 3796 ad
699 3756 922 3797 cursum
960 3741 1345 3812 impedimenta
1392 3742 1570 3798 vitans
1601 3751 1656 3798 et
1696 3757 1986 3808 superans.

416 3831 621 3889 Deinde
639 3842 821 3887 autem
846 3833 1022 3903 ipsum
1050 3847 1267 3902 quoque
1289 3831 1626 3902 primitivum
1651 3847 1851 3887 nomen
1879 3833 1988 3887 τῶν

412 3925 621 3996 ὅρμων,
671 3922 817 3978 unde
869 3930 1091 3993 propter
1148 3922 1332 3992 figura:
1392 3924 1807 3980 similitudinem
1859 3925 1987 3993 colli

414 4023 795 4072 ornamentum
848 4017 1190 4071 nominatum
1241 4018 1342 4073 fuit
1404 4020 1708 4092 ὀρμίσκος;
1762 4036 1987 4093 magnas

409 4107 683 4179 quasdam
712 4108 904 4165 laudes
949 4110 1212 4173 continet,
1256 4111 1474 4180 quando
1537 4113 1649 4177 τοῖς
1679 4112 1897 4184 ὅρμοις,
1933 4113 1986 4168 id

414 4206 521 4258 cst.
548 4197 858 4262 navalibus,
890 4199 1090 4253 Collum
1119 4197 1282 4255 fuerit
1309 4201 1693 4256 assimilatum.
1727 4201 1983 4267 Quasnam

410 4301 594 4344 autem
638 4296 769 4343 sunt
794 4288 983 4343 laudes
1011 4303 1131 4359 quas
1164 4287 1322 4345 nobis
1379 4304 1473 4359 per
1500 4289 1615 4344 haec
1640 4304 1670 4344 a
1700 4289 1981 4363 Scriptura

411 4378 790 4451 significantur
811 4380 835 4433 ?
853 4377 1253 4451 Navigantibus
1276 4396 1362 4436 res
1378 4379 1621 4451 jucunda
1643 4390 1697 4438 et
1721 4383 1981 4439 salutaris

410 4481 494 4530 est
523 4483 732 4543 portus,
753 4480 809 4527 et
831 4472 921 4542 qui
948 4480 1234 4543 postquam
1259 4472 1313 4527 in
1335 4473 1475 4528 mari
1496 4474 1698 4530 fuerint
1713 4475 1902 4545 jactati
1926 4485 1981 4534 et

410 4563 624 4631 vexati,
656 4563 1010 4634 tranquillum
1039 4565 1273 4635 aliquem
1303 4574 1517 4635 portum
1549 4567 1979 4635 occupaverint,

412 4658 465 4712 in
498 4672 608 4728 quo
639 4655 959 4713 amictiones
999 4673 1137 4727 quas
1164 4658 1219 4712 in
1256 4656 1391 4711 mari
1416 4658 1675 4726 perpessi
1706 4670 1841 4715 sunt
1876 4661 1977 4716 ob.

410 4749 513 4815 liti,
541 4749 641 4803 toti
671 4755 962 4805 versantur
996 4749 1048 4802 iu
1082 4749 1288 4819 requie,
1339 4748 1530 4819 longos
1553 4749 1983 4821 laboresquit-te

410 4850 743 4906 t‘ecreantes,
783 4856 892 4897 non
926 4848 1015 4897 est
1052 4841 1133 4896 eis
1166 4822 1434 4912 naufragii
1479 4850 1676 4906 metus,
1719 4858 1894 4913 neque
1928 4844 1982 4897 in

409 4933 550 4988 mari
585 4931 870 4987 latentium
919 4930 1158 4985 cautium
1208 4929 1487 5000 suspicio,
1537 4945 1638 4986 nec
1678 4932 1981 5003 periculum

409 5024 752 5095 praedonum,
794 5037 971 5092 neque
997 5036 1026 5075 a
1058 5020 1277 5077 ﬂatibus
1323 5022 1684 5092 perturbatio,
1734 5039 1981 5094 nequc-:1

400 5115 684 5187 profundo
714 5130 813 5187 per
855 5122 1047 5171 ventos
1091 5114 1349 5169 tumescit
1392 5129 1544 5169 mare
1579 5133 1592 5168 :
1649 5116 1743 5172 sed
1788 5117 1983 5172 remoti

409 5216 540 5264 sunt
573 5209 642 5263 ab
668 5208 923 5263 omnibus
950 5205 1219 5277 ejusmodi
1249 5206 1508 5278 periculis
1531 5207 1629 5277 qui
1660 5214 1983 5279 tempestate

279 5364 294 5383 .
405 5300 705 5369 iactantur,
744 5314 869 5355 eum
909 5314 1060 5355 mare
1097 5298 1169 5354 sit
1210 5297 1264 5352 in
1296 5308 1462 5371 portu
1496 5299 1872 5369 tranquillum.
1925 5296 1982 5354 Si

410 5391 536 5465 quis
560 5408 690 5461 ergo
710 5392 949 5446 animam
976 5407 1132 5447 suam
1163 5391 1237 5446 ita
1262 5392 1635 5455 constituerit,
1661 5398 1722 5447 ut
1752 5397 1870 5464 ipsa
1914 5392 1987 5447 sit

411 5483 706 5552 tranquilla
737 5483 792 5535 in
818 5483 1018 5551 quiete,
1053 5497 1162 5537 non
1201 5482 1407 5551 agitata
1446 5482 1728 5544 fluctibus,
1763 5481 1986 5536 minimc

409 5580 593 5629 emota
627 5587 656 5623 a
683 5572 969 5640 spiritibus
999 5555 1391 5642 improbitatis,
1414 5588 1589 5642 neque
1617 5573 1986 5627 intumescens

415 5681 511 5737 per
539 5663 880 5735 superbiam,
924 5679 1102 5735 neque
1146 5679 1413 5735 spumans
1453 5665 1546 5720 irae
1575 5663 1852 5729 fluctibus,
1888 5680 1980 5721 nc-

2086 1846 2223 1900 ,ματι
2252 1826 2451 1899 κύκλου
2473 1825 2640 1898 γυρού
2650 1842 2829 1897 μενον,
2859 1824 2888 1877 ὅ
2911 1823 2977 1894 δὴ
3001 1822 3130 1892 περὶ
3155 1821 3279 1883 τούς
3302 1817 3550 1889 γαυροὺς
3568 1817 3675 1869 τῶν

2090 1920 2284 1975 πώλων
2335 1918 2551 1990 ὁρῶμεν
2595 1916 2898 1989 γινόμενον.
2952 1916 3014 1967 ἸΙ
3061 1913 3171 1982 γὰρ
3229 1910 3338 1964 τῶν
3389 1909 3674 1980 ὁρμίσκων

2088 2012 2282 2083 μνήμη
2314 2010 2406 2064 τὸν
2424 2007 2623 2064 κύκλον
2652 2008 2986 2063 ἐνδείκνυται
3006 2045 3020 2071 ,
3042 1999 3109 2059 οὗ
3138 2004 3199 2057 τὸ
3232 2002 3420 2072 σχῆμα
3455 2000 3554 2053 ἐπὶ
3580 1998 3674 2051 τοῦ

2088 2102 2313 2172 αὐχένος
2353 2100 2699 2172 δεικνύμενον
2736 2097 3169 2172 εὐπρεπέστερον
3199 2093 3393 2148 ἑαυτοῦ
3423 2091 3519 2146 τὸν
3561 2089 3678 2143 πῶ-

2088 2195 2179 2248 λον
2226 2195 2388 2248 ποιεῖ’
2437 2193 2604 2265 ὅρμος
2647 2192 2705 2245 δὲ
2753 2190 2969 2259 λέγεται
3022 2188 3222 2259 κυρίως
3269 2185 3367 2257 μὲν
3416 2182 3517 2235 ἐπὶ
3564 2182 3676 2233 τῶν

2091 2283 2374 2357 παραλίων
2408 2283 2608 2347 τόπων,
2649 2282 2707 2335 ὲν
2748 2276 2830 2343 οἷς
2859 2282 2895 2350 ή
2939 2277 3074 2350 ὁχθη
3104 2275 3245 2330 κατὰ
3282 2275 3344 2328 τὸ
3384 2273 3542 2334 ἐντὸς
3578 2288 3678 2341 μζ-

2090 2376 2296 2448 νοειδὴς
2335 2374 2712 2438 κοιλανθεῖσα,
2761 2369 3082 2441 ὑποδέχεταί
3129 2384 3190 2421 τε
3220 2366 3298 2437 τῷ
3344 2365 3539 2436 κόλπῳ
3576 2361 3680 2431 τὴν

2089 2469 2383 2537 θάλασσαν,
2408 2467 2502 2522 καὶ
2528 2464 2799 2522 ἀναπαύει
2827 2462 2892 2517 δι’
2919 2462 3116 2531 εαυτῆς
3145 2459 3272 2523 τοὺς
3303 2458 3369 2509 ἐκ
3396 2455 3679 2520 πελάγους

2088 2559 2509 2633 προσπλέοντας.
2556 2559 2652 2611 Ἐκ
2682 2555 2995 2628 μεταφορᾶς
3038 2552 3095 2605 δὲ
3133 2550 3223 2604 διὰ
3251 2548 3346 2603 τοῦ
3388 2547 3680 2618 σχήματος

2087 2652 2116 2704 ὁ
2142 2648 2558 2722 περιτραχήλιος
2587 2646 2790 2718 κόσμος
2804 2645 2973 2717 ὅρμος
2992 2642 3231 2711 λέγεται.
3261 2639 3428 2691 Ὅταν
3454 2636 3516 2690 δὲ
3543 2636 3681 2688 ὑπτι-

2088 2739 2412 2812 κοριστικῶς
2461 2738 2722 2810 ὁρμίσκον
2766 2737 2888 2791 ἀντὶ
2930 2736 3101 2806 ὅρμου
3149 2731 3418 2800 λέγωμεν,
3466 2727 3572 2798 τὴν
3622 2729 3679 2779 ἐν

2087 2831 2253 2902 ὀλίγῳ
2288 2831 2382 2884 τοῦ
2413 2831 2689 2901 σχήματος
2709 2827 3000 2899 ὁμοιότητα
3029 2823 3116 2877 διὰ
3142 2821 3241 2891 τῆς
3271 2816 3533 2888 τοιαύτης
3562 2834 3680 2885 φω-

2089 2921 2188 2992 νῆς
2218 2918 2625 2990 ὲνδεικνύμεθα.
2665 2915 2845 2972 Πολλὰ
2877 2915 3055 2969 τοίνυν
3095 2914 3175 2975 είς
3200 2908 3453 2980 ἐγκώμια
3489 2923 3681 2960 συντε-

2089 3012 2285 3067 λοῦντα
2314 3012 2415 3084 τὴν
2443 3010 2682 3083 νύμφην,
2707 3012 2742 3081 ή
2765 3011 2901 3081 πρὸς
2930 3008 3056 3070 τοὺς
3079 3003 3380 3077 ὁρμίσκους
3410 2999 3681 3071 ὁμοιότης

2090 3103 2184 3158 τοῦ
2223 3103 2498 3177 τραχήλου
2532 3101 2895 3156 ὲνδείκνιδταιο
2932 3098 3144 3170 πρῶτον
3170 3096 3286 3167 μὲν
3333 3094 3417 3147 ὅτι
3448 3094 3536 3155 εἰς
3582 3090 3680 3143 κύ-

2092 3195 2220 3251 κλου
2247 3196 2429 3267 σχῆμα
2468 3194 2736 3265 κάμπτων
2762 3194 2791 3246 ὁ
2822 3189 3001 3254 πῶλος
3026 3189 3117 3242 τὸν
3150 3186 3373 3257 αὐχένα,
3409 3182 3553 3253 πρὸς
3580 3182 3681 3243 τὰς

2094 3288 2230 3353 ίδίας
2252 3288 2361 3342 τῶν
2389 3286 2565 3342 ποδῶν
2603 3284 2788 3356 βάσεις
2832 3284 2963 3356 ὁρᾷς
2996 3281 3063 3334 δι’
3114 3274 3189 3333 ὧν
3228 3274 3591 3347 ἀπρόποπὸν
3618 3291 3675 3326 τε

2091 3381 2185 3435 καὶ
2213 3379 2432 3450 ἀσφαλῆ
2464 3380 2694 3432 ποιεῖται
2715 3375 2804 3430 τὸν
2829 3375 3046 3447 δρόμον,
3077 3373 3213 3444 μήτε
3237 3369 3314 3441 τῷ
3347 3367 3487 3438 λίθῳ
3515 3383 3676 3438 προσ-

2091 3469 2322 3533 πταίων,
2367 3470 2504 3540 μήτε
2534 3466 2884 3539 κενεμϐατῶν
2929 3463 3007 3536 τῷ
3042 3463 3238 3534 βόθρῳ.
3290 3460 3467 3515 Τοῦτο
3508 3459 3569 3513 δὲ
3615 3460 3670 3512 οὐ

2093 3561 2287 3633 μικρόν
2321 3563 2469 3635 ἐστιν
2500 3561 2581 3624 είς
2623 3557 2896 3628 εὐφημίαν
2926 3556 3129 3627 ψυχῆς,
3158 3553 3217 3608 τὸ
3240 3595 3254 3616 .
3290 3552 3430 3624 πρὸς
3472 3550 3671 3621 ἑαυτὴν

2092 3650 2329 3723 βλέπειν.
2358 3651 2453 3715 καὶ
2474 3649 2541 3703 δι’
2565 3649 2865 3720 ἀσφαλείας
2893 3648 3075 3719 πάσης
3105 3646 3240 3716 πρὸς
3263 3644 3355 3697 τὸν
3387 3643 3541 3698 θεῖον
3564 3644 3674 3715 δρό-

2092 3759 2192 3814 μον
2244 3740 2589 3812 ἐπείγεσθαι,
2644 3739 2822 3794 πάντα
2874 3737 2945 3792 τά
3001 3738 3066 3792 ὲκ
3131 3735 3459 3806 πειρασμῶν
3514 3752 3673 3789 τινων

2089 3834 2413 3904 ἐγγινόμενα
2443 3832 2578 3904 πρὸς
2623 3831 2713 3886 τὸν
2764 3829 2962 3901 δρόμον
3013 3828 3263 3900 ἐμπόδια,
3311 3826 3674 3897 διαλλομένην

2088 3926 2181 3979 καὶ
2205 3923 2655 3997 ὐ⁴περϐαίνουσαν.
2698 3921 2924 3976 Ἔπειτα
2949 3921 3005 3975 δὲ
3053 3920 3147 3973 καὶ
3185 3919 3319 3973 αὐτὸ
3354 3918 3419 3971 τὸ
3453 3919 3674 3989 πρωτό-

2086 4034 2255 4073 τυπον
2284 4017 2393 4071 τῶν
2427 4017 2613 4089 ὅρμων
2636 4015 2828 4084 ὄνομα,
2857 4012 2978 4067 ὅθεν
2997 4011 3090 4066 διὰ
3115 4010 3214 4083 τὴν
3248 4007 3343 4063 τοῦ
3390 4012 3674 4080 σχήματος

2087 4108 2399 4180 ὁμοιότητα,
2427 4110 2455 4162 ὁ
2481 4106 2859 4180 περιδεξῤῥαιος
2890 4105 3113 4175 κόσμιος
3158 4102 3425 4173 ὁρμίσκος
3458 4102 3674 4173 ὠνόμα-

2090 4219 2232 4266 σται,
2266 4199 2518 4272 μεγάλων
2556 4199 2718 4254 τινῶν
2746 4198 3038 4269 ἐγκωμίων
3067 4194 3374 4268 ὑπερϐολὴν
3398 4197 3670 4267 περιέχει,

2084 4294 2214 4348 ὅταν
2245 4291 2504 4364 ὡμοιώθη
2535 4294 2647 4355 τοῖς
2674 4291 2863 4363 ὅρμοις
2894 4291 2924 4343 ὁ
2963 4288 3252 4360 τράχηλος.
3287 4287 3428 4342 Τίνα
3455 4288 3518 4341 δέ
3562 4292 3672 4341 ἐστι

2088 4380 2157 4433 τὰ
2187 4378 2437 4450 ἐγκώμια
2475 4379 2545 4433 τὰ
2570 4378 2662 4433 διὰ
2689 4378 2893 4432 τούτων
2939 4379 3070 4449 ἡμῖν
3113 4377 3218 4430 ὑπὸ
3247 4376 3343 4429 τοῦ
3384 4376 3552 4446 λόγου
3580 4378 3669 4447 δή·

2082 4471 2323 4542 Δλούμενα
2348 4487 2363 4537 ;
2403 4469 2528 4523 Ἠδύ
2559 4488 2610 4523 τι
2631 4470 2724 4524 καὶ
2755 4469 3020 4541 σωτήριόν
3052 4470 3167 4522 ἐστι
3196 4470 3309 4533 τοῖς
3334 4470 3676 4523 καταπλέου-

2090 4580 2174 4615 σιν
2210 4565 2238 4616 ὁ
2281 4561 2467 4631 λιμὴν,
2506 4560 2600 4614 καὶ
2628 4560 2688 4614 τὸ
2729 4560 2866 4631 μετὰ
2904 4559 3004 4631 τὴν
3045 4561 3103 4613 ὲν
3131 4559 3379 4632 θαλάσσῃ
3422 4561 3674 4615 κακοπά-

2091 4654 2270 4717 θειαν,
2323 4653 2492 4725 ὅρμον
2545 4651 2670 4706 τινὰ
2718 4651 3046 4707 καταλαϐεῖν
3103 4651 3453 4719 εὐδιάζοντα,
3514 4656 3577 4707 ἐν
3632 4646 3673 4719 ᾧ

2089 4746 2256 4818 λήθην
2291 4746 2649 4817 ποιησάμενοι
2689 4743 2797 4798 τῶν
2823 4745 2881 4796 ὲν
2922 4743 3163 4817 θαλάσσῃ
3190 4744 3399 4811 κακῶν,
3421 4746 3541 4800 ὅλοι
3575 4747 3673 4815 τῆς

2084 4835 2444 4900 ἀναπαύσεως
2506 4820 2797 4904 γίνονται,
2845 4837 2972 4900 τοὺς
3046 4836 3291 4908 μακροὺς
3354 4837 3560 4901 πόνους
3609 4836 3673 4889 δι’

2088 4928 2318 5000 ἡσυχίαν
2357 4928 2871 5001 παραμυθούμενοι,
2917 4928 3017 4982 οὐκ
3059 4927 3206 4981 ἔστιν
3248 4929 3435 4992 αὐτοῖς
3487 4929 3671 4983 οὐκέτι

2085 5020 2346 5089 ναυαγίου
2397 5020 2586 5089 φόϐος,
2629 5018 2752 5075 οὐτε
2798 5023 2830 5090 ή
2874 5019 2983 5074 τῶν
3030 5020 3247 5090 ύφάλων
3275 5020 3668 5087 ὐπόνοια,ούτε

2091 5112 2364 5184 πειρατῶν
2384 5112 2648 5178 κίνδυνος,
2675 5111 2798 5167 οὐτε
2841 5113 3166 5183 πνευμάτων
3192 5112 3432 5184 ταραχὴ,
3473 5112 3600 5168 οὐτε
3637 5112 3667 5181 ἡ

2092 5208 2157 5259 ἐκ
2207 5204 2385 5276 βυθῶν
2416 5204 2791 5259 ἁνοιδαίνουσα
2836 5202 2927 5258 διὰ
2974 5203 3083 5257 τῶν
3115 5204 3335 5274 ἀνέμων
3382 5203 3666 5259 θάλασσα’

2092 5296 2229 5351 ἀλλὰ
2269 5297 2485 5351 πάντων
2529 5298 2637 5351 τῶν
2667 5296 2922 5351 τοιούτων
2961 5295 3223 5352 κινδύνων
3245 5297 3405 5362 ἐκτὸς
3430 5297 3665 5367 γίνονται

2080 5390 2141 5456 ⁵οἱ
2167 5390 2573 5461 χειμαζόμενοι,
2601 5389 2695 5444 τοῦ
2727 5389 2992 5459 πελάγους
3032 5390 3091 5443 ὲν
3121 5389 3200 5460 τῷ
3227 5390 3385 5461 ὅρμῳ
3410 5388 3667 5461 γαληνιά·

2093 5480 2297 5546 ζοντος.
2350 5482 2414 5539 El
2440 5481 2619 5536 τοίνυν
2647 5481 2788 5536 οὕτω
2816 5499 2901 5546 τις
2929 5482 3027 5554 τὴν
3060 5480 3254 5536 ἑαυτοῦ
3282 5481 3464 5553 ψυχὴν
3498 5496 3664 5535 κατα-

2093 5574 2362 5645 στήσειεν,
2400 5574 2478 5638 ὡς
2513 5575 2682 5646 αὐτήν
2708 5592 2767 5628 τε
2809 5575 3049 5645 γαλήνην
3079 5573 3223 5645 ἔχειν
3254 5575 3313 5627 ἐν
3338 5573 3578 5644 ἀκύμονι
3601 5572 3664 5640 τῇ

2091 5665 2323 5738 ἡσυχίᾳ.
2371 5666 2537 5738 μηδὲν
2573 5666 3049 5740 παρακινουμένην
3093 5667 3157 5719 ἐκ
3197 5664 3306 5721 τῶν
3345 5663 3663 5735 πνευμάτων
