3752 5984
114 185 198 241 ὃΠ

1107 188 1170 246 ΙΝ
1211 193 1510 251 (MNT-10A
1559 192 1828 252 CANTlE.
1878 194 2161 251 ηυιιιιιΑ
2193 194 2280 250 Ill.

3218 188 3320 248 Hi

116 304 202 374 τῆς
226 300 483 372 πονηρίας,
517 302 651 373 μήτε
678 302 746 356 δι’
774 302 1148 376 ὑπερηφανίας
1168 309 1523 376 οἰδαίνουσαν,
1555 312 1649 382 μή·

1780 288 1871 383 ιιιιῖ
1898 313 2004 366 ulla
2039 313 2142 366 alta
2179 311 2445 366 undarum
2478 309 2647 364 animi
2683 310 3103 379 perturbatione,
3148 310 3325 363 ullove

116 411 168 446 τε
192 395 290 456 τοῖς
315 390 404 444 τοῦ
437 390 606 461 θυμοῦ
640 391 878 463 κύμασιν
916 395 1330 468 ὲξαφρίζουσαν,
1368 402 1508 471 μήτε
1537 403 1654 453 κατ’

115 484 228 537 ἀλλο
253 499 299 535 τι
341 482 498 545 πάθος
546 481 1047 555 κλυδωνιζομένην,
1090 489 1185 541 καὶ
1222 492 1657 563 περιφερομένην

116 574 258 628 παντὶ
281 574 476 644 ἀνέμῳ,
497 572 576 644 τῷ
601 572 670 627 τὰ
699 576 918 630 ποικίλα
946 576 1164 648 κύματα
1187 579 1296 635 τῶν
1321 581 1658 652 παθημάτων

116 663 384 733 ὲγείροντν
412 663 459 714 εί
491 664 667 716 τοίνυν
697 665 835 736 αὐτή
857 683 916 718 τε
938 666 1112 730 οὕτως
1138 668 1272 738 ἔχοι,
1323 669 1416 722 καὶ⁵
1447 671 1572 733 τοὺς
1600 672 1659 726 ὲν

111 752 178 821 τῷ
211 751 424 818 πελάγει
449 749 541 803 τοῦ
572 750 688 821 βίου
722 753 1150 826 χειμαζομένους
1199 759 1257 809 ὲν
1304 760 1426 822 ταῖς
1465 774 1658 813 παντο-

110 846 273 899 δαπῶν
303 845 407 899 τῶν
443 846 627 900 κακῶν
653 849 972 920 τρικυμίαις
997 853 1054 905 ἐν
1085 853 1252 924 ἑαυτῇ
1286 853 1656 919 καταστέλλοι,

108 936 214 989 λίαν
231 937 403 1000 αὐτοῖς
432 937 524 990 καὶ
572 937 884 1009 ἀκύμαντον
916 943 1016 1013 τὴν
1041 943 1107 997 δι’
1134 945 1334 1017 ἀρετῆς
1388 947 1531 1022 ζωὴν
1561 951 1662 1018 ὑφ-

108 1027 402 1092 απλώσασα,
427 1026 566 1081 ὥστε
594 1034 718 1094 τοὺς
750 1031 808 1084 ὲν
840 1033 976 1104 αὐτῇ
1007 1036 1298 1103 γεγονότας
1324 1038 1479 1103 ἐκτὸς
1511 1040 1659 1107 γίνε-

108 1119 217 1172 σθαι
249 1120 351 1171 τῶν
394 1122 457 1173 ἐκ
495 1122 756 1191 ναυαγίου
798 1124 1013 1191 κακῶν,
1061 1127 1240 1192 καλῶς
1281 1132 1393 1192 τοῖς
1421 1131 1526 1184 ὑπὸ
1565 1130 1659 1185 τοῦ

107 1210 260 1277 Λόγου
291 1210 697 1280 ἐπαινουμένοις
729 1213 1015 1285 όρμίσκοις
1053 1217 1354 1287 ὁμοιοῦται,
1395 1222 1496 1292 τῆς
1523 1221 1663 1292 πλη-

104 1302 337 1374 θυντικῆς
376 1304 649 1375 σημασίας
703 1306 802 1377 τὴν
833 1308 892 1360 ἐν
923 1308 1139 1378 ἑκάστῳ
1167 1309 1298 1364 εῖδει
1335 1314 1434 1383 τῆς
1461 1312 1662 1383 ἀρετῆς

104 1393 393 1463 τελειότητα
413 1395 805 1466 σημαινούσης.
849 1396 914 1450 Ei
937 1397 1045 1470 γὰρ
1067 1393 1136 1470 ἦν
1163 1400 1243 1453 ἐνὶ
1270 1401 1414 1472 μόνῳ
1444 1419 1663 1474 προσει-

104 1480 329 1552 κασμένη
352 1484 618 1556 όρμίσκῳ,
659 1486 856 1557 ἀτελὴς
900 1487 966 1542 ἂν
1014 1489 1232 1554 πάντως
1260 1491 1290 1543 6
1319 1490 1538 1556 ἔπαινος
1571 1487 1660 1562 ἦν,

103 1570 169 1634 ὡς
189 1571 245 1623 οὐ
262 1571 356 1641 τὴν
373 1574 542 1640 αὐτὴν
562 1578 655 1627 καὶ
673 1577 890 1631 ἐπὶτῶν
911 1577 1111 1635 λοιπῶν
1123 1581 1333 1651 ἀρετῶν
1356 1583 1663 1654 μαρτυρίαν

1759 413 1919 460 vento
1962 403 2092 468 lata,
2133 402 2226 471 qui
2276 402 2479 457 mullos
2523 402 2723 456 excitat
2756 400 2954 456 ﬂuctus
2989 403 3156 455 animi
3189 402 3324 456 affet

1757 507 1943 551 ctuum
1979 512 1992 548 :
2041 494 2088 550 si
2117 507 2248 563 ergo
2292 492 2409 563 ipsa
2445 493 2516 546 ita
2548 509 2609 548 se
2645 492 2864 558 habeat,
2907 502 2963 547 et
3008 509 3103 548 eos
3140 490 3233 564 qui
3270 495 3325 547 in

1760 587 1896 641 mari
1926 585 2051 641 vitae
2099 591 2420 653 tempestate
2462 584 2736 654 agitantur
2788 587 2840 637 in
2899 584 3127 639 summis
3168 600 3329 639 omne

1758 692 1931 747 genus
1963 675 2245 731 malorum
2279 674 2537 730 ﬂuctibus
2571 675 2726 744 apud
2745 691 2805 730 se
2831 675 2885 729 in
2916 675 3210 745 tranquillo
3242 691 3324 730 το-

1761 769 1957 834 tineat,
1984 768 2066 823 eis
2095 767 2322 837 planam
2345 775 2399 821 et
2438 768 2602 821 nullis
2645 767 2902 837 procellis
2943 768 3202 837 agitatam
3236 783 3330 837 per

1761 862 2020 915 virtutem
2053 859 2338 929 explicans
2376 859 2541 911 vitam
2581 876 2595 910 :
2640 858 2777 914 adeo
2810 865 2870 913 ut
2907 860 3001 928 qui
3029 859 3081 912 in
3107 873 3169 913 ea
3213 857 3331 913 fue-

1762 953 1872 1006 rint
1904 950 2014 1006 sint
2039 958 2195 1005 extra
2220 949 2403 1004 omnia
2436 950 2575 1002 mala
2608 949 2900 1020 naufragii,
2937 958 3083 1005 recte
3113 965 3142 1003 a
3174 949 3328 1004 Scri-

1761 1054 1921 1115 ptura
1954 1040 2292 1098 assimilatur
2325 1040 2629 1110 ὁρμίσκοις,
2662 1040 2717 1094 id
2747 1048 2852 1105 est,
2878 1042 3184 1111 torquibus,
3211 1057 3333 1111 quae

1760 1134 2061 1191 efferuntur
2087 1146 2311 1187 numero
2350 1132 2570 1202 plurali,
2599 1147 2733 1187 voce
2778 1131 3119 1202 signiﬁcante
3156 1131 3333 1201 perfe-

1761 1225 2002 1279 ctionem
2029 1223 2085 1278 in
2118 1236 2448 1294 unaquaque
2480 1222 2699 1278 virtute.
2731 1220 2788 1278 Si
2819 1222 2966 1278 enim
2994 1222 3087 1276 uni
3115 1222 3214 1278 soli
3240 1238 3332 1277 as-

1763 1316 2000 1370 similata
2045 1316 2224 1385 torqui
2269 1321 2438 1376 esset,
2488 1314 2608 1369 laus
2644 1314 2867 1369 omnino
2912 1322 3059 1370 esset
3101 1314 3331 1380 inutilis,

1762 1405 1908 1475 quod
1932 1420 2040 1458 non
2072 1403 2210 1459 idem
2242 1403 2466 1458 haberet
2494 1402 2869 1459 testimonium
2901 1401 2956 1456 in
2980 1401 3195 1457 caeteris
3220 1402 3333 1456 vir-

1765 1496 2016 1552 tutibus:
2054 1508 2199 1550 nunc
2242 1504 2424 1550 autem
2465 1495 2714 1549 oratione
2746 1493 3131 1563 complectitur
3174 1507 3336 1547 omne

1763 1580 2026 1634 virtutum
2073 1578 2473 1642 testimonium,
2514 1593 2636 1649 quae
2682 1578 2739 1632 lit
2768 1578 3048 1645 torquium
3083 1576 3335 1631 multitu-

103 1658 223 1730 ἔχων
244 1680 258 1695 ι
291 1661 383 1715 νῦν
405 1663 459 1716 δὲ
483 1666 661 1719 πᾶσαν
680 1666 1042 1739 συλλαμϐάνει
1064 1671 1141 1743 τῷ
1157 1671 1300 1742 λόγῳ
1322 1675 1431 1726 τῶν
1449 1674 1649 1746 ἀρετῶν

1780 1669 2260 1726 lini‘assimilatio.
2296 1669 2390 1725 Est
2417 1669 2768 1740 hoc~quoque
2798 1669 3112 1733 consilium,
3131 1666 3276 1738 quod
3304 1682 3333 1720 a

101 1752 195 1821 τὴν
204 1754 497 1824 μαρτυρίαν
536 1758 572 1827 ἠ
590 1756 724 1828 πρὸς
744 1758 805 1810 τὸ
826 1759 1026 1831 πλῆθος
1045 1761 1154 1816 τῶν
1174 1762 1449 1834 ὁρμίσκων
1464 1764 1662 1835 ὁμοίω-

105 1858 196 1905 σις.
228 1844 329 1896 Καὶ
352 1844 510 1899 τοῦτο
534 1848 809 1921 συμϐουλή
834 1851 918 1914 τίς
948 1852 1065 1906 ἐστι
1092 1854 1244 1926 παρά
1268 1855 1363 1909 τοῦ
1386 1855 1559 1925 Λόγου
1584 1855 1660 1927 τῷ

102 1931 250 2002 κοινῷ
270 1934 367 2005 τῆς
398 1936 726 2008 Ἐκκλησίας
762 1944 1168 2015 προσαγομένη,
1193 1946 1254 1999 τὸ
1279 1945 1354 2018 μὴ
1379 1946 1495 2000 δεῖν·
1514 1948 1660 2018 ἡμᾶς.

105 2022 225 2111 πρὸς
251 2024 307 2077 ἓν
329 2043 378 2079 τι
415 2028 531 2082 τῶν
563 2029 781 2099 ἀγαθῶν
823 2032 1139 2103 βλέποντας,
1185 2037 1405 2108 ἀμελῶς
1439 2040 1568 2111 περὶ
1592 2040 1661 2095 τά

103 2110 249 2169 λοιπά
272 2119 374 2171 τῶν
402 2120 853 2192 κατορθωμάτων
868 2125 1032 2195 ἔχειν.
1067 2126 1205 2180 Ἀλλ’
1240 2127 1295 2181 εί
1325 2145 1413 2182 σοι
1443 2110 1665 2199 γέγονεν

102 2205 310 2278 δρμοςή
348 2211 696 2286 σωφροσύνη,
746 2216 1001 2288 καθάπερ
1036 2218 1151 2272 τισὶ
1193 2220 1560 2291 μαργαρίταις
1588 2220 1666 2291 τῷ

103 2296 308 2369 καθαρῷ
331 2300 428 2372 βίῳ
457 2302 553 2355 τὸν
578 2305 846 2375 τράχηλον
878 2307 1212 2379 λαμπρύνων
1239 2328 1253 2341 ⁸
1277 2310 1419 2364 ἔστω
1460 2311 1543 2363 σοὶ
1573 2311 1668 2364 καὶ

104 2384 269 2457 ἕτερος
294 2389 480 2461 ὅρμος,
522 2395 551 2445 6
583 2396 706 2458 τοὺς
747 2397 964 2466 τιμίους
992 2397 1174 2462 λίθους
1199 2399 1309 2454 τῶν
1349 2401 1581 2455 ἐντολῶν
1607 2403 1667 2455 ὲν

104 2475 264 2564 ἑαυτῷ
292 2482 658 2553 περιείργων,
693 2485 786 2538 καὶ
817 2486 884 2539 δι’
918 2488 1112 2541 ἑαυτοῦ
1146 2490 1243 2560 τῆς
1281 2492 1479 2564 δέρρης
1506 2492 1665 2546 πλεο-

104 2560 263 2624 νάζων
291 2565 348 2617 τὸ
377 2568 577 2630 κάλλος
596 2586 610 2600 ·
664 2569 804 2625 ἔστω
841 2573 923 2627 σοὶ
954 2576 1243 2642 καὶδᾶλλος
1276 2560 1477 2651 κόσμος
1505 2598 1664 2653 πλερι⁴

104 2652 349 2725 αυχένιος,
375 2658 406 2728 ἡ
428 2660 661 2732 εὐσεϐής
687 2679 746 2715 τε
770 2665 864 2717 καὶ
887 2667 1203 2735 ὑγιαίνουσα
1237 2669 1441 2735 πίστις,
1482 2652 1665 2741 κύκλῳ

104 2741 185 2796 τὸν
223 2746 314 2817 τῆς
347 2748 529 2822 ψυχῆς
569 2754 773 2824 αὐχένα
799 2756 1260 2829 διαλαμϐάνουσα.
1322 2758 1490 2827 Οὗτός
1517 2767 1665 2821 ἐστιν

104 2833 129 2884 ὀ
149 2833 309 2901 κλοιὸς
337 2841 612 2913 όχρύσεος
641 2846 668 2896 6
694 2847 759 2898 ἐκ
786 2847 880 2900 τοῦ
913 2850 1191 2922 ἀκηράτου
1218 2855 1318 2924 τῆς
1338 2853 1665 2924 θεογνωσίας

1763 1760 1948 1819 Verbo
1986 1763 2262 1833 prabetur
2306 1762 2404 1816 toti
2449 1760 2727 1827 Ecclesiae,
2789 1777 2898 1816 non
2933 1767 3188 1830 oportere
3234 1775 3336 1814 nos

1763 1851 1828 1906 ad
1853 1867 2020 1906 unum
2039 1851 2257 1922 aliquod
2280 1852 2481 1906 bonum
2504 1850 2855 1921 aspicientes,
2875 1851 2929 1905 in
2951 1848 3166 1904 caeteris
3187 1858 3337 1905 recte

1765 1942 1926 1998 factis
1960 1957 2085 1998 esse
2106 1942 2461 2013 negligentes.
2527 1939 2632 1996 Sed
2661 1941 2707 1996 si
2738 1941 2811 1995 sit
2844 1941 2939 1996 tibi
2972 1940 3174 1996 monile
3201 1949 3335 1996 tem-

1763 2033 2043 2104 perantia,
2075 2033 2243 2088 veluti
2285 2032 2616 2102 quibusdam
2658 2033 3000 2101 margaritis,
3050 2046 3184 2102 pura
3226 2030 3336 2086 vita

1761 2126 1815 2180 in
1836 2125 1979 2180 collo
2011 2122 2366 2194 resplendens
2398 2141 2412 2178 :
2463 2124 2535 2179 sit
2567 2123 2666 2177 tibi
2721 2123 2869 2178 aliud
2903 2124 3134 2189 monile,
3186 2125 3332 2194 quod

1763 2216 2038 2287 pretiosas
2060 2229 2313 2284 gemmas
2340 2222 2738 2285 praeceptorum
2768 2214 2820 2268 in
2859 2230 2919 2272 se
2950 2215 3250 2279 contineat,
3281 2227 3338 2269 et

1764 2323 1953 2378 per'se
1984 2307 2038 2361 in
2069 2305 2286 2361 cervice
2311 2305 2589 2376 copiosam
2632 2306 2940 2376 suppeditet
2977 2306 3339 2377 pulchritudi-

1767 2413 1913 2454 nem.
1949 2396 2030 2451 Sit
2060 2382 2347 2451 etiauttibi
2374 2395 2523 2451 aliud
2548 2396 2673 2451 colli
2700 2407 3106 2464 ornamentum,
3145 2412 3340 2467 nempe

1767 2490 1975 2559 pietas,
2019 2496 2281 2558 rectaque
2307 2495 2362 2542 et
2395 2501 2529 2543 sana
2564 2488 2726 2554 lides,
2774 2489 2829 2542 in
2879 2489 3066 2544 orbem
3100 2489 3336 2543 circum-

1768 2582 1915 2636 dans.
1932 2580 2132 2659 collum
2159 2579 2372 2634 animae.
2417 2577 2530 2632 lloc
2572 2588 2657 2634 est
2682 2578 3161 2659 collare‘aureum,
3192 2580 3338 2649 quod

1766 2689 1831 2729 ex
1861 2654 2082 2729 sincero
2115 2686 2255 2727 auro
2281 2670 2372 2726 Dei
2400 2670 2732 2742 cognitionis
2758 2646 2917 2726 circa‘
2935 2672 3136 2727 collum
3171 2670 3338 2726 reful-

1767 2772 1858 2836 get
1888 2782 1904 2819 :
1949 2764 2016 2819 de
2037 2777 2145 2834 quo
2172 2762 2305 2818 dicit
2337 2761 2706 2832 proverbium,
2736 2760 3006 2817 Coronam
3037 2762 3339 2832 gratiarum

1773 2854 1999 2925 accipies
2027 2863 2117 2911 tuo
2150 2852 2335 2923 capiti.
2363 2861 2411 2906 et
2443 2859 2650 2922 torques
2685 2866 2873 2907 aureos
2900 2851 3038 2906 collo
3068 2862 3158 2905 tuo
3175 2850 3246 2906 ".

105 2927 310 3018 χρυσίου
330 2931 414 3000 ’τῷ
436 2934 696 3005 τραχήλῳ
719 2937 1193 3011 περιλαμπόμενος
1217 2959 1230 2972 ·
1268 2945 1396 3014 περὶ
1418 2939 1479 3000 οὗ
1501 2961 1667 3018 φησιν
1704 2944 1738 3014 ἡ
1786 2945 2084 3016 παροιμία⁶
2131 2945 2212 2999 ὅτι
2279 2941 2588 3012 Στέφανον
2627 2942 2885 3010 χαρίτων
2911 2941 3056 3012 δέξῃ
3092 2939 3180 3011 σῇ
3240 2956 3342 2996 κ⁰·’

98 3017 271 3088 ρι’φῇ,
306 3023 402 3076 καί
427 3025 642 3080 κλοιόν
670 3031 934 3097 χρύσεον
959 3032 1094 3102 περὶ
1115 3032 1197 3100 τῷ
1223 3035 1520 3105 τραχήλῳ.

165 3113 223 3166 Ἠ
240 3116 335 3183 μὲν
354 3114 444 3171 οὖν
459 3119 553 3173 διὰ
568 3120 674 3173 τῶν
690 3122 971 3193 όρμίσκων
989 3127 1264 3201 συμϐουλὴ
1284 3129 1528 3203 τοιαύτη.
1550 3130 1649 3185 Kac

1848 3129 2026 3197 Atque
2072 3133 2158 3181 est
2206 3122 2423 3195 quidem
2457 3119 2726 3193 ejusmodi
2765 3120 3053 3176 consilium
3090 3135 3186 3191 per
3227 3128 3343 3175 tor-

108 3201 189 3294 ρος
209 3205 270 3258 ἂν
297 3208 379 3279 εἴη
399 3211 497 3263 καὶ
511 3211 602 3264 τὸν
626 3213 822 3286 ἐφεξῆς
838 3216 993 3284 λόγον
1017 3219 1331 3289 προσθεῖναι
1351 3224 1414 3293 τῇ
1437 3201 1666 3294 θεωρίᾳ,

104 3291 156 3343 ὃν
179 3294 222 3347 οί
240 3295 378 3363 φίλοι
406 3298 495 3352 τοῦ
522 3303 752 3371 νυμφίου
774 3304 907 3376 πρὸς
929 3306 1027 3379 τὴν
1045 3309 1311 3382 παρθένον
1326 3291 1664 3382 πεποίηνται.

108 3383 252 3439 Ἐστι
266 3387 320 3441 δὲ
343 3393 374 3459 ἡ
392 3391 538 3456 λέξις
559 3391 696 3464 αὕτη
714 3412 727 3425 ο
754 3395 1107 3468 Ὀμοιώματα
1128 3403 1385 3469 χρυσίου
1406 3403 1670 3473 ποιήσω-

97 3476 203 3543 μέν
215 3492 310 3531 σοι
329 3480 476 3543 μετὰ
500 3484 839 3553 στιγμάτων
864 3488 967 3542 τοῦ
993 3491 1255 3562 ἀργύρου
1271 3510 1284 3524 ’
1311 3493 1423 3560 ἕως
1446 3497 1478 3548 ὁ
1495 3495 1671 3558 βασι-

101 3564 322 3632 λεὺςὲν
348 3571 673 3627 ἀνακλίσει
697 3577 904 3633 αὐτοῦ.
933 3579 1148 3634 Τούτων
1172 3583 1250 3645 δὲ,
1284 3583 1362 3654 τῷ
1403 3584 1501 3654 μὲν
1530 3586 1670 3657 πρὸς

102 3657 184 3747 τὸν
199 3660 385 3730 εἱρμὸν
402 3662 655 3733 βλέποντι
672 3669 769 3737 τῆς
786 3671 1254 3742 προαποδοθείσης
1269 3676 1399 3744 ἡμῖν
1416 3673 1667 3747 θεωρίας,

103 3746 238 3802 δοκεῖ
266 3768 381 3815 πως
422 3757 455 3826 ἡ
500 3753 704 3809 διάνοια
736 3752 1103 3831 συνηρτῆσθαι
1137 3763 1233 3816 καὶ
1266 3763 1329 3816 τὸ
1373 3746 1668 3819 ἀκόλουθον

104 3837 251 3908 ἔχειν.
290 3842 353 3896 ἹΙ
377 3844 433 3898 δὲ
462 3845 609 3912 λέξις
637 3848 1014 3918 ὲμϐαθύνουσα
1041 3857 1158 3918 ταῖς
1181 3858 1466 3925 τροπικαῖς
1493 3873 1670 3927 σημα-

106 3928 256 3995 σίαις,
301 3933 741 4006 δυσκατανόητον
781 3942 926 3993 ποιεῖ
955 3941 1019 3993 τὸ
1056 3942 1144 3997 διὰ
1184 3943 1294 3997 τῶν
1331 3946 1669 4015 αἰνιγμάτων

103 4015 438 4092 δηλούμενον.
505 4025 720 4096 Ἐπειδὴ
765 4027 874 4100 γάρ
920 4034 981 4083 τὸ
1019 4031 1119 4101 τῆς
1167 4032 1342 4105 ψυχῆς
1384 4034 1578 4098 κάλλος
1602 4036 1667 4105 τῇ

104 4108 245 4181 ἵππῳ
273 4116 340 4185 τῇ
370 4114 737 4190 καθαιρετικῇ,
757 4119 863 4172 τῶν
898 4122 1209 4190 Αἰγυπτίων
1262 4127 1520 4197 ἁρμάτων
1563 4128 1670 4196 ἀφ-

101 4200 369 4292 ωμοιώθη,
397 4206 647 4260 τουτέστι
675 4212 742 4280 τῇ
764 4210 1031 4285 ἀγγελικῇ
1061 4218 1287 4287 στρατιᾷ
1306 4234 1319 4246 ·
1345 4219 1407 4286 τῇ
1436 4218 1494 4273 δὲ
1520 4218 1671 4292 ἵππῳ

100 4290 277 4365 ἐκείνῃ
308 4296 530 4365 φησὶνό
556 4298 715 4362 καλὸς
740 4300 1023 4374 ἐπιϐάτης,
1047 4305 1261 4375 χαλινὸν
1288 4308 1385 4378 μὲν
1410 4303 1547 4364 εἶναι
1571 4290 1671 4383 τὴν

1775 3234 1932 3289 ques.
1964 3216 2203 3285 Tempus
2246 3220 2332 3271 est
2367 3220 2547 3268 autem
2577 3210 2878 3268 deducendi
2906 3210 2974 3265 ad
3007 3212 3343 3280 contempla-

1762 3292 1973 3364 tionem
2006 3322 2071 3364 ea
2095 3320 2313 3377 quoque
2340 3304 2674 3373 verbaqua:
2712 3302 2873 3356 amici
2910 3302 3096 3371 sponsi
3133 3301 3341 3361 faciunt

1769 3399 1837 3453 ad
1899 3397 2181 3466 virginem.
2227 3393 2325 3451 Est
2379 3402 2561 3448 autem
2618 3392 2930 3461 hujusmodi
2985 3390 3188 3455 dictio,
3250 3391 3345 3446 Si-

1771 3485 2095 3543 militudines
2149 3485 2271 3538 auri
2313 3483 2566 3552 faciemus
2605 3482 2702 3536 tibi
2749 3498 2869 3535 cum
2920 3483 3060 3536 notis
3092 3484 3341 3552 argenti:

1769 3581 1931 3633 donec
1969 3592 2062 3632 rex
2107 3578 2162 3630 in
2201 3574 2444 3630 accubitu
2488 3588 2604 3627 suo.
2660 3571 2860 3626 Eorum
2890 3579 3094 3637 autem,
3134 3573 3184 3628 ei
3216 3574 3345 3642 qui-

1770 3670 1892 3726 dem
1926 3668 2018 3738 qui
2050 3666 2246 3736 aspicit
2294 3663 2360 3717 ad
2408 3662 2603 3718 seriem
2645 3662 2800 3731 prius
2831 3661 2974 3717 datae
3014 3663 3173 3718 nobis
3202 3679 3339 3718 con-

1771 3758 2160 3830 temptatiouis,
2198 3756 2413 3811 videtur
2453 3752 2855 3825 quodammodo
2906 3753 3183 3824 perfectus
3215 3770 3338 3810 esse

1771 3870 1967 3911 sensus
2000 3860 2056 3907 et
2095 3851 2297 3905 habere
2329 3845 2795 3917 consequentiam.
2826 3846 3113 3902 .Dictionis
3164 3860 3342 3900 autem

1771 3954 2062 4001 contextus
2088 3939 2386 4012 profundas
2410 3938 2616 3994 habens
2638 3936 2876 4007 tropicas
2898 3937 3342 4009 signiﬁcationes.

1772 4037 1935 4092 ellicit
1962 4045 2021 4090 ut
2044 4035 2119 4090 sit
2145 4033 2426 4088 intellectu
2449 4029 2686 4093 diﬁicile',
2715 4032 2868 4100 quod
2881 4032 3237 4102 signiﬁcatur.-
3246 4046 3343 4101 per

1771 4128 2081 4195 aenigmata.
2129 4122 2266 4178 Nam
2292 4123 2553 4192 quoniam
2582 4121 2943 4192 pulchritudo
2976 4122 3173 4176 anima;
3209 4122 3346 4176 assi-

1774 4219 1960 4275 milata
1988 4216 2091 4271 fuit
2116 4215 2274 4284 equis
2302 4214 2395 4284 qui
2423 4228 2620 4268 currus
2650 4211 2882 4283 perdunt
2907 4209 3221 4282 Egyptios,
3245 4210 3348 4264 hoc

1773 4317 1860 4366 est
1890 4304 2442 4376 exercituLangelico
2484 4320 2498 4357 ι
2531 4302 2643 4358 illis
2675 4309 2858 4358 autem
2898 4302 3056 4372 equis
3088 4300 3220 4357 dicit
3249 4300 3348 4355 bo-

100 4383 465 4457 καθαρότητα,
503 4389 569 4458 ἦν
597 4388 685 4443 διὰ
712 4391 803 4444 τοῦ
833 4393 1097 4464 ὁμοιῶσαι
1138 4396 1236 4462 τὰς
1266 4399 1518 4468 σιαγόνας
1550 4404 1649 4456 ταὶι

1780 4418 1881 4459 nus
1898 4415 2156 4458 aseensor
2184 4397 2397 4453 frenum
2433 4396 2654 4466 quidem
2685 4410 2809 4450 esse
2834 4394 3153 4464 puritatem,
3178 4408 3342 4463 quam

99 4477 348 4545 τρυγόσιν
382 4480 749 4559 ὲνεσήμαινες
806 4484 1009 4553 κόσμον
1048 4486 1106 4540 δὲ
1140 4490 1519 4560 περιαυχένιον
1545 4493 1649 4546 τοὺι

1780 4492 2102 4564 signiﬁcavit
2126 4504 2227 4560 per
2259 4488 2365 4543 hoc
2385 4462 2887 4556 quod-assimilavit
2912 4500 3082 4556 genas
3120 4462 3349 4540 turturi-

102 4565 371 4631 ποικίλους
396 4569 603 4640 ὅρμους
628 4573 753 4635 τοὺς
788 4573 874 4629 διὰ
909 4575 1016 4629 τῶν
1050 4579 1278 4651 ἀρετῶν-
1300 4582 1673 4653 περιστίλϐου-

97 4672 190 4721 τας
210 4674 224 4688 ’
251 4657 539 4728 βούλονταί
563 4678 685 4716 τινα
712 4666 805 4719 καλ⁸
831 4668 880 4719 οἰ
913 4667 1057 4737 φίλοι
1086 4671 1414 4744 προσθήκην
1438 4673 1517 4745 τῷ
1543 4675 1676 4729 κάλ-

99 4746 176 4799 λει
205 4749 311 4819 τῆς
344 4751 516 4804 ἵππου
568 4756 916 4826 ποιήσασθαι,
970 4760 1028 4827 ἐξ
1066 4764 1426 4832 ὁμοιωμάτων
1450 4767 1674 4837 χρυσίου

99 4841 575 4912 κατακοσμοῦντες
614 4845 685 4900 τά
723 4849 952 4922 φάλερα,
985 4846 1065 4915 οἷς
1110 4854 1410 4920 ὲνστίζουσι
1444 4858 1539 4910 καὶ
1581 4858 1674 4912 τοῦ

99 4932 359 5001 ἀργυρίου
388 4934 495 5005 τὴν
529 4936 904 5013 καθαρότητα,
954 4942 1028 5007 ὡς
1058 4944 1124 4998 ἂν
1162 4946 1369 5016 μᾶλλον.
1386 4949 1678 5019 διαλάμποι

98 5021 158 5074 τὸ
179 5024 303 5078 κάλ)
314 5043 376 5090 ος
414 5029 512 5082 τοῦ
552 5033 1035 5102 προκοσμήματος,
1062 5035 1162 5105 τῆς
1186 5038 1369 5108 αὐγῆς,
1391 5039 1484 5092 τοῦ
1508 5041 1646 5112 ἁργύ
1664 5072 1679 5083 -

101 5128 193 5182 ρου
225 5117 363 5188 πρὸς
401 5121 515 5185 τὴν
545 5120 862 5190 λαμπηδόνα
906 5124 1001 5179 τοῦ
1045 5128 1269 5197 χρυσίου
1311 5134 1677 5203 συγκιρναμέσ

101 5218 211 5273 νης.
279 5205 604 5274 Ἀναγκαῖον
650 5209 695 5261 δ’
734 5210 799 5265 ἂν
838 5212 925 5284 εἴη
963 5214 1062 5280 τὰς
1108 5217 1375 5286 τροπικὰς
1414 5221 1679 5290 ἐμφάσεις

100 5294 523 5362 καταλιπόντας,
544 5298 857 5373 ὼῳελούσης
885 5306 1032 5376 ἡμᾶς
1064 5307 1297 5372 διανοίας
1337 5309 1412 5381 μὴ
1442 5312 1677 5382 ἀποστῆ-

102 5400 189 5440 σαι
221 5384 311 5441 τὸν
340 5387 522 5457 λόγον.
581 5394 961 5470 Ῑιροσεικάσθη
1011 5401 1109 5471 μὲν
1149 5401 1332 5476 ἐκείνῃ
1361 5406 1426 5476 τῇ
1458 5405 1608 5475 ἵππῳ
1642 5407 1673 5475 ἡ

174 5563 206 5593 ³·
237 5563 405 5619 Prov.
455 5581 491 5628 ι,
523 5567 574 5620 8.

1771 4586 1876 4642 bus
1910 4602 1923 4638 :
1965 4589 2215 4637 ornatum
2239 4590 2420 4635 autem
2446 4585 2502 4632 et
2527 4576 2751 4639 collare,
2788 4577 3201 4632 variamouilia-
3226 4594 3347 4647 qua:

1774 4675 2119 4746 resplendent
2166 4688 2263 4742 per
2301 4671 2561 4734 virtutes;
2592 4669 2805 4741 volunt
2846 4670 3009 4723 etiam
3043 4671 3205 4724 amici
3244 4671 3339 4723 ali—

1773 4780 1939 4837 quam
1972 4763 2086 4820 tieri
2120 4760 2492 4818 accessionem
2531 4756 2655 4827 equi
2693 4756 3112 4827 pulchritudini,
3144 4772 3348 4811 ornan-

1775 4866 1858 4912 tes
1874 4855 2125 4926 phaleras
2141 4869 2207 4908 ex
2219 4851 2338 4906 auri
2354 4847 2823 4910 similitudinibus,
2850 4847 3049 4917 quibus
3062 4847 3223 4902 etiam
3241 4846 3342 4900 im-

1780 4945 2024 5015 primunt
2056 4949 2217 4997 notas
2238 4940 2495 5012 puritatis
2520 4938 2752 5010 argenti,
2782 4945 2840 4993 ut
2863 4937 3036 5007 magis
3063 4935 3349 5006 splendeat

1780 5033 2136 5108 pulchritudo
2173 5031 2504 5091 ornamenti.
2538 5030 2747 5101 fulgore
2786 5029 2995 5099 argenti
3029 5035 3346 5096 contempe-

1780 5135 1899 5182 rato
1924 5141 2046 5180 eum
2072 5125 2250 5179 nitore
2278 5124 2422 5184 auri,
2446 5122 2680 5179 Necesse
2705 5128 2884 5176 autem
2912 5118 3096 5184 fuerit,
3121 5119 3346 5189 tropicis

1779 5217 1985 5274 relictis
2034 5214 2547 5286 signiﬁcationibus,
2587 5228 2694 5267 non
2738 5211 3018 5267 dimovere
3043 5211 3346 5264 orationem

1783 5312 1852 5368 ab
1880 5325 1945 5367 eo
1989 5324 2153 5366 sensu
2196 5306 2288 5379 qui
2338 5306 2494 5361 nobis
2528 5306 2724 5376 prosit.
2784 5303 2898 5358 Illis
2943 5302 3160 5373 quidem
3190 5301 3348 5373 equis

1787 5404 1885 5460 fuit
1914 5399 2212 5460 assimilata
2239 5412 2359 5469 qua
2382 5412 2479 5468 per
2504 5397 2734 5453 virtutes
2763 5404 2990 5468 purgata
3015 5394 3116 5450 fuit
3141 5394 3341 5451 anima.
