3742 5986
401 219 502 277 M9

1629 220 1686 275 S.
1714 218 2040 275 GREGORII
2080 217 2370 276 NYSSENI

3547 212 3742 327 εἰδοι

384 330 500 387 Sed
535 327 778 385 nondum
801 338 919 385 erat
947 328 1126 387 Verbo
1157 331 1425 401 subjecta,
1454 348 1635 402 neque
1669 333 1725 388 in
1759 348 1819 390 se
1841 348 1967 405 por-

2180 333 2286 387 τῶν
2313 332 2521 406 ἀρετῶν
2558 332 2939 404 κεκαθαρμένη
2972 328 3140 401 ψυχή.
3201 330 3345 383 Ἀλλ’
3378 328 3539 383 οὔπω
3561 327 3653 381 rei

391 422 530 475 tavit
557 434 706 487 eum,
732 422 826 492 qui
851 429 1070 492 propter
1093 422 1324 478 salutem
1348 424 1649 485 vehebatur
1672 424 1760 483 his
1783 426 1962 496 equis.

392 511 695 585 Oportebat
722 513 868 569 enim
914 515 1150 584 primum
1192 531 1290 585 per
1324 516 1510 571 omnia
1558 526 1812 575 ornatum
1842 532 1967 574 esse

392 619 622 674 equum,
658 612 713 659 et
756 603 953 659 deinde
990 620 1114 660 eum
1149 620 1333 676 regem
1375 612 1651 661 vectorem
1696 607 1960 678 accipere.

391 692 475 744 An
506 698 686 746 autem
710 707 773 746 ex
798 691 907 746 alto
933 708 1132 763 equum
1160 694 1265 750 sibi
1282 695 1677 759 accommodet,
1697 695 1744 752 is
1773 695 1888 766 qui.
1907 703 1967 750 ut

392 782 531 853 dicit
561 780 830 852 Propheta
851 825 865 849 ,
910 799 1075 855 super
1110 800 1209 841 nos
1241 800 1413 857 equos
1441 788 1711 854 ascendit,
1749 793 1804 843 et
1843 803 1969 857 pro-

394 883 515 941 pter
553 883 798 929 nostram
830 877 1059 931 salutem
1095 892 1258 948 super
1292 894 1393 935 nos
1432 880 1661 950 equitat,
1706 895 1774 934 an
1802 880 1966 935 etiam

394 964 467 1018 sit
497 967 548 1019 in
581 966 762 1031 nobis,
792 969 885 1037 qui
913 967 1176 1025 inhabitat
1201 977 1255 1029 et
1278 970 1600 1036 inambulnt,
1617 971 1743 1030 etin
1772 970 1968 1026 anima)

394 1063 601 1129 nostrae
634 1055 900 1126 profunda
928 1068 1189 1129 permeat,
1222 1059 1357 1114 nihil
1381 1060 1549 1116 refert
1574 1061 1719 1132 quod
1751 1061 1819 1116 ad
1845 1076 1970 1118 seu.

396 1159 516 1199 sum
549 1145 762 1200 attinet.
793 1145 895 1201 Cui
923 1147 1069 1202 enim
1096 1155 1182 1205 est
1206 1164 1374 1204 unum
1404 1166 1471 1207 ex
1500 1151 1789 1215 ambobus,
1822 1151 1966 1221 quod

397 1236 666 1306 reliquum
691 1245 776 1293 est
793 1239 956 1294 etiam
987 1255 1047 1296 se
1067 1248 1212 1297 recte
1237 1242 1417 1297 habet.
1447 1241 1581 1296 Nam
1606 1249 1659 1298 et
1680 1244 1771 1314 qui
1798 1242 1965 1299 Deum

397 1343 567 1399 supra
593 1344 654 1384 se
685 1329 872 1396 habet,
899 1332 1127 1388 omnino
1158 1333 1327 1389 etiam
1365 1333 1420 1387 in
1457 1349 1518 1390 se
1543 1334 1704 1389 habet
1734 1353 1746 1389 :
1792 1346 1846 1391 et
1875 1336 1967 1407 qui

398 1418 452 1472 in
482 1432 542 1473 se
562 1424 791 1490 accepit,
816 1423 960 1478 subit
990 1438 1116 1478 eum
1140 1424 1233 1493 qui
1267 1424 1325 1480 in
1352 1425 1535 1495 seipso
1563 1435 1665 1480 est.
1698 1426 1815 1487 Rex
1841 1444 1970 1500 ergo

395 1516 484 1565 est
506 1509 796 1579 quieturus
823 1527 988 1581 super
1017 1514 1166 1575 hunc
1195 1529 1422 1584 equum.
1472 1513 1531 1568 In
1571 1515 1757 1571 divina
1786 1525 1966 1573 autem

396 1608 663 1671 potestate
680 1597 822 1659 i'de'm
846 1612 950 1666 est,
967 1612 1026 1659 ut
1047 1604 1252 1660 dictum
1272 1613 1374 1670 est,
1390 1605 1566 1661 SCSsiO
1584 1613 1638 1661 et
1660 1607 1966 1674 accubitus,

2069 425 2241 494 Λόγου
2272 425 2491 497 γέγονεν
2513 424 2840 496 ὑποχείριος,
2863 423 2983 477 οὐδὲ
3010 422 3312 475 ἐϐἀστασεν
3345 421 3433 489 ἐφ’
3460 418 3654 488 ἑαυτῆς

2068 515 2160 581 τὸν
2176 516 2267 571 ἐπὶ
2285 500 2527 589 σωτηρίᾳ
2540 517 2650 581 τοις
2667 514 2927 579 τοιούτοις
2940 512 3133 584 ὲποχοὺ
3141 528 3301 583 μενον
3314 508 3653 580 ἴπποις.Χρὴ
3740 526 3742 557 ι

2070 606 2178 678 γὰρ
2212 606 2426 679 πρῶτον
2462 606 2550 660 διὰ
2587 607 2804 660 πάντων
2841 602 3327 674 κατακοσμηθῆναι
3347 600 3445 655 τὸν
3468 600 3651 663 ἵππον,

2071 694 2171 751 εἷθ’
2198 697 2371 760 οὕτως
2397 696 2487 750 τὸν
2510 695 2736 766 βασιλέα
2756 695 2950 765 ἔποχον
2980 693 3253 760 δέξασθαι.
3271 689 3405 745 Εἴτε
3432 689 3493 742 δὲ
3515 689 3649 749 ἄνω-

2071 788 2161 843 θεν
2188 787 2363 860 ἐαυτῷ
2382 785 2683 859 ὲφαρμόζοι
2706 787 2796 841 τὸν
2821 787 3003 849 ἵππον,
3025 787 3054 838 6
3086 781 3227 838 κατά
3244 782 3338 836 τὸν
3359 781 3653 852 Προφήτην

2071 877 2361 933 ἐπιϐαίνων
2393 878 2477 947 ἐφ’
2523 878 2669 948 ἡμᾶς
2716 875 2841 938 τοὺς
2873 873 3069 937 ἵππους
3088 911 3103 936 ,
3151 872 3246 925 καὶ
3272 870 3370 923 ἐπὶ
3402 870 3649 939 σωτηρίᾳ

2072 968 2228 1041 ἡμῶν
2252 967 2619 1038 ἱππαζόμενος
2646 982 2660 996 ο
2689 966 2799 1020 εἴτε
2821 966 2915 1018 καὶ
2939 965 2996 1016 ὲν
3018 965 3149 1034 ἡμῖν
3172 962 3405 1031 γένοιτο,
3426 960 3653 1013 ὲνοικῶν

2070 1077 2130 1112 τε
2157 1059 2250 1112 καὶ
2271 1057 2682 1130 ἐμπεριπατῶν,
2703 1056 2794 1109 καὶ
2814 1056 2905 1109 ἐπὶ
2925 1054 2993 1108 τά
3012 1053 3152 1125 βάθη
3167 1052 3266 1123 τῆς
3283 1050 3471 1120 ψυχῆς
3496 1049 3649 1121 ἡμῶν

2071 1149 2434 1220 διαδυόμενος,
2465 1148 2617 1202 οὐδὲν
2642 1146 2888 1218 διαφέρει
2908 1145 3050 1198 κατά
3075 1144 3173 1216 τὴν
3193 1142 3426 1196 ἔννοιαν.
3452 1135 3527 1211 ⁷ῼ
3547 1140 3655 1210 γὰρ

2073 1239 2138 1294 ἂν
2159 1239 2219 1291 τὸ
2257 1238 2315 1291 ἓν
2352 1239 2410 1303 ἐξ
2438 1236 2759 1309 ἀμφοτέρων
2789 1236 3030 1312 γένηται,
3074 1230 3525 1304 συγκατωρθώθη
3566 1232 3657 1283 καὶ

2069 1331 2130 1384 τὸ
2154 1330 2490 1401 λειπόμενον.
2513 1330 2585 1381 Ὅ
2604 1345 2664 1381 τε
2678 1328 2787 1402 γὰρ
2808 1329 2891 1399 ἐφ’
2912 1325 3103 1380 ἑαυτοῦ
3120 1325 3210 1379 τδν
3226 1323 3361 1377 Θεόν
3379 1323 3545 1394 ἔχων,
3563 1326 3656 1375 καὶ

2073 1422 2130 1475 ἐν
2152 1419 2327 1490 ἐαυτῷ
2346 1420 2560 1482 πάντως
2580 1418 2721 1489 ἔχει’
2742 1419 2833 1473 καὶ
2850 1420 2879 1471 6
2895 1420 2951 1472 ὲν
2968 1416 3143 1488 ἑαυτῷ
3159 1415 3457 1487 δεξάμενος
3480 1414 3654 1483 ὑπέϐη

2073 1512 2162 1565 τὸν
2191 1513 2251 1564 ὲν
2284 1512 2432 1584 αὐτῷ
2460 1512 2740 1584 γεγονότα.
2783 1509 2991 1564 Οὐκοῦν
3023 1510 3201 1581 μέλλει
3226 1511 3255 1563 6
3287 1507 3552 1580 βασιλεὺς
3576 1509 3650 1578 τῷ

2076 1604 2181 1657 ἴππ
2198 1624 2226 1675 ρ
2253 1604 2428 1676 τούτῳ
2455 1602 2914 1658 ὲπαναπαύεσθαι.
2950 1602 3156 1665 Ταὺτὸν
3175 1600 3232 1654 δέ
3262 1602 3413 1662 ἐστιν
3437 1600 3534 1653 ἐπὶ
3562 1600 3656 1667 τῆς

399 1692 668 1749 utrumvis
682 1692 826 1749 enim
842 1709 908 1749 ex
923 1695 1188 1751 ambobus
1201 1696 1255 1751 in
1269 1696 1424 1751 nobis
1442 1696 1625 1763 fuerit,
1640 1713 1737 1768 par
1750 1707 1834 1755 est
1850 1716 1973 1771 gra-

2157 1698 2226 1759 Ϊας
2257 1694 2554 1766 δυνάμεως,
2580 1694 2762 1759 καθὼς
2789 1694 3025 1765 είρηται,
3053 1688 3288 1764 καθέδρα
3317 1709 3377 1744 τε
3400 1691 3502 1745 καὶ
3524 1691 3657 1745 ἀνά-

398 1784 492 1843 tia.
514 1783 652 1850 Quia
675 1800 806 1855 ergo
823 1793 1091 1842 stratores
1107 1787 1252 1858 regis
1270 1803 1468 1859 equum
1493 1805 1588 1859 per
1611 1791 1970 1859 praecedentia

397 1883 719 1940 ornamenta
736 1883 923 1946 aptum
945 1877 1151 1933 faciunt
1172 1877 1241 1933 ad
1255 1894 1377 1934 eum
1396 1881 1777 1952 excipiendum
1795 1901 1807 1937 :
1827 1883 1969 1940 idem

397 1973 485 2021 est
512 1972 694 2022 autem
725 1965 895 2022 Deum
927 1967 983 2022 in
1026 1967 1211 2039 aliquo
1237 1984 1383 2035 esse,
1429 1981 1483 2025 et
1507 1987 1631 2028 esse
1671 1988 1837 2043 super
1870 1975 1972 2034 ali-

399 2070 558 2121 quem
581 2075 599 2119 :,
618 2057 808 2113 relicta
830 2060 1221 2130 consequentia
1241 2067 1296 2114 et
1318 2060 1714 2132 signiﬁcatione
1736 2065 1966 2134 tropica,

401 2145 638 2207 ministri
665 2147 756 2216 qui
775 2156 968 2218 parant
988 2163 1213 2219 equum,
1240 2148 1489 2206 iecerunt
1511 2151 1782 2207 lecticam.
1801 2153 1972 2224 Opor-

401 2243 475 2295 tet
518 2236 663 2297 enim
710 2253 842 2304 nos,
901 2239 1098 2310 inquit,
1158 2239 1342 2297 facere
1391 2243 1510 2297 auri
1559 2243 1973 2309 similitudines,

400 2341 522 2384 cum
551 2327 696 2384 notis
719 2329 953 2399 argenti,
991 2345 1113 2401 quae
1149 2331 1275 2402 equi
1321 2331 1550 2387 formam
1587 2333 1870 2389 decorant.
1907 2334 1975 2391 Ut

401 2418 495 2480 sit,
533 2419 731 2492 inquit,
769 2436 862 2484 rex
913 2437 1024 2482 non
1058 2423 1114 2477 in
1160 2422 1442 2489 cathedra,
1473 2423 1568 2478 sed
1612 2424 1666 2489 in
1717 2426 1970 2483 accubitu

402 2521 522 2567 suo.

398 2601 468 2664 τὰ
497 2601 593 2661 τοῦ
628 2603 793 2658 ἵππου
833 2603 929 2675 τὴν
972 2605 1184 2677 μορφὴν
1236 2604 1557 2675 ὠραῖζοντα.
1592 2607 1709 2663 Ἵνα
1752 2606 1973 2677 γένηται
2013 2611 2041 2671 6
2074 2610 2325 2680 βασιλεὺς
2350 2608 2450 2663 οὐκ
2478 2611 2535 2663 ὲν
2564 2608 2817 2688 καθέδρα,
2846 2607 3030 2678 φησὶν,
3069 2605 3181 2661 ἀλλ’
3242 2607 3299 2659 ἐν
3374 2603 3673 2663 ἀνακλίσει

398 2692 585 2749 αὐτοῦ.

485 2790 664 2861 Atque
725 2789 984 2845 dictionis
1035 2789 1255 2860 quidem
1332 2791 1724 2861 consequentia
1758 2831 1773 2855 ,
1835 2792 1977 2848 sicut

399 2880 643 2946 ostendit
672 2877 974 2950 Scriptura,
1009 2881 1114 2936 hoc
1144 2880 1306 2945 modo
1333 2897 1394 2937 se
1420 2883 1581 2938 habet
1599 2900 1621 2951 ;.
1641 2898 1738 2953 par
1763 2892 1849 2939 est
1878 2899 1974 2938 au-

400 2982 510 3031 tem
544 2971 650 3029 hoc
706 2987 815 3033 non
863 2973 1277 3040 praetermittere
1324 2972 1825 3038 inconsideratum,
1873 2989 1974 3027 cur

402 3076 515 3123 non
536 3061 715 3130 ipsum
750 3076 944 3115 aurum
969 3061 1268 3115 assumitur
1296 3060 1364 3114 ad
1399 3069 1654 3115 ornatum
1682 3102 1696 3125 ,
1728 3062 1821 3117 sed
1855 3062 1974 3117 auri

401 3152 833 3220 similitudines;
873 3159 926 3207 ct
956 3168 1064 3215 non
1088 3154 1266 3223 ipsum
1294 3161 1602 3223 argentum,
1631 3153 1727 3210 sed
1755 3171 1877 3225 quae
1908 3172 1977 3211 ex

402 3245 507 3304 hac
545 3243 773 3303 materia
801 3243 1085 3315 impressae
1114 3251 1243 3299 sunt
1278 3252 1420 3299 nota:
1448 3245 1566 3300 auri
1603 3247 1973 3305 similitudini.

402 3333 559 3408 Quod
581 3348 710 3404 ergo
738 3334 810 3389 de
836 3334 919 3391 his
955 3336 1114 3390 nobis
1164 3333 1310 3390 venit
1337 3335 1393 3389 in
1420 3346 1680 3401 mentem,
1709 3347 1795 3393 est
1824 3338 1978 3409 ejus-

406 3425 551 3481 modi
573 3441 590 3491 ξ
615 3423 879 3483 Universa
909 3426 1160 3484 doctrina
1202 3430 1270 3485 de
1320 3428 1580 3484 ineffabili
1604 3440 1799 3485 natura
1826 3470 1840 3495 ,
1872 3431 1975 3487 etsi

404 3519 641 3576 niaxime
689 3520 800 3576 Deo
850 3521 1264 3577 convenientem
1317 3529 1371 3578 et
1411 3522 1684 3577 excelsam
1735 3523 1982 3579 videatur

402 3609 693 3672 ostendere
721 3611 1046 3669 sententiam
1068 3651 1084 3678 ,
1112 3611 1232 3669 auri
1255 3621 1382 3670 sunt
1411 3613 1828 3679 similitudines,
1868 3631 1977 3670 non

405 3707 585 3764 autem
644 3700 823 3771 ipsum
876 3716 1096 3764 aurum.
1158 3701 1277 3757 Non
1324 3711 1500 3774 potest
1551 3704 1695 3759 enim
1752 3703 1868 3760 ﬁeri
1923 3713 1982 3759 ut

405 3789 566 3869 plene
599 3797 652 3844 et
684 3790 925 3860 perfecte
954 3791 1276 3851 ostendatur
1308 3794 1510 3849 bonum
1551 3795 1698 3866 quod
1757 3802 1983 3866 superat.

408 3881 832 3952 intelligentiam
861 3890 914 3938 et
944 3885 1149 3940 mentis
1176 3887 1628 3955 conceptionem:
1660 3886 1875 3945 etiamsi
1911 3889 1983 3945 sit

405 3970 615 4029 Paulus
637 3975 930 4044 quispiam,
956 3975 1052 4045 qui
1083 3977 1139 4031 in
1171 3976 1424 4045 paradiso
1453 3980 1672 4036 areanis
1705 3980 1983 4051 mysteriis

407 4065 511 4128 fuit
541 4065 828 4125 initiatus.
859 4066 1076 4124 etiamsi
1118 4066 1353 4123 audierit
1391 4069 1555 4124 verba
1585 4069 1879 4127 ineﬁ‘abilia
1914 4073 1982 4139 “,

407 4166 632 4212 manent
664 4154 967 4213 ineﬂabiles
993 4158 1060 4214 de
1099 4157 1208 4214 Deo
1237 4159 1629 4230 intelligentiae.
1663 4160 1807 4217 Dicit
1837 4162 1982 4218 enim

2078 1786 2288 1851 κλισις·
2351 1788 2609 1858 ὁπότερον
2649 1786 2759 1858 γὰρ
2804 1787 2871 1840 ἂν
2925 1786 2983 1852 ἐξ
3041 1783 3366 1855 ἀμφοτέρων
3419 1785 3485 1836 ἐν
3529 1785 3658 1853 ἡμῖν

2076 1879 2321 1948 γένηται,
2353 1879 2412 1932 τὸ
2439 1878 2550 1933 ἴσον
2576 1880 2608 1949 ἡ
2637 1878 2795 1951 χάρις
2822 1876 2955 1947 ἔχει.
3009 1874 3221 1945 Ἐπειδὴ
3240 1874 3422 1927 τοίνυν
3450 1876 3503 1926 οἱ
3524 1875 3660 1926 ἑτοι-

2080 1967 2282 2037 ματταὶ
2315 1966 2409 2021 τοῦ
2460 1966 2741 2036 βασιλέως,
2782 1965 2999 2019 εὔθετον
3031 1964 3167 2039 πρὸς
3208 1963 3484 2034 ὑποδοχὴν
3514 1963 3663 2030 αὐτῷ

2074 2058 2163 2118 διὰ
2191 2058 2299 2113 τῶν
2328 2059 2808 2130 προκοσμημάτων
2843 2058 2934 2113 τὸν
2970 2058 3137 2111 ἵππον
3174 2055 3423 2111 ποιοῦσι·
3462 2058 3663 2110 ταὺτον

2075 2150 2131 2203 δέ
2176 2152 2321 2204 ἐστιν
2362 2151 2454 2204 ἐπὶ
2482 2150 2640 2215 Θεοῦ,
2681 2151 2744 2203 τὸ
2769 2150 2827 2203 ἐν
2855 2167 2961 2203 τινι
2991 2150 3083 2203 καὶ
3111 2150 3172 2201 τὸ
3199 2149 3291 2201 ent
3326 2165 3484 2211 τινος
3517 2150 3665 2216 γε·δέ-

2074 2241 2198 2295 σθαι
2219 2260 2231 2271 ·
2263 2241 2652 2302 καταλιπόντες
2686 2240 2748 2293 τὸ
2778 2238 2919 2295 κατὰ
2957 2240 3056 2311 τὴν
3085 2237 3350 2311 τροπικὴν
3374 2240 3666 2310 σημασίαν
3740 2248 3742 2311 i

2072 2333 2380 2394 ἀκόλουθον,
2405 2335 2452 2386 οἰ
2485 2331 2932 2404 παρασκευασταὶ
2961 2331 3056 2385 καὶ
3088 2328 3444 2401 θεράποντες,
3478 2330 3669 2398 κλίνην

2073 2424 2163 2481 τὸν
2186 2424 2351 2477 ἵππον
2386 2423 2668 2494 ἐποίησαν.
2704 2421 2822 2494 Χρὴ
2850 2421 2972 2493 γὰρ
3010 2422 3157 2493 ἡμᾶς
3184 2460 3198 2484 ,
3231 2423 3413 2491 φησὶν,
3459 2418 3668 2491 ὁμοιὼη

2077 2533 2222 2586 ματα
2250 2515 2474 2587 χρυσίου
2494 2517 2713 2587 ποιῆσαι
2736 2514 2873 2586 μετά
2902 2515 3215 2584 στιγμάτων
3234 2512 3328 2565 τοῦ
3363 2512 3669 2582 ἀργυρίου,

2157 2793 2222 2845 Ἦ
2254 2793 2351 2863 μὲν
2385 2787 2478 2844 οὗν
2507 2788 2793 2843 ἀκολουθία
2821 2788 2918 2860 τῆς
2959 2786 3178 2853 λέξεως,
3214 2783 3394 2848 καθὼς
3428 2786 3461 2838 6
3502 2788 3674 2854 A676;

2078 2881 2342 2947 ὑπέδειξε,
2385 2879 2570 2933 τοῦτον
2603 2878 2712 2949 ἔχει
2738 2876 2827 2930 τὸν
2859 2876 3060 2947 τρόπον
3084 2892 3098 2904 '
3124 2873 3273 2937 ἄξιον
3306 2873 3363 2926 δὲ
3393 2873 3570 2927 τοῦτο
3603 2875 3675 2945 μὴ

2078 2972 2456 3045 παραδραμεῖν
2505 2969 2848 3040 ἀθεώρητον,
2883 2967 2935 3021 τί
2978 2966 3041 3037 δή
3098 2982 3227 3018 ποτε
3273 2965 3374 3017 οὐκ
3419 2965 3573 3017 αὐτὸ
3620 2966 3677 3018 τὸ

2081 3065 2301 3138 χρυσίον
2327 3066 2407 3127 είς
2441 3061 2643 3133 κόσμον
2683 3059 3190 3132 παραλαμϐάνεται,
3231 3056 3364 3112 ἀλλὰ
3396 3049 3503 3110 τοῦ
3538 3075 3676 3129 χρυ-

2081 3159 2196 3212 σίου
2233 3155 2304 3209 τά
2329 3152 2649 3226 ὁμοιώματα
2669 3171 2683 3188 ο
2706 3153 2796 3206 καὶ
2842 3152 2942 3205 οὐκ
2984 3150 3143 3211 αὐτὸς
3172 3150 3201 3202 ὁ
3228 3150 3501 3219 ἄργυρος,
3540 3152 3678 3205 ἀλλὰ

2081 3249 2150 3309 τά
2182 3248 2242 3312 ἐξ
2275 3247 2407 3318 ὕλης
2425 3245 2626 3317 ταύτης
2652 3245 2730 3315 τῷ
2761 3242 3065 3314 ὁμοιώματι
3093 3241 3183 3295 τοῦ
3216 3243 3441 3313 χρυσίου
3470 3247 3679 3320 ἐγκρο-

2082 3341 2318 3413 τούμενα
2367 3338 2658 3410 στίγματα.
2696 3338 2760 3391 Ὃ
2792 3337 2968 3390 τοίνυν
3026 3337 3154 3409 περὶ
3187 3334 3394 3391 τουτων
3428 3338 3679 3411 ὑπενοή-

2084 3448 2274 3502 σαμεν,
2300 3427 2540 3484 τοιοῦτόν
2574 3430 2713 3481 ἐστι’
2743 3427 2900 3480 Πᾶσα
2932 3426 2965 3497 ἡ
2998 3427 3124 3497 περί
3157 3426 3255 3497 τῆς
3280 3427 3535 3498 ἀρρήτου
3580 3431 3680 3499 φύς
3740 3426 3742 3483 Ι

2084 3539 2224 3587 eam;
2252 3519 2589 3585 διδασκαλία,
2622 3518 2727 3572 κᾶν
2769 3519 2852 3572 ὅτι
2903 3519 3136 3590 μάλιστα
3190 3518 3338 3572 δοκεῖ
3382 3519 3680 3593 θεοπρεπῆ

2081 3632 2201 3668 τινα
2244 3614 2337 3668 καὶ
2385 3612 2594 3684 ὑψηλὴν
2630 3611 2914 3682 ἐμφαίνειν
2960 3610 3217 3675 διάνοιαν,
3246 3610 3510 3682 ὁμοίωμα
3544 3632 3681 3685 χρυ·
3740 3604 3742 3607 ’

2083 3707 2198 3759 σίου
2233 3705 2399 3769 ἐστὶν,
2428 3705 2529 3758 οὐκ
2564 3703 2694 3757 αὐτὸ
2723 3702 2784 3756 τὸ
2819 3702 3059 3774 χρυσίον.
3091 3702 3165 3756 Οὐ
3203 3702 3312 3773 γὰρ
3336 3701 3455 3756 ἐστι
3503 3719 3682 3776 παρα·
3740 3718 3742 3725 ·

2088 3796 2285 3866 στῆσαι
2330 3795 2399 3848 δι’
2431 3794 2712 3866 ἀκριϐείας
2743 3794 2803 3847 τὸ
2845 3794 2984 3865 ὑπὲρ
3016 3792 3223 3847 ἔννοιαν
3268 3793 3483 3862 ἀγαθόν
3519 3812 3534 3823 ⁸
3575 3797 3680 3851 κᾶν

2085 3886 2296 3951 Παῦλός
2316 3904 2399 3950 τις
2425 3883 2481 3958 ᾗ,
2512 3886 2540 3941 ὁ
2565 3887 2622 3940 ὲν
2648 3884 2958 3955 παραδείσῳ
2989 3868 3214 3955 μυηθεὶς
3243 3885 3311 3938 τὰ
3352 3885 3678 3957 ἀπὸῤῥητα,

2085 3978 2188 4032 κᾶν
2216 3979 2323 4031 τῶν
2344 3977 2629 4048 ἀλαλήτων
2654 3977 2914 4048 ῥημάτων
2945 3975 3377 4047 ὲπακροάσηται,
3396 3977 3681 4049 ἀνὲκφραο

2088 4085 2188 4122 στα
2230 4068 2377 4139 μένει
2407 4067 2534 4140 περὶ
2558 4066 2694 4120 Θεοῦ
2714 4067 2783 4121 τὰ
2804 4069 3068 4140 νοήματα.
3097 4069 3345 4141 Ἀῤῥητα
3368 4068 3483 4138 γάρ
3507 4086 3677 4140 φησιν

2087 4158 2223 4215 εἶναι
2265 4159 2373 4213 τῶν
2422 4159 2711 4230 νοημάτων
2754 4160 2957 4215 τούτων
2984 4161 3052 4217 τὰ
3095 4161 3336 4231 ῥήματα.
3383 4162 3448 4214 Οἱ
3489 4162 3675 4216 τοίνυν

3740 2270 3742 2419 l

405 4247 575 4309 verba
618 4262 743 4303 esse
777 4245 1070 4309 iueﬂ’abilia
1104 4248 1310 4327 harum
1340 4249 1847 4323 intelligentiarum.
1878 4251 1977 4319 Qui

2157 4253 2214 4316 ὺς
2240 4251 2538 4323 λογισμούς
2569 4270 2720 4317 τινας
2761 4254 2893 4323 ἡμῖν
2913 4251 3175 4321 ,ἀγαθοὺς
3207 4252 3516 4317 ὲντιθέντες
3546 4254 3680 4324 περὶ

403 4354 537 4412 ergo
584 4340 743 4397 nobis
784 4339 1019 4398 aﬂ‘ertmt
1047 4341 1220 4403 bonas
1263 4342 1478 4412 aliquas
1506 4345 1983 4403 considerationes

398 4431 476 4486 de
503 4431 866 4503 intelligentia
904 4435 1293 4505 mysteriorum
1321 4474 1337 4499 ,
1388 4435 1574 4491 dicere
1610 4436 1831 4507 quidem
1872 4451 1982 4492 non

405 4532 638 4591 possunt
665 4521 1130 4591 quemadmodum
1179 4539 1239 4580 se
1272 4524 1436 4580 habet
1486 4525 1731 4595 ipsorum
1761 4535 1980 4592 natura,

406 4614 599 4671 dicunt
620 4622 801 4670 autem
828 4615 1174 4685 splendorem
1215 4617 1422 4687 gloriae,
1461 4616 1687 4688 ﬁguram
1724 4619 1982 4674 substan-

406 4706 515 4769 the,
558 4703 789 4759 formam
821 4704 915 4761 Dei
941 4745 957 4770 ,
981 4704 1217 4764 Verbum
1241 4708 1303 4762 in
1325 4708 1599 4779 principio
1618 4749 1632 4774 ,
1654 4706 1825 4771 Deum
1848 4708 1981 4765 Ver-

402 4797 556 4856 bum.
579 4796 711 4866 Quae.
731 4797 948 4871 quidem
987 4800 1170 4854 omnia
1199 4800 1359 4856 nobis
1378 4839 1395 4863 ,
1430 4798 1524 4870 qui
1552 4798 1799 4859 divinum
1828 4800 1981 4855 illum

402 4888 727 4949 thesaurum
762 4903 873 4943 non
903 4890 1216 4960 aspeximus
1237 4929 1252 4954 ,
1304 4890 1563 4946 videntur
1599 4906 1723 4948 esse
1750 4906 1983 4959 aurum;

404 4980 476 5038 iis
502 4988 683 5036 autem
714 4981 806 5052 qui
844 4988 1077 5052 possunt
1117 4983 1365 5053 aspicere
1399 4983 1469 5039 ad
1500 4983 1809 5048 veritatem,
1855 4992 1987 5046 sunt

405 5072 530 5127 auri
560 5059 868 5130 similitudo
894 5080 949 5127 et
975 5086 1084 5128 non
1120 5088 1314 5129 aurum
1342 5115 1357 5142 ,
1384 5090 1658 5146 apparens
1686 5075 1738 5128 in
1770 5075 1986 5130 subtili-

403 5163 509 5229 bus
550 5165 700 5220 notis
730 5164 963 5235 argenti.
1000 5166 1323 5236 Argentum.
1352 5174 1536 5221 autem
1578 5173 1662 5221 est
1694 5167 1982 5222 verborqu

406 5255 762 5328 signiﬁcatio,
785 5258 930 5312 sicut
958 5257 1091 5314 dicit
1105 5256 1413 5328 Scriptura,
1446 5258 1729 5326 Argentum
1757 5257 1981 5326 ignitum

407 5346 592 5418 lingua
618 5348 779 5417 justi.
813 5347 968 5415 Quod
1018 5364 1150 5420 ergo
1198 5364 1294 5419 per
1319 5348 1438 5407 haec
1488 5348 1827 5419 signiﬁcatur
1854 5387 1869 5410 ,
1900 5356 1984 5405 est

404 5435 759 5504 huiusmodi,
812 5455 1005 5510 nempe
1068 5439 1214 5511 quod
1271 5440 1459 5501 divina
1516 5447 1710 5504 natura
1763 5448 1983 5515 superat

474 5605 521 5645 ³⁸
546 5609 584 5670 ll
612 5611 737 5669 Cor.
778 5628 873 5679 xu,
915 5614 966 5669 4.

2086 4345 2187 4414 τῆς
2211 4342 2319 4396 τῶν
2349 4341 2661 4412 μυστηρίων
2679 4342 3000 4413 ὲννοήσεως,
3036 4342 3166 4395 αὐτὸ
3192 4341 3291 4412 μὲν
3318 4344 3496 4395 εἰπεῖν
3526 4345 3680 4409 ὅπως

2085 4434 2199 4506 ἔχει
2232 4434 2447 4504 φύσεως
2481 4433 2823 4499 ἀδυνατοῦσι,
2854 4434 3070 4503 λέγουσι
3102 4434 3161 4488 δὲ
3194 4434 3549 4505 ἀπαύγασμα
3594 4435 3681 4489 δό-

2085 4526 2199 4598 ξης,
2244 4526 2337 4579 καὶ
2368 4525 2694 4598 χαρακτῆρα
2724 4527 2824 4599 τῆς
2846 4526 3219 4589 ὑποστάσεως,
3262 4526 3479 4597 μορφὴν
3512 4525 3680 4591 Θεοῦ,

2082 4617 2257 4686 Λόγον
2282 4618 2338 4672 ὲν
2360 4618 2524 4689 ἀρχῇ,
2568 4617 2741 4686 Λόγον
2773 4618 2924 4671 Θεόν.
2961 4617 3140 4688 "Amp
3185 4616 3363 4670 πάντα
3408 4617 3546 4687 ἡμῖν
3581 4618 3682 4688 μὲν

2084 4711 2197 4772 τοῖς
2227 4708 2474 4772 ἀθεάτοις
2510 4708 2717 4762 ἐκείνου
2764 4707 2859 4761 τοῦ
2891 4706 3192 4778 θησαυροῦ,
3225 4707 3446 4778 χρυσίον
3477 4707 3641 4761 δοκεῖ
3665 4722 3681 4736 ·

2086 4804 2199 4865 τοῖς
2237 4801 2294 4856 δὲ
2340 4802 2655 4873 δυναμένοις
2700 4798 3026 4855 ἀναϐλέπειν
3068 4799 3205 4871 πρὸς
3242 4798 3343 4870 τὴν
3384 4799 3682 4871 ἀλήθειαν,

2089 4894 2340 4965 ὁμοίωμά
2385 4896 2501 4947 ἐστι
2551 4892 2773 4966 χρυσίου
2813 4893 2909 4946 καὶ
2946 4893 3009 4947 οὐ
3055 4891 3303 4964 χρυσίον,
3343 4894 3402 4945 ὲν
3430 4897 3552 4959 τοῖς
3597 4896 3679 4951 )1-

2091 4988 2246 5051 πτοῖς
2283 4986 2375 5040 τοῦ
2429 4986 2670 5059 ἀργύρου
2719 4986 3137 5056 διαφαινόμενον
3192 4986 3509 5056 στίγμασιν.
3560 4991 3683 5060 ’Δρ-

2091 5076 2279 5146 γύριον
2324 5074 2381 5128 δὲ
2409 5077 2443 5147 ἡ
2478 5074 2757 5147 ῥηματικὴ
2795 5074 3038 5144 σημασξα
3069 5073 3208 5136 ἐστὶ,
3233 5072 3417 5137 καθώς
3444 5092 3620 5145 φησιν
3649 5077 3681 5145 ἠ

2091 5166 2281 5238 Γραφή
2301 5181 2313 5195 ⁸
2344 5166 2625 5239 Ἀργυρος
2670 5164 3093 5234 πεπυρωμένος
3121 5162 3373 5231 γλῶσσα
3413 5163 3679 5219 δικαίου.

2092 5256 2166 5309 Τὸ
2190 5255 2374 5310 τοίνυν
2403 5254 2493 5309 διὰ
2512 5255 2718 5321 τούτων
2740 5254 3086 5325 δηλούμενον,
3114 5254 3359 5308 τοιοῦτόν
3395 5255 3570 5314 ἐστιν.
3598 5256 3677 5308 ὅτι

2092 5351 2122 5419 ἡ
2159 5349 2277 5403 θεία
2319 5347 2480 5418 φύσις
2519 5348 2696 5418 πάσης
2726 5346 3049 5418 ὑπέρκειται
3097 5344 3513 5416 καταληπτικῆς
3556 5344 3676 5397 δια-

2089 5438 2254 5505 νοίας.
2292 5439 2365 5494 Τὸ
2389 5438 2443 5493 δὲ
2477 5437 2604 5509 περὶ
2633 5437 2803 5509 αὐτῆς
2848 5437 2979 5509 ἡμῖν
3018 5434 3406 5507 ἐγγιγνόμενον
3454 5435 3676 5505 νόημα,
