3752 5984
208 151 305 207 82!

1233 152 1299 209 IN
1341 152 1636 210 CANTlCA
1672 150 1944 211 CAN'IIC.
1998 149 2282 209 HOMILIA
2322 150 2408 206 Ill.

3362 146 3468 204 8‘22

206 265 458 339 ὁμοίωμά
485 271 598 323 ἐστι
621 268 713 323 τού
743 268 1099 343 ζητουμένου.
1120 274 1196 326 οο
1232 272 1340 345 γὰρ
1363 272 1493 327 αὐτὸ
1516 272 1784 326 δείκνυσιν

1916 285 2106 327 ιιιιιιοιῐι
2145 284 2267 341 qua:
2298 266 2713 338 comprehendit
2755 264 3161 339 cogitationem.
3193 262 3324 331 Qua:
3369 279 3466 321 au-

206 361 383 414 ἐκεῖνο
418 359 477 413 τὺ
498 356 655 426 εἶδος,
686 360 715 414 ὃ
738 360 862 417 οὔτε
898 380 982 428 τις
1016 359 1173 428 εἶδεν,
1208 362 1331 417 οὗτε
1383 364 1509 418 ἰδεῖν
1540 362 1786 429 δύναται,

206 450 344 505 ἀλλὰ
388 451 456 505 δι’
497 453 762 525 ἐσόπτρου
808 454 900 508 καὶ
938 454 1005 508 δι’
1036 454 1357 526 αἰνίγματος
1403 453 1638 526 ἔμφασίν
1665 471 1788 509 τινα

208 546 533 614 σκιογραφεῖ
561 544 655 598 τοῦ
716 544 1071 615 ζητουμένου,
1112 546 1173 600 εκ
1200 564 1342 609 τινος
1377 544 1639 616 εἰκασμοῦ
1669 547 1787 609 ταῖς

204 632 402 704 ψυχαῖς
429 633 806 706 ἐγγινομένην.
847 635 958 698 Πᾶς
982 635 1037 688 δὲ
1060 634 1216 703 λόγος
1249 634 1356 688 τῶν
1376 634 1631 687 τοιούτων
1658 650 1784 703 νοη-

208 724 397 793 μάτων
443 722 794 794 σημαντικὺς,
837 724 1071 795 στιγμῆς
1104 740 1249 787 τινος
1276 721 1517 794 ἀμεροῦς
1559 720 1788 789 δύναμιν

203 815 343 885 εχει,
374 815 449 886 μὴ
472 815 767 886 δυνάμενος
797 815 1036 887 ἐμφῆναι
1064 816 1200 887 ὅπερ
1229 815 1486 887 ήδιάνοια
1509 813 1784 883 βούλεται’

202 906 283 969 ὡς
330 903 472 961 εἶναι
515 908 695 961 πᾶσαν
727 906 826 977 μὲν
874 906 1109 960 διάνοιαν
1145 906 1462 977 κατωτέραν
1494 905 1591 976 τῆς
1639 903 1789 966 θείας

204 999 589 1067 κατανοήσεως
630 1014 643 1029 ·
683 1001 858 1051 πάντα
906 997 964 1051 δὲ
1001 996 1157 1065 λόγον
1211 994 1632 1066 ἑρμηνευτικὸν,
1674 1011 1789 1046 στι-

203 1088 357 1160 γμὴν
378 1088 632 1159 βραχεῖαν
663 1089 839 1143 δοκεῖν
890 1090 964 1161 μὴ
990 1087 1301 1158 δυναμένην
1339 1086 1415 1157 τῷ
1456 1086 1644 1140 πλάτει
1693 1085 1790 1154 τῆς

200 1180 447 1244 διανοίας
480 1180 1010 1254 συνεπεκτείνεσθαι.
1042 1181 1153 1250 Τὴν
1177 1174 1268 1234 οὖν
1291 1178 1379 1233 διά
1399 1177 1505 1232 τῶν
1534 1178 1790 1231 τοιούτων

205 1270 499 1342 νοημάτων
548 1270 1065 1347 χειραγωγουμένην
1114 1269 1291 1340 ψυχὴν
1348 1268 1484 1340 πρὸς
1539 1267 1637 1339 τὴν
1684 1267 1789 1320 τῶν

204 1360 467 1432 ἀλήπτων
504 1362 786 1432 περίνοιαν
814 1361 902 1415 διὰ
931 1360 1097 1432 μόνης
1131 1360 1366 1423 πίστεως
1393 1358 1700 1423 είσοικίζειν
1732 1358 1791 1411 ἐν

204 1449 378 1525 ἑαυτῇ
402 1453 550 1522 λέγει
571 1453 678 1508 δεῖν
697 1454 795 1525 τὴν
827 1453 1002 1508 πάντα
1036 1451 1160 1506 νοῦν
1200 1451 1571 1524 ὑπερέχουσαν
1605 1449 1787 1521 φύσιν.

206 1544 325 1598 Καὶ
353 1544 513 1598 τοῦτό
557 1546 673 1598 ἔστι
722 1543 784 1598 τδ
818 1543 969 1615 παρὰ
1012 1542 1118 1598 τῶν
1148 1543 1317 1612 φίλων
1344 1541 1633 1612 λεγόμενον
1656 1555 1669 1569 ο
1707 1541 1790 1593 ὅτι

208 1634 309 1689 Σοὶ
356 1637 693 1706 ποιήσωμεν,
729 1629 773 1691 ὦ
801 1634 968 1707 ψυχὴ.
1004 1638 1073 1707 τῇ
1115 1633 1295 1698 καλῶς
1331 1633 1466 1705 πρὸς
1494 1633 1584 1686 τὸν
1627 1632 1791 1685 ἵππον
1823 1623 1861 1677 Β

208 1725 648 1799 ἁπεικασθείσῃ,
698 1725 1000 1797 ίνδάλματά
1048 1740 1170 1779 τινα
1231 1725 1329 1795 τῆς
1379 1722 1636 1796 ἀληθείας
1697 1721 1790 1776 καὶ

204 1817 554 1889 ὁμοιώματα.
603 1818 834 1889 Τοιαύτη
878 1818 987 1890 γάρ
1043 1817 1246 1873 τούτων
1282 1816 1455 1885 λόγων
1484 1815 1723 1888 ἀργύρου
1755 1816 1789 1887 ἡ

199 1907 455 1979 δύναμις,
471 1910 545 1972 ὡς
568 1909 882 1980 ί.ναύιτμ.ατὰ⁵
906 1927 1026 1965 τινα
1050 1908 1430 1979 σπινθηροειδῆ
1445 1908 1618 1961 δοκεῖν
1644 1903 1783 1960 εἶναι

201 2000 280 2052 τὰ
325 2001 564 2069 ῥήματα,
602 2000 677 2071 μὴ
730 2000 1003 2071 δυνάμενα
1040 2001 1106 2055 δι’
1134 1999 1418 2071 ἀκριϐείας
1460 1999 1698 2070 ἐμφῆναι
1730 1998 1790 2051 τὸ

202 2090 529 2158 ἐγκείμενον
559 2089 757 2161 νόημα.
776 2090 848 2144 Σὺ
863 2090 919 2143 δὲ
935 2090 1106 2144 ταῦτα
1121 2089 1408 2160 δεξαμένη,
1424 2089 1709 2157 ὑποζύγιον
1732 2108 1791 2143 τε
1826 2100 1839 2114 ⁸

204 2183 313 2236 καὶ
333 2183 646 2253 οἰκητήριον
668 2183 871 2255 γενήσῃ
900 2181 988 2236 διὰ
1014 2181 1248 2243 πίστεως
1277 2179 1368 2234 τοῦ
1403 2198 1482 2234 σοι
1510 2180 1790 2234 ἐνανακλί-

202 2272 399 2327 νεσθαι
451 2272 736 2341 μέλλοντος
768 2271 857 2326 διὰ
908 2271 1006 2341 τῆς
1037 2272 1094 2324 ἐν
1129 2271 1210 2326 σοι
1257 2272 1658 2340 κατοικήσεωςο
1697 2269 1791 2323 τοῦ

204 2363 323 2437 γάρ
349 2364 514 2418 αὐτοῦ
540 2365 631 2417 καί
653 2362 839 2434 θρόνος
860 2356 910 2415 εἶ
928 2362 1021 2415 καὶ
1051 2356 1198 2425 οἶκος
1230 2363 1455 2434 γενήσῃ.
1476 2361 1629 2432 Τάχα
1654 2360 1698 2414 δ’
1728 2359 1792 2413 ἄν

203 2472 300 2517 τις
342 2455 485 2508 εἴποι
511 2454 608 2525 τὴν
641 2454 851 2509 Παύλου
876 2452 1074 2524 ψυχὴν,
1106 2454 1196 2506 καὶ
1230 2451 1284 2505 εἴ
1312 2470 1392 2516 τις
1431 2452 1562 2522 ἄλλη
1601 2451 1790 2520 γέγονε

207 2546 335 2599 κατ’
347 2544 580 2615 ἐκείνην,
603 2544 711 2598 τῶν
741 2542 993 2597 τοιούτων
1014 2541 1291 2609 ἀξιοῦσθαι
1317 2542 1595 2613 ῥημάτων.
1624 2543 1796 2595 Ἐκεῖ-

206 2655 305 2702 νος
347 2639 454 2710 γὰρ
492 2638 684 2702 σκεῦος
715 2638 943 2708 ἐκλογῆς
981 2634 1127 2700 ἆπαξ
1171 2634 1248 2706 τῷ
1284 2636 1527 2707 Δεσπότῃ
1566 2617 1792 2707 γενόμεσ-

205 2744 326 2792 νος.
365 2727 457 2781 καὶ
507 2728 588 2796 ἐφ’
626 2724 818 2780 ἑαυτοῦ
851 2726 1030 2779 καὶεὲν
1062 2723 1240 2794 ἑαυτῷ
1275 2718 1388 2795 εἶχε
1420 2722 1509 2776 τὸν
1557 2724 1789 2794 Κύριον·

206 2818 275 2870 ὲν
309 2816 408 2888 μὲν
437 2815 515 2888 τῷ
561 2816 851 2887 βαστάζειν
882 2814 1043 2869 αὐτοῦ
1074 2815 1134 2867 τὸ
1161 2814 1331 2885 ὄνομα
1368 2815 1608 2869 ἐναντίον
1627 2816 1793 2871 ὲθνῶν

206 2908 309 2962 καὶ
344 2906 603 2977 βασιλέων
645 2907 808 2969 ἵππος
840 2905 1126 2976 γενόμενος
1151 2922 1164 2935 ·
1190 2907 1247 2958 ἐν
1270 2905 1326 2957 δὲ
1369 2904 1445 2975 τῷ
1481 2906 1674 2975 μηκέτι
1697 2907 1792 2960 αύ-

206 2997 307 3051 τδν
337 2997 457 3069 ζῇν,
478 2996 592 3050 ἀλλ’
624 2998 682 3051 ὲν
713 2995 890 3066 ἑαυτῷ
918 2993 1179 3048 δεικνύειν
1221 2994 1397 3059 ζῶντα
1427 2997 1629 3050 ἐκεῖνον
1651 3037 1667 3062 ,
1695 3000 1787 3053 καὶ

205 3089 443 3160 δοκιμὴν
490 3088 685 3142 διδόναι
722 3087 816 3141 τοῦ
855 3089 912 3141 ἐν
941 3085 1089 3157 αὐτῷ
1114 3084 1398 3149 λαλοῦντος
1428 3087 1687 3157 Χριστοῦ,
1705 3084 1785 3143 οῖ-

206 3196 313 3244 aco;
370 3179 760 3251 περιληπτικὸς
811 3179 908 3251 τῆς
952 3178 1337 3249 άπεριλήπτουι
1368 3180 1657 3250 γενόμενος
1686 3184 1791 3251 φύ-

208 3286 371 3334 σεως.

1893 369 2000 417 tem
2023 359 2091 417 de
2118 374 2184 416 ea
2221 359 2380 416 nobis
2401 359 2545 415 inest
2581 357 2961 428 intelligentia,
2995 357 3303 426 mentisque
3330 371 3465 411 eon~

1890 451 2090 522 ceptio,
2116 459 2203 506 est
2223 450 2528 508 similitudo
2554 451 2676 520 ejus
2697 449 2845 520 quod
2872 448 3154 519 qumritur.
3176 447 3292 503 Non
3317 448 3463 504 enim

1891 542 2136 599 ostendit
2170 542 2346 613 ipsam
2399 542 2546 598 illius
2589 540 2855 602 formam,
2898 553 3061 609 quam
3090 553 3267 608 neque
3310 541 3461 592 novit

1891 633 2166 704 quispiam
2191 672 2206 698 ,
2244 647 2428 703 neque
2460 646 2623 688 nosse
2649 640 2745 686 aut
2774 630 2958 686 videre
2992 636 3205 699 potest,
3242 629 3336 683 sed
3367 645 3462 699 per

1893 726 2175 798 speculum
2198 733 2253 781 et
2273 726 2503 797 mnigma
2528 725 2791 782 describit
2817 722 3110 795 quamdam
3145 721 3292 778 illius
3316 724 3459 790 quod

1892 818 2158 888 quieritur
2181 825 2531 887 apparentem
2562 815 2823 886 speciem,
2847 829 2971 885 quas
3000 813 3146 871 inest
3168 814 3367 869 animis
3395 829 3459 870 ex

1892 908 2125 979 quadam
2155 908 2496 977 conjectura.
2525 906 2713 961 Omnis
2735 914 2916 962 autem
2944 905 3118 961 oratio
3151 920 3276 976 quae
3303 904 3463 975 signi-

1894 1000 2012 1055 ﬁcat
2067 999 2381 1069 hujusmodi
2432 999 2633 1055 mentis
2672 996 3095 1069 conceptiones,
3145 996 3306 1052 habet
3353 996 3459 1050 vim

1891 1089 2176 1159 cujusdam
2204 1091 2394 1161 puncti
2416 1089 2711 1153 individui,
2738 1102 2849 1144 non
2895 1087 3081 1142 valens
3107 1088 3380 1156 explicare
3407 1086 3461 1141 id

1891 1182 2037 1252 quod
2076 1182 2190 1237 vult
2218 1182 2418 1238 mentis
2449 1181 2743 1252 cogitatio:
2773 1177 2909 1234 adeo
2942 1185 3002 1233 ut
3030 1178 3211 1233 omnis
3240 1178 3459 1246 quidem

1891 1272 2150 1343 cogitatio
2200 1272 2507 1341 mentisque
2561 1271 2846 1341 conceptio
2893 1269 2961 1325 sit
3005 1269 3147 1324 infra
3179 1269 3271 1324 Dei
3308 1284 3461 1324 com-

1895 1363 2334 1433 prehensionem.
2384 1361 2595 1417 Omnis
2629 1369 2807 1418 autem
2868 1361 3235 1431 interpretans
3287 1361 3462 1415 oratio

1892 1454 2108 1510 videtur
2133 1468 2256 1509 esse
2288 1454 2452 1509 breve
2483 1459 2763 1523 punctum,
2808 1460 2867 1506 ut
2897 1468 3022 1522 qua:
3049 1467 3158 1507 non
3184 1451 3360 1521 possit
3385 1451 3461 1507 si-

1894 1545 2004 1600 mul
2029 1543 2248 1601 extendi
2280 1560 2406 1600 cum
2452 1544 2738 1600 latitudine
2767 1543 3131 1615 cogitationis
3155 1543 3460 1612 mentisque

1892 1636 2288 1707 conceptionis.
2342 1635 2595 1690 Animam
2635 1650 2800 1703 ergo,
2854 1649 2977 1706 qua:
3016 1650 3111 1704 per
3148 1634 3459 1704 hujusmodi

1893 1728 2090 1784 mentis
2121 1727 2516 1798 conceptiones
2550 1733 2810 1796 tanquam
2840 1740 3009 1780 manu
3038 1725 3257 1780 ducitur
3278 1726 3344 1781 ad
3369 1742 3459 1781 eo-

1892 1835 2014 1874 rum
2044 1835 2166 1891 quaa
2197 1820 2319 1890 capi
2363 1835 2473 1875 non
2511 1825 2742 1889 possunt
2772 1818 3181 1890 cogitationem,
3205 1818 3337 1873 dicit
3366 1834 3461 1888 per

1892 1911 2064 1965 solam
2097 1908 2255 1965 tidem
2291 1918 2546 1980 oportere
2580 1907 2649 1964 ad
2683 1922 2838 1964 suam
2870 1906 3217 1962 introducere
3248 1907 3460 1963 habita-

1894 2002 2095 2056 tionem
2116 2008 2370 2055 naturam
2401 2001 2548 2054 illam
2571 2014 2694 2068 quae
2740 2014 2956 2055 onmem
3003 2006 3224 2069 superat
3260 1998 3449 2053 intelli-

1891 2092 2165 2163 gentiam“
2180 2090 2248 2146 Et
2297 2091 2399 2147 hoc
2430 2100 2516 2146 est
2544 2090 2678 2146 illud
2709 2090 2853 2161 quod
2882 2090 3082 2146 dicitur
3118 2089 3188 2145 ab
3222 2089 3414 2145 amicis
3440 2109 3455 2145 :

1894 2184 2036 2250 Tibi,
2068 2200 2102 2238 ο
2131 2185 2336 2249 anima,
2368 2199 2490 2255 quo:
2524 2190 2675 2239 recte
2705 2183 2863 2253 equis
2901 2198 2962 2239 es
2996 2180 3297 2238 assimilata
3324 2222 3339 2244 ,
3382 2179 3460 2236 fa-

1892 2277 2100 2333 ciemus
2149 2275 2396 2346 quaadam
2450 2274 2699 2331 veritatis
2744 2275 3039 2332 simulacra
3085 2281 3142 2330 et
3194 2273 3456 2345 quaedam

1893 2366 2296 2424 similitudines.
2324 2366 2650 2437 Hujusmodi
2677 2373 2764 2423 est
2787 2367 2929 2422 enim
2953 2365 3146 2421 horum
3170 2365 3456 2420 verborum

1894 2459 2100 2529 argenti
2127 2459 2230 2522 vis,
2262 2464 2320 2513 ut
2349 2459 2684 2530 suscitabula
2711 2458 2958 2529 quadam
2990 2458 3145 2531 ignea
3175 2457 3457 2512 videantur

1892 2564 2016 2605 esse
2059 2548 2262 2614 verba,
2307 2566 2428 2621 quae
2461 2566 2569 2606 non
2622 2559 2852 2622 possunt
2902 2557 3159 2604 accurate
3187 2557 3241 2603 et
3268 2554 3457 2603 exacte

1894 2639 2197 2705 ostendere,
2229 2655 2351 2710 quae
2380 2640 2553 2706 inest,
2577 2641 2773 2697 mentis
2805 2639 3234 2711 conceptionem.
3260 2637 3339 2692 Tu
3361 2652 3459 2691 au.-

1896 2737 2002 2785 tem
2033 2730 2121 2786 his
2146 2732 2381 2802 acceptis
2404 2773 2418 2796 ,
2453 2731 2548 2788 lies
2586 2748 2685 2803 per
2736 2730 2893 2788 ﬁdem
2934 2731 3218 2802 subjugatc
3245 2730 3458 2798 jumen-

1895 2828 2008 2873 tmn
2033 2830 2091 2876 et
2121 2821 2489 2877 habitaculum
2518 2823 2638 2893 ejus
2670 2825 2761 2894 qui
2786 2824 2840 2878 in
2872 2830 2925 2877 te
2967 2833 3052 2878 est
3080 2821 3421 2876 habitaturus
3440 2858 3456 2883 ,

1898 2926 1991 2980 per
2039 2927 2159 2966 eam
2207 2927 2331 2980 quae
2358 2923 2437 2968 est
2497 2915 2550 2968 in
2592 2923 2643 2968 te
2700 2913 3121 2977 habitationem;
3151 2911 3274 2981 ejus
3311 2909 3457 2965 enim

1895 3004 1991 3059 lies
2015 3011 2068 3058 et
2095 3004 2253 3059 sedes
2276 3014 2330 3060 et
2355 3005 2570 3060 dooms.
2595 3003 2853 3061 Fortasse
2874 3011 3052 3059 autem
3075 3003 3273 3058 dixerit
3300 3001 3458 3071 quis-

1891 3092 2037 3161 piam
2061 3091 2212 3147 Pauli
2247 3093 2509 3159 animam,
2534 3102 2629 3148 aut
2663 3094 2840 3164 siqua
2877 3093 2981 3146 alia
3032 3092 3080 3147 ei
3111 3091 3275 3146 l‘ucrit
3302 3090 3457 3146 simi-

1891 3183 1964 3238 lis
1988 3223 2004 3247 ,
2046 3183 2266 3254 dignam
2304 3184 2521 3241 esse-de
2558 3200 2663 3254 qua
2704 3184 2823 3240 haec
2866 3183 3027 3239 verba
3059 3182 3330 3237 dicantur.
3366 3180 3458 3234 Ille

1889 3276 2038 3329 enim
2065 3276 2235 3331 semel
2278 3274 2455 3331 factus
2488 3291 2597 3331 vas
2626 3274 2951 3338 electionis,
2990 3288 3155 3343 supra
3207 3288 3268 3327 se
3316 3280 3367 3326 et
3404 3270 3457 3325 in

206 3376 277 3419 se
317 3363 549 3419 habebat
580 3361 874 3419 Dominum
900 3382 913 3418 :
938 3377 1114 3433 equus
1142 3361 1363 3432 quidem
1407 3362 1586 3419 fectus
1636 3362 1691 3418 in
1722 3380 1801 3421 eo
1860 3367 2005 3436 quod
2078 3374 2315 3436 portaret
2360 3367 2484 3436 ejus
2514 3381 2710 3423 nomen
2746 3365 2814 3420 ad
2848 3373 3038 3437 gentes
3078 3373 3132 3419 et
3178 3378 3333 3434 rcges
3361 3361 3402 3393 ³¹
3438 3379 3453 3414 :

207 3468 273 3508 In
303 3468 369 3508 eo
396 3462 572 3507 autem
606 3452 754 3524 quod
785 3453 901 3523 ipse
930 3468 1038 3508 non
1066 3455 1303 3524 amplius
1335 3455 1560 3521 viveret,
1586 3455 1868 3519 sed-illum
1893 3460 1947 3512 in
1971 3473 2032 3513 se
2059 3458 2371 3514 ostenderet
2434 3459 2726 3521 viventem,
2786 3466 2842 3511 et
2901 3455 3057 3511 daret
3117 3454 3458 3523 experimen-

211 3549 331 3596 tum
353 3541 556 3598 Christi
592 3542 649 3596 in
677 3556 736 3597 se
766 3542 1039 3612 loquentis
1061 3543 1128 3608 ³⁸,
1162 3542 1390 3598 ell'ectus
1419 3544 1618 3600 domus
1648 3547 1934 3602 continens
1994 3547 2143 3603 illam
2212 3556 2465 3602 naturam
2524 3562 2646 3616 quae
2710 3561 2819 3601 non
2844 3551 3023 3615 potest
3043 3541 3455 3612 comprehendi.

287 3635 472 3690 Ταῦτα
493 3636 602 3691 τῶν
622 3636 791 3706 φίλων
810 3637 903 3691 τοῦ
925 3637 1157 3708 νυμφίου
1187 3639 1254 3709 τῇ
1280 3636 1496 3710 καθαρᾷ
1532 3638 1625 3692 καὶ
1647 3655 1790 3711 παρ-

190 3726 354 3798 ·θένῳ
384 3727 764 3798 χαρισαμένων
781 3728 925 3800 ψυχῇ
948 3724 1080 3798 (εἷεν
1096 3728 1139 3782 δ’
1170 3724 1315 3784 οὗτοι
1343 3728 1411 3783 τὰ
1435 3729 1791 3802 λειτουργικὰ

210 3817 504 3888 πνεύματα
530 3819 599 3872 τὰ
638 3819 717 3882 είς
746 3818 1019 3872 διακονίαν
1058 3818 1517 3889 ἀποστελλόμενα,
1549 3818 1638 3873 διά
1665 3821 1791 3884 τοὺς

217 3906 512 3979 μέλλοντας
546 3906 901 3978 κληρονομεῖν
940 3908 1256 3979 σωτηρίαν),
1294 3907 1623 3979 τελειότερόν
1673 3925 1790 3972 πως

210 3997 422 4066 γίνεται
452 4000 519 4069 τῇ
549 3997 833 4070 προσθήκῃ
863 3997 970 4051 τῶν
1001 4000 1353 4070 χαρισμάτων
1380 4001 1413 4069 ﬂ
1445 3998 1652 4072 νύμφη.
1679 4001 1789 4055 Καὶ

216 4087 420 4156 μᾶλλον
467 4087 875 4158 προσεγγίσασα
906 4088 986 4159 τῷ
1019 4087 1367 4160 ποθουμένῳ,
1401 4089 1530 4160 πρὶν
1565 4090 1626 4144 τὸ
1658 4090 1787 4144 κάλ-

212 4179 305 4243 λος
332 4178 495 4233 αὑτοῦ
525 4181 638 4243 τοῖς
654 4179 948 4250 ὀφθαλμοῖς
979 4179 1308 4250 ὲμφανῆναι,
1330 4180 1421 4235 διὰ
1438 4181 1537 4252 τῆς
1553 4181 1789 4252 ὀσφραν-

214 4271 372 4342 τικῆς
394 4270 696 4342 αἰσθήσεως
731 4270 823 4325 τοῦ
868 4268 1202 4342 ζητουμένου
1231 4271 1554 4341 ἐφάπτεται,
1577 4266 1689 4326 οἷον
1713 4289 1787 4326 τι·

214 4378 305 4426 νος
327 4361 534 4433 χρωτὸς
563 4362 797 4432 ίδιότητα
824 4362 1158 4434 ὀσφραντικῇ
1195 4361 1421 4433 δυνάμει
1451 4362 1787 4433 κατανοήσα-
1820 4362 1821 4367 “

1960 3640 2097 3696 Cum
2147 3641 2310 3696 amici
2360 3640 2562 3709 sponsi.
2595 3638 2709 3693 haec
2752 3652 2904 3707 pune
2939 3634 3227 3690 dedissent.
3263 3630 3456 3701 virgini

1889 3731 1966 3801 (hi
1999 3742 2177 3787 autem
2199 3738 2327 3786 sunt
2354 3730 2800 3786 administratorii
2826 3726 3071 3798 spiritus,
3093 3723 3186 3794 qui
3220 3723 3451 3776 mittun-

1889 3832 1979 3877 tur
2010 3821 2077 3877 ad
2110 3822 2471 3877 ministerium
2502 3862 2518 3886 ,
2563 3829 2784 3892 propter
2824 3834 2918 3875 eos
2963 3817 3061 3887 qui
3102 3823 3233 3871 sunt
3286 3813 3454 3868 futuri

1889 3913 2137 3968 haeredes
2176 3914 2371 3969 salutis
2402 3913 2510 3985 ³³),
2549 3927 2752 3984 sponsa
2798 3911 2858 3966 ﬁt
2897 3904 3297 3981 quodammodo
3343 3919 3453 3974 per-

1894 4002 2089 4058 tectior
2133 4018 2228 4074 per
2278 4003 2576 4071 gratiarum
2631 4000 3024 4058 accessionem.
3081 3997 3327 4066 Cumque
3387 3993 3453 4045 ad

1894 4110 2019 4153 eum
2078 4112 2241 4166 quem
2304 4082 2649 4152 desiderabat
2710 4093 2885 4167 magis
2942 4089 3452 4169 appropinquasset,

1892 4188 2211 4258 priusquam
2244 4188 2364 4256 ejus
2386 4187 2737 4258 pulchritudo
2767 4185 2943 4241 oculis
2971 4183 3335 4254 apparuisset.
3361 4194 3457 4249 per

1894 4280 2160 4336 odorandi
2209 4277 2521 4334 facultatem
2551 4294 2674 4335 eum
2703 4292 2864 4347 quem
2910 4273 3187 4345 quaerebat
3215 4268 3451 4340 attingit,

1892 4379 1948 4427 et
2001 4372 2163 4427 veluti
2219 4370 2504 4440 cujusdam
2552 4370 2754 4424 coloris
2811 4366 3143 4438 proprietate
3194 4365 3263 4417 ab
3319 4361 3457 4416 odo—

215 4467 307 4515 σα,
361 4451 455 4504 καί
503 4468 666 4523 φησιν
710 4451 1079 4521 ἐπεγνωκέναι
1128 4452 1292 4506 αὐτοῦ
1342 4453 1439 4523 τὴν
1502 4453 1676 4523 ὀσμὴν
1720 4456 1786 4525 τῇ

1916 4464 2049 4518 audi
2101 4461 2358 4517 facultate
2383 4461 2793 4525 animadversa,
2824 4458 2957 4514 dicit
2992 4472 3053 4514 se
3095 4456 3213 4526 ejus
3252 4467 3458 4524 cognm-

213 4540 415 4613 εὐωδίᾳ
462 4541 557 4595 τοῦ
604 4542 796 4613 μύρου,
829 4534 890 4596 οὗ
927 4542 1117 4615 νάρδος
1159 4543 1276 4597 ἐστὶ
1306 4543 1368 4597 τὸ
1396 4543 1586 4613 ὄνομα,
1616 4543 1788 4617 ταύτῃ

212 4632 354 4706 πρὸς
380 4632 506 4697 τοὺς
534 4632 719 4702 φίλους
742 4636 808 4704 τῇ
840 4636 989 4706 φωνῇ
1035 4633 1353 4706 χρησαμένη
1373 4673 1390 4698 ,
1415 4634 1646 4703 Νὰρδος
1669 4652 1790 4703 μου

212 4723 443 4779 ἔδωκεν
486 4724 687 4795 ὀσμὴν
720 4724 928 4781 αὐτοῦ.
974 4725 1184 4797 Ὥσπερ
1216 4726 1371 4796 ὑμεῖς
1391 4765 1406 4788 ,
1440 4726 1636 4797 φησιν,
1684 4726 1785 4780 οὐκ

213 4816 353 4873 αὐτὸ
374 4816 435 4870 τὸ
463 4817 735 4887 ἀκήρατον
764 4818 860 4887 τῆς
887 4815 1137 4887 θεότητος
1179 4816 1420 4887 χρυσίον,
1452 4816 1565 4869 ἀλλ’
1590 4814 1788 4886 ὁμοιώ-

214 4928 366 4980 ματα
392 4908 482 4965 διὰ
508 4910 617 4964 τῶν
656 4909 917 4981 χωρητῶν
960 4912 1090 4980 ἡμῖν
1121 4909 1406 4980 νοημάτων
1439 4909 1530 4963 τοῦ
1564 4910 1787 4981 χρυσίου

211 5000 528 5073 χαρίζεσθε,
571 5001 633 5054 ού
666 4999 928 5069 τηλαυγεῖ
962 4999 1039 5071 τῷ
1076 4998 1219 5069 λόγῳ
1254 5001 1325 5053 τὰ
1356 5002 1475 5052 κατ’
1506 5001 1668 5054 αὐτὸν
1697 5003 1790 5055 ὲκ-

213 5089 605 5155 καλύπτοντες,
630 5088 767 5143 ἀλλὰ
790 5088 876 5143 διὰ
901 5088 1002 5159 τῆς
1031 5088 1360 5159 βραδύτητπ
1385 5088 1494 5143 τῶν
1518 5090 1612 5144 τοῦ
1638 5090 1787 5159 λογι-

212 5182 315 5239 κοῦ
337 5182 579 5254 ἀργύρου
605 5180 935 5252 στιγμάτων,
965 5181 1231 5251 ἐμφάσεις
1257 5182 1406 5246 τινάς
1435 5183 1787 5254 παρασχόμεο

212 5292 297 5331 νοι
316 5275 413 5331 τοῦ
446 5275 798 5348 ζητουμένουο
830 5276 973 5333 οὕτω
997 5277 1154 5347 κάγὼ
1180 5278 1268 5333 διὰ
1290 5279 1387 5349 τῆς
1406 5278 1663 5344 εὐπνοίας
1689 5279 1785 5334 τού

213 5366 355 5440 ἐμοῦ
389 5365 583 5438 μύρου,
610 5366 708 5439 τὴν
738 5367 906 5440 αὐτὴν
942 5358 1150 5424 ἐκείνου
1181 5368 1405 5424 εὐωδίαν
1435 5370 1501 5440 τῇ
1531 5368 1784 5441 αἰσθήσει

294 5545 339 5579 ιι
362 5543 484 5600 Act.
534 5558 615 5615 ις,
661 5543 725 5599 15

800 5543 842 5575 ³¹
879 5540 920 5595 ll
949 5541 1074 5598 Cor.
1107 5557 1224 5611 xm,
1259 5542 1310 5597 5.
1390 5538 1617 5597 “Hebr.
1644 5556 1682 5609 ι,
1717 5540 1805 5597 Η.

1888 4555 2032 4610 visse
2076 4554 2339 4617 odorem,
2373 4568 2565 4622 nempe
2616 4550 2877 4623 unguenti
2928 4564 3154 4607 suavem
3212 4547 3455 4608 odorem,

1888 4646 2050 4714 cujus
2108 4660 2306 4700 nomen
2362 4652 2447 4700 est
2508 4641 2713 4700 nardus
2745 4682 2761 4707 ,
2820 4643 2924 4698 hac
2985 4656 3120 4696 voce
3177 4647 3338 4694 utens
3386 4636 3454 4689 ad

1888 4738 2114 4805 amicos,
2148 4736 2366 4793 Nardus
2407 4753 2521 4791 mea
2548 4736 2693 4791 dedit
2730 4735 2941 4790 odorem
2969 4749 3141 4787 suum.
3174 4728 3457 4797 Quomodo

1894 4831 2040 4885 enim
2070 4831 2416 4901 vos,inquit,
2472 4847 2579 4885 non
2615 4830 2793 4901 ipsum
2834 4828 3107 4885 sincerum
3151 4837 3343 4878 aurum
3382 4822 3460 4875 di-

1892 4920 2154 4985 vinitatis,
2197 4920 2290 4976 sed
2337 4936 2432 4991 per
2474 4936 2570 4976 eas
2619 4920 2816 4977 mentis
2865 4915 3267 4985 conceptiones,
3319 4926 3457 4981 quas

1892 5027 2088 5081 capere
2115 5027 2431 5082 possumus,
2460 5013 2620 5069 nobis
2647 5012 2860 5068 donatis
2885 5008 3007 5063 auri
3039 5003 3451 5064 similitudines.

1890 5118 2001 5158 non
2048 5103 2288 5159 dilucida
2322 5104 2570 5161 oratione
2615 5120 2736 5175 quae
2784 5110 2911 5158 sunt
2955 5099 3077 5169 ejus
3125 5095 3455 5166 aperientes,

1893 5191 1987 5248 sed
2014 5208 2110 5262 per
2135 5194 2361 5264 exiguas
2392 5195 2604 5249 ratione
2632 5192 2844 5265 praediti
2876 5188 3085 5261 argenti
3109 5193 3291 5249 notas,
3322 5198 3459 5254 pra:-

1895 5283 2086 5339 bentes
2110 5285 2373 5354 quasdam
2395 5294 2718 5357 apparentes
2736 5282 2948 5355 species
2961 5281 3081 5351 ejus
3105 5276 3246 5350 quod
3260 5273 3459 5348 quaeri-

1891 5381 1981 5429 tur
1997 5391 2014 5442 ;
2030 5372 2100 5431 ita
2135 5389 2235 5448 ego
2253 5390 2467 5447 quoque
2488 5391 2584 5447 per
2606 5376 2743 5434 bene
2757 5376 3053 5447 spirantem
3072 5372 3176 5429 mei
3198 5365 3458 5442 unguenti
