3752 5984
323 150 426 206 825

1517 171 1575 228 5.
1615 171 1946 231 GREGORII
2000 176 2288 237 NYSSENI

3466 163 3578 219 δτι

317 269 698 342 ﬂagrantiam,
759 291 922 333 sensu
979 283 1194 353 percepi
1254 283 1399 340 illius
1455 286 1629 356 ipsius
1683 288 1790 344 bon

2093 294 2398 366 ιεδεξάμην.
2447 293 2696 347 Τοιοῦτον
2734 293 2791 346 δέ
2835 309 2959 346 τινα
3002 289 3123 344 νοῦν
3168 290 3311 344 δοκεῖ
3355 307 3448 360 μοι
3511 289 3575 340 τὺ

319 363 567 418 odorem.
615 366 741 421 Milli
775 377 959 423 autem
998 371 1050 425 id
1097 375 1243 443 quod
1274 375 1499 442 dicitur,
1533 377 1748 434 videtur
1791 380 1892 432 ha-

321 455 448 510 bere
493 458 658 512 talem
711 475 932 516 sensum
969 462 1456 535 τριιοιιιιοιμιίἁοιιι
1505 469 1806 522 multorum
1839 477 1892 524 et

319 549 664 606 diversorum
717 565 1047 619 aromatum,
1090 558 1185 612 scd
1225 573 1332 613 non
1381 575 1446 613 ex
1496 561 1601 613 alia
1643 561 1891 630 proprie-

319 645 468 698 tate.
528 640 666 695 bene
721 645 1083 711 spirantium,
1152 648 1450 704 artiﬁciosa
1509 659 1564 704 et
1614 649 1904 708 moderata.

323 728 514 783 mistio
547 731 654 785 tale
684 733 1221 804 eﬂicitunguentum,
1244 754 1306 793 ex
1334 739 1402 794 iis
1418 755 1539 810 quae
1570 740 1890 809 simui,inji-

318 817 562 883 ciuntur,
598 838 704 876 una
745 824 911 880 herba
947 828 1250 895 redolente,
1293 831 1380 886 cui
1413 847 1610 887 nomen
1651 839 1736 888 est
1768 846 1895 885 nar-

318 909 447 974 dus,
477 926 672 966 nomen
705 917 954 984 praebens
995 921 1093 974 toti
1135 922 1522 990 compositioni
1559 941 1571 976 :
1607 921 1753 992 quod
1788 937 1891 976 au-

319 1007 430 1054 tem
462 1015 527 1055 ex
559 1005 816 1060 omnibus
845 1011 1170 1066 aromaticis
1193 1013 1621 1082 proprietatibus
1645 1015 1699 1068 in
1727 1029 1890 1069 unam

317 1093 648 1148 conciliatur
709 1105 764 1150 et
823 1098 1094 1154 conﬂatur
1165 1101 1556 1173 fragrantiam,
1633 1115 1890 1174 tanquam

319 1175 499 1244 ipsum
551 1182 740 1248 sponsi
791 1198 1012 1241 suavem
1065 1187 1292 1244 odorem
1355 1203 1616 1262 purgatus
1661 1193 1892 1262 suscipit

319 1283 558 1325 sensus:
609 1273 723 1329 lucc
757 1291 853 1345 per
889 1293 952 1334 ea
993 1295 1116 1350 qua:
1152 1281 1298 1337 dicta
1336 1293 1464 1338 sunt
1509 1285 1890 1340 existimamus

320 1359 556 1417 Verbum
589 1381 690 1421 nos
719 1369 959 1435 erudire,
983 1372 1130 1442 quod
1165 1373 1297 1427 illud
1321 1375 1566 1445 quidem,
1600 1375 1891 1445 qualecun-

317 1469 426 1522 que
474 1457 547 1510 sit
597 1461 896 1516 secundum
951 1467 1280 1528 essentiam,
1330 1466 1476 1536 quod
1529 1482 1716 1522 eorum
1769 1484 1890 1539 quae

319 1555 469 1608 sunt,
500 1561 724 1618 superat
749 1567 966 1608 omnem
993 1556 1438 1612 constitutionem
1463 1569 1516 1612 et
1537 1559 1890 1615 administra-

1992 385 2281 458 λεγόμενον
2315 386 2488 456 ἔχειν’
2513 385 2730 456 Ἐπειδὴ
2766 385 2974 438 πολλῶν
2999 383 3094 436 καὶ
3117 382 3387 452 διαφόρων
3416 382 3573 450 ἀρω-

1997 474 2201 544 μάτων,
2248 474 2363 528 ἀλλ⁹
2407 476 2468 528 οὐ
2515 476 2635 528 κατ’
2667 474 2832 545 ἀλλην
2887 474 3119 543 ἰδιότητα
3171 469 3573 547 εὐπνοούντων,

1991 565 2211 634 τεχνικὴ
2251 581 2332 626 τις
2364 565 2457 616 καὶ
2480 563 2751 634 ἔμμετρος
2783 561 2924 633 μίξις
2956 562 3017 613 τὸ
3049 559 3285 613 τοιοῦτον
3313 556 3573 628 ἀπεργά-

1993 653 2140 717 ζεται
2175 655 2363 724 μύρον,
2403 657 2529 725 μιᾶς
2570 670 2712 716 τινος
2744 653 2880 716 πόας
2919 650 3150 714 εὐώδους
3191 652 3254 702 ὲκ
3293 651 3401 701 τῶν
3438 665 3574 701 συν-

1992 745 2424 816 εμϐαλλομένων,
2507 745 2674 814 ὄνομα
2706 744 2895 812 νάρδος
2917 742 3081 806 ἐστὶν,
3112 743 3216 812 ὅλῳ
3246 740 3323 810 τῷ
3362 740 3569 793 σκευά-

1995 853 2158 907 σματι
2193 837 2572 906 παρεχομένης
2609 835 2669 887 τὸ
2696 834 2892 904 ὖνομαο
2925 833 2986 885 τὸ
3007 833 3062 886 δὲ
3097 835 3160 886 ὲκ
3189 832 3404 884 πάντων
3454 831 3569 883 τῶν

1991 927 2357 998 ἀρωματικῶν
2409 926 2717 996 ἰδιωμάτων
2768 926 2848 987 είς
2904 924 3032 994 μίαν
3080 919 3569 992 συνερανιζόμενον

1992 1019 2264 1081 εῦπνοιαν,
2295 1019 2370 1080 ὡς
2396 1017 2564 1087 αὐτὴν
2593 1016 2686 1069 τοῦ
2729 1016 2964 1086 νυμφίου
3009 1015 3106 1085 τὴν
3143 1013 3367 1066 εὐωδίαν
3397 1014 3566 1081 ήκε-

1991 1110 2308 1181 καθαρμένη
2341 1108 2592 1178 αἴσθησις
2619 1108 2853 1178 δέχεται·
2887 1106 3057 1159 ταῦτα
3084 1105 3173 1158 διὰ
3201 1104 3306 1156 τῶν
3337 1101 3570 1173 εἰρημέ-

1991 1219 2095 1254 νων
2131 1199 2405 1252 παιδεύειν
2449 1199 2594 1268 ἡμᾶς
2632 1197 2723 1250 τὸν
2763 1196 2933 1264 Λόγον
2978 1195 3222 1264 οἰόμεθα.
3261 1195 3342 1246 ὄτι
3385 1195 3568 1245 ὲκεῐνο

1993 1292 2090 1362 μὲν
2112 1291 2140 1343 ὅ
2162 1290 2212 1341 τί
2244 1307 2371 1342 ποτε
2394 1291 2513 1341 κατ’
2542 1288 2729 1340 οὐσίαν
2760 1289 2896 1347 ἐστὶ,
2923 1286 2985 1337 τὸ
3017 1285 3196 1356 πάσης
3228 1282 3565 1354 ὑπερκείμεο

1989 1398 2079 1434 νον
2119 1381 2217 1450 τῆς
2257 1379 2364 1432 τῶν
2396 1379 2562 1433 ὅντων
2611 1375 2923 1440 συστάσεὼς
2969 1393 3026 1429 τε
3077 1377 3172 1430 καὶ
3213 1377 3562 1444 διοικήσεως,

1989 1471 2281 1542 ἀπρόσιτόν
2309 1487 2369 1522 τε
2399 1469 2493 1523 καὶ
2523 1469 2724 1538 ἀναφὲς
2759 1469 2853 1522 καὶ
2880 1467 3119 1538 ἄληπτον
3139 1483 3152 1496 °
3196 1469 3228 1535 ἡ
3257 1466 3312 1518 δὲ
3338 1467 3396 1518 ἐν
3429 1467 3565 1536 ἡμῖν

1988 1563 2074 1617 διά
2115 1562 2214 1633 τῆς
2254 1561 2364 1615 τῶν
2403 1561 2611 1632 ἀρετῶν
2645 1559 3016 1630 καθαρότητος
3057 1555 3441 1629 μυρεψουμένη
3474 1555 3564 1607 εὐ-

319 1637 544 1704 tiouem,
595 1641 938 1699 inaccessum
981 1655 1084 1709 est,
1123 1664 1299 1719 neque
1342 1652 1486 1721 tangi
1517 1658 1610 1703 aut
1640 1666 1800 1722 comp

2084 1669 2138 1716 α,
2171 1627 2290 1706 ’ἀντ’
2326 1627 2532 1704 ἐκείνου
2572 1651 2702 1720 ἡμῖν
2732 1627 2958 1717 γίνεται,
2995 1627 3300 1718 μιμουμένη
3331 1643 3412 1715 τῷ
3443 1643 3566 1697 καθ’

319 1728 482 1783 heudi
528 1741 752 1800 potest:
793 1739 885 1806 qui
934 1753 1062 1793 vero
1103 1739 1156 1793 iu
1205 1741 1366 1796 nobis
1396 1751 1480 1797 est
1528 1743 1704 1798 bonus
1751 1743 1888 1796 odor

318 1821 490 1875 instar
509 1826 770 1894 unguenti
797 1830 1138 1900 compositus
1167 1849 1262 1902 per
1283 1833 1576 1903 puritatem
1599 1835 1883 1900 virtutum,

318 1913 365 1967 is
388 1915 544 1970 nobis
569 1919 784 1974 exsistit
816 1920 938 1976 loco
964 1921 1134 1987 illius,
1168 1939 1265 1978 sua
1296 1927 1534 1996 puritate
1571 1927 1796 1982 imitans
1831 1927 1886 1981 id

317 2006 465 2074 quod
492 2015 576 2062 est
601 2016 797 2066 natura
839 2013 1116 2069 sincerum
1155 2023 1209 2070 et
1241 2017 1488 2072 interitui
1521 2019 1746 2073 minime
1785 2019 1885 2072 ob-

318 2097 572 2162 noxium,
601 2110 654 2155 et
677 2101 920 2159 bonitate
943 2104 1143 2160 bonum
1163 2147 1176 2168 ,
1210 2118 1263 2162 et
1293 2124 1359 2162 eo
1391 2109 1536 2179 quod
1572 2126 1679 2165 non
1703 2112 1889 2166 interit
1925 2102 1937 2114 ’

315 2186 371 2242 id
402 2188 456 2242 in
483 2191 630 2259 quod
656 2207 763 2247 non
795 2195 942 2249 cadit
964 2196 1251 2263 interitus,
1279 2207 1333 2252 et
1358 2215 1424 2255 eo
1443 2201 1586 2270 quod
1611 2201 1808 2255 mutari
1835 2214 1890 2256 et

316 2278 534 2335 alterari
567 2297 673 2338 non
703 2293 905 2354 potest,
940 2286 991 2341 id
1017 2288 1162 2357 quod
1193 2297 1278 2344 est
1301 2290 1642 2346 immutabile
1671 2300 1725 2346 et
1745 2292 1887 2346 inal-

316 2370 568 2438 terabile,
596 2382 650 2428 et
687 2376 947 2434 erunibus
990 2394 1112 2449 qua:
1146 2380 1198 2432 in
1246 2381 1404 2436 nobis
1441 2390 1590 2438 recte
1619 2395 1888 2453 geruntur

315 2476 380 2515 ex
434 2463 658 2525 virtute.
703 2481 886 2523 veram
930 2470 1184 2525 virtutem
1239 2471 1616 2542 intelligimus,
1660 2473 1728 2530 de
1778 2491 1885 2541 qua

315 2552 449 2606 dicit
479 2555 695 2612 Abacuc
726 2561 990 2629 propheta
1015 2562 1241 2632 “,quod
1261 2565 1670 2634 comprehendit
1695 2583 1886 2624 omnes

315 2647 504 2701 eteius.
531 2648 661 2715 Quae
690 2666 820 2720 ergo
854 2652 969 2707 haec
1001 2654 1228 2710 disserit
1259 2657 1402 2725 apud
1435 2659 1640 2712 amicos
1676 2661 1886 2728 sponsi,

316 2755 512 2809 nempe
540 2741 682 2809 quod
718 2757 878 2796 suum
913 2743 1136 2798 odorem
1163 2744 1375 2800 dederit
1407 2748 1651 2814 nardus;
1693 2749 1804 2804 haec
1833 2759 1887 2803 et

315 2846 437 2898 qu}?
478 2841 608 2886 sunt
661 2832 980 2902 huiusmodi
1018 2836 1148 2890 mihi
1195 2836 1410 2892 videtur
1451 2838 1886 2908 pltilosophando

1987 1744 2184 1814 ἑαυτὴν
2204 1741 2426 1814 καθαρῷ
2454 1743 2515 1794 τὸ
2542 1743 2609 1811 τῇ
2642 1739 2802 1808 φύσει
2827 1739 3119 1810 ἀκήρατον,
3147 1738 3240 1790 καὶ
3266 1736 3346 1807 τῷ
3371 1735 3567 1804 ἀγαθῷ

1985 1837 2046 1890 τὺ
2086 1835 2309 1904 ἀγαθὸν,
2340 1837 2436 1887 καὶ
2471 1831 2549 1903 τῷ
2581 1831 2842 1901 ἀφθάρτῳ
2883 1832 2944 1884 τὸ
2985 1830 3288 1900 ἄφθαρτον,
3338 1829 3436 1881 καὶ
3489 1828 3568 1896 τῷ

1987 1925 2325 1996 ἀναλλοιιὶγτῳ
2365 1925 2424 1978 τὸ
2451 1923 2824 1984 ἀναλλοίωτον,
2864 1922 2957 1975 καὶ
2984 1923 3116 1974 πᾶσι
3151 1923 3261 1984 τοῖς
3288 1920 3411 1972 κατ’
3445 1921 3569 1988 ἀρε-

1985 2019 2085 2090 τὴν
2125 2020 2184 2071 ὲν
2233 2018 2364 2088 ἡμῖν
2403 2013 2856 2084 κατορθουμένοις
2893 2011 2990 2084 τὴν
3027 2011 3284 2083 ἀληθινὴν
3337 2011 3567 2081 ἀρετὴν,

1989 2111 2116 2181 περὶ
2146 2105 2213 2180 ἦς
2251 2125 2414 2178 φησιν
2457 2105 2774 2176 Ἀϐϐακούμ
2805 2107 2833 2158 ὀ
2867 2105 3173 2175 προφήτης,
3210 2102 3287 2166 ὡς
3315 2103 3447 2166 τοὺς
3477 2102 3570 2154 οὐο

1992 2205 2184 2277 ρανούς
2205 2204 2412 2264 πάντας
2433 2197 2813 2268 διαλαϐοὐσης.
2840 2198 3050 2251 Οὐκοῦν
3075 2194 3245 2251 ταῦτα
3271 2195 3409 2265 πρὸς
3438 2196 3566 2257 τοὺς

1989 2295 2174 2366 φίλους
2206 2293 2300 2347 τοῦ
2329 2291 2562 2362 νυμφίου
2590 2288 2880 2354 διεξιοῦσα,
2903 2287 2987 2341 ὅτι
3014 2285 3124 2358 Τὴν
3141 2287 3308 2358 ὀδμὴν
3335 2286 3509 2341 αὐτοῦ
3533 2287 3566 2356 ἡ

1989 2389 2096 2466 ἐμὴ
2136 2387 2328 2459 νάρδος
2368 2387 2492 2457 ἐμοὶ
2521 2385 2700 2438 δίδωσι
2722 2403 2736 2416 ο
2769 2381 2942 2437 ταῦτά
2978 2399 3067 2452 μοι
3106 2381 3199 2433 καὶ
3239 2378 3308 2432 τὰ
3338 2378 3570 2433 τοιαῦτα

1987 2481 2136 2534 δοκεῖ
2163 2477 2522 2549 φιλοσοφοῦσα
2553 2476 2751 2544 λέγειν,
2780 2476 2861 2528 ὅτι
2893 2474 2971 2535 είς
3006 2473 3114 2524 πᾶν
3143 2468 3302 2531 ἄνθος
3335 2469 3570 2531 εὐωδίας

1988 2573 2021 2645 ἢ
2054 2572 2253 2642 ἄρωμα
2279 2571 2342 2622 ἐκ
2367 2569 2476 2621 τῶν
2504 2567 2760 2620 ποικίλων
2792 2566 2890 2634 τῆς
2919 2563 3118 2634 ἀρετῆς
3151 2560 3431 2631 λειμώνων
3474 2561 3569 2612 άν-

1989 2662 2285 2731 θολογὴσας
2305 2700 2318 2721 ,
2361 2659 2534 2712 πάντα
2564 2655 2757 2710 ἑαυτοῦ
2787 2655 2876 2709 τον
2909 2654 3022 2725 βίον
3062 2653 3305 2722 ἐμμυρον
3334 2649 3426 2703 διά
3467 2647 3570 2716 τῆς

1988 2749 2096 2803 τῶν
2117 2749 2236 2803 καθ’
2265 2749 2490 2801 ἕκαστον
2511 2745 2948 2816 ἐπιτηδευμάτων
2976 2741 3225 2812 εὐοδμίας
3246 2739 3571 2809 ἀπεργασά⁴

1994 2858 2174 2913 μενος,
2207 2839 2293 2894 διὰ
2320 2839 2536 2892 πάντων
2572 2839 2780 2906 γένοιτο
2805 2836 3041 2898 τέλειος,
3086 2833 3218 2904 πρὸς
3260 2831 3422 2886 αὐτὸν
3468 2832 3569 2900 μὲν

314 2921 518 2988 dicere,
559 2939 754 2994 nempe
796 2927 942 2996 quod
975 2928 1021 2981 si
1060 2929 1188 2998 quis
1223 2943 1438 2982 omnem
1470 2929 1608 2984 bene
1645 2931 1792 2984 olent

2108 2933 2237 2986 Θεὸν
2263 2933 2454 2999 Λόγον,
2482 2931 2557 2995 ὡς
2587 2930 2722 3002 πρὸς
2748 2929 2898 3000 ἡλίου
2924 2927 3120 2982 κύκλον
3148 2925 3350 2988 ἀτενῶς
3376 2924 3569 2977 ἐνιδεῖν

315 3011 528 3077 ﬂorem,
556 3022 646 3068 aut
675 3029 860 3071 aroma
895 3017 1180 3088 collegerit
1211 3033 1279 3073 ex
1311 3019 1477 3073 variis
1514 3020 1685 3088 pratis
1718 3021 1890 3075 virtu-

313 3101 408 3166 tis,
433 3109 487 3157 et
518 3109 684 3156 totam
713 3118 868 3159 suam
898 3107 1065 3158 vitam
1093 3122 1262 3160 unum
1283 3107 1524 3162 ein-cerit
1550 3117 1887 3178 unguentum

319 3209 413 3259 per
437 3193 643 3248 bonum
677 3195 901 3252 odorem
937 3197 1277 3267 singulorum
1311 3199 1437 3252 vitae
1475 3201 1805 3265 studiorum,
1838 3210 1890 3255 et

316 3297 378 3336 ea
411 3285 620 3338 ratione
657 3300 755 3354 per
807 3287 990 3340 omnia
1041 3285 1207 3342 fuerit
1253 3287 1551 3358 perfectus,
1591 3289 1657 3343 ad
1711 3290 1888 3359 ipsum

315 3375 537 3446 quidem
563 3375 658 3431 Dei
684 3375 947 3443 Verbum,
976 3388 1232 3448 tauquam
1267 3379 1331 3432 ad
1362 3379 1548 3435 orbem
1593 3381 1725 3436 solis
1758 3380 1888 3436 deti-

317 3480 444 3532 gere
473 3467 667 3522 oculos
710 3481 810 3522 sua
853 3483 962 3522 non
1011 3475 1198 3538 potest
1246 3475 1488 3523 natura:
1534 3469 1627 3526 sed
1682 3469 1736 3523 in
1772 3469 1891 3540 ipso

313 3566 576 3627 tanquam
605 3559 658 3613 in
689 3559 920 3629 speculo
961 3560 1130 3615 solem
1159 3559 1373 3629 aspicit.
1406 3561 1555 3616 illius
1577 3561 1721 3616 enim
1751 3576 1890 3616 verte

313 3654 371 3701 et
413 3647 613 3704 divinte
657 3651 882 3705 virtutis
927 3650 1092 3714 radii,
1141 3665 1292 3720 purw
1337 3651 1459 3706 vitm
1507 3651 1888 3707 illucescentes

317 3753 413 3807 per
463 3749 774 3796 manantem
830 3756 895 3796 ex
946 3741 1056 3797 illis
1099 3743 1595 3814 impatibilitatetn,
1651 3743 1890 3798 eliiciunt

316 3831 480 3886 nobis
518 3833 907 3902 aspectabilem
935 3834 1028 3903 qui
1056 3843 1140 3889 est
1172 3836 1605 3905 inaspectabilis,
1653 3846 1705 3890 et
1734 3851 1888 3889 com-

314 3922 740 3992 prehensibilem
786 3939 912 3977 eum
948 3925 1014 3978 ad
1048 3940 1210 3994 quem
1245 3940 1354 3979 non
1403 3932 1553 3995 patet
1599 3924 1801 3986 aditus,
1835 3925 1887 3978 in

315 4013 540 4083 speculo
577 4022 768 4068 nostro
795 4013 966 4067 solem
991 4013 1388 4070 describentes.
1421 4014 1562 4069 Idem
1593 4024 1676 4070 est
1707 4025 1886 4070 autem

314 4105 520 4168 dicere,
551 4102 697 4174 quod
739 4104 810 4158 ad
839 4118 1061 4158 sensum
1107 4105 1321 4169 attinet,
1365 4113 1459 4159 aut
1501 4107 1634 4160 solis
1680 4105 1886 4169 radios,

316 4203 412 4249 aut
439 4195 660 4249 virtutis
693 4195 875 4250 ﬂuxus
908 4203 962 4250 et
992 4197 1388 4262 emanationes,
1419 4203 1512 4250 aut
1538 4195 1733 4262 odores
1764 4212 1888 4251 aro-

1993 3023 2153 3092 φύσιν
2185 3024 2284 3076 οὐκ
2312 3022 2424 3092 ἔχει
2444 3039 2457 3052 ο
2490 3023 2546 3074 ὲν
2577 3019 2756 3090 ἑαυτῷ
2795 3021 2849 3072 δὲ
2896 3017 3144 3086 καθάπερ
3186 3016 3243 3067 ὲν
3273 3013 3572 3085 κατόπτρῳ

1993 3114 2176 3185 βλέπει
2207 3112 2296 3166 τὸν
2334 3113 2506 3182 ἥλιον.
2539 3112 2603 3164 Δί
2642 3111 2752 3181 γὰρ
2779 3110 2879 3179 τῆς
2923 3107 3179 3178 ἀληθινῆς
3216 3105 3430 3175 ἐκείνης
3475 3107 3570 3159 καὶ

1991 3204 2139 3268 θείας
2183 3206 2384 3275 ἀρετῆς
2418 3204 2636 3265 ἀκτῖνες
2665 3200 2741 3272 τῷ
2777 3199 3174 3269 κεκαθαρμένῳ
3209 3197 3307 3266 βίῳ
3333 3195 3424 3248 διὰ
3465 3196 3570 3264 τῆς

1991 3295 2368 3367 ἀπορρεούσης
2404 3293 2586 3346 αὐτῶν
2629 3291 2897 3354 ἀπαθείας
2935 3289 3339 3360 ὲκλάμπουσαι,
3371 3286 3569 3357 ὁρατὸν

1991 3387 2240 3440 ποιοῦσιν
2257 3387 2388 3456 ἡμῖν
2406 3385 2465 3438 τὸ
2479 3384 2728 3456 ἀόρατον,
2747 3383 2842 3436 καὶ
2860 3379 3062 3451 ληπτὸν
3075 3377 3135 3431 τὸ
3156 3377 3470 3443 ἀπρόσιτον,
3489 3375 3571 3446 τῷ

1990 3477 2244 3548 ἡμετέρῳ
2268 3476 2558 3546 κατόπτρῳ
2581 3471 3028 3544 ὲνζωγραφοῦσαι
3053 3470 3143 3522 τὸν
3165 3468 3333 3538 ἥλιον.
3358 3466 3570 3520 Ταυτδν

1989 3568 2045 3621 δέ
2074 3570 2222 3621 ἐστιν
2248 3567 2323 3630 ὡς
2351 3565 2486 3637 πρὸς
2511 3564 2572 3618 τὺ
2599 3564 2918 3634 ἐγκείμενον
2947 3561 3144 3632 νόημα,
3177 3560 3210 3629 ἢ
3240 3559 3466 3620 ἀκτῖνας
3493 3559 3571 3609 ei-

1990 3659 2112 3709 πεῖν
2147 3657 2320 3727 ἡλίου,
2355 3655 2387 3726 ἢ
2424 3657 2522 3726 τῆς
2562 3655 2762 3727 ἀρετῆς
2794 3651 3109 3724 ἀπορροίας,
3143 3650 3176 3720 ἢ
3216 3648 3314 3710 τὰς
3345 3649 3570 3717 ἀρωμα-

1989 3749 2144 3812 τικὰς
2172 3747 2417 3811 εὐωδίας.
2451 3748 2519 3799 Ὅ
2559 3765 2610 3799 τι
2636 3745 2744 3817 γὰρ
2784 3743 2851 3798 ἂν
2879 3745 2942 3796 ὲκ
2969 3739 3172 3794 τούτων
3197 3739 3330 3808 πρὸς
3354 3737 3445 3789 τὸν
3473 3735 3568 3788 τοῦ

1988 3841 2146 3908 λόγου
2203 3838 2406 3892 σκοπὸν
2444 3837 2802 3907 ὐποθώμεθα,
2838 3835 2896 3887 ἓν
2938 3833 2997 3899 ἐξ
3049 3831 3303 3884 ἁπάντων
3345 3827 3464 3880 ἐστὶ
3509 3826 3570 3878 τδ

1991 3931 2336 4001 ἐγγινόμενον
2385 3931 2584 4000 νόημα,
2633 3929 2693 3982 τὸ
2743 3928 2830 3982 διὰ
2877 3927 2984 3978 τῶν
3034 3923 3241 3994 ἀρετῶν
3288 3924 3423 3991 ἡμῖν
3472 3917 3567 3972 τοῦ

1991 4024 2169 4077 πάντα
2221 4021 2345 4075 νοῦν
2392 4021 2751 4094 ὑπερέχοντος
2795 4016 2999 4086 ἀγαθοῦ
3042 4018 3140 4086 τὴν
3176 4013 3378 4078 γνῶσιν
3417 4013 3569 4082 ὲγγί-

1990 4114 2196 4179 νεσθαι,
2234 4112 2421 4185 ὥσπερ
2449 4113 2565 4167 ἔστι
2612 4111 2701 4165 διά
2743 4128 2885 4172 τινος
2923 4109 3128 4170 εἰκόνος
3168 4107 3228 4158 τὸ
3257 4105 3566 4175 ἀρχέτυπον

1992 4206 2186 4269 κάλλος
2221 4203 2660 4272 ἀναλογίσασθαι.
2699 4203 2854 4256 Οῦτω
2887 4201 2980 4254 καὶ
3009 4198 3241 4260 Παῦλος.
3273 4199 3306 4266 ὴ
3353 4195 3562 4266 νύμφη,

314 4288 568 4343 maticos.
601 4286 876 4358 Quidquid
915 4287 1059 4341 enim
1095 4289 1442 4358 posuerimus
1471 4305 1535 4343 ex
1571 4304 1636 4344 eo
1668 4288 1732 4343 ad
1764 4304 1796 4344 si

2080 4297 2132 4350 ιά
2165 4297 2274 4349 τῶν
2307 4295 2515 4365 ἀρετῶν
2542 4293 2632 4347 τὸν
2669 4292 2900 4364 νυμφίον
2938 4289 3295 4361 μιμούμενος,
3323 4287 3419 4339 καὶ
3459 4287 3561 4350 ζωο

315 4395 442 4448 pum
471 4379 645 4444 verbi,
675 4394 782 4433 una
825 4388 911 4435 est
936 4394 1057 4450 quae
1086 4396 1152 4435 ex
1191 4381 1453 4435 omnibus
1489 4379 1547 4434 [it
1589 4380 1884 4444 sententia,

315 4485 512 4540 nempe
540 4471 685 4540 quod
717 4471 847 4525 boni
884 4472 1198 4541 superantis
1225 4487 1438 4526 omnem
1465 4472 1884 4543 intelligentiam

315 4576 414 4633 per
442 4562 678 4616 virtutes
717 4562 880 4617 nobis
907 4563 1152 4632 cognitio
1193 4564 1357 4627 inest,
1389 4563 1533 4618 sicut
1564 4579 1660 4632 per
1690 4577 1885 4632 quam-

312 4653 441 4710 dam
493 4653 784 4722 imaginem
836 4656 1062 4725 cogitari
1105 4664 1285 4725 potest
1339 4655 1602 4724 primaria
1645 4655 1887 4724 pulchri—

316 4747 465 4802 tudo.
498 4745 574 4800 Ita
600 4747 766 4801 etiam
803 4747 1006 4804 Paulus
1029 4749 1098 4812 ³⁸,
1133 4748 1225 4818 qui
1271 4757 1358 4803 est
1400 4763 1622 4817 sponsa.
1651 4763 1750 4817 per
1776 4749 1888 4802 vir—

313 4847 460 4893 tutes
490 4853 752 4908 sponsum
807 4839 1048 4905 imitans,
1081 4848 1136 4894 et
1184 4855 1280 4908 per
1324 4839 1558 4908 speciem
1596 4839 1650 4892 in
1701 4854 1759 4893 se
1788 4839 1884 4895 de-

314 4930 566 4985 scribens
584 4944 702 4985 eam
725 4929 789 4984 ad
813 4946 976 5000 quam
1009 4945 1114 4984 non
1137 4940 1284 5000 patet
1303 4931 1483 4984 aditus
1512 4930 1885 4999 pulchritudi-

318 5036 532 5086 nem,ex
552 5021 821 5076 fructibus
839 5021 1596 5091 spiritus,charitate,gaudio
1608 5030 1659 5076 et
1675 5029 1889 5092 pacc,et

314 5126 438 5183 quae
464 5121 596 5167 sunt
623 5111 937 5181 bujusmodi
971 5113 1202 5182 species,
1237 5112 1375 5166 hanc
1397 5112 1628 5167 nardum
1659 5127 1886 5182 compo-

316 5220 454 5260 nens
487 5212 747 5275 tanquam
783 5206 1198 5276 unguentarius,
1233 5207 1368 5260 dicit
1401 5207 1454 5260 in
1488 5221 1547 5260 se
1573 5222 1699 5262 esse
1724 5206 1878 5262 Chri-

315 5295 385 5350 sti
412 5295 618 5350 bonum
650 5296 894 5358 odorem,
920 5297 1146 5366 gratiam
1179 5296 1327 5350 illam
1355 5305 1794 5366 exsuperantem,
1817 5297 1882 5351 ad

315 5399 477 5460 quam
509 5400 618 5440 non
665 5394 813 5456 patet
848 5387 1048 5451 aditus,
1087 5389 1140 5442 in
1184 5389 1366 5459 seipse
1403 5387 1663 5456 odorans,
1696 5397 1750 5444 et
1796 5404 1880 5445 se-

389 5553 658 5617 “Ilabac.
685 5571 764 5610 tu.
805 5559 856 5612 5.
936 5560 978 5590 ³³
1037 5559 1078 5613 ιι
1113 5560 1237 5615 Cor.
1280 5577 1378 5625 xu,
1414 5561 1448 5614 ‘2
1487 5578 1605 5633 sqq.

1993 4387 2221 4458 γραφῶν
2265 4385 2442 4455 ἑαυτῷ
2487 4385 2576 4438 διὰ
2620 4383 2714 4436 τοῦ
2761 4383 2873 4454 βίου
2915 4383 2976 4435 τὸ
3018 4381 3309 4451 ἀπρόσιτον
3347 4375 3564 4438 κάλλος,

1992 4477 2055 4530 ἔκ
2088 4493 2145 4529 τε
2183 4476 2291 4529 τῶν
2322 4475 2548 4548 καρπῶν
2589 4473 2684 4527 τοῦ
2733 4475 3059 4543 πνεύματος.
3109 4471 3330 4538 ἀγάπης
3373 4485 3433 4519 τε
3476 4466 3567 4520 καὶ

1992 4568 2186 4638 χαρᾶς,
2237 4568 2330 4621 καὶ
2373 4568 2616 4639 εἰρήνης.
2654 4566 2748 4619 καὶ
2780 4565 2888 4616 τῶν
2926 4563 3180 4616 τοιούτων
3213 4559 3368 4613 εἰδῶν
3402 4573 3567 4628 μυρο-

1991 4659 2108 4728 ψῶν
2155 4659 2360 4729 ταύτην
2409 4659 2508 4728 τὴν
2552 4657 2780 4728 νάρδον,
2827 4654 3063 4726 Χριστοῦ
3104 4652 3332 4706 εὐωδίαν
3383 4649 3566 4716 ἔλεγεν

1991 4752 2184 4805 ἑαυτὸν
2223 4747 2362 4803 εἶναι
2383 4789 2397 4813 ,
2427 4750 2526 4820 τὴν
2566 4749 2858 4820 ἀπρόσιτον
2889 4747 3106 4816 ἐκείνην
3141 4745 3236 4798 καὶ
3269 4742 3565 4812 ὑπερέχου-

1993 4860 2088 4896 σαν
2118 4843 2276 4912 χάριν
2315 4844 2372 4895 ὲν
2402 4841 2578 4910 ἑαυτῷ
2614 4840 3057 4911 ὀσφραινόμενος,
3101 4835 3195 4888 καὶ
3239 4835 3350 4895 τοῖς
3385 4831 3562 4893 ἀλλοις

1991 4931 2181 4985 ἑαυτὸν
2207 4930 2460 5001 παρέχων
2489 4929 2676 5000 ὥσπερ
2699 4929 2950 4998 θυμίαμά
2975 4946 3028 4979 τι
3059 4927 3176 4980 κατ’
3200 4922 3451 4988 ἐξουσίαν
3478 4922 3563 4974 ἀν·

1989 5022 2437 5092 τιλαμὸάνεσθαι,
2468 5021 2525 5085 ὃς
2563 5020 2706 5073 κατά
2736 5020 2834 5090 τὴν
2869 5019 3174 5090 προσοῦσαν
3203 5015 3419 5082 ἑκάστῳ
3450 5012 3561 5066 διά·

1994 5114 2174 5178 θεσιν,
2203 5114 2237 5185 ἦ
2283 5113 2541 5178 ζωοποιδς
2575 5111 2803 5179 ἐγίνετο,
2835 5110 2868 5180 ἢ
2909 5107 3279 5178 θανατηφόρος
3315 5102 3557 5156 εῦπνοια.

1997 5207 2203 5276 Ὠσπερ
2240 5203 2301 5257 τὸ
2343 5203 2474 5256 αὐτὸ
2517 5203 2686 5273 μύρον
2730 5203 2778 5253 εἰ
2824 5199 3094 5270 κάνθαρος
3132 5197 3226 5250 καὶ
3265 5191 3558 5265 περιστερὰ

1995 5296 2348 5368 προστεθείη,
2397 5295 2455 5348 οὐ
2503 5294 2699 5347 ταύτὸν
2750 5294 2835 5365 ἐπ’
2873 5291 3197 5362 ἀμφοτέρων
3235 5285 3554 5358 ἐργάζεταισ

1993 5387 2108 5442 ἀλλ’
2133 5389 2166 5458 ἡ
2191 5388 2287 5458 μὲν
2313 5387 2607 5458 περιστερά
2634 5383 3048 5457 ῥωμαλαιοτέρα
3071 5380 3158 5436 διὰ
3184 5379 3285 5450 τῆς
3307 5375 3555 5438 εὐπνοίας

1971 5543 1982 5580 i
