3742 5986
111 179 227 237 823

1188 193 1251 248 IN
1294 195 1590 253 CANTICA
1629 198 1904 256 CANTIC.
1941 198 2221 256 IIOMILIA
2263 198 2348 255 Ill.

3262 203 3371 262 8'28

100 297 207 354 τοῦ
243 298 420 370 μύρου
466 299 694 369 γίνεται,
724 304 753 357 ὁ
794 303 850 358 δὲ
892 303 1158 378 κάνθαρος
1202 309 1513 382 φθείρεται·
1552 312 1666 367 οὔτι

1847 329 1979 369 ιευιιι
2030 313 2155 368 aliis
2207 314 2478 383 praebens,
2532 322 2791 385 tanquam
2845 317 3079 386 aliquem
3129 319 3365 376 sullitum

102 390 263 475 καὶδ
288 389 464 460 μέγας
488 391 697 458 Παῦλος
723 393 785 448 τὸ
814 394 956 449 θεῖον
995 398 1173 451 έκεῖνο
1197 397 1469 472 θυμίαμα,
1512 405 1562 457 εί
1592 404 1692 475 μέν

98 494 194 540 τις
217 473 290 549 ἦν
315 482 635 553 περιστερὰ,
656 487 689 557 ἢ
717 481 737 503 '
755 484 931 552 Τῖτον,
955 485 987 556 ἢ
1010 485 1318 555 Σιλουανὸν,
1342 490 1376 562 ἢ
1407 473 1689 563 Τιμόθεον,

104 572 482 641 συμμετεῖχεν
504 571 653 643 αὐτῷ
671 572 772 643 τῆς
790 574 1017 640 εὐωδίας
1034 577 1128 630 τοῦ
1153 579 1349 650 μύρου,
1372 583 1692 653 προκόπτων

100 663 168 715 ἰν
198 663 364 715 παντὶ
396 662 547 734 καλῷ
572 668 685 729 τοῖς
713 668 831 720 κατ’
865 668 1029 722 αὐτὸν
1074 670 1487 743 ὑποδείγμασιν.
1536 676 1600 728 El
1636 675 1692 730 δὲ

97 751 304 821 Δημᾶς
330 769 417 816 τις
446 748 515 823 ἦν
550 754 584 826 ἢ
643 755 1011 828 ’Δλέξανδρος,
1044 760 1077 831 ἢ
1119 761 1471 835 Ἑρμογένης,
1506 766 1566 818 οὐ
1599 766 1693 835 φέ-

104 857 302 911 ροντες
329 844 389 896 τὸ
421 843 523 914 τῆς
555 846 879 917 ἐγκρατείας
915 848 1187 921 θυμίαμα,
1218 853 1506 926 κανθάρων
1535 856 1691 929 δίκην

100 932 219 985 ὑπὸ
273 933 375 1003 τῆς
423 935 652 1001 εὐωδίας
697 939 1115 1007 ὲφυγαδεύοντο.
1165 937 1239 997 Οὐ
1295 945 1455 1019 χάριν
1506 946 1689 1016 ἔλεγεν

96 1024 135 1077 ὁ
170 1026 290 1087 τοῖς
325 1026 584 1091 τοιούτοις
615 1028 857 1083 εὐπνοῶν
905 1032 1130 1104 μύροις,
1177 1034 1260 1087 ὅτι
1308 1038 1566 1105 Χριστοῦ
1592 1042 1691 1093 εὐ-

97 1114 258 1169 ωδία
284 1116 494 1187 ἐσμὲν,
510 1119 583 1172 ἐν
601 1121 722 1187 τοῖς
747 1120 1116 1192 σωζομένοις.
1145 1127 1244 1180 καί
1263 1128 1336 1181 ἐν
1356 1128 1482 1195 τοῖς
1504 1131 1690 1185 ἀπολ-

93 1205 416 1274 λυμένοις,
469 1204 560 1276 οἷς
601 1210 720 1279 μὲν
763 1211 925 1282 ὀσμὴ
961 1215 1222 1271 θανάτου
1262 1220 1353 1284 εις
1394 1218 1685 1275 θάνατον’

95 1290 199 1361 οΖς
244 1295 316 1349 δὲ
357 1297 516 1367 ὀσμὴ
571 1297 719 1368 ζωῆς
761 1303 846 1367 εις
898 1301 1072 1373 ζωήν.
1116 1304 1182 1359 Εἰ
1219 1306 1279 1360 δέ
1325 1324 1378 1361 τι
1428 1308 1689 1379 συγγενὲς

93 1389 202 1441 καὶ
246 1390 282 1460 η
321 1388 650 1462 εὐαγγελικὴ
688 1393 880 1464 νάρδος
939 1394 1052 1465 ἔχει
1099 1397 1236 1469 πρὸς
1267 1398 1330 1452 τὸ
1382 1400 1552 1471 μύρον
1586 1401 1687 1472 τῆς

93 1479 359 1550 νύμφης,
422 1478 601 1546 ἔξεστι
655 1481 734 1552 τῷ
792 1482 1098 1558 βουλομένῳ
1149 1486 1239 1541 διὰ
1280 1489 1391 1542 τῶν
1443 1507 1687 1562 γεγραμ-

96 1569 289 1640 μένων
344 1572 791 1642 ὰναλογίσασθαι,
845 1576 930 1639 τίς
973 1572 1039 1649 ἦν
1091 1580 1272 1651 ἐκείνη
1321 1581 1355 1651 ἡ
1408 1580 1599 1652 νάρδος
1649 1583 1685 1654 ἡ

1794 405 1967 460 libere
2009 404 2445 474 suscipiendum,
2497 404 2701 476 quibus
2731 408 3125 463 convenienter
3165 412 3215 466 ei
3247 427 3368 481 quae

1795 495 2098 566 unicuique
2130 495 2284 551 adest
2314 494 2625 561 .allectioni,
2656 498 2738 552 vel
2777 498 3026 555 viviticus
3058 502 3142 556 vel
3186 502 3367 558 letifer

1791 592 1911 638 erat
1970 584 2195 639 halitus.
2241 584 2528 651 Quamodo
2576 586 2719 640 enim
2762 585 2906 640 idem
2947 577 3285 658 unguentum
3316 593 3363 651 si

1793 675 1959 731 fuerit
1989 677 2299 746 appositum
2335 678 2614 733 scarabaeo
2654 687 2708 733 et
2742 680 3028 744 columbae,
3065 697 3176 736 non
3222 682 3364 739 idem

1791 767 1955 822 ellicit
1986 768 2040 822 in
2073 769 2318 837 utrisque
2350 787 2364 821 :
2395 769 2489 824 sed
2514 770 2765 824 columba
2796 771 3013 840 quidem
3043 788 3136 841 per
3164 773 3365 828 bonum

1792 859 2056 928 unguenti
2089 859 2319 913 halitum
2355 859 2414 914 fit
2451 861 2752 927 robustior,
2800 862 2987 916 interit
3018 873 3197 917 autem
3246 880 3368 918 sca-

1790 950 2036 1004 rabwus:
2081 950 2154 1003 ita
2190 950 2354 1004 etiam
2410 967 2638 1022 magnus
2688 951 2893 1006 Paulus
2941 953 2995 1005 in
3040 953 3229 1005 divino
3274 953 3367 1006 illo

1790 1040 1993 1106 suflitn,
2030 1041 2076 1096 si
2113 1051 2230 1095 erat
2266 1042 2487 1112 quidem
2531 1043 2805 1112 quispiam
2853 1045 3038 1113 aliqua
3086 1044 3362 1109 columba,

1789 1141 1883 1185 aut
1913 1129 2071 1186 Titus
2097 1139 2191 1184 ant
2223 1130 2517 1203 Sylvanus,
2537 1140 2633 1186 aut
2653 1130 2994 1196 Timotheus,
3016 1149 3139 1188 eum
3172 1134 3368 1202 imper-

1790 1222 1956 1277 tiebat
1991 1223 2136 1277 bono
2176 1223 2348 1278 odoro
2385 1223 2670 1294 unguenti,
2707 1232 2765 1278 ut
2808 1224 2899 1294 qui
2934 1226 2989 1278 in
3028 1225 3172 1278 omni
3220 1225 3363 1280 bono

1788 1328 1889 1369 sua
1910 1315 2200 1383 proliceret
2220 1315 2473 1370 doctrina
2500 1323 2556 1371 et
2584 1317 2854 1385 exemplo.
2884 1315 2989 1371 Sed
3019 1317 3063 1370 si
3087 1316 3361 1386 quispiam

1786 1414 1909 1461 erat
1956 1405 2150 1463 Demas
2197 1416 2292 1461 aut
2323 1406 2652 1472 Alexander,
2690 1416 2784 1462 aut
2821 1407 3215 1476 Hermogenes,
3255 1424 3362 1462 non

1791 1496 2028 1553 ferentes
2076 1498 2317 1554 sullitum
2373 1499 2765 1564 continentiae,
2826 1515 2935 1553 nun
2991 1515 3154 1554 secus
3199 1509 3362 1569 atque
3426 1548 3431 1559 .

1788 1590 2054 1645 scarabaei
2110 1589 2441 1661 fugahantur
2489 1606 2521 1645 a
2573 1590 2719 1646 bono
2764 1591 2952 1645 odore.
2994 1588 3386 1655 Quamobrem-

95 1663 357 1734 πιστικὴ,
393 1666 428 1734 ὴ
462 1664 791 1737 πολύτιμος,
835 1668 870 1738 ή
916 1669 1278 1740 καταχεθεῖσα
1317 1672 1418 1742 μὲν
1453 1672 1555 1743 τῆς
1591 1690 1666 1726 κει

1847 1680 2004 1735 cebat
2056 1680 2103 1735 is
2146 1651 2241 1750 qvui
2293 1680 2565 1750 ejusmodi
2623 1679 2764 1733 bona
2819 1651 3358 1747 olebat'unguenta:

95 1754 285 1825 φαλῆς
331 1754 430 1807 τοῦ
482 1757 724 1827 Κυρίου,
777 1758 957 1812 πάντα
1005 1759 1063 1814 δὲ
1105 1761 1197 1814 τὸν
1245 1757 1390 1816 οἷκον
1443 1765 1542 1834 τῆς
1587 1766 1681 1819 εὐ-

93 1846 271 1911 ωδίας
312 1847 669 1919 πληρώσασα.
708 1850 862 1923 Τάχα
916 1851 1025 1924 γὰρ
1069 1853 1171 1906 οὐκ
1208 1853 1549 1919 ἀπεξένωται
1587 1856 1681 1911 τοῦ

98 1937 281 2009 μύρου
326 1939 390 1992 τὸ
424 1939 626 2012 μύρον,
678 1942 707 1996 δ
737 1945 804 2014 τῇ
850 1943 1036 2018 νύμφῃ
1086 1945 1184 2016 μὲν
1222 1944 1321 2018 τὴν
1369 1947 1538 2020 ὀδμὴν
1586 1948 1681 2003 τοῦ

94 2028 338 2098 νυμφίου
382 2029 596 2085 δίδωσιν
617 2048 630 2063 ’
661 2033 721 2088 ὲν
759 2034 815 2087 δὲ
855 2034 934 2105 τῷ
969 2035 1285 2106 Εὐαγγελίῳ
1315 2037 1483 2090 αὐτοῦ
1511 2054 1682 2092 κατα-

95 2118 268 2189 χυθὲν
307 2120 404 2174 τοῦ
446 2124 687 2195 Κυρίου,
742 2124 940 2195 πληροῖ
987 2125 1088 2197 τῆς
1127 2127 1358 2190 εὐωδίας
1394 2127 1487 2182 τὸν
1533 2129 1682 2184 οἷκον

94 2213 157 2266 δν
197 2205 249 2280 ᾧ
277 2212 339 2267 τὺ
375 2216 672 2286 συμπόσιον
697 2211 786 2287 ἦν.
815 2220 972 2271 Δοκεῖ
1015 2218 1125 2289 γάρ
1156 2235 1248 2289 μοι
1278 2219 1440 2272 κάκεῖ
1468 2236 1681 2292 προφη-

95 2304 241 2375 τικῷ
288 2321 397 2358 τινι
452 2306 724 2379 πνεύματι
764 2309 1105 2381 προμηνῦσαι
1153 2310 1249 2365 διὰ.
1290 2311 1387 2365 τοῦ
1428 2313 1599 2383 μύρου
1646 2314 1680 2384 ἡ

97 2395 246 2466 γυνὴ
314 2395 379 2449 τὸ
425 2396 523 2450 τοῦ
559 2398 788 2454 θανάτου
829 2402 1159 2473 μυστήριον,
1200 2401 1381 2466 καθὼς
1417 2407 1683 2476 μαρτυρεῖ

99 2489 221 2552 τοῖς
268 2490 400 2559 παρ’
430 2491 601 2562 αὐτῆς
628 2493 1012 2564 γεγενημένοις
1047 2497 1076 2548 ὁ
1101 2494 1304 2563 Κύριος
1345 2496 1550 2564 λέγων·
1598 2497 1680 2551 ὃτι

97 2579 442 2647 Προένῖιισεν
477 2584 565 2649 εις
605 2583 672 2635 τὸ
702 2584 1058 2654 ἐνταφιάσαι
1090 2602 1187 2654 με.
1238 2587 1348 2640 Καὶ
1387 2586 1476 2640 τὸν
1528 2582 1677 2642 οἷκον

100 2670 460 2742 πληρωθέντα
476 2675 574 2744 τῆς
594 2675 818 2739 εὐωδίας
839 2677 958 2731 ἀντὶ
977 2676 1178 2740 παντὸς
1208 2675 1303 2730 τοῦ
1337 2677 1563 2748 κόσμου,
1588 2680 1681 2732 κα)⁵

98 2764 227 2834 ὅλης
274 2767 373 2835 τῆς
409 2766 732 2838 οἰκουμένης
781 2770 921 2822 νοεῖν
966 2764 1310 2836 ὑποτίθεται,
1349 2771 1550 2829 εἰπών·
1598 2772 1680 2825 ὅτι

99 2853 301 2910 Ὅπου
327 2855 441 2911 ἐὰν
474 2858 747 2928 κηρυχθῇ
782 2859 849 2913 τὸ
865 2859 1232 2931 Εὐαγγέλιον
1252 2860 1428 2917 τοῦτο
1460 2863 1532 2917 ἐν
1558 2863 1678 2928 ὅλῳ

98 2946 178 3047 αξ)
216 2950 457 3047 κόσμῳ,
490 2952 530 3019 ἠ
565 2951 725 3020 ὀσμὴ
759 2950 867 3006 τοῦ
909 2952 1088 3023 ἔργου
1136 2953 1678 3023 συνδιαδοθιξσεται
1709 2992 1750 3047 C

97 3039 177 3105 τῷ
202 3040 315 3094 τοῦ
346 3043 717 3113 Εὐαγγσελίου
762 3045 1089 3114 κηρύγματι
1107 3087 1122 3111 ,
1150 3047 1248 3101 καὶ
1276 3048 1677 3117 μνημόσυνον

96 3133 293 3198 ἔσται,
331 3134 484 3204 φησὶ,
506 3135 727 3203 ταύτης
750 3135 817 3189 τὸ
834 3136 1219 3207 Εὐαγγέλιον.
1249 3138 1456 3193 Οὐκοῦν
1489 3141 1547 3193 ὲν
1574 3140 1675 3211 μὲν

96 3225 174 3296 τῷ
241 3226 483 3297 ’ᾼσματι
524 3227 633 3280 τῶν
676 3228 959 3300 ᾀσμάτων,
1023 3231 1057 3299 ή
1113 3230 1306 3302 νάρδος
1352 3231 1451 3302 τὴν
1501 3232 1676 3302 ὀσμὴν

97 3315 190 3369 τοῦ
225 3315 465 3388 νυμφίου
496 3320 564 3389 τῇ
609 3317 794 3389 νύμφῃ
825 3318 1007 3373 δίδωσι
1026 3336 1040 3351 °
1070 3321 1126 3373 ἐν
1162 3321 1219 3375 δὲ
1248 3320 1324 3392 τῷ
1358 3323 1676 3393 Εὐαγγελίιρ

99 3405 218 3459 ὅλου
243 3406 342 3461 τοῦ
371 3406 620 3477 σώματος
648 3408 746 3478 τῆς
783 3409 1109 3479 Ἐκκλησίας
1135 3411 1192 3464 ὲν
1217 3412 1367 3483 πασῃ
1400 3415 1465 3483 τῇ
1498 3415 1676 3467 οίκου-

104 3495 236 3568 μένῃ
278 3496 376 3549 καὶ
405 3498 463 3550 ὲν
504 3498 666 3551 παντὶ
691 3498 770 3569 τῷ
802 3498 991 3569 κόσμῳ
1022 3501 1258 3570 Χριστοῦ
1300 3503 1496 3557 εὐωδία
1529 3504 1675 3572 γίνε-

101 3602 215 3646 ται,
238 3589 272 3656 ὴ
307 3585 430 3639 τότε
458 3586 548 3640 τὸν
575 3583 722 3641 οἶκον
750 3586 1105 3659 πληρώσασα,
1134 3589 1275 3660 τάχα
1304 3608 1387 3654 τις
1424 3592 1675 3664 εὑρίσκε-

102 3693 183 3729 ται
226 3677 317 3731 διὰ
371 3677 575 3733 τούτων
619 3679 871 3735 κοινωνία
903 3680 960 3735 ὲν
1005 3680 1368 3755 ἀμφοτέροις,
1411 3682 1488 3747 ὼς
1520 3682 1579 3737 ἒν
1609 3683 1680 3738 τὰ

101 3767 190 3823 δύο
215 3770 419 3825 δοκεῖν.

1786 1767 1986 1824 Christi
2013 1770 2179 1824 bonus
2214 1769 2346 1825 odor
2373 1785 2555 1824 sumus
2586 1771 2640 1823 in
2672 1771 2738 1823 iis
2769 1771 2857 1840 qui
2890 1778 3184 1831 servantur,
3218 1779 3266 1821 et
3306 1770 3360 1823 in

1785 1863 1849 1917 iis
1884 1863 1974 1932 qui
2006 1872 2262 1930 pereunt:
2295 1862 2417 1916 aliis
2449 1872 2624 1916 autem
2657 1862 2790 1915 odor
2809 1864 2996 1937 mortis
3033 1862 3086 1914 in
3115 1871 3358 1925 mortem,

1783 1955 1904 2008 aliis
1931 1962 2105 2007 autem
2140 1954 2271 2006 odor
2299 1954 2419 2007 vitm
2457 1953 2512 2006 in
2553 1954 2715 2005 vitam
2737 1951 2806 2005 ³⁸.
2851 1951 3008 2018 Quod
3059 1950 3107 2007 si
3154 1951 3360 2004 nardus

1782 2044 2098 2114 evangelica
2126 2043 2286 2098 habet
2308 2043 2547 2112 aliquam
2573 2041 2888 2097 aliinitatem
2924 2058 3047 2097 rum
3080 2052 3359 2112 unguento

1783 2151 2018 2206 sponsae,
2051 2135 2178 2190 licet
2203 2135 2404 2191 volenti
2435 2150 2532 2206 per
2548 2150 2610 2191 ea
2636 2151 2759 2207 qua:
2786 2135 2994 2205 scripta
3022 2142 3154 2190 sunt
3174 2137 3359 2189 animo

1782 2227 1958 2297 cogita
1968 2241 2023 2281 re
2040 2212 2274 2298 quaenam
2306 2239 2438 2287 esset
2461 2229 2645 2286 nardus
2663 2230 2752 2284 illa
2765 2228 2948 2300 pistica
2961 2225 3198 2298 pretiosa
3208 2267 3223 2292 ,
3236 2241 3359 2295 quae

1783 2316 1999 2372 Domini
2023 2316 2245 2387 quidem
2267 2316 2434 2386 capiti
2462 2316 2665 2385 infusa,
2683 2323 2849 2370 totam
2879 2316 3099 2371 domum
3130 2316 3359 2385 replevit

1783 2404 1929 2459 bono
1952 2403 2121 2458 odore
2138 2404 2203 2456 ".
2229 2401 2391 2459 Forte
2416 2404 2562 2458 enim
2586 2419 2693 2459 non
2721 2402 2825 2458 fuit
2849 2405 2916 2458 ab
2939 2415 3217 2475 unguento
3234 2404 3358 2459 alie-

1782 2509 1912 2549 num
1950 2501 2308 2564 unguentum,
2341 2493 2487 2564 quod
2519 2495 2733 2565 sponsa:
2764 2493 2980 2564 quidem
3012 2496 3103 2549 dat
3132 2494 3356 2550 odorem

1782 2585 1993 2656 sponsi,
2020 2586 2070 2638 in
2092 2584 2384 2655 Evangelio
2405 2596 2583 2640 autem
2606 2585 2845 2641 infusum
2871 2586 2970 2655 ipsi
2993 2585 3241 2651 Domino,
3264 2587 3360 2640 im-

1782 2679 1892 2749 plet
1913 2679 2054 2732 bono
2071 2678 2240 2733 odore
2265 2676 2487 2732 domum
2511 2678 2567 2731 in
2594 2692 2700 2747 qua
2728 2685 2848 2732 erat
2868 2678 3198 2731 convivium.
3225 2676 3356 2731 Mihi

1781 2772 1926 2826 enim
1947 2771 2162 2826 videtur
2180 2770 2502 2841 prophetico
2525 2769 2758 2838 quodam
2777 2768 2974 2838 spiritu
2997 2784 3092 2836 per
3112 2783 3356 2837 unguen—

1783 2872 1898 2917 tum
1923 2863 2262 2934 signilicasse
2285 2860 2480 2916 mulier
2512 2863 2703 2915 mortis
2726 2861 3066 2932 mysterium,
3083 2860 3356 2930 quomodo

1784 2956 1853 3011 iis
1879 2971 2001 3026 quin
2035 2956 2104 3009 ab
2137 2955 2254 3025 ipsa
2295 2954 2454 3014 fiunt,
2503 2952 2608 3007 fert
2644 2954 2910 3008 Dominus
2954 2953 3352 3017 testimonium,

1783 3048 2016 3104 dicens:
2077 3046 2467 3115 Prcoccupavit
2504 3045 2573 3098 ad
2623 3060 2703 3099 me
2747 3043 3100 3113 sepeliendum
3129 3043 3194 3097 ³⁸.
3249 3041 3355 3096 Ι)οέ

1779 3157 1926 3195 nium
1959 3149 2140 3195 autem
2175 3140 2319 3194 bono
2350 3138 2522 3192 odore
2551 3136 2837 3206 repletam,
2870 3150 2969 3205 pro
3003 3142 3120 3189 toto
3151 3130 3357 3186 mundo

1772 3241 1827 3288 et
1883 3232 2143 3287 universo
2180 3231 2316 3285 orbe
2367 3236 2644 3283 terrarum
2698 3227 2955 3281 admonet
2988 3241 3112 3281 esse
3162 3224 3358 3278 intelli-

1772 3323 2042 3392 gendum,
2099 3321 2293 3375 dicens
2344 3338 2357 3373 :
2427 3316 2730 3386 Ubicunque
2792 3318 3141 3385 praedicatum
3198 3315 3356 3384 fuerit

1771 3412 1869 3467 Itoc
1897 3411 2247 3481 Evangelium
2277 3410 2333 3462 in
2362 3417 2474 3460 toto
2504 3406 2719 3470 mundo,
2750 3406 2882 3460 odor
2914 3405 3164 3475 unguenti
3194 3404 3356 3458 simul

1775 3503 2128 3558 distribuatur
2159 3518 2279 3555 cum
2325 3496 2708 3567 pra-dicatione
2753 3496 3048 3566 Evangelii,
3093 3504 3142 3550 et
3184 3498 3356 3549 moni-

1775 3604 2032 3659 mentum,
2100 3591 2297 3661 inquit,
2348 3589 2445 3643 erit
2490 3586 2604 3650 eius
2666 3585 3032 3655 Evangelium.
3084 3585 3353 3650 Quoniam

1773 3700 1907 3756 ergo
1942 3688 1999 3739 in
2049 3683 2283 3737 Cantico
2329 3681 2696 3743 canticorum,
2743 3678 2950 3737 nardus
2996 3675 3092 3730 dat
3139 3690 3357 3745 sponsa:

1777 3777 2001 3832 odorem
2026 3773 2242 3846 sponsi,
2277 3772 2334 3827 in
2367 3771 2662 3841 Evangelia
2696 3776 2877 3822 autem
2911 3767 3076 3821 totius
3105 3766 3356 3835 corporis

106 3863 377 3928 Ecclesiae,
428 3863 485 3918 in
531 3863 790 3921 universo
840 3863 974 3919 orbe
1019 3875 1312 3930 terrarum,
1363 3871 1418 3921 et
1467 3865 1522 3921 in
1554 3875 1670 3925 toto
1708 3870 1917 3925 mundo
1985 3866 2191 3923 Christi
2248 3864 2308 3919 tit
2356 3866 2534 3920 bonus
2586 3862 2743 3924 odor,
2824 3859 2918 3929 qui
2964 3867 3094 3912 tunc
3132 3857 3354 3911 domum

104 3955 342 4026 ivnplevit
377 3972 395 4011 :
429 3955 661 4012 fortasse
694 3972 791 4028 per
835 3957 951 4013 haec
979 3957 1257 4013 invenitur
1285 3958 1340 4012 in
1384 3959 1633 4030 utrisque
1667 3963 1848 4033 aliqua
1879 3960 2198 4030 conjunctio
2224 3968 2280 4014 et
2307 3958 2565 4021 societas,
2614 3962 2674 4008 ut
2702 3954 2812 4008 duo
2839 3950 3125 4006 videantur
3164 3964 3351 4007 unum.

166 4047 275 4101 Καὶ
305 4046 480 4102 ταῦτα
514 4048 612 4118 μὲν
653 4051 734 4112 εἰς
764 4049 1045 4104 τοσοῦτονθ
1079 4051 1112 4122 ὴ
1140 4051 1196 4103 δὲ
1231 4050 1429 4124 ἑφεξῆς
1492 4053 1673 4124 ,ῥῆσις

103 4137 452 4209 καταλλήλως
476 4138 577 4209 μὲν
602 4140 669 4210 τῇ
708 4138 802 4193 τοῦ
831 4138 1205 4212 ὲπιθαλαμίου·
1221 4141 1497 4214 δράματος
1537 4144 1670 4198 ὐπο-

1847 4056 1913 4110 Ει
1944 4053 2060 4108 haec
2091 4052 2314 4123 quidem
2354 4052 2639 4105 hactenus.
2685 4046 2818 4114 Qua:
2869 4053 3052 4100 autem
3102 4043 3355 4114 sequitur

1775 4144 1968 4210 dictio,
1999 4144 2218 4201 videtur
2240 4142 2462 4213 quidem
2505 4155 2807 4211 congruere
2850 4147 3170 4208 argumento
3231 4137 3351 4205 cpi-

105 4225 276 4295 θέσει,
324 4228 404 4291 ὡς
437 4229 586 4301 παρὰ
620 4229 720 4300 τῆς
748 4232 806 4283 ὲν
839 4231 1071 4284 παστάδι
1108 4233 1666 4306 παρεσκευασμένης,

1847 4238 2039 4302 Ilamii,
2071 4246 2335 4307 tanquam
2381 4234 2451 4289 ab
2476 4248 2540 4288 ea
2587 4231 2803 4287 dicatur
2833 4246 2955 4300 quae
3010 4236 3239 4299 paratur
3292 4228 3350 4282 in

103 4318 239 4389 ἔχειν
262 4321 443 4375 δοκεῖ’
474 4320 696 4391 μείζονα
726 4320 783 4374 δὲ
813 4322 907 4377 καὶ
933 4322 1271 4394 τελειοτέραν
1296 4324 1551 4395 ἐμφαίνει
1584 4343 1673 4395 φι-

103 4408 373 4481 λοσοφίαν,
403 4413 470 4483 ἢν
494 4412 832 4483 κατορθῶσαι
869 4414 1028 4482 μόνον
1055 4414 1162 4467 τῶν
1185 4415 1286 4485 ἤδη
1323 4416 1673 4488 τετελειωμέ-

103 4518 201 4556 νων
232 4503 371 4557 ὲστί.
402 4503 468 4556 Τί
491 4497 584 4557 οὖν
602 4506 718 4557 ἐστι
740 4505 802 4558 τὸ
823 4505 1110 4578 εἰρημένον
1129 4523 1144 4572 ;
1187 4506 1545 4576 Ἀπόδεσμος
1561 4508 1672 4578 τῆς

106 4593 366 4664 στακτῆς
393 4593 715 4663 ἀδελφιδός
743 4614 863 4666 μου
890 4598 1041 4667 ἐμοὶ,
1066 4598 1183 4654 ἀνὰ
1201 4599 1396 4669 μέσον
1420 4600 1538 4655 τῶν
1558 4618 1672 4670 μα.

108 4683 258 4739 σθῶν
298 4703 424 4757 μου
465 4687 919 4756 αὐλισθήσεται.
967 4690 1137 4744 Φασὶν
1168 4691 1486 4763 ἐπιμέλειαν
1530 4687 1672 4748 εἶναι

108 4778 215 4839 ταῖς
261 4780 614 4852 φιλοκόσμοις
669 4781 778 4835 τῶν
829 4781 1103 4851 γυναικῶν
1119 4825 1134 4849 ,
1191 4783 1266 4854 μὴ
1309 4786 1423 4846 τοῖς
1471 4784 1674 4850 ἔξωθεν

110 4874 524 4944 προκοσμήμασι
569 4874 728 4944 μόνον
773 4876 1007 4929 ἐπινοεῖν
1048 4875 1269 4936 ἑαυταῖς
1314 4873 1375 4927 τὸ
1425 4875 1519 4927 ἐπὶ
1563 4872 1674 4929 τῶν

112 4960 468 5029 συμϐιούντων
482 4980 496 4996 ·
515 4964 628 5019 ἀλλ’
646 4965 981 5038 ἐπιτηδεύειν
998 4964 1086 5022 διά
1106 4982 1249 5028 τινος
1267 4966 1521 5030 εὐπνοίας
1541 4965 1674 5038 ἡδίω

111 5048 173 5101 τὰ
214 5054 438 5128 σώματα
476 5060 592 5120 τοῖς
640 5056 849 5112 ἑαυτῶν
882 5057 1106 5128 ἀνδράσι
1130 5056 1437 5126 φαίνεσθαι,
1463 5057 1525 5111 τὸ
1554 5056 1674 5112 κατ’

114 5140 339 5214 ἅλλήλως
370 5148 629 5220 ἐνεργοῦν
658 5149 792 5219 πρὸς
816 5149 916 5220 τὴν
934 5148 1191 5219 τοιαύτην
1221 5148 1408 5220 χρείαν
1441 5149 1663 5220 ἅρωμα,

112 5230 246 5298 ἐντὸς
285 5239 382 5309 τῆς
417 5239 560 5292 κατὰ
604 5240 704 5310 τὴν
734 5240 935 5310 ἐσθῆτα
966 5240 1257 5312 περιϐολῆς
1285 5240 1667 5311 ἀποκρυπτού-

114 5334 252 5388 σαις,
292 5322 351 5383 οὗ
385 5329 479 5382 τὸν
508 5331 704 5383 οἰκεῖον
735 5331 906 5403 ἀτμὸν
931 5331 1223 5393 ἐκδιδόντος
1243 5372 1257 5396 ,
1302 5330 1396 5383 καὶ
1421 5329 1481 5382 τὸ
1508 5328 1667 5399 σῶμα

112 5412 172 5481 τῇ
200 5415 286 5469 τοῦ
314 5417 605 5491 ἁρὼματος
643 5421 868 5493 εὐπνοίᾳ
908 5419 1477 5493 συγκαταχρώννυται.
1518 5420 1664 5474 Tati-

180 5584 220 5615 “
251 5590 286 5643 ιι
307 5593 430 5649 Cor.
465 5611 523 5656 ιι,
563 5596 642 5651 l5.
743 5593 954 5649 "Joan.
996 5611 1090 5659 xu,
1120 5596 1173 5649 5.

1776 4331 2063 4396 thalamo;
2105 4330 2311 4385 indicat
2345 4338 2525 4383 autem
2559 4326 2826 4395 majorem
2860 4331 2914 4379 et
2964 4322 3347 4392 perfectiorem
3404 4378 3409 4379 ,

1775 4418 2202 4491 philosOphiam,
2256 4432 2421 4486 quam
2472 4425 2621 4470 recte
2658 4413 2886 4482 exsequi
2930 4425 3119 4465 eorum
3150 4419 3235 4464 est
3264 4424 3354 4465 so.

1776 4511 1891 4565 lum
1912 4510 2006 4581 qui
2038 4510 2148 4579 jam
2184 4517 2313 4564 sunt
2338 4506 2589 4577 perfecti.
2625 4503 2765 4570 Quid
2803 4513 2888 4558 est
2914 4518 3045 4573 ergo
3073 4502 3216 4571 quod
3266 4502 3354 4555 di-

1776 4612 1924 4657 ctum
1949 4600 2076 4655 est?
2103 4596 2422 4654 Fasciculus
2457 4594 2686 4666 myrrha:
2717 4592 2977 4663 patruelis
3014 4610 3158 4647 meus
3199 4593 3350 4656 mihi,

1777 4694 1832 4747 in
1851 4692 2021 4747 medio
2044 4693 2261 4744 uberum
2293 4704 2526 4743 meorum
2560 4688 2993 4740 commorabitur.
3038 4686 3204 4739 Aiunt
3231 4696 3347 4740 stn-

1777 4783 1869 4839 dio
1895 4798 2017 4839 esse
2048 4783 2132 4837 sui
2161 4780 2393 4836 ornandi
2417 4778 2632 4848 cupidis
2657 4777 3000 4837 mulieribus.
3027 4790 3134 4829 non
3164 4777 3343 4830 solum

1777 4873 2023 4931 externis
2056 4887 2357 4944 procurare
2386 4868 2727 4925 ornamentis
2760 4876 2821 4921 ut
2848 4867 2958 4921 sint
2979 4867 3251 4920 amabiles
3281 4867 3349 4921 iis

1777 4965 1871 5036 qui
1902 4979 2027 5037 cum
2063 4965 2201 5034 ipsis
2251 4964 2466 5024 vivunt,
2520 4960 2620 5016 sed
2651 4960 2816 5015 etiam
2863 4957 2997 5012 dare
3027 4972 3251 5026 operam
3292 4966 3350 5009 nt

1779 5072 1875 5128 per
1902 5056 2204 5127 quamdam
2238 5055 2692 5117 suaveolentiam,
2718 5067 2949 5122 corpora
2982 5065 3201 5119 quoque
3225 5050 3344 5105 suis

1774 5148 1989 5201 maritis
2049 5154 2415 5217 congruenter
2503 5146 2789 5201 videantur
2848 5157 3039 5212 agere;
3096 5141 3162 5193 ad
3221 5154 3345 5194 eum

1773 5254 1931 5294 usum
1964 5253 2155 5291 aroma
2188 5240 2331 5291 inter
2364 5254 2479 5293 suae
2500 5238 2663 5292 vestis
2685 5235 2948 5290 ambitum
2975 5232 3344 5293 occultantes,

1771 5343 1882 5397 quo
1945 5326 2104 5383 suum
2165 5328 2449 5382 emittente
2509 5342 2798 5398 vaporem.
2863 5338 3065 5394 corpus
3127 5336 3347 5393 quoque

1775 5421 1919 5475 bono
1957 5422 2126 5475 odore
2171 5419 2378 5476 halitus
2428 5420 2591 5476 simul
2633 5419 2889 5475 adicitur.
2928 5416 3069 5475 Cum
3100 5414 3215 5471 bare
3247 5427 3347 5469 au-

1252 5591 1468 5650 ”Joan.
1506 5608 1653 5660 χιι-ι,
1690 5591 1752 5646 l3
1774 5607 1895 5664 sqq.
