3742 5986
370 180 470 234 827

1614 172 1669 227 S.
1703 166 2034 226 GREGORII
2066 165 2350 224 NYSSENI‘

3526 153 3638 209 εει

371 311 479 352 tem
515 295 588 352 sit
625 296 681 351 in
721 295 804 350 eis
854 295 1198 350 consuetudo
1232 292 1585 362 :cujusmodi
1639 298 1725 346 est
1769 305 1870 344 can

2122 305 2142 350 ς
2178 288 2235 341 δὲ
2278 288 2445 359 οὔσης
2492 290 2558 342 ὲν
2592 288 2780 353 αὑταῖς
2826 287 2926 358 τῆς
2954 282 3241 356 συνηθείας
3262 320 3279 346 ,
3312 271 3432 333 οἷον
3462 275 3635 345 τολμᾷ

369 403 494 442 cum
527 388 672 457 quod
717 389 866 443 canit
896 386 1057 443 fortis
1085 397 1138 441 et
1154 386 1357 442 excelsi
1391 384 1560 440 animi
1582 384 1771 454 virgo?
1791 380 1942 444 Mihi,

370 480 570 549 inquit,
605 488 691 535 est
722 479 1042 542 fasciculus,
1076 494 1238 549 quem
1281 494 1309 532 a
1345 479 1487 532 collo
1540 475 1822 546 suspendo
1851 488 1946 529 su-

371 585 466 637 pra
506 577 717 637 pectus,
760 585 855 639 per
888 585 1049 640 quem
1090 571 1289 623 bonum
1322 570 1547 623 odorem
1575 567 1787 638 prmbeo
1821 580 1946 619 cor-

372 660 507 725 pori.
544 657 759 712 Nullum
796 670 974 714 autem
1010 660 1155 713 aliud
1195 675 1260 715 ex
1284 662 1423 715 bene
1460 656 1798 728 spirantibus
1822 668 1944 707 aro-

371 745 630 810 matibus,
691 764 857 817 quam
920 749 1040 818 ipse
1102 748 1372 804 Dominus
1422 749 1648 803 effectus
1701 743 1940 815 myrrha,

373 840 538 892 sitmn
577 848 661 895 est
691 841 744 895 in
775 840 1037 896 fasciculo
1083 840 1460 904 conscientiae,
1524 839 1579 893 in
1650 837 1768 908 ipso
1820 848 1943 890 meo

372 928 535 982 corde
567 945 915 986 coumzorans
945 940 999 986 et
1028 931 1303 985 habitans.
1340 931 1553 986 Localis
1570 929 1715 984 enim
1760 927 1943 984 cordis

371 1019 613 1086 positura
652 1021 722 1075 ab
751 1017 819 1076 iis
853 1023 945 1090 qui
973 1037 1035 1077 ea
1070 1033 1197 1079 sunt
1233 1022 1522 1093 speculati,
1578 1021 1785 1076 dicitur
1821 1034 1944 1076 esse

371 1107 426 1161 in
461 1110 637 1163 medio
673 1113 921 1166 uberum.
958 1111 1072 1167 Illic
1104 1122 1284 1168 autem
1314 1113 1448 1166 dicit
1491 1126 1693 1182 sponsa
1726 1126 1785 1166 se
1840 1110 1938 1164 ha-

369 1199 498 1255 bere
552 1201 874 1256 fasciculum
936 1205 1028 1257 ubi
1078 1205 1280 1259 bonum
1334 1213 1597 1274 tanquam
1648 1205 1940 1257 thesaurus

370 1292 701 1346 reconditur.
728 1291 835 1349 Sed
862 1302 915 1348 et
942 1296 1240 1351 cordicnnt
1266 1313 1391 1352 esse
1420 1297 1710 1367 quemdam
1733 1293 1937 1349 fontem

369 1380 528 1435 nobis
555 1381 726 1436 innati
755 1385 982 1450 caloris,
1019 1402 1048 1441 a
1077 1403 1187 1457 quo
1233 1404 1328 1458 per
1351 1389 1590 1442 arterias
1630 1388 1684 1440 in
1719 1386 1940 1439 univer-

370 1485 492 1525 sum
556 1485 760 1540 corpus
813 1474 965 1528 calor
1023 1474 1382 1531 distribuitur
1422 1495 1434 1530 :
1471 1491 1565 1545 per
1602 1491 1761 1545 quem
1806 1474 1939 1527 fiunt

342 1559 546 1615 calida
577 1568 632 1615 et
665 1561 848 1616 vitalia
882 1565 1126 1619 membra
1160 1566 1434 1635 corporis,
1470 1572 1529 1618 ut
1556 1580 1677 1636 qua:
1712 1563 1935 1619 fovean-

2047 376 2184 449 αῦτη
2219 381 2252 450 ἡ
2306 380 2663 451 μεγαλόφρων
2702 378 3001 451 παρθένοςς
3049 374 3222 441 Ἐμοὶ,
3275 370 3470 442 φησὶν,
3497 367 3634 421 imi-

2046 465 2259 537 δεσμος,
2286 467 2344 523 ὃν
2372 468 2584 541 ἐξαρτῶ
2616 468 2717 524 τοῦ,
2742 466 2970 538 αὐχένος
2999 466 3090 518 ἐπὶ
3119 464 3180 517 τὸ
3210 462 3440 530 στῆθος,
3473 457 3538 511 δι’
3561 451 3631 511 οὗ

2045 557 2143 626 τὴν
2183 558 2440 629 εὐοσμίαν
2479 559 2703 632 παρέχω
2746 557 2826 630 τῷ
2867 557 3111 629 σώματι,
3152 555 3252 608 οὐκ
3279 552 3417 606 ἄλλο
3440 569 3494 605 τι
3522 550 3635 604 τῶν

2046 649 2410 703 εύπνοούντων
2441 651 2750 721 ἀρωμάτων
2790 648 2957 703 ἐστίν·
3004 649 3118 702 ἀλλ’
3163 646 3328 709 αὐτὸς
3360 647 3392 698 δ
3424 643 3633 712 Κύριος

2048 741 2252 812 στακτὴ
2263 742 2549 812 γενόμενος
2571 741 2813 810 ἔγκειται
2840 741 2898 794 ὲν
2932 741 3012 812 τῷ
3047 737 3345 808 ἀποδέσμῳ
3373 737 3479 807 τῆς
3505 751 3633 786 συν-

2045 830 2329 902 ειδήσεως,
2377 832 2513 903 αύτῇ
2559 849 2662 902 μου
2705 835 2772 903 τῇ
2831 832 3030 902 καρδίᾳ
3068 827 3510 898 ὲναυλιζόμενος.
3561 824 3635 877 Ἠ

2044 923 2152 991 γὰρ
2171 922 2368 994 τοπικὴ
2395 926 2492 992 τῆς
2516 923 2738 994 καρδίας
2760 922 2908 987 θέσις
2936 925 2991 976 ἐν
3015 920 3092 991 τῷ
3118 919 3271 990 μέσῳ
3296 916 3412 970 τῶν
3444 915 3633 987 μαζῶν

2045 1008 2198 1080 παρὰ
2243 1010 2351 1065 τῶν
2398 1011 2458 1063 τὰ
2493 1011 2717 1066 τοιαῦτα
2755 1010 3185 1081 ὲπεσκεμμένων
3213 1004 3358 1061 εἶναι
3385 1007 3629 1074 λέγεται.

2057 1101 2204 1153 Ἐκεῖ
2237 1098 2292 1152 δέ
2332 1117 2495 1170 φησιν
2534 1103 2567 1172 ἡ
2608 1100 2795 1171 νύμφη
2830 1101 2972 1172 ἔχειν
3011 1099 3100 1153 τὸν
3125 1097 3462 1168 ἀπόδεσμον,
3499 1089 3633 1163 ἐνοῷ

2040 1191 2191 1262 τόπῳ
2250 1192 2312 1245 τὸ
2363 1192 2566 1261 ἀγαθὸν
2610 1191 3011 1265 θησαυρίζεται.
3066 1191 3232 1245 Ἀλλὰ
3285 1192 3384 1244 καὶ
3446 1190 3631 1258 πηγήν

2042 1299 2163 1336 τινα
2192 1281 2287 1336 τοῦ
2330 1283 2389 1336 ὲν
2431 1284 2563 1354 ἡμῖν
2615 1280 2836 1354 θερμοῦ,
2882 1282 2980 1354 τὴν
3029 1282 3255 1354 καρδίαν
3294 1281 3502 1351 φασίν·
3538 1281 3629 1346 ἀφ’

2039 1369 2109 1445 ἦς
2139 1372 2228 1426 διὰ
2263 1373 2372 1426 τῶν
2404 1371 2680 1445 ἀρτηριῶν
2716 1374 2803 1442 ἐφ’
2833 1372 3030 1443 ᾶπανή
3062 1372 3335 1445 θερμότης
3360 1370 3429 1424 τὺ
3469 1370 3627 1439 σῶμα
3740 1428 3742 1443 Ι

2041 1463 2498 1534 καταμερίζεται,
2534 1464 2601 1517 δι’
2635 1459 2705 1537 ἧς
2748 1462 2987 1535 ἐνθερμά
3032 1480 3089 1516 τε
3147 1464 3244 1517 καὶ
3294 1461 3515 1526 ζωτικα
3558 1461 3629 1513 τὰ

2042 1555 2178 1626 μέλη
2231 1555 2325 1608 τοῦ
2377 1554 2630 1625 σώματος
2681 1554 2919 1624 γίνεται,
2964 1553 3041 1624 τῷ
3084 1554 3216 1625 πυρὶ
3256 1554 3359 1623 τῆς
3400 1551 3629 1624 καρδίας

368 1657 460 1703 tur
489 1650 559 1704 ab
601 1651 724 1721 igne
759 1654 969 1709 cordis.
1011 1655 1144 1721 Quae
1181 1671 1313 1726 ergo
1355 1658 1408 1711 in
1437 1659 1633 1712 animae
1679 1656 1874 1710 faculta

2122 1647 2478 1720 οθαλπόμενα.
2537 1649 2604 1702 Ἦ
2650 1648 2829 1702 τοίνυν
2862 1648 2919 1701 ὲν
2964 1647 3044 1719 τῷ
3088 1646 3411 1718 ἡγεμονικῷ
3450 1662 3627 1714 παρα-

366 1740 734 1810 principatum
765 1751 984 1799 tenente
1019 1748 1266 1816 suscepit
1293 1748 1495 1802 bonum
1543 1745 1745 1802 Christi
1797 1745 1935 1799 odo-

366 1845 504 1896 rem,
533 1840 582 1886 et
617 1848 715 1887 cor
749 1850 908 1889 suum
945 1834 1073 1889 fecit
1121 1836 1444 1893 fasciculum
1497 1838 1663 1907 hujus
1702 1835 1936 1898 sumtus,

367 1938 427 1979 se
456 1924 530 1977 ita
559 1934 858 1995 comparat,
908 1933 965 1980 ut
1013 1927 1196 1982 omnia
1228 1928 1543 1999 singulatim
1586 1929 1710 1982 vitae
1735 1927 1937 1990 studia,

367 2021 625 2086 tanquam
652 2017 887 2085 alicujus
914 2021 1160 2088 corporis
1191 2021 1431 2075 membra
1460 2019 1704 2074 ferveant
1734 2019 1934 2089 spiritu

363 2108 455 2175 qui
485 2122 549 2162 ex
577 2096 745 2165 corde
773 2120 1042 2180 permeat,
1068 2112 1217 2166 nulla
1249 2112 1535 2182 iniquitate
1555 2112 1609 2168 in
1628 2112 1737 2166 ullo
1763 2126 1941 2167 mem-

363 2198 464 2254 bro
492 2202 745 2271 corporis
771 2202 1128 2274 refrigerante
1148 2203 1498 2260 dilectionem
1528 2205 1583 2258 in
1628 2204 1818 2259 Deum.

437 2375 545 2433 Sed
575 2386 925 2435 transeamus
956 2379 1024 2435 ad
1057 2379 1109 2434 id
1161 2379 1304 2449 quod
1367 2379 1626 2449 deinceps
1663 2378 1931 2448 sequitur.

363 2468 665 2526 Audiamus
700 2471 831 2540 qttid
851 2472 1139 2529 abundans
1160 2472 1288 2527 vitis
1312 2472 1380 2526 de
1411 2471 1529 2527 suis
1582 2471 1707 2526 dicit
1743 2470 1936 2525 fructi-

354 2559 491 2627 bus,
518 2576 637 2629 qua:
666 2561 721 2614 in
761 2563 1018 2618 omnibus
1055 2563 1320 2618 lateribus
1371 2562 1570 2617 domus
1618 2561 1734 2626 Dei,
1787 2561 1934 2617 sicut

359 2647 495 2702 dicit
539 2648 806 2719 Propheta
821 2651 889 2716 δ”,
918 2650 1256 2714 extenditur,
1303 2659 1357 2705 et
1392 2666 1486 2721 per
1518 2650 1803 2720 pampinos
1839 2650 1926 2705 di-

362 2738 616 2795 lectionis
644 2741 822 2794 divina
847 2740 1302 2795 circumvolvitur
1327 2741 1457 2801 vita,
1475 2749 1525 2793 et
1555 2738 1608 2792 in
1640 2753 1804 2808 quam
1824 2753 1931 2792 non

360 2828 506 2881 cadit
537 2829 809 2884 interitus.
846 2829 1059 2889 Botrus.
1089 2829 1286 2898 inquit,
1319 2827 1481 2899 Cypri
1499 2828 1757 2896 patruelis
1790 2843 1933 2881 meus

2033 1740 2298 1813 δεξαμένη
2339 1742 2436 1812 τὴν
2476 1738 2713 1813 Χριστοῦ
2740 1740 2987 1805 εὐωδίαν,
3021 1740 3114 1792 καὶ
3142 1739 3239 1805 τὴν
3270 1737 3507 1809 καρδίαν
3530 1738 3628 1791 αὑ-

2036 1833 2132 1903 τῆς
2174 1832 2430 1904 ένδεσμον
2471 1832 2565 1886 τοῦ
2614 1831 2856 1886 τοιούτου
2913 1835 3179 1903 ποιήσασα
3236 1829 3624 1900 θυμιάματος.

2038 1925 2216 1979 πάντα
2239 1925 2308 1979 τὰ
2346 1924 2467 1978 καθ’
2496 1924 2724 1977 ἕκαστον
2763 1923 2860 1978 τοῦ
2892 1923 3007 1994 βίου
3032 1921 3448 1991 ἐπιτηδεύματα
3466 1961 3481 1982 ,
3510 1915 3627 1973 σ’ὁν

2040 2034 2184 2080 τινος
2229 2015 2478 2086 σώματος
2510 2017 2644 2087 μέλη
2668 2016 2808 2082 ζέειν
2854 2013 3269 2086 παρασκευάζει
3304 2011 3384 2082 τῷ
3414 2013 3481 2066 ἑκ
3524 2013 3631 2082 τῆς

2043 2108 2270 2181 καρδίας
2301 2109 2538 2179 διήκοντι
2580 2108 2882 2179 πνεύματι,
2927 2106 3196 2177 μηδεμιᾶς
3242 2103 3480 2174 ἀνομίας
3524 2103 3631 2171 τὴν

2042 2198 2179 2270 πρὸς
2204 2199 2298 2252 τὸν
2326 2198 2457 2252 Θεὸν
2489 2197 2709 2268 ἀγάπην
2753 2198 2811 2251 ὲν
2843 2196 3035 2268 μηδενὶ
3064 2194 3213 2267 μέλει
3239 2192 3336 2247 τοῦ
3365 2191 3632 2264 “iiiP-“‘59;
3740 2220 3742 2270 l

2040 2289 2478 2363 καταψυχούσης.

2122 2383 2262 2436 Ἀλλ’
2285 2383 2377 2435 ἐπὶ
2401 2382 2492 2435 τὸν
2519 2380 2646 2452 έξῆς
2672 2379 2827 2449 λόγον
2856 2378 3216 2451 μετέλθωμεν.
3266 2376 3635 2447 Ἀκούσωμεν

2038 2474 2090 2527 τί
2123 2477 2156 2546 ἡ
2184 2473 2425 2545 ἄμπελος
2449 2476 2483 2543 ἡ
2518 2471 2819 2544 εὐθηνοῦσα
2861 2472 2987 2543 περὶ
3026 2469 3135 2523 τῶν
3166 2467 3397 2540 καρπῶν
3442 2469 3632 2537 αὐτῆς

2044 2566 2380 2636 διαλέγεται,
2427 2568 2460 2637 ἡ
2502 2567 2559 2618 ὲν
2603 2567 2737 2618 πᾶσι
2788 2568 2901 2628 τοῖς
2943 2564 3146 2617 κλίτεσι
3201 2563 3303 2633 τῆς
3350 2562 3449 2619 τοῦ
3482 2562 3633 2615 Θεοῦ

2039 2656 2234 2721 οἰκίας,
2284 2656 2466 2719 καθώς
2530 2674 2697 2729 φησιν
2725 2659 2753 2710 ό
2776 2657 3087 2730 Προφήτης,
3111 2653 3491 2725 διηπλωμένη,
3527 2655 3635 2708 καὶ

2039 2747 2129 2801 διὰ
2151 2748 2261 2802 τῶν
2290 2748 2389 2817 τῆς
2417 2747 2638 2818 ἀγάπης
2680 2747 2873 2801 ἑλίκων
2913 2745 3363 2818 περιελισσομένη
3398 2747 3467 2815 τῇ
3499 2744 3637 2816 θείᾳ

2039 2857 2098 2894 τε
2130 2841 2224 2894 καὶ
2256 2839 2516 2911 ἀκηράτῳ
2546 2838 2683 2910 ζωῇ.
2728 2839 2982 2905 Βότρυς.
3012 2834 3175 2906 φησι,
3212 2834 3318 2903 τῆς
3369 2833 3634 2901 Κύπρου

298 2962 311 2969 -
362 2918 495 2972 mihi
526 2919 581 2972 in
618 2920 780 2974 tineis
819 2919 1084 2990 Engaddi.
1123 2920 1259 2986 Quis
1280 2929 1364 2975 est
1393 2919 1527 2973 adeo
1572 2918 1782 2983 beatus,
1824 2919 1874 2973 in

2122 2930 2358 3001 ελςειδός
2384 2948 2501 3000 μου
2522 2931 2652 3000 ἐμοὶ
2680 2931 2750 2984 ἐν
2768 2929 3121 2998 ἁμπελῶσιγ
3151 2926 3487 2998 Ἑγτιιδδεί.
3521 2929 3635 2991 τίς

363 3022 491 3063 vero
520 3009 644 3077 quis
695 3010 831 3064 adeo
881 3025 1096 3065 omnem
1151 3021 1379 3082 superat
1429 3010 1845 3079 beatitudinem,
1878 3023 1936 3068 ut

364 3113 523 3152 suum
549 3096 786 3151 fructum
826 3099 1016 3156 videns
1049 3101 1101 3155 in
1131 3102 1251 3170 ipso
1274 3117 1385 3156 sure
1414 3102 1617 3157 animae
1654 3102 1832 3167 botro,
1857 3106 1937 3159 vi-

362 3184 489 3241 deat
521 3186 692 3241 vineze
723 3184 1045 3243 dominum?
1092 3188 1227 3244 Vide
1254 3190 1399 3244 enim
1437 3206 1704 3262 quantum
1738 3196 1932 3263 crevit,

363 3294 484 3348 quae
508 3279 561 3333 in
590 3294 690 3334 sua
722 3279 894 3334 nardo
927 3280 1114 3350 sponsi
1143 3282 1349 3336 bonum
1389 3286 1644 3351 cognovit
1680 3287 1931 3354 halitum,

362 3371 586 3442 myrrha
624 3387 745 3441 qua:
768 3371 1003 3440 scipsam
1037 3371 1163 3426 fecit
1196 3373 1548 3441 odoriferam,
1568 3385 1621 3431 et
1645 3379 1825 3432 cordis
1855 3377 1936 3432 fa-

365 3458 576 3514 nciculo
608 3460 887 3530 complexa
918 3475 1124 3527 aroma,
1177 3470 1237 3517 ut
1280 3464 1382 3519 sibi
1417 3477 1677 3537 perpetuo
1729 3484 1936 3540 perma-

366 3563 494 3610 neat
546 3557 750 3612 bonum
806 3574 1083 3631 nunquam
1119 3561 1485 3631 expirandum
1510 3602 1526 3627 ,
1564 3563 1623 3617 ﬁt
1651 3573 1825 3620 mater
1854 3566 1937 3620 di-

364 3646 473 3700 vini
510 3648 672 3711 botri,
696 3651 936 3719 quiante
971 3651 1280 3720 passionem
1315 3654 1535 3723 quidem
1571 3655 1859 3727 ὲκύπριζε,
1881 3656 1937 3710 id

363 3745 469 3800 est.
503 3736 752 3803 ﬂorebat,
786 3741 840 3794 in
869 3740 1122 3810 pas~ioue
1152 3751 1332 3798 autem
1355 3744 1543 3799 vinmn
1567 3745 1887 3802 effundebat
1914 3766 1929 3804 :

363 3828 551 3882 vinum
581 3831 725 3885 enim
761 3846 857 3885 cor
895 3832 1175 3889 laetificans
1210 3832 1289 3895 tit,
1337 3842 1392 3890 et
1431 3838 1751 3891 nominatur
1802 3854 1935 3895 san-

365 3920 489 3986 guis
519 3935 636 3974 uvae
659 3928 781 3988 post
811 3923 1085 3991 passionis
1128 3927 1513 3982 mconomiam.
1560 3926 1696 3982 Cum
1748 3940 1931 3985 autem

365 4008 524 4062 botro
547 4009 794 4063 fruamur
820 4010 1133 4080 dupliciter,
1175 4029 1369 4083 nempe
1401 4023 1456 4069 et
1508 4033 1630 4072 cum
1659 4018 1761 4076 ﬂos
1789 4022 1933 4078 bono

363 4098 534 4153 odire
559 4114 762 4155 sensus
786 4101 1042 4165 delectat,
1074 4111 1128 4157 et
1154 4119 1278 4158 eum
1323 4102 1505 4161 fructu
1539 4107 1652 4176 jam
1688 4111 1932 4180 perfecto

363 4201 487 4242 eum
520 4189 859 4244 comedendo
888 4191 1218 4260 voluptatem
1269 4195 1538 4264 capimus,
1579 4207 1674 4253 aut
1709 4214 1833 4255 cum
1874 4205 1928 4258 in

2037 3021 2180 3077 οὕτω
2213 3021 2511 3095 μακάριος,
2547 3021 2744 3090 μᾶλλον
2783 3021 2841 3074 δὲ
2871 3020 2953 3084 τίς
2978 3019 3119 3074 οὕτω
3142 3020 3409 3090 κρείττων
3430 3020 3637 3090 πάσης

2040 3117 2468 3186 μακαριότητος,
2514 3112 2653 3166 ὥστε
2713 3113 2803 3167 τὸν
2860 3113 2989 3167 ίδιον
3036 3113 3247 3183 καρπὸν
3304 3110 3523 3182 βλέπων
3569 3114 3637 3167 ὲν

2035 3206 2182 3278 αύτῷ
2206 3206 2282 3276 τῷ
2299 3205 2484 3276 βότρυῖ
2511 3205 2610 3275 τῆς
2638 3204 2828 3258 ἑαυτοῦ
2848 3204 3021 3275 ψυχῆς
3045 3205 3176 3274 ὁρᾷν
3202 3203 3295 3257 τὸν
3311 3202 3402 3257 τοῦ
3428 3204 3599 3274 ἁμπε
3615 3234 3634 3244 -

2035 3297 2201 3363 λῶνος
2251 3297 2550 3368 δεσπότην;
2593 3297 2724 3350 Ἰδοὺ
2758 3296 2867 3366 γάρ
2913 3297 3036 3350 ὅσον
3062 3293 3273 3366 ηὐξήθη
3317 3297 3372 3348 ὲν
3399 3298 3472 3365 τῇ
3512 3294 3636 3368 ἰδίᾳ

2035 3388 2211 3460 νάρδῳ
2241 3387 2332 3442 τοῦ
2353 3387 2586 3456 νυμφίου
2609 3385 2905 3454 ἐπιγνοῦσα
2927 3385 3023 3454 τὴν
3045 3383 3320 3448 εὖπνοιαν,
3339 3387 3372 3454 ἡ
3401 3387 3632 3455 στακτὴ
3740 3400 3742 3451 ι

2035 3479 2182 3550 αὐτῷ
2198 3478 2404 3549 εὐώδης
2424 3477 2784 3548 ποιησαμένη,
2803 3478 2895 3531 καὶ
2915 3474 3240 3530 διαλαϐοῦσα
3269 3475 3336 3546 σῷ
3355 3475 3460 3544 τῆς
3477 3493 3633 3548 καρ-

2033 3572 2151 3636 δίας
2177 3569 2418 3641 ὲνδέσμῳ
2445 3569 2508 3622 τδ
2549 3569 2748 3639 άρωμα
2769 3608 2785 3633 ,
2829 3568 2906 3632 ὡς
2945 3567 3009 3621 ἂν
3040 3565 3344 3637 παραμένοι
3379 3567 3521 3638 αὐτῇ
3557 3569 3633 3621 τὺ

2033 3663 2235 3733 ἀγαθὸν
2275 3660 2568 3724 διαπαντὸς
2612 3661 3032 3724 ἁδιάπνευστον,
3092 3659 3276 3729 μήτηρ
3315 3656 3408 3711 τοῦ
3462 3656 3629 3712 θείου

2036 3755 2258 3827 βότρυος
2288 3753 2532 3822 γίνεται,
2557 3750 2653 3804 τοῦ
2683 3750 2790 3820 πρὸ
2818 3749 2915 3820 μὲν
2944 3748 3038 3802 τοῦ
3072 3748 3279 3811 πάθους
3315 3746 3630 3819 κυπρίζον-

2033 3864 2156 3911 τος,
2199 3846 2338 3916 ὅπερ
2377 3843 2524 3897 ἐστὶν
2558 3841 2846 3904 ἀνθοῦντος
2864 3880 2878 3904 ,
2910 3843 2968 3894 ὲν
2988 3840 3045 3894 δὲ
3066 3839 3144 3910 τῷ
3163 3838 3323 3893 πάθει
3349 3837 3442 3892 τὸν
3470 3835 3627 3896 nim

2034 3936 2376 4009 προχέοντος.
2391 3935 2451 3987 '0
2471 3935 2580 4005 γὰρ
2600 3933 2699 4005 τὴν
2713 3932 2937 4004 καρδίαν
2955 3930 3259 4001 εὐφραίνων
3279 3924 3445 3992 οἶνος,
3469 3923 3624 3999 αἷμα

2035 4025 2313 4095 σταφυλῆς
2354 4024 2491 4094 μετὰ
2526 4023 2627 4093 τὴν
2664 4020 2758 4074 τοῦ
2793 4020 3000 4083 πάθους
3043 4020 3354 4088 οἰκονομίαν
3398 4018 3624 4086 γίνεται

2031 4135 2093 4172 τε
2138 4116 2235 4171 καὶ
2281 4113 2624 4195 ὀνομάζεται.
2665 4111 2868 4182 Διπλῆς
2902 4105 2996 4164 οῦν
3022 4108 3188 4179 ούσης
3211 4109 3272 4162 ὲν
3306 4107 3387 4178 τῷ
3420 4107 3623 4178 βότρυῖ

2032 4212 2133 4281 τῆς
2173 4205 2556 4268 ἀπολαύσεωςθ
2603 4203 2702 4273 τῆς
2745 4202 2844 4272 μὲν
2876 4202 2940 4255 ὲκ
2985 4201 3078 4254 τοῦ
3107 4200 3318 4263 ἄνθους,
3353 4200 3486 4253 ὅταν
3521 4202 3622 4253 εὖ·

358 4280 616 4336 convivio
663 4281 790 4336 vino
811 4280 1174 4340 exhilaramut
1202 4302 1218 4340 :
1255 4285 1343 4341 hic
1368 4302 1568 4356 sponsa
1616 4292 1828 4347 accedit
1860 4311 1874 4348 ε

2122 4300 2235 4372 πίνῃ
2260 4296 2567 4370 τῇεύοδμίᾳ
2589 4294 2657 4348 τὰ
2691 4294 3014 4364 αἰσθητήρια
3033 4310 3046 4323 ·
3074 4293 3175 4363 τῆς
3203 4292 3261 4345 δὲ
3285 4291 3373 4345 διὰ
3387 4291 3485 4345 τοῦ
3523 4308 3622 4344 τε-

365 4370 582 4427 botrum
612 4372 895 4428 ﬂorentem
926 4383 982 4428 ut
1022 4375 1335 4441 fructificet,
1356 4393 1582 4449 cyprum
1612 4384 1929 4455 nominans,

362 4463 552 4520 ﬂorem
591 4465 738 4521 vitis.
780 4466 881 4531 Qui
917 4470 1060 4521 enim
1093 4479 1256 4526 natus
1286 4478 1371 4527 est
1399 4471 1556 4528 nobis
1587 4490 1720 4543 puer
1745 4475 1930 4546 Iesus,

362 4555 456 4624 qui
490 4555 544 4607 in
571 4555 641 4609 iis
672 4555 766 4625 qui
812 4556 989 4625 ipsum
1030 4568 1395 4629 susceperunt
1427 4560 1644 4619 diverse
1692 4566 1930 4634 proiicit,

362 4643 631 4714 sapientia
662 4654 716 4700 et
734 4653 894 4701 aetate
919 4655 976 4703 et
1015 4649 1215 4719 gratia,
1246 4665 1350 4705 non
1378 4659 1464 4706 est
1487 4651 1627 4709 idem
1660 4656 1716 4709 in
1748 4659 1928 4713 omni-

363 4733 499 4795 bus,
533 4733 629 4790 sed
671 4750 769 4810 pro
799 4736 957 4791 modo
980 4737 1100 4806 ejus
1123 4738 1176 4792 in
1208 4753 1318 4807 quo
1347 4748 1450 4806 est,
1467 4750 1736 4812 quatenus
1764 4747 1811 4801 is
1833 4749 1928 4818 qui

363 4826 543 4895 ipsum
580 4829 728 4896 capit
772 4836 856 4883 est
884 4827 1133 4892 idoneus,
1159 4829 1282 4883 talis
1324 4842 1681 4902 apparet,aut
1713 4835 1925 4904 infans,

364 4923 463 4971 aut
498 4916 812 4986 proficiens,
862 4926 957 4971 aut
1008 4918 1303 4988 perfectus,
1362 4924 1750 4980 convenienter
1791 4927 1931 4983 betri

364 5018 617 5063 naturae:
654 5009 744 5077 qui
785 5024 895 5063 non
961 5024 1178 5080 semper
1224 5011 1472 5068 cernitur
1514 5013 1570 5068 in
1603 5015 1715 5071 vite
1749 5017 1802 5072 in
1839 5034 1931 5073 ea-

365 5102 488 5155 dem
514 5098 707 5166 forma,
741 5100 837 5157 sed
871 5101 1106 5156 formam
1141 5111 1317 5158 mutat
1351 5120 1474 5159 cum
1515 5113 1788 5177 tempore,
1834 5111 1934 5167 flo-

369 5203 523 5252 rens,
549 5204 800 5255 vernans,
828 5191 1125 5261 perfectus,
1179 5201 1451 5259 maturus,
1495 5198 1679 5254 vinum
1731 5200 1932 5259 factus.

378 5277 800 5352 Promittitergo
829 5282 989 5337 vinea
1030 5282 1210 5339 fructu
1247 5301 1367 5351 suo,
1419 5288 1516 5357 qui
1547 5291 1788 5347 nondum
1818 5309 1935 5349 ma-

377 5380 538 5427 turus
567 5379 623 5428 et
661 5375 1015 5441 tempestivus
1042 5384 1123 5431 est
1160 5374 1227 5430 ad
1264 5376 1477 5443 vinum,
1523 5378 1620 5435 sed
1655 5392 1936 5452 exspectat

447 5551 488 5581 ⁸⁵
516 5549 661 5605 Psal.
691 5563 890 5608 cum.
932 5557 984 5609 ι.

2037 4391 2349 4454 λειωθέντος
2379 4390 2477 4461 ἠδη
2511 4386 2724 4459 καρποῦ
2746 4425 2762 4452 ,
2787 4388 2915 4440 ὅταν
2940 4386 3158 4457 ὑπάρχῃ
3194 4384 3313 4437 κατ’
3357 4381 3619 4449 ἐξουσίαν

2036 4484 2071 4553 ἢ
2093 4481 2192 4551 τῆς
2222 4479 2476 4552 βρώσεως
2497 4477 2869 4547 κατατρυφᾷν,
2892 4475 2925 4545 ἢ
2949 4476 3007 4526 ὲν
3029 4472 3351 4544 συμποσίοις
3382 4470 3462 4541 τῷ
3482 4473 3625 4541 οἴνῳ

2039 4569 2449 4644 φαιδρύνεσθαι·
2491 4566 2726 4621 ἐνταῦθα
2760 4566 2966 4648 αἱτεῖιή
3012 4562 3197 4633 νύμφη
3226 4560 3318 4614 τὸν
3341 4559 3621 4614 ἀνθοῦντα

2028 4665 2221 4738 βότρυν
2269 4660 2669 4732 καρποφορεῖν,
2718 4655 2924 4726 κύπρον
2981 4652 3082 4724 τὴν
3148 4652 3396 4721 οἱνάνθην
3479 4669 3620 4705 κατ-

2026 4751 2386 4823 ονομάζουσα.
2410 4748 2482 4801 Τὸ
2503 4744 3004 4819 γὰργεννηθὲνήμίν
3017 4742 3234 4797 παιδίον
3253 4739 3485 4812 Ἰησοῦς,
3502 4744 3531 4795 ὁ
3551 4744 3623 4796 ἐν

2025 4847 2138 4909 τοῖς
2164 4841 2477 4912 δεξαμένοις
2517 4839 2680 4893 αὑτὸν
2713 4837 2991 4908 διαφόρως
3031 4835 3357 4906 προκόπτων
3381 4873 3396 4897 ,
3442 4835 3621 4904 σοφίᾳ

2027 4953 2087 4991 τε
2125 4936 2221 4989 καὶ
2263 4932 2449 5004 ἡλικίᾳ
2492 4931 2588 4984 καὶ
2636 4927 2852 5000 χάριτι,
2884 4928 2986 4981 οὐκ
3033 4927 3093 4979 έν
3156 4927 3322 4979 πᾶσιν
3372 4925 3402 4976 ὁ
3444 4924 3619 4989 αὐτός

2034 5028 2202 5089 ἐστιν,
2234 5023 2370 5079 ἀλλὰ
2401 5022 2538 5094 πρὸς
2567 5022 2629 5076 τὸ
2669 5021 2867 5092 μέτρον
2897 5019 2990 5073 τοῦ
3014 5021 3070 5072 ὲν
3093 5010 3137 5085 ᾧ
3155 5016 3383 5085 γίνεται,
3424 5013 3616 5077 καθὼς

2028 5117 2096 5172 ἂν
2139 5119 2168 5171 ὁ
2192 5115 2385 5188 χωρῶν
2424 5114 2586 5169 αὑτὸν
2630 5111 2831 5174 ίκανῶς
2885 5109 3006 5181 ἔχῃ,
3042 5106 3285 5171 τοιοῦτος
3331 5106 3615 5175 φαίνεται,

2030 5207 2395 5281 ἢνηπιάζων,
2440 5208 2474 5279 ἢ
2527 5204 2869 5277 προκόπτων,
2919 5203 2954 5273 ἢ
3022 5199 3416 5270 τελειούμενος,
3465 5195 3615 5251 κατὰ

2030 5300 2131 5367 τὴν
2158 5298 2249 5352 τοῦ
2284 5298 2507 5369 βότρυος
2540 5296 2701 5366 φύσιν
2728 5312 2744 5329 ·
2771 5294 2830 5358 ὃς
2862 5294 2922 5347 οὺ
2953 5292 3184 5347 πάντοτε
3218 5289 3359 5360 μετὰ
3388 5284 3485 5341 τοῦ
3508 5285 3612 5340 αὐ-

2033 5389 2129 5442 τοῦ
2188 5388 2360 5453 εἴδους
2410 5389 2503 5442 ἐπὶ
2531 5387 2628 5457 τῆς
2656 5384 2902 5457 ἀμπέλου
2941 5383 3155 5454 ὁρᾶται,
3186 5379 3325 5436 ἀλλὰ
3358 5376 3613 5446 συνεξαλ-
