3752 5984
182 165 317 225 829
1215 170 1278 224 ΙΝ
1318 171 1609 229 C.\NTlC.\
1653 173 1924 230 CANTIC.
1960 172 2242 230 llOMiLIA
2280 172 2366 228 IV.
3355 168 3458 226 830

182 283 396 337 ιὰσσει
424 280 500 353 τῷ
529 283 704 354 χρόνῳ
731 284 788 337 τὸ
807 280 967 349 εἶδος,
992 286 1508 361 ἀνθῶν,κυπρίζων,
1543 290 1783 346 τελειοῦ-

1928 293 2281 349 lenitudinem
2319 298 2662 360 temporum;
2698 306 2802 345 non
2839 300 3019 347 tamen
3047 301 3305 362 tanquam
3338 305 3459 342 oui-

184 390 389 445 μενος,
427 375 841 443 πεπαινόμενος.
872 376 1299 446 Ἐπαγγέλλεται
1331 379 1505 435 τοίνυν
1534 384 1567 453 ὴ
1599 382 1779 454 ἄμπε-

1932 385 2022 438 ino
2050 384 2115 437 ad
2140 384 2520 438 oblectandum
2553 382 2789 451 ineptus.
2848 382 2954 437 Pro
2982 392 3143 452 gustu
3178 383 3322 438 enim
3353 380 3452 437 de-

183 471 295 529 λος
336 464 409 535 τῷ
465 464 577 535 ἰδίῳ
624 465 841 537 καρπῷ,
885 466 942 530 ὃς
985 467 1138 522 οὔπω
1178 469 1276 541 μέν
1314 472 1431 524 ἐστι
1478 473 1613 544 πρὸς
1641 470 1781 528 οἶνον

1928 483 2049 530 :ctat
2092 474 2404 538 odoratum,
2434 475 2700 528 bonorum
2733 474 3155 544 exspectatione,
3214 472 3326 544 spei
3360 488 3455 526 va-

183 556 434 629 ὥριμος,
495 556 630 611 ἀλλὰ
681 558 829 627 μένει
883 558 945 612 τὸ
998 560 1270 631 πλήρωμα
1304 562 1412 616 τῶν
1444 564 1689 635 καιρῶν·
1719 566 1780 619 οὐ

1928 565 2115 619 oribus
2162 564 2368 619 leniens
2401 579 2595 619 sensus
2646 565 2860 618 animae.
2904 563 3062 618 Certa
3113 564 3255 618 enim
3291 570 3346 617 ct
3375 561 3455 615 iu-

183 647 315 718 μὴν
337 647 411 709 ὡς
438 650 519 711 είς
556 647 767 721 τρυφὴν
794 648 1221 715 ἀναπόλαυστος.
1247 654 1357 725 Τὴν
1373 653 1640 727 ὄσφρησιν
1672 656 1783 726 γὰρ

1932 656 2135 710 ubitata
2178 655 2310 709 lides
2352 655 2419 710 de
2471 655 2645 726 gratia
2683 671 2804 726 qum
2841 665 3112 724 speratur,
3147 663 3231 709 est
3272 654 3456 708 fruitio

183 738 484 809 εὐφραίνει
513 740 635 794 ἀντὶ
658 739 754 810 τῆς
778 740 1013 807 γεύσεως
1056 744 1122 813 τῇ
1164 743 1458 817 προσδοκίᾳ
1501 745 1608 800 τῶν
1649 746 1784 815 ἀγα-

1933 764 1960 803 s
1985 749 2075 816 qui
2112 763 2206 818 per
2255 746 2573 817 patientiam
2620 753 2941 817 exspectant
2972 747 3023 800 id
3059 745 3205 814 quod
3264 760 3458 814 exspe-

124 852 127 855 λ
182 829 336 891 θῶν,
368 831 481 892 τοῖς
510 830 702 899 ἀτμοῖς
738 831 835 900 τῆς
874 831 1085 895 ἐλπίδος
1134 832 1342 902 ἡδύνων
1373 833 1441 887 τὰ
1471 834 1571 904 τῆς
1606 834 1784 907 ψυχῆς

1928 848 2093 894 tatur.
2132 837 2222 893 Sic
2249 846 2337 893 est
2359 853 2487 908 ergo
2514 839 2581 892 bo
2596 846 2715 891 trus
2744 837 2928 909 Cypri,
2978 837 3163 891 viuum
3224 835 3456 906 promit-

184 918 554 990 αἰσθητήρια.
589 920 663 973 Τὸ
697 920 804 991 γὰρ
842 922 1029 975 πιστόν
1072 940 1131 976 τε
1165 925 1258 978 καὶ
1289 926 1654 997 ἀναμφίόολον
1686 929 1785 998 τῆς

1928 945 2034 995 aus,
2056 930 2306 985 nondum
2330 937 2511 983 autem
2546 926 2721 983 lactus
2750 929 2956 990 vinum,
3010 926 3103 982 sed
3141 942 3235 996 per
3269 924 3456 979 ﬂorem

184 1010 568 1081 ἐλπιζομένης
593 1012 835 1084 χάριτος,
861 1015 893 1083 ή
933 1015 1231 1080 ἀπόλαυσις
1269 1020 1379 1081 τοῖς
1412 1020 1479 1074 δι’
1507 1020 1784 1091 ὑπομονῆς

185 1099 660 1171 ἀπεκδεχομένοις
725 1102 786 1155 τὸ
848 1103 1290 1177 προσδοκώμενον
1324 1106 1551 1175 γίνεται.
1598 1110 1784 1175 Οὕτως

184 1188 293 1245 οὖν
315 1194 347 1246 ὁ
374 1192 473 1264 τῆς
499 1193 724 1265 Κύπρου
747 1194 942 1267 βότρυς
967 1198 1102 1261 ἐστὶ,
1136 1198 1330 1270 βότρυς
1355 1195 1495 1253 οἶνον
1518 1200 1788 1269 ἐπαγγελ-

186 1283 451 1354 λόμενος,
484 1282 635 1337 οὔπω
658 1284 712 1337 δὲ
750 1279 891 1348 οἶνος
936 1286 1240 1356 γινόμενος,
1275 1289 1411 1344 ἀλλὰ
1450 1290 1541 1343 διὰ
1564 1290 1657 1344 τοῦ
1692 1292 1786 1346 ἄν·-

1893 1020 2042 1090 (spes
2076 1027 2256 1073 autem
2303 1028 2387 1073 est
2415 1016 2535 1090 llos)
2564 1019 2630 1071 de
2649 1017 2828 1071 futura
2858 1019 3031 1087 gratia
3054 1017 3210 1072 Iidem
3231 1016 3456 1070 faciens.

1892 1112 2142 1181 Adjectio
2185 1120 2366 1166 autem
2421 1111 2672 1166 vecabuli
2721 1109 2918 1174 Gaddi,
2955 1109 3227 1179 significat
3277 1110 3454 1163 locum

1892 1203 2173 1272 pinguem,
2225 1201 2278 1255 in
2313 1216 2422 1271 quo
2472 1201 2688 1255 radices
2735 1215 2901 1270 agens
2944 1200 3071 1255 vitis
3106 1200 3347 1267 Opimum
3403 1206 3457 1252 et

1892 1308 2118 1349 suavem
2146 1293 2261 1348 edit
2305 1292 2566 1347 fructum.
2621 1291 2716 1346 Sic
2745 1292 2891 1347 enim
2941 1291 3036 1360 qui
3082 1289 3151 1346 de
3212 1290 3456 1344 locorum

186 1372 332 1436 θους
361 1374 416 1479 (ἰὴ
449 1373 505 1426 δὲ
538 1374 690 1438 ἐλπὶς
721 1375 782 1427 τὸ
833 1374 991 1437 ἄνθος
1028 1378 1166 1446 ἐστὶ)
1203 1378 1303 1448 τὴν
1333 1381 1595 1452 ἐσομένην
1625 1383 1785 1454 χάριν

1928 1387 2236 1456 cripserunt
2267 1385 2496 1441 historia
2516 1423 2532 1449 ,
2560 1382 2751 1438 dicunt
2782 1391 2985 1439 sortem
3018 1380 3190 1436 Gaddi
3218 1396 3337 1437 esse
3358 1396 3457 1450 ap-

186 1466 584 1535 πιστούμενος.
631 1466 695 1519 Ἦ
747 1466 802 1519 δὲ
836 1466 932 1520 τοῦ
969 1468 1169 1521 Καδδεὶ
1205 1470 1491 1542 προσθήκη
1531 1472 1784 1542 σημαίνει

1928 1477 2133 1531 ιοείιιιιιι
2160 1476 2225 1531 ad
2254 1475 2481 1531 alendos
2523 1476 2725 1530 botros.
2758 1474 3030 1540 Quoniam
3071 1488 3202 1542 ergo
3229 1474 3321 1542 qui
3351 1471 3458 1542 legi

187 1557 290 1613 τὸν
326 1557 486 1612 πίονα
514 1556 709 1629 χῶρον,
734 1550 778 1625 ᾧ
813 1558 1165 1630 ἐνριζωθείσα
1195 1561 1228 1632 ή
1258 1561 1501 1632 ἄμπελος
1524 1561 1785 1634 εὔτροφον

1928 1566 2102 1621 ιοιιιίηί
2136 1566 2468 1621 voluntatem
2500 1566 2664 1621 habet
2684 1566 3117 1629 convenientem,
3142 1565 3235 1620 diu
3259 1575 3314 1619 et
3330 1578 3459 1619 noc-

187 1650 292 1704 xa‘l
322 1648 456 1719 ἡδὺν
482 1648 572 1702 τὸν
604 1649 814 1721 καρπὸν
852 1650 1244 1722 ἀπεργάζεται.
1274 1655 1335 1706 Οἱ
1364 1654 1605 1718 τοπικῶς
1640 1655 1785 1708 ίστο·

1928 1673 1947 1711 ι
1964 1658 2018 1711 in
2035 1673 2099 1712 ea
2119 1656 2408 1720 meditans,
2430 1655 2661 1712 edicitur
2691 1656 2855 1711 arbor
2879 1671 3096 1727 semper
3116 1656 3452 1726 germinans.

188 1742 473 1813 ρήσαντες
518 1739 733 1809 λέγουσι
766 1741 856 1794 τὸν
884 1742 1083 1814 κλῆρον
1118 1742 1213 1797 τοῦ
1245 1745 1442 1799 Καδδεὶ
1468 1746 1786 1817 ἐπιτηδείως

1928 1764 2158 1819 quarum
2193 1746 2431 1803 [lusibus
2447 1749 2662 1819 pinguis
2691 1749 2955 1811 evadens,
2981 1764 3192 1817 suoque
3215 1755 3459 1817 tempore

189 1830 347 1901 ἔχειν
385 1830 522 1902 πρὸς
560 1830 849 1900 εὐτροφίαν
879 1830 1140 1903 βοτρύων.
1184 1833 1399 1906 Ἐπειδὴ
1442 1836 1619 1889 τοίνυν
1646 1836 1674 1887 ό
1709 1835 1785 1906 τῷ

1928 1848 2129 1893 'uctum
2153 1839 2420 1908 praebens,
2439 1853 2501 1892 ea
2523 1838 2591 1894 de
2609 1853 2773 1892 causa
2795 1839 2981 1908 sponsi
3014 1837 3266 1912 vincanin
3285 1835 3456 1891 Gaddi

194 1921 356 1993 νόμῳ
380 1919 476 1975 τοῦ
507 1920 711 1992 Κυρίου
744 1919 1034 1991 σύμφωνον
1056 1921 1194 1993 ἔχων
1225 1923 1283 1977 τὸ
1309 1924 1544 1995 θέλημα,
1577 1926 1670 1979 καὶ
1699 1925 1786 1979 διὰ

1928 1945 2022 2001 gro
2051 1928 2240 1999 pingui
2286 1929 2428 1983 actis
2456 1929 2754 1993 radicibus,
2800 1929 2907 1983 hoc
2951 1935 3037 1983 est
3076 1928 3131 1983 in
3179 1927 3455 1997 profunda

192 2014 388 2086 πάσης
403 2013 594 2077 νυκτός
611 2030 669 2067 τε
686 2015 777 2067 καὶ
791 2014 900 2085 ήμέ
908 2031 1005 2086 ρας
1019 2015 1221 2087 ταύτην
1240 2015 1337 2087 τὴν
1357 2015 1585 2087 μελέτην
1602 2016 1785 2071 ποιού-

1928 2020 2250 2090 ogitatione,
2314 2034 2436 2088 qua:
2467 2034 2561 2089 per
2583 2019 2766 2073 divina
2816 2019 3145 2074 documenta
3201 2017 3459 2086 irrigatur

195 2125 399 2179 μενος,
440 2106 687 2171 ἀειθαλὲς
739 2107 948 2175 γίνεται
989 2107 1240 2179 δένδρον,
1283 2110 1403 2173 ταῖς
1444 2109 1553 2162 τῶν
1579 2108 1786 2164 ὑδάτων

1928 2119 2232 2180 tangetur,
2272 2110 2553 2166 ﬂorentem
2598 2111 2742 2165 hunc
2769 2118 2823 2165 et
2874 2117 3185 2165 vernantem
3240 2109 3458 2163 botrum

192 2202 490 2272 ἐπιρροαῖς
532 2204 896 2270 πιαινόμενον,
942 2201 1000 2252 ἐν
1041 2198 1118 2270 τῷ
1158 2199 1452 2270 καθήκοντι
1481 2199 1659 2271 καιρῷ
1694 2199 1786 2253 τὸν

1930 2200 2169 2264 reduxit,
2200 2216 2360 2255 suum
2387 2195 2606 2256 intuens
2648 2201 2941 2270 agricolam
2988 2208 3044 2255 et
3073 2201 3455 2270 plantatorem.

193 2291 422 2365 καρπὸν
457 2290 847 2361 παρεχόμενος,
882 2289 1074 2345 τούτου
1113 2290 1273 2362 χάριν
1316 2292 1409 2344 καί
1446 2294 1479 2361 ἡ
1519 2291 1615 2344 τοῦ
1646 2309 1784 2362 νυμ-

1928 2297 2065 2357 tuam
2117 2292 2275 2347 beata
2328 2303 2413 2347 est
2456 2292 2569 2346 haec
2623 2293 2988 2362 agricultura,
3023 2290 3189 2360 cujus
3244 2288 3459 2344 fructus

195 2383 325 2450 (ρίου
351 2380 597 2453 ἄμπελος
638 2383 695 2434 ὲν
736 2380 814 2451 τῷ
867 2382 1065 2435 Καδδεὶ
1095 2381 1175 2451 τῷ
1208 2382 1352 2435 πίονι
1382 2381 1532 2453 τόπῳ
1557 2381 1787 2453 ἐρριζω-

1928 2385 2080 2454 ponsi
2132 2383 2322 2439 forma:
2369 2384 2745 2441 assimilatur!
2785 2382 2918 2437 Nam
2945 2384 3202 2453 quioniam
3236 2382 3325 2436 ille
3374 2387 3459 2436 est

198 2475 367 2545 μένη,
422 2473 702 2527 τουτέστιν
732 2475 789 2526 ὲν
820 2473 1012 2544 βαθείᾳ.
1073 2478 1141 2545 τῇ
1187 2474 1416 2545 διανοίᾳ,
1454 2476 1520 2545 τῇ
1558 2474 1644 2529 διὰ
1678 2475 1785 2529 τῶν

1929 2491 2021 2530 era
2052 2476 2166 2542 lux,
2194 2483 2250 2530 et
2281 2491 2407 2530 vera
2440 2476 2572 2540 vita,
2613 2486 2667 2530 ct
2689 2475 2903 2544 justitia
2937 2489 3085 2533 vera,
3141 2474 3283 2528 sicut
3323 2471 3460 2526 dicit

196 2565 367 2619 θείων
424 2565 767 2636 διδαγμάτων
820 2563 1197 2637 καταρδομένη
1259 2565 1351 2619 καὶ
1392 2564 1650 2630 αὔξουσα,
1693 2564 1785 2618 τὸν

1928 2567 2189 2638 apicntia,
2205 2576 2259 2623 et
2284 2582 2404 2636 quae
2423 2574 2552 2621 sunt
2580 2565 2915 2635 hujusmodi,
2948 2563 3166 2634 quando
3185 2561 3456 2632 quispiam

195 2655 412 2728 εὐανθῆ
434 2654 623 2708 τοῦτον
649 2655 742 2707 καὶ
794 2652 1127 2735 κυπρίςοντα
1160 2654 1353 2725 βότρυν
1398 2655 1784 2727 ἐκαρποφόρη-

1928 2672 1987 2712 er
2016 2672 2181 2727 opera
2213 2657 2271 2711 ﬁt
2306 2672 2370 2713 ea
2404 2673 2526 2729 quae
2556 2657 2647 2713 ille
2676 2666 2781 2720 est,
2818 2657 2899 2711 sic
2935 2656 3208 2725 aspiciens
3226 2654 3454 2707 .botrum

200 2765 317 2814 σεν,
350 2739 400 2816 ᾧ
424 2746 512 2799 τὸν
532 2746 777 2817 γεωργὸν
809 2745 904 2798 καὶ
933 2745 1244 2815 φυτηκόμον
1278 2746 1477 2816 ἑαυτῆς
1500 2746 1679 2817 ἐνορᾷ.
1698 2746 1785 2811 Ὠς

1930 2750 2125 2818 roprire
2155 2751 2535 2814 conscientiae,
2567 2748 2768 2819 ipsum-
2796 2762 3057 2818 sponsum
3081 2748 3138 2800 in
3168 2750 3270 2800 hoc
3311 2742 3458 2812 σερί-

199 2839 483 2914 μακάριον
528 2835 587 2889 τὸ
626 2835 865 2889 τοιοῦτον
890 2835 1180 2907 γεώργιον,
1231 2827 1291 2890 οὗ
1337 2837 1365 2888 ὁ
1410 2836 1618 2907 καρπὸς
1650 2835 1786 2905 πρὸς

1928 2842 2000 2907 ἱι,
2037 2840 2217 2895 lucida
2247 2850 2301 2897 et
2345 2841 2689 2895 immaculata
2727 2841 2835 2894 vita
2875 2838 3118 2895 veritatis
3158 2839 3331 2891 lucem
3376 2834 3458 2887 ino'

197 2922 305 3005 τὴν
327 2931 430 2986 τοῦ
468 2930 699 3001 νυμφίου
716 2928 994 2998 ὁμοιοῦται
1023 2927 1263 2999 μορφήνί
1296 2927 1511 2998 Ἐπειδὴ
1540 2927 1647 2999 γὰρ
1670 2926 1784 2997 φῶς

1928 2949 2074 2989 nens.
2110 2932 2400 3004 Propterea
2449 2935 2586 2989 dicit
2620 2934 2745 2989 vitis
2778 2934 2865 2987 illa
2903 2931 3132 2993 fertilis,
3175 2927 3329 2982 Meus
3375 2920 3459 2979 est

197 3003 460 3095 ἀληθινόν
483 3021 630 3075 ἐστιν
660 3022 886 3085 ἐκεῖνος,
923 3021 1017 3073 καὶ
1043 3018 1270 3089 ἀληθινὴ
1306 3017 1437 3090 ζωὴ,
1461 3018 1555 3072 καὶ
1583 3017 1785 3072 δικαιο-

1930 3029 2084 3075 otrus
2117 3003 2233 3092 qui,
2266 3022 2420 3077 ﬂoret
2451 3031 2506 3078 et
2560 3023 2848 3093 germinat.
2884 3021 3003 3092 Ipse
3049 3027 3134 3075 cst
3161 3019 3249 3073 ille
3299 3031 3460 3071 verus

202 3115 337 3186 σὺνη
402 3112 626 3184 ἀληθὴς,
662 3109 845 3174 καθὼς
886 3112 920 3181 ἡ
963 3109 1133 3177 Σοφία
1194 3110 1349 3179 φησὶ.
1391 3110 1484 3163 καὶ
1514 3110 1689 3162 πάντα
1716 3110 1784 3163 τὰ

1935 3120 2105 3173 atrus,
2120 3112 2211 3181 qui
2234 3114 2470 3183 seipsum
2490 3113 2543 3167 in
2568 3114 2811 3169 vectibus
2835 3111 3028 3182 ligneis
3046 3108 3283 3170 exhibet,
3302 3104 3460 3173 cujus

198 3206 453 3271 τοιαῦτα,
481 3206 609 3258 ὅταν
639 3221 720 3267 τις
780 3202 867 3255 διὰ
918 3201 1023 3256 τῶν
1054 3200 1229 3273 ἔργων
1263 3200 1431 3255 ταῦτα
1476 3201 1720 3270 γένηται,
1749 3201 1785 3255 ἃ

1928 3205 2116 3272 anguis
2147 3206 2212 3260 iis
2246 3207 2339 3275 qui
2376 3207 2511 3261 salvi
2534 3206 2669 3260 ﬁunt
2698 3214 2752 3260 ct
2779 3206 3027 3259 lar-tantur
3058 3201 3114 3255 lit
3142 3199 3459 3270 poculentus

201 3301 414 3363 ἐκεῖνός
439 3299 606 3363 ἐστιν,
629 3295 772 3351 οὕτω
798 3295 887 3349 τὸν
915 3295 1015 3365 τῆς
1048 3294 1180 3357 ἰδίας
1214 3293 1571 3363 συνειδήσεως
1591 3293 1785 3365 βότρυν

1928 3297 2336 3359 ιε.1ιιιοτίε,ίιι
2371 3298 2594 3352 Christo
2644 3296 2773 3353 Jesn
2824 3296 3054 3350 Domino
3104 3300 3315 3351 nostro,
3373 3287 3460 3341 cui

201 3392 447 3463 βλέπων,
474 3389 636 3444 αὐτὸν
663 3387 754 3441 τὸν
778 3387 1009 3457 νυμφίον
1049 3387 1109 3438 ὲν
1139 3385 1315 3456 τούτῳ
1348 3384 1555 3455 βλέπει,
1590 3389 1657 3457 τῇ
1683 3405 1786 3455 φω-

1932 3390 2070 3442 loria
2097 3398 2150 3443 et
2188 3390 2430 3460 potentia
2462 3390 2517 3443 in
2546 3390 2750 3443 saacula
2797 3387 3150 3443 sreculorum.
3188 3384 3385 3435 Amen.

200 3490 355 3559 τεινῇ
402 3503 463 3539 τε
512 3485 607 3539 καὶ
657 3483 917 3553 ἀκηράτῳ
975 3481 1087 3552 ζωῇ
1135 3480 1197 3534 τό
1240 3481 1355 3551 φῶς
1417 3482 1515 3552 τῆς
1559 3481 1816 3551 ἀληθείας
1890 3482 2355 3554 ὲνοπτριξόμενος.
2395 3483 2494 3537 Διὰ
2529 3483 2685 3545 τοῦτό
2718 3498 2879 3552 φησιν
2912 3477 3211 3550 ἡᾶμπελος
3239 3477 3273 3545 ἠ
3306 3472 3462 3539 εὐθη-

201 3579 395 3642 νοῦσα,
426 3580 510 3632 ὅτι
544 3575 705 3647 Ἐμὸς
729 3576 972 3647 βότρυςό
1004 3574 1069 3628 δι’
1125 3574 1283 3638 ἄνθος
1312 3574 1627 3644 κυπρίζωνο
1698 3575 1858 3638 αὐτὸς
1898 3572 2102 3640 ἐκεῖνός
2130 3578 2278 3630 ἐστιν
2313 3578 2341 3630 ὁ
2388 3574 2637 3647 ἀληθινὸς
2684 3573 2897 3645 βότρυς.
2924 3574 2952 3624 ό
2985 3572 3075 3623 ἐπὶ
3104 3569 3209 3622 τῶν
3240 3566 3462 3634 ξυλίνων

206 3674 525 3747 ἀναφορέων
551 3670 742 3725 ἑαυτὸν
756 3669 962 3735 δείξας.
1010 3664 1072 3725 οὗ
1103 3669 1163 3721 τὸ
1186 3663 1324 3739 αἷμα
1350 3670 1463 3732 τοῖς
1491 3668 1819 3737 σωζομένοις
1855 3687 1915 3722 τε
1980 3672 2075 3724 καὶ
2100 3671 2565 3742 εὐφραινομένους,
2589 3667 2813 3738 πότιμόν
2835 3683 2891 3718 τε
2917 3664 3009 3718 καὶ
3038 3662 3299 3731 σωτήριον
3318 3661 3462 3727 γίνεο

205 3784 318 3829 ται,
347 3768 407 3819 ἐν
440 3763 658 3837 Χριστῷ
695 3760 869 3833 Ἰησοῦ
890 3760 968 3832 τῷ
1002 3760 1191 3833 Κυρίῳ
1209 3760 1388 3833 ἡμῶν,
1416 3752 1460 3828 ᾧ
1516 3759 1548 3830 ή
1580 3759 1707 3827 δόξα
1734 3762 1828 3815 καὶ
1897 3763 1959 3816 τὸ
1996 3764 2193 3834 κράτος
2221 3765 2303 3827 είς
2332 3763 2458 3827 τοὺς
2494 3760 2693 3823 αἰῶνας
2718 3758 2824 3811 τῶν
2850 3755 3079 3811 αἰώνων.
3105 3754 3297 3824 Ἀμήν.

831 3894 1069 3949 omnm
1118 3882 1193 3949 Δ’.”

290 4034 442 4091 Ἰδοὺ
470 4028 529 4086 εἷ
551 4029 729 4097 καλὴ,
760 4031 799 4097 ἠ
843 4027 1111 4095 πλησίον
1131 4044 1280 4096 μου·
1305 4025 1434 4080 ἰδοὺ
1456 4021 1516 4081 εἶ
1540 4025 1719 4093 καλὴ,
1737 4029 1790 4079 οί

211 4125 508 4197 ὀρθίαιιοί
536 4139 653 4178 σου
680 4118 1049 4188 περιστερᾶς.
1085 4118 1239 4174 Ἰδοὺ
1264 4116 1790 4193 εἷμαλὸςρδελεει-

210 4218 246 4271 δ
260 4221 315 4284 ἱς
322 4236 468 4290 μου,
496 4216 596 4271 καί
617 4232 682 4284 τε
706 4211 936 4281 ὡραῖος.
952 4212 1298 4278 Προσκλίνη
1316 4208 1484 4279 ἡμῶν
1504 4211 1784 4276 σύσκιος,

210 4310 378 4366 δοκοὶ
393 4308 565 4381 ἡμῶν
594 4306 813 4376 κέδροι,
837 4302 1195 4375 φατνώματα
1214 4304 1380 4371 ἡμων
1396 4301 1784 4370 κυπάρισσοι.

2467 3893 2749 3950 ROMILIA
2780 3890 2869 3947 Π.

1961 4007 2091 4064 CAP.
2119 4023 2138 4065 ι
2166 4010 2218 4079 ,ᾖ
2250 4007 2335 4063 15.
2370 4007 2500 4062 Ecce
2522 4007 2740 4077 pulch’ra
2769 4022 2844 4068 es,
2872 4003 3163 4073 propinqua
3189 4016 3321 4061 mea,
3349 3993 3462 4055 ecce

1890 4099 2109 4168 pulchra
2152 4116 2204 4154 es
2224 4116 2242 4164 ;
2275 4098 2410 4153 oculi
2444 4099 2521 4153 tui
2554 4097 2827 4152 columbar.
2873 4094 2957 4149 16.
2991 4093 3120 4148 Ecce
3145 4092 3356 4162 pulcher
3382 4108 3458 4155 es,

1889 4193 2148 4259 patruelis
2186 4209 2329 4245 meus
2358 4200 2406 4245 et
2450 4191 2734 4260 formosus.
2772 4190 2857 4241 i7.
2883 4186 3130 4241 Lectulus
3154 4195 3327 4239 uoster
3350 4201 3463 4238 mu-

1890 4282 2297 4337 brosus.Trabes
2316 4293 2512 4336 nostra:
2530 4282 2691 4347 cedri,
2706 4280 2978 4350 laquearia
3003 4286 3185 4330 nostra
3206 4275 3459 4344 cupressi.

224 4403 365 4473 Ἐγὼ
379 4366 560 4468 ἄνθος
593 4366 712 4454 τοῦ*
729 4366 957 4462 πεδίου,
982 4366 1191 4462 κρίνον
1214 4366 1333 4446 {ar
1363 4366 1674 4446 κοιλάδων.
1693 4393 1789 4457 Ὠς

1928 4377 2018 4429 ιλιι.
2039 4374 2147 4443 ιιά
2168 4375 2215 4427 Ι.
2240 4373 2348 4444 Ego
2362 4374 2463 4443 ﬂos
2491 4374 2681 4442 campi,
2703 4373 2872 4425 lilium
2894 4370 3229 4425 convallium.
3249 4368 3302 4421 2.
3319 4367 3463 4421 Sicut

213 4498 424 4562 κρίνον
449 4492 700 4563 ἐνμέσῳ
728 4486 1025 4549 ἀκανθῶν,
1072 4485 1258 4550 οὕτως
1297 4484 1335 4551 ἠ
1374 4485 1644 4552 πλησίον
1674 4500 1793 4553 μου

213 4589 330 4642 ἀνὰ
344 4586 539 4658 μέσον
560 4583 680 4637 τῶν
704 4578 1059 4650 θυγατέρων.
1096 4577 1191 4642 Ὠς
1206 4574 1411 4644 μῆλον
1443 4575 1513 4628 ἐν
1539 4573 1662 4639 τοῖς
1687 4575 1795 4638 ξύ-

214 4679 347 4741 λοις
360 4674 468 4730 τοῦ
497 4670 746 4742 δρυμοῦ,
775 4668 963 4734 οὕτως
990 4664 1311 4734 ἀδελφιδός
1330 4681 1447 4733 μου
1475 4661 1590 4717 ἀνὰ
1601 4661 1798 4733 μέσον

217 4765 335 4819 τῶν
403 4763 569 4821 υἱῶν.
607 4764 705 4816 Ἐν
754 4759 829 4828 τῇ
875 4756 1022 4825 σκιᾷ
1067 4756 1254 4810 αὐτοῦ
1298 4756 1646 4824 ἐπεθύμησα
1696 4752 1795 4808 καὶ

218 4856 489 4922 ἐκάθισα,
536 4854 635 4909 καὶ
685 4850 913 4920 καρπὸς
968 4848 1153 4903 αὑτοῦ
1190 4846 1420 4917 γλυκὺς
1444 4847 1512 4899 ἐν
1542 4843 1798 4915 λάρυγγί

217 4966 356 5018 μου.
401 4944 765 5016 Εὶσαγάγετέ
793 4959 871 5013 με
918 4944 1006 5008 εις
1026 4941 1193 4994 οἶκον
1219 4939 1323 4993 τοῦ
1345 4941 1541 5002 οἴνου,
1581 4937 1797 5001 τάξατε

223 5037 312 5090 ἐπ’
331 5038 435 5110 ἐμὲ
453 5037 714 5107 ἀγάπην.
738 5029 1059 5103 Στηρίξατέ
1071 5047 1148 5100 με
1171 5029 1401 5099 μύροις,
1440 5026 1798 5082 στοιϐάσιιτέ

220 5146 294 5198 με
322 5131 390 5183 ὲν
407 5128 646 5199 μήλοις,
671 5125 761 5179 ὅτι
793 5120 1121 5193 τετρωμένη
1148 5120 1384 5189 ἀγάπης
1399 5118 1530 5189 ἐγώ.
1560 5116 1795 5173 Εὐώνυ-

223 5236 334 5286 μος
350 5219 534 5274 αὐτοῦ
556 5217 675 5273 ὑπὸ
706 5216 821 5284 τὴν
848 5210 1123 5284 κεφαλήν
1131 5229 1273 5282 μου,
1301 5210 1399 5264 καὶ
1424 5211 1461 5278 ἠ
1496 5208 1663 5274 δεξιὰ
1689 5211 1794 5264 αὺ-

230 5307 334 5362 τοῦ
384 5305 784 5378 περιλήψεταί
818 5323 915 5374 με.
972 5305 1225 5373 Ὥρκισιι
1272 5298 1445 5371 ὑμᾶς,
1479 5300 1797 5371 θυγατέρες

241 5397 649 5469 Ἰερουσαλὴμ,
683 5398 751 5451 ἐν
796 5396 1089 5465 δυνάμεσι
1134 5395 1231 5448 καὶ
1274 5394 1344 5448 ἐν
1374 5394 1661 5465 ἰσχύσεσι
1693 5394 1799 5449 τοῦ

233 5485 436 5555 drpoii'
470 5488 580 5543 ἐὰν
604 5487 867 5557 ἐγείρητε
895 5485 992 5540 καὶ
1025 5485 1357 5556 ἐξεγείρητε
1398 5483 1511 5553 τὴν
1536 5482 1799 5554 ἀγάπην.

235 5575 336 5643 ἕως
374 5578 440 5638 οὗ
473 5579 721 5655 θελήσῃ.

1896 4467 2070 4522 lilium
2094 4469 2229 4522 inter
2251 4468 2452 4535 spinas,
2472 4466 2548 4519 sic
2567 4481 2719 4518 soror
2740 4480 2855 4518 mea
2882 4463 3018 4517 inter
3039 4463 3199 4531 ﬁlias.
3237 4462 3289 4516 5.
3316 4458 3463 4515 Sicut

1892 4572 2107 4629 pontum
2156 4558 2209 4611 in
2253 4555 2411 4626 lignis
2466 4554 2635 4619 silvas,
2691 4554 2768 4609 sic
2825 4554 3083 4622 patruelis
3134 4568 3277 4606 meus
3328 4552 3463 4603 inter

1895 4649 2057 4718 filios.
2091 4645 2197 4702 Sub
2228 4645 2419 4700 umbra
2446 4645 2561 4714 ejus
2588 4643 2886 4697 desideravi
2931 4652 2980 4697 et
3010 4642 3142 4708 sedi,
3168 4651 3216 4695 et
3257 4640 3465 4710 {ructus

1891 4757 2006 4809 ejus
2055 4739 2229 4793 dulcis
2273 4739 2328 4791 iu
2370 4745 2579 4808 gutture
2629 4751 2761 4789 meo.
2796 4733 2849 4786 4.
2894 4732 3221 4787 Introducite
3273 4748 3352 4786 me
3408 4733 3461 4784 in

1896 4833 2086 4887 cellam
2151 4830 2411 4885 vinariam
2471 4843 2490 4882 :
2552 4826 2792 4881 ordinate
2844 4825 2901 4879 in
2978 4814 3055 4878 me
3128 4824 3444 4877 cltaritatem

1895 4919 2170 4976 5.Fulcite
2192 4937 2271 4974 me
2297 4918 2595 4989 unguentis,
2615 4916 2826 4970 sternite
2853 4915 2980 4968 mihi
2999 4926 3171 4967 torum
3200 4914 3250 4964 in
3280 4913 3465 4975 malis;

1895 5014 2020 5084 quia
2051 5029 2167 5066 sum
2197 5012 2440 5066 sauciata
2471 5027 2504 5064 a
2534 5009 2833 5064 dilectione.
2864 5006 2918 5062 6.
2954 5004 3188 5061 Sinistra
3222 5003 3336 5072 ejus
3368 5003 3464 5056 sub

1897 5106 2066 5172 capite
2134 5119 2285 5166 meo,
2359 5110 2410 5157 et
2473 5100 2662 5156 dextra
2735 5099 2848 5169 ejus
2921 5094 3311 5165 amplexabitur
3364 5109 3464 5147 me.

1901 5197 1952 5251 7.
1986 5195 2245 5264 Adjuravi
2273 5211 2384 5261 vos,
2418 5194 2547 5264 ﬁlia:
2593 5191 2908 5256 Jerusalem,
2941 5191 2997 5244 in
3044 5185 3394 5258 potestatibus
3419 5198 3464 5240 et

1903 5287 2187 5347 virtutibus
2233 5287 2388 5358 agri,
2447 5287 2495 5340 si
2527 5287 2768 5342 excitetis
2816 5292 2865 5340 et
2921 5281 3208 5353 expergisci
3252 5278 3463 5350 faciatis

1900 5378 2234 5441 charitatem,
2264 5374 2428 5430 donec
2454 5374 2593 5428 velit.
