3752 5984
320 196 419 256 831

1583 209 1639 264 S‘.
1665 206 1986 267 GREGORII
2016 209 2326 269 NYSSENI‘

3463 214 3573 272 832

386 314 557 369 Aiunt
586 330 684 370 eos
712 316 802 386 qui
839 331 1033 372 aurum
1065 328 1182 374 arte
1212 332 1540 393 expurgant,
1576 327 1622 379 si
1657 341 1751 396 per
1781 327 1873 380 ali-

2058 331 2194 383 Φασὶ
2218 331 2343 394 τοὺς
2377 328 2436 382 τὸ
2469 327 2688 401 χρυσίον
2727 327 3171 400 ὲκκαθάίροντας,
3205 331 3251 383 εί
3285 329 3377 387 διά
3420 348 3571 411 τινος

315 421 477 475 quam
494 406 852 463 sordidiorem
869 411 1149 465 materiam
1168 413 1235 468 de
1253 414 1521 470 industria
1545 419 1882 487 periuistam,

322 498 614 553 obscurata
651 500 812 555 fuerit
848 502 1201 571 pulchritudo
1233 507 1563 575 Splendoris,
1613 524 1709 578 per
1742 510 1885 580 ignis

319 587 592 643 fusionem
650 591 822 645 colori
877 592 1075 648 afferre
1124 597 1446 660 remedium,
1476 607 1529 653 et
1580 599 1684 655 hoc
1741 615 1885 672 saepe

320 681 521 745 facere,
551 691 603 735 et
662 683 716 736 in
750 685 994 752 qualibet
1050 686 1271 743 fusione
1303 691 1677 755 considerare,
1709 709 1885 763 quan-

321 778 434 822 tum
469 787 659 824 aurum
714 785 840 843 post
891 777 1126 844 priorem
1186 778 1242 832 in
1296 784 1657 851 sequentibus
1721 783 1885 839 fuerit

319 862 660 926 COlOl‘alillS,
710 879 887 934 neque
944 867 1098 935 prius
1145 882 1366 926 cessare
1417 873 1542 943 igne
1600 876 1882 931 materiam

318 965 644 1020 expuigare,
679 970 841 1023 quam
895 957 1012 1027 ipsa
1046 960 1166 1014 auri
1208 962 1421 1031 species
1455 963 1558 1016 sibi
1610 964 1713 1033 ipsi
1747 964 1885 1020 ferat

320 1043 711 1109 testimonium,
747 1047 892 1116 quod
928 1050 1001 1103 sit
1034 1066 1175 1119 pura
1201 1063 1255 1105 et
1293 1052 1520 1109 minime
1551 1056 1881 1111 adulterina.

317 1130 565 1197 Quanam
600 1144 785 1190 autem
837 1137 904 1193 de
953 1156 1141 1204 causa,
1172 1158 1361 1198 eorum
1396 1160 1518 1214 quae
1564 1146 1706 1202 lecta
1753 1157 1885 1203 sunt

320 1230 644 1289 praesentem
703 1233 1007 1283 tractantes
1062 1234 1623 1302 contemplationem,
1686 1237 1881 1292 horum

318 1310 755 1376 meminerimus,
791 1316 881 1370 tiet
904 1318 1065 1374 nobis
1088 1320 1441 1377 manifestum
1473 1340 1537 1379 ex
1565 1326 1687 1396 ipso
1712 1343 1880 1383 sensu

317 1414 507 1454 eorum
536 1418 658 1471 quae
686 1406 889 1475 scripta
925 1419 1073 1463 sunt.
1109 1411 1287 1467 Aurea
1325 1415 1395 1469 ab
1440 1416 1599 1471 initio
1628 1429 1747 1474 erat
1776 1421 1883 1475 liii-

318 1502 480 1542 mana
513 1501 729 1560 natura,
763 1503 818 1549 et
873 1500 1236 1568 resplendens
1259 1504 1642 1572 similitudine,
1679 1527 1801 1581 qua:
1836 1513 1883 1567 ci

312 1576 692 1637 intercedebat
743 1600 866 1640 cum
918 1590 1063 1645 bono
1113 1590 1358 1662 sincero,
1398 1607 1451 1652 et
1505 1599 1558 1652 in
1589 1602 1735 1670 quod
1777 1619 1883 1658 non

1995 422 2391 492 ῥυπαρωτέρας
2411 419 2540 493 ὕλης
2573 420 2698 474 κατ’
2721 419 2979 490 ὲπιὸολὴν
3006 421 3367 493 ὲμμιχθείσης
3384 426 3572 495 ἀμαυ,
3668 447 3673 450 .

1996 510 2195 582 ρωθείη
2223 512 2323 581 τῆς
2339 511 2679 581 λαμπηδόνος
2708 512 2768 564 τὸ
2798 511 3010 577 κάλλος,
3040 512 3219 584 τῇδιά
3254 514 3350 567 τοῦ
3389 518 3571 587 πυρὸς

1990 605 2189 676 χωνείᾳ
2216 604 2540 672 θεραπεύειν
2564 602 2660 674 τὴν
2686 603 2989 673 δυσχροίαν,
3007 603 3102 657 καὶ
3125 604 3383 669 πολλάκις
3405 606 3572 662 τοῦτο

1991 696 2185 758 ποιεῖν,
2235 692 2329 747 καὶ
2380 693 2503 746 καθ’
2536 694 2773 762 ἑκάστην
2798 693 3024 762 χωνείαν
3060 696 3408 761 ἐπισκοπεῖν,
3441 698 3570 751 ὅσον

1992 785 2144 855 παρά
2168 784 2265 854 τὴν
2299 784 2566 855 προτέραν
2595 785 2652 836 ὲν
2680 787 2790 848 τοῖς
2824 784 3022 855 ἐφεξῆς
3061 787 3280 855 γέγονεν
3305 789 3569 859 δ’χρυσδς

1995 876 2379 949 εὐχροώτερος,
2403 877 2495 929 καὶ
2520 876 2594 948 μὴ
2611 878 2872 948 πρότερον
2899 877 3166 932 παύεσθαι
3192 879 3268 951 τῷ
3302 882 3440 951 πυρὶ
3467 882 3569 952 τὴν
3599 891 3611 907 ’

1995 968 2127 1039 ὓλην
2148 967 2635 1039 ἀποκαθαίροντας,
2656 969 2759 1033 ἕως
2776 969 2906 1022 αύτό
2921 970 3141 1041 χρυσίου
3154 970 3213 1023 τὸ
3230 963 3364 1036 εἶδος
3384 973 3569 1043 ἑαυτῷ

1996 1061 2322 1132 μαρτυρήσῃ
2374 1059 2433 1112 τὸ
2452 1058 2688 1131 καθαρόν
2736 1075 2793 1112 τε
2822 1061 2915 1113 καὶ
2955 1061 3359 1132 ἀκιὸδὴλευτον.
3406 1064 3570 1127 Τίνος

1992 1149 2048 1202 δὲ
2101 1149 2260 1219 χάριν
2286 1148 2382 1219 τῆς
2416 1148 2696 1220 παρούσης
2725 1149 2831 1203 τῶν
2844 1150 3269 1222 ἀνεγνωσμένων
3328 1153 3571 1224 Θεωρίας

1993 1241 2303 1311 ἁπτόμενοι,
2336 1241 2540 1293 τούτων
2587 1241 2688 1311 τὴν
2716 1242 2934 1312 μνήμην
2966 1244 3363 1314 ἐποιησάμεθα,
3407 1246 3572 1318 δῆλον

1992 1336 2121 1405 ἡμῖν
2157 1330 2215 1398 ἐξ
2243 1333 2413 1400 αὐτῆς
2440 1335 2542 1402 τῆς
2568 1331 2804 1396 διανοίας
2840 1332 2948 1385 τῶν
2976 1336 3379 1406 γεγραμμένων
3403 1341 3568 1411 γενή-

1993 1443 2163 1479 σεται.
2202 1425 2391 1498 Χρυσῆ
2413 1422 2493 1487 τις
2518 1420 2584 1495 ἦν
2607 1425 2666 1477 τὸ
2690 1426 2966 1496 καταρχὰς
2987 1430 3018 1497 ἡ
3038 1427 3350 1500 ἀνθρωπίνη
3384 1431 3565 1499 φύσις,

1993 1518 2084 1572 καὶ
2099 1518 2388 1588 λάμπουσα
2411 1518 2476 1587 τῇ
2498 1519 2634 1588 πρὸς
2659 1517 2719 1571 τὸ
2743 1518 3017 1588 ἀκήρατον
3038 1519 3240 1587 ἀγαθὸν
3253 1522 3537 1591 ὁμοιότητι
3556 1544 3568 1556 ·

1992 1606 2126 1661 ἀλλὰ
2153 1607 2414 1678 δύσχρους
2446 1608 2539 1661 καὶ
2580 1608 2803 1679 μέλαινα
2841 1609 2978 1679 μετά
3017 1609 3173 1663 τοῦτο
3200 1614 3265 1681 τῇ
3309 1612 3569 1685 ἐπιμιξία⁸

318 1670 465 1723 cadit
495 1672 790 1731 interitus:
821 1678 916 1733 sed
968 1681 1191 1737 decolor
1219 1693 1279 1739 et
1322 1687 1476 1759 nigra
1527 1700 1712 1760 postea
1747 1693 1873 1748 fact:

2043 1700 2088 1768 ᾗς
2141 1699 2338 1761 κακίας
2407 1698 2642 1766 ἐγένετο,
2693 1698 2877 1762 καθὼς
2927 1701 2984 1752 ἐν
3039 1702 3151 1763 τοῖς
3198 1702 3440 1771 πρώτοις
3475 1705 3567 1757 τοῦ

316 1770 401 1813 est
452 1776 549 1830 per
602 1765 986 1825 admistionem
1012 1773 1151 1838 vitii,
1181 1781 1456 1843 quomodo
1508 1781 1561 1834 in
1617 1782 1887 1852 principio

316 1850 524 1906 Cantici
554 1856 864 1914 audivimus
892 1876 1149 1930 sponsam
1175 1868 1472 1935 dicentem,
1497 1850 1643 1943 quod
1674 1850 1885 1945 nigram

316 1954 434 1994 eam
458 1942 648 2000 fecerit
670 1950 997 2020 negligentia
1018 1957 1281 2012 custodiae
1317 1961 1502 2024 vineae,
1521 1964 1886 2034 cujuscurans

315 2032 720 2093 deformitatem
769 2043 864 2111 qui
918 2043 973 2097 in
1022 2047 1296 2117 sapientia
1346 2056 1529 2106 omnia
1588 2032 1892 2114 fabricatur

318 2122 484 2189 Deus,
519 2143 626 2182 non
660 2133 1009 2190 machinatur
1045 2137 1099 2190 in
1127 2153 1191 2193 ea
1246 2156 1442 2197 novam
1476 2146 1716 2217 aliquam
1765 2166 1887 2220 quin

316 2230 425 2270 non
460 2220 613 2287 prius
642 2230 758 2276 erat
790 2226 1277 2295 pulchritudinem,
1312 2234 1406 2289 sed
1432 2250 1526 2305 per
1552 2241 1883 2298 solutionem

316 2306 382 2359 ad
414 2310 648 2377 priorem
683 2313 897 2369 reducit
931 2320 1184 2387 gratiam,
1230 2338 1349 2377 eam
1395 2341 1517 2395 quas
1550 2330 1680 2385 vitio
1711 2332 1885 2389 fuerat

316 2398 641 2468 nigrefacta,
696 2404 976 2463 fundendo
1025 2425 1088 2465 ac
1148 2415 1439 2471 conﬂando
1488 2419 1762 2479 deducens
1816 2426 1883 2479 ad

315 2491 681 2548 sinceritatem
715 2496 767 2550 in
797 2515 959 2568 quam
992 2519 1101 2557 non
1125 2507 1274 2560 cadit
1300 2509 1572 2567 interitus.
1603 2514 1885 2581 Quomodo

312 2598 442 2651 ergo
489 2587 643 2654 periti
693 2597 745 2642 et
796 2592 1085 2663 diligentes
1149 2600 1441 2666 aurificcs,
1484 2614 1606 2674 post
1654 2611 1881 2678 primani

315 2674 583 2729 fusionem
619 2681 971 2738 considerant
996 2696 1198 2755 quanta
1231 2693 1620 2760 pulchritudini
1648 2674 1786 2755 facta
1812 2704 1884 2759 sit

312 2768 555 2821 accessio
587 2771 844 2835 materiie.
874 2777 1031 2845 cuju‘s
1087 2780 1279 2835 sordes
1331 2783 1452 2854 igne
1497 2786 1713 2845 fuerant
1748 2809 1880 2849 con-

312 2867 578 2926 εειιιιριαξε
612 2872 665 2915 et
691 2878 883 2921 rursus
915 2865 1057 2922 facta
1086 2874 1323 2927 secunda
1370 2876 1605 2945 fusione,
1632 2886 1881 2942 conside-

1992 1791 2268 1861 ’ᾼσματος
2287 1791 2383 1861 τῆς
2407 1789 2467 1842 νύ
2477 1807 2624 1862 μφης
2640 1791 2973 1861 ἠκούσαμεν,
3007 1792 3088 1844 ὅτι
3120 1791 3379 1862 μέλαιναν
3400 1794 3569 1865 αὐτὴν

1988 1881 2243 1952 ἐποίησεν
2273 1883 2306 1952 ἡ
2340 1880 2432 1934 τοῦ
2466 1880 2785 1951 ἀμπελῶνος
2823 1881 3102 1954 ὀλιγωρία,
3146 1877 3213 1955 ἧς
3246 1883 3569 1954 θεραπεύων

1988 1972 2085 2044 τὴν
2114 1973 2452 2044 δυσμορφίαν
2499 1975 2528 2025 ὁ
2561 1971 2735 2026 πάντα
2762 1974 2820 2026 ὲν
2851 1973 3010 2045 σοφίᾳ.
3049 1977 3377 2045 τεχνιτεύων
3405 1977 3562 2039 Θεὸς,

1986 2066 2052 2118 ού·
2083 2065 2265 2119 καινόν
2300 2082 2350 2118 τι
2373 2063 2565 2127 κάλλος
2598 2065 2683 2116 ἐπ’
2712 2064 2878 2135 αὐτὴν
2911 2068 3236 2136 μηχανᾶται,
3269 2066 3296 2118 ὃ
3322 2069 3399 2139 μὴ
3433 2070 3571 2139 πρόο

1985 2173 2142 2227 τερον
2183 2152 2271 2226 ἦν,
2322 2155 2433 2209 ἀλλ’
2471 2155 2564 2208 ἐπὶ
2593 2155 2691 2227 τὴν
2729 2154 2952 2226 πρώτην
2985 2156 3246 2225 ἐπανάγει
3275 2158 3461 2229 χάριν,
3500 2160 3569 2213 δέ

1985 2249 2426 2320 ἀναλύσεωςττὴν
2459 2247 2538 2317 τῷ
2585 2247 2740 2317 κακῷ
2793 2247 3145 2318 μελανθεῖσαν
3171 2250 3567 2321 μεταχωνεύων

1986 2343 2121 2413 πρὸς
2144 2343 2205 2397 τὸ
2231 2344 2527 2413 ἀκήρατον.
2562 2341 2774 2410 Ὥσπερ
2812 2340 2987 2394 τοίνυν
3010 2343 3058 2394 οἱ
3089 2341 3334 2441 ἀκριϐεῖς
3361 2359 3567 2441 χρζοσο-

1984 2433 2262 2504 γνώμονες
2314 2432 2449 2503 μετά
2495 2430 2594 2503 τὴν
2637 2429 2861 2501 πρώτην
2895 2431 3121 2501 χωνείαν
3148 2431 3565 2497 ἐπισκοποῦσιν,

1984 2528 2105 2580 ὅσον
2137 2525 2405 2578 ἐπέδωκεν
2455 2526 2534 2586 εἰς
2569 2522 2813 2593 κάλλοςὴ
2850 2520 2948 2592 ὕλη
2982 2521 3059 2592 τῷ
3089 2523 3222 2593 πυρὶ
3258 2522 3352 2575 τὸν
3385 2525 3563 2593 ῥύπον

1984 2617 2424 2686 ὲνδαπανήσασα·
2478 2616 2575 2669 καί
2634 2613 2795 2668 πάλιν
2826 2613 3082 2685 δευτέρας
3114 2614 3405 2682 γεγονυίας
3445 2633 3567 2684 χω-

1983 2713 2150 2775 νείας,
2185 2714 2232 2765 εί
2258 2711 2343 2780 μῆ,
2363 2709 2561 2771 ἱκανῶς
2607 2706 2755 2777 παρά
2780 2706 2877 2778 τὴν
2907 2705 3129 2778 πρώτην
3172 2708 3564 2781 ἀπεκαθάροη.

1982 2805 2042 2857 τὸ
2074 2802 2366 2875 προστεθὲν
2400 2800 2593 2863 κάλλος
2622 2798 3041 2866 ὲπιλογίζονται,
3073 2799 3165 2853 καὶ
3198 2799 3464 2864 πολλάκις
3500 2801 3567 2854 τὺ

1985 2898 2098 2950 ἴσον
2150 2893 2450 2956 ποιοῦντες,
2485 2892 2572 2945 ἀεὶ
2603 2891 2699 2954 τὰς
2739 2890 2832 2944 τοῦ
2863 2890 3092 2954 κάλλους
3124 2891 3440 2962 προσθήκας
3473 2891 3568 2945 διὰ

311 2956 436 2999 runt
473 2966 652 3006 annon
695 2956 876 3010 addita
915 2958 1168 3029 inprima
1224 2966 1357 3021 satis
1385 2985 1680 3041 expurgatu
1721 2975 1873 3032 fuerit

312 3038 656 3065 .t..t..l...:....i-
754 3054 792 3065 ,.
840 3063 881 3065 ,γ
1143 3054 1174 3065 σε
1309 3057 1330 3065 -
1395 3058 1406 3065 .

2043 3006 2082 3058 ις
2109 2984 2531 3057 ἐπιστημονικῆς
2556 2982 2877 3052 δοκιμασίας
2911 2980 3389 3049 ἐπιγινώσκουσιν
3419 2981 3568 3035 οὕτω

312 3038 694 3106 pulchritudo,
746 3054 800 3099 et
835 3063 977 3117 smpe
1041 3054 1245 3120 pariter
1306 3057 1603 3126 facientes,
1665 3038 2071 3136 setnpcruxaii
2119 3076 2213 3130 νῦν
2258 3078 2286 3128 ὁ
2338 3070 2678 3145 θεραπευτὴς
2735 3070 2830 3125 τοῦ
2882 3071 3234 3142 μελανθέντος
3293 3089 3562 3143 χρυσ.ου,

311 3141 614 3195 agnoscunt
650 3150 744 3203 per
778 3138 1151 3205 probationem
1193 3162 1259 3201 ex
1293 3149 1515 3204 scientia
1555 3156 1876 3226 profectum,

310 3224 656 3280 accessiones
687 3228 1109 3295 pulchritudinis
1143 3236 1253 3291 :ita
1299 3241 1461 3294 etiam
1495 3259 1640 3299 nunc
1664 3264 1879 3318 quoque

310 3316 403 3381 qui
436 3330 570 3369 auro
603 3320 906 3388 nigrefacto
935 3326 1156 3382 adhibet
1194 3332 1517 3398 remedium,
1554 3352 1678 3392 cuin
1710 3343 1875 3399 veluti

309 3410 545 3475 quadam
579 3410 792 3468 fusione
820 3416 1078 3474 adhibitis
1131 3421 1542 3483 medicamentis
1575 3432 1777 3487 claram
1811 3452 1875 3492 ac

309 3500 533 3553 nitidam
572 3504 900 3561 reddidisset
950 3510 1233 3567 animam:
1267 3514 1323 3569 in
1367 3518 1437 3573 iis
1489 3522 1706 3589 quidem
1755 3542 1877 3596 quae

307 3605 726 3658 praecesserunt.
758 3599 1042 3668 cujusdam
1084 3605 1232 3675 equi,
1262 3607 1314 3661 in
1346 3625 1412 3664 eo
1446 3614 1591 3683 quod
1627 3628 1872 3687 apparet,

304 3683 352 3734 ei
404 3699 505 3738 suo
553 3689 868 3745 testimonio
917 3694 1111 3748 tribuit
1164 3700 1628 3767 pulchritudinem
1658 3683 1876 3767 :“nunc

1978 3169 2227 3239 καθάπερ
2256 3167 2361 3220 τινὶ
2390 3164 2533 3237 χώνῃ
2560 3163 2737 3235 ψυχὴν
2766 3162 3100 3234 λαμπρύνας
3126 3164 3213 3217 διὰ
3240 3165 3349 3217 τῶν
3378 3182 3554 3236 προσ-

1977 3260 2250 3331 αχθέντων
2304 3257 2439 3328 αὐτῇ
2505 3254 2847 3324 φαρμάκων⁸
2895 3256 2952 3306 ἒν
2995 3254 3093 3356 μῖεν
3129 3256 3239 3316 τοῖς
3289 3253 3565 3356 (pado-133.,

1978 3352 2143 3404 ἵππου
2189 3346 2333 3409 τινὸς
2386 3344 2689 3415 εὐμορφίαν
2722 3341 2798 3412 τῷ
2825 3343 3131 3413 φαινομένῳ
3173 3343 3563 3414 προσεμαρτύ-

1987 3459 2116 3515 ρησε
2143 3458 2155 3471 ·
2191 3440 2284 3495 νῦν
2335 3439 2391 3491 δὲ
2433 3438 2508 3500 ὠς
2557 3435 2827 3508 παρθένου
2873 3434 3058 3488 λοιπδν
3120 3433 3445 3505 ἀποδέχεται
3499 3435 3563 3487 τὸ

1982 3533 2250 3601 ἁναφανὲν
2290 3531 2425 3600 αὐτῇ
2454 3528 2664 3591 κάλλος.
2700 3528 2836 3597 Φησὶ
2864 3526 3003 3598 γάρ’
3046 3525 3200 3580 Ἰδοὺ
3230 3522 3289 3580 εἷ
3304 3525 3490 3594 καλὴ,
3518 3527 3559 3593 ἠ

1981 3623 2249 3688 πλησίον
2304 3638 2439 3689 μου,
2484 3618 2610 3673 ἰδοὺ
2659 3614 2725 3672 εἴ
2767 3617 2961 3685 καλή*
3013 3620 3067 3671 οἱ
3101 3619 3397 3688 ὀφθαλμοί
3435 3634 3560 3673 σου

1981 3711 2340 3781 περιστεραί.

306 3786 489 3830 autem
552 3788 810 3850 tanquam
864 3787 1091 3858 virginis
1146 3791 1213 3845 de
1264 3803 1466 3852 caetero
1522 3814 1875 3871 apparentem
1953 3807 2193 3864 adzuittit
2239 3804 2359 3874 ejus
2417 3800 2899 3873 pulchritudinem.
2965 3798 3104 3854 Dicit
3158 3800 3352 3856 enim:
3423 3800 3565 3858 Ecce

302 3874 521 3937 pulchra
548 3891 622 3933 es.
649 3880 942 3946 propinqua
964 3897 1098 3947 mea,
1123 3899 1237 3938 erce
1259 3888 1479 3954 pulchra
1507 3909 1583 3947 es.
1612 3894 1769 3952 Oculi
1791 3904 1870 3956 tui
1906 3902 2179 3958 columbw.

377 3959 541 4016 Docet
564 3974 743 4018 autem
772 3968 944 4021 oratio
972 3985 1065 4040 per
1091 3988 1154 4027 ea
1180 3991 1299 4043 qua:
1323 3980 1523 4049 scripta
1550 3994 1698 4053 sunt,
1730 3989 1873 4048 hanc

305 4051 726 4117 pulchritudinis
776 4070 898 4111 esse
949 4064 1419 4133 resumptionem,
1475 4076 1622 4142 quod
1679 4051 1872 4141 rursus

307 4140 765 4212 appr.-piiiqiiarit
792 4162 930 4202 vera:
966 4152 1377 4225 pulchritudini,
1409 4176 1438 4214 a
1474 4140 1579 4233 qua
1621 4140 1868 4229 recessit,

307 4230 443 4285 Dicit
472 4235 615 4287 enim
643 4254 656 4289 :
694 4235 825 4290 Ecce
853 4240 1074 4307 pulchra
1096 4259 1172 4309 es,
1200 4230 1505 4320 propinqua—
1538 4272 1672 4312 mea.
1702 4259 1871 4335 Prop-

2043 3990 2296 4046 Παιδεύει
2320 3987 2408 4041 διά
2437 3986 2544 4040 τῶν
2580 3985 2885 4058 εἰρημένων
2916 3987 2944 4039 ὁ
2972 3986 3146 4055 λόγος,
3176 3986 3380 4056 ταύτην
3413 3983 3557 4041 εἶναι

1969 4083 2063 4137 τοῦ
2092 4081 2321 4142 κάλλους
2372 4080 2473 4148 τὴν
2534 4076 2895 4147 ὲπανάληψιν,
2946 4077 3005 4130 τὸ
3038 4078 3266 4148 πλησίον
3299 4079 3554 4146 γενέσθαι

1971 4174 2067 4243 τῆς
2116 4171 2211 4225 τοῦ
2258 4169 2423 4224 καλοῦ
2480 4170 2682 4239 πηγῆς,
2739 4169 2830 4221 καὶ
2882 4170 3243 4239 προσεγγίσαι
3282 4169 3445 4222 πάλιν
3477 4171 3554 4240 τῷ

1970 4264 2206 4334 ἀληθινῷ
2241 4261 2446 4325 κάλλει,
2493 4256 2552 4315 οὗ
2590 4260 2943 4330 ἀπεφοίτησε.
2978 4263 3113 4331 Φησὶ
3138 4263 3277 4331 γάρ·
3318 4262 3469 4317 Ἰδοὺ
3501 4260 3556 4318 εἷ

304 4330 470 4387 terea,
507 4325 700 4394 inquit,
745 4337 905 4384 antea
937 4347 1045 4387 non
1080 4349 1202 4391 eras
1234 4340 1460 4408 pulchra
1485 4387 1502 4412 ,
1542 4348 1687 4416 quod
1728 4325 1869 4408 maia

304 4412 414 4447 υἰιὶἱ
454 4420 979 4447 ιιηηνη.ιι..η..η.ι,...-
1015 4438 1039 4447 ι.
1084 4427 1333 4447 ..-εηηκρκ
1431 4432 1443 4447 .
1503 4436 1537 4447 ..
1821 4445 1830 4447 -

2043 4325 2152 4423 ῐᾷὴ,
2178 4325 2222 4424 ’ἡ
2246 4353 2511 4420 πλησίον
2523 4369 2663 4421 μου.
2697 4325 2796 4406 Ara
2816 4352 2973 4406 τοῦτο
2993 4353 3253 4423 πρότερον
3268 4355 3369 4447 ούκ
3393 4350 3539 4427 ἦσθα

302 4412 414 4463 viiii
452 4420 981 4486 appropinquatione
1013 4438 1042 4476 a
1084 4427 1345 4495 primaria
1395 4412 1702 4494 abalienata
1742 4445 1866 4512 pul-

300 4505 627 4566 chritudine.
677 4519 1042 4569 transmutata
1101 4517 1269 4576 fueris
1318 4525 1385 4578 ad
1437 4505 1866 4590 deformitatem.

299 4596 355 4649 Id
400 4610 581 4652 autem
611 4603 758 4670 quod
788 4605 990 4660 dicitur
1012 4619 1097 4664 est
1117 4611 1385 4681 ejusmodi
1404 4617 1617 4676 :‘Liberi
1655 4626 1867 4681 arbitrii

297 4704 468 4757 capax
504 4690 652 4745 fui-ta
681 4702 765 4748 est
792 4694 1030 4751 humana
1062 4711 1280 4771 natura,
1317 4715 1372 4760 et
1418 4708 1487 4762 ad
1537 4712 1681 4780 quod
1742 4729 1863 4770 eam

294 4780 444 4835 ducit
472 4783 705 4838 instituti
739 4787 823 4841 sui
857 4789 1141 4848 electionis
1173 4788 1478 4862 inclinatio,
1513 4817 1578 4855 ex
1609 4817 1673 4856 en
1700 4805 1864 4860 etiam

295 4883 559 4930 mutatur.
589 4874 722 4932 Nam
750 4889 803 4935 et
831 4881 875 4935 si
904 4882 997 4936 ira:
1026 4886 1331 4957 susceperit
1374 4897 1581 4944 motum
1603 4931 1619 4956 ,
1649 4894 1709 4946 tit
1754 4895 1865 4949 ira-

292 4967 467 5021 cunda
498 4989 515 5023 :
545 4981 597 5024 et
621 4972 666 5027 si
695 4972 1035 5029 dominatum
1069 4976 1368 5033 obtinuerit
1420 4983 1714 5051 cupiditas,
1747 4989 1862 5042 sol-

290 5058 436 5111 vitur
473 5059 527 5113 in
560 5064 911 5132 voluptatem.
962 5064 1120 5132 Quod
1136 5068 1190 5123 ἐἰ
1219 5068 1285 5123 ad
1312 5083 1515 5127 metum
1539 5083 1592 5129 et
1623 5075 1866 5132 formidi-

294 5166 414 5204 nem
445 5161 498 5206 et
530 5154 775 5224 singulas
810 5158 982 5217 animi
1034 5162 1477 5230 perturbationes
1520 5166 1663 5223 facta
1698 5168 1867 5225 fuerit

294 5247 603 5314 cenversio,
648 5250 794 5305 subit
824 5250 1029 5308 formas
1058 5256 1496 5329 uniuscujusque
1529 5262 1695 5316 animi
1740 5279 1864 5333 per-

294 5335 623 5395 tt.rbationis
652 5358 664 5393 :
699 5345 973 5412 quomodo
1001 5348 1164 5401 etiam
1197 5357 1387 5403 contra
1414 5351 1627 5417 lenitas,
1652 5354 1864 5424 patien-

294 5427 391 5491 ιὶίιν
420 5429 651 5498 puritas,
680 5450 808 5503 pax,
839 5436 934 5491 irae
958 5454 1068 5492 non
1114 5455 1238 5495 esse
1288 5443 1609 5509 obnoxium,
1642 5447 1865 5515 {egritu-

293 5515 420 5571 dine
467 5532 656 5575 carere
702 5529 757 5576 et
787 5525 1058 5591 molestia,
1108 5530 1331 5583 minime
1364 5533 1699 5601 perturbari,
1750 5535 1861 5589 haec

293 5608 479 5666 omnia
510 5625 632 5665 cum
668 5614 722 5669 in
754 5629 813 5669 se
836 5628 1158 5685 susceperit,
1202 5621 1635 5696 uniuscujusque
1666 5625 1859 5681 horum

1977 4447 2138 4517 καλὴ,
2168 4445 2298 4499 διότι
2330 4442 2424 4496 τοῦ
2455 4442 2761 4515 ἀρχετύπου
2788 4442 3015 4507 κάλλους
3060 4443 3462 4509 ἀποξενωθεῖσα
3484 4451 3548 4519 τῇ

1975 4537 2189 4607 πονηρᾷ
2220 4535 2513 4604 γειτνιάσει
2556 4533 2655 4606 τῆς
2684 4534 2882 4598 κακίας
2909 4534 3045 4606 πρὸς
3086 4535 3148 4589 τὸ
3196 4536 3436 4607 εἰδεχθὲς
3458 4538 3554 4609 ὴλ-

1973 4626 2220 4697 λοιώθης.
2256 4627 2328 4680 Τὸ
2350 4627 2404 4680 δὲ
2427 4626 2718 4697 λεγόμενον
2752 4628 2988 4681 τοιοῦτον
3019 4628 3417 4702 ἐστι’Δεκτικὴ
3444 4631 3553 4683 τῶν

1973 4720 2114 4772 κατὰ
2137 4718 2361 4789 γνώμην
2396 4720 2615 4787 γέγονεν
2649 4721 2681 4789 ἡ
2714 4718 3028 4791 ἀνθρωπίνη
3070 4720 3254 4789 φύσις,
3290 4725 3386 4776 καὶ
3416 4725 3554 4793 πρὸς

1970 4808 2105 4881 ὅπερ
2139 4808 2205 4864 ἂν
2257 4812 2289 4881 ὴ
2353 4810 2493 4879 ῥοπὴ
2524 4811 2618 4879 τῆς
2651 4811 3021 4881 προαιρέσεως
3053 4812 3221 4882 αὐτὴν
3255 4813 3401 4882 ἄγει,
3430 4815 3549 4868 κατ’

1970 4902 2143 4956 ἐκεῖνο
2163 4902 2255 4955 καὶ
2285 4899 2715 4955 ἁλλοιοῦται.Ἰόὖ
2739 4917 2793 4954 τε
2819 4901 2925 4974 γάρ
2944 4902 3113 4972 θυμοῦ
3133 4904 3551 4977 παραδεξαμένη

1967 4991 2030 5045 τὸ
2056 4993 2241 5058 πάθος,
2275 4991 2529 5064 θυμώδης
2558 4992 2807 5060 γίνεται·
2841 4994 2936 5047 καὶ
2967 4994 3066 5065 τῆς
3099 4995 3392 5069 ἐπιθυμίας
3427 4999 3549 5050 ἐπιδ-

1968 5084 2342 5155 κρατησάσης,
2394 5086 2474 5148 εἰς
2536 5083 2727 5157 ἡδονὴν
2750 5084 3044 5139 διαλύεται.
3074 5086 3218 5158 Πρὸς
3259 5088 3460 5142 δειλίαν
3490 5107 3546 5143 τε

1967 5176 2062 5229 καὶ
2085 5178 2267 5244 φόϐον,
2291 5179 2383 5229 καὶ
2405 5176 2473 5229 τὰ
2498 5175 2620 5231 καθ’
2647 5177 2874 5231 ἕκαστον
2903 5178 3049 5250 πάθη
3080 5179 3178 5244 τῆς
3204 5182 3378 5251 ῥοπῆς
3403 5199 3547 5250 γενο-

1970 5267 2137 5338 μένης
2168 5267 2264 5330 τὰς
2309 5268 2538 5321 ἑκάστου
2589 5267 2697 5320 τῶν
2750 5268 2934 5322 παθῶν
2971 5270 3182 5342 μορφάς
3213 5272 3543 5327 ὑποδύεται·

1971 5357 2160 5428 ὥσπερ
2207 5357 2270 5428 δὴ
2310 5358 2404 5411 καὶ
2434 5359 2497 5411 ἐκ
2534 5357 2626 5410 τοῦ
2662 5359 2905 5412 ἐναντίου
2957 5360 3020 5412 τὸ
3070 5360 3446 5433 μακρόθυμον,
3484 5362 3545 5415 τὸ

1972 5446 2228 5518 καθαρὸν,
2279 5448 2339 5501 τὸ
2368 5448 2660 5517 εἰρηνικὸν,
2699 5446 2758 5501 τὸ
2790 5449 3079 5521 ἀόργητον,
3111 5450 3172 5504 τὸ
3222 5451 3448 5517 ἄλυπον,
3481 5452 3542 5506 τὸ

1971 5537 2253 5609 εὐθαρσὲς,
2279 5538 2341 5591 τὸ
2377 5539 2665 5608 ἀπτόητον,
2700 5541 2875 5594 πάντα
2900 5541 3073 5597 ταῦτα
3100 5544 3157 5596 ὲν
3188 5543 3354 5615 ἑαυτῇ
3384 5544 3538 5607 δεξα-

1975 5629 2129 5699 μένη,
2187 5629 2413 5683 ἑκάστου
2452 5630 2655 5687 τούτων
2702 5632 3048 5703 ἐπισημαίνει
3087 5631 3179 5687 τὸν
3219 5636 3535 5707 χαρακτῆρα
