3742 5986
194 235 313 294 853

1262 239 1329 294 IN
1358 238 1653 294 CANTICA
1684 239 1949 298 ειΑΝΤιΟ.
1979 243 2257 299 llOMlLIA
2290 246 2373 301 IV.

3342 256 3446 311 87.4

193 355 263 423 τῇ
293 352 621 406 καταστάσει
650 352 746 421 τῆς
769 351 944 423 ψυχῆς
976 354 1031 406 ἐν
1057 352 1323 424 ἀταραξίᾳ.
1352 352 1671 422 γαληνιάζου

1966 364 2052 408 nat
2081 355 2452 412 charactercm
2507 374 2703 412 sereno
2750 375 2813 414 ac
2840 361 3142 430 tranquillo
3191 363 3444 424 minime-

191 447 497 517 Συμὸαίνει
519 445 694 498 τοίνυν
719 446 939 516 ἀμέσως
963 445 1100 517 πρὸς
1122 445 1216 516 τὴν
1238 445 1435 499 κακίαν
1453 448 1550 515 τῆς
1577 445 1774 516 ἀρετῆς

191 536 517 606 διεστώσης,
573 535 646 606 μὴ
677 535 935 590 δύνασθαι
970 536 1110 590 κατά
1136 537 1328 591 ταύτὸν
1367 536 1672 606 ἀμφότερον
1699 535 1776 604 τῷ

193 627 280 679 ἑνὶ
316 626 744 696 παραγίνεσθαι·
765 629 792 680 6
820 627 928 698 γάρ
957 627 1050 680 τοῦ
1094 629 1390 698 σωφρονεῖν
1423 627 1686 690 ἀποστὰς,
1717 628 1775 679 ἐν

197 719 276 789 τῷ
298 719 585 789 ἀκολάστῳ
619 719 835 782 πάντως
861 719 1066 787 γίνεται
1083 718 1201 789 βίῳ,
1242 719 1334 771 καὶ
1362 721 1389 771 6
1411 717 1498 770 τὸν
1531 715 1776 787 ἀκάθαρ-

193 826 290 861 τον
323 808 714 879 βδελυξάμενος
741 809 874 878 βίον,
898 806 1258 877 κατώρθωσεν
1286 808 1344 859 ὲν
1360 811 1424 879 τῇ
1456 808 1771 877 ἀποστροφῇ

191 900 292 953 τοῦ
347 901 518 956 κακοῦ
556 900 616 952 τὸ
652 901 968 970 ἀμόλυντον.
1005 899 1160 952 Οὖτω
1193 900 1287 952 καὶ
1315 899 1480 954 τᾶλλα
1510 898 1707 959 πάντα,
1744 900 1773 951 ὀ

191 992 572 1063 ταπεινόφρων
598 994 696 1063 τῆς
726 992 1104 1063 ὑπερηφανίας
1135 989 1488 1062 κεχώρισται,
1520 992 1613 1044 καὶ
1634 993 1660 1044 6
1686 991 1772 1045 διὰ

193 1085 293 1136 τοῦ
323 1084 493 1154 τύφου
536 1085 727 1136 ἑαυτὸν
773 1083 1102 1152 ὲξογκώσας,
1142 1085 1240 1156 τὴν
1278 1083 1771 1156 ταπεινοφροσύνην

195 1172 479 1234 ἀπώσατο.
527 1173 636 1226 Καὶ
673 1173 725 1226 τί
758 1174 863 1243 χρὴ
895 1172 962 1226 τά
1011 1174 1130 1227 καθ’
1161 1173 1390 1228 ἕκαστον
1411 1173 1634 1242 λέγοντα
1656 1175 1771 1228 δια-

192 1265 441 1336 τρίϐειν;
485 1263 605 1326 Πῶς
652 1266 744 1316 ἐπὶ
791 1263 897 1317 τῶν
920 1265 1307 1335 ἀντικειμένων
1341 1268 1406 1336 τῇ
1438 1265 1646 1337 φύσειὴ
1677 1266 1769 1319 τοῦ

195 1357 314 1419 ἐνὸς
351 1355 584 1409 ἀπουσία
623 1354 770 1418 θέσις
809 1356 902 1408 καὶ
948 1355 1180 1425 ὖπαρξις
1218 1355 1312 1409 τοῦ
1341 1356 1526 1428 ἐτέρου
1544 1356 1769 1425 γίνεται,

193 1448 340 1501 οὕτω
359 1447 534 1500 τοίνυν
551 1446 776 1518 ἐχούσης
798 1447 953 1518 ἡμῶν
979 1448 1073 1518 τῆς
1087 1448 1472 1519 προαιρέσεως,
1491 1449 1607 1500 κατ’
1625 1447 1774 1513 ἐξου-

196 1539 320 1592 σίαν
349 1539 494 1609 ἔχειν
542 1531 695 1609 ᾧπερ
729 1538 794 1591 ἂν
836 1537 994 1608 ἐθέλῃ
1037 1538 1211 1609 τούτῳ
1255 1539 1768 1610 συσχηματίζεσθαι,

195 1629 378 1693 καλῶς
403 1647 535 1700 φησι
557 1629 690 1700 πρὸς
713 1630 811 1700 τὴν
832 1629 1206 1700 ώραιωθεῖσαν
1234 1630 1262 1682 ό
1297 1630 1453 1699 λόγος
1473 1647 1485 1661 ⁸
1509 1631 1590 1684 ὅτι
1614 1631 1770 1683 Ἀπο-

196 1724 371 1775 στᾶσα
409 1723 505 1792 μὲν
533 1721 633 1790 τῆς
685 1721 778 1774 τοῦ
811 1719 980 1774 κακοῦ
1015 1720 1296 1782 κοινωνίας
1328 1722 1450 1791 ἐμοὶ
1475 1723 1772 1793 προσήγγι-
1805 1700 1843 1753 Β

196 1831 295 1878 σας
315 1830 328 1844 ·
363 1813 711 1884 πλησιάσασα
752 1813 807 1866 δὲ
833 1811 911 1883 τῷ
960 1813 1239 1883 ἀπροσίτῳ
1264 1812 1469 1878 κάλλει,
1501 1813 1594 1866 καὶ
1634 1814 1770 1885 αὑτὴ

196 1906 335 1975 καλὴ
353 1906 605 1974 γέγονας,
636 1901 746 1958 οἷόν
776 1923 826 1959 τι
872 1905 1175 1976 κάτοπτρον
1215 1905 1293 1975 τῷ
1321 1903 1438 1975 ὲμῷ
1464 1904 1770 1977 χαρακτῆρι

195 1996 637 2068 έμμορφωθεῖσα.
673 1998 974 2066 Κατόπτρῳ
1003 1996 1110 2066 γὰρ
1157 1995 1330 2050 ἔοικεν
1363 1995 1436 2060 ώς
1467 1995 1680 2066 ἀληθῶς
1711 1997 1772 2050 τὸ

192 2087 534 2158 ἀνθρώπινον
587 2087 727 2139 κατά
774 2085 872 2147 τὰς
925 2085 1031 2138 τῶν
1087 2085 1458 2156 προαιρέσεων
1504 2085 1770 2155 ἐμφάσεις

193 2178 680 2249 μεταποιούμενον.
713 2179 810 2230 Ἂν
839 2194 898 2231 τε
923 2177 1032 2247 γάρ
1063 2179 1262 2249 χρυσὸν
1287 2178 1403 2240 ἴδοι,
1429 2178 1626 2248 χρυσὸς
1648 2177 1771 2247 φαί-

189 2290 364 2334 νεται,
389 2271 480 2324 καὶ
505 2271 603 2333 τὰς
647 2269 815 2332 αὐτάς
853 2269 1026 2338 αὐγὰς
1059 2271 1156 2340 τῆς
1187 2269 1316 2339 ὕλης
1341 2267 1428 2322 διὰ
1457 2269 1554 2339 τῆς
1588 2269 1769 2340 ἐμφά-

191 2382 332 2426 σεως
361 2363 629 2416 δείκνυσιν
650 2379 663 2392 ·
699 2364 763 2416 ἄν
786 2363 844 2415 τέ
872 2380 924 2415 τι
953 2363 1063 2414 τῶν
1093 2361 1344 2431 εἰδεχθὼν
1367 2361 1650 2432 ὲμφανείη,
1679 2363 1772 2415 καὶ

189 2455 385 2508 τούτου
420 2456 476 2507 τὸ
499 2452 683 2524 αἶσχος
705 2454 770 2506 δι’
800 2453 1110 2522 ὁμοιώσεως
1149 2451 1764 2524 ἀπομάσσεται,βάτραο

188 2549 284 2617 χόν
315 2565 458 2610 τινα,
497 2547 528 2616 ἢ
563 2546 787 2617 φρῦνον,
823 2545 854 2614 ἢ
909 2546 1323 2616 σκολόπενδραν,
1353 2546 1387 2616 ἢ
1423 2544 1549 2598 ἄλλο
1575 2563 1627 2597 τι
1662 2545 1772 2598 τῶν

191 2638 373 2707 ἀηδῶν
407 2637 692 2707 θεαμάτων
729 2635 807 2706 τῷ
840 2636 1023 2707 οἰκείῳ
1063 2637 1502 2706 ὑποκρινόμενον,
1528 2629 1679 2706 ᾧπερ
1706 2635 1771 2688 ἂν

188 2726 397 2779 τούτων
449 2724 642 2795 εὑρεθῇ
693 2726 1130 2795 ἀντιπρόσωπον.
1173 2724 1388 2794 Ἐπειδὴ
1429 2725 1604 2778 τοίνυν
1633 2726 1772 2778 κατὰ

190 2816 365 2872 νώτου
400 2816 496 2887 τὴν
532 2815 725 2868 κακίαν
773 2817 1110 2887 ποιησαμένη
1151 2818 1183 2885 ἠ
1227 2814 1604 2886 κεκαθαρμένη
1628 2815 1771 2886 ψυχὴ

191 2908 300 2963 ὑπὸ
323 2908 618 2976 Δόγουρὺν
648 2907 868 2977 ἡλιακὸν
917 2908 973 2961 ὲν
1013 2909 1177 2979 ἑαυτῇ
1203 2907 1397 2961 κύκλον
1427 2909 1660 2972 ἐδέξατο.
1681 2908 1772 2961 καὶ

191 2996 272 3066 τῷ
300 2995 517 3063 ὀφθέντι
539 2999 593 3050 ὲν
616 2998 750 3068 αὐτῇ
769 3000 906 3066 φωτὶ
933 2998 1322 3068 συνεξέλαμψε,
1348 2998 1434 3052 διὰ
1457 2999 1611 3052 τοῦτό
1637 3015 1768 3070 φησι
1797 3027 1839 3084 C

193 3086 333 3155 πρὸς
365 3085 533 3155 αὐτὴν
546 3087 574 3137 6
589 3086 782 3158 Λόγος,
801 3090 1125 3158 ὃτιΓέγονας
1141 3088 1240 3160 ἤδη
1265 3088 1402 3160 καλὴ
1426 3089 1772 3160 πλησιάσασα

191 3175 272 3244 τῷ
306 3173 423 3244 ἐμῷ
452 3176 608 3242 φωτὶ,
639 3174 729 3227 διὰ
775 3174 870 3228 τοῦ
905 3178 1312 3247 προσεγγισμοῦ
1363 3179 1460 3250 τὴν
1489 3180 1773 3233 κοινωνίαν

193 3264 531 3334 ἐφελκομένη
560 3264 654 3317 τοῦ
705 3264 954 3329 κάλλους.
1000 3266 1154 3321 Ἰδοὺ
1197 3268 1254 3320 εἷ
1294 3269 1472 3336 καλὴ.
1501 3270 1683 3339 φησὶν,
1730 3269 1769 3336 ἡ

189 3360 278 3410 πλ
288 3357 464 3422 ησίον
473 3374 611 3425 μου.
633 3348 765 3410 Εἶτα
781 3357 1038 3428 ἐπισχὼν,
1053 3360 1146 3412 καὶ
1161 3353 1272 3412 οἷον
1293 3361 1351 3412 ἐν
1365 3359 1649 3434 προσθήκῃ
1668 3360 1770 3412 τινὶ

192 3448 293 3502 καὶ
307 3447 551 3501 ὲπιτάσεί
569 3448 860 3518 γενομένην
877 3448 969 3502 τοῦ
984 3450 1214 3513 κάλλους
1227 3450 1393 3522 αὐτὴν
1414 3451 1768 3522 θεασάμενος,

194 3539 362 3592 πάλιν
375 3538 464 3592 τὸν
480 3538 642 3591 αὑτὸν
665 3539 1103 3609 ὲπαναλαμόάνει
1125 3539 1302 3608 λόγον.
1328 3539 1516 3594 εἰπών’
1547 3541 1699 3596 Ἰδοὺ
1719 3538 1778 3595 εἷ

192 3630 380 3696 καλή.
422 3631 630 3684 ’Δλλ’ὲν
649 3631 745 3700 μὲν
759 3630 838 3701 τῷ
859 3633 1104 3703 προτέρῳ
1113 3632 1210 3702 τὴν
1231 3632 1454 3705 πλησίον
1467 3633 1771 3705 ὠνόμασεν

192 3715 435 3771 ἐνταῦθα
497 3720 552 3774 δὲ
590 3722 688 3791 τὴν
713 3723 776 3774 ἐκ
801 3721 892 3774 τοῦ
920 3721 1092 3785 εἴδους
1127 3722 1238 3776 τῶν
1269 3723 1529 3794 ὀμμάτων
1575 3741 1771 3794 γνωρι-

193 3807 454 3878 ζομένην·
506 3809 826 3878 Ὀφθίιιμοὶ
870 3810 978 3880 γάρ
1013 3823 1150 3873 σου,
1188 3814 1352 3883 φησὶ,
1396 3812 1767 3881 περιστερᾶς.

192 3900 470 3970 Πρότερον
507 3901 606 3971 μὲν
636 3900 743 3972 γὰρ
775 3903 862 3955 ὃτε
892 3903 1043 3973 ἵππῳ
1071 3903 1426 3975 ἀφωμοιώθη,
1469 3906 1528 3957 ὲν
1562 3906 1770 3973 σιαγόνι

192 4008 255 4044 τε
286 3992 380 4045 καὶ
405 3993 658 4064 τραχήλῳ
682 3996 710 4046 6
739 3993 956 4058 ἔπαινος
982 3991 1068 4065 ἦν.
1101 3996 1214 4048 Νῦν
1241 3997 1296 4050 δὲ
1324 3999 1411 4050 ὅτε
1438 3997 1497 4050 τὸ
1526 3997 1652 4052 ἴδιον
1683 3999 1772 4052 αὺ-

190 4084 298 4153 τῆς
329 4085 569 4154 ἀνεφάνη
617 4085 829 4150 κάλλος,
867 4089 898 4157 ἡ
931 4087 1036 4140 τῶν
1081 4088 1373 4159 ὀφθαλμῶν
1402 4091 1561 4159 χάρις
1591 4092 1768 4158 ἐγκω-

184 4174 475 4244 μιάζεται·
501 4179 529 4229 ὀ
547 4176 604 4230 δὲ
627 4175 732 4229 τῶν
749 4177 1040 4248 ὀφθαλμῶν
1061 4178 1276 4244 ἔπαινός
1304 4182 1417 4233 ἐστι
1442 4180 1500 4233 τὸ
1523 4197 1770 4252 περιστε-

193 4267 302 4338 ρᾶς
329 4265 398 4319 τὰ
418 4267 638 4336 όμματα
660 4261 818 4329 εἶναι,
850 4269 986 4340 ὅπερ
1015 4287 1102 4340 μοι
1127 4271 1273 4324 δοκεῖ
1295 4271 1548 4343 τοιαύτην
1573 4273 1769 4342 ἐμφαί-

1878 458 1982 511 qne
2005 445 2322 513 perturbato
2349 452 2492 499 statu
2522 447 2737 499 anima).
2771 445 2956 503 Evenit
2981 465 3133 520 ergo,
3159 459 3218 505 ut
3243 453 3446 507 virtute

1879 545 1908 583 a
1943 533 2070 585 ritio
2105 533 2382 602 disjuncta
2416 535 2534 588 sine
2565 534 2764 599 medio,
2823 551 2930 588 non
2970 540 3181 605 possint
3217 549 3445 610 utraque

1879 622 1968 675 uni
2001 622 2164 675 simul
2196 624 2423 678 adesse:
2453 625 2545 693 qui
2570 625 2716 678 enim
2748 629 2974 681 recessit
3005 642 3034 680 a
3060 633 3443 698 temperantia.

1875 721 2128 766 versatur
2155 715 2378 768 omnino
2399 715 2452 768 in
2477 715 2586 768 vita
2605 715 2871 770 dissoluta
2894 727 2948 771 et
2972 719 3194 772 minime.
3219 720 3440 790 frugali.

1875 810 1928 856 et
1954 803 2046 872 qui
2078 803 2241 857 vitam
2292 805 2641 860 abominatur
2693 807 3051 874 immundam,
3089 810 3162 862 ita
3199 825 3258 864 se
3305 813 3446 881 gerit

1877 899 1934 944 ut
1969 892 2021 944 in
2060 892 2365 947 aversando
2391 896 2536 948 malo
2566 905 2781 952 maneat
2806 899 3139 968 impollutus.
3171 902 3246 956 lta
3279 903 3443 958 etiam

1875 982 1941 1037 de.
1969 985 2182 1040 caeteris
2211 1001 2226 1036 :
2263 987 2354 1056 qui
2388 995 2472 1041 est
2510 987 2750 1054 humilis,
2785 1000 3072 1060 separatur
3098 1009 3126 1047 a
3161 995 3442 1064 superbia,

1873 1082 1927 1128 et
1961 1076 2052 1144 qui
2087 1091 2181 1145 per
2210 1076 2409 1131 fastum
2465 1077 2746 1146 intumuit,
2783 1083 2996 1150 repellit
3056 1084 3441 1140 humilitatem.

1875 1165 1939 1220 Et
1971 1167 2102 1237 quid
2159 1183 2297 1238 opus
2329 1176 2414 1224 est
2467 1169 2746 1224 immorari
2782 1173 2836 1225 in
2890 1173 3138 1230 dicendis
3188 1177 3441 1246 singulis,

1874 1259 2336 1328 quemadmodum
2367 1261 2419 1314 in
2449 1261 2516 1316 iis
2545 1279 2665 1332 qua-
2693 1264 2793 1316 sibi
2827 1265 2970 1319 inter
2997 1281 3056 1320 se
3079 1265 3441 1323 adversantur

1873 1359 2092 1414 natura,
2128 1353 2373 1406 absentia
2411 1354 2575 1408 unius
2624 1354 2694 1408 sit
2738 1357 2939 1425 positio
2977 1367 3031 1413 et
3089 1359 3444 1415 subsistentia

1873 1441 2310 1496 alterius‘lCum
2361 1443 2584 1513 sitergo
2635 1445 2689 1498 in
2742 1454 3007 1516 potestate
3057 1449 3233 1503 nostri
3285 1447 3444 1504 liberi

1873 1533 2106 1594 arbitrii,
2136 1534 2184 1588 ei
2221 1534 2455 1588 similem
2492 1534 2722 1605 figuram
2757 1539 2842 1592 cui
2880 1539 3441 1610 volueritsuscipere,

1873 1625 1922 1680 ei
1952 1641 2072 1694 quae
2101 1627 2328 1697 pulchra
2363 1625 2504 1681 facta
2534 1637 2618 1683 est
2651 1639 2800 1686 recte
2829 1630 2961 1684 dicit
2986 1633 3163 1686 oratio
3194 1652 3207 1686 :
3242 1634 3281 1686 A
3313 1634 3443 1688 mali

1871 1717 2086 1786 quidem
2138 1719 2402 1773 societate
2453 1719 2715 1776 recedens
2766 1721 2899 1775 mihi
2947 1726 3439 1794 appropinquasti:

1871 1809 2323 1878 appropinquans
2356 1817 2536 1864 autem
2575 1811 2850 1881 primaria:
2885 1822 2939 1867 et
2971 1815 3267 1883 exemplari
3319 1817 3442 1884 pul-

1874 1899 2198 1964 chritudini,
2221 1900 2338 1970 ipsa
2366 1916 2582 1972 quoque
2608 1903 2836 1972 pulchra
2861 1918 2941 1968 es,
2968 1904 3130 1959 veluti
3163 1905 3440 1974 quoddam

1872 1991 2153 2059 speculum
2187 1992 2526 2046 conformata
2567 2009 2687 2049 meo
2733 1996 3061 2051 characteri.
3097 1995 3269 2052 llomo
3298 2000 3438 2054 enim

1871 2096 2058 2136 revera
2081 2084 2301 2152 speculo
2325 2091 2407 2138 est
2435 2085 2632 2139 similis
2661 2083 2864 2152 factus,
2901 2087 3104 2143 formas
3132 2090 3440 2160 suscipiens

1871 2187 1939 2227 ex
1997 2173 2309 2229 simulacris
2359 2174 2734 2230 institutorum
2779 2187 2832 2232 et
2875 2177 3167 2234 liberarum
3221 2183 3480 2236 electio-‘

1871 2279 2022 2319 num.
2063 2263 2188 2320 Sive
2217 2266 2361 2321 enim
2390 2283 2584 2321 aurum
2626 2269 2839 2336 viderit,
2879 2287 3071 2325 aurum
3116 2283 3362 2342 apparet.
3387 2283 3440 2330 ct

1872 2355 2124 2409 eumdem
2144 2357 2384 2412 materia:
2407 2359 2750 2428 splendorem
2773 2377 2883 2430 pra:
2901 2378 2960 2417 se
2984 2363 3118 2418 fert:
3141 2368 3255 2419 sive
3275 2365 3438 2420 etiam

1871 2444 2154 2514 quidpiam
2183 2447 2427 2502 deforme
2473 2452 2806 2520 apparuerit,
2860 2469 2956 2507 eaa
2982 2454 3102 2508 dem
3130 2457 3291 2510 etiam
3325 2465 3439 2512 tur-

1871 2536 2175 2605 pitudinem
2228 2539 2487 2607 exprimit
2541 2557 2636 2610 per
2695 2543 3192 2610 assimilationem,
3253 2556 3440 2617 utpote

1872 2643 2059 2684 ranam
2095 2630 2355 2699 aliquam,
2387 2643 2479 2686 aut
2529 2633 2804 2700 bufonem,
2859 2648 2952 2692 aut
2998 2641 3436 2712 scol0pendram,

1872 2726 1966 2772 aut
2018 2719 2235 2790 aliquod
2281 2723 2424 2776 aliud
2472 2724 2832 2794 injucundum
2894 2731 3286 2797 spectaculum,
3338 2749 3438 2788 sua

1873 2807 2045 2864 forma
2076 2813 2322 2869 referens
2345 2815 2488 2884 quod
2514 2817 2790 2872 inventum
2822 2818 2983 2873 fuerit
3012 2821 3093 2876 eis
3118 2823 3433 2880 adversum.

1871 2900 2140 2964 Quoniam
2186 2921 2316 2975 ergo
2345 2907 2574 2976 expulso
2623 2924 2652 2961 a
2687 2917 2837 2980 tergo
2866 2913 3017 2978 vitio,
3061 2925 3359 2986 expurgata
3406 2933 3436 2972 a

1873 2991 2051 3050 Verbo
2067 2996 2270 3063 anima,
2295 2999 2430 3054 solis
2453 2999 2718 3054 circulum
2746 3003 2797 3055 in
2826 3018 2883 3057 se
2914 3007 3174 3074 suscepit,
3199 3016 3252 3062 et
3275 3009 3438 3063 simul

1876 3084 2074 3137 reluxit
2102 3101 2226 3139 eum
2259 3087 2380 3142 luce
2426 3105 2547 3158 qua:
2593 3091 2644 3144 in
2684 3091 2801 3160 ipsa
2845 3098 3117 3164 apparuit,
3155 3109 3438 3169 propterea

1872 3177 1923 3231 ei
1956 3177 2088 3230 dicit
2110 3173 2341 3235 Verbum
2366 3192 2380 3230 :
2405 3181 2636 3237 Pulchra
2667 3181 2807 3237 facta
2851 3201 2931 3249 es,
2973 3203 3093 3256 quae
3139 3205 3270 3245 meae
3328 3192 3436 3247 luci

1873 3269 2345 3339 appropinquasti,
2387 3287 2483 3341 per
2511 3277 3094 3346 appropinquationcm
3146 3285 3438 3353 acquirens

1873 3361 2309 3417 communionem
2370 3364 2820 3432 pulchritudinis.
2884 3368 3017 3424 Ecce
3078 3388 3164 3436 es,
3237 3373 3434 3441 inquit,

1869 3451 2112 3518 pulchra,
2138 3454 2429 3520 propinqua
2457 3470 2591 3509 mea.
2618 3454 2823 3511 Deinde
2845 3474 2966 3512 cum
2993 3475 3051 3514 se
3074 3461 3436 3528 cohibuisset,

1869 3549 1924 3594 et
1951 3557 2069 3596 eam
2113 3543 2280 3596 veluti
2312 3543 2364 3596 in
2416 3543 2650 3612 quadam
2701 3544 2978 3602 additione
3018 3556 3072 3602 et
3119 3552 3436 3606 accessione

1869 3634 2270 3700 contemplatus
2299 3640 2450 3688 esset
2489 3633 2935 3702 pulchritudinis,
2965 3654 3155 3693 rursus
3188 3640 3434 3696 eamdem

1869 3724 2067 3793 repetit
2132 3723 2487 3790 orationem,
2564 3725 2801 3780 dicens:
2872 3725 3006 3781 Ecce
3083 3728 3302 3797 pulchra
3355 3748 3432 3787 es.

1873 3816 1977 3871 Sed
2046 3816 2198 3885 prius
2262 3817 2478 3887 quidem
2523 3832 2642 3871 eam
2695 3818 2997 3873 nominavit
3029 3820 3432 3890 prapinquam:

1867 3904 1960 3960 hic
2000 3913 2178 3959 autem
2213 3921 2330 3960 eam
2365 3922 2484 3976 qua:
2540 3908 2890 3974 cognosci'ur
2934 3925 2998 3962 ex
3037 3911 3218 3979 specie
3253 3915 3442 3966 oculu-

1870 4015 2022 4065 rum,
2061 3999 2216 4054 Οειιίὶ
2251 4000 2397 4054 cnim
2434 4000 2510 4052 tui
2544 3999 2816 4072 columine.
2843 3999 3002 4054 Prius
3038 4002 3180 4056 enim
3223 4003 3439 4072 quando

1868 4106 2008 4159 equo
2042 4090 2142 4144 fuit
2172 4091 2470 4146 assimilata
2493 4131 2508 4155 ,
2549 4091 2669 4146 laus
2700 4099 2819 4145 erat
2851 4091 2904 4145 in
2937 4093 3160 4147 maxilla
3191 4105 3242 4148 et
3271 4097 3435 4150 collo.

1869 4183 2026 4238 Nunc
2069 4191 2248 4238 autem
2292 4199 2416 4237 cum
2447 4182 2565 4248 ejus
2610 4183 2825 4253 propria
2859 4187 3108 4254 apparuit
3138 4188 3440 4255 pulchritu-

1869 4272 1939 4326 do
1960 4314 1974 4336 ,
2005 4272 2258 4327 laudatur
2285 4272 2460 4342 gratia
2491 4281 2543 4327 et
2574 4272 2741 4328 decor
2781 4273 2899 4340 ejus
2939 4276 3242 4329 oculorum.
3295 4278 3439 4332 Laus

190 4374 312 4410 νειν
355 4356 612 4421 διάνοιαν,
658 4358 844 4429 ἐπειδὴ
889 4363 1009 4424 ταῖς
1049 4361 1315 4434 καθαραῖς
1355 4363 1461 4418 τῶν
1505 4363 1668 4433 ὀμμά¹

1946 4373 2050 4418 lem
2085 4364 2204 4431 ejus
2242 4363 2529 4416 oculorum
2556 4401 2570 4424 ,
2615 4361 2757 4431 quod
2802 4361 2911 4413 sint
2955 4363 3099 4415 oculi
3140 4365 3424 4419 columine.

192 4447 392 4519 κόραις
461 4448 656 4518 ὁρᾶται
685 4449 793 4503 τῶν
829 4452 1180 4516 ἀτενιζόντων
1210 4455 1278 4508 τά
1321 4455 1602 4526 πρόσωπα.
1637 4455 1773 4508 Φασὶ

191 4540 309 4608 γὰρ
341 4539 388 4591 οἱ
415 4538 636 4593 τοιαῦτα
658 4541 998 4612 φυσιολογεῖν
1025 4546 1405 4615 ἐπιστήμονες,
1439 4547 1521 4599 ὅτι
1547 4545 1643 4610 τὰς
1667 4545 1772 4598 τῶν

191 4630 436 4684 εἰδώλων
467 4629 774 4699 ἐμπτώσεις
809 4633 1115 4704 δεχόμενος,
1145 4637 1202 4690 αἶ
1230 4636 1338 4690 τῶν
1368 4636 1578 4707 ὁρατῶν
1605 4639 1774 4708 ἀπορ-

194 4718 438 4790 ρἐυσιν,
477 4719 648 4784 οὕτως
677 4721 890 4793 ἐνεργεῖ
915 4723 1012 4793 τὴν
1042 4725 1163 4794 ὄψιν
1187 4729 1216 4780 6
1247 4726 1541 4797 ὀφθαλμός.
1566 4727 1768 4781 Τούτου

193 4813 358 4883 χάριν
389 4810 610 4875 ἔπαινος
637 4812 845 4877 γίνεται
873 4815 974 4884 τῆς
1002 4817 1110 4868 τῶν
1153 4817 1442 4888 ὀφθαλμῶν
1473 4819 1773 4891 εὐμορφίας

192 4905 256 4956 τὸ
277 4903 379 4972 τῆς
401 4906 730 4974 περιστερᾶς
759 4901 916 4971 εἶδος,
941 4907 1001 4960 τὸ
1024 4910 1141 4972 ταῖς
1167 4909 1355 4981 κόραις
1376 4911 1555 4965 αὐτῶν
1578 4914 1773 4983 ἐμφαι-

193 4993 442 5063 νόμενον.
475 4993 617 5063 [Ιρδς
641 4994 669 5047 ὃ
699 4995 808 5067 γάρ
837 4997 902 5051 ἀν
927 5015 1010 5061 τις
1039 5000 1340 5072 ὲνατενίσῃ,
1372 5001 1528 5056 τοῦτο
1560 5004 1775 5074 δέχεται

193 5085 257 5136 ὲν
283 5082 460 5152 ἐαυτῷ
494 5084 557 5136 τὸ
583 5085 856 5156 ὁμοίωμα.
892 5087 1044 5142 Ἐπεὶ
1071 5085 1162 5144 οὖν
1199 5091 1394 5161 μηκέτι
1426 5093 1562 5162 πρὸς
1596 5094 1772 5164 σάρκα

195 5176 290 5228 καὶ
319 5169 462 5244 αἷμα
494 5174 724 5245 βλέπων,
774 5178 909 5250 πρὸς
937 5180 1028 5234 τὸν
1075 5183 1440 5252 πνευματικὸν
1491 5183 1602 5254 βίον
1631 5186 1733 5256 ὁρᾷ
1752 5226 1767 5249 ,

194 5266 382 5329 καθώς
412 5284 576 5338 φησιν
602 5270 631 5322 ὀ
668 5271 1004 5336 Ἀπόστολος,
1028 5273 1136 5338 ζῶν
1167 5273 1457 5343 πνεύματι,
1489 5275 1584 5329 καὶ
1612 5277 1770 5329 πνεύ-

199 5375 331 5428 ματι
365 5358 614 5428 στοιχῶν,
649 5361 740 5413 καὶ
763 5362 861 5424 τάς
880 5364 1106 5432 πράξεις
1128 5365 1220 5418 τοῦ
1242 5366 1492 5436 σώματος
1525 5367 1771 5428 θανατῶν

195 5448 276 5520 τῷ
307 5449 605 5520 πνεύματι,
635 5452 729 5504 καὶ
757 5453 875 5517 ὅλος
898 5453 966 5507 δι’
997 5455 1118 5508 ὅλου
1151 5457 1516 5528 πνευματικὸς
1544 5459 1770 5530 γενόμε-

197 5555 306 5603 νος,
339 5540 402 5592 οὐ
433 5541 694 5612 ψυχικὸς,
731 5543 851 5598 οὐδὲ
885 5545 1166 5617 σάρκινός*
1203 5547 1390 5602 τούτου
1423 5550 1581 5621 χάριν
1625 5568 1768 5623 μαρ-

270 5653 318 5683 δ⁶
341 5649 517 5708 Calai.
542 5668 594 5716 ν,
628 5653 830 5723 lbsqq.

1870 4453 2024 4520 Quod
2065 4453 2282 4523 quidem
2327 4453 2459 4506 mihi
2494 4453 2706 4506 videtur
2733 4451 2876 4505 hunc
2905 4468 3124 4508 sensum
3159 4455 3438 4520 indicare,

1868 4545 2308 4615 quandoquidem
2344 4543 2397 4596 in
2434 4543 2654 4613 pupillis
2680 4543 2965 4598 oculorum
3012 4559 3312 4601 cernuntur
3359 4549 3439 4602 fa-

1869 4637 1980 4691 cies
2007 4651 2200 4690 eorum
2235 4635 2327 4705 qui
2366 4635 2488 4688 fixis
2524 4634 2809 4688 intuentur
2836 4637 3030 4690 oculis.
3072 4635 3267 4692 Dicunt
3297 4641 3438 4693 enim

1870 4729 1924 4782 hi
1955 4728 2047 4797 qui
2080 4736 2209 4782 sunt
2239 4725 2450 4798 praediti
2485 4725 2715 4779 scicntia
2757 4724 3068 4794 hujusmodi
3115 4742 3294 4780 rerum
3345 4744 3440 4780 na-

1875 4819 2170 4885 turalium,
2220 4817 2365 4888 quod
2418 4816 2839 4872 simulacrorum
2894 4815 3238 4870 incursiones
3292 4817 3440 4869 exci-

1875 4913 2060 4983 piens.
2095 4925 2216 4982 qua:
2245 4916 2446 4964 exeunt
2475 4923 2539 4964 ex
2572 4908 2736 4962 rebus
2769 4907 3227 4976 aspectabilibus,
3258 4907 3332 4960 ita
3365 4909 3444 4960 vi-

1875 5015 1995 5056 sum
2031 5001 2087 5054 in
2121 4998 2490 5069 Operationem
2521 4995 2744 5050 deducit
2775 4994 2991 5050 oculus.
3035 4992 3146 5046 llac
3181 4993 3248 5047 de
3278 5009 3443 5048 causa

1873 5090 1996 5144 laus
2026 5087 2308 5142 oculorum
2346 5084 2776 5155 pulchritudinis
2809 5092 2893 5138 cst
2932 5081 3105 5135 forma
3139 5082 3441 5144 columbae,

1876 5197 1997 5250 quae
2017 5185 2238 5248 apparet
2259 5177 2312 5230 in
2329 5190 2516 5230 eorum
2536 5175 2774 5244 pupillis.
2797 5173 2854 5227 In
2873 5172 3016 5242 quod
3035 5173 3178 5226 enim
3197 5170 3447 5230 defixerit

1877 5271 2066 5327 oculos
2085 5313 2099 5335 ,
2135 5270 2257 5339 ejus
2285 5269 2340 5322 in
2369 5281 2428 5322 se
2454 5267 2686 5336 suscipit
2709 5264 3146 5322 similitudinem.
3175 5264 3443 5330 Quoniam

1877 5380 2004 5437 ergo
2031 5363 2124 5434 qui
2159 5376 2266 5416 non
2295 5359 2531 5429 amplius
2561 5357 2759 5427 aspicit
2794 5358 2859 5411 ad
2885 5371 3106 5412 carnem
3140 5365 3194 5412 et
3225 5359 3448 5426 sangui-

1879 5473 2036 5520 nem,
2093 5453 2162 5508 ad
2222 5452 2385 5509 vitam
2447 5449 2643 5519 aspicit
2695 5447 3070 5519 spiritualem,
3125 5447 3267 5503 sicut
3315 5447 3448 5502 dicit

1875 5545 2166 5618 Apostolus
2187 5581 2202 5610 ,
2231 5539 2546 5603 vivificaris,
2573 5538 2768 5610 spiritu
2804 5539 3094 5595 ambulans
3124 5539 3193 5604 ”,
3229 5545 3284 5593 et
3319 5553 3444 5594 cor-
