3742 5986
317 237 421 292 8ὖῦ

1551 237 1608 292 S.
1641 236 1970 294 CBEGORH
2012 231 2304 291 NYSSENI

3474 225 3579 283 836

314 348 463 419 poris
526 350 771 404 actiones
838 348 1034 420 spiritu
1108 348 1486 415 mortiﬁcans,
1549 359 1695 406 totus
1765 352 1875 407 effe-

2016 355 2239 426 τυρεῖται
2261 353 2294 421 ἡ
2314 349 2414 422 τῆς
2440 347 2756 420 σωματικῆς
2782 346 3153 419 προσπαθείας
3176 342 3576 418 άπηλλαγμὲνη

315 451 437 497 ctus
462 441 763 510 spiritualis
782 481 797 506 ,
829 456 938 496 non
966 441 1241 507 animalis,
1275 458 1452 513 neque
1474 446 1712 499 carnalis
1737 462 1752 498 :
1788 445 1889 499 hac

313 536 381 588 de
409 549 576 588 causa
619 533 793 588 fertur
835 533 1212 588 testimonium
1260 535 1327 589 de
1370 537 1549 589 anima
1596 537 1825 590 liberata
1856 554 1886 590 a

313 626 588 696 corporali
615 625 934 694 aﬂ‘ectione,
961 626 1106 696 quod
1137 625 1332 681 habeat
1360 628 1595 697 speciem
1623 628 1889 682 columbae

318 718 372 770 in
406 718 583 772 oculis
611 734 623 769 :
648 716 750 771 hoc
778 724 895 780 est,
926 717 1071 786 quod
1099 716 1394 772 character
1427 718 1548 772 vita:
1583 718 1887 788 spiritualis

316 808 625 861 illustretur
674 806 1038 877 perspiciente
1078 806 1247 860 animi
1293 807 1568 863 facultate.
1617 807 1885 875 Quoniam

316 913 446 970 ergo
475 913 645 967 purus
679 898 857 952 factus
883 908 966 951 est
990 896 1109 967 ejus
1138 898 1330 953 oculus
1355 913 1523 970 capax
1553 898 1887 953 characteris

324 991 590 1045 columba:
615 1029 629 1054 ,
668 999 954 1060 prapterea
991 991 1043 1043 in
1077 1005 1195 1044 eam
1256 989 1417 1044 etiam
1451 990 1596 1045 cadit
1648 997 1705 1045 ut
1733 1006 1886 1045 com-

323 1084 615 1154 templetnr
645 1086 831 1153 sponsi
867 1083 1347 1153 pulchritudinem.
1382 1083 1538 1140 Nunc
1598 1083 1743 1140 enim
1777 1083 1887 1152 pri-

317 1188 464 1228 mum
495 1172 644 1244 virgo
672 1174 725 1226 in
759 1174 943 1243 sponsi
978 1173 1206 1228 formam
1238 1173 1473 1228 intendit
1501 1173 1716 1235 oculos,
1749 1185 1885 1243 quo-

310 1265 457 1319 niam
488 1266 792 1320 columbam
829 1267 1146 1321 habebatin
1179 1266 1377 1321 oculis.
1418 1264 1586 1321 Nemo
1618 1265 1757 1319 enim
1792 1278 1885 1333 po-

314 1365 412 1412 test
441 1356 612 1411 dicere
646 1356 930 1411 Dominum
960 1355 1145 1412 Iesum
1169 1398 1182 1423 ,
1224 1358 1431 1429 inquit.
1462 1358 1566 1412 nisi
1594 1358 1648 1411 in
1680 1355 1885 1425 Spiritu

312 1449 554 1503 sancto“
584 1466 596 1502 :
627 1448 861 1503 etdicit:
890 1447 1023 1503 Ecce
1042 1448 1254 1516 pulcher
1279 1465 1353 1514 es,
1371 1448 1625 1519 patruelis
1655 1454 1884 1512 meus,et

311 1540 597 1607 formosus.
628 1537 703 1593 Ex
726 1555 835 1608 quo
859 1540 1002 1593 cnim
1034 1540 1167 1594 nihil
1192 1539 1338 1593 aliud
1366 1539 1494 1593 mihi
1519 1538 1736 1597 videtur
1760 1552 1883 1592 esse

1994 446 2159 516 ψυχὴ,
2189 445 2249 497 τὸ
2267 445 2366 514 τῆς
2396 442 2723 514 περιστερᾶς
2749 437 2888 504 εἶδος
2913 441 2972 493 ὲν
2992 443 3105 503 τοῖς
3135 439 3383 511 δμμασιν
3407 437 3577 509 ἔχειν,

1995 536 2239 589 τουτέστι
2269 533 2359 587 τὸν
2387 533 2711 604 χαρακτῆρα
2750 532 2848 601 τῆς
2886 529 3261 600 πνευματικῆς
3307 530 3459 599 ζωῆς
3500 528 3578 597 τῷ

1995 624 2288 700 διορατικῷ
2321 627 2418 696 τῆς
2456 624 2634 695 ψυχῆς
2680 620 3098 689 ὲναυγάζεσθαι.
3144 620 3300 673 Ἐπεὶ
3342 616 3441 674 οὖν
3488 620 3578 685 γέ-

1996 736 2121 788 γονε
2159 716 2399 788 καθαρὸς
2447 717 2477 768 ὁ
2512 714 2679 784 αὐτῆς
2723 711 3002 782 ὀφθαλμὸς
3042 710 3288 773 δεκτικὸς
3338 708 3440 762 τοῦ
3485 711 3579 779 τῆς

1997 810 2327 882 περιστερᾶς
2372 807 2752 880 χαρακτῆρος,
2797 802 2893 859 διὰ
2933 803 3096 859 τοῦτο
3134 805 3305 875 χωρεῖ
3340 804 3441 855 καὶ
3487 804 3577 855 τοῦ

1998 901 2235 973 νυμφίου
2278 900 2339 953 τὸ
2377 899 2572 961 κάλλος
2619 896 2940 952 θεάσασθαι.
2981 894 3097 949 Νῦν
3142 895 3250 965 γάρ
3302 891 3577 963 πρᾶντονή

2000 991 2265 1065 παρθένος
2286 987 2517 1051 ἀτενίζει
2542 990 2608 1059 τῇ
2636 987 2729 1041 τοῦ
2751 986 2989 1058 νυμφίου
3007 991 3179 1058 μορφῇ
3193 1026 3208 1045 ,
3227 985 3317 1036 ὅτε
3340 983 3468 1051 ἔσχε
3486 984 3580 1055 τὴν

1988 1095 2056 1132 πε
2064 1096 2212 1151 ριστε
2222 1078 2321 1150 ραν
2338 1079 2396 1132 ἐν
2410 1080 2520 1142 τοῖς
2549 1078 2809 1150 ὄμμασιν.
2829 1078 3042 1143 Οὐδείς
3057 1077 3168 1147 γὰρ
3180 1071 3442 1129 δύναται
3465 1074 3579 1129 Κύ-

1980 1189 2120 1242 ριον
2155 1172 2393 1239 Ἰησοῦν
2426 1171 2638 1237 εἰπεῖν,
2669 1174 2722 1225 sl
2739 1171 2826 1241 μὴ
2853 1172 2922 1225 ἐν
2948 1172 3246 1241 Πνεύματι
3268 1170 3424 1237 ἁγίῳ
3448 1185 3463 1199 ·
3487 1170 3578 1223 καί

1987 1283 2169 1339 φησιν’
2187 1265 2332 1322 Ἰδοὺ
2346 1262 2404 1321 εἷ
2416 1266 2623 1334 καλὸς,
2639 1265 2960 1338 eameam
2972 1284 3111 1337 μου,
3130 1266 3230 1321 καί
3249 1281 3317 1337 τε
3333 1265 3563 1333 ὡραῖος.

2000 1357 2115 1429 Ἀφ’
2150 1353 2212 1414 οὗ
2254 1358 2361 1431 γάρ
2401 1359 2553 1413 οὐδὲν
2584 1359 2712 1414 ἄλλο
2745 1376 2833 1429 μοι
2869 1360 3032 1412 κα“.ὸν
3062 1355 3202 1414 εἶναι
3249 1355 3420 1419 δοκεῖ,
3460 1359 3568 1411 ἀλλ’

1985 1450 2345 1523 ἀπεστράφην
2375 1449 2549 1504 πάντα
2579 1451 2680 1504 ὃσα
2706 1451 2767 1504 τὸ
2799 1451 3061 1523 πρότερον
3086 1452 3143 1503 ἐν
3169 1448 3361 1515 καλοῖς
3383 1449 3570 1518 ὲνομί-

1986 1536 2126 1603 ξετο,
2150 1536 2332 1590 οὐκέτι
2363 1553 2452 1608 μοι
2473 1536 2811 1608 πεπλάνηται
2831 1539 2865 1608 ἡ
2895 1538 2988 1591 τοῦ
3011 1538 3175 1592 καλοῦ
3200 1537 3410 1611 κρίσις,
3431 1535 3569 1593 ὥστε

311 1631 640 1700 pulchrum,
691 1633 785 1686 sed
830 1638 1111 1687 aversatus
1158 1647 1277 1686 sum
1327 1632 1509 1685 omnia
1559 1646 1680 1701 quae
1725 1639 1875 1685 antea

2016 1626 2111 1680 90.0
2137 1643 2190 1680 τι
2223 1626 2372 1699 παρά
2403 1628 2460 1680 σὲ
2498 1627 2662 1681 καλὸν
2698 1627 2925 1681 οἴεσθαι·
2957 1629 3056 1683 οὐκ
3099 1627 3323 1692 ἔπαινός
3355 1640 3449 1693 τις
3476 1631 3556 1683 ἁν-

311 1724 705 1793 repntabantur
749 1723 803 1776 in
839 1722 997 1777 bonis
1049 1737 1113 1777 ac
1167 1722 1448 1794 pulchris,
1485 1739 1591 1775 non
1647 1723 1875 1792 amplius

2019 1720 2276 1791 ρὼπινος,
2314 1720 2376 1773 οὑ
2400 1720 2547 1786 δόξα,
2580 1721 2641 1773 οὐ
2674 1721 3017 1791 περιφάνεια,
3059 1723 3118 1775 ού
3144 1722 3387 1793 κοσμικὴ
3410 1721 3570 1776 δύνα-

312 1816 441 1869 tuihi
473 1816 692 1869 aberrat
729 1815 796 1869 de
840 1813 986 1869 bono
1020 1814 1329 1884 judicium,
1375 1822 1433 1868 ut
1474 1814 1678 1884 aliquid
1732 1814 1875 1869 aliud

2016 1829 2097 1875 ιις.
2131 1812 2316 1865 Ταῦτα
2353 1810 2463 1883 γάρ
2503 1813 2615 1875 τοῖς
2664 1811 2799 1884 πρὸς
2830 1814 2930 1883 τὴν
2964 1813 3219 1883 αἴσθησιν
3253 1813 3565 1883 βλέπουσιν.

309 1905 604 1960 existimem
681 1913 876 1976 praeter
926 1914 975 1961 te
1020 1921 1144 1961 esse
1191 1906 1395 1960 bonum
1426 1921 1490 1960 ac
1540 1906 1879 1975 pulchrum:

310 2011 418 2048 non
474 1994 643 2047 ullum
707 1993 969 2049 honorem
1035 1994 1370 2056 humanum,
1437 2009 1545 2048 non
1608 1994 1879 2065 gloriam,

309 2102 418 2140 non
446 2084 790 2156 Splendorem
832 2086 1166 2140 mundanum
1191 2125 1205 2149 ,
1250 2101 1357 2163 non
1392 2087 1709 2156 potentiam.
1755 2083 1883 2143 ﬂare

310 2179 455 2231 enim
503 2178 571 2233 iis
620 2179 713 2248 qui
760 2178 1033 2248 aspiciunt
1078 2177 1143 2231 ad
1180 2181 1455 2257 'sensum,
1506 2178 1630 2231 boni
1664 2176 1879 2247 quidem

310 2268 490 2337 specie
532 2276 660 2323 sunt
698 2268 833 2322 illita
855 2310 869 2333 ,
897 2269 989 2324 sed
1020 2284 1128 2323 non
1162 2277 1291 2324 sunt
1320 2268 1372 2323 id
1408 2269 1553 2339 quod
1585 2277 1880 2339 putantur.

310 2357 594 2425 Quomodo
624 2360 769 2414 enim
803 2358 967 2414 fuerit
999 2360 1323 2429 pulchrum,
1357 2359 1503 2430 quod
1536 2361 1686 2415 nullo
1718 2360 1881 2415 modo

308 2449 563 2503 consistit
585 2450 609 2503 ’ἓ
634 2448 766 2503 Nam
789 2451 935 2519 quod
975 2450 1027 2503 in
1055 2449 1156 2504 hoc
1179 2450 1385 2504 mundo
1410 2457 1495 2505 est
1518 2450 1880 2513 honoratum,

310 2555 462 2595 suam
500 2540 661 2595 habet
682 2541 977 2595 essentiam
1013 2541 1067 2594 in
1103 2541 1218 2595 sola
1247 2541 1646 2596 existimatione
1690 2553 1879 2596 eorum

307 2633 398 2701 qui
428 2646 553 2687 esse
590 2633 923 2686 existimant.
962 2628 1042 2685 Tu
1075 2640 1253 2687 autem
1286 2647 1415 2687 vere
1452 2632 1677 2702 pulcher
1712 2648 1727 2684 :
1770 2645 1879 2685 non

307 2724 481 2777 solum
508 2724 754 2793 pulcher,
776 2724 867 2778 sed
894 2723 1007 2793 ipsa
1025 2723 1152 2778 boni
1182 2724 1419 2779 essentia
1445 2738 1659 2794 semper
1685 2721 1805 2777 talis
1821 2735 1881 2778 es

308 2814 531 2868 omnino
558 2813 609 2867 id
640 2815 782 2884 quod
814 2830 875 2869 es
902 2832 915 2868 ε
949 2829 1053 2869 nec
1085 2814 1137 2867 in
1168 2823 1409 2884 tempore
1436 2813 1634 2869 ﬂorens
1655 2854 1670 2880 ,
1704 2828 1801 2867 nec
1825 2812 1879 2866 in

308 2912 553 2975 tempore
601 2921 797 2961 rursus
849 2904 1036 2960 ﬂorem
1086 2906 1388 2975 abjieiens,
1447 2907 1540 2963 sed
1595 2923 1719 2963 cum
1758 2908 1881 2961 vitae

306 2980 611 3047 (sterilitate
636 2993 797 3047 simul
816 2993 1113 3048 extendens
1129 2994 1364 3061 speciem
1387 3008 1449 3046 ac
1472 2995 1724 3048 decorem
1750 3012 1765 3049 :
1791 2995 1876 3049 cui

1983 1904 2383 1974 ὲπικέχρωσται
2415 1904 2514 1974 μὲν
2560 1906 2624 1974 τῇ
2656 1903 2751 1957 τοῦ
2791 1900 2954 1958 καλοῦ
3004 1904 3297 1976 φαντασίᾳ,
3347 1905 3412 1958 οὐ
3467 1906 3568 1977 μήν

1985 1997 2131 2049 ἐστιν
2158 1997 2290 2066 ὅπερ
2328 1994 2627 2065 νομίζεται.
2681 1995 2804 2059 Πῶς
2833 1996 2944 2068 γὰρ
2977 1995 3042 2048 ἄν
3082 2009 3137 2049 τι
3185 1995 3271 2066 εἴη
3320 1996 3510 2063 καλὸν,
3539 1996 3569 2049 ὃ

1989 2086 2123 2158 μηδὲ
2146 2087 2280 2150 ὅλως
2302 2085 2418 2139 ἐστι
2440 2084 2561 2139 καθ’
2588 2086 2915 2152 anesum;
2945 2088 3018 2140 Τὸ
3040 2088 3149 2159 γὰρ
3186 2089 3244 2140 ἐν
3271 2086 3354 2158 τῷ
3379 2087 3570 2159 κόσμῳ

1984 2175 2158 2247 τούτῳ
2177 2175 2565 2246 τετιμημένον,
2585 2177 2643 2228 ἐν
2671 2176 2807 2249 μόνῃ
2822 2178 2887 2247 τῇ
2913 2178 3085 2248 οἰήσει
3114 2175 3220 2229 τῶν
3238 2175 3570 2247 νομιζόντων

1986 2262 2144 2328 εἶναι,
2174 2266 2235 2318 τὸ
2259 2260 2397 2319 εἶναι
2428 2265 2558 2336 ἔχει.
2590 2265 2662 2320 Σὺ
2684 2266 2742 2319 δὲ
2766 2265 2984 2338 άληθῶς
3010 2263 3062 2319 εἷ
3086 2262 3268 2330 καλόξ
3296 2268 3363 2319 οὗ
3408 2263 3570 2331 καθ’δῖ

1983 2358 2039 2412 δὲ
2072 2359 2248 2428 μόνον,
2288 2357 2402 2411 ἀλλ’
2432 2359 2570 2430 αὐτῇ
2612 2362 2678 2430 τῇ
2712 2359 2805 2413 τοῦ
2842 2358 3004 2412 καλοῦ
3033 2358 3190 2430 οὐσίᾳ
3213 2360 3301 2412 ἀεὶ
3327 2357 3569 2424 τοιοῦτος

1987 2449 2267 2520 ὑπάρχων,
2297 2448 2526 2503 πάντοτε
2551 2449 2626 2503 ὢν
2660 2451 2797 2520 ὅπερ
2829 2446 2895 2503 εἴ·
2926 2448 3049 2502 οὔτε
3079 2448 3218 2502 κατὰ
3249 2450 3446 2520 καιρὸν
3476 2451 3569 2502 άν-

1983 2540 2112 2603 θῶν,
2160 2539 2283 2594 οὔτε
2330 2541 2422 2594 ἐπὶ
2465 2541 2658 2614 καιροῦ
2699 2542 2862 2596 πάλιν
2907 2541 3225 2595 ἀποϐάλλων
3276 2539 3565 2605 τὺ.ᾶνθοςο

1987 2631 2120 2685 ἀλλά
2138 2634 2204 2703 τῇ
2234 2630 2495 2702 άϊδιότητι
2512 2632 2609 2703 τῆς
2628 2631 2774 2702 ζωῆς
2792 2649 2858 2685 συ
2866 2631 3249 2703 μπαρατείνων
3273 2631 3375 2701 τὴν
3393 2630 3564 2703 ὥραν·

1982 2712 2027 2788 ᾧ
2055 2719 2281 2791 ὅνομαή
2313 2720 2711 2789 φιλανθρωπία.
2757 2721 2815 2775 '0
2847 2721 2954 2793 γὰρ
2983 2722 3042 2788 ἐξ
3080 2721 3253 2776 Ἰούδα
3277 2718 3569 2786 ἀνατείλας

1983 2811 2113 2882 ἡμῖν
2162 2812 2426 2883 Χριστὸς,
2472 2813 2700 2883 ἁδελφὸς
2745 2813 2802 2867 δὲ
2843 2816 2873 2867 ό
2927 2814 3197 2869 Ἰουδαίων
3229 2814 3359 2878 λαὸς
3387 2813 3566 2880 τοῦὲξ

1982 2900 2151 2953 ἐθνῶν
2178 2918 2259 2954 σοι
2290 2902 2627 2973 προσιόντος,
2658 2903 2838 2965 καλῶς
2864 2902 2953 2956 διὰ
2986 2903 3082 2976 τὴν
3115 2906 3174 2957 ὲν
3206 2906 3375 2977 σαρκὶ⁵
3405 2923 3563 2976 γεγε-

1982 2993 2222 3064 νημένην
2249 2994 2343 3065 τῆς
2374 2992 2626 3065 θεότητός
2659 3011 2752 3048 σου
2786 2996 3110 3065 φανέρωσιν,
3153 2996 3437 3066 ἀδελφιδὸς
3463 2995 3564 3067 τῆς

306 3095 506 3136 nomen
535 3080 635 3135 fuit
665 3081 972 3152 benignitas
996 3089 1049 3135 et
1075 3080 1315 3136 charitas
1347 3082 1399 3135 in
1432 3083 1702 3138 homines.
1738 3083 1875 3139 Nam

2016 3063 2255 3155 b00661};
2284 3063 2705 3155 κατωνομάσθη.

306 3172 399 3243 qui
434 3189 498 3227 ex
537 3170 675 3226 Juda
712 3172 871 3225 nobis
911 3178 1064 3226 ortus
1105 3178 1190 3225 est
1231 3171 1489 3226 Christus
1520 3210 1534 3235 ,
1581 3181 1664 3228 est
1705 3180 1886 3227 autem
1959 3170 2219 3226 Judalcus
2274 3173 2508 3242 populus
2536 3172 2706 3229 frater
2746 3174 2867 3244 ejus
2902 3174 2996 3245 qui
3040 3173 3106 3229 ad
3154 3182 3209 3229 te
3237 3175 3455 3232 accedit
3492 3190 3560 3232 ex

307 3266 561 3336 gentibus
594 3269 817 3333 propter
844 3262 919 3317 tui
954 3262 1009 3315 in
1042 3275 1208 3317 carne
1244 3261 1441 3316 factam
1471 3261 1996 3330 manifestationem,
2026 3263 2229 3317 dicitur
2260 3266 2523 3334 patruelis
2554 3266 2676 3335 ejus
2698 3282 2823 3336 qua:
2852 3277 3021 3321 amat.

376 3355 583 3412 Deinde
630 3353 949 3426 subjungit,
994 3354 1183 3411 Lectus
1218 3368 1396 3411 noster
1424 3356 1722 3410 umbrosus.
1760 3353 1875 3411 Hoc

306 3456 425 3509 est,
459 3454 513 3501 te
546 3446 834 3517 cognovit,
881 3454 976 3501 aut
1021 3458 1316 3519 cognoscet
1352 3449 1589 3502 humana
1643 3453 1874 3511 natura,

306 3536 620 3591 umbrosum
637 3535 828 3592 factum
844 3555 939 3609 per
951 3537 1435 3609 dispensationem.
1455 3535 1654 3595 Venisti
1691 3535 1836 3591 enim
1857 3575 1873 3601 ,

304 3628 517 3699 inquit,
542 3634 597 3679 tu
628 3626 857 3696 pulcher
884 3634 938 3680 et
966 3627 1206 3683 decorus
1239 3627 1500 3695 patruelis
1530 3643 1685 3685 meus
1709 3627 1773 3683 ad
1799 3628 1878 3683 le—

304 3726 452 3773 ctum
472 3725 722 3773 nostrum
747 3714 923 3772 factus
952 3717 1267 3773 umbrosus.
1295 3716 1409 3773 Nisi
1438 3717 1582 3772 enim
1609 3718 1725 3787 ipse
1748 3718 1880 3786 teip-

304 3825 424 3867 sum
455 3809 879 3873 obumbrasses,
916 3808 1044 3863 dum
1080 3824 1179 3879 per
1219 3809 1362 3865 servi
1402 3809 1632 3863 fortnam
1666 3823 1873 3864 merum

304 3901 515 3956 radium
545 3898 848 3954 divinitatis
871 3898 1133 3955 obvelasti
1151 3940 1166 3966 ,
1192 3900 1315 3970 quis
1344 3908 1492 3955 tuam
1521 3900 1879 3955 sustinuisset

303 3991 744 4063 appar-itionem?
790 3989 985 4046 Nullus
1035 3991 1180 4045 enim
1229 4006 1470 4062 unquam
1541 3992 1750 4047 videbit
1798 3991 1878 4046 fa—

196 4074 201 4079 ’
302 4084 442 4139 ciem
473 4081 719 4143 Domini,
751 4090 805 4135 et
832 4082 975 4135 vivet
1003 4081 1072 4136 “.
1106 4080 1319 4137 Venisti
1368 4098 1500 4153 ergo
1546 4083 1874 4153 speciosus,

303 4174 396 4229 sed
428 4173 553 4227 talis
582 4171 810 4227 enectus
843 4179 902 4225 ut
932 4181 984 4226 te
1006 4186 1296 4241 possemus
1326 4174 1631 4244 suscipere.
1660 4172 1875 4229 Venisti

301 4265 640 4322 adumbratis
671 4263 841 4320 radiis
868 4262 1176 4319 divinitatis
1201 4264 1577 4335 integumento
1601 4265 1873 4335 corporis.

302 4353 770 4423 Quemadmodum
819 4354 966 4409 enim
1018 4353 1287 4424 potuisset
1339 4352 1590 4408 mortalis
1636 4362 1872 4420 natura,

299 4452 355 4500 et
383 4444 439 4498 in
468 4458 637 4511 quam
664 4442 810 4498 cadit
841 4443 1133 4508 interitus,
1180 4442 1440 4513 conjungi
1487 4458 1612 4498 eum
1654 4458 1719 4499 ea
1755 4458 1877 4513 qua:

302 4534 545 4591 interitui
571 4533 794 4586 minime
823 4542 908 4587 est
940 4533 1197 4597 obnoxia,
1216 4543 1270 4587 et
1296 4532 1364 4587 ad
1395 4547 1559 4603 quam
1591 4548 1698 4588 non
1728 4540 1875 4604 patet

2048 3355 2182 3412 Εἶτα
2213 3359 2458 3429 ἐπήγαγε
2480 3402 2494 3426 ,
2519 3360 2869 3429 "patruqu
2896 3360 3067 3430 ἡμῶν
3083 3361 3365 3429 σύσκιος.
3392 3364 3560 3417 Τουτ-

1978 3445 2149 3514 έστιν,
2183 3447 2322 3517 ἔγνω
2352 3466 2408 3502 σε
2430 3490 2444 3514 ,
2476 3451 2593 3521 ἦτοι
2635 3451 2903 3520 γνώσεται
2945 3453 2979 3523 ἡ
3013 3451 3331 3525 ἀνθρωπίνη
3361 3454 3558 3523 φύσις,

1980 3534 2200 3591 σύσκιον
2232 3542 2299 3610 τῇ
2330 3540 2607 3612 οἰκονομίᾳ
2638 3542 2949 3614 γενόμενον.
2977 3538 3180 3608 *Ηλθες
3204 3544 3319 3617 γὰρ
3344 3546 3435 3609 σὺ,
3468 3563 3561 3616 φη-

1981 3629 2085 3693 σὶν,
2121 3631 2151 3682 ὁ
2178 3629 2360 3693 καλὸς,
2409 3632 2437 3684 ὁ
2481 3632 2792 3703 άδελφιδὸς,
2823 3636 2852 3688 ό
2886 3634 3116 3706 ὡραῖος,
3148 3636 3377 3709 πρδςτῇ
3404 3637 3559 3712 κλίνῃ

1979 3718 2137 3788 ήμῶν
2186 3720 2405 3785 σύσκιος
2442 3723 2756 3795 γενόμενος.
2799 3726 2862 3779 Et
2903 3726 3014 3798 γάρ
3071 3727 3146 3798 μὴ
3196 3731 3561 3794 συνεσκίασας

1977 3808 2137 3872 αὐτὸς
2166 3808 2377 3876 ἑαυτὸν,
2403 3811 2502 3883 τὴν
2527 3813 2762 3885 ἄκρατον
2794 3816 2895 3886 τῆς
2910 3816 3161 3889 θεότητος
3193 3820 3394 3874 ἀκτῖνα
3419 3838 3553 3891 συγ-

1979 3899 2226 3965 καλύψας
2268 3905 2339 3974 τῇ
2378 3903 2470 3956 τοῦ
2508 3904 2694 3959 δούλου
2748 3909 2951 3980 μορφῇ,
2992 3909 3077 3972 τίς
3106 3910 3173 3964 ἂν
3221 3912 3437 3983 ὑπέστη
3467 3913 3558 3968 σοῦ

1978 3991 2075 4063 τὴν
2103 3993 2432 4063 ὲμφάνειανς
2464 3996 2651 4060 Οὐδεὶς
2692 3995 2802 4068 γάρ
2842 3998 3029 4068 ὄψεται
3063 4000 3361 4071 πρόσωπον
3387 4004 3556 4067 Θεοῦ,

1978 4082 2072 4135 καὶ
2101 4082 2344 4152 ζήσεται.
2372 4079 2575 4147 Ἧλθες
2604 4085 2788 4141 τοίνυν
2808 4088 2837 4139 ὁ
2857 4086 3080 4159 ὡραῖος,
3108 4089 3223 4143 ἀλλ’
3251 4091 3331 4155 ὡς
3356 4092 3560 4164 χωροῦ-

1980 4189 2081 4243 μεν
2112 4172 2402 4241 δέξασθαι,
2427 4175 2669 4240 τοιοῦτος
2709 4178 3023 4249 γενόμενος.
3059 4174 3267 4244 *Ηλθες
3304 4181 3410 4245 τὰς
3460 4183 3558 4253 τῆς

1976 4261 2232 4333 θεότητος
2266 4265 2488 4328 ἀκτῖνας
2514 4268 2581 4337 τῇ
2612 4265 2872 4339 περιϐολῇ
2908 4269 3207 4333 συσκιάσας
3237 4269 3338 4324 τοῦ
3369 4271 3556 4342 σώμα-

1974 4369 2085 4416 τος.
2118 4354 2242 4417 Πῶς
2270 4354 2374 4426 γὰρ
2402 4354 2468 4409 ἂν
2501 4356 2747 4429 ἐχώρησε
2781 4358 2949 4431 θνητὴ
2983 4361 3078 4413 καὶ
3099 4361 3369 4433 ὲπίκηρος
3398 4363 3557 4432 φύσις

1974 4447 2040 4516 τῇ
2071 4445 2331 4517 άκηράτῳ
2367 4449 2461 4501 καὶ
2488 4449 2768 4521 άπροσίτῳ
2812 4449 3044 4523 συζυγίᾳ
3085 4454 3552 4525 συναρμοσθῆναι,

1976 4541 2024 4593 εί
2072 4540 2146 4611 μὴ
2170 4542 2284 4604 τοῖς
2308 4543 2365 4593 ὲν
2398 4542 2579 4596 σκότει
2601 4542 2767 4607 ζῶσιν
2792 4546 2923 4616 ἡμῖν
2945 4547 2979 4617 ἡ
3013 4545 3143 4599 σκιά
3163 4546 3260 4599 τοῦ
3296 4547 3553 4619 σώματος

301 4624 513 4688 aditus,
563 4620 671 4675 nisi
714 4621 874 4675 nobis
917 4623 1230 4677 viventibus
1272 4622 1325 4676 in
1358 4622 1636 4690 tenebris,
1673 4624 1866 4679 tunbra

2019 4625 2109 4696 ρδς
2123 4626 2182 4679 τὸ
2201 4626 2316 4694 φῶς
2336 4628 2654 4698 ἐμεσίτευσε
2674 4648 2689 4697 ;
2714 4632 2918 4705 κλίνην
2937 4633 2995 4687 δὲ
3014 4635 3271 4706 ὀνομάζει
3284 4640 3318 4707 ἠ
3343 4638 3549 4709 νύμφη,

300 4714 550 4787 corporis
598 4710 797 4768 fuisset
844 4712 1131 4783 interiecta
1187 4714 1329 4769 inter
1380 4714 1603 4769 lucem?
1649 4714 1870 4769 Lectum

2016 4717 2033 4785 ᾗ
2061 4719 2295 4787 τροπικῇ
2320 4719 2568 4792 σημασίιῑ⁸
2584 4721 2685 4792 τὴν
2702 4723 2839 4794 πρὸς
2864 4723 2925 4777 τὸ
2944 4723 3102 4779 Θεῖον
3130 4727 3440 4798 άνάκρασιν
3459 4730 3553 4801 τῆς

298 4811 480 4861 autem
527 4802 774 4858 nominat
808 4816 1009 4873 sponsa
1031 4844 1045 4869 ,
1097 4803 1307 4874 tropica
1347 4803 1748 4873 signiﬁcatione
1781 4804 1871 4858 in-

299 4899 606 4963 terpretans
646 4890 899 4945 humanae
941 4899 1152 4947 naturae
1181 4907 1307 4946 cum
1338 4892 1523 4947 divina
1556 4899 1871 4964 contempe-

298 4985 587 5039 rationem.
622 4982 907 5050 Quomodo
941 4983 1104 5038 etiam
1147 4999 1379 5056 magnus
1426 4984 1721 5054 Apostolus
1769 4985 1864 5040 de-

296 5070 525 5140 spondet
554 5085 655 5125 nos
686 5072 954 5141 virginem
1002 5070 1261 5141 Christo,
1309 5074 1661 5145 animamque
1707 5081 1870 5130 ornat

295 5169 555 5232 tanquam
607 5177 900 5233 sponsam,
941 5173 997 5219 et
1032 5165 1267 5220 duorum
1305 5166 1752 5236 conjunctionem
1799 5168 1869 5223 ad

295 5251 460 5307 unius
486 5256 734 5324 corporis
764 5254 1023 5309 unionem
1058 5269 1317 5326 magnum
1347 5255 1483 5311 dicit
1507 5271 1632 5313 esse
1660 5264 1868 5325 mystc-

295 5340 436 5396 rium
469 5357 531 5397 ac
560 5357 965 5401 sacramentum
1008 5346 1232 5402 unionis
1263 5345 1469 5402 Christi
1509 5362 1636 5402 cum
1681 5348 1870 5403 Eccle-

294 5430 394 5486 sia.
436 5431 571 5486 Cum
606 5436 751 5488 enim
783 5436 1052 5497 dixisset,
1093 5435 1269 5491 Erunt
1311 5438 1416 5491 duo
1458 5439 1512 5492 in
1546 5454 1706 5493 unam
1746 5454 1868 5492 car-

293 5536 408 5576 nem
426 5561 441 5587 ,
467 5520 751 5592 subiungit
775 5541 788 5577 :
817 5524 1218 5580 Sacramentum
1240 5526 1338 5579 hoc
1362 5542 1609 5597 magnum
1632 5537 1745 5594 est;
1769 5545 1862 5600 ego

363 5648 407 5683 “
441 5646 619 5705 lCor.
660 5665 761 5718 xu,
791 5654 846 5709 '5.
923 5654 966 5686 "
992 5652 1163 5710 Exod.
1205 5671 1399 5723 sunt,
1434 5657 1525 5714 20.

1966 4804 2316 4877 ἀνθρωπίνης
2364 4806 2580 4875 φύσεως
2610 4810 3008 4881 ἑρμηνεύουσα.
3052 4812 3142 4877 Ὧς
3187 4814 3283 4867 καὶ
3320 4816 3352 4868 ὁ
3383 4816 3551 4886 μέγας

1979 4896 2299 4960 Ἀπόστολος
2352 4898 2653 4970 ἁρμόζεται
2707 4901 2787 4973 τῷ
2838 4901 3060 4974 Χριστῷ
3122 4905 3223 4976 τὴν
3280 4902 3551 4979 παρθένον

1965 4987 2133 5057 ἡμᾶς,
2164 4987 2259 5041 καὶ
2281 4991 2639 5059 νυμφοστολετ
2665 4993 2764 5064 τὴν
2789 4994 2991 5065 ψυχὴν,
3018 4996 3115 5049 καὶ
3143 4996 3242 5068 τὴν
3280 4997 3550 5068 προσκόλ-

1970 5076 2126 5149 λησιν
2152 5076 2263 5132 τῶν
2301 5080 2395 5133 δύο
2422 5083 2503 5145 είς
2543 5083 2663 5147 ἑνὸς
2694 5083 2948 5155 σώματος
2977 5087 3266 5141 κοινωνίαν
3312 5089 3375 5141 τὸ
3413 5089 3548 5159 μέγα

1974 5169 2269 5242 μυστήριον
2311 5165 2450 5225 εἶναι
2493 5171 2641 5241 λέγει
2692 5174 2792 5244 τῆς
2832 5173 2926 5227 τοῦ
2968 5175 3209 5246 Χριστοῦ
3265 5177 3406 5249 πρὸς
3454 5178 3547 5249 τὴν

1981 5259 2308 5331 Ἐκκλησίαν
2334 5261 2602 5327 ὲνώσεως.
2620 5262 2806 5318 Εἰπὼν
2821 5265 2933 5339 γάρ
2950 5268 3035 5321 ὅτι
3063 5264 3351 5323 Ἔσονται
3369 5270 3425 5323 oi
3440 5268 3544 5323 δύο

1967 5352 2055 5417 εὶς
2077 5353 2275 5420 σάρκα
2304 5355 2470 5423 μίαν,
2489 5356 2790 5427 ἐπήγαγενο
2814 5358 2898 5411 ὅτι
2920 5360 2991 5411 Τὸ
3004 5358 3351 5427 μυστήριον
3374 5359 3543 5414 τοῦτο

1966 5442 2122 5513 μέγα
2151 5445 2347 5500 ἐστίν’
2374 5446 2491 5516 ἐγὼ
2510 5446 2579 5501 δὲ
2602 5447 2757 5519 λέγω
2784 5451 2873 5516 εις
2902 5450 3164 5519 Χριστὸν
3199 5450 3303 5503 καὶ
3323 5452 3414 5516 είς
3436 5448 3541 5514 τὴν

1985 5537 2372 5606 Ἐκκλησίαν.
2398 5538 2496 5593 Διὰ
2509 5538 2670 5593 τοῦτο
2690 5540 2869 5597 τοίνυν
2888 5540 2951 5595 τὸ
2962 5542 3286 5613 μυστήριον,
3303 5540 3488 5612 κλίνην
3507 5540 3535 5607 ἡ
