3742 5986
57 163 255 219 8'57
1120 161 1186 216 IN
1226 158 1523 218 CANTICA
1561 150 1835 218 CANTIC;
1870 162 2152 219 HOMILIA
2193 163 2282 219 IV.
3310 166 3418 224 838

44 255 430 328 θ’..αρθένος
447 254 592 326 ψυχὴ
618 254 733 325 ,τὴν
759 253 891 326 πρὸς
919 254 978 307 τὸ
1001 254 1151 309 Θεῖον
1175 255 1458 309 κοινωνίαν
1476 255 1521 307 ώ

1941 265 2025 309 ’em
2050 255 2168 310 diro
2193 257 2244 310 in
2264 256 2476 312 Christo
2496 266 2544 311 et
2573 256 2810 313 Ecclesia
2838 257 2901 313 “.
2927 256 3151 329 Propter
3165 256 3271 317 hoc
3288 274 3419 331 ergo

48 346 379 419 Ταύτην
407 347 464 399 δὲ
496 346 595 400 οὐκ
620 345 793 409 ἄλλως
813 341 882 415 ἦν
919 346 1140 399 δυνατὸν
1163 346 1436 415 γενέσθαι,
1468 347 1515 399 εξ

1947 355 2248 400 ramentum
2269 386 2283 409 ,
2333 346 2533 400 lectum
2566 346 2746 400 anima
2773 348 2929 416 virgo
2960 349 3266 404 nominavit
3292 363 3418 405 cum

52 438 237 491 τοῦ
264 440 498 491 σύσκιον
522 439 655 507 ἡμῖν
680 437 767 490 διὰ
790 435 883 490 τοῦ
909 435 1153 506 σώματος
1183 438 1512 508 ἐπιφανῆναι
1528 436 1617 490 τὸν
1639 435 1742 489 Κύ-

68 544 291 599 ριον.
321 530 422 590 '0;
444 527 506 579 οὐ
534 527 766 597 νυμφίος
788 527 968 598 μόνον,
988 525 1124 580 ἀλλά
1138 529 1231 582 καὶ
1250 528 1529 598 οἰκοδόμος
1569 528 1739 591 ἐστὶν,

64 618 318 681 αὐτὸς
358 619 421 672 ὲν
446 620 582 688 ἡμῖν
612 618 705 670 καὶ
729 617 1050 687 τεχνιτεύων
1069 618 1159 674 τὸν
1178 612 1348 681 οἷκον,
1365 617 1459 671 καὶ
1474 619 1601 690 ὅλης
1618 621 1741 691 ⁴τῆς

62 710 352 780 τέχνης
375 708 681 779 γινόμενος.
704 711 936 781 Ὀροφον
950 710 1059 781 γάρ
1079 711 1355 765 ἐπιϐάλλει
1386 712 1463 783 τῷ
1482 713 1633 780 οἴκῳ,
1654 713 1741 766 διὰ

73 797 243 865 τῆς
284 797 540 867 ἀσήπτου
581 795 713 867 ὕλης
738 797 1094 863 καλλωπίζων
1119 800 1180 852 τὸ
1206 799 1365 869 ἔργον
1385 817 1398 831 '
1422 800 1645 872 τοιαύτη
1682 801 1739 854 δέ

75 888 305 940 ἐστιν
328 889 363 957 η
383 884 575 958 κέδρος
593 888 687 941 καὶ
707 890 739 960 ή
760 889 1119 960 κυπάρισσος,
1137 884 1212 944 ὧν
1232 894 1260 945 ὁ
1289 892 1604 962 ἐγκείμενος
1626 894 1740 956 τοῖς

88 978 339 1043 ξύλοις
362 980 540 1044 τόνος,
574 980 754 1051 πάσης
782 981 1052 1053 σηπτικῆς
1076 982 1254 1047 αἰτίας
1282 983 1545 1052 κρείττων
1570 984 1735 1048 ἐστὶν,

83 1069 189 1122 οὐ
244 1069 440 1140 χρόνῳ
485 1067 670 1135 εἴκων,
706 1071 767 1123 ού
803 1071 973 1141 σῆτας
1007 1071 1176 1140 φύων,
1210 1074 1310 1127 οὐκ
1358 1074 1556 1145 εὐρῶτι
1587 1073 1738 1143 φθει-

92 1163 412 1232 ρόμενος.
470 1161 567 1214 Ἐκ
607 1160 811 1215 τούτων
844 1161 1028 1232 κέδροι
1057 1163 1177 1233 μὲν,
1208 1163 1295 1216 διὰ
1341 1164 1402 1217 τὸ
1447 1166 1736 1235 ἐπιμήκεις

86 1246 313 1313 εἶναι,
340 1251 414 1304 τά
435 1250 612 1320 πλάτη
638 1249 730 1303 τοῦ
753 1250 904 1303 οἴκου
935 1249 1013 1321 τῷ
1038 1251 1220 1323 ὀρόφῳ
1244 1252 1699 1325 διαλαμϐάνουσιν
1717 1270 1732 1284 ⁸

89 1344 173 1396 αἱ
228 1342 295 1395 δὲ
332 1342 669 1413 κυπάρισσοι
697 1340 783 1394 διά
808 1342 907 1411 τῆς
937 1340 1235 1414 λεγομένης
1259 1343 1604 1412 φατνώσεως,
1636 1345 1734 1415 τὴν

88 1431 365 1486 ἔνδοθεν
396 1432 487 1485 τοῦ
515 1432 665 1486 οἴκου
696 1432 1040 1505 κατασκευὴν
1069 1434 1418 1506 ὼρατζουσιν.
1490 1435 1566 1505 Ἔ]

1931 1438 1962 1484 ιι
1991 1446 2249 1500 procerae,
2290 1432 2632 1487 latitudinem
2680 1433 2877 1487 domus
2930 1440 3076 1486 tecto
3118 1441 3409 1502 occupant.

93 1524 145 1594 ἡ
189 1521 571 1588 λέξιςόὕτως
592 1539 605 1552 ·
661 1522 830 1577 Δοκοί
852 1523 1034 1577 οἴκων
1057 1524 1225 1595 ἡμῶν
1254 1526 1472 1596 κέδροι.
1512 1530 1571 1582 Φ‹

1934 1526 2094 1593 pressi
2117 1534 2297 1580 autem
2322 1542 2418 1596 per
2441 1539 2503 1581 ea
2527 1540 2648 1595 qua:
2668 1525 2928 1579 dicuntur
2952 1524 3252 1594 laquearia,
3283 1530 3412 1579 sunt

88 1628 303 1680 ματα
338 1610 515 1679 ἡμῶν
537 1613 937 1681 κυπάρισσος.
981 1615 1205 1679 Πάντως
1235 1616 1289 1669 δὲ
1330 1617 1396 1670 τὰ
1430 1616 1566 1688 δηλοι

1937 1615 2018 1670 ori
2063 1615 2290 1672 interna:
2335 1616 2518 1687 operis
2561 1616 2980 1671 constructioni.
3016 1614 3279 1671 Dictionis
3312 1631 3411 1671 au-

94 1701 223 1755 διὰ
252 1701 369 1755 τῶν
397 1700 567 1767 ξύλων
592 1703 908 1774 αἰνίγματα,
939 1723 1070 1774 φανε
1082 1707 1147 1777 ρὰ
1173 1709 1284 1770 τοῖς
1302 1708 1571 1762 έπακολου

1932 1723 1940 1757 ι
1990 1706 2060 1759 ita
2098 1707 2261 1761 habet
2287 1714 2581 1762 contextus
2612 1723 2631 1761 :
2669 1706 2866 1760 Trabes
2900 1705 3178 1759 domorum
3201 1714 3410 1760 nostra—

98 1794 206 1863 τῷ
251 1792 437 1865 είρμῴ
480 1793 578 1862 τῆς
609 1794 846 1859 διανοίας
881 1793 1048 1852 ἐστίν.
1092 1797 1300 1868 Βροχὴν
1334 1800 1576 1869 ὀνομάζει

1928 1813 1949 1848 η
1980 1795 2140 1851 cedri.
2179 1795 2475 1865 Laquearia
2516 1807 2702 1850 nostra
2744 1797 3003 1865 cupressi.
3046 1795 3179 1862 Quae
3223 1804 3406 1851 autem

100 1885 404 1948 ποικίλας
428 1887 533 1938 τῶν
566 1886 887 1958 πειρασμῶν
914 1887 1217 1958 προσϐολὰς
1243 1893 1301 1942 ὲν
1318 1889 1395 1959 τῷ
1417 1892 1578 1960 Εὑαγ·

1927 1905 1930 1916 ’
1956 1887 2100 1958 ligna
2135 1888 2513 1959 signiﬁcantur
2539 1888 2852 1957 aenigmata,
2878 1894 3009 1943 sunt
3032 1885 3405 1957 plane'mani-

102 1976 142 2029 ὁ
187 1975 439 2047 Κύριος,
491 1976 666 2044 λέγων
709 1977 801 2030 ἐπὶ
829 1976 924 2030 τοῦ
961 1978 1139 2043 καλῶς
1169 1982 1267 2051 τὴν
1298 1981 1474 2034 οἰκίαν
1505 1983 1580 2035 ἐπ¹

1926 1985 1969 2029 la
1999 1977 2067 2031 iis
2105 1977 2197 2046 qui
2231 1992 2426 2032 sensus
2456 1984 2875 2047 consequuntur
2910 1978 3132 2032 seriem.
3170 1975 3404 2033 lmbrem

104 2067 358 2138 πέτραν
394 2067 844 2138 οἰκοδομήσαντος
863 2109 878 2134 ,
914 2069 995 2122 ὅτι
1036 2070 1261 2138 [ὑπέϐη
1288 2073 1336 2145 ⁵ἡ
1363 2072 1563 2143 ,ϐροχὴ

1923 2077 1985 2122 :at
2012 2069 2267 2124 Dominus
2283 2069 2338 2123 in
2355 2070 2663 2140 Evangeliis
2682 2069 2866 2125 varios
2884 2070 3122 2124 insnltus
3139 2071 3401 2125 tentatio-

106 2160 464 2214 ἔπνευσαν
503 2162 558 2212 oi
594 2159 799 2229 ἄνεμοι
820 2203 834 2223 .
868 2162 966 2215 καὶ
1002 2158 1193 2232 ἦλθον
1228 2165 1282 2216 οἱ
1314 2165 1584 2233 ποταμοί

1927 2177 1980 2223 n,
2007 2160 2194 2215 dicens
2215 2160 2281 2216 de
2305 2176 2368 2216 eo
2400 2162 2491 2232 qui
2525 2169 2671 2216 recte
2689 2162 2907 2216 domum
2923 2160 3214 2217 aediﬁcaret
3239 2175 3405 2231 supra

1844 433 1955 489 Deo
1976 434 2416 503 cenjnnctionem
2444 448 2508 488 ac
2530 434 2868 489 societatem.
2897 435 3040 490 Fieri
3069 447 3251 492 autem
3279 438 3421 494 bene

1843 537 1950 575 non
1984 530 2196 593 peteret
2230 531 2287 576 ut
2337 536 2398 576 ea
2429 529 2609 588 esset,
2652 523 2757 577 nisi
2805 537 2903 593 per
2931 524 3036 600 hoc
3059 525 3208 594 quod
3237 525 3422 581 Domic

1842 629 1947 669 nns
1981 615 2271 671 umbrosus
2306 626 2403 685 per
2431 628 2632 687 corpus
2662 616 2823 672 nobis
2857 621 3131 687 apparuit.
3169 620 3273 686 Qui
3308 630 3420 676 non

1842 705 2018 760 solum
2042 713 2127 761 est
2152 721 2391 775 sponsus
2415 746 2429 769 ,
2457 707 2553 762 sed
2577 709 2740 763 etiam
2776 710 2893 780 ipse
2915 710 3220 766 aediﬁcator
3243 712 3297 765 in
3321 725 3421 767 no.

1842 797 1927 850 bis
1958 796 2063 851 fuit
2095 798 2326 864 domus,
2360 807 2414 853 et
2448 798 2643 855 domus
2674 803 3010 858 architectus
3045 812 3100 856 et
3133 803 3270 858 artis
3302 819 3419 858 mae

1840 889 1996 943 teria.
2047 887 2273 943 Tectum
2316 890 2461 944 enim
2511 891 2738 960 imponit
2780 893 2988 956 domui,
3033 909 3172 963 opus
3211 908 3418 950 ornans

1838 994 1935 1048 per
1959 981 2240 1034 materiam
2268 996 2388 1051 qua:
2408 983 2597 1052 nequit
2625 984 2933 1052 putreﬁeri;
2963 986 3088 1039 talis
3120 994 3203 1039 est
3232 994 3412 1041 autem

1838 1068 2034 1123 cedrus
2077 1078 2130 1124 et
2164 1084 2479 1139 cupressus,
2515 1087 2747 1141 quarum
2782 1074 2956 1127 virtus
2985 1089 3105 1143 qua:
3153 1073 3297 1129 inest
3346 1075 3414 1127 li-

1837 1160 1979 1229 gnis,
2013 1168 2097 1215 est
2127 1161 2400 1230 potentior
2430 1164 2622 1232 quavis
2645 1178 2810 1219 causa
2843 1163 3277 1234 putrefactionis,
3304 1180 3413 1219 non

1836 1253 2066 1321 tempori
2111 1252 2337 1319 cedens,
2390 1270 2500 1309 non
2556 1257 2732 1309 tineas
2780 1270 3095 1324 procreans,
3147 1267 3257 1309 non
3303 1256 3413 1310 situ

1833 1341 2058 1396 veniens
2082 1341 2148 1395 ad
2179 1342 2478 1397 interitum.
2516 1341 2592 1396 Ex
2619 1343 2729 1406 his,
2760 1341 2933 1405 cedri,
2959 1350 3245 1411 prOpterea
3267 1341 3412 1410 quod

109 2252 381 2317 ἀπαθὲς
401 2252 636 2322 ἔμεινεν
671 2254 740 2306 ἐν
761 2255 991 2320 τούτοις
1014 2256 1077 2308 τὸ
1100 2255 1486 2325 οἰκοδόμημα.
1511 2259 1727 2331 Ταύτης

113 2341 229 2399 οὖν
291 2344 483 2421 ἕνεκεν
529 2344 628 2414 τῆς
666 2346 839 2417 κακῆς
886 2345 1221 2418 ἐπομϐρίας,
1262 2349 1420 2419 χρεία
1474 2350 1726 2404 τοιούτων

119 2440 282 2508 ἡμῖν
319 2439 439 2489 ἐστι
470 2435 662 2489 δοκῶν.
698 2431 863 2491 Αὗται
893 2436 937 2489 δ’
964 2435 1029 2489 ἂν
1063 2431 1173 2489 εἷεν
1194 2438 1251 2490 αἱ
1283 2440 1495 2509 ἀρεταὶ,
1539 2440 1594 2494 αἳ
1628 2439 1725 2505 τὰς

118 2528 249 2580 τῶν
285 2525 614 2596 πειρασμῶν
656 2524 915 2597 ἐπιρροὰς
949 2526 1098 2590 ἐντὸς
1139 2527 1348 2581 ἑαυτῶν
1384 2530 1445 2582 οὐ
1475 2530 1726 2599 προσίεν-

119 2636 224 2673 ται
248 2658 268 2674 .
304 2615 532 2687 στερραί
576 2632 634 2669 τε
675 2610 830 2669 οὖσαι
879 2617 973 2669 καὶ
1005 2617 1294 2680 ἀνένδοτοι,
1334 2620 1427 2673 καὶ
1481 2620 1541 2674 τὸ
1590 2621 1725 2692 πρὸς

122 2709 345 2763 κακίαν
382 2706 693 2777 ἀμάλακτον
722 2707 779 2759 ἒν
825 2710 939 2771 τοῖς
974 2711 1297 2781 πειρασμοῖς
1340 2712 1720 2777 διασώζουσαι.

120 2800 432 2870 Μάθοιμεν
467 2798 512 2852 δ’
568 2798 634 2853 ἂν
679 2799 741 2851 τὸ
777 2797 1086 2871 λεγόμενον,
1139 2800 1236 2870 τὴν
1282 2805 1339 2856 ὲν
1376 2803 1454 2874 τῷ
1499 2806 1723 2879 Ἐκκλη-

124 2894 342 2962 σιαστῇ
376 2891 534 2962 ῥῆσιν
571 2889 648 2961 τῷ
676 2890 1019 2962 προκειμένῳ
1054 2891 1527 2960 συνεξετάσαντες.
1580 2898 1724 2951 Ἐκεῖ

122 2984 247 3054 γάρ
280 3000 451 3054 φησιν
475 2998 488 3012 ·
536 2983 632 3035 Ἑν
669 2984 979 3052 ὀκνηρίαις
1008 2985 1511 3052 ταπεινωθήσεται
1549 2990 1587 3058 ἡ
1625 2989 1725 3045 δό-

122 3088 352 3140 κωσις,
384 3071 483 3126 καὶ
513 3073 584 3127 ἐν
619 3073 793 3144 ἀργίᾳ
821 3074 1035 3144 χειρῶν
1066 3074 1265 3136 στάζει
1308 3079 1346 3146 ἡ
1376 3079 1555 3135 οῑπία.
1590 3081 1724 3135 Ὠσ-

126 3181 243 3235 περ
272 3164 388 3234 γὰρ
420 3165 469 3217 εί
503 3163 703 3236 ἀσθενῆ
737 3180 798 3218 τε
829 3165 924 3219 καὶ
963 3166 1128 3220 ἄτονα
1162 3166 1266 3220 ὑπὸ
1288 3167 1611 3242 λεπτότητος
1636 3173 1719 3242 εἴη

124 3256 202 3309 τὰ
250 3255 395 3323 ξύλα
421 3253 493 3308 τά
529 3254 844 3326 διειληφότα
889 3257 978 3310 τὸν
1010 3257 1225 3329 ὄροφον,
1261 3260 1508 3333 ὀκνηρῶς
1539 3263 1595 3317 δὲ
1623 3265 1721 3338 ἔχῃ

148 3347 301 3418 πρὸς
354 3347 455 3419 τὴν
487 3346 580 3401 τοῦ
630 3347 880 3418 δώματος
910 3349 1224 3421 ἐπιμέλειαν
1257 3355 1285 3406 ό
1313 3353 1406 3407 τοῦ
1443 3353 1591 3408 οἴκου
1637 3356 1722 3408 δε-

130 3439 375 3509 σπότης,
409 3437 564 3491 οὐδὲν
606 3437 861 3492 ἀπώνατο
886 3440 983 3510 τῆς
1021 3441 1248 3514 στέγης,
1279 3443 1374 3496 τοῦ
1403 3443 1608 3515 ὄμϐρου
1635 3445 1720 3500 διὰ

140 3528 431 3598 σταγόνων
464 3529 790 3599 είσρέοντος.
822 3530 1161 3587 Κοιλαίνεται
1194 3533 1303 3606 γὰρ
1337 3532 1395 3598 ἐξ
1427 3533 1669 3605 ἀνάγκης
1692 3539 1721 3591 ὁ

144 3621 377 3692 ὄροφος,
411 3617 576 3674 εἴκων
608 3619 685 3691 τῷ
721 3620 877 3693 βάρει
906 3622 999 3676 τοῦ
1022 3622 1234 3688 ὓδατος,
1265 3626 1361 3679 καὶ
1380 3626 1483 3681 οὐκ
1506 3627 1719 3698 ἀντέχει

135 3711 249 3765 τῶν
281 3711 459 3778 ξύλων
488 3713 522 3782 ἡ
563 3712 750 3766 ἀτονία
776 3713 913 3784 πρὸς
938 3715 1038 3786 τὴν
1069 3717 1160 3770 τοῦ
1189 3717 1385 3788 βάρους
1416 3719 1719 3792 προσϐολὴν

146 3798 555 3863 ὐποκλάζουσα.
587 3800 686 3854 Διὰ
723 3800 882 3855 τοῦτο
912 3805 1005 3857 ἐπὶ
1042 3806 1110 3858 τά
1153 3806 1303 3870 ἐντὸς
1339 3807 1624 3862 διαδίδοται
1659 3808 1720 3863 τὸ

137 3889 614 3962 ὲναπειλημμένον
635 3894 702 3963 τῇ
740 3892 1009 3965 κοιλότητι
1041 3894 1183 3965 ὕδωρ
1207 3936 1221 3963 ,
1251 3898 1345 3952 καί
1373 3899 1428 3951 αἱ
1464 3899 1719 3968 σταγόνες

142 3977 301 4037 αὗται
336 3982 479 4037 κατὰ
526 3982 617 4036 τὸν
664 3984 1009 4057 παροιμιώδη
1061 3987 1217 4057 λόγον
1264 3990 1614 4045 ἐκϐάλλουσιν
1653 3994 1719 4047 ἐκ

141 4072 235 4126 τοῦ
278 4072 412 4129 ἰδίου
451 4072 601 4127 οίκου
638 4073 730 4127 τὸν
764 4073 1050 4147 ἄνθρωπον
1082 4078 1141 4131 ἐν
1167 4081 1234 4149 τῇ
1272 4080 1455 4152 ἡμέρα
1490 4081 1583 4135 τοῦ
1628 4082 1718 4135 ύε-

140 4163 252 4219 τοῦ.
288 4163 478 4229 Οὕτως
508 4163 588 4235 τῷ
621 4164 720 4236 τῆς
748 4167 1062 4238 παραϐολῆς
1099 4169 1378 4241 αἰνίγματι
1414 4171 1718 4226 διακελεύε-

1828 2259 2034 2320 petram
2053 2269 2065 2305 :
2082 2249 2231 2304 Venit
2252 2250 2437 2314 imber,
2456 2251 2716 2319 ﬂaverant
2733 2252 2892 2316 venti,
2909 2259 2956 2304 et
2974 2258 3219 2304 venerunt
3231 2249 3402 2319 ﬂuvii,

1826 2352 1874 2396 et
1899 2342 1962 2395 ab
1988 2342 2054 2396 iis
2078 2342 2306 2395 illa'sum
2326 2342 2520 2396 mansit
2543 2342 2826 2410 adi/icium
2850 2341 2919 2396 “.
2955 2340 3182 2412 Propter
3204 2341 3401 2394 malam

1826 2447 1955 2502 ergo
1982 2433 2121 2486 hanc
2156 2433 2414 2503 pluviam,
2448 2447 2588 2504 opus
2625 2439 2711 2489 est
2747 2433 2910 2487 nobis
2943 2431 3257 2502 hujusmodi
3284 2439 3402 2486 tra-

1825 2524 2003 2579 bibus.
2042 2523 2130 2579 Eze
2159 2533 2337 2579 autem
2366 2524 2572 2580 fuerint
2597 2526 2851 2589 virtutes,
2881 2538 3002 2593 quae
3038 2523 3399 2577 tentationum

1825 2618 2060 2672 insultus
2089 2617 2143 2670 in
2174 2631 2233 2672 se
2260 2631 2368 2671 non
2404 2616 2728 2675 admittunt.
2764 2623 2822 2669 ut
2847 2628 2970 2684 quae
2993 2613 3107 2668 sint
3139 2612 3306 2667 ﬁrmae
3334 2625 3398 2664 ac

1825 2709 2029 2773 solidae,
2072 2723 2173 2762 nec
2222 2707 2382 2763 facile
2427 2707 2647 2769 cedant,
2691 2713 2747 2761 et
2804 2706 2908 2760 hoc
2954 2713 3198 2767 servent,
3244 2710 3306 2756 ut
3343 2703 3398 2756 in

1824 2799 2215 2855 tentationibus
2242 2799 2466 2853 minime
2486 2797 2839 2853 emolliautur
2868 2810 2898 2851 a
2931 2797 3083 2851 vitio.
3116 2793 3274 2861 Quod
3300 2808 3400 2850 au-

1824 2899 1932 2946 tem
1972 2890 2191 2955 dicitur,
2224 2890 2606 2959 intelligemus,
2646 2890 2691 2944 si
2723 2904 2846 2944 cum
2881 2903 2948 2943 eo
2981 2888 3125 2958 quod
3157 2894 3243 2942 est
3269 2900 3398 2956 pro-

1828 2985 2064 3054 positum
2088 2983 2248 3039 simul
2268 2980 3030 3036 cxaminaverimusdictionis
3053 2987 3394 3040 contextum.

1824 3075 1915 3145 qui
1945 3083 2029 3129 est
2059 3075 2114 3129 in
2145 3072 2496 3129 Ecclesiaste.
2538 3072 2652 3127 Illic
2686 3073 2830 3128 enim
2858 3068 2991 3128 dicit
3021 3091 3033 3127 :
3069 3070 3136 3124 In
3162 3070 3395 3140 pigriliis

1823 3166 2196 3220 humiliabilur
2232 3165 2580 3236 contignatio,
2634 3173 2686 3219 et
2729 3165 2786 3219 in
2835 3165 2942 3217 otio
2981 3178 3232 3217 manuum
3269 3176 3392 3230 per-

1821 3257 1990 3311 slillat
2020 3257 2206 3312 domus
2235 3256 2301 3310 “.
2326 3256 2612 3322 Quomodo
2634 3256 2777 3311 enim
2798 3255 2842 3311 si
2873 3256 3020 3324 ligna
3050 3269 3172 3324 qua:
3188 3262 3391 3309 tectum

1822 3350 2123 3415 continent,
2157 3348 2266 3405 sint
2294 3349 2512 3402 inlirma
2545 3357 2596 3402 et
2633 3349 2924 3409 imbecilla,
2963 3347 3028 3401 ad
3071 3346 3268 3403 domus
3296 3360 3393 3401 au-

1826 3449 1933 3493 tem
1958 3454 2144 3493 curam
2167 3438 2459 3509 gerendam
2484 3439 2554 3492 sit
2576 3440 2729 3508 piger
2750 3437 3160 3507 paterfamilias,
3187 3443 3390 3492 tectum

1821 3531 1954 3586 nihil
1991 3529 2253 3601 profuerit
2292 3546 2415 3586 cum
2470 3531 2646 3584 imber
2692 3545 2791 3599 per
2832 3528 3011 3584 stillas
3048 3527 3281 3595 inﬂuat;
3313 3539 3390 3585 te-

1823 3629 1970 3675 ctmn
2000 3622 2144 3677 enim
2190 3620 2504 3676 necessario
2549 3629 2775 3674 cavatur
2806 3618 3008 3674 cedens
3048 3632 3205 3687 aqua:
3252 3633 3391 3687 pono

1820 3712 1973 3781 deri;
2011 3727 2111 3766 nec
2140 3711 2409 3783 lignorum
2447 3710 2797 3766 imbecillitas
2840 3708 3064 3774 resistit,
3103 3706 3276 3761 fracta
3319 3707 3389 3762 ab

1820 3803 2027 3860 insultu
2058 3802 2316 3874 ponderis
2349 3817 2362 3854 :
2400 3810 2686 3873 propterea
2721 3801 2870 3857 subit
2902 3800 3137 3861 interna,
3170 3814 3292 3869 quae
3331 3798 3385 3852 in

1816 3880 2619 3963 concavitatibusint’ercipitnr
2648 3906 2813 3963 aqua,
2849 3893 3092 3962 ipsaeque
3111 3891 3293 3955 stillae,
3327 3896 3388 3944 ut

1816 3995 1901 4044 est
1925 3987 1979 4041 in
2012 3983 2337 4057 proverbiis,
2365 3982 2641 4038 hominem
2662 3982 2827 4038 domo
2865 3981 3141 4053 expellunt
3176 3982 3229 4036 in
3255 3988 3388 4036 tem-

1814 4093 1949 4148 pore
1981 4077 2204 4148 pluviae;
2247 4077 2320 4130 ita
2353 4076 2512 4132 nobis
2537 4077 2591 4131 in
2625 4075 2916 4143 aenigmate
2948 4073 3217 4144 parabolae
3249 4087 3387 4144 pra:-

1816 4169 1969 4239 cipit,
2004 4183 2100 4238 per
2140 4168 2399 4223 virtutum
2424 4168 2594 4224 robur
2620 4183 2684 4223 ac
2711 4168 3020 4223 ﬁrmitatem
3041 4181 3150 4220 non
3190 4166 3388 4221 cedere

142 4270 229 4308 ται
266 4254 362 4310 διὰ
401 4255 501 4325 τῆς
536 4255 644 4310 τῶν
676 4248 886 4328 ἀρετῶν
934 4260 1179 4322 εὐτονίας
1221 4260 1529 4325 ἀνενδότους
1572 4257 1620 4323 εἷ

1904 4259 2145 4315 tionibus
2196 4261 2598 4315 tentationum:
2655 4275 2725 4315 ne
2771 4274 2869 4329 per
2917 4259 3084 4312 animi
3137 4265 3382 4311 motuum

143 4346 279 4416 πρὸς
303 4344 405 4409 τὰς
434 4346 544 4399 τῶν
574 4346 895 4418 πειρασμῶν
920 4348 1202 4421 ὲπιῤῥοὰς,
1237 4350 1445 4422 μήποτε
1482 4352 1711 4423 μαλακι-

145 4436 368 4500 σθέντες
393 4436 483 4490 διὰ
514 4436 612 4507 τῆς
638 4437 746 4489 τῶν
776 4438 1113 4507 παθημάτων
1140 4439 1508 4511 συμπτώσεως
1547 4442 1712 4496 κοῖλοι

146 4527 426 4601 γενώμεθα
451 4567 467 4592 ,
515 4530 607 4582 καὶ
639 4529 740 4600 τὴν
781 4530 1152 4602 ὲπιρρούντων
1182 4529 1477 4587 ’τοιούτων
1503 4532 1712 4588 ὑδάτων

146 4619 341 4686 ἔξωθεν
388 4620 479 4672 ἐπὶ
518 4619 617 4691 τὴν
662 4620 889 4692 καρδίαν
929 4621 1246 4692 εἰσρέουσαν
1285 4622 1436 4686 ἐντὸς
1475 4623 1581 4677 τῶν
1618 4641 1712 4677 τα-

152 4709 331 4777 μιείων
380 4708 848 4779 παραδεξιῦμεθα,
905 4709 971 4762 δι’
1018 4703 1094 4764 ὧν
1134 4709 1412 4781 φθείρεται
1452 4713 1588 4783 ἡμῖν
1640 4713 1709 4766 τὰ

148 4789 394 4855 ἀπόθετα.
442 4802 508 4853 Ai
544 4800 603 4854 δὲ
631 4800 812 4871 κέδροι
840 4791 1001 4854 αὗται
1030 4800 1124 4855 τοῦ
1174 4802 1407 4857 Λιϐάνου
1430 4842 1445 4868 ,
1492 4802 1559 4865 ἃς
1588 4803 1713 4871 tipa-

152 4904 332 4945 τευσεν
358 4894 387 4945 ὁ
415 4889 619 4962 Κύριος
636 4930 652 4953 ,
701 4885 788 4954 αἷς
815 4891 1185 4945 ὲννοσεύσουσι
1217 4893 1285 4947 τά
1304 4892 1583 4964 στρουθία,
1634 4887 1710 4948 ὧν

149 4978 183 5051 ἠ
225 4982 316 5037 τοῦ
348 4982 572 5054 ὲρωδιοῦ
621 4982 783 5035 καλιά
828 4982 1170 5054 καθηγεῖται.
1222 4979 1394 5039 Δῦται
1440 4986 1622 5042 τοίνυν
1650 4989 1707 5042 ai

161 5071 349 5141 κέδροι,
403 5074 458 5125 αἱ
511 5072 739 5143 ἀρεταὶ,
787 5072 878 5127 τὸν
918 5070 1064 5127 οἷκον
1121 5074 1222 5144 τῆς
1280 5079 1556 5147 νυμφικῆς
1600 5096 1706 5132 πα-

156 5161 329 5227 crabo;
364 5162 875 5232 κατασφαλίζονται,
903 5158 989 5228 αἷς
1010 5165 1416 5219 ἐννοσεύσουσιν
1435 5168 1491 5219 αἱ
1512 5168 1701 5239 ψυχαὶ,

158 5254 393 5321 στρουθία
440 5253 732 5325 γινόμενα,
784 5257 880 5310 καὶ
932 5255 1045 5309 τῶν
1095 5257 1341 5324 παγίδων
1400 5259 1704 5332 ύπεριπτά-

159 5355 318 5411 μεναι,
348 5339 421 5400 ὧν
459 5346 781 5417 καθηγεῖται
828 5349 864 5418 ἡ
904 5347 998 5402 τοῦ
1031 5348 1255 5419 ἐρωδιοῦ
1297 5349 1455 5404 καλιὰ
1482 5389 1496 5414 ,
1526 5351 1592 5422 ἢν
1627 5351 1703 5404 οὶ·-

1815 4351 2038 4407 emolliti
2069 4351 2461 4415 incursionem,
2496 4350 2767 4421 ejusmodi
2813 4365 3077 4420 aquarum
3111 4350 3384 4405 extrinse-

1813 4457 1910 4499 cus
1941 4442 1993 4496 in
2023 4457 2117 4496 cor
2156 4441 2499 4497 inﬁuentium
2540 4440 2804 4497 inﬁuxum
2836 4441 3194 4496 admittamus
3238 4441 3381 4495 intra

1810 4536 2132 4605 penetralia,
2162 4552 2258 4606 per
2290 4551 2428 4606 quas
2458 4536 2615 4590 nobis
2655 4543 2878 4606 pereant
2914 4550 3035 4607 qua:
3065 4543 3193 4591 sunt
3223 4551 3383 4605 repo-

1811 4626 1930 4682 sita.
1964 4626 2056 4682 liae
2086 4634 2267 4684 autem
2299 4627 2447 4683 cedri
2478 4626 2692 4690 Libani,
2727 4642 2867 4697 quas
2897 4628 3160 4697 plantavit
3196 4627 3382 4682 Domi-

1811 4730 1936 4773 nus.
1982 4716 2037 4771 in
2082 4717 2282 4786 quibus
2316 4716 2599 4772 nidiﬁcant
2637 4716 2891 4771 volucres
2931 4717 3009 4780 “,
3070 4717 3215 4771 inter
3243 4732 3380 4786 quas

1808 4808 2113 4879 praecipuus
2144 4816 2228 4863 est
2255 4809 2417 4864 nidus
2434 4808 2643 4863 herodii
2672 4808 2787 4872 ;h:e
2818 4822 2948 4877 ergo
2979 4807 3149 4867 cedri.
3184 4822 3380 4877 nempe

1806 4897 2055 4962 virtutes,
2101 4901 2355 4954 muniunt
2410 4900 2629 4955 dommn
2692 4899 2954 4969 nuptialis
3017 4898 3263 4961 thalami,
3322 4901 3379 4953 in

1806 4987 2005 5057 quibus
2051 4989 2331 5044 nidiﬁcant
2392 4992 2589 5047 anima:
2652 4991 2855 5046 effectae
2910 4991 3182 5055 volucres,
3238 4990 3380 5045 inter

1809 5093 1945 5147 quas
1965 5079 2324 5149 principatum
2347 5088 2493 5135 tenet
2520 5082 2729 5137 herodii
2748 5082 2932 5148 nidus,
2966 5097 3126 5151 quem
3155 5081 3377 5135 domum

1809 5177 1968 5225 vocat
2031 5169 2335 5239 Scriptura.
2402 5172 2570 5226 Aiunt
2634 5184 2813 5227 autem
2874 5173 3016 5227 hanc
3062 5188 3212 5227 avem
3250 5173 3379 5231 odio

1811 5260 2010 5315 habere
2038 5261 2264 5324 coitum,
2303 5270 2357 5317 et
2405 5264 2640 5333 quadam
2688 5274 2899 5320 natura
2930 5266 3259 5320 necessitate
3292 5264 3378 5319 in-

1808 5359 1888 5404 ter
1914 5365 1973 5405 se
2003 5351 2248 5420 copulari
2276 5352 2597 5417 clamantes,
2631 5361 2686 5410 et
2716 5371 2858 5426 aegre
2895 5355 3155 5424 ferentes,
3191 5364 3247 5412 et
3271 5354 3371 5412 tria

220 5516 471 5590 "Ephes.
495 5504 551 5588 γ’,
576 5520 667 5586 3|,
696 5519 784 5575 52.
860 5518 1115 5575 “Matth.
1152 5537 1250 5587 vn,
1284 5521 1354 5576 Ἡ
1394 5538 1515 5594 sqq.
1592 5524 1637 5558 "
1664 5523 1843 5581 Eccle.
1879 5541 1931 5592 κ,
1970 5524 2054 5582 18.
2131 5524 2177 5559 ⁸⁸
2199 5525 2343 5585 Psal.
2368 5543 2487 5597 cm,
2514 5528 2600 5584 16.
