3742 5986
367 245 471 302 839

1576 245 1640 300 S.
1683 244 2008 303 GRECORII
2040 245 2330 304 NYSSENI

3513 241 3614 297 δια

367 365 568 420 stitiam
594 362 985 434 signiﬁcantes.
1014 362 1170 419 Unde
1196 363 1324 419 mihi
1348 363 1562 421 videtur
1586 364 1842 438 Scriptur

2138 392 2160 424 ν
2183 370 2434 442 ὀνομάζει
2462 371 2490 425 ὁ
2525 369 2700 439 λόγος.
2735 367 2966 436 Λέγουσι
2993 366 3048 421 δὲ
3082 356 3340 437 ἀπεχθῶς
3368 369 3500 438 περὶ
3528 369 3616 427 τὰς

365 471 464 525 per
493 456 597 509 hoc
623 471 822 510 nomen
854 457 907 510 in
950 456 1237 525 aznigmate
1270 456 1579 526 signiﬁcare
1615 459 1930 528 puritatem.

364 547 476 602 llas
516 562 645 617 ergo
679 548 861 618 trabes
889 562 1055 616 super
1084 553 1224 600 tecta
1283 547 1405 617 puri
1459 548 1684 602 thalami
1741 550 1936 618 aspicit

365 616 599 704 Sponsa.
630 635 783 690 Videt
816 616 992 690 a'uzem
1018 643 1072 690 et
1096 636 1188 704 qui
1229 616 1313 691 est
1362 652 1427 692 ex
1469 653 1732 707 cupresso
1769 616 1934 694 orna-

368 733 515 784 tum.
569 724 660 793 qui
744 739 838 792 per
892 723 1028 778 bene
1079 725 1368 794 levigatam
1426 737 1480 781 et
1546 728 1929 795 concinnatam

367 816 824 883 compositionem
858 815 1099 869 illustrat
1128 831 1247 870 eam
1296 832 1417 886 quae
1447 817 1660 872 videtur
1691 818 1935 887 pulchri-

369 904 632 958 tudinem.
666 903 1003 972 Cupressum
1036 906 1180 960 enim
1226 906 1365 960 leil
1393 922 1516 962 esse
1554 924 1616 962 ea
1652 924 1773 978 quae
1807 918 1938 963 sunt

367 995 424 1049 in
459 1003 605 1050 tecto
648 994 946 1065 laquearia,
984 1006 1109 1065 apta
1160 998 1405 1065 quaedam
1455 1005 1510 1053 ct
1561 1001 1830 1054 concinna
1870 1015 1936 1054 ac

364 1088 537 1141 celata
576 1101 819 1140 asserum
855 1088 1187 1157 compactio,
1215 1089 1343 1143 tecti
1379 1090 1599 1145 varians
1625 1091 1934 1160 pulchritu-

365 1180 566 1235 dinem.
597 1178 734 1244 Quid
766 1193 896 1247 ergo
923 1194 1016 1248 per
1047 1179 1161 1234 haec
1198 1181 1499 1236 discimus?
1528 1180 1671 1237 Bene
1701 1183 1809 1238 olet
1839 1198 1936 1237 na-

366 1268 617 1323 turaliter
639 1281 950 1336 cupressus,
984 1281 1047 1319 ea
1083 1266 1197 1337 ipsa
1228 1277 1408 1322 autem
1463 1268 1664 1321 nullam
1695 1268 1936 1323 admittit

366 1357 731 1429 putredincm,
765 1364 819 1409 et
850 1362 934 1409 est
964 1361 1090 1424 apta
1134 1355 1198 1409 ad
1231 1356 1545 1410 universum
1576 1354 1771 1411 l‘abrile
1801 1356 1936 1409 arti-

366 1450 572 1511 ﬁcium,
600 1458 657 1501 ut
680 1464 790 1514 qua:
807 1447 877 1501 sit
898 1446 1047 1501 laevis
1068 1453 1122 1500 et
1145 1447 1438 1509 concinna,
1453 1456 1507 1501 et
1527 1447 1593 1501 ad
1617 1463 1680 1501 ea
1700 1462 1820 1517 qua:
1838 1462 1934 1517 per

365 1541 654 1596 calaturas
671 1539 800 1591 ﬁunt
823 1546 1145 1591 ornamenta
1161 1537 1429 1607 apposita.
1452 1536 1553 1592 Per
1572 1553 1635 1592 ea
1663 1553 1792 1608 ergo
1811 1552 1934 1607 quae

292 1620 311 1635 “
365 1631 643 1695 dicuntur,
666 1628 917 1683 cxisrimo
941 1643 1041 1682 nos
1069 1627 1169 1681 hoc
1188 1628 1417 1694 erudiri,
1448 1629 1593 1698 quod
1623 1645 1730 1683 non
1755 1630 1930 1684 solum

2045 462 2217 531 μίξεις
2241 461 2383 532 ἔχειν
2403 460 2559 515 τοῦτο
2586 462 2646 513 τὸ
2674 460 2877 532 ὄρνεον,
2909 458 3003 511 καί
3025 475 3129 511 τινι
3157 456 3376 527 φύσεως
3406 457 3619 530 ἀνάγκη

2042 552 2178 624 πρὸς
2214 553 2416 624 ἄλληλα
2458 550 2853 616 συνδυάζεσθαι
2879 592 2894 615 ,
2924 547 3219 613 ὀκλάζοντα
3265 547 3362 603 καὶ
3393 548 3620 602 δυσαναο

2043 640 2355 713 σχετοῧντα,
2388 646 2481 699 καὶ
2507 643 2604 715 τὴν
2633 642 2822 713 ἀηδίαν
2855 639 3306 711 ἐπισημαίνοντα.
3339 639 3507 692 Ὅθεν
3535 656 3621 706 μοι

2039 735 2186 788 δοκεί
2215 732 2312 807 τὴν
2342 733 2685 808 καθαρότητα
2713 736 2769 789 ἐν
2799 734 3080 804 αἰνίγματι
3112 731 3199 785 διὰ
3225 731 3321 785 τοῦ
3356 730 3620 800 ὀνόματος

2038 825 2227 880 τούτου
2255 824 2538 898 σημαίνειν
2566 825 2594 881 ὸ
2613 827 2788 896 λόγος.
2812 824 3026 887 Ταύτας
3049 819 3140 877 οὖν
3179 822 3278 885 τὰς
3307 822 3502 889 δοκοὺς
3531 821 3619 875 ἐπὶ

2036 918 2162 982 τοὺς
2193 912 2423 988 ὀρόερους
2447 916 2544 989 τῆς
2567 913 2813 990 καθαρᾶς
2835 915 3106 978 παστάδος
3134 913 3323 983 βλέπει
3346 915 3382 985 ἡ
3410 913 3615 983 νύμφη.

2049 1006 2183 1077 Ὀρᾷ
2207 1004 2263 1060 δὲ
2292 1008 2387 1060 καὶ
2412 1004 2504 1059 τὸν
2522 1009 2586 1059 ὲκ
2610 1006 2707 1076 τῆς
2741 1001 3081 1075 κυπαρίσσου
3112 1002 3319 1072 κόσμον
3354 1002 3448 1055 διά
3479 1018 3619 1063 τινος

2038 1093 2291 1162 εύξέστου
2325 1116 2383 1151 τε
2425 1098 2518 1151 καὶ
2549 1096 2865 1169 ἐναρμονίου
2900 1092 3201 1157 συνθέσεως
3241 1093 3301 1146 τι
3341 1091 3617 1164 ὁρώμενον

2040 1188 2232 1250 κάλλος
2261 1186 2665 1257 ὲναγλαῖζοντα.
2698 1188 3050 1259 Κυπάρισσον
3074 1185 3181 1254 γὰρ
3208 1179 3361 1238 εἶπεν
3390 1180 3532 1237 εἶναι
3553 1183 3617 1235 τὰ

2038 1279 2131 1333 τοῦ
2152 1278 2346 1350 ὀρόφου
2371 1275 2705 1350 φατνώματα
2723 1296 2737 1311 '
2766 1277 3100 1349 φατνώματα
3127 1276 3184 1329 δὲ
3204 1275 3427 1343 λέγεται
3458 1271 3613 1339 εἶναι,

2036 1367 2305 1441 εὔρυθμός
2340 1386 2424 1432 τις
2467 1369 2559 1423 καὶ
2605 1370 2898 1438 διάγλυιρος
2946 1363 3171 1447 σανίδων
3214 1366 3380 1436 πῆξις
3421 1367 3485 1418 τὺ
3523 1367 3616 1434 τῆς

2036 1462 2237 1534 ὀροφῆς
2279 1453 2471 1524 κάλλος
2515 1452 2974 1515 διαποικΰιλουονα.
3020 1453 3089 1512 τί
3134 1448 3228 1511 οὖν
3276 1450 3366 1511 διὰ
3412 1458 3615 1510 τούτων

2041 1555 2423 1626 μανθάνομεν;
2468 1548 2700 1608 Eia-wer
2733 1555 2977 1623 (gustatio;
3086 1546 3431 1622 κυπάρισσος
3452 1568 3466 1580 ·
3495 1551 3529 1621 ἠ
3561 1550 3613 1603 δὲ

2039 1646 2176 1718 αὐτὴ
2211 1648 2304 1700 καὶ
2342 1638 2628 1717 σηπεδόνος
2679 1640 2824 1699 ἐστὶν
2872 1645 3284 1717 ἀπαράδεκτος,
3334 1644 3434 1695 καὶ
3484 1641 3614 1713 πρὸς

364 1739 487 1792 qua:
515 1729 644 1777 sunt.
673 1721 728 1774 in
768 1719 951 1772 anima
982 1719 1226 1784 virtutes,
1261 1720 1314 1773 in
1351 1719 1539 1775 habitu
1572 1735 1682 1774 non
1712 1718 1842 1776 evidi

2136 1755 2221 1791 ταν
2247 1738 2563 1808 τεκτονικὴν
2599 1736 2935 1807 φιλοτεχνίαν
2967 1734 3287 1804 ἐπιτηδείως
3320 1733 3461 1803 ἔχει,
3498 1732 3614 1785 λεία

367 1824 448 1869 ter
477 1822 624 1868 recte
656 1826 714 1866 se
757 1816 974 1879 gerunt,
1019 1809 1110 1864 sed
1160 1826 1336 1881 neque
1383 1827 1501 1867 eam
1542 1811 1820 1881 negligant
1848 1827 1938 1867 ve-

367 1912 664 1968 nustatem,
696 1916 815 1971 quze
850 1909 935 1954 est
973 1899 1028 1953 in
1063 1915 1127 1956 eo
1168 1902 1311 1971 quod
1344 1911 1588 1973 apparet.
1621 1902 1761 1958 Sunt
1786 1903 1933 1958 enim

365 1995 698 2068 providenda
734 1994 872 2048 bona
919 2006 1105 2045 coram
1144 1992 1253 2049 Deo
1293 2001 1347 2048 et
1387 1994 1702 2051 hominibus
1738 1995 1781 2027 ⁸⁷
1818 2014 1831 2050 :
1882 2004 1936 2051 et

365 2088 507 2159 quod
551 2095 765 2158 oportet
805 2088 912 2145 Deo
942 2089 1158 2159 quidem
1192 2102 1315 2143 esse
1347 2085 1718 2151 manifestum,
1756 2086 1934 2141 homi-

365 2181 527 2236 nibus
562 2189 741 2237 autem
795 2181 1144 2252 persuadere,
1195 2187 1249 2234 et
1295 2178 1497 2233 bonum
1536 2176 1735 2233 habere
1777 2178 1934 2232 testi-

367 2274 606 2326 monium
640 2272 782 2342 apud
839 2287 935 2328 eos
968 2271 1060 2341 qui
1100 2269 1234 2325 foris
1279 2276 1405 2323 sunt
1428 2268 1496 2333 δ”,
1543 2275 1596 2321 ct
1634 2267 1931 2338 splendidis

366 2363 549 2417 lucere
577 2362 833 2432 operibus
860 2378 1044 2417 coram
1080 2360 1410 2423 hominibus,
1448 2365 1517 2412 ct‘
1535 2356 1731 2413 decore
1760 2358 1930 2414 hone-

366 2463 557 2525 steque
587 2455 867 2509 ambulare
892 2454 1034 2524 apud
1066 2468 1160 2508 eos
1193 2451 1285 2522 qui
1307 2450 1440 2506 foris
1470 2461 1617 2507 sunt.
1648 2449 1772 2506 Haec
1804 2459 1933 2506 sunt

366 2545 646 2614 laquearia
684 2560 780 2614 per
834 2544 1035 2599 bonum
1064 2540 1269 2596 Christi
1320 2540 1563 2606 odorem,
1614 2541 1773 2611 cujus
1798 2541 1929 2596 aani-

367 2650 488 2704 gma
514 2643 598 2690 est
634 2649 947 2704 cupressus,
980 2631 1032 2686 in
1058 2633 1182 2685 vitae
1206 2629 1487 2685 honestate
1506 2629 1798 2686 artiliciose
1824 2631 1935 2686 ela-

364 2729 573 2792 borata,
611 2728 754 2784 sicut
792 2743 855 2782 ea
892 2734 1038 2780 recte
1081 2733 1132 2779 et
1168 2724 1438 2779 concinne
1465 2723 1673 2779 sciebat
1707 2738 1932 2795 compo-

366 2832 496 2872 nere
525 2817 742 2886 sapiens
777 2813 1106 2868 architectus
1133 2809 1353 2876 Paulus,
1383 2812 1571 2868 dicens
1600 2830 1615 2867 :
1647 2809 1840 2867 Omnia
1873 2813 1931 2867 in

364 2907 506 2963 vobis
532 2906 713 2961 ordine
732 2915 779 2960 et
802 2907 1012 2959 honeste
1033 2905 1167 2974 ﬁant
1193 2904 1256 2957 δ’.

2040 1846 2101 1882 τε
2134 1828 2389 1900 γινομένη
2425 1830 2518 1882 καὶ
2548 1828 2863 1898 ἐναρμόνιος
2886 1869 2900 1892 ,
2935 1828 3028 1879 καὶ
3052 1826 3189 1897 πρὸς
3230 1825 3357 1887 τοὺς
3383 1823 3479 1876 διὰ
3512 1822 3615 1875 τῶν

2040 1915 2309 1987 γλυφίδων
2341 1918 2761 1989 καλλωπισμοὺς
2804 1915 3127 1986 ἐπιτήδειος.
3151 1912 3324 1966 Τοῦτο
3338 1902 3434 1966 οὖν
3467 1902 3615 1982 οἶμαι

2040 2006 2127 2061 διὰ
2164 2008 2273 2060 τῶν
2296 2007 2602 2078 λεγομένων
2643 2008 2790 2078 ἡμᾶς
2825 2000 3174 2065 παιδεύεσθαι
3198 2044 3213 2067 ,
3253 2004 3328 2076 μὴ
3364 2005 3531 2075 μόνον
3562 2006 3616 2057 ὲν

2040 2100 2108 2169 τῇ
2135 2098 2279 2168 ψυχῇ
2311 2097 2408 2161 τάς
2437 2099 2636 2169 ἀρετὰς
2680 2099 2738 2150 ἐν
2777 2095 2888 2161 ἕξει
2940 2094 3336 2166 κατορθοῦσθαι
3376 2094 3524 2148 κατὰ
3564 2095 3619 2147 τὸ

2039 2186 2231 2256 ἄδηλον
2255 2202 2268 2216 ⁸
2302 2186 2436 2241 ἀλλά
2486 2186 2617 2259 μηδὲ
2659 2185 2758 2257 τῆς
2797 2184 2933 2239 κατά
2967 2183 3026 2237 τὺ
3064 2184 3386 2254 φαινόμενον
3424 2184 3621 2256 εύσχηι

2044 2276 2279 2347 μοσύνης
2311 2277 2529 2348 ἀμελῶς
2570 2276 2732 2348 ἔχειν.
2783 2275 2902 2347 Χρὴ
2947 2275 3056 2346 γὰρ
3091 2278 3340 2347 προνοεῖν
3381 2276 3618 2330 ἐνώπιον

2040 2368 2246 2440 Κυρίου
2274 2369 2366 2422 καὶ
2391 2368 2486 2423 ἀνθ
2497 2368 2690 2441 ρώπων
2710 2386 2722 2399 ’
2763 2369 2853 2421 καὶ
2879 2367 2995 2439 Θεῷ
3035 2368 3132 2438 μὲν
3169 2367 3615 2439 πεφανερῶσθαι·

2040 2458 2356 2531 ἀνθρώπους
2404 2459 2462 2514 δὲ
2508 2458 2742 2522 πείθειν,
2773 2456 2867 2513 καὶ
2911 2457 3215 2529 μαρτυρίαν
3247 2459 3428 2528 καλὴν
3478 2459 3620 2529 ἔχειν

2039 2548 2147 2603 ἀπὸ
2174 2549 2282 2604 τῶν
2319 2549 2537 2615 ἔξωθεν,
2570 2547 2665 2604 καὶ
2701 2546 2937 2620 λάμπειν
2965 2550 3077 2611 τοῖς
3114 2550 3399 2617 φωτεινοϊς
3439 2548 3621 2621 ἔργοις

2039 2638 2347 2711 ἔμπροσθεν
2376 2636 2484 2694 τῶν
2511 2633 2832 2711 ἀνθρώπων,
2869 2637 2963 2692 καὶ
2993 2639 3348 2710 εὐσχημόνως
3377 2658 3619 2712 περιπα-

2038 2734 2150 2786 τεῖν
2173 2730 2306 2802 πρὸς
2320 2729 2445 2796 τοὺς
2468 2730 2589 2798 ἔξω.
2609 2730 2794 2785 Ταῦτά
2824 2730 2934 2783 ἐστι
2963 2730 3030 2783 τά
3056 2729 3393 2801 φατνώματα
3413 2732 3509 2785 διά
3526 2732 3620 2802 τῆς

2039 2821 2131 2876 τοῦ
2155 2821 2388 2894 Χριστοῢ
2415 2822 2660 2889 εὐωδίας,
2685 2817 2751 2895 ἧς
2776 2821 3002 2893 αἴνιγμά
3028 2823 3173 2875 ἐστιν
3200 2823 3234 2893 ἡ
3254 2822 3620 2894 κυπάρισσος,

2039 2914 2097 2966 ὲν
2123 2914 2188 2984 τῇ
2221 2910 2596 2985 εὐσχημοσύνῃ
2635 2911 2727 2965 τοῦ
2757 2898 2870 2982 βίου
2912 2910 3395 2982 φιλοτεχνουμένη,
3440 2911 3621 2976 καθὼς

363 2998 481 3069 ᾔδει
502 2999 570 3052 τὰ
597 2997 819 3051 τοιαῦτα
858 2995 1160 3049 συντιθέναι
1183 2993 1359 3058 καλῶς
1389 3011 1447 3046 τε
1487 2995 1580 3048 καὶ
1619 2994 1950 3067 ἐναρμονίους
1995 3000 2025 3055 ὁ
2057 3004 2217 3075 σοφὸς
2271 3004 2601 3079 ἀρχιτέκτων
2651 3000 2892 3071 Παῦλος,
2923 3001 2951 3057 ὸ
2979 3000 3187 3072 λέγων·
3223 2999 3436 3058 Πάντα
3472 3002 3622 3059 κατὰ

363 3089 537 3152 τάξιν
563 3089 633 3141 ἐν
660 3087 802 3157 ὑμῖν
837 3086 939 3140 καὶ
969 3086 1354 3155 εὐσχημόνως
1383 3084 1654 3155 γινέσθω.

437 3178 532 3234 His
546 3180 618 3234 ita
647 3186 792 3234 recte
812 3179 1001 3249 gestis,
1021 3178 1078 3231 ﬁt
1094 3178 1488 3231 incrementum
1504 3174 1624 3246 ejus
1636 3191 1755 3247 qua:
1770 3172 1857 3233 est
1874 3178 1915 3233 ir

2141 3187 2330 3242 Τούτων
2376 3187 2432 3241 δὲ
2467 3183 2638 3250 οὕτως
2668 3182 3153 3256 κατορθωθέντων,
3189 3184 3499 3257 ὲπαύξησις
3528 3184 3619 3240 τοῦ

368 3270 525 3325 nobis
567 3268 988 3340 pulchritudinis
1015 3310 1029 3333 ,
1067 3267 1245 3338 ampla
1270 3275 1323 3322 et
1355 3266 1461 3321 lata
1512 3274 1701 3321 nostra
1741 3276 1935 3324 natura

364 3362 557 3417 edente
581 3359 762 3413 liorem
791 3358 1121 3415 odoriferam
1138 3368 1190 3415 et
1213 3375 1432 3429 purum.
1458 3358 1600 3415 Flori
1630 3367 1809 3416 autem
1836 3377 1937 3416 no-

368 3470 489 3509 men
508 3461 591 3509 est
610 3452 801 3506 lilium.
819 3450 875 3505 In
900 3466 1007 3521 quo
1024 3451 1342 3506 naturaliter
1364 3451 1739 3507 consideratus
1762 3452 1940 3522 splen-

366 3546 485 3606 dor.
512 3545 676 3600 tacite
721 3542 990 3614 signiﬁcat
1020 3543 1184 3613 jubar
1209 3543 1600 3612 temperantiae.
1636 3541 1760 3598 "me
1791 3544 1935 3599 enim

366 3649 564 3703 sponsa
593 3634 733 3704 apud
750 3649 809 3689 se
831 3648 1165 3703 persequens
1184 3633 1315 3688 dicit
1345 3651 1357 3688 :
1392 3632 1815 3706 Ego,postquam
1836 3634 1938 3690 fuit

365 3727 431 3781 ad
456 3727 652 3782 lectum
672 3733 917 3781 nostrum
937 3741 1172 3796 sponsus
1191 3733 1376 3781 noster
1396 3740 1624 3796 corpore
1644 3726 1938 3781 adumbra-

368 3824 477 3879 tus.
496 3816 586 3883 qui
603 3815 705 3870 sibi
724 3816 1014 3869 aadiﬁcavit
1032 3815 1275 3877 domum,
1295 3822 1484 3883 tegens
1499 3815 1760 3885 meipsam
1772 3815 1940 3869 virtu-

366 3914 479 3958 tqu
497 3906 696 3968 cedris,
724 3904 889 3957 odore
906 3919 1288 3973 cupressorum
1318 3918 1592 3958 exornans
1615 3911 1839 3966 tectum,
1869 3918 1938 3958 ex

366 4008 561 4060 campo
612 4000 823 4045 natura:
863 4000 982 4045 orta
1029 4006 1149 4044 sum
1192 3990 1315 4052 llos,
1343 3998 1397 4045 et
1448 3992 1634 4046 colore
1670 3998 1724 4046 et
1768 3991 1938 4046 odore

366 4081 599 4150 reliquis
628 4080 856 4135 ﬁoribus
886 4080 1240 4134 antecellens.
1268 4077 1406 4133 Nata
1435 4078 1579 4134 enim
1610 4095 1730 4134 sum
1763 4079 1935 4134 lilium

364 4187 431 4227 ex
461 4170 829 4224 convallibus.
869 4166 962 4222 S?c
1001 4175 1185 4222 autem
1222 4166 1386 4222 habet
1425 4175 1718 4223 contextus
1746 4166 1938 4221 dictio-

365 4263 454 4319 nis
484 4261 631 4333 :Ego
659 4261 759 4331 ﬂos
799 4262 989 4328 campi,
1037 4259 1211 4314 lilium
1246 4258 1485 4313 vallium.
1534 4257 1748 4314 Revera
1785 4260 1934 4313 enim

367 4369 462 4424 per
490 4368 552 4407 ea
575 4366 697 4422 qua:
724 4359 854 4406 sunt
882 4366 912 4404 a
942 4351 1104 4405 nobis
1136 4350 1290 4420 prius
1329 4348 1698 4431 considerata,
1743 4349 1799 4403 in
1834 4364 1936 4404 na-

367 4454 506 4499 turae
552 4444 912 4514 amplitudine
962 4443 1177 4497 exculta
1214 4449 1300 4496 est
1341 4441 1547 4495 anima.
1601 4439 1736 4494 Dum
1785 4441 1932 4495 enim

365 4551 618 4606 campum
668 4535 942 4600 audimus,
971 4536 1329 4605 intelligimus
1362 4542 1570 4589 naturae
1610 4532 1927 4602 amplitudi-
1959 4530 2010 4591 ι)

365 4642 511 4688 nem.
561 4635 843 4695 propterea
887 4625 1031 4695 quod
1059 4640 1122 4679 ea
1163 4626 1235 4678 sit
1266 4632 1390 4693 apta
1433 4624 1498 4678 ad
1549 4621 1928 4691 suscipiendas

364 4719 567 4773 multas
604 4728 656 4771 et
686 4715 929 4771 inﬁnitas
957 4716 1344 4786 intelligentias
1386 4729 1480 4770 seu
1505 4713 1702 4768 mentis
1731 4726 1930 4766 conce-

363 4808 600 4879 ptioues,
646 4813 701 4862 et
726 4807 890 4862 verba
923 4814 977 4861 et
1023 4805 1365 4876 disciplinas.
1395 4803 1452 4858 Si
1480 4803 1648 4873 igitur
1700 4816 1787 4868 eo,
1818 4815 1930 4871 quo

361 4899 596 4956 dicimus
624 4898 807 4961 modo,
847 4897 914 4953 ab
944 4911 1012 4952 eo
1056 4896 1149 4967 qui
1204 4903 1450 4949 nostram
1485 4892 1617 4947 colit
1667 4899 1925 4946 naturam

360 4990 640 5047 elaborata
692 4999 777 5044 est
820 4988 1020 5052 anima,
1065 4985 1312 5040 exoritur
1355 4998 1420 5038 ex
1475 4990 1686 5037 naturae
1725 4991 1927 5037 nostra:

361 5098 555 5153 campo
590 5081 687 5137 llos
732 5081 870 5135 bene
912 5079 1088 5143 olens,
1132 5075 1450 5145 nitidusque
1497 5083 1553 5129 et
1602 5088 1792 5144 purus.
1828 5071 1929 5126 llic

363 5190 492 5231 vero
538 5189 763 5244 cmupus
817 5170 1029 5229 etiamsi
1065 5169 1380 5224 nominetur
1416 5165 1594 5229 vallis,
1640 5179 1768 5219 cum
1816 5162 1931 5216 vita

361 5265 573 5320 caelesti
617 5272 1004 5333 comparatus,
1055 5259 1227 5315 nihilo
1279 5256 1465 5313 secius
1514 5262 1601 5313 est
1655 5266 1929 5323 campus:

363 5372 465 5411 nec
510 5357 692 5411 obstat
733 5355 1027 5426 quominus
1056 5369 1177 5425 quae
1225 5351 1279 5405 in
1325 5351 1444 5421 ipso
1493 5349 1640 5403 culta
1689 5355 1794 5409 est,
1829 5344 1932 5400 llos

361 5455 509 5502 recte
545 5445 652 5500 ﬁat.
709 5444 784 5498 Ex
823 5459 1065 5499 concavo
1108 5443 1254 5498 enim
1296 5441 1351 5495 in
1389 5441 1558 5495 altum
1604 5438 1807 5501 oriens,
1847 5452 1937 5492 as-

432 5619 477 5653 “
504 5618 544 5675 il
575 5618 699 5675 Cor.
746 5633 867 5683 vm,
892 5618 982 5672 2!.
1058 5617 1104 5649 “
1130 5616 1149 5670 l
1180 5614 1418 5671 Timoth.
1451 5629 1533 5679 tu,
1566 5613 1619 5668 7.

2033 3278 2092 3332 ἐν
2110 3280 2238 3350 ἡμῖν
2253 3278 2459 3348 γίνεται
2480 3277 2728 3340 κάλλους,
2750 3276 2845 3346 τῆς
2863 3275 3121 3340 πλατείας
3139 3275 3295 3347 ἡμῶν
3318 3277 3547 3345 φύσεως
3563 3277 3620 3330 τὸ

2035 3368 2230 3432 εὐῶδες
2252 3368 2345 3423 καὶ
2376 3368 2613 3439 καθαρὸν
2644 3366 2801 3429 ἀνθος
2827 3366 3197 3438 ἀναδιδούσης.
3220 3369 3437 3438 Ὀνομα
3459 3369 3521 3422 δὲ
3544 3367 3620 3439 τῷ

2033 3456 2184 3513 ἄνθει
2210 3457 2392 3530 κρίνον
2415 3458 2580 3511 ἐστίν.
2610 3453 2681 3528 ᾯ
2707 3457 2740 3526 ἡ
2771 3457 3012 3525 φυσικῶς
3035 3453 3444 3527 ὲνθεωρουμένη
3479 3458 3619 3528 λαμ-

2034 3547 2345 3619 πρότηςτὴν
2357 3547 2455 3620 τῆς
2469 3545 2815 3619 σωφροσύνης
2839 3566 2911 3618 μα
2920 3547 3202 3618 ρμαρυγὴν
3214 3547 3616 3606 ὑπαινίσστται.

2033 3636 2218 3690 Ταῦτα
2242 3637 2350 3708 γάρ
2369 3638 2403 3708 ἡ
2429 3636 2614 3708 νύμφη
2632 3638 2758 3710 περὶ
2782 3638 2977 3707 ἑαυτῆς
3001 3635 3330 3708 διεξέρχεται
3358 3636 3614 3705 λέγουσω

2034 3722 2179 3794 Ἐγὼ
2196 3726 2335 3796 μετά
2345 3726 2406 3781 τὸ
2422 3726 2671 3795 γενέσθαι
2687 3727 2821 3800 πρὸς
2833 3729 2898 3798 τῇ
2921 3726 3075 3797 κλίνῃ
3086 3726 3117 3796 ἡ
3127 3726 3243 3796 μῶν
3276 3727 3369 3780 τὸν
3380 3744 3445 3781 νυ
3453 3729 3618 3799 μφίον

2038 3817 2392 3871 συσκιαθέντα
2429 3816 2506 3889 τῷ
2538 3816 2750 3888 σώματι
2777 3860 2790 3882 ,
2834 3818 2894 3880 ὃς
2940 3815 3286 3887 ᾠκοδόμησεν
3314 3818 3498 3889 ἑαυτῷ
3529 3819 3617 3873 τὸν

2034 3904 2215 3974 οἷκον,
2261 3908 2360 3979 ἐμὲ
2402 3910 2523 3971 ταῖς
2548 3908 2657 3961 τῶν
2696 3908 2906 3978 ἀρετῶν
2939 3907 3152 3979 κέδροις
3184 3908 3476 3979 όροφώσας
3520 3912 3618 3981 τὴν

2038 3999 2365 4070 στέγην,καὶ
2396 4000 2463 4071 τῇ
2499 3998 2721 4069 εὐπνοία
2742 3998 2850 4051 τῶν
2887 3998 3240 4068 κυπαρίσσων
3264 4000 3618 4065 καλλωπίσας

2035 4094 2126 4149 τὸν
2153 4095 2346 4166 ὄροφον
2371 4133 2385 4158 ,
2419 4093 2616 4163 γέγονα
2643 4094 2707 4146 ὲκ
2734 4091 2828 4145 τοῦ
2856 4092 3039 4145 πεδίου
3063 4092 3162 4159 τῆς
3186 4091 3402 4160 φύσεως
3430 4095 3613 4159 ἄνθος,

2037 4185 2258 4257 εὐχροίᾳ
2284 4202 2341 4238 τε
2373 4185 2464 4238 καὶ
2486 4183 2683 4255 εὐωδία
2713 4182 2822 4236 τῶν
2848 4182 3049 4235 λοιπῶν
3065 4181 3240 4235 ἀνθῶν
3259 4182 3612 4252 διαφέρουσα.

2037 4281 2235 4354 κρίνον
2256 4281 2362 4353 γὰρ
2384 4279 2622 4350 ἀνεφύην
2639 4281 2702 4333 ἐκ
2725 4279 2833 4331 τῶν
2855 4276 3132 4331 κοιλάδων.
3154 4277 3306 4347 Ἔχει
3328 4277 3387 4329 δὲ
3416 4279 3449 4348 ή
3474 4279 3613 4343 λέξις

2035 4376 2229 4441 οὕτως⁹
2263 4375 2403 4446 Ἐγὼ
2419 4375 2601 4441 ἄνθος
2629 4373 2735 4428 τοῦ
2761 4372 3001 4439 πεδίου,
3023 4374 3230 4441 κρίνον
3255 4372 3376 4427 τῶν
3413 4373 3612 4430 κοιλά-

2036 4473 2175 4528 εων.
2202 4472 2439 4542 ’Δληθῶς
2459 4471 2565 4545 γὰρ
2584 4472 2617 4543 ἡ
2639 4469 2726 4526 διὰ
2747 4469 2853 4524 τῶν
2875 4469 3363 4541 προθεωρηθέντων
3382 4472 3519 4542 ἡμῖν
3542 4472 3612 4542 τῷ

2034 4566 2222 4623 πλάτει
2257 4566 2470 4637 φύσεως
2496 4565 2869 4640 γεωργηθεῖσα
2893 4564 3056 4637 ψυχή.
3096 4564 3283 4618 Πεδίον
3306 4568 3414 4636 γὰρ
3451 4568 3602 4621 ἀκού-

2036 4681 2248 4729 σαντες,
2268 4663 2365 4735 τὴν
2386 4662 2701 4736 πλατύτητα
2723 4664 2821 4733 τῆς
2844 4661 3192 4734 ἀνθρωπίνης
3213 4660 3427 4730 φύσεως
3456 4663 3612 4733 ἐνοή-

2038 4779 2233 4832 σαμεν,
2269 4761 2357 4816 διὰ
2384 4762 2445 4816 τὸ
2482 4761 2692 4817 πολλῶν
2740 4779 2801 4814 τε
2832 4760 2926 4814 καὶ
2957 4760 3201 4831 ἀπείρων
3242 4757 3412 4831 αὐτὴν
3438 4759 3610 4815 δεκτι-

2036 4857 2137 4927 κὴν
2160 4852 2299 4915 εἶναι
2318 4858 2604 4930 νοημάτων
2623 4874 2682 4910 τε
2704 4858 2798 4912 καὶ
2819 4857 3079 4928 ῥημάτων
3110 4857 3203 4909 καὶ
3245 4855 3609 4926 μαθημάτων.

2048 4953 2111 5007 Ἦ
2131 4954 2306 5008 τοίνυν
2332 4955 2475 5009 κατὰ
2491 4955 2579 5008 τὸν
2590 4954 2880 5027 εἰρημένον
2909 4955 3110 5026 τρόπον
3141 4953 3294 5024 παρά
3318 4953 3412 5007 τοῦ
3438 4970 3609 5026 γεωρ-

2030 5050 2256 5120 γοῦντος
2282 5051 2382 5124 τὴν
2432 5050 2594 5122 φύσιν
2640 5051 2795 5122 ήμῶν
2840 5050 3212 5122 ἑμπονηθείσα
3250 5048 3423 5120 ψυχὴ,
3454 5049 3609 5113 ἄνθος

2030 5145 2258 5218 εὔοδμον
2299 5164 2359 5202 τε
2395 5148 2490 5200 καὶ
2514 5146 2765 5218 λαμπρὸν
2797 5145 2893 5199 καὶ
2943 5144 3179 5217 καθαρὸν
3222 5144 3525 5213 ἀναφύεται
3552 5147 3610 5199 ἐν

2033 5242 2128 5296 τοῦ
2157 5243 2257 5313 τῆς
2306 5242 2520 5312 φύσεως
2552 5240 2711 5313 ἡμῶν
2764 5239 2972 5294 πεδίου.
3005 5239 3087 5292 Τὰ
3109 5239 3167 5293 δὲ
3200 5240 3385 5294 πεδίον
3426 5240 3605 5305 τοῦτο,

2035 5339 2140 5393 κᾶν
2165 5340 2447 5410 συγκρίσει
2494 5339 2594 5409 τῆς
2623 5336 2877 5408 οὐρανίας
2899 5335 3175 5407 διαγωγῆς
3202 5336 3390 5402 κοιλὰς
3413 5337 3603 5408 ὀνομάο

2043 5433 2211 5505 ζηται,
2241 5436 2393 5489 οὐδὲν
2439 5428 2601 5505 ἦττον
2654 5432 2835 5487 πεδίον
2876 5432 3013 5494 ἐστὶ,
3053 5434 3145 5485 καὶ
3176 5434 3240 5487 ού
3285 5432 3601 5492 mxuma

1697 5609 1779 5663 “l
1806 5610 1933 5666 Cor.
1961 5624 2072 5677 Juv,
2108 5610 2199 5666 40.
