3742 5986
69 358 184 414 811

1124 344 1192 402 1N
1232 341 1524 400 CANTICA
1568 338 1839 398 CANTIC.
1885 334 2167 394 llOMlLIA
2206 336 2294 393 IV.

3237 334 3299 387 8i
3315 337 3342 388 2

70 477 139 528 ὲν
173 473 310 542 αὐτῇ
367 443 783 540 γεγωργηθεῖσα
835 464 1015 528 καλῶς
1057 463 1218 528 ἄνθος
1263 463 1514 532 γενέσθαι
1552 480 1564 493 ο
1603 463 1666 514 ὲκ

1861 459 1945 530 ιςῑι
1991 473 2250 529 germen,
2307 455 2449 510 sicut
2498 453 2643 508 licet'
2682 453 2862 508 videre
2911 454 3024 510 ﬁeri
3091 453 3144 507 in
3200 453 3337 510 lilio.

71 567 196 639 γὰρ
228 563 319 618 τοῦ
361 561 544 615 κοίλου
577 560 670 612 ἐπὶ
710 558 770 610 τὸ
813 557 1013 627 ὑψηλὸν
1041 559 1070 610 6
1110 556 1336 626 βλαστὸς
1364 554 1662 617 ἀνατέλλει,

72 654 268 716 καθὼς
300 652 446 704 ἐστιν
479 649 606 702 ἰδεῖν
637 647 728 699 ἐπὶ
753 645 846 698 τοῦ
868 645 1053 716 κρίνου
1083 646 1385 715 γινόμενον.
1407 643 1665 697 Ἐπιπολὺ

76 747 199 815 γὰρ
220 743 310 796 ἐπὶ
341 741 403 794 τδ
437 739 617 810 ὄρθιον
642 738 706 788 ἐκ
735 736 832 805 τῆς
859 735 1016 806 ῥίζης
1049 734 1419 806 καλαμοειδῶς
1444 733 1668 803 ἀναδρα-

81 837 270 910 μοῦσα
303 837 336 905 ἡ
379 833 575 904 βοτάνη
625 828 719 882 τοῦ
773 828 980 898 κρίνου,
1022 827 1144 880 τότε
1187 825 1245 878 τὸ
1286 824 1446 887 ἄνθος
1475 824 1540 876 ὲκ
1569 824 1668 892 τῆς

77 926 334 999 κορυφῆς
365 921 715 982 ἀναδίδωσιν,
747 918 848 970 ούκ
880 917 1046 986 ὀλίγῳ
1082 915 1159 985 τῷ
1199 913 1398 984 μεταξὺ
1443 912 1668 982 διαστή-

79 1035 222 1088 ματι
258 1018 355 1086 τῆς
389 1013 492 1082 γῆς
521 1007 996 1079 ἀποστήσασα,ὠς
1027 1001 1300 1073 amolitus,
1335 1002 1572 1074 καθαρὸν
1611 1003 1668 1054 ἐν

1773 551 1965 621 Magna
2011 551 2154 605 enim
2201 564 2266 602 ex
2314 555 2467 616 parte
2517 561 2640 601 cum
2697 547 2751 598 in
2816 553 3023 599 rectum
3081 562 3108 598 a
3162 546 3344 600 radice

1775 642 1950 696 instar
1980 639 2265 694 arundinis
2299 638 2598 693 excurrerit
2630 634 2797 692 herba
2832 637 2964 699 lilii,
3009 635 3192 691 ﬂorem
3231 637 3344 691 edit

1773 747 1840 786 ex
1866 731 2092 793 vertice,
2140 744 2249 784 non
2295 729 2510 782 modico
2575 727 2944 782 intercedente
2988 726 3272 781 intervallo
3316 741 3344 777 a

1777 830 1919 876 terra
1951 830 2159 875 tantum
2190 821 2420 883 distans,
2451 827 2733 888 quantum,
2773 827 2832 871 ut
2863 819 3076 887 opinor,
3111 817 3244 870 satis
3276 817 3348 870 sit

1776 913 1841 966 ad
1885 913 1988 966 hoc
2047 920 2107 965 ut
2158 918 2373 965 maneat
2425 925 2560 980 pura
2606 909 2660 962 in
2713 909 2930 963 sublimi
2979 908 3344 978 pulchritudo,

1775 1019 1884 1057 non
1910 1003 2188 1074 inquinata
2211 1002 2465 1058 mistione
2489 1016 2611 1055 cum
2641 1008 2804 1057 terra.
2839 1000 3127 1070 Propterea
3183 1000 3346 1054 etiam

81 1108 354 1180 μετεώρῳ
392 1101 726 1174 διαμένοιτὸ
767 1099 982 1162 κάλλος,
1016 1101 1082 1169 τῇ
1110 1097 1248 1168 πρὸς
1272 1097 1372 1168 τὴν
1399 1097 1503 1165 γῆν
1549 1097 1671 1148 ἐπι-

1861 1101 1956 1148 .tus
2004 1094 2219 1160 oculus,
2265 1108 2384 1148 eam
2426 1108 2547 1162 qua:
2593 1092 2695 1146 hoc
2729 1091 2871 1145 facta
2923 1100 3028 1156 est,
3074 1091 3159 1145 vel
3233 1091 3349 1144 ﬁeri

81 1200 246 1272 μιξίᾳ.
307 1198 380 1268 μὴ
431 1193 811 1266 μολυνόμενον.
873 1189 971 1242 Διά
1023 1189 1196 1242 ταῦτα
1246 1189 1341 1242 καὶ
1385 1190 1413 1240 6
1465 1187 1668 1250 δίκαιος

79 1289 367 1360 ὀφθαλμὸς
410 1288 508 1357 τὴν
556 1284 714 1338 τοῦτο
746 1283 1046 1352 γενομένην
1069 1320 1085 1344 ,
1129 1281 1248 1349 ἦτοι
1277 1278 1529 1348 γενέσθαι
1569 1294 1669 1331 πο-

80 1384 342 1452 θήσασαν
383 1393 398 1408 ⁸
437 1376 722 1447 ἀμφότερα
780 1373 890 1441 γὰρ
939 1375 1004 1426 ὲκ
1052 1370 1161 1424 τῶν
1207 1369 1510 1441 εἰρημένων
1570 1370 1672 1422 ὑπ-

80 1471 416 1541 ενοήσαμεν,
450 1467 483 1536 ἢ
531 1466 614 1518 ὅτι
672 1463 1094 1534 μεγαλαυχεῖται
1137 1459 1212 1522 ὼς
1261 1459 1361 1529 ἢδη
1404 1457 1670 1529 γενομένη

81 1564 228 1630 ὅπερ
261 1556 629 1625 ἐπεπόθησεν,
664 1553 697 1623 ἢ
731 1554 813 1606 ὃτι
856 1552 1024 1604 δεῖται
1081 1547 1175 1602 τοῦ
1213 1547 1460 1618 γεωργοῦ
1512 1547 1671 1612 ἄνθος

82 1649 368 1719 γενέσθαι,
401 1646 489 1699 διὰ
543 1646 642 1714 τῆς
680 1643 887 1697 ἐκείνου
926 1641 1116 1710 σοφίας
1144 1641 1208 1692 ὲκ
1261 1639 1370 1692 τῶν
1412 1639 1671 1692 κοιλάδων

83 1743 186 1811 τῆς
225 1738 578 1810 ἀνθρωπίνης
634 1735 776 1804 ζωῆς
814 1737 892 1796 είς
949 1732 1135 1803 κρίνου
1193 1729 1386 1792 κᾶλλος
1439 1729 1672 1799 ἀναδρα-

1777 1183 2104 1239 desideravit
2132 1185 2443 1254 (utrumque
2469 1185 2610 1238 enim
2673 1198 2738 1237 ex
2785 1183 2852 1238 iis
2889 1197 3009 1250 qua:
3038 1180 3184 1235 dicta
3223 1188 3352 1236 sunt

1777 1272 2156 1342 intelligimus,
2187 1289 2380 1343 nempe
2420 1272 2566 1342 quod
2609 1273 2690 1327 vel
2717 1272 2982 1342 gloriatur
3013 1286 3070 1326 se
3093 1269 3204 1339 jam
3238 1269 3354 1324 fac-

1778 1375 1888 1420 tam
1963 1380 2086 1420 esse
2135 1365 2279 1434 quod
2307 1365 2658 1430 desideravit,
2689 1364 2772 1417 vel
2820 1362 2962 1431 quod
3009 1371 3163 1432 rogat
3207 1361 3352 1430 agri-

1778 1457 1952 1510 colam
1992 1466 2052 1509 ut
2080 1455 2179 1510 llos
2215 1459 2305 1510 liat
2331 1471 2426 1526 per
2457 1457 2599 1510 illius
2633 1455 2949 1524 sapientiam
2973 1492 2987 1516 ,
3017 1468 3082 1507 ex
3123 1452 3354 1506 vallibus

1779 1547 2030 1601 humana:
2070 1549 2192 1602 vitae
2237 1548 2302 1601 ad
2370 1547 2465 1600 lilii
2512 1561 2805 1614 assurgens
2872 1542 3354 1614 pulchritudinem)

1780 1641 1895 1694 sive
1919 1656 2049 1709 ergo
2073 1641 2189 1694 vult
2219 1639 2320 1694 hoc
2366 1639 2504 1702 fieri,
2543 1653 2638 1693 seu
2675 1639 2815 1692 facta
2848 1646 2931 1692 est
2957 1637 3100 1706 quod
3166 1636 3354 1697 voluit,

1779 1738 1929 1783 recte
1988 1730 2172 1799 justus
2215 1731 2400 1798 sponsi
2439 1731 2629 1784 oculus
2663 1727 2783 1799 ejus
2816 1729 2956 1784 bono
2985 1729 3175 1782 annuit
3210 1727 3357 1781 desi-

89 1832 306 1902 μοῦσα·
340 1830 450 1883 εἴτε
491 1826 583 1882 οὖν
631 1825 882 1896 γενέσθαι
931 1823 1176 1894 βούλεται
1206 1821 1382 1884 τοῦτο,
1419 1823 1528 1874 εῐτε
1583 1821 1676 1874 καὶ

1863 1820 1928 1873 ’ἰο
1973 1836 2094 1889 quae
2149 1821 2214 1874 ad
2263 1821 2382 1890 ejus
2428 1820 2656 1874 lormam
2702 1821 2920 1889 aspicit,
2974 1827 3034 1874 ut
3101 1820 3221 1888 ipsa
3267 1817 3360 1872 ﬁat

87 1924 320 1990 γέγονεν
340 1923 476 1991 ὅπερ
505 1918 757 1988 ἠθέλησε,
788 1915 968 1978 καλῶς
993 1916 1021 1968 6
1046 1913 1248 1976 δίκαιος
1281 1911 1554 1982 ὀφθαλμὸς
1578 1910 1671 1964 τοῦ

90 2010 358 2080 νυμφίου,
387 2007 520 2078 πρὸς
552 2006 648 2076 τὴν
677 2003 887 2074 ἀγαθὴν
913 2001 1206 2070 ἐπιθυμίαν
1234 2003 1332 2070 τῆς
1354 1999 1488 2070 πρὸς
1513 2000 1675 2054 αὑτὸν

90 2101 312 2171 ὁρώσης
373 2098 514 2160 ἰδὼν,
565 2096 818 2148 ἐπένευσε
874 2092 1126 2162 γενέσθαι
1161 2091 1346 2162 κρίνον
1379 2091 1568 2162 αὐτὴν,
1602 2091 1675 2162 μὴ

95 2190 539 2261 συμπνιγόμενον
589 2187 706 2247 ταῖς
754 2183 846 2236 τοῦ
885 2183 999 2254 βίου
1029 2181 1312 2244 ἀκάνθαις,
1350 2181 1416 2244 ἃς
1450 2182 1676 2250 θυγατέ-

1780 1910 1976 1976 lilium,
2025 1911 2248 1966 minime
2297 1911 2558 1966 suﬂ‘ocata
2594 1927 2624 1965 a
2665 1911 2839 1980 spinis
2882 1912 3035 1974 vitm,
3090 1925 3229 1980 quas
3261 1926 3362 1963 non

1783 2005 2009 2058 minavit
2059 2004 2219 2066 ﬁlias,
2264 2005 2448 2068 tacite,
2484 2013 2540 2058 ut
2591 2004 2845 2066 arbitror,
2895 2006 3189 2058 ostendens
3265 2001 3362 2054 iui-

1785 2096 1954 2149 micas
1995 2096 2120 2149 vitae
2157 2095 2407 2149 humanae
2453 2101 2770 2163 potestates,
2837 2109 3067 2163 quarum
3112 2094 3362 2148 nomina-

1788 2195 1877 2239 tur
1905 2195 2059 2255 pater
2089 2189 2135 2240 is
2164 2187 2254 2254 qui
2291 2195 2374 2240 est
2409 2175 2659 2240 inventor
2687 2187 2824 2240 vitii.

98 2301 193 2354 ρας
236 2282 546 2356 ὠνόμασεν,
574 2276 970 2345 ἐνδειξάμενος,
1031 2272 1205 2346 οἶμαι,
1266 2274 1409 2328 κατὰ
1445 2274 1507 2326 τὸ
1575 2275 1928 2348 σιωπώμενον
1971 2279 2070 2342 τὰς
2119 2277 2319 2348 ἐχθρὰς
2367 2280 2467 2348 τῆς
2514 2277 2858 2348 ἀνθρωπίνης
2888 2277 3033 2347 ζωῆς
3082 2277 3361 2348 δυνάμεις,

95 2369 168 2429 ὧν
190 2376 377 2446 πατὴρ
409 2376 437 2425 6
467 2374 564 2444 τῆς
595 2373 792 2436 κακίας
826 2371 1051 2441 εὑρετὴς
1083 2372 1528 2442 κατονομάζεται.

177 2467 274 2531 Ὠς
325 2465 534 2532 κρίνον
565 2459 679 2526 οὖν,
716 2463 877 2532 φησὶν
898 2501 912 2526 ,
944 2461 1014 2514 ἐν
1037 2459 1204 2532 μέσῳ
1234 2461 1350 2515 τῶν
1387 2459 1682 2523 ἀκανθῶν,

101 2557 286 2620 οὕτως
303 2553 539 2622 ἀδελφή
556 2571 676 2621 μου
703 2553 772 2605 ἐν
787 2551 955 2620 μέσῳ
981 2550 1100 2604 τῶν
1120 2551 1477 2621 θυγατέρων.
1512 2549 1686 2622 Ὅσην

108 2648 325 2717 ὁρῶμεν
371 2647 470 2715 τῆς
499 2647 578 2707 είς
605 2645 666 2697 τὸ
700 2644 832 2713 ὕψος
881 2643 1066 2696 ἀνόδου
1119 2643 1218 2713 τὴν
1263 2642 1543 2714 προκοπὴν
1595 2641 1688 2694 ἐπὶ

106 2741 198 2808 τῆς
239 2738 422 2806 ψυχῆς
466 2735 777 2804 γινομένην.
823 2733 1016 2804 Πρώτη
1051 2733 1252 2797 ἄνοδος,
1291 2734 1354 2786 τὸ
1405 2733 1542 2804 πρὸς
1588 2731 1686 2802 τὴν

109 2829 495 2901 καθαιρετικὴν
531 2829 633 2898 τῆς
658 2827 959 2896 Αἰγυπτίας
986 2827 1266 2896 δυνάμεως
1291 2827 1454 2880 ἵππον
1489 2828 1688 2896 ὁμοιω-

112 2922 278 2992 θῆναι.
318 2919 560 2990 Δευτέρα
586 2918 770 2982 ἄνοδος
790 2960 804 2982 ,
834 2918 893 2970 τὸ
935 2917 1162 2987 πλησίον
1211 2918 1382 2988 αὐτὴν
1413 2919 1690 2986 γενέσθαι,

113 3015 202 3065 καὶ
248 3011 580 3084 περιστερᾶς
633 3009 854 3080 ποιῆσαι
902 3008 970 3062 τά
1015 3008 1259 3078 ὄμματα.
1301 3009 1468 3079 Τρίτη
1511 3009 1690 3063 τοίνυν

117 3105 292 3167 ἄνοδος
323 3102 386 3154 τὸ
423 3101 618 3170 μηκέτι
647 3099 893 3169 πλησίον,
934 3097 1047 3150 ἀλλ’
1086 3098 1320 3168 ἀδελφὴν
1361 3098 1456 3151 τοῦ
1487 3099 1690 3152 Δεσπό-

117 3212 203 3246 του
229 3191 617 3263 ὀνομασθῆναι.
657 3193 762 3256 ’⁸ος
791 3189 869 3245 ἂν
896 3190 1146 3258 ποιήσῃ,
1180 3191 1333 3260 φησὶ,
1359 3189 1425 3242 τὸ
1461 3190 1690 3260 θέλημα

121 3285 221 3338 τοῦ
260 3286 495 3352 Πατρός
541 3301 660 3352 μου
691 3281 800 3336 τοῦ
839 3282 908 3334 ἐν
955 3281 1080 3347 τοῖς
1126 3280 1423 3350 οὐρανοῖς,
1453 3268 1694 3348 οὖτοςλό

122 3376 378 3444 ἀδελφός
403 3391 545 3444 μου,
574 3373 671 3428 καὶ
702 3372 930 3441 ἀδελφή
964 3391 1105 3441 μου,
1141 3373 1238 3426 καὶ
1265 3372 1462 3440 μήτηρ
1501 3373 1690 3426 ἐστίν.

135 3467 280 3519 Ἐπεὶ
307 3464 402 3518 οὖν
437 3464 657 3533 γέγονεν
698 3464 876 3529 ἄνθος,
908 3464 1072 3534 μηδὲν
1115 3462 1218 3515 ὑπὸ
1242 3463 1350 3516 τῶν
1388 3462 1696 3531 ἀκανθηφό-

131 3573 230 3628 ρων
270 3557 595 3630 πειρασμῶν
626 3557 761 3628 πρὸς
790 3557 852 3609 τὸ
888 3555 1142 3624 γενέσθαι
1187 3554 1371 3624 κρίνον
1416 3554 1695 3625 παραϐλα-

130 3647 293 3710 6είσα,
321 3647 693 3718 ὲπιλαθομένη
722 3648 778 3700 δὲ
826 3646 920 3700 τοῦ
966 3645 1098 3699 λαοῦ
1146 3646 1242 3698 καὶ
1287 3644 1380 3698 τοῦ
1423 3645 1572 3698 οἴκου
1603 3644 1696 3696 τοῦ

132 3739 322 3810 πατρὸς
354 3739 546 3808 αὐτῆς,
577 3738 712 3808 πρὸς
773 3737 864 3789 τὸν
902 3735 1152 3805 ἀληθινὸν
1200 3730 1307 3788 εἶδε
1344 3735 1584 3806 Πατέρα,
1619 3733 1698 3787 διὸ

135 3830 218 3882 καὶ
248 3828 449 3899 ἀδελφὴ
472 3829 565 3881 τοῦ
595 3827 799 3898 Κυρίου
823 3827 1144 3897 ὀνομάζεται
1165 3866 1180 3889 ,
1202 3825 1280 3896 τῷ
1300 3826 1398 3894 τῆς
1429 3825 1698 3888 υἱοθεσίας

137 3921 390 3991 πνεύματι
423 3920 557 3990 πρὸς
583 3919 680 3990 τὴν
721 3920 1039 3988 συγγένειαν
1066 3918 1269 3987 ταύτην
1293 3917 1662 3988 εἰσποιηθείσα
1681 3957 1697 3982 ,

139 4013 222 4064 καὶ
245 4013 342 4082 τῆς
376 4014 515 4082 πρὸς
547 4012 645 4075 τὰς
668 4012 972 4081 θυγατέρας
1003 4010 1097 4063 τοῦ
1122 4009 1472 4080 ψευδωνύμου
1499 4010 1700 4078 πατρὸς

141 4106 406 4169 κοινωνίας
433 4105 808 4173 ἀπαλλαγεῖσα
828 4146 843 4170 ,
872 4105 1033 4158 πάλιν
1074 4103 1283 4172 γίνεται
1334 4103 1532 4172 ἑαυτῆς
1563 4102 1702 4172 ὑψη-

141 4193 338 4264 λοτέρα,
365 4197 462 4250 καὶ
488 4195 673 4265 βλέπει
703 4195 764 4247 τὸ
793 4195 1108 4264 μυστήριον,
1148 4193 1236 4246 διά
1266 4193 1375 4245 τῶν
1411 4193 1510 4262 τῆς
1547 4209 1702 4264 περι-

145 4288 324 4356 στερᾶς
361 4286 686 4356 ὀφθαλμῶν⁹
732 4285 874 4354 λέγω
907 4286 964 4338 δὲ
1007 4285 1085 4355 τῷ
1133 4284 1401 4354 πνεύματι
1439 4285 1537 4354 τῆς
1567 4300 1700 4354 προ-

144 4377 370 4444 ςητείας.
413 4378 480 4429 '0
509 4376 564 4429 δὲ
593 4375 758 4444 λέγει,
784 4375 1020 4429 τοιοῦτόν
1060 4378 1207 4428 ἐστιν
1284 4373 1380 4437 Ὡς
1404 4372 1607 4442 μῆλον
1633 4373 1703 4426 ἐν

146 4467 254 4531 τοῖς
300 4470 509 4534 ξύλοις
566 4467 672 4521 τοῦ
706 4467 956 4536 δρυμοῦ,
999 4467 1186 4531 οὕτως
1233 4463 1555 4532 ἁδελφιδός
1579 4481 1700 4532 μου

104 4609 112 4614 .
145 4554 247 4606 ἀνὰ
267 4555 460 4624 μέσον
483 4555 601 4608 τῶν
628 4555 789 4610 υἱῶν.
809 4556 873 4607 Τί
904 4550 996 4607 οὖν
1032 4557 1176 4607 ἐστιν
1201 4553 1229 4605 ὃ
1259 4553 1537 4617 τεθέαταις
1567 4555 1703 4622 Δρυο

1861 2457 2008 2513 Sicut
2045 2459 2215 2512 lilium
2246 2473 2409 2529 ergo,
2444 2458 2655 2529 inquit,
2698 2461 2834 2513 inter
2866 2460 3068 2528 spinas,
3101 2463 3177 2514 sic
3211 2479 3364 2518 soror

1791 2567 1905 2604 mea
1945 2552 2086 2605 inter
2133 2552 2296 2620 ﬁlias.
2345 2551 2622 2618 Quantum
2675 2551 2921 2606 videmus
2971 2567 3258 2610 ascensum
3307 2557 3361 2610 in

1789 2643 1994 2707 altum,
2046 2651 2257 2696 tantum
2314 2643 2560 2698 videmus
2609 2658 2732 2698 esse
2773 2644 2968 2697 animae
3027 2643 3357 2714 profectum.

1789 2733 2005 2789 Primus
2049 2748 2313 2790 ascensus
2353 2742 2439 2790 est
2485 2734 2778 2789 assimilari
2826 2736 3008 2804 equis,
3040 2735 3133 2805 qui
3170 2738 3364 2807 copias

1800 2826 2086 2898 Egyptias
2127 2827 2484 2898 perdiderunt
2535 2843 2599 2882 ac
2637 2827 3043 2882 destruxerunt.
3081 2826 3366 2885 Secundus

1799 2933 2062 2972 ascensus
2113 2927 2218 2979 est,
2273 2917 2418 2987 quod
2486 2932 2548 2976 ea
2609 2917 2747 2971 facta
2805 2918 2875 2972 sit
2931 2919 3257 2989 propinqua,
3312 2929 3368 2975 et

1795 3011 1941 3080 quod
1979 3008 2172 3064 fecerit
2217 3009 2408 3064 oculos
2452 3009 2738 3064 columbae.
2793 3008 3015 3065 Tertius
3047 3018 3131 3066 est
3175 3026 3368 3067 ascen-

1795 3118 1912 3165 sus,
1958 3100 2104 3171 quod
2139 3117 2248 3156 non
2285 3101 2518 3170 amplius
2559 3101 2890 3171 propinqua,
2934 3102 3031 3156 sed
3071 3117 3229 3157 soror
3263 3103 3368 3157 Do-

1794 3194 1927 3246 mini
1954 3195 2020 3248 sit
2064 3193 2359 3247 nominata.
2397 3191 2504 3258 Qui
2541 3191 2927 3262 enim,inqnit,
2959 3195 3143 3262 fecerit
3183 3195 3370 3248 volun-

1800 3294 1958 3337 tatem
1997 3283 2178 3336 Patris
2213 3284 2313 3336 mei
2359 3285 2450 3353 qui
2487 3285 2539 3337 in
2587 3285 2730 3338 cazlis
2772 3294 2871 3347 est,
2923 3285 3008 3338 hic
3052 3295 3130 3340 est
3179 3286 3367 3354 frater,

1797 3392 1948 3430 soror
1994 3385 2042 3430 et
2097 3386 2266 3429 mater
2289 3375 2354 3430 ".
2407 3375 2700 3445 Postquam
2753 3392 2882 3445 ergo
2932 3375 3074 3430 facta
3119 3389 3204 3433 est
3248 3377 3366 3441 llos,

1796 3481 1973 3534 neque
2003 3481 2033 3519 a
2069 3467 2308 3535 spinosis
2335 3467 2460 3522 ltesa
2497 3465 2598 3519 fuit
2653 3469 3050 3524 tentationibus
3077 3473 3370 3540 quominus

1797 3567 1943 3609 esset
1970 3555 2165 3619 lilium,
2202 3555 2368 3610 oblita
2409 3557 2592 3625 populi
2625 3566 2679 3611 et
2717 3557 2912 3612 domus
2939 3561 3112 3628 patris
3149 3569 3203 3616 et
3245 3578 3369 3617 ma«

1798 3647 1899 3701 tris
1926 3661 2056 3709 suze,
2093 3646 2302 3714 aspexit
2343 3645 2409 3699 ad
2442 3661 2626 3700 verum
2654 3645 2869 3701 Patrem
2899 3666 2913 3703 :
2955 3659 3010 3703 et
3048 3651 3170 3705 ideo
3204 3667 3365 3706 voca-

1799 3743 1889 3789 tur
1935 3751 2090 3789 soror
2133 3733 2368 3798 Domini,
2422 3735 2616 3805 spiritu
2661 3736 2894 3790 liliorum
2953 3739 3264 3810 adoptionis
3318 3744 3370 3798 in

1800 3829 1941 3882 hanc
1971 3813 2222 3896 ado‘ptata
2253 3829 2656 3898 cognationem,
2691 3839 2743 3884 et
2773 3830 3000 3885 liberata
3033 3849 3063 3887 a
3109 3833 3375 3892 societate

1798 3929 1852 3976 et
1885 3919 2267 3988 conjunctione
2318 3936 2441 3974 cum
2484 3920 2700 3976 filiabus
2737 3923 2905 3991 patris
2951 3925 3042 3993 qui
3090 3924 3228 3982 falso
3277 3943 3372 3982 no-

1800 4011 2062 4074 minatur,
2123 4012 2298 4079 seipsa
2349 4027 2544 4068 rursus
2592 4012 2650 4065 ﬁt
2697 4013 3005 4079 sublimior,
3056 4025 3109 4070 et
3166 4017 3368 4086 aspicit

1803 4105 2122 4178 mysterium
2161 4120 2255 4175 per
2298 4104 2489 4160 oculos
2541 4105 2830 4169 columba,
2868 4121 2963 4175 per
2993 4107 3245 4176 spirituum
3293 4110 3377 4163 in-

1802 4212 1966 4267 quam
2027 4196 2346 4266 prophetiae.
2393 4194 2509 4249 Hoc
2556 4203 2640 4250 est
2691 4205 2871 4250 autem
2921 4198 3067 4266 quod
3129 4199 3372 4267 aspicit:

1805 4286 1953 4342 Sicut
1993 4301 2202 4354 pomum
2259 4289 2314 4338 in
2363 4285 2520 4355 lignis
2565 4285 2750 4350 silva,
2798 4287 2875 4339 sic
2923 4287 3180 4354 patruelis
3231 4304 3374 4341 meus

1803 4381 1938 4433 inter
1965 4379 2125 4447 ﬁlios.
2160 4377 2300 4443 Quid
2332 4387 2416 4432 est
2443 4393 2572 4447 ergo
2604 4376 2750 4447 quod
2782 4377 2953 4431 vidit?
3003 4375 3207 4432 Silvam
3240 4380 3378 4434 solet

1803 4470 2090 4524 nominare
2137 4467 2438 4536 Scriptura,
2491 4467 2796 4520 silvestrem
2847 4465 3129 4520 hominum
3183 4467 3374 4527 vitam,

1804 4560 1860 4614 in
1908 4575 2014 4629 qua
2043 4557 2322 4611 luxuriant
2352 4554 2502 4610 varia
2550 4570 2745 4624 genera
2797 4556 2962 4609 animi
3006 4559 3374 4626 perturbatio-

153 4646 236 4711 μὸν
255 4648 503 4718 ὀνομάζει
531 4647 773 4718 συνήθως
806 4650 838 4718 ἡ
880 4648 1011 4714 ἁγία
1049 4645 1240 4718 Γραφὴ
1268 4645 1358 4697 τὸν
1382 4644 1556 4714 ὑλώδη
1593 4643 1689 4696 τῶν

1861 4666 1959 4712 im,
1986 4650 2041 4703 ir.
2079 4663 2185 4718 qua
2222 4657 2477 4716 tanquam
2518 4646 2573 4699 in
2617 4654 2776 4699 antro
2810 4647 3051 4701 insident
3085 4663 3147 4702 ac
3185 4650 3376 4703 delite-

151 4737 428 4806 ἀνθρώπων
455 4741 586 4810 βίον,
616 4743 706 4793 τὸν
726 4740 790 4792 τὰ
821 4739 1038 4792 ποικίλα
1070 4738 1177 4792 τῶν
1218 4731 1551 4808 παθημάτων
1584 4735 1697 4805 εἴδη

155 4825 566 4900 ὑλομανήσαντα,
595 4831 652 4882 ἐν
675 4823 719 4897 ᾧ
750 4830 820 4882 τὰ
841 4829 1114 4900 φθαρτικὰ
1146 4827 1310 4898 θηρία
1350 4825 1577 4894 φωλεύει
1608 4827 1701 4878 καὶ

157 4922 589 4990 κατακρύπτεται,
605 4915 677 4973 ὧν
702 4923 736 4990 ἡ
766 4920 925 4989 φύσις
949 4922 1006 4972 ὲν
1030 4917 1282 4989 φωτῖκαὶ
1309 4917 1442 4988 ἡλίῳ
1479 4917 1700 4988 ἀνενέρ-

158 5021 301 5074 γητος
339 5014 591 5080 μένουσα,
636 5012 724 5066 διά
779 5013 1001 5074 σκότους
1043 5013 1140 5082 τὴν
1192 5011 1346 5080 ἰσχὺν
1382 5010 1514 5079 ἔχει.
1547 5010 1701 5062 Μετά

160 5095 252 5164 γὰρ
279 5098 334 5150 τὸ
369 5101 516 5154 δῦναι
548 5102 637 5155 τὸν
670 5101 854 5170 ἣλιον,
905 5101 1069 5170 φησὶν
1094 5099 1122 5150 6
1149 5099 1464 5169 Προφήτης,
1514 5097 1705 5160 νυκτὸς

162 5185 512 5262 ἐπιγινομένης
553 5193 611 5244 ὲν
661 5193 798 5262 αὐτῇ
841 5193 910 5245 τά
954 5191 1118 5263 θηρία
1166 5189 1275 5242 τῶν
1313 5189 1534 5260 φωλεῶν
1578 5191 1708 5242 ἀνα-

163 5274 374 5332 δύεσθαι.
417 5283 631 5354 Ἐπειδὴ
684 5284 861 5336 τοίνυν
904 5286 932 5337 6
966 5283 1146 5353 μονιὸς
1185 5284 1213 5334 6
1248 5283 1304 5333 ἐν
1348 5279 1426 5351 τῷ
1464 5280 1706 5351 δρυμῶνι

165 5370 484 5439 τρεφάμ-ενος,
515 5375 614 5445 τὴν
650 5375 817 5445 καλὴν
851 5375 948 5443 τῆς
977 5373 1322 5444 ἀνθρωπίνης
1353 5372 1568 5441 φύσεως
1600 5372 1708 5441 ἄμ-

171 5457 309 5510 πελον
336 5462 648 5536 ἐλυμήνατο,
671 5467 850 5529 καθώς
873 5483 1036 5536 φησιν
1058 5467 1086 5517 6
1110 5462 1418 5536 Προφήτης,
1441 5465 1522 5517 ὅτι
1557 5464 1718 5518 Ἐλυ-

173 5563 197 5612 ι·
211 5547 370 5611 εῖνατο
390 5553 576 5622 αὐτὴν
591 5554 664 5624 ὗς
680 5559 747 5612 ἐκ
769 5557 1016 5627 δρυμοῦ,
1033 5557 1132 5610 καὶ
1143 5559 1351 5626 μονιός
1366 5556 1566 5625 ἄγριος
1583 5574 1718 5611 κατ-

1809 4749 1972 4798 scunt
2028 4741 2156 4796 ferae
2206 4740 2472 4804 exitiosae,
2524 4752 2758 4806 quarum
2814 4746 3009 4791 natura
3054 4739 3106 4791 in
3163 4740 3284 4793 luce
3325 4746 3380 4793 et

1810 4833 1924 4888 sole
1949 4837 2031 4886 est
2059 4831 2256 4894 Otiosa,
2289 4837 2362 4894 et,
2397 4829 2504 4881 vim
2537 4844 2643 4882 non
2678 4827 2885 4881 habens
2912 4829 3192 4897 Operandi,
3234 4830 3378 4884 vires

1811 4923 1974 4977 habet
2022 4923 2076 4976 in
2137 4921 2397 4976 tenebris.
2468 4919 2602 4973 Nam
2660 4930 2945 4989 postquam
3008 4921 3088 4974 sol
3155 4920 3376 4983 occidit.

1812 5023 1976 5067 nocte
2021 5013 2366 5074 adveniente,
2400 5010 2672 5082 Propheta
2721 5011 2851 5064 dicit
2886 5011 3090 5065 bestias
3132 5011 3281 5065 silva:
3324 5014 3378 5066 in

1809 5119 1872 5158 ea
1912 5119 1978 5160 ex
2015 5105 2189 5160 antris
2217 5119 2500 5173 emergere
2524 5104 2591 5157 ⁵¹.
2623 5101 2894 5167 Quoniam
2927 5116 3057 5171 ergo
3086 5102 3380 5172 singularis

1811 5196 1960 5251 ferus
2011 5197 2103 5265 qui
2156 5197 2400 5264 pascitur
2448 5195 2502 5248 in
2559 5195 2718 5255 silva,
2773 5193 3157 5263 gravissimum
3204 5194 3384 5247 attulit

1811 5287 2071 5340 damnum
2129 5286 2370 5355 pulchrae
2423 5287 2594 5340 vinem
2653 5285 2900 5338 humana:
2947 5291 3178 5346 naturas,
3242 5285 3386 5338 sicut

1813 5377 1946 5431 dicit
1974 5377 2262 5445 Propheta,
2309 5375 2442 5429 Eam
2479 5377 2704 5432 vastavit
2735 5391 2859 5445 aper
2891 5375 2954 5429 de
2985 5377 3141 5443 silva,
3188 5385 3238 5430 et
3275 5378 3386 5431 sin-

1817 5466 2020 5537 gularis
2070 5465 2212 5535 ferus
2270 5466 2522 5535 depastus
2578 5478 2655 5522 est
2705 5468 2889 5521 eam"
2932 5486 2944 5520 :
2992 5478 3276 5538 propterea
3329 5469 3384 5522 in

1817 5557 1956 5612 silva
2009 5557 2286 5626 plantatur
2325 5559 2548 5624 malum,
2591 5559 2734 5630 quod
2788 5560 2842 5613 in
2881 5574 2946 5614 eo
2975 5561 3194 5630 quidem
3241 5559 3383 5630 quod

264 5750 305 5781 "
330 5752 512 5812 Matth.
548 5775 648 5826 xu,
693 5762 800 5829 50;
833 5763 964 5820 Luc.
1009 5782 1128 5832 vni,
1158 5768 1248 5823 21.
1346 5769 1388 5800 ⁵¹
1427 5767 1571 5824 l'sal.
1604 5782 1725 5838 CIII,
1763 5767 1828 5823 l9
1870 5783 1984 5838 seq.
2063 5767 2108 5801 "
2134 5767 2280 5824 Psal.
2311 5783 2495 5831 Lxxix,
2542 5767 2624 5820 l4.

473 5856 734 5922 ΡΑτκοι..
785 5861 876 5922 Gn
937 5861 1073 5920 XLI
1089 5861 1160 5922 V.
