3742 5986
370 314 479 371 Si?)

1605 308 1663 365 S.
1706 307 2033 366 GREGORII
2092 307 2386 367 NYSSENI

3527 312 3622 364 8M

374 416 457 479 est
492 422 720 492 lignum,
753 427 837 475 est
884 417 1130 490 ejusdem
1176 417 1431 474 essentia:
1464 417 1624 489 cujus
1672 419 1807 474 silva
1837 419 1935 473 hu-

2075 421 2378 491 νεμήσατο
2402 422 2600 491 αὐτήν
2623 438 2636 452 ·
2676 422 2765 477 διὰ
2795 422 2955 478 τοῦτο
2982 422 3249 494 ἐμφύεται
3277 424 3357 494 τῷ
3384 423 3620 498 δρυμῶνι

377 528 556 580 mana,
607 518 851 567 tentatus
873 518 958 566 est
990 511 1134 565 enim
1176 512 1230 566 in
1277 509 1693 567 similitudinem
1735 510 1944 580 absque

380 612 605 675 peccato
627 604 673 636 ⁸³
703 621 717 657 :
747 603 802 657 in
836 616 901 657 eo
942 613 1121 657 autem
1161 602 1307 673 quod
1342 602 1505 657 talem
1541 600 1646 657 fert
1673 600 1938 670 fructum,

378 702 442 751 ut
475 710 571 765 per
600 709 724 749 eum
761 692 951 749 dulces
979 692 1279 747 reddantur
1312 708 1509 748 sensus
1537 692 1753 757 animae,
1782 692 1944 746 habet

376 787 640 856 majorem
706 800 736 839 a
787 784 924 839 silva
976 782 1374 849 differentiam,
1430 799 1596 854 quam
1650 798 1716 839 ea
1775 798 1942 854 quam

366 879 537 933 habet
571 877 744 931 lilium
772 890 803 929 a
827 875 1019 946 spinis.
1046 874 1184 929 Nam
1218 876 1391 930 lilium
1419 875 1643 946 quidem
1679 876 1861 946 specie
1888 882 1945 930 et

374 967 541 1023 odore
594 976 753 1022 tenus
824 965 1246 1021 delectationem
1306 968 1487 1037 parit;
1566 967 1711 1037 pomi
1759 973 1942 1022 autem

372 1053 547 1130 gratia
583 1053 761 1107 tribus
796 1053 1050 1108 sensibus
1079 1061 1205 1123 apte
1247 1063 1301 1109 et
1341 1056 1732 1111 convenienter
1757 1056 1944 1111 distri-

290 1132 295 1139 ”
372 1146 579 1209 buitur,
621 1153 680 1198 ut
710 1160 832 1214 qua:
859 1155 911 1199 et
958 1146 1149 1201 oculos
1181 1145 1421 1201 delectat
1461 1150 1644 1218 specie
1693 1156 1942 1220 aspecta-

373 1235 490 1298 bili,
533 1242 588 1288 et
635 1235 780 1289 bono
828 1233 997 1289 odore
1031 1234 1294 1289 odoratus
1338 1250 1560 1291 sensum
1605 1244 1844 1301 recreat,
1890 1244 1943 1292 et

372 1324 559 1379 ell‘ecta
606 1325 1003 1380 nutrimentum
1051 1324 1339 1380 dulcedine
1376 1325 1539 1381 allicit
1588 1342 1808 1383 sensum
1843 1343 1946 1398 gu-

372 1422 513 1471 stus.
558 1413 729 1470 Recte
773 1430 903 1486 ergo
936 1415 1075 1469 vidit
1123 1431 1328 1485 sponsa
1360 1431 1483 1485 quae
1530 1416 1603 1471 sit
1650 1417 1734 1470 sui
1767 1431 1797 1468 a
1837 1414 1944 1469 Do-

373 1507 523 1560 mino
551 1505 882 1570 dill‘erentia,
928 1507 1185 1576 quoniam
1219 1507 1311 1562 ille
1342 1507 1562 1577 quidem
1604 1519 1660 1562 et
1692 1507 1852 1562 nobis
1884 1507 1944 1560 lit

374 1596 558 1651 lautitia
583 1598 889 1661 oculorum,
933 1605 994 1651 ut
1023 1598 1119 1667 qui
1157 1598 1214 1652 in
1250 1598 1331 1654 eis
1360 1599 1431 1654 sit
1458 1598 1572 1660 lux,
1600 1607 1649 1652 ct
1692 1613 1941 1668 unguen-

2043 514 2103 568 τδ
2135 514 2320 585 μῆλον,
2343 515 2372 568 ὃ
2392 514 2469 586 τῷ
2495 516 2591 586 μὲν
2608 515 2763 581 ξύλον
2793 511 2952 581 εἶναι,
2986 516 3085 581 τῆς
3114 516 3471 589 ἀνθρωπίνης
3499 519 3621 590 ὕλης

2043 606 2191 658 ἐστὶν
2231 605 2549 677 ὁμοούσιον·
2584 604 2885 676 ἐπειράσθη
2930 606 3037 676 γὰρ
3099 607 3241 659 κατὰ
3285 607 3472 663 πάντα
3511 610 3621 664 καθ’

2043 696 2338 767 ὁμοιότητα
2373 697 2540 768 χωρὶς
2590 696 2897 766 ἁμαρτίας·
2933 697 3009 767 τῷ
3045 697 3101 750 δὲ
3152 699 3400 754 τοιοῦτον
3442 702 3623 773 φέρειν

2043 787 2274 856 καρπὸν,
2298 786 2364 839 δι’
2386 780 2446 841 οὗ
2470 786 2815 854 γλυκαίνεται
2847 786 2915 840 τὰ
2940 789 3038 858 τῆς
3062 788 3241 860 ψυχῆς
3272 792 3622 865 αἰσθητήρια.

2043 878 2262 932 πλείονα
2309 877 2420 948 ἔχει
2471 876 2570 948 τὴν
2617 877 2754 948 πρὸς
2793 877 2882 930 τὸν
2932 877 3135 950 δρυμὸν
3187 880 3622 954 παραλλαγὴνή

2042 971 2174 1040 ὅσην
2210 969 2321 1040 ἔχει
2366 969 2502 1038 πρὸς
2534 967 2632 1031 τὰς
2663 968 2904 1031 ἀκάνθας
2926 967 2987 1021 τὸ
3013 969 3216 1038 κρίνον.
3263 970 3340 1023 Τὸ
3387 971 3495 1041 μὲν
3525 973 3625 1044 γὰρ

2040 1058 2225 1130 κρίνον
2248 1059 2409 1128 μέχρι
2433 1055 2527 1110 τοῦ
2567 1056 2739 1122 εἴδους
2772 1057 2868 1112 καὶ
2893 1057 2993 1128 τῆς
3023 1059 3277 1123 εὐπνοίας
3304 1060 3371 1112 τὸ
3402 1063 3625 1132 τερπνὴν

2043 1148 2179 1220 ἔχει.
2227 1150 2292 1201 Ἠ
2330 1148 2388 1202 δὲ
2418 1146 2513 1200 τοῦ
2552 1148 2722 1218 μήλου
2766 1148 2926 1220 χάρις
2963 1148 3100 1219 πρὸς
3138 1150 3237 1213 τὰς
3265 1155 3424 1219 τρεῖς
3450 1154 3626 1223 alget-

2045 1257 2158 1305 σεις
2189 1239 2460 1311 ἁρμοδίως
2483 1238 2929 1311 καταμερίζεται,
2962 1241 3056 1293 καὶ
3080 1239 3363 1311 ὀφθαλμὸν
3398 1243 3626 1313 εὐφραέο

2042 1347 2210 1386 νουσα
2240 1334 2306 1402 τῇ
2339 1330 2460 1403 ὥρᾳ
2480 1330 2575 1384 τοῦ
2613 1331 2806 1398 εἴδους,
2839 1331 2933 1385 καὶ
2961 1331 3059 1401 τὴν
3102 1332 3484 1405 ὀσφραντικὴν
3512 1336 3625 1401 ἡδύς

2044 1437 2208 1473 νουσα
2248 1421 2501 1491 αἴσθησιν
2549 1421 2637 1475 διὰ
2672 1421 2772 1491 τῆς
2816 1421 3090 1484 εὐπνοίας,
3131 1424 3225 1476 καὶ
3268 1424 3452 1497 τροφὴ
3492 1444 3625 1495 γινο-

2047 1509 2180 1580 μένη
2220 1510 2638 1578 καταγλυκαίνει
2667 1511 2734 1563 τὰ
2766 1511 3028 1579 γευστικὰ
3049 1513 3405 1587 αἰσθητήρια.
3443 1518 3625 1582 Καλῶς

2043 1596 2136 1654 οὖν
2158 1597 2295 1655 εἶδεν
2326 1603 2359 1672 ἡ
2398 1600 2581 1675 νύμφη
2611 1602 2673 1656 τὸ
2693 1604 2891 1674 ἑαυτῆς
2920 1605 3054 1676 πρὸς
3077 1606 3167 1659 τὸν
3196 1607 3486 1680 Δεσπὸτην
3517 1611 3623 1664 διὰ·

369 1697 485 1741 tum
518 1688 790 1751 odoratui,
821 1695 875 1743 et
912 1689 1021 1743 vita
1056 1689 1490 1744 comedentibus.
1529 1687 1673 1743 Nam
1701 1690 1791 1759 qui
1823 1705 1935 1743 eum

2075 1708 2209 1762 ›ορον
2235 1710 2247 1721 ·
2276 1693 2357 1745 ὃτι
2391 1693 2597 1755 ἐκεῖνος
2633 1692 2730 1763 μὲν
2773 1693 2930 1763 ήμῶν
2970 1695 3063 1748 καὶ
3089 1695 3387 1768 ὀφθαλμῶν
3427 1701 3623 1768 γίνεται

369 1780 672 1843 comederit,
716 1779 867 1846 vivet,
910 1780 1053 1834 sicut
1094 1780 1295 1835 alicubi
1330 1780 1462 1835 dicit
1491 1757 1840 1850 Evangelium
1871 1778 1935 1835 δι.

2075 1757 2227 1851 [ἀι-ρις,
2255 1779 2371 1850 φῶς
2391 1757 2691 1853 γινόμενος,
2847 1782 3016 1855 μύρον
3043 1787 3100 1837 ἐν
3122 1757 3186 1857 τῇ
3221 1757 3516 1861 ὀσφρήέει,
3542 1792 3625 1845 καὶ

372 1871 616 1926 Humana
658 1880 840 1926 autem
898 1880 1093 1926 natura
1149 1872 1387 1942 perfecta
1424 1888 1517 1941 per
1566 1872 1822 1936 virtutes,
1876 1872 1935 1926 lit

371 1964 489 2025 ﬂos.
529 1979 637 2018 non
680 1964 858 2019 solum
900 1964 1194 2033 agricolam
1250 1964 1519 2028 nutriens,
1561 1966 1655 2020 sed
1705 1963 1939 2034 seipsam

370 2072 664 2112 exornans.
718 2054 812 2111 Ille
855 2056 1000 2110 enim
1041 2070 1147 2110 non
1178 2058 1265 2111 est
1308 2056 1574 2111 bonorum
1622 2064 1939 2111 nostrorum

371 2164 559 2219 egens,
614 2147 709 2202 sed
766 2162 866 2201 nos
917 2148 1065 2203 illius
1113 2146 1275 2201 bonis
1318 2162 1561 2217 egemus,
1613 2147 1758 2203 sicut
1809 2146 1942 2202 dicit

370 2230 640 2305 Propheta
670 2234 714 2266 "
752 2249 765 2286 :
805 2235 1066 2300 Quoniam
1105 2233 1360 2289 bonorum
1395 2251 1628 2290 meorum
1672 2254 1772 2290 non
1804 2252 1938 2305 eges.

442 2515 729 2583 Propterea
780 2527 1043 2584 sponsum
1096 2511 1290 2581 aspicit
1347 2518 1572 2582 purgata
1612 2510 1817 2572 anima,
1877 2509 1935 2561 in

371 2607 532 2677 lignis
562 2606 712 2661 silvae
732 2603 882 2666 facta
911 2604 1149 2666 malum,
1185 2611 1243 2656 ut
1284 2615 1407 2656 cum
1474 2600 1579 2655 sibi
1645 2598 1943 2661 inseruerit

369 2713 558 2754 omnes
590 2706 835 2769 agrestes
894 2710 1079 2751 ramos
1136 2694 1306 2759 silvae,
1367 2690 1565 2747 elliciat
1612 2698 1673 2746 ut
1736 2689 1944 2745 similes

373 2790 585 2844 fructus
614 2788 940 2858 producant.
972 2785 1260 2853 Quomodo
1286 2790 1419 2855 ergo
1450 2783 1613 2847 tilias,
1646 2780 1792 2852 quod
1834 2780 1944 2834 sint

371 2881 542 2950 spinis
576 2878 809 2940 similes,
858 2877 1228 2932 intelleximus
1270 2875 1411 2929 filios
1447 2873 1621 2944 patris
1655 2872 1748 2943 qui
1805 2872 1945 2928 falso

371 2969 570 3023 dicitur
597 2986 611 3023 :
642 2982 764 3037 quae
793 2966 1014 3035 quidem
1053 2966 1216 3020 simul
1246 2980 1369 3019 cum
1401 2963 1535 3018 ﬂore
1563 2968 1786 3025 exortae,
1828 2977 1946 3031 pro-

264 3040 281 3061 ’
371 3072 531 3111 ccssu
569 3056 832 3125 temporis
861 3055 995 3124 ipsae
1031 3068 1250 3124 quoque
1296 3059 1583 3108 transeunt
1609 3052 1678 3105 ad
1714 3053 1942 3121 gratiam

372 3149 502 3204 lilii:
539 3148 612 3201 ita
642 3147 732 3200 hic
762 3160 980 3215 quoque
1009 3161 1133 3199 cum
1171 3143 1577 3198 audivissemus
1607 3142 1944 3197 assimilatos

371 3237 641 3309 ejusmodi
673 3236 834 3307 lignis
871 3237 1042 3300 silvae,
1094 3250 1205 3289 non
1253 3233 1696 3289 existimavimus
1737 3225 1947 3305 signiﬁ-

371 3331 484 3383 cari
515 3327 731 3384 amicos
798 3327 1009 3398 sponsi,
1047 3325 1141 3382 sed
1206 3323 1577 3390 adversarios,
1623 3339 1763 3393 quos
1818 3338 1946 3379 cum

372 3421 483 3474 sint
516 3419 607 3472 lilii
648 3420 994 3474 tenebrarum
1041 3426 1096 3472 et
1152 3417 1265 3479 irai,
1302 3430 1397 3485 per
1447 3412 1662 3469 fructus
1698 3428 1947 3468 commu-

370 3513 586 3566 nionem
632 3509 988 3565 transformat
1043 3508 1098 3562 in
1151 3507 1291 3562 lilios
1327 3506 1468 3560 lucis
1502 3516 1555 3559 et
1613 3504 1754 3561 lilios
1811 3504 1943 3559 diei.

371 3601 665 3671 Propterea
693 3600 828 3656 dicit
861 3598 1041 3653 anima
1065 3611 1186 3667 quae
1217 3609 1412 3653 sensus
1458 3593 1623 3650 habet
1675 3595 1948 3649 exercita-

371 3701 459 3749 tos
495 3711 509 3748 :
541 3691 769 3746 Fructus
809 3691 922 3760 ejus
970 3689 1141 3744 dulcis
1185 3690 1241 3743 in
1279 3696 1489 3757 gutture
1535 3703 1669 3741 meo.
1714 3686 1948 3742 Fructus

262 3788 279 3797 ‘
373 3789 554 3836 autem
589 3782 814 3835 omnino
855 3780 1105 3833 doctrina
1138 3784 1224 3833 est
1255 3773 1461 3839 :Quam
1495 3777 1672 3831 dulcia
1696 3792 1950 3847 tuamque

371 3873 576 3939 gutturi
604 3886 718 3924 meo
744 3870 953 3939 eloquia
991 3879 1103 3935 tua,
1134 3852 1313 3937 inquit
1333 3866 1624 3936 Propheta,
1656 3882 1821 3935 supra
1848 3866 1949 3920 mel

374 3963 456 4015 ori
502 3978 614 4014 meo
648 3960 1171 4016 ".——Utmalumin
1210 3959 1366 4028 lignis
1417 3960 1591 4021 silum,
1631 3960 1708 4013 sic
1738 3967 1950 4028 patrue-

376 4055 441 4105 lis
467 4068 611 4106 meus
644 4052 779 4105 inter
807 4050 967 4119 ﬁlios.
1010 4078 1080 4087 —
1111 4048 1219 4104 Sub
1270 4049 1458 4103 umbra
1491 4051 1605 4118 ejus
1659 4049 1951 4103 desideravi

317 4189 332 4202 ,
372 4149 422 4194 et
453 4139 586 4204 sedi,
615 4148 664 4193 et
696 4138 900 4208 [ructus
927 4137 1042 4205 ejus
1072 4136 1248 4190 dulcis
1279 4138 1334 4191 in
1373 4148 1582 4208 gutture
1614 4155 1745 4192 meo.
1795 4137 1950 4193 Tunc

374 4232 519 4285 enim
557 4246 681 4286 vere
707 4232 874 4286 verbo
896 4229 1085 4285 dulces
1114 4229 1250 4283 ﬁunt
1290 4245 1490 4286 sensus
1521 4230 1737 4297 animae,
1772 4246 1950 4301 quan-

375 4325 446 4378 do
480 4339 581 4377 nos
614 4324 682 4377 ab
709 4331 845 4379 mstu
876 4322 1239 4377 tentationum
1262 4323 1390 4376 mali
1421 4321 1614 4376 umbra
1655 4323 1947 4393 separavit,

2049 1869 2164 1942 ζωὴ
2197 1873 2312 1934 τοῖς
2330 1870 2621 1926 ἐσθίουσιν.
2666 1873 2718 1926 '0
2744 1874 2854 1945 γὰρ
2894 1876 3100 1947 φαγὼν
3129 1879 3339 1942 αὐτὸν,
3372 1879 3622 1947 ζήσεται,

2048 1960 2228 2024 καθώς
2254 1962 2385 2032 φησί
2414 1978 2515 2015 που
2537 1963 2598 2015 τὸ
2621 1964 2967 2033 Εύαγγὲλιον.
3010 1967 3073 2020 Ἡ
3096 1967 3150 2021 δὲ
3180 1969 3501 2045 ἀνθρωπίνη
3533 1975 3626 2043 qui-

2051 2069 2134 2114 σις
2161 2051 2226 2106 δι’
2268 2053 2471 2124 ἀρετῆς
2503 2053 2849 2108 τελειωθεῖσα
2871 2096 2885 2120 ,
2909 2056 3070 2121 ἄνθος
3102 2060 3313 2128 γίνεται
3337 2101 3353 2124 ,
3383 2064 3549 2133 μόνον
3573 2067 3627 2118 οὐ

2047 2144 2138 2197 τὸν
2180 2145 2422 2216 γεωργὸν
2450 2146 2743 2217 τρέφουσα,
2784 2149 2922 2204 ἀλλὰ
2958 2152 3157 2221 ἑαυτὴν
3187 2152 3626 2221 καλλωπίζουσα.

2050 2236 2124 2288 Ού
2150 2235 2259 2306 γὰρ
2309 2238 2517 2301 ἐκεῖνος
2560 2238 2743 2310 ἐνδεὴς
2769 2239 2879 2294 τῶν
2908 2243 3190 2313 ἡμετέρων
3231 2245 3486 2313 ἀγαθῶν,
3523 2249 3628 2301 ἀλλ’

2048 2327 2211 2396 ἡμεῖς
2246 2326 2355 2382 τῶν
2404 2328 2616 2382 ἐκείνου
2642 2329 2907 2401 δεόμεθα,
2939 2332 3120 2397 καθώς
3165 2351 3334 2407 φησιν
3366 2338 3395 2389 ὁ
3418 2339 3627 2411 Προφή-

2032 2433 2167 2487 ητης,
2201 2419 2330 2471 Ὅτι
2363 2417 2483 2472 τῶν
2514 2420 2753 2489 ἀγαθῶν
2777 2440 2898 2491 μου
2918 2425 2989 2477 οὐ
3022 2426 3235 2493 χρείαν
3258 2419 3445 2497 ἔχεις.

2118 2507 2218 2561 Διὰ
2248 2507 2406 2561 τοῦτο
2435 2509 2620 2579 βλέπει
2637 2512 2727 2563 τὸν
2754 2515 2981 2583 νυμφίον
3002 2517 3033 2586 ἡ
3054 2516 3447 2590 κεκαθαρμένη
3470 2520 3629 2591 ψυχὴ,

2052 2595 2223 2665 μῆλον
2247 2599 2305 2650 ἐν
2328 2599 2442 2660 τοῖς
2477 2598 2571 2652 τοῦ
2609 2599 2813 2671 δρυμοῦ
2853 2602 3026 2668 ξύλοις
3056 2607 3325 2677 γενομένη
3352 2623 3369 2639 ο
3399 2608 3496 2662 ἵνα,
3543 2612 3632 2678 ἐγ.

2048 2686 2376 2758 κεντρίσασα
2409 2690 2574 2761 ἑαυτῇ
2598 2691 2803 2755 πάντας
2829 2694 2956 2757 τοὺς
2987 2694 3211 2766 ἀγρίους
3238 2697 3336 2751 τοῦ
3353 2698 3633 2770 δρυμῶνος

2050 2777 2316 2841 κλάδους,
2352 2779 2431 2849 τῷ
2478 2781 2648 2851 ὁμοίῳ
2703 2783 2901 2855 καρπῷ
2974 2784 3158 2855 βρύειν
3214 2792 3632 2863 παρασκευάσῃ.

2054 2868 2264 2938 Ὥσπερ
2292 2868 2471 2922 τοίνυν
2502 2869 2600 2933 τὰς
2648 2870 2973 2944 θυγατέρας,
3009 2874 3099 2928 διὰ
3130 2876 3192 2928 τὸ
3220 2881 3345 2941 ταῖς
3372 2881 3634 2945 ἀκάνθαις

2048 2956 2399 3028 ὁμοιωθῆναι,
2434 2959 2504 3013 τὰ
2524 2961 2616 3013 τοῦ
2646 2961 2999 3034 ψευδωνύμου
3036 2968 3242 3038 πατρὸς
3270 2971 3635 3043 ἐνενοήσαμεν

2052 3047 2243 3099 τέκνα·
2263 3049 2460 3112 αἵτινες
2493 3048 2571 3120 τῷ
2598 3050 2749 3104 ἄνθει
2794 3054 3301 3128 συμπαραφυεῖσαι,
3357 3058 3437 3129 τῷ
3462 3062 3636 3130 χρόνῳ

2049 3139 2143 3191 καὶ
2165 3139 2325 3191 αὐταὶ
2348 3139 2486 3210 πρὸς
2512 3140 2609 3211 τὴν
2652 3141 2746 3195 τοῦ
2790 3142 2975 3214 κρίνου
3012 3145 3400 3213 μεταϐαίνουσι
3433 3149 3599 3221 χάριν
3619 3166 3632 3180 ·

2047 3230 2189 3284 οὔτω
2222 3231 2316 3285 καὶ
2345 3231 2580 3319 ἐνταῦθα
2617 3233 2745 3297 τοὺς
2788 3235 3286 3305 προσειωσθέντας
3313 3241 3424 3301 τοῖς
3460 3238 3637 3293 τοιού-

2046 3336 2160 3384 τοις
2213 3320 2388 3385 ξύλοις
2427 3320 2520 3375 τοῦ
2567 3322 2775 3394 δρυμοῦ
2818 3324 3174 3390 ἀκούσαντες,
3204 3327 3268 3379 οὐ
3316 3326 3639 3400 φίλους-ση-

2053 3411 2339 3481 μαίνεσθαι
2384 3412 2476 3466 τοῦ
2530 3414 2797 3482 νυμφίου,
2832 3414 2967 3468 ἀλλὰ
3021 3418 3149 3480 τοὺς
3204 3418 3484 3483 ἐναντίους
3529 3421 3638 3473 ὐπ-

2049 3503 2387 3573 ενοήσαμεν,
2422 3504 2516 3567 οὒς
2561 3505 2709 3568 υἱοὺς
2751 3504 2910 3568 ὄντας
2942 3504 3036 3559 τοῦ
3080 3507 3303 3572 σκότους
3342 3511 3440 3563 καὶ
3472 3511 3637 3565 τέκνα

2049 3592 2240 3664 ὀργῆς,
2275 3595 2342 3664 τῇ
2374 3594 2627 3666 κοινωνίᾳ
2652 3595 2746 3648 τοῦ
2789 3596 3002 3666 καρποῦ
3047 3598 3129 3661 είς
3158 3599 3308 3662 υἱοὺς
3336 3601 3517 3668 φωτὸς
3540 3603 3638 3655 καὶ

2052 3684 2202 3747 υἱοὺς
2234 3684 2446 3755 ἡμέρας
2482 3685 2899 3755 μετασκευάζει.
2930 3687 3029 3741 Διὰ
3062 3687 3218 3741 τοῦτό
3259 3706 3424 3759 φησιν
3458 3692 3494 3761 ἡ
3532 3708 3630 3759 γε-

2050 3776 2404 3846 γυμνασμένη
2435 3776 2500 3829 τὰ
2528 3776 2856 3848 αἰσθητήρια
2878 3777 3043 3849 ψυχὴ,
3076 3780 3157 3832 ὅτι
3186 3781 3427 3848 Καρπὸς
3447 3784 3635 3837 αὑτοῦ

2049 3865 2281 3935 γλυκὺς
2301 3866 2371 3919 ἐν
2412 3865 2492 3931 τῷ
2520 3866 2779 3938 λάρυγγί
2802 3887 2923 3937 μου
2946 3886 2958 3898 ·
3001 3871 3210 3941 καρπὸς
3230 3870 3286 3923 δὲ
3308 3873 3341 3941 ἡ
3375 3872 3636 3927 διδασκα-

2051 3956 2139 4009 λία
2189 3956 2405 4020 πάντως
2450 3957 2616 4011 ἐστίν.
2664 3958 2760 4024 Ὧς
2787 3959 3015 4028 γλυκέα
3038 3961 3351 4032 γὰρ,φησὶ,
3393 3962 3477 4028 τῷ
3530 3965 3640 4019 λό-

2043 4050 2222 4119 ρυγγί
2242 4069 2362 4121 μου
2385 4052 2457 4107 τὰ
2499 4053 2675 4131 λόγιά
2703 4071 2845 4119 σου,
2878 4057 2907 4109 ὁ
2946 4056 3265 4126 Προφήτης,
3292 4056 3452 4124 ὑπὲρ
3491 4059 3635 4127 μέλι

2049 4142 2135 4207 τῷ
2155 4145 2406 4212 στόματί
2428 4162 2568 4213 μου.
2588 4175 2657 4184 -
2679 4146 2776 4212 Ὠς
2803 4144 3008 4215 μῆλον
3027 4146 3108 4217 ,ἐν
3140 4145 3263 4212 τοῖς
3290 4146 3327 4209 ξ
3332 4148 3503 4213 15.10;;-
3527 4147 3633 4201 τοῦ

2051 4230 2300 4299 δρυμοῦ,
2353 4233 2541 4299 οὕτως
2585 4234 2911 4303 ἀδελφιδός
2955 4251 3076 4304 μου
3108 4234 3223 4289 ἀνὰ
3269 4236 3470 4304 μέσον
3516 4235 3635 4290 τῶν

2050 4317 2213 4372 υἱῶν.
2224 4352 2296 4364 -
2308 4322 2323 4343 '
2333 4325 2451 4379 Υπὸ
2463 4323 2576 4395 τὴν
2583 4327 2767 4380 σκιὰν
2775 4326 2963 4381 αὑτοῦ
2975 4327 3328 4398 ἐπεθύμησα
3339 4323 3443 4381 καὶ
3457 4325 3630 4379 ἐκάθ-

377 4422 578 4469 utnon
615 4415 684 4470 ab
719 4416 824 4469 hoc
868 4414 983 4470 sole
1038 4428 1266 4469 uramur
1315 4413 1407 4484 qui
1455 4412 1613 4468 ardet
1654 4413 1935 4468 imminent

2075 4427 2188 4475 σα,
2227 4411 2327 4465 καὶ
2373 4414 2405 4464 ό
2434 4413 2663 4480 καρπὸς
2699 4412 2886 4467 αὑτοῦ
2904 4414 3223 4484 γλυκὺςὲν
3264 4412 3344 4479 τῷ
3378 4414 3635 4483 λάριιγγί

374 4506 525 4559 nudo
550 4506 739 4574 capiti.
775 4505 893 4561 Non
921 4507 1055 4560 alias
1086 4517 1265 4561 autem
1298 4506 1428 4561 licet
1477 4506 1581 4561 sub
1612 4505 1803 4560 umbra
1861 4520 1949 4558 ar-

376 4594 531 4649 boris
558 4595 683 4648 vitm
712 4593 1049 4665 refrigerari,
1094 4610 1258 4665 quam
1288 4596 1334 4651 si
1394 4594 1669 4664 cupiditas
1729 4593 1796 4647 ad
1828 4608 1948 4649 eam

376 4686 664 4742 deduxerit
714 4688 974 4742 animam.
1020 4686 1189 4744 Vides
1243 4701 1346 4742 cur
1375 4686 1473 4741 tibi
1523 4686 1598 4741 sit
1644 4685 1811 4740 insita
1866 4687 1950 4741 vis

377 4778 819 4849 concupiscendi,
862 4794 1058 4848 nempe
1105 4787 1163 4834 ut
1220 4778 1319 4835 tibi
1357 4778 1508 4865 pomi
1552 4777 1754 4833 afferat
1799 4778 1951 4833 desi-

376 4870 612 4935 derium,
654 4884 718 4925 ex
759 4885 867 4944 quo
918 4871 969 4926 ei
1003 4870 1097 4940 qui
1161 4869 1610 4940 appropinquarit
1665 4869 1947 4938 multiplex

379 4960 605 5016 fruenda
637 4961 852 5017 exsistit
880 4963 1154 5030 voluptas.
1190 4958 1325 5014 Nam
1363 4968 1418 5016 et
1439 4961 1633 5015 oculus
1658 4968 1947 5016 recreatur

380 5053 694 5122 aspectabili
727 5053 1157 5123 pulchritudine,
1196 5060 1249 5106 et
1279 5066 1451 5107 nasus
1476 5051 1615 5106 bene
1649 5051 1947 5121 spirantem

378 5146 612 5216 percipit
641 5145 886 5210 odorem,
934 5153 989 5200 ct
1017 5160 1216 5215 corpus
1267 5145 1451 5207 alitur,
1484 5150 1539 5199 et
1567 5158 1630 5199 os
1660 5142 1952 5198 dulcedine

381 5240 634 5305 adicitur,
667 5246 721 5293 et
754 5250 923 5294 aestus
956 5237 1242 5299 avertitur,
1267 5246 1321 5292 et
1355 5224 1547 5291 umbra
1582 5236 1640 5289 lit
1673 5234 1830 5291 sedes
1857 5235 1951 5289 cui

382 5329 618 5385 insideat
645 5330 850 5393 anima,
884 5344 1005 5400 quae
1045 5327 1335 5397 abnegavit
1404 5326 1725 5383 cathedram
1781 5326 1952 5396 pesti-

384 5419 581 5474 lentiae.

2042 4517 2180 4570 μου.
2212 4501 2344 4555 Τότε
2369 4504 2478 4573 γὰρ
2515 4504 2731 4574 ἀληθῶς
2760 4505 3111 4573 γλυκαίνεται
3144 4505 3220 4576 τῷ
3256 4506 3402 4576 λόγῳ
3436 4506 3506 4559 τὰ
3533 4508 3632 4575 τῆς

2044 4593 2225 4664 ψυχῆς
2246 4593 2596 4665 αἰσθητήρια,
2634 4598 2762 4649 ὅταν
2793 4599 2944 4667 ἡμᾶς
2972 4596 3110 4668 πρὸς
3147 4597 3240 4650 τὸν
3274 4598 3341 4651 ἐκ
3366 4596 3481 4649 τῶν
3520 4614 3633 4649 πει-

2051 4686 2274 4757 ρασμῶν
2316 4685 2616 4757 φλογμὸνή
2654 4686 2780 4741 σκιὰ
2833 4686 2927 4741 τοῦ
2968 4688 3140 4758 μήλου
3189 4688 3519 4761 διατειχίσῃ,
3558 4688 3632 4749 ὡς

2053 4779 2127 4849 μὴ
2160 4778 2515 4847 συγκαίεσθαι
2549 4780 2699 4850 ἡμᾶς
2740 4780 2845 4833 ὑπὸ
2890 4779 2986 4833 τοῦ
3026 4780 3271 4834 τοιούτου
3319 4780 3494 4851 ἡλίου,
3535 4797 3634 4850 γυ-

2059 4869 2194 4939 μνῆς
2231 4869 2333 4939 τῆς
2374 4870 2615 4941 κεφαλῆς
2652 4869 3028 4943 ὑπερζέοντος.
3068 4874 3183 4926 οὑκ
3223 4872 3427 4926 ἔστιδὲ
3463 4872 3637 4934 ἄλλως

2056 4961 2161 5014 ὑπὸ
2188 4961 2285 5031 τὴν
2310 4962 2471 5016 σκιὰν
2498 4962 2592 5019 τοῦ
2628 4962 2783 5027 ξύλου
2803 4962 2904 5033 τῆς
2936 4963 3083 5034 ζωῆς
3112 4962 3405 5033 ἀναψύξαι,
3429 4963 3508 5035 μή
3538 4964 3635 5031 τῆς

2056 5049 2349 5120 ἐπιθυμίας
2391 5052 2526 5123 πρὸς
2557 5050 2716 5106 τοῦτο
2743 5052 2840 5123 τὴν
2884 5051 3063 5123 ψυχὴν
3093 5053 3421 5125 ἀναγούσης.
3474 5054 3635 5124 Ὁρᾷς

2057 5138 2145 5192 διὰ
2175 5139 2228 5192 τί
2261 5157 2340 5193 σοι
2372 5141 2404 5209 ή
2433 5140 2801 5212 ἐπιθυμητικὴ
2842 5140 3073 5212 δύναμις
3123 5143 3387 5211 ἔγκειται,
3417 5144 3509 5199 ἵνα
3553 5159 3633 5196 ac:

2060 5228 2223 5283 πόθον
2268 5232 2543 5304 ἐμποιήσῃ
2594 5231 2686 5285 τοῦ
2733 5231 2903 5302 μήλου
2928 5273 2943 5297 ,
2987 5227 3055 5287 ait
3096 5233 3381 5306 πολυειδὴς
3429 5235 3633 5304 γίνεται

2056 5323 2168 5384 τοῖς
2206 5323 2630 5393 προσεγγίσασιν
2662 5325 2694 5393 ή
2744 5324 3061 5387 ἀπόλαυσις.
3096 5325 3164 5377 Ὅ
3203 5342 3265 5378 τε
3301 5326 3413 5397 γὰρ
3439 5324 3633 5396 ὀφθαλ-

2063 5417 2160 5487 μὸς
2212 5417 2276 5486 τῇ
2320 5414 2438 5486 ὥρᾳ
2488 5416 2582 5469 τοῦ
2640 5416 2869 5481 κάλλους
2918 5418 3433 5490 προσαναπαύεται,
3482 5418 3569 5473 καὶ
3602 5420 3635 5470 ὁ

387 5508 603 5579 μυκτὴρ
626 5509 853 5561 ἀναπνεῖ
889 5508 985 5578 τὴν
1012 5507 1256 5571 εὐωδίαν,
1275 5509 1367 5561 καὶ
1388 5509 1448 5561 τὸ
1481 5508 1640 5579 σῶμα
1676 5507 1954 5579 τρέφεται,
1993 5508 2087 5561 καὶ
2134 5507 2195 5561 τὸ
2237 5506 2413 5576 στόμα
2458 5507 2828 5575 γλυκαίνεται,
2877 5509 2973 5564 καὶ
3010 5512 3039 5563 ὀ
3078 5510 3299 5566 καύσων
3367 5512 3632 5583 ἀποστρέ-

386 5615 561 5671 φεται,
579 5600 671 5651 καὶ
694 5599 729 5668 ἠ
747 5598 874 5651 σκιὰ
903 5598 1088 5669 θρόνος
1110 5598 1339 5666 γίνεται,
1426 5598 1723 5669 ἐγκάθηται
1748 5601 1780 5670 ή
1812 5598 1978 5671 ψυχὴ,
2020 5602 2051 5671 ή
2077 5600 2184 5653 τῶν
2219 5599 2419 5670 λοιμῶν
2442 5599 2542 5669 τὴν
2574 5600 2840 5673 καθέδραν
2867 5602 3239 5673 ἀρνησαμένη.

457 5713 903 5778 53llcbr.|v,15.
981 5713 1205 5771 “Joan.
1231 5731 1306 5784 νι,
1342 5718 1429 5772 58.
1507 5720 1551 5751 ³⁵
1576 5717 1719 5774 Psal.
1761 5735 1850 5786 xv,
1877 5718 1933 5774 2.
2010 5720 2055 5753 ⁸⁸
2078 5718 2223 5776 Psal.
2281 5735 2437 5787 xvul,
2474 5721 2559 5774 ll.
