3752 5984
101 315 215 381 845

1041 324 1108 380 ΙΝ
1145 324 1442 381 CANTICA
1477 316 1750 378 CANTIC.
1793 317 2073 377 HOMILIA
2118 323 2203 379 IV.

3256 324 3359 382 8w

172 430 314 494 Εἶτά
334 452 499 505 φησιν
518 453 530 467 ·
558 438 923 509 Εἰσαγάγετέ
938 455 1014 510 με
1038 442 1125 506 εὶς
1153 436 1323 494 οἷκον
1350 438 1456 493 τοῦ
1487 439 1686 498 οἴνου,

1866 436 2068 493 Deinde
2109 440 2239 495 dicit
2281 459 2295 494 :
2343 438 2664 494 lntroducite
2726 455 2807 494 me
2849 440 2911 493 in
2971 440 3160 495 cellam
3207 443 3359 497 vina-

97 525 326 590 τάξατε
347 526 439 580 ἐπ’
459 528 566 597 ἐμὲ
594 529 853 598 ἀγάπην,
879 529 1201 598 στηρίξατέ
1230 544 1311 600 με
1351 529 1421 583 ἐν
1459 529 1688 599 μύροις.

98 615 473 673 Στοιϐάσατέ
497 636 574 689 με
605 621 675 673 ὲν
701 619 955 688 μήλοιςο
978 619 1069 674 ὅτι
1097 621 1423 691 τετρωμένη
1456 618 1692 688 ἀγάπης

273 708 462 772 Ὅπως
482 708 652 780 τρέχῃ
678 709 755 779 τῷ
789 709 918 779 θείῳ
948 708 1131 780 δρόμῳ
1156 713 1189 780 ἡ
1220 710 1400 773 καλῶς
1431 710 1508 779 τῷ
1536 708 1691 776 ἵππῳ

99 799 572 870 προσεικασθεῖσα
608 800 796 871 ψυχὴ,
829 802 905 867 ὡς
946 806 1165 867 πυκνοῖς
1219 820 1279 856 τε
1322 802 1415 856 καὶ
1443 816 1690 854 συντετα-

102 891 295 959 μένοις
350 893 464 953 τοῖς
513 890 717 962 ἆλμασι
764 896 876 957 τοῖς
925 894 1232 965 ἔμπροσθεν
1279 892 1685 954 ἐπεκτείνεται,

99 981 244 1051 πρὸς
271 981 322 1033 δὲ
354 981 415 1034 τὸ
444 982 671 1036 κατόπιν
704 983 805 1036 οὐκ
835 985 1220 1054 ἐπιστρέφεται
1242 1000 1256 1015 ο
1280 983 1460 1036 πόσων
1503 982 1690 1052 ἔτυχεν

98 1074 159 1124 ὲν
214 1074 328 1135 τοῖς
361 1073 636 1139 φθάσασι·
658 1075 753 1128 καὶ
785 1074 865 1127 ἔτι
892 1074 1038 1146 διψᾷ.
1073 1075 1183 1129 Καὶ
1211 1073 1445 1145 τοσαύτη
1485 1073 1578 1127 τοῦ
1609 1073 1690 1127 δί-

97 1162 242 1230 ψους
272 1163 421 1216 ἐστὶν
451 1164 484 1235 ἡ
521 1164 790 1232 ἐπίτασις,
828 1166 911 1218 ὅτι
944 1166 1043 1219 οὐκ
1068 1168 1318 1237 ἀρκεῖται
1346 1165 1422 1237 τῷ
1451 1166 1548 1236 τῆς
1598 1181 1689 1218 σο-

99 1255 239 1320 φίας
261 1255 518 1325 κρατῆρι,
550 1257 657 1308 οὐδ’
693 1257 875 1310 ἱκανὸν
897 1257 1066 1311 οίεται
1105 1258 1242 1329 πρὸς
1279 1258 1573 1329 θεραπείαν
1592 1258 1691 1328 τῆς

97 1345 271 1416 δίψης
302 1345 424 1401 ὅλον
446 1346 736 1415 ὲγχέασθαι
762 1348 852 1403 τὸν
887 1350 1137 1421 κρατῆρα
1166 1348 1244 1419 τῷ
1284 1350 1510 1419 στόματι
1531 1365 1545 1380 ’
1576 1348 1688 1401 ἀλλ’

100 1438 186 1500 εἰς
212 1436 377 1491 αὐτὸν
413 1436 509 1489 τοῦ
532 1437 675 1489 οἴνου
709 1438 801 1491 τὸν
832 1437 977 1492 οἷκον
1019 1440 1361 1512 παραχθῆναι
1391 1440 1558 1510 ζητεῖ,
1596 1439 1689 1493 καὶ

99 1529 304 1590 αὐταῖς
326 1530 447 1590 ταῖς
489 1526 667 1599 ληνοῖς
693 1529 948 1599 ὑποσχεῖν
976 1530 1038 1583 τὸ
1068 1531 1261 1600 στόμα,
1286 1534 1404 1594 ταῖς
1436 1531 1528 1582 τόν
1548 1527 1689 1585 οἶνον

99 1617 198 1669 τὸν
231 1619 366 1687 ἡδὺν
414 1604 1011 1690 ὑπερὸλυζούσαιςξκαὶ
1065 1622 1191 1674 ἰδεῖν
1237 1624 1329 1677 τὸν
1376 1622 1570 1693 βότρυν
1598 1622 1688 1676 τὸν

99 1711 230 1771 ταῖς
263 1710 446 1779 ληνοῖς
491 1709 883 1782 ἑνθλιόόμενον,
914 1713 1007 1766 καί
1047 1713 1142 1784 τὴν
1191 1714 1436 1784 ἄμπελον
1475 1715 1687 1784 ἐκείνην

98 1799 206 1868 τὴν
233 1800 326 1852 τὸν
354 1800 595 1853 τοιοῦτον
640 1801 836 1873 βότρυν
864 1805 1252 1875 ἐκτρέφουσαν,
1287 1806 1380 1858 καὶ
1400 1805 1488 1857 τὸν
1518 1822 1691 1876 γεωρ-

100 1888 202 1954 γὸν
230 1889 334 1960 τῆς
363 1890 627 1961 ἀληθινῆς
675 1892 945 1962 ἀμπέλου,
980 1894 1074 1946 τὸν
1105 1893 1278 1958 οὕτως
1311 1893 1571 1965 εὕτροφον
1600 1893 1690 1947 τὸν

102 1980 309 2048 βότρυν
345 1983 440 2034 καὶ
460 1981 593 2051 ἡδὺν
623 1984 1068 2054 ἀπεργαζόμενον
1102 2003 1113 2015 ·
1141 1979 1214 2037 ὧν
1244 1985 1471 2039 ἕκαστον
1502 2002 1689 2056 περιτ-

97 2072 195 2124 τὸν
223 2071 292 2125 ἂν
318 2071 404 2142 εῐη
426 2072 865 2143 διευκρινεῖσθαι,
903 2092 1034 2144 φανε
1046 2079 1142 2147 ρᾶς
1161 2076 1323 2148 οὔσης
1344 2076 1444 2145 τῆς
1474 2078 1690 2147 ἑκάστῳ

98 2163 314 2217 τούτων
337 2163 775 2235 ἐνθεωρουμένης
824 2166 1113 2239 τροπικῆς
1138 2167 1431 2237 σημασίας.
1467 2168 1690 2229 Πάντως

98 2253 157 2306 is
186 2255 412 2307 κάκεῖνο
442 2253 689 2329 βούλεται
722 2255 957 2309 κατιδεῖν
987 2256 1047 2308 τὸ
1088 2257 1403 2325 μυστήριον,
1432 2255 1546 2319 πῶς
1573 2257 1691 2327 ἐρυ-

100 2342 392 2413 θραίνεται
438 2342 517 2412 τῷ
566 2343 792 2415 πατητῷ
843 2345 941 2414 τῆς
992 2345 1152 2415 ληνοῦ
1211 2346 1278 2398 τά
1314 2344 1407 2398 τοῦ
1456 2346 1687 2415 νυμφίου

100 2434 479 2504 ἱμάτια.Περὶ
503 2429 563 2488 οὗ
588 2451 752 2504 φησιν
793 2436 820 2487 6
863 2438 1178 2507 προφήτης,
1222 2438 1302 2489 ὅτι
1336 2436 1438 2490 Διά
1473 2436 1530 2489 τί
1571 2452 1688 2490 σου

98 2525 325 2595 ἐρυθρὰ
356 2524 429 2579 τὰ
470 2525 696 2594 ἱμάτια,
730 2528 825 2582 καὶ
863 2527 934 2581 τὰ
977 2512 1275 2597 ἐνδύμαῖά
1304 2542 1421 2582 σου
1454 2529 1533 2593 ὡς
1570 2529 1686 2582 ἀπὸ

98 2617 376 2682 πατητοῦ
431 2619 658 2684 ληνοῦ;
708 2619 807 2671 Διά
843 2620 1013 2673 ταῦτα
1045 2621 1137 2673 καὶ
1168 2620 1236 2673 τὰ
1274 2620 1494 2673 τοιαῦτα
1539 2619 1688 2683 ἐντὸς

98 2706 194 2759 τοῦ
229 2707 384 2759 οἴκου
415 2705 665 2775 γενέσθαι
700 2708 871 2774 ποθεῖ,
906 2710 961 2761 ἐν
988 2701 1031 2776 ᾧ
1054 2709 1114 2761 τὸ
1143 2709 1283 2763 κατὰ
1304 2710 1393 2762 τὸν
1413 2709 1550 2761 οἶνόν
1572 2710 1688 2761 ἐστι

102 2797 427 2868 μυστήριον.
470 2794 604 2850 Εἶτα
630 2799 780 2863 ἐντὸς
809 2801 1097 2870 γενομένη,
1128 2800 1288 2854 πάλιν
1310 2802 1403 2859 ἐπὶ
1425 2800 1485 2853 τὸ
1505 2799 1689 2871 μεῖζον

97 2888 578 2958 ὲξάλλεται.Ζητεῖ
595 2889 665 2956 γά
673 2907 703 2957 ρ
717 2889 777 2943 τὸ
794 2890 1126 2961 ὑποταγῆναι
1150 2894 1214 2963 τῇ
1237 2892 1443 2962 ἀγάπῃ.
1475 2892 1686 2962 Ἀγόιπη

96 2979 163 3049 δέ
176 2980 331 3032 ἐστιν
349 2981 377 3032 6
393 2980 543 3044 Θεὸς,
564 2978 703 3032 κατά
725 2982 822 3052 τὴν
852 2981 1093 3035 Ἰωάννου
1121 2983 1324 3055 φωνὴν,
1340 2977 1383 3051 ᾧ
1404 2985 1462 3037 τὸ
1487 2985 1688 3037 ὑποτα-

1793 531 1965 595 rt'am;
2003 531 2243 586 ordinate
2285 533 2337 586 in
2388 549 2469 587 me
2510 533 2842 587 charitatem.
2882 531 3090 588 Fulcite
3140 551 3220 588 me
3258 550 3361 588 tm-

1790 624 2031 692 guentis,
2063 623 2221 676 malis
2268 620 2439 677 torum
2476 624 2603 677 mihi
2640 624 2884 685 sternite,
2919 624 3045 692 quia
3086 640 3203 677 sum
3231 641 3360 678 sau-

1793 712 1935 764 ciata
1971 710 2293 766 dilectionis.
2328 711 2397 766 Ut
2417 711 2485 766 ad
2507 711 2752 766 divinum
2776 718 2964 766 currat
2992 727 3216 767 cursum
3238 728 3363 783 quas

1792 809 1940 856 recte
1979 801 2134 871 prius
2171 802 2327 870 equis
2361 802 2660 857 assimilata
2695 809 2779 857 est
2826 801 3030 865 anima,
3092 809 3354 871 tanquam

1792 892 2003 948 crebris
2041 899 2096 948 et
2125 892 2394 947 ordinatis
2425 893 2659 947 saltibus
2691 894 2755 946 ad
2791 893 3069 947 anteriora
3128 891 3359 946 tenden-

1792 984 1942 1038 tibus
1974 984 2307 1046 extenditur,
2335 983 2401 1037 ad
2435 983 2741 1055 posteriora
2774 992 2955 1037 autem
3003 998 3106 1037 non
3134 996 3363 1037 conver-

1791 1076 1944 1139 titur,
1980 1082 2244 1145 quantum
2302 1074 2431 1131 licet
2490 1074 2833 1145 occupando.
2872 1073 3177 1140 Quinetiam
3222 1075 3358 1129 sitit.

1794 1166 1981 1236 Usque
2019 1162 2154 1218 adeo
2191 1169 2372 1216 autem
2441 1174 2672 1238 augetur
2711 1165 2852 1232 sitis,
2893 1173 2952 1219 ut
2984 1181 3014 1219 e
3077 1163 3364 1234 sapientiae

1791 1265 2003 1312 cratere
2051 1272 2158 1312 non
2207 1258 2442 1323 hauriat,
2502 1272 2681 1327 neque
2735 1257 2802 1310 ad
2860 1255 3155 1312 sedandam
3212 1255 3361 1311 sitim

1792 1352 1924 1405 satis
1952 1365 2074 1405 esse
2103 1357 2273 1419 putet,
2308 1349 2356 1403 si
2388 1356 2560 1404 totum
2587 1334 2852 1404 craterem
2898 1350 2951 1401 in
2989 1364 3050 1403 os
3084 1346 3359 1412 infundat,

1791 1441 1885 1495 sed
1911 1446 2068 1509 rogat
2097 1447 2154 1493 ut
2199 1440 2502 1494 deducatur
2528 1439 2596 1493 ad
2628 1439 2801 1509 ipsam
2834 1440 3025 1492 cellam
3055 1439 3321 1492 vinariam
3345 1480 3360 1500 ,

1790 1538 1843 1584 et
1875 1530 2008 1600 ipsis
2038 1531 2407 1586 torcularibus
2430 1545 2493 1585 os
2519 1529 2798 1599 subjiciat,
2854 1536 2910 1583 et
2948 1529 3108 1583 dulce
3158 1528 3351 1581 vinum

1791 1628 2007 1675 scatens
2040 1620 2651 1690 aspiciat,botrumque
2679 1620 2769 1690 qui
2799 1619 3129 1689 exprimitur
3157 1620 3210 1672 in
3257 1631 3362 1672 tor-

1791 1711 2089 1776 cularibus,
2123 1721 2175 1766 et
2211 1713 2374 1766 vitem
2418 1712 2564 1766 illam
2598 1727 2719 1780 quae
2772 1711 2919 1765 hunc
2949 1713 3166 1765 botrum
3227 1712 3359 1774 alit,

1790 1811 1845 1857 ct
1878 1818 2016 1858 verm
2053 1802 2200 1859 illius
2253 1805 2380 1858 vitis
2414 1803 2732 1872 agricolam,
2765 1802 2858 1872 qui
2894 1802 3032 1857 adeo
3093 1801 3360 1870 optimum

1788 1905 1844 1951 et
1881 1909 2103 1951 suavem
2160 1892 2324 1949 efﬁcit
2355 1894 2596 1948 botrum.
2631 1893 2874 1959 Quorum
2932 1891 3362 1961 unumquodque

1791 1997 2256 2053 supervacaneum
2288 1983 2453 2038 fuerit
2483 1984 2778 2053 explicare,
2810 1998 2935 2037 cum
2965 1984 3037 2038 sit
3066 1982 3361 2039 manifesta

1790 2089 1913 2144 quae
1940 2072 1995 2126 in
2027 2088 2358 2143 unoquoque
2386 2087 2576 2127 eorum
2604 2073 2986 2128 consideratur
3028 2073 3237 2142 tropica
3286 2073 3362 2130 si-

1788 2164 2091 2240 gniﬁcatioa
2114 2163 2250 2217 Illud
2282 2171 2461 2218 autem
2501 2164 2725 2219 omnino
2764 2164 2881 2216 vult
2919 2163 3103 2219 videre
3142 2170 3361 2234 mystc-

1788 2258 1955 2321 rium,
1985 2254 2441 2324 quemadmodum
2481 2270 2684 2326 sponso
2720 2256 2954 2309 calcanti
2989 2256 3233 2310 torctIIar
3266 2273 3359 2311 ru-

1788 2348 1900 2403 brae
1939 2347 2070 2403 ﬁant
2104 2355 2302 2403 vestes.
2337 2346 2413 2403 De
2444 2362 2551 2418 quo
2579 2346 2710 2403 dicit
2749 2348 3010 2418 propheta
3042 2367 3053 2402 :
3092 2348 3264 2414 Quam
3295 2347 3357 2401 ob

1788 2457 1896 2495 rem
1939 2441 2101 2494 rubra
2131 2448 2252 2495 sunt
2281 2441 2590 2495 vestimenta
2644 2450 2755 2504 tua,
2785 2449 2836 2495 et
2886 2441 3190 2494 indumenta
3222 2442 3361 2494 situt

1788 2531 1852 2586 de
1876 2532 2080 2585 calcato
2111 2531 2365 2585 torculart’
2378 2532 2421 2563 ⁸⁷
2443 2530 2466 2583 ?
2494 2530 2722 2601 Propter
2739 2531 2852 2585 haec
2873 2539 2927 2585 et
2956 2545 3078 2600 qua:
3105 2538 3232 2585 sunt
3258 2529 3361 2582 hu-

1786 2623 2047 2692 jusmodi,
2111 2622 2263 2692 cupit
2323 2622 2533 2692 ingredi
2579 2622 2827 2687 domum,
2884 2623 2937 2675 in
2968 2637 3075 2691 qua
3105 2627 3190 2676 est
3246 2620 3358 2675 vini

1789 2714 2110 2784 mysterium
2147 2720 2216 2768 'ac
2244 2720 2670 2768 sacramentum.
2726 2711 2931 2767 Deinde
2981 2712 3250 2782 ingressa,
3290 2712 3358 2764 ad

1790 2804 1968 2874 majus
2023 2819 2218 2860 rursus
2274 2804 2481 2859 exsilit.
2520 2792 2697 2874 Rogat
2738 2805 2881 2859 enim
2945 2811 3001 2856 ut
3036 2802 3359 2873 subjiciatur

1789 2895 2068 2950 charitati.
2123 2894 2378 2950 Charitas
2437 2902 2614 2955 autem
2656 2903 2739 2950 est
2794 2894 2961 2956 Deus,
3014 2902 3074 2947 ut
3111 2909 3216 2947 vox
3274 2902 3359 2948 est

1788 2985 2018 3042 Joannis
2041 2988 2110 3050 ⁵⁸,
2147 2988 2233 3042 cui
2266 2988 2564 3056 subjectam
2599 3002 2722 3042 esse
2758 2987 3014 3050 animam,
3048 3001 3170 3041 esse
3211 2987 3358 3041 salu-

97 3070 267 3138 γῆναι
290 3068 388 3139 τὴν
419 3069 618 3139 ψυχὴν,
640 3070 910 3142 σωτηρίαν
933 3067 1068 3126 εἶναι
1101 3075 1128 3126 6
1153 3073 1315 3126 Δαϐὶδ
1349 3074 1685 3143 ἀπεφήνατο.

1856 3094 1898 3132 rn
1926 3077 2094 3133 David
2134 3080 2510 3150 pronuntiavit
2530 3081 2598 3131 δ’.
2624 3078 2892 3145 Quoniam
2934 3078 3181 3148 ingressa
3211 3094 3356 3142 sum,

109 3162 270 3214 Ἐπεὶ
297 3156 391 3213 οὖν
428 3160 846 3232 γέγονα,φησ“ιν,
880 3164 937 3215 ἐν
968 3161 1045 3232 τῷ
1084 3162 1217 3235 οἴκῳ
1250 3165 1342 3218 τοῦ
1370 3165 1683 3231 οἴνου,ὑπο-

94 3253 305 3320 τάξατε
334 3272 401 3323 με
428 3257 492 3326 τῇ
528 3256 737 3326 ἀγάπῃ,
776 3255 896 3326 ἤτοι
939 3256 1132 3321 τάξατε
1162 3259 1248 3311 ἐπ’
1280 3258 1380 3327 ἐμὲ
1422 3259 1521 3331 τὴν
1548 3259 1684 3326 ἀγά-

96 3364 232 3418 πην.
255 3347 447 3409 Ὅπως
465 3345 529 3400 ἂν
561 3348 740 3419 χρήσῃ
772 3350 836 3418 τῇ
871 3348 1181 3421 ἀναστροφῇ
1220 3349 1313 3403 τοῦ
1337 3351 1517 3419 λόγου,
1553 3353 1687 3404 ταύ-

94 3440 199 3493 τόν
226 3442 348 3492 ἐστι
374 3439 441 3491 δι’
467 3439 728 3511 ἐκατέρου
760 3439 819 3491 τὺ
843 3440 1262 3510 σημαινόμενον,
1287 3442 1350 3493 ἐκ
1388 3459 1448 3494 τε
1467 3442 1560 3495 τοῦ
1583 3442 1687 3495 ὑπὸ

92 3530 198 3602 τὴν
250 3531 472 3601 ἀγάπην
518 3530 801 3602 ταχθῆναι,
850 3533 945 3586 καὶ⁹
986 3531 1078 3585 τοῦ
1133 3532 1231 3604 τὴν
1282 3533 1503 3603 ἀγάπην
1548 3534 1684 3605 αὐτῇ

94 3622 483 3692 ἐπιταχθῆναι.
1154 3682 1173 3691 _

170 3714 246 3767 Ἦ
282 3713 422 3784 τάχα
459 3731 511 3767 τι
544 3714 638 3768 καὶ
670 3713 843 3783 δόγμα
876 3715 983 3767 τῶν
1020 3714 1380 3785 ἀστειοτέρων
1427 3714 1514 3767 διὰ
1555 3714 1686 3767 ταύ-

94 3823 200 3876 της
227 3809 332 3875 τῆς
360 3805 545 3874 φωνῆς
570 3805 952 3876 διδασκόμεθα,
982 3806 1099 3863 οἵαν
1128 3803 1436 3859 ἀνατιθέναι
1463 3807 1540 3875 τῷ
1568 3807 1687 3878 Θεῷ

92 3899 197 3968 τὴν
238 3897 459 3968 ἀγάπην
504 3899 788 3969 προσήκει,
837 3901 930 3952 καὶ
976 3899 1120 3962 ὅπως
1153 3897 1287 3969 πρὸς
1326 3898 1451 3961 τοὺς
1495 3898 1687 3962 ἄλλους

92 3990 265 4062 ἔχειν.
303 3990 375 4042 Et
403 3988 511 4058 γάρ
545 3989 648 4060 χρὴ
697 3990 876 4043 πάντα
922 3989 1060 4043 κατά
1085 3989 1238 4056 τάξιν
1284 3990 1376 4042 καὶ
1415 3989 1687 4059 εὐσχημό-

91 4098 208 4146 νως
231 4081 495 4150 γίνεσθαι,
524 4080 702 4151 πολλῷ
734 4082 930 4152 μᾶλλον
956 4084 990 4152 ἡ
1018 4081 1167 4148 τάξις
1204 4082 1263 4133 ὲν
1290 4084 1400 4145 τοῖς
1426 4081 1686 4144 τοιούτοις

93 4173 378 4245 ἁρμόδιος.
431 4173 504 4227 Οὐ
538 4174 647 4243 γὰρ
686 4173 751 4227 ἂν
794 4173 918 4227 οὔτε
964 4175 994 4225 ὁ
1037 4174 1175 4227 Κάῖν
1230 4156 1323 4227 ἐπὶ
1374 4172 1451 4244 τῷ
1502 4173 1686 4236 κακῶς

89 4263 295 4319 διελεῖν
330 4264 646 4335 κατεκρίθη,
676 4266 723 4318 εί
769 4264 905 4335 μετά
934 4264 1028 4318 τοῦ
1062 4264 1234 4336 ὀρθῶς
1277 4267 1680 4336 προσενεγκεῖν,

90 4352 191 4406 καὶ
224 4351 287 4405 τὸ
326 4354 536 4423 πρέπον
581 4355 639 4407 ὲν
680 4357 744 4425 τῇ
773 4353 924 4419 τάξει
975 4355 1270 4426 πεφύλαχε,
1298 4356 1404 4410 τῶν
1437 4356 1585 4427 αὐτῷ
1622 4374 1683 4410 τε

1790 3169 1988 3238 inquit,
2022 3169 2076 3222 in
2107 3170 2304 3225 cellam
2338 3169 2632 3229 vinariam,
2666 3167 2928 3238 sulijicite
2968 3184 3054 3224 me
3087 3168 3362 3231 charitati,

1790 3278 1885 3318 seu
1915 3262 2165 3317 ordinate
2212 3263 2267 3316 in
2327 3278 2410 3316 me
2466 3263 2817 3316 cbaritatem.
2853 3257 3360 3327 Quomodocunque

1789 3355 1936 3407 enim
1968 3354 2140 3408 utaris
2178 3354 2324 3408 verbi
2375 3340 2705 3416 inversione,
2763 3352 2904 3406 idem
2938 3361 3022 3405 est
3053 3349 3200 3419 quod
3228 3363 3354 3419 ~pcr

1789 3451 2080 3514 utrumque
2106 3445 2460 3516 significatur,
2494 3459 2691 3514 nempe
2728 3451 2783 3497 et
2837 3459 2900 3496 ex
2942 3457 3006 3496 eo
3041 3442 3189 3512 quod
3224 3442 3358 3495 sub-

1784 3536 1927 3604 jecta
1968 3536 2040 3590 sit
2079 3537 2331 3589 charitati
2353 3576 2367 3600 ,
2400 3541 2453 3591 et
2490 3551 2557 3591 ex
2586 3549 2652 3589 eo
2689 3533 2834 3603 quod
2864 3533 3103 3587 charitas
3129 3533 3177 3587 ei
3209 3533 3360 3585 ordi-

1790 3634 1966 3680 netur.

1856 3714 2011 3769 Nunc
2038 3725 2212 3769 autem
2235 3697 2288 3769 et
2313 3715 2509 3769 scitum
2534 3713 2752 3784 aliquod
2779 3712 2971 3783 dogma
2999 3729 3061 3768 ex
3088 3714 3189 3767 hac
3226 3731 3358 3771 voce

1790 3805 1930 3862 forte
1964 3805 2244 3871 docemur,
2279 3820 2471 3875 nempe
2510 3804 2817 3873 cuiusmodi
2857 3805 2928 3859 sit
2971 3803 3081 3859 Deo
3113 3805 3358 3859 tribuen-

1787 3901 1854 3956 da
1892 3900 2152 3963 charitas,
2182 3909 2235 3953 et
2281 3898 2740 3969 quemadmodum
2773 3900 2825 3952 in
2860 3913 2919 3953 se
2949 3898 3179 3953 invicem
3227 3898 3361 3953 aﬂ‘c-

1785 4000 1905 4047 ctos
1928 4006 2050 4046 esse
2075 3998 2343 4060 oporteat.
2388 3988 2445 4044 Si
2473 3993 2618 4045 enim
2659 3998 2876 4061 oportet
2940 3990 3119 4044 omnia
3166 3989 3360 4045 ordine

1785 4088 1840 4136 et
1870 4080 2097 4135 honeste
2124 4079 2265 4140 ﬁeri,
2306 4082 2478 4135 multo
2506 4081 2756 4151 magisin
2811 4081 2895 4136 his
2939 4088 3023 4136 est
3050 4080 3185 4135 ordo
3224 4097 3360 4136 con-

1786 4173 2030 4228 veniens.
2064 4170 2251 4243 Neque
2276 4173 2420 4226 enim
2462 4173 2861 4228 condemnatus
2890 4182 3037 4229 esset
3066 4174 3200 4229 Cain
3234 4190 3360 4242 pro-
3426 4198 3439 4208 -

1786 4273 1972 4337 pterea
2002 4264 2146 4332 quod
2176 4265 2317 4319 male
2348 4264 2691 4328 divideret“,
2725 4266 2769 4319 si
2795 4281 2918 4320 cum
2950 4280 3015 4320 eo
3043 4264 3187 4334 quod
3215 4274 3360 4320 recte

1785 4356 2093 4431 obtulisset,
2120 4355 2283 4410 etiam
2309 4354 2361 4408 id
2389 4356 2532 4423 quod
2565 4354 2723 4408 decet
2755 4355 2809 4408 in
2841 4355 3032 4410 ordine
3057 4365 3357 4419 servasset,

90 4443 234 4515 πρὸς
273 4444 464 4515 χρείαν
511 4445 1007 4517 καταλειπομένων,
1043 4448 1135 4500 καὶ
1173 4446 1280 4499 τῶν
1310 4447 1388 4517 τῷ
1431 4446 1548 4517 Θεῷ
1581 4448 1685 4516 ἀφ-

1856 4467 1900 4505 m
1932 4464 2121 4505 eorum
2167 4462 2288 4518 quae
2318 4447 2598 4501 restabant
2625 4446 2690 4499 ad
2738 4461 2919 4511 usum,
2958 4463 3121 4517 quam
3166 4461 3356 4502 eorum

90 4536 433 4606 ιερωμένων.
481 4536 611 4590 Δέον
647 4537 756 4609 γάρ
804 4539 868 4590 ὲκ
906 4537 1014 4591 τῶν
1059 4538 1288 4610 πρώτων
1332 4539 1685 4610 γεννημάτων

88 4626 171 4699 τῷ
201 4627 325 4697 Θεῷ
355 4626 452 4697 τῆς
482 4628 671 4692 θυσίας
699 4627 1065 4699 ἀπάρξασθαι,
1094 4629 1256 4692 αὐτὸς
1287 4629 1397 4683 τῶν
1431 4646 1480 4681 τι
1491 4629 1685 4700 μιωτέ-

92 4737 206 4787 ρων
239 4719 591 4790 ἐμφορηθεὶς,
617 4720 709 4773 τὸν
734 4720 865 4774 Θεὸν
892 4723 1005 4784 τοῖς
1042 4721 1313 4791 λειψάνοις
1346 4722 1680 4787 ἐδεξιώσατο.

91 4811 214 4882 Χρὴ
248 4809 427 4863 τοίνυν
471 4811 670 4864 εἰδέναι
709 4813 809 4882 τῆς
860 4812 1080 4884 ἀγάπης
1131 4812 1229 4884 τὴν
1273 4805 1445 4878 τάξιν,
1484 4814 1551 4884 ἢν
1579 4815 1682 4883 ὐφ-

89 4903 310 4971 ηγὲῖται
362 4898 451 4953 διὰ
478 4898 572 4953 τοῦ
605 4901 791 4970 νόμου,
821 4900 938 4965 πῶς
977 4901 1075 4971 μὲν
1111 4901 1423 4968 ἀγαπᾶσθαι
1450 4901 1554 4971 χρὴ
1585 4900 1677 4952 τὸν

87 4993 246 5055 Θεὸν,
273 4991 390 5056 πῶς
421 4991 477 5045 δὲ
508 4992 599 5045 τὸν
641 4992 887 5062 πλησίον,
917 4994 1012 5045 καὶ
1043 4993 1143 5061 τὴν
1167 4996 1420 5060 γυναῖκα,
1462 4995 1553 5046 καὶ
1587 4992 1677 5046 τὸν

86 5085 306 5156 ἐχθρὸν,
334 5086 544 5156 μήποτε
573 5084 803 5148 ἄτακτός
831 5102 915 5148 τις
938 5084 1031 5138 καὶ
1060 5083 1430 5154 ὲνηλλαγμένη
1457 5085 1677 5153 γένηται

85 5178 188 5248 τῆς
209 5178 435 5248 ἀγάπης
467 5179 500 5247 ἡ
535 5177 937 5249 ἀποπλήρωσις.
986 5180 1079 5230 Δεῖ
1113 5176 1221 5247 γὰρ
1257 5176 1387 5253 Θεδν
1417 5177 1512 5247 μὲν
1544 5177 1679 5245 ἀγα-

88 5269 196 5338 πᾷν
224 5268 284 5332 ἐξ
309 5268 438 5340 ὅλης
465 5267 691 5339 καρδίας
706 5285 766 5321 τε
799 5269 894 5322 καὶ
912 5268 1108 5338 ψυχῆς,
1145 5268 1237 5320 καὶ
1261 5268 1562 5336 δυνάμεως,
1586 5269 1680 5321 καὶ

86 5359 416 5430 αἰσθήσεως
437 5358 529 5411 τὸν
557 5358 614 5410 δὲ
632 5358 879 5428 πλησίον,
902 5359 974 5420 ὡς
997 5358 1206 5410 ἑαυτόν·
1227 5356 1327 5428 τὴν
1350 5357 1405 5410 δὲ
1423 5361 1676 5425 γυναῖκα,

88 5451 137 5503 εί
184 5450 284 5520 μὲν
335 5448 729 5519 καθαρωτέρας
762 5449 879 5501 ἐστί
923 5446 1121 5518 ψυχῆς,
1151 5447 1226 5511 ὡς
1258 5450 1285 5500 6
1318 5447 1550 5517 Χριστὸς
1579 5448 1678 5505 τὴν

100 5538 463 5611 Ἐκκλησίανο
503 5540 532 5591 6
569 5537 624 5591 δὲ
658 5536 1082 5609 ἐμπαθέστερος,
1113 5538 1188 5601 ὡς
1230 5537 1291 5591 τὸ
1328 5537 1455 5592 ἴδιον
1483 5536 1639 5607 σῶμα
1661 5554 1673 5567 ·

1782 4558 1904 4613 quae
1945 4541 2053 4595 Deo
2086 4539 2573 4594 consecrabantur.
2608 4537 2745 4595 Cum
2794 4538 2937 4592 enim
2974 4547 3251 4608 oporteret
3286 4554 3352 4593 ex

1782 4635 1849 4687 iis
1887 4646 2008 4702 qua:
2045 4629 2222 4698 primo
2252 4639 2377 4684 nata
2407 4635 2587 4694 erant,
2623 4628 2733 4684 Deo
2766 4629 2983 4685 divinas
3021 4629 3220 4685 oll‘crre
3242 4631 3355 4699 pri-

1783 4724 1983 4788 mitias,
2018 4722 2135 4791 ipse
2162 4722 2406 4792 repletus
2443 4720 2511 4775 iis
2552 4736 2673 4790 qua:
2716 4721 3238 4790 erantpretiosiora.
3274 4736 3359 4774 rc-

1783 4810 1969 4879 liquiis
2026 4808 2196 4863 Deum
2252 4810 2532 4880 excipiens
2575 4817 2658 4864 est
2722 4817 3070 4879 prosccutus.
3131 4808 3360 4878 Oportet

1783 4913 1912 4968 ergo
1954 4898 2097 4953 scire
2154 4898 2402 4954 ordinem
2451 4899 2775 4964 charitatis,
2828 4914 2990 4969 quam
3045 4914 3141 4968 per
3183 4901 3355 4969 legem

1783 4990 2026 5057 exponit,
2073 5004 2267 5059 nempe
2294 4991 2759 5060 quemadmodum
2792 4991 2958 5045 Deum
3000 4999 3249 5060 oporteat
3275 4992 3358 5045 di-

1782 5080 1972 5152 ligere,
2008 5087 2061 5135 et
2082 5095 2332 5147 uxorem,
2358 5088 2411 5136 et
2441 5083 2747 5147 inimicum,
2775 5099 2841 5137 ne
2878 5082 3014 5137 forte
3047 5083 3355 5138 inordinata

1782 5178 1837 5226 et
1868 5171 2084 5225 inversa
2129 5171 2222 5226 ﬁat
2258 5171 2542 5227 charitatis
2578 5173 2912 5244 adimpletio.
2953 5173 3176 5245 Oportet
3207 5175 3353 5230 enim

1786 5260 1953 5316 Deum
1990 5259 2208 5331 quidem
2241 5262 2467 5334 diligere
2521 5280 2585 5318 ex
2625 5272 2738 5319 toto
2776 5265 2940 5319 corde
2976 5273 3029 5321 et
3079 5266 3260 5319 anima
3302 5274 3356 5321 et

1781 5354 2021 5421 potentia
2052 5362 2105 5407 et
2133 5368 2337 5410 sensu:
2386 5356 2692 5425 proximum
2738 5368 2918 5413 autem
2962 5366 3218 5429 tanquam
3263 5376 3353 5417 se-

1780 5445 1956 5513 ipsum
1985 5465 1996 5499 :
2030 5454 2085 5500 et
2117 5461 2364 5511 uxorem,
2402 5448 2445 5502 si
2475 5450 2715 5519 purioris
2752 5451 2971 5522 quidem
3013 5461 3099 5508 est
3132 5454 3348 5517 animm,

1780 5538 1922 5593 sicut
1962 5538 2215 5595 Christus
2260 5538 2599 5609 Ecclesiam;
2655 5543 2739 5598 sin
2773 5552 2956 5601 autem
3020 5554 3105 5601 est
3155 5546 3353 5600 anima:

172 5723 215 5754 ⁸⁷
237 5721 347 5778 lsa.
372 5718 599 5782 “111,2.
677 5719 721 5750 ⁸⁸
743 5717 761 5769 1
784 5716 937 5772 Joan.
964 5732 1036 5782 tv,
1061 5716 1111 5771 8.
1189 5718 1233 5750 '9
1255 5717 1397 5775 Psal.
1417 5716 1599 5785 “1,2.
1678 5716 1722 5748 ⁸ο
1741 5715 1939 5772 Cenes.
1959 5730 2033 5781 tv,
2057 5715 2107 5771 Ἰ.
