3752 5984
419 336 529 391 ’847

1700 327 1756 384 S.
1792 324 2116 385 GREGORII
2155 323 2450 384 NYSSENI

3557 312 3707 372 ,848

411 448 592 520 paulo
630 446 802 518 magis
824 440 1074 501 obnoxiae
1103 442 1268 499 animi
1299 439 1823 513 perturbationibus,
1848 441 1993 498 sicut

2150 459 2236 495 ιτω
2265 441 2374 513 γὰρ
2403 438 2612 493 κελεύει
2646 439 2674 493 6
2703 438 2813 493 τῶν
2851 433 3102 491 τοιούτων
3123 434 3411 506 διατάκτης
3443 430 3708 496 Παῦλος.

428 554 628 608 corpus
677 539 980 606 proprium.
1015 534 1107 590 Sic
1143 536 1286 589 enim
1318 532 1470 603 jubet
1509 531 1603 602 qui
1626 531 1738 586 ιιειιρ
1777 531 1996 586 ordinat

429 626 632 681 Paulus
657 626 726 678 ⁸³.
765 624 1048 678 Inimicum
1083 633 1284 689 autem,
1317 623 1370 678 in
1391 637 1457 677 eo
1478 620 1624 692 quod
1663 635 1770 674 non
1803 620 1996 675 redda-

407 731 550 771 mus
583 715 786 769 malum
825 729 923 783 pro
962 713 1124 776 malo,
1176 712 1269 766 sed
1309 725 1408 780 pro
1446 709 1646 779 injuria
1691 707 1996 764 referamus

424 806 772 862 beneﬁcium.
806 803 963 858 Nunc
992 814 1173 857 autem
1227 801 1356 856 licet
1403 801 1588 857 videre
1625 799 1913 855 confusam
1943 807 1997 854 et

427 896 795 952 inordinatam
837 896 891 949 in
950 895 1139 949 multis
1188 893 1532 956 charitatem,
1576 907 1672 962 per
1709 906 1816 945 non
1861 905 1997 945 con-

406 999 707 1058 .gruentem
767 986 1256 1041 inconcinnitatem
1314 985 1548 1039 erratice
1625 982 1992 1037 incedentem.

424 1077 558 1132 Nam
577 1078 744 1148 aliqui
772 1077 990 1147 quidem
1023 1076 1305 1146 pecunias,
1329 1084 1385 1130 ct
1421 1075 1677 1137 honores,
1700 1081 1752 1127 et
1774 1088 1994 1138 uxores,

426 1169 479 1222 in
513 1184 612 1224 eas
665 1168 804 1224 forte
837 1167 1120 1222 ardentius
1151 1164 1353 1230 affecti,
1388 1180 1453 1218 ex
1507 1172 1622 1218 tota
1665 1164 1846 1218 anima
1871 1163 1996 1218 dili-

425 1268 559 1328 gunt
585 1267 639 1314 et
679 1259 811 1314 totis
840 1259 1072 1321 viribus,
1107 1266 1166 1311 ut
1189 1257 1353 1310 etiam
1379 1256 1615 1309 animam
1649 1270 1748 1325 pro
1795 1255 1875 1310 eis
1908 1271 1998 1309 ve-

430 1350 529 1402 lint
563 1346 1090 1417 .profundere:‘Deo
1133 1353 1400 1416 quantum
1454 1344 1703 1398 videtur:
1750 1345 1997 1414 proximo

429 1446 609 1493 autem
660 1438 750 1490 vix
788 1445 995 1490 tantam
1034 1434 1326 1490 ostendant
1376 1434 1701 1489 charitatem
1729 1474 1744 1499 ,
1791 1442 1996 1504 quanta

427 1531 656 1584 debetur
698 1528 959 1582 inimicis.
1013 1527 1070 1580 In
1102 1542 1196 1581 eos
1237 1533 1417 1580 autem
1457 1525 1550 1594 qui
1611 1525 1740 1578 odio
1795 1525 1997 1580 habent

349 1641 358 1655 ι
429 1623 546 1674 haec
585 1631 668 1675 est
710 1619 944 1681 aﬁ‘ectio,
979 1627 1038 1672 ut
1084 1617 1274 1687 majori
1317 1619 1460 1670 malo
1501 1616 1843 1670 ulciscantur
1871 1630 1994 1669 eum

429 1713 521 1781 qui
553 1711 704 1781 prior
732 1710 910 1764 affecit
944 1708 1164 1778 injuria.
1207 1705 1468 1762 Ordinale
1521 1721 1651 1777 ergo
1683 1707 1739 1760 in
1775 1721 1880 1769 me,
1915 1706 1996 1760 in-

2097 533 2199 587 Τὸν
2222 532 2413 604 ἐχθρὸν
2432 531 2496 585 ’δὲ
2530 532 2588 584 ἐν
2610 529 2688 601 τῷ
2718 529 2792 600 μὴ
2821 528 2991 583 κακὸν
3015 526 3318 582 ἀντιδοῦναι
3340 525 3533 596 κακῷ,
3566 524 3712 578 ἀλλά

2095 623 2162 676 δι’
2185 621 2501 692 εὐεργεσίας
2524 620 2622 691 τὴν
2644 619 2854 673 ἀδικίαν
2876 615 3232 688 ἀμείψασθαι.
3260 614 3375 668 Νῦν
3395 615 3455 668 δὲ
3491 631 3715 681 συγκε-

2097 712 2337 784 χυμένην
2363 711 2509 765 ἔστιν
2541 711 2665 764 ἰδεῖν
2691 710 2782 763 καὶ
2812 708 3045 763 ἄτακτον
3076 706 3169 760 ἐπὶ
3206 707 3315 760 τῶν
3343 705 3581 760 πολλῶν
3612 707 3714 774 τὴν

2097 808 2336 878 ἀγάπην,
2370 806 2455 860 διά
2483 808 2579 877 τῆς
2607 804 2978 875 ἀκαταλλήλου
3009 803 3376 874 ἀναρμοστίας
3401 801 3714 869 πεπλανη-

2101 899 2276 966 μένως
2326 896 2744 968 ἐνεργουμένην.
2803 895 2866 949 Οἳ
2915 896 3170 965 χρήματα
3221 893 3318 964 μὲν
3375 893 3471 946 καὶ
3527 891 3715 962 τιμὰς

2098 987 2191 1041 καὶ
2241 989 2536 1055 γυναῖκας,
2582 984 2648 1039 ἂν
2689 985 2892 1054 τύχωσι
2950 982 3279 1053 θερμότερον
3325 983 3466 1053 πρὸς
3523 982 3716 1043 αὐτὰς

2096 1078 2446 1148 διακείμενοι,
2478 1075 2536 1142 ἐξ
2566 1075 2694 1146 ὅλης
2725 1074 2902 1144 ψυχῆς
2929 1074 3023 1128 καὶ
3059 1073 3339 1142 δυνάμεως
3369 1074 3712 1142 ἀγαπῶσιν,

2097 1168 2170 1230 ὡς
2198 1169 2292 1220 καὶ
2319 1168 2417 1238 τὴν
2447 1165 2590 1236 ζωὴν
2619 1165 2684 1219 ἂν
2721 1165 2861 1236 ὑπὲρ
2888 1163 3064 1218 αὐτῶν
3094 1163 3347 1234 ἐθελῆσαι
3386 1165 3678 1236 προέσθαι
3697 1181 3712 1195 ·

2096 1258 2231 1312 Θεὸν
2259 1258 2314 1310 δὲ
2345 1255 2596 1310 τοσοῦτον
2629 1256 2753 1310 ὅσον
2787 1255 2990 1308 δοκεῖν·
3036 1253 3112 1323 τῷ
3156 1253 3214 1306 δέ
3261 1254 3493 1324 πλησίον
3543 1254 3710 1325 μόλις

2095 1349 2162 1404 ἂν
2194 1349 2554 1412 ἐπιδείξαιντο
2583 1347 2681 1419 τὴν
2709 1348 2820 1409 τοῖς
2865 1345 3079 1416 ἐχθροῖς
3130 1344 3519 1415 ἀφορισθεῖσαν
3561 1346 3714 1411 ἁγά-

2098 1455 2228 1508 πην.
2273 1438 2340 1489 Ἦ
2385 1437 2442 1490 δὲ
2489 1436 2624 1505 πρὸς
2650 1436 2803 1522 χτοὺς
2863 1431 3150 1503 μισοῦντας
3202 1430 3385 1522 σχέσις
3435 1431 3590 1494 ἐστὶ,
3629 1431 3713 1499 τῷ

2101 1527 2302 1600 μείζονι
2343 1527 2496 1597 κακῷ
2530 1526 2657 1589 τοὺς
2701 1523 3176 1596 προλελυπηκότας
3221 1521 3553 1592 ἀμύνεσθαι.
3599 1523 3713 1574 Τά-

2099 1621 2224 1686 ξατε
2249 1615 2361 1682 οὖν,
2395 1619 2576 1688 φησὶν,
2605 1619 2690 1670 ἐπ’
2722 1616 2823 1687 ἐμὲ
2861 1615 2959 1685 τὴν
2989 1613 3226 1684 ἀγάπην,
3253 1612 3394 1666 ὥστε
3427 1612 3557 1683 Θεῷ
3599 1612 3708 1681 μὲν

2097 1710 2403 1765 ἀνατιθέναι
2447 1711 2570 1762 ὅσον
2617 1707 2910 1776 ὀφείλεται,
2958 1705 3052 1758 ἐπὶ
3101 1705 3158 1757 δὲ
3206 1704 3314 1756 τῶν
3354 1703 3535 1758 ἀλλων
3572 1705 3713 1756 ἑκά·

429 1804 568 1874 quit.
603 1801 946 1863 charitatem,
985 1809 1044 1854 ut
1083 1799 1192 1854 Deo
1227 1808 1434 1853 tantum
1466 1799 1700 1852 tribuam
1733 1806 1996 1867 quantum

2150 1821 2248 1866 που,
2279 1801 2374 1854 τοῦ
2405 1801 2771 1872 προσήκοντος
2810 1798 3005 1868 μέτρου
3039 1797 3113 1867 μὴ
3137 1797 3454 1866 ἀστοχῆσαι.
3495 1798 3573 1849 Ἦ
3613 1796 3712 1847 καὶ

429 1896 679 1957 debetur,
714 1894 770 1947 in
811 1906 1136 1962 unoquoque
1157 1899 1339 1946 autem
1367 1891 1622 1955 aliorum,
1652 1889 1721 1944 ab
1740 1905 1804 1946 ea
1835 1905 1998 1960 quam

430 2002 529 2057 par
562 1995 645 2040 est
672 1999 928 2038 mensura
962 1999 1072 2037 non
1117 1983 1382 2036 aberrem.
1432 1985 1514 2035 An
1570 1981 1712 2036 forte
1751 1997 1848 2051 per
1896 1981 2001 2036 hoc

430 2084 593 2137 etiam
620 2082 746 2136 licet
788 2080 1106 2149 intelligere,
1138 2077 1285 2146 quod
1322 2075 1591 2142 Quoniam
1644 2091 1766 2144 quze
1826 2075 2002 2144 primo

435 2172 641 2227 fueram
685 2169 902 2234 dilecta,
954 2182 1050 2236 per
1073 2163 1503 2220 inobedientiam
1558 2164 1700 2219 inter
1752 2164 2003 2219 inimicos

434 2266 510 2318 fui
542 2272 788 2333 reputata
813 2299 828 2323 ,
865 2274 1011 2318 nunc
1044 2257 1112 2311 ad
1159 2256 1408 2312 eamdem
1441 2271 1663 2312 reversa
1722 2271 1843 2312 sum
1877 2272 2003 2327 gra-

434 2358 589 2418 tiam,
629 2370 722 2424 per
751 2352 1072 2406 cbaritatem
1127 2362 1332 2417 sponso
1389 2346 1710 2415 conjuncta,
1755 2362 1818 2400 ea
1859 2362 2007 2400 nunc

435 2447 598 2512 dicit,
624 2443 955 2500 Conﬁrmate
993 2440 1126 2495 mihi
1159 2438 1322 2508 hujus
1349 2437 1537 2508 gratiae
1567 2437 1921 2492 stabilitatem
1953 2447 2010 2492 et

439 2539 956 2597 immutabilitatem,
981 2549 1079 2588 vos
1114 2532 1279 2586 amici
1312 2531 1522 2600 sponsi,
1556 2530 1740 2586 studio
1771 2539 1840 2584 et
1881 2530 2010 2584 dili-

438 2632 620 2702 gentia
659 2629 792 2684 mihi
827 2633 1217 2684 conservantes
1248 2625 1675 2694 propensionem
1699 2621 1767 2677 ad
1787 2620 1841 2674 id
1863 2622 2010 2693 quod

440 2735 524 2780 est
557 2723 773 2779 melius.

513 2816 639 2870 Haec
668 2824 848 2870 autem
897 2827 1023 2868 cum
1063 2811 1308 2874 dixisset,
1365 2811 1565 2866 transit
1615 2803 1808 2865 rursus
1858 2809 1923 2863 ad
1959 2808 2012 2862 id

445 2907 590 2978 quod
617 2915 698 2962 est
736 2905 1034 2962 sublimius
1062 2923 1076 2958 :
1127 2903 1311 2957 fulciri
1352 2903 1552 2972 quippe
1576 2908 1733 2972 rogat
1765 2915 2015 2970 unguen-

447 3000 520 3051 tis
548 2997 613 3050 ad
641 2996 986 3050 obtinendam
1019 2994 1288 3048 bonorum
1321 2992 1653 3047 ﬁrmitatem.
1679 2989 1892 3044 ‘Fulcite
1913 3008 2013 3056 me,

449 3088 649 3156 inquit,
685 3085 981 3156 unguentis.
1015 3083 1060 3136 0
1098 3083 1447 3137 admirabiles
1467 3083 1752 3137 columnas
1796 3091 1850 3136 et
1876 3098 2016 3137 nova

451 3176 660 3230 fulcra!
703 3174 1172 3241 Quemadmodum
1230 3173 1370 3226 ﬁunt
1413 3179 1696 3243 unguenta
1753 3174 2020 3227 columna:

449 3265 690 3321 domus?
729 3263 1189 3334 quemadmodum
1228 3262 1545 3317 ﬁrmissima
1605 3263 1735 3316 tecti
1767 3270 2023 3316 constru-

452 3359 563 3412 clio
621 3356 815 3410 nititur
875 3355 1010 3409 bene
1070 3352 1300 3422 spiranti
1359 3351 1569 3406 odore?
1623 3351 1818 3405 Annon
1863 3351 2024 3418 plane

454 3449 801 3521 perspicuum
847 3457 951 3509 est,
992 3443 1137 3514 quod
1192 3458 1313 3514 qum
1361 3443 1715 3496 multifariam
1749 3455 1779 3494 a
1838 3441 2025 3496 multis

454 3548 781 3594 exercentur
845 3538 1099 3603 virtutes,
1158 3552 1259 3605 pro
1318 3535 1579 3589 varietate
1641 3532 2022 3602 operationum

453 3633 616 3687 etiam
641 3629 1041 3685 nominantur?
1076 3629 1250 3683 virtus
1279 3627 1424 3682 enim
1453 3633 1535 3682 est
1576 3639 1685 3678 non
1718 3624 1897 3680 solum
1929 3623 2026 3678 bo-

455 3739 584 3777 num
615 3722 834 3786 intueri,
870 3727 924 3774 et
953 3735 1075 3774 esse
1121 3719 1437 3788 participem
1465 3714 1588 3787 ejus
1619 3714 1767 3786 quod
1797 3722 1879 3770 est
1909 3729 2028 3769 me-

455 3816 584 3878 lius,
619 3813 713 3868 sed
752 3813 914 3867 etiam
951 3810 1446 3865 immutabilitatem
1491 3809 1546 3863 in
1598 3810 1743 3864 bono
1793 3822 2023 3863 conser-

454 3920 604 3958 vare.
637 3904 740 3968 Qui
771 3917 899 3972 ergo
943 3902 1055 3955 vult
1092 3900 1275 3954 fulciri
1335 3900 1647 3970 unguentis,
1687 3899 1885 3968 quaarit
1921 3895 2031 3952 sibi

458 3997 652 4050 adesse
685 3993 998 4046 ﬁrmitatem
1038 3991 1093 4045 in
1146 3992 1464 4046 virtutibus.
1520 3989 1712 4044 Virtus
1743 3989 1890 4043 enim
1947 3995 2032 4042 est

459 4093 821 4156 unguentum,
861 4083 1116 4154 quoniam
1163 4091 1247 4137 est
1295 4083 1546 4151 sejuncta
1605 4083 1674 4136 ab
1702 4081 1854 4136 omni
1890 4088 2033 4134 tetro

460 4179 632 4230 odore
657 4183 1028 4246 peccatorum.
1067 4173 1446 4228 Admirabitur
1479 4169 1656 4227 autem
1689 4173 1853 4226 etiam
1884 4171 2034 4240 quis-

461 4269 606 4339 piam
647 4267 1098 4336 consequentiam
1156 4280 1346 4320 eorum
1403 4280 1524 4334 quae
1576 4263 1721 4318 dicta
1762 4273 1907 4326 sunt,
1938 4277 2035 4332 per

461 4374 710 4430 quaenam
743 4361 895 4428 cupit
921 4356 1027 4412 sibi
1064 4354 1235 4412 sterni
1287 4355 1528 4410 domum.
1583 4355 1717 4408 Nam
1781 4356 1871 4410 hic
1925 4370 2034 4408 non

2103 1893 2258 1946 τοῦτο
2307 1892 2468 1962 τυχὸν
2515 1891 2660 1943 ἐστιν
2725 1888 3020 1957 ὑπονοῆσαι
3085 1886 3172 1940 διά
3223 1887 3317 1940 τοῦ
3376 1886 3570 1954 λόγου,
3623 1889 3711 1940 ὅτι

2102 1981 2322 2053 Ἐπειδὴ
2355 1981 2701 2051 ἀγαπηθείσα
2734 1979 2862 2049 περὶ
2880 1977 2977 2047 τὴν
3005 1975 3246 2048 πρώτην,
3276 1975 3365 2029 διὰ
3390 1977 3492 2045 τῆς
3520 1993 3711 2046 παρα-

2104 2075 2235 2145 κοῆς
2264 2076 2321 2127 ἐν
2345 2077 2453 2137 τοῖς
2485 2073 2697 2143 ἐχθροῖς
2726 2069 3030 2139 ἐλογίσθην,
3067 2069 3180 2121 νυνὶ
3206 2068 3263 2122 δὲ
3294 2067 3458 2121 πάλιν
3491 2068 3577 2130 εἰς
3607 2067 3710 2136 τὴν

2105 2164 2273 2236 αὐτὴν
2302 2163 2598 2234 ἐπανῆλθον
2626 2163 2806 2233 χάριν,
2831 2161 2897 2213 δι’
2933 2160 3154 2231 ἀγάπης
3193 2158 3272 2230 τῷ
3308 2159 3537 2229 νυμφίῳ
3574 2175 3707 2210 συν-

2107 2257 2474 2330 αρμοσθεῖσα·
2523 2256 2807 2327 κυρώσατέ
2867 2273 2992 2327 μοι,
3036 2255 3188 2325 φησὶ,
3221 2253 3280 2306 τὸ
3327 2254 3428 2323 τῆς
3478 2252 3708 2324 χάριτκ

2107 2349 2310 2421 ταύτης
2340 2349 2670 2420 τεταγμένον
2714 2347 2808 2401 καὶ
2856 2347 3432 2418 ἀμετάστατον,ὕμείς
3462 2347 3516 2397 οἱ
3560 2346 3709 2413 φίλοι

2109 2441 2202 2494 τοῦ
2230 2441 2482 2511 νυμφίου,
2518 2439 2584 2492 δι’
2611 2438 2924 2508 ἐπιμελείας
2957 2438 3050 2490 καὶ
3099 2437 3370 2508 προσοχῆς
3400 2435 3484 2506 τῷ
3519 2437 3708 2505 παγὶῳ

2113 2532 2508 2606 συντηροῦντές
2536 2549 2623 2602 μοι
2653 2533 2753 2602 τὴν
2790 2531 2926 2602 πρὸς
2953 2531 3011 2584 τὸ
3039 2532 3284 2601 κρεῖττον
3313 2532 3526 2602 ῥοπήν.

2184 2814 2366 2869 Ταῦτα
2396 2814 2452 2867 δὲ
2478 2813 2725 2876 εἰποῦσα,
2759 2814 2920 2868 πάλιν
2949 2815 3084 2885 πρὸς
3116 2815 3176 2868 τὸ
3209 2815 3544 2888 ὑψηλότερον
3583 2821 3711 2888 μέτ-

2115 2923 2249 2961 εισιο
2283 2905 2635 2978 στηριχθῆναι
2674 2905 2780 2977 γὰρ
2812 2906 2946 2978 πρὸς
2970 2909 3068 2978 τὴν
3097 2907 3203 2961 τῶν
3232 2908 3454 2976 ἀγαθῶν
3489 2910 3711 2980 βεϐαιό-

2115 3015 2255 3068 τητα
2297 3001 2409 3060 τοῖς
2460 2997 2648 3068 μύροις
2691 2994 2861 3068 ζητεῖ.
2910 2997 3235 3066 Στηρίξατέ
3260 3017 3367 3068 με,
3410 3003 3605 3072 φησιν,
3648 3003 3713 3053 ἐν

2115 3089 2346 3158 μύροις.
2380 3088 2442 3139 Ὢ
2463 3087 2778 3158 παραδόξων
2813 3089 2904 3141 καὶ
2942 3089 3142 3142 καινῶν
3169 3091 3516 3160 ἐρεισμάτων
3543 3093 3555 3144 !
3593 3093 3713 3154 Πῶς

2121 3176 2190 3228 τά
2232 3175 2376 3247 μύρα
2416 3176 2592 3229 στύλοι
2616 3176 2708 3230 τοῦ
2737 3177 2884 3230 οἴκου
2917 3177 3154 3246 γίνονται
3181 3196 3194 3244 ;
3233 3182 3354 3245 Πῶς
3385 3185 3452 3254 τῇ
3485 3185 3715 3254 εὐπνοῗᾳ

2121 3266 2182 3318 τὸ
2213 3266 2406 3334 πάγιον
2441 3268 2539 3336 τῆς
2582 3267 2674 3320 τοῦ
2721 3267 2917 3338 ὀρόφου
2963 3272 3308 3342 κατασκευῆς
3345 3273 3714 3344 διερείδεταις

2126 3358 2195 3408 Ἢ
2219 3356 2374 3426 δῆλον
2415 3357 2629 3421 πάντως
2670 3359 2840 3423 ἐστὶν,
2885 3361 2964 3414 ὃτι
3011 3361 3070 3414 τὸ
3111 3363 3219 3414 τῶν
3268 3364 3478 3434 ἀρετῶν
3525 3368 3716 3437 χρῆμα

2127 3448 2416 3512 πολυειδῶς
2446 3451 2502 3502 ἐν
2531 3451 2660 3520 ἡμῖν
2695 3449 3143 3522 κατορθούμενον,
3193 3455 3331 3508 κατὰ
3376 3456 3477 3520 τὰς
3523 3458 3714 3527 διαφο-

2130 3539 2228 3608 ράς
2263 3539 2371 3592 τῶν
2411 3540 2796 3610 ἐνεργημάτων
2841 3542 2933 3594 καὶ
2969 3542 3326 3612 ὀνομάζεται;
3372 3548 3569 3619 Ἀρετὴ
3611 3552 3715 3620 γάρ

2129 3631 2275 3684 ἐστιν
2305 3631 2363 3683 ού
2399 3630 2555 3701 μόνον
2581 3631 2643 3684 τὸ
2681 3631 2897 3701 βλέπειν
2927 3633 2987 3686 τὸ
3020 3635 3244 3702 ἀγαθὸν,
3275 3639 3368 3690 καὶ
3395 3639 3456 3691 τὸ
3489 3641 3550 3693 ἐν
3595 3659 3715 3712 μετο

2128 3720 2286 3790 ουσία
2330 3718 2423 3771 τοῦ
2459 3719 2769 3791 κρείττονος
2813 3720 3081 3789 γίνεσθαι,
3111 3722 3246 3776 ἀλλὰ
3303 3729 3396 3782 καὶ
3423 3728 3483 3782 τὸ
3513 3730 3719 3802 ἀμετά-

2135 3831 2344 3868 πτωτον
2396 3815 2453 3868 ἐν
2488 3814 2565 3885 τῷ
2617 3814 2770 3887 καλῷ
2825 3811 3204 3875 διασώζεσθαι.
3252 3813 3309 3866 Ὀ
3355 3814 3537 3867 τοίνυν
3592 3833 3715 3887 στη-

2137 3899 2380 3970 ριχθῆναι
2441 3897 2758 3968 βουλόμενος
2813 3901 2871 3954 ἐν
2923 3904 3036 3965 τοῖς
3097 3902 3319 3974 μύροις,
3371 3904 3434 3957 τὺ
3497 3905 3715 3974 βέϐαιον

2133 3994 2190 4044 ἐν
2238 3994 2357 4053 ταῖς
2401 3991 2620 4060 ἀρεταῖς
2669 3990 2817 4061 αύτῷ
2865 3993 3258 4061 προσγενέσθαι
3304 3994 3472 4066 ζητεῖ.
3521 3999 3713 4068 Ἀρετὴ

2133 4082 2240 4150 γάρ
2279 4082 2338 4134 τὺ
2384 4081 2572 4150 μύρον,
2617 4080 2749 4134 διότι
2782 4081 2962 4153 πάσης
3000 4083 3264 4147 δυσωδίας
3303 4087 3715 4158 ἁμαρτημάτων

2133 4170 2479 4241 κεχώρισται.
2514 4169 2820 4240 Θαυμάσειε
2858 4171 2901 4222 δ’
2936 4170 3000 4223 ἄν
3037 4187 3118 4234 τις
3154 4175 3248 4224 καὶ
3301 4174 3362 4227 τὸ
3407 4175 3518 4229 τῶν
3565 4183 3717 4248 εἰρη-

2138 4261 2316 4332 μένων
2351 4259 2660 4323 ἀκόλουθον,
2703 4259 2790 4312 διά
2838 4259 2998 4313 τίνων
3049 4263 3427 4334 στοιδασθῆναι
3452 4266 3544 4318 τὸν
3572 4265 3718 4323 οἷκιιν

2138 4351 2416 4421 ἐπιθυμεῖ.
2450 4352 2524 4404 Ού
2559 4351 2740 4421 βάτοις
2771 4352 2882 4404 τισὶ
2927 4352 3020 4405 καὶ
3061 4353 3342 4419 ἀκάνθαις,
3386 4358 3478 4410 καὶ
3521 4358 3714 4430 χόρτῳ,

463 4449 614 4502 rubis
643 4455 697 4502 et
737 4446 932 4516 spinis,
967 4452 1021 4499 et
1050 4444 1333 4510 stramine,
1365 4451 1421 4499 et
1455 4442 1759 4508 arundine,
1796 4451 1850 4498 et
1885 4442 2009 4498 feno

2150 4443 2231 4496 ιιαὶ
2267 4442 2486 4513 καλάμῃ
2524 4442 2749 4512 (μᾶλλον
2785 4441 2844 4494 δὲ
2880 4441 3060 4506 καθώς
3100 4461 3261 4514 φησιν
3305 4447 3333 4499 6
3379 4445 3714 4513 ’Δπόστολος,

464 4539 666 4610 quibus
692 4545 1087 4592 construuntur
1117 4536 1315 4591 domus
1347 4535 1648 4590 materiatae
1675 4556 1687 4591 :
1721 4537 1814 4590 sed
1837 4536 2033 4592 domus

466 4626 773 4684 sternendas
833 4627 1061 4681 materia
1119 4636 1245 4680 sunt
1278 4641 1458 4694 poma.
1520 4624 1771 4691 Sternile,
1832 4628 2034 4697 inquit,

465 4721 595 4774 mihi
627 4728 800 4772 larunt
854 4719 909 4770 in
948 4718 1126 4774 malis.
1178 4716 1244 4772 Ut
1293 4718 1366 4773 sit
1405 4718 1629 4772 omnino
1674 4719 1722 4773 ei
1773 4718 1864 4772 hic
1916 4717 2035 4773 fru-

465 4821 611 4876 etus,
637 4811 1011 4882 pulchritudo,
1045 4818 1405 4880 unguentum,
1437 4809 1690 4874 dulcedo,
1734 4811 2037 4866 nutrimen-

466 4914 606 4967 tum,
640 4918 736 4973 per
763 4902 1013 4956 umbram
1046 4899 1410 4969 refrigeratio,
1443 4901 1602 4956 sedes
1648 4901 1702 4955 in
1741 4917 1848 4970 qua
1882 4903 2038 4971 quie-

468 4996 684 5058 scitur;
717 4993 995 5053 columna,
1029 5005 1152 5060 qua:
1176 4989 1424 5044 stabilit:
1461 4998 1663 5046 tectum
1693 4991 1838 5061 quod
1885 4992 2035 5060 tegit.

469 5084 604 5140 Nam
633 5095 692 5137 ut
718 5081 1070 5152 pulchritudo
1108 5079 1326 5149 quidem
1367 5081 1610 5135 cernitur
1649 5095 1774 5135 cum
1822 5080 2041 5136 deside-

467 5176 572 5227 rio.
595 5179 655 5224 ut
683 5179 1020 5242 unguentum
1048 5168 1282 5223 delectat
1308 5167 1616 5233 odoratum,
1648 5178 1707 5224 ut
1736 5152 2042 5226 nutrimen-

471 5271 584 5316 tum
615 5259 951 5330 pingnefacit
971 5273 1192 5328 corpus,
1223 5265 1275 5313 et
1305 5257 1594 5314 dulcedine
1618 5257 1782 5313 aﬁicit
1802 5269 2043 5328 gustum,

473 5361 534 5405 ut
565 5350 757 5404 umbra
801 5349 1086 5420 refrigerat
1123 5357 1318 5404 aestum
1347 5365 1360 5402 :
1404 5356 1463 5401 ut
1496 5347 1656 5402 sedes
1710 5355 1926 5401 recreat
1960 5347 2041 5400 la-

473 5441 700 5495 borem:
735 5449 794 5492 ut
825 5439 1018 5495 domus
1050 5446 1255 5494 tectum
1283 5477 1298 5504 ,
1337 5438 1608 5508 inquilino
1642 5437 2041 5506 operimentum

477 5527 826 5594 suppeditat:
861 5538 921 5581 ut
968 5529 1220 5586 columna
1255 5529 1457 5599 praebet
1502 5528 2038 5587 immutabilitatem:

550 5701 591 5732 “
619 5701 818 5769 Epitcs.
842 5717 892 5764 v,
911 5702 1002 5754 Q5.

2136 4535 2195 4587 ού
2230 4533 2406 4601 ξύλοις
2451 4533 2545 4586 καὶ
2591 4532 2813 4606 καλάμῃ
2861 4533 2956 4586 καὶ
3007 4534 3230 4606 χόρτῳ),
3272 4531 3358 4600 οἷς
3406 4540 3454 4590 oi
3499 4539 3717 4604 ὑλώδεις

2135 4620 2274 4678 οίκοι
2318 4622 2843 4687 κατασκευάζονται*
2877 4623 3013 4678 ἀλλά
3063 4624 3248 4695 στοιϐὴ
3285 4629 3384 4697 τῆς
3427 4629 3522 4681 τοῦ
3571 4630 3714 4684 οἴκου

2139 4715 2336 4786 στέγης
2367 4715 2434 4767 τά
2467 4714 2610 4784 μῆλα
2638 4715 2866 4782 γίνεται.
2907 4715 3071 4784 Λέγει
3096 4715 3224 4788 γὰρ,
3259 4717 3623 4774 Στοιϐάσατέ
3644 4740 3715 4792 με

2137 4809 2208 4861 ἐν
2220 4807 2457 4876 μήλοις·
2479 4806 2563 4858 ἵνα
2583 4806 2804 4878 γένηται
2829 4807 3006 4860 πάντα
3032 4809 3090 4860 ἐν
3113 4810 3278 4862 πᾶσιν
3295 4811 3430 4881 αὐτῇ
3450 4813 3478 4863 6
3509 4817 3715 4885 καρπὸς

2139 4893 2312 4960 οὗτος,
2345 4895 2406 4948 τὸ
2433 4896 2647 4962 κάλλος,
2682 4897 2742 4949 τὸ
2774 4897 2964 4968 μύρον,
2999 4897 3376 4968 ὀγλυκασμὸς,
3409 4902 3442 4970 ἡ
3462 4904 3656 4974 τροφὴ,
3685 4907 3713 4974 ὴ

2140 4989 2226 5042 διὰ
2247 4989 2344 5055 τῆς
2369 4989 2525 5052 σκιᾶς
2545 4987 2825 5057 ἀνάφυξις,
2845 4991 2872 5041 6
2890 4989 3185 5043 ἀναπαύων
3210 4990 3417 5061 θρόνος,
3439 4993 3467 5044 6
3491 4992 3711 5061 βεϐαιῶν

2144 5080 2362 5146 στύλος,
2390 5081 2418 5132 6
2450 5079 2833 5144 ἐπισκεπάζων
2855 5080 3068 5151 ὄροφος.
3113 5082 3202 5145 Ὠς
3227 5082 3419 5146 κάλλος
3445 5084 3551 5155 γὰρ
3589 5086 3714 5155 μετά

2143 5169 2436 5240 ἐπιθυμίας
2460 5169 2670 5240 ὁρᾶται,
2702 5168 2776 5232 ὡς
2806 5168 2974 5240 μύρον
3004 5169 3184 5240 ἡδύνει
3213 5170 3308 5242 τὴν
3344 5170 3627 5243 ὄσφρησιν,
3649 5174 3713 5236 ὡς

2145 5260 2318 5334 τροφὴ
2362 5260 2565 5314 πιαίνει
2611 5259 2671 5311 τὸ
2724 5259 2884 5328 σῶμα
2923 5261 3018 5313 καὶ
3065 5261 3343 5330 γλυκαίνει
3384 5263 3484 5334 τὴν
3519 5264 3710 5332 γεῦσιν,

2147 5352 2224 5416 ὡς
2266 5350 2394 5405 σκιά
2448 5349 2748 5420 καταψύχει
2795 5350 2885 5403 τὸν
2926 5351 3179 5405 καύσωνα
3199 5393 3215 5418 ,
3259 5353 3335 5418 ὡς
3367 5353 3554 5425 θρόνος
3594 5357 3712 5408 ἀναο

2153 5441 2313 5495 παύει
2347 5440 2436 5494 τὸν
2470 5439 2635 5493 κόπον
2657 5455 2671 5468 ⁸
2709 5439 2785 5503 ὡς
2829 5440 2992 5512 στέγη
3025 5440 3118 5494 τοῦ
3146 5442 3315 5509 οτκου,
3341 5445 3518 5515 σκέπη
3547 5445 3620 5515 τῷ
3642 5447 3715 5498 ὲν-

2153 5531 2385 5587 οικοῦντι
2411 5531 2648 5600 γίνεται·
2677 5531 2752 5594 ὡς
2777 5531 2966 5596 στύλος
2993 5533 3220 5605 παρέχει
3241 5535 3301 5589 τὸ
3321 5536 3710 5607 ἀμετάπτωτον-
