3742 5986
42 155 164 212 349

1076 157 1138 215 IN
1177 155 1775 216 CANTICA.CANTIC.
1815 155 2096 212 HOMILIA
2136 155 2220 210 IV.

3201 150 3307 204 εει)

37 269 130 333 ὡς
162 268 408 339 ἐμφανὲς
441 267 608 340 μῆλον
642 269 866 341 ὼραῖζει
914 271 1005 325 τὸν
1052 271 1264 342 ὄροφον.
1312 272 1376 325 Τί
1415 271 1524 342 γὰρ
1572 265 1634 322 ἄν

1833 266 2034 321 malum
2065 264 2289 321 evidens
2318 238 2542 319 decbrat
2577 271 2798 318 tectum.
2835 262 3122 330 Quodnam
3157 264 3304 318 enim
3399 289 3405 297 -

45 377 137 424 τις
187 362 494 431 ἐπινοήσειε
543 361 1030 432 περικαλλέστερον
1061 362 1240 434 θέαμα
1273 357 1461 428 μήλων
1507 379 1635 415 συν-

46 450 281 512 θέσεως,
315 451 444 504 ὅταν
483 449 786 513 εὐδιάθετος
827 451 861 520 ή
907 447 1096 520 ὀπώρα
1131 449 1272 501 κατὰ
1314 451 1374 501 τὸ
1416 450 1637 519 συνεχὲς

47 541 142 607 ἐφ’
173 538 366 591 ύπτίου
405 538 546 602 τινὸς
579 538 714 609 πρὸς
746 536 915 608 αὐτὴν
941 534 1193 608 ἡνωμένη
1225 536 1368 591 κατὰ
1393 537 1490 610 τὴν
1516 538 1637 608 ὄψιν

50 630 428 695 ποικίλλεται,
479 628 572 682 τοῦ
633 629 978 700 ἐρυθήματος
1031 630 1128 699 τῆς
1182 630 1403 702 ὀπώρας
1464 647 1636 684 κατα-

54 721 391 791 μιγνυμένου
419 719 552 789 πρὸς
575 719 634 773 τὸ
667 718 982 774 ὑπόλευκον,
1006 718 1071 772 Εἰ
1094 720 1272 774 τοίνυν
1298 721 1521 775 δυνατὸν
1547 715 1636 791 ἦν,

51 811 114 875 ἐξ
146 809 404 862 ἐπιπέδου
435 807 544 862 τῶν
589 809 772 880 μήλων
817 808 964 861 θέσιν
1012 807 1218 862 ἄνωθεν
1263 809 1638 880 ἐπαιωρουμέ-

50 919 154 972 νην
199 899 466 972 ὁρᾶσθαι,
509 900 562 952 τί
599 899 664 953 ἂν
701 899 801 968 τῆς
834 897 1090 968 τοιαύτης
1129 897 1304 967 ὅψεως
1343 895 1411 969 ἦν
1441 899 1641 968 γλαφυ⁶

53 991 338 1062 ρώτερον;
370 991 544 1062 Ὅπερ
576 989 666 1042 ἐπὶ
705 989 804 1058 τῆς
843 987 1046 1058 νοητῶν
1086 986 1305 1056 ἀγαθῶν
1348 986 1641 1058 ἐπιθυμίας

51 1082 206 1132 ἐστὶν
235 1080 337 1132 ούκ
364 1078 641 1132 ἀδύνατον.
681 1076 755 1129 Ού
794 1076 902 1148 γὰρ
936 1075 1073 1145 βαρὺ
1113 1076 1214 1145 τῆς
1255 1074 1475 1146 ὀπώρας
1497 1076 1640 1130 ἐκεί-

50 1187 155 1239 νης
186 1168 252 1221 τὸ
284 1163 442 1230 εἶδος,
478 1165 599 1220 ούδέ
636 1167 715 1230 είς
743 1166 846 1234 γῆν
891 1165 1071 1234 βρίθον
1109 1165 1201 1217 καὶ
1226 1163 1639 1235 καθελκόμενον,

49 1257 193 1311 ἀλλὰ
225 1258 363 1327 πρὸς
398 1256 460 1309 τὸ
493 1255 625 1324 ὕψος
651 1255 750 1324 τὴν
784 1253 954 1325 ῥοπὴν
983 1256 1048 1306 ἐκ
1078 1252 1291 1323 φύσεως
1318 1252 1450 1324 ἔχει.
1491 1255 1644 1309 Ἀναο

49 1347 202 1415 qui);
228 1347 339 1416 γὰρ
364 1345 397 1415 ἠ
420 1343 609 1416 ἀρετὴ,
655 1343 748 1396 καὶ
786 1342 920 1412 πρὸς
953 1341 1015 1394 τὸ
1058 1340 1172 1394 ἄνω
1206 1340 1406 1411 βλέπει.
1449 1341 1539 1395 Διὸ
1565 1342 1642 1412 τῷ

47 1438 250 1492 κάλλει
299 1435 408 1490 τῶν
453 1434 706 1489 τοιούτων
741 1435 927 1505 μήλων
976 1432 1231 1502 ἐπιθυμεῖ
1267 1435 1299 1502 ὴ
1330 1432 1514 1503 νύμφη
1553 1434 1642 1486 τὸν

51 1531 262 1600 ὄροφον
311 1527 405 1581 τοῦ
453 1526 580 1579 ίδίου
627 1526 775 1578 οἴκου
823 1525 1230 1596 ἐνωραῖζεσθαι.
1278 1523 1352 1577 Οὐ
1401 1523 1507 1595 γάρ
1553 1540 1643 1593 μοι

1737 365 1916 428 potest
1979 356 2282 427 excogitari
2334 355 2620 426 pulchrius
2670 357 3087 424 spectaculum,
3137 370 3301 425 quam

1737 449 2004 502 malorum
2034 447 2381 517 compositio,
2422 446 2640 516 quando
2670 446 2808 500 bene
2854 445 3157 515 dispositus
3189 446 3306 499 fru-

1737 549 1859 594 ctus
1890 539 2236 594 continenter
2267 539 2322 593 in
2356 539 2542 609 aliquo
2571 537 2694 591 loco
2732 537 2896 607 plano
2941 545 2998 591 et
3050 535 3309 606 aequabili

1738 630 1842 686 sibi
1882 629 2092 694 unitus,
2145 637 2373 684 externa
2419 628 2602 698 specie
2646 625 2911 691 variatur,
2957 624 3156 679 rubore
3189 622 3305 676 fru-

1739 728 1862 777 ctus
1893 721 2138 776 admixto
2166 719 2385 775 cuidam
2417 718 2664 774 candori.
2713 717 2770 772 Si
2802 731 2932 788 ergo
2972 715 3090 770 ﬁeri
3123 720 3312 784 posset

1739 821 1800 867 ut
1823 814 1876 867 in
1901 812 2192 884 superﬁcie
2206 812 2470 866 collocata
2488 811 2751 864 malorum
2774 809 3019 878 positura
3034 807 3310 863 videretur

1739 903 1976 966 desuper
2008 903 2063 956 in
2095 902 2265 956 altum
2303 902 2540 960 sublata.
2573 901 2706 967 quid
2734 901 2838 955 hoc
2878 907 3101 969 aspectu
3136 896 3311 952 videri

1741 1001 1929 1063 posset
1959 991 2299 1062 elegantius?
2320 991 2475 1056 Quod
2508 991 2726 1060 quidem
2758 1005 2868 1044 non
2895 997 2979 1043 est
3011 985 3307 1058 ejusmodi,

1741 1092 1802 1137 ut
1830 1082 1948 1136 ﬁeri
1976 1097 2083 1136 non
2118 1082 2292 1150 possit
2342 1081 2395 1135 in
2432 1081 2707 1136 desiderio
2753 1082 3020 1135 bonorum
3059 1093 3180 1148 quae
3213 1091 3308 1131 ca—

1741 1173 1878 1226 dunt
1899 1172 2003 1226 sub
2033 1170 2469 1241 intelligentiam.
2496 1171 2682 1241 Neque
2712 1171 2856 1227 enim
2885 1177 2967 1224 est
2984 1183 3147 1238 grave
3178 1164 3309 1224 illud

1740 1278 1912 1333 genus
1958 1262 2202 1326 fructus,
2249 1277 2426 1331 neque
2480 1262 2538 1316 in
2601 1271 2802 1318 terram
2858 1275 3090 1331 vergens
3119 1275 3183 1314 ac
3216 1259 3313 1313 de-
3380 1322 3387 1336 ι

1741 1366 2016 1422 pressum,
2069 1351 2165 1404 sed
2196 1356 2391 1418 suapte
2422 1357 2618 1403 natura
2651 1363 2871 1404 sursum
2903 1347 3112 1401 fertur:
3149 1345 3313 1415 erigit

1742 1442 1889 1496 enim
1919 1456 2041 1497 sese
2063 1441 2264 1506 virtus,
2299 1449 2354 1496 et
2387 1441 2443 1495 in
2487 1441 2657 1494 altum
2687 1430 2908 1508 aSpicitI
2936 1437 3308 1503 Quamobrem

1743 1533 1940 1587 horum
2001 1532 2271 1586 malorum
2331 1529 2744 1601 pulchritudine
2795 1529 3073 1583 desiderat
3112 1541 3314 1597 sponsa

51 1621 221 1673 τοῦτο
269 1620 414 1673 δοκεῖ
459 1617 598 1672 κατὰ
630 1617 692 1670 τὸ
733 1617 1139 1689 προηγούμενον
1181 1614 1263 1687 τῷ
1293 1615 1436 1684 λόγῳ
1480 1633 1641 1668 σπου-

1813 1637 1854 1677 aa
1881 1621 2079 1676 domus
2128 1631 2329 1676 teetum
2364 1621 2635 1677 decorari.
2670 1619 2788 1673 Non
2821 1619 2964 1678 enim
2999 1618 3131 1672 mihi
3166 1617 3316 1671 vide-

49 1711 342 1775 δάζεσθαι,
375 1710 448 1773 ὡς
483 1708 721 1779 ἐμφανές
771 1725 825 1760 τι
862 1707 1044 1778 θέαμα
1081 1706 1167 1760 διὰ
1191 1706 1291 1777 τῆς
1316 1707 1423 1759 τῶν
1454 1707 1640 1777 μήλων

53 1802 368 1863 συνθέσεως
420 1801 512 1852 ἐπὶ⁵
563 1800 660 1869 τῆς
702 1799 917 1870 στοιϐἦς
965 1797 1214 1868 ὁρᾶσθαι.
1261 1797 1356 1860 Τίς
1407 1797 1516 1865 γὰρ
1573 1797 1640 1850 ἂν

50 1895 275 1961 γένοιτο
316 1892 402 1944 διὰ
435 1891 638 1944 τούτων
687 1890 821 1961 πρὸς
872 1889 1071 1960 ἀρετὴν
1121 1889 1332 1960 όδηγία,
1373 1890 1422 1942 εἰ
1462 1889 1535 1960 μή
1589 1907 1641 1942 τι

50 1984 242 2054 νόημα
269 1983 377 2036 τῶν
408 1982 756 2052 ὠφελούντων
781 1982 928 2052 ἡμᾶς
961 1981 1047 2051 εἴη
1081 1981 1192 2044 τοῖς
1220 1981 1526 2052 εἰρημένοις
1556 1983 1642 2034 ἐν·

49 2075 437 2149 θεωρούμενον
468 2093 484 2142 ;

129 2255 196 2306 Τί
227 2249 320 2305 οὖν
351 2254 499 2305 ἐστιν
540 2251 568 2304 6
605 2251 929 2321 εἰκάζομεν;
978 2251 1034 2302 '(l
1072 2250 1130 2303 ἐν
1167 2248 1244 2318 τῷ
1276 2247 1514 2319 δρυμῶνι
1545 2249 1643 2318 τῆς

53 2345 278 2413 φύσεως
313 2342 470 2413 ήμῶν
515 2341 619 2394 ὑπὸ
660 2340 1066 2411 φιλανθρωπίας
1102 2338 1530 2408 ἁναδλαστήσας,
1557 2337 1644 2390 διὰ

53 2436 155 2489 τοῦ
214 2435 503 2505 μετασχεῖν
552 2434 750 2503 σαρκός
789 2449 846 2484 τε
896 2433 988 2484 καὶ
1038 2431 1284 2500 αἵματος,
1323 2428 1490 2498 μῆλον
1523 2428 1644 2496 ἐγέ-

54 2541 202 2578 νετο.
237 2523 380 2594 Πρὸς
433 2522 690 2593 ἑκάτερον
734 2521 842 2591 γὰρ
886 2520 1086 2573 τούτων
1133 2519 1278 2572 ἔστιν
1319 2519 1443 2571 ἰδεῖν
1488 2519 1546 2571 ἐν
1575 2520 1642 2588 τῇ

52 2609 256 2680 ὀπώρᾳ
286 2608 456 2679 ταύτῃ
489 2609 578 2661 διὰ
604 2609 702 2677 τῆς
730 2609 916 2678 χροιᾶς
970 2607 1067 2677 τὴν
1108 2607 1384 2677 ὁμοίωσιν.
1431 2607 1520 2676 Τῷ
1548 2607 1645 2677 μὲν

55 2703 170 2770 γὰρ
204 2701 683 2770 ὑπερλευκαίνοντι
712 2691 968 2770 ’μιμεῖται
1017 2698 1113 2769 τὴν
1155 2699 1254 2769 τῆς
1283 2697 1479 2768 σαρκὸς
1524 2698 1646 2751 ἰδιό-

54 2810 225 2861 τητα,
258 2792 320 2844 τὸ
344 2791 399 2844 δὲ
432 2791 908 2862 ἐπικεχρωσμένον
931 2789 1178 2860 ἐρύθημα
1207 2789 1480 2857 συγγενῶς
1505 2788 1646 2858 ἔχειν

58 2882 203 2952 πρὸς
233 2882 332 2952 τὴν
367 2880 459 2934 τοῦ
493 2881 721 2950 αἵματος
750 2880 908 2950 φύσιν
937 2880 1021 2932 διὰ
1048 2879 1141 2932 τοῦ
1172 2879 1343 2942 εἴδους
1379 2878 1649 2949 μαρτύρε-

1741 1720 1829 1766 tur
1850 1712 2156 1783 principale
2181 1711 2334 1767 verbi
2375 1712 2482 1766 hoc
2497 1725 2620 1766 esse
2645 1709 2886 1765 studium
2908 1708 3312 1772 etinstitutum,

1743 1811 1802 1857 ut
1831 1803 2052 1873 aliquod
2089 1803 2238 1858 humi
2297 1811 2528 1857 stratum
2562 1800 2886 1856 ostendatur
2941 1798 3314 1868 spectaculum

1740 1909 1840 1962 per
1885 1895 2157 1948 malorum
2207 1893 2680 1962 compositionem.
2721 1889 2979 1956 Quaenam
3038 1889 3182 1944 enim
3218 1902 3314 1956 per

1743 1986 1859 2040 haec
1889 1993 2036 2040 esset
2063 1989 2205 2039 ratio
2241 1983 2478 2039 ducendi
2529 1983 2596 2037 ad
2648 1983 2905 2036 virtutem
2931 2019 2946 2046 ,
2993 1980 3100 2035 nisi
3134 1978 3316 2048 aliqua

1741 2076 1902 2131 nobis
1929 2076 2219 2131 utilitatem
2249 2073 2484 2130 aﬂerens
2519 2075 2885 2145 intelligentia
2931 2071 3316 2128 considerare-

1741 2173 1830 2220 tur
1859 2166 1915 2218 in
1947 2165 2014 2220 iis
2041 2179 2164 2236 qum
2200 2164 2354 2218 dicta
2385 2163 2560 2218 sunt?

1813 2254 1956 2321 Quid
1971 2263 2055 2310 est
2082 2270 2211 2324 ergo
2228 2255 2375 2324 quod
2397 2251 2758 2322 conjicimus?
2777 2250 2882 2318 Qui
2911 2252 2965 2306 in
2990 2259 3194 2306 nostra)
3222 2266 3319 2304 na»-

1743 2355 1878 2400 turze
1938 2345 2074 2400 silva
2122 2344 2451 2414 germinavit
2505 2352 2728 2412 propter
2765 2357 2920 2396 suam
2955 2341 3010 2394 in
3065 2340 3329 2394 homines

1745 2435 2203 2496 benevolentiam,
2240 2450 2306 2488 ex
2337 2449 2404 2488 eo
2433 2432 2580 2503 quod
2608 2430 2712 2486 fuit
2737 2431 3010 2500 particeps
3046 2429 3232 2484 carnis
3265 2437 3320 2484 et

1745 2527 2051 2597 sanguinis,
2087 2525 2265 2580 factus
2315 2533 2399 2580 est
2428 2525 2652 2596 malum.
2710 2523 2792 2578 Ad
2842 2529 3134 2590 utrumque
3173 2520 3320 2574 enim

1745 2633 1938 2673 eorum
1968 2618 2095 2671 licet
2142 2616 2327 2670 videre
2367 2615 2420 2668 in
2457 2614 2560 2668 hoc
2591 2612 2774 2667 fructu
2810 2627 2909 2682 per
2945 2611 3194 2665 colorum
3231 2623 3322 2662 as-

1747 2710 2157 2766 similationem.
2213 2707 2349 2760 Nam
2380 2707 2619 2777 quodam
2659 2705 2878 2774 quidem
2926 2701 3167 2757 candore
3203 2700 3324 2754 imi-

1745 2809 1896 2855 tatur
1924 2801 2108 2855 carnis
2147 2800 2551 2870 preprietatem
2583 2817 2596 2852 :
2632 2799 2682 2852 ei
2719 2807 2898 2850 autem
2939 2795 3112 2849 illitus
3151 2793 3321 2848 rubor

1747 2906 1842 2960 per
1891 2905 2046 2945 suam
2087 2897 2320 2944 testatur
2365 2888 2603 2958 speciem
2658 2903 2718 2942 se
2767 2885 3060 2956 quamdam
3118 2883 3324 2937 habere

54 2991 173 3026 ται.
204 2972 374 3024 Ὅταν
401 2969 578 3022 τοίνυν
601 2971 634 3041 ή
665 2969 982 3040 ἐντρυφῶσα
1003 2971 1113 3030 τοῖς
1146 2967 1308 3031 θείοις
1339 2967 1481 3038 ψυχὴ
1504 2966 1643 3021 κατὰ

1816 2983 2126 3052 gnationem
2154 2996 2278 3036 cum
2309 2989 2508 3034 natura
2540 2979 2847 3048 sanguinis.
2879 2975 3037 3042 Quod
3066 2990 3197 3043 ergo
3231 2988 3322 3027 re-
3402 3017 3406 3020 .

56 3067 163 3135 τὴν
197 3063 396 3133 στέγην
427 3061 629 3130 ταύτην
662 3060 877 3131 βλέπειν
903 3059 1236 3130 ἐπιθυμήσῃ,
1264 3058 1420 3111 τοῦτο
1450 3056 1526 3127 τῷ
1558 3059 1647 3110 at-

56 3157 294 3225 νίγματι
348 3152 731 3223 παιδευόμεθα.
773 3151 865 3204 Ἐκ
896 3150 1006 3221 γὰρ
1047 3149 1140 3202 τοῦ
1191 3149 1302 3203 ἄνω
1354 3147 1647 3218 βλέποντας

58 3248 215 3316 ἡμᾶς
242 3243 529 3314 προσέχειν
562 3245 673 3305 τοίς
714 3242 921 3317 μήλοις,
968 3240 1102 3312 πρὸς
1128 3239 1373 3311 οὐράνιόν
1402 3240 1516 3291 ἐστι
1549 3255 1647 3291 πο-

59 3337 272 3389 λιτείαν
297 3334 602 3406 ὁδηγείσθαι
638 3333 724 3386 διὰ
746 3332 852 3385 τῶν
889 3331 1256 3401 εύαγγελικῶν
1284 3329 1645 3400 διδαγμάτων.

60 3431 249 3499 Ἀπερ
297 3429 326 3480 6
375 3427 576 3481 ἄνωθεν
616 3427 924 3497 ἐρχόμενος,
972 3425 1065 3478 καὶ
1104 3424 1286 3477 ἐπάνω
1325 3423 1539 3476 πάντων
1574 3421 1648 3473 ὢν

61 3518 348 3583 ὑπέδειξεν
382 3520 509 3588 ἡμῖν
542 3517 628 3570 διὰ
676 3517 774 3586 τῆς
813 3518 869 3569 ἐν
906 3517 1066 3585 σαρκὶ
1111 3511 1486 3585 φανερώσεως,
1519 3513 1650 3564 πάν-

59 3628 178 3664 των
235 3608 347 3662 τῶν
403 3605 622 3676 ἀγαθῶν
673 3605 1082 3675 πολιτευμάτων
1137 3607 1195 3658 ἐν
1252 3601 1424 3672 ἐαυτῷ
1474 3601 1650 3665 δείξας

60 3702 133 3752 τὶι
209 3697 620 3766 ὑποδείγματα,
688 3694 869 3758 καθώς
947 3712 1108 3765 φησιν
1171 3695 1199 3746 6
1278 3691 1506 3763 Κύριος,
1568 3693 1650 3744 ὅτι

62 3793 299 3845 Μὰθετε
331 3790 432 3843 ἀπ’
457 3788 624 3858 ἐμοῦ,
655 3787 748 3840 ὅτι.
775 3786 963 3854 πρᾶός
995 3789 1109 3854 εἰμι
1143 3783 1241 3837 καὶ
1269 3781 1544 3847 ταπεινὸς
1579 3779 1648 3850 τῇ

64 3883 303 3954 καρδίᾳ.
333 3882 406 3933 T6
432 3881 486 3934 δὲ
501 3880 632 3933 αὐτὸ
651 3878 806 3932 τοῦτο
833 3879 924 3932 καὶ
943 3881 970 3931 6
994 3875 1330 3940 Ἀπόστολος,
1349 3875 1450 3945 τὴν
1470 3892 1652 3928 ταπει-

64 3993 164 4043 νοφ
176 3971 404 4045 ροσύνην
433 3973 562 4042 ἡμῖν
602 3968 1004 4039 ὑφηγούμενος,
1035 3966 1211 4034 λέγει·
1245 3965 1512 4018 Δυνατὸν
1541 3963 1650 4033 γὰρ

64 4068 138 4119 δι’
157 4065 300 4128 ἑνός
337 4060 706 4130 θεωρήματος
733 4059 939 4114 πᾶσαν
967 4058 1082 4126 τὴν
1114 4057 1402 4124 ἀλήθειαν
1431 4057 1650 4112 πιστώ-

64 4158 295 4210 σασθαι
323 4151 404 4217 τῷ
431 4155 608 4220 λόγῳ.
649 4153 790 4224 Πρὸς
814 4153 922 4222 γὰρ
946 4152 1070 4213 τοὺς
1095 4150 1164 4202 τὰ
1195 4151 1304 4203 ἄνω
1335 4148 1646 4218 βλέποντας,

70 4245 254 4300 Τοῦτο
293 4244 643 4312 φρονείσθω,
679 4243 862 4314 φησὶν,
885 4241 954 4294 ἐν
979 4240 1121 4310 ὑμῖν
1141 4238 1172 4293 ὃ
1197 4240 1294 4293 καὶ
1324 4239 1392 4294 ἐν
1418 4238 1649 4309 Χριστῷ

77 4335 298 4405 Ἰησοῦ·
328 4336 396 4400 ὃς
413 4336 486 4388 ἐν
499 4332 701 4403 μορφῇ
725 4333 869 4387 Θεοῦ
897 4331 1182 4401 ὑπάρχων
1201 4333 1312 4398 οὐχ
1336 4331 1646 4400 ἁρπαγμὸν

69 4427 348 4498 ἡγήσατο
382 4425 448 4478 τὸ
469 4422 622 4478 εἶναι
655 4425 760 4478 ἴσα
789 4423 936 4490 Θεῷ·
967 4425 1103 4478 ἀλλ’
1134 4423 1353 4477 ἑαυτὸν
1389 4423 1646 4476 ὲκένωσε

62 4518 313 4590 μορφὴν
345 4517 568 4580 δούλου
601 4517 834 4581 λαϐὼν,
864 4517 891 4568 6
923 4515 1010 4569 διὰ
1043 4515 1242 4586 σαρκὸς
1294 4515 1387 4567 καὶ
1419 4515 1646 4584 αἵματος

67 4612 414 4681 ἐπιδημήσας
438 4609 514 4678 τῷ
544 4607 664 4678 βίῳ,
697 4607 788 4661 καὶ
816 4606 936 4660 ἀντὶ
964 4607 1061 4677 τῆς
1095 4607 1458 4678 προκειμένης
1501 4606 1648 4676 αὐτῷ

70 4702 244 4770 χαρᾷς
290 4702 347 4751 ἐν
378 4698 636 4769 μετουσίᾳ
661 4697 759 4767 τῆς
788 4697 1172 4766 ταπεινότητος
1200 4696 1359 4767 ἡμῶν
1389 4698 1650 4762 ἑκουσίως

72 4794 387 4862 γενόμενος,
415 4793 511 4844 καὶ
543 4789 678 4861 μετὰ
702 4792 802 4860 τῆς
828 4787 920 4842 τοῦ
962 4787 1188 4841 θανάτου
1229 4789 1501 4844 κατελθὼν
1534 4792 1652 4844 πεί-

76 4902 196 4956 ρας.
230 4883 329 4936 Διὰ
367 4881 541 4944 ταῦτὰ
578 4898 738 4951 φησιν
771 4883 804 4952 ἡ
839 4880 1044 4952 νύμφηο
1075 4881 1431 4936 Στοιϐάσατέ
1474 4900 1550 4954 με
1587 4884 1656 4938 ἐν

69 4977 310 5046 μήλοις,
361 4974 447 5026 ἵνα
491 4973 704 5036 πάντως
753 4974 830 5035 είς
878 4972 1007 5042 ὕψος
1039 4973 1238 5044 ὁρῶσα,
1291 4973 1470 5043 βλέπω
1517 4976 1653 5046 πρὸς

75 5069 141 5122 τὰ
177 5068 286 5121 τῶν
319 5064 540 5134 ἀγαθῶν
574 5065 945 5136 ὑποδείγματα
985 5066 1053 5118 τὰ
1095 5067 1153 5119 ἐν
1190 5066 1268 5136 τῷ
1301 5069 1518 5137 νυμφίῳ
1548 5069 1655 5122 δει-

78 5158 170 5213 κνύ
179 5175 336 5229 μενα.
354 5157 499 5208 Ἐκεῖ
531 5158 562 5225 ή
587 5156 852 5227 πραότηςο
887 5157 1002 5209 ἐκεῖ
1033 5156 1088 5208 τὸ
1120 5155 1385 5226 ἀόργητον
1407 5170 1418 5185 ’
1449 5159 1562 5210 ἐκεῖ
1594 5158 1653 5212 τὸ

76 5251 210 5321 7.96;
246 5248 475 5319 ἐχθροὺς
521 5249 922 5318 ἀμνησίκακον,
969 5248 1061 5301 καὶ
1107 5249 1167 5301 τὸ
1215 5249 1349 5321 πρὸς
1386 5251 1512 5313 τοὺς
1559 5249 1651 5302 λυ-

80 5340 311 5402 ποῦντας
352 5339 747 5409 φιλάνθρωπον,
775 5339 865 5392 καὶ
906 5341 964 5393 τὸ
999 5340 1064 5393 δι’
1097 5341 1412 5412 εὐεργεσίας
1434 5342 1530 5413 τὴν
1556 5361 1652 5396 κα-

81 5436 200 5487 κίιιν
233 5430 556 5502 ἀμείϐεσθαι
580 5448 591 5460 '
626 5433 742 5484 ἐκεῖ
786 5431 846 5484 τὸ
894 5433 1176 5503 ἐγκρατὲς,
1209 5433 1268 5486 τὸ
1303 5434 1558 5505 καθαρὸν,
1596 5436 1656 5489 τὸ

145 5620 186 5650 "
215 5619 595 5689 Mantuani!)
695 5617 995 5688 “Philipp.
1025 5631 1084 5684 ιι,

1747 3089 1868 3128 rum
1897 3074 2209 3128 divinarum
2238 3072 2452 3127 deliciis
2471 3086 2531 3126 se
2544 3071 2830 3125 oblectans
2855 3068 3064 3130 anima,
3088 3081 3153 3120 ea
3178 3065 3324 3118 intra

1747 3169 1888 3217 tecta
1912 3162 2162 3236 aspicere
2190 3160 2612 3222 desideraverit,
2667 3160 2769 3211 hoc
2812 3157 3103 3226 aenigmate
3136 3153 3323 3232 erudi-

1749 3267 1890 3306 mur.
1919 3251 2000 3306 Ex
2026 3267 2092 3307 eo
2125 3252 2273 3307 enim
2322 3249 2468 3321 quod
2505 3265 2726 3306 sursum
2761 3249 3118 3318 aSpicientes,
3164 3260 3326 3314 poma

1749 3340 2114 3406 attendamus,
2150 3341 2216 3394 ad
2245 3339 2722 3394 conversationem
2758 3339 3036 3392 caelestem
3070 3336 3196 3390 licet
3229 3333 3328 3387 de-

1748 3430 1875 3484 duci
1909 3445 2003 3501 per
2035 3430 2366 3484 documenta
2391 3427 2732 3497 evangelica.
2767 3425 2901 3492 Quae
2947 3423 3169 3495 quidem
3229 3423 3320 3488 qui

1748 3519 1985 3589 desuper
2015 3519 2188 3582 venit,
2222 3528 2276 3574 et
2322 3525 2406 3574 est
2438 3533 2604 3586 super
2628 3516 2833 3579 omnia,
2880 3516 3042 3570 nobis
3085 3514 3329 3568 ostendit

1749 3623 1844 3678 per
1869 3622 2024 3662 suam
2044 3607 2101 3660 in
2132 3621 2300 3660 carne
2329 3603 2857 3666 manifestationem,
2877 3609 2935 3654 ut
2955 3601 3049 3670 qui
3073 3599 3326 3654 omnium

1750 3699 2016 3753 bonorum
2048 3695 2572 3772 vitaefinstitutorum
2596 3701 2649 3748 et
2669 3691 2948 3746 actionum
2971 3690 3025 3743 in
3056 3704 3116 3745 se
3139 3703 3323 3743 exem-

1751 3792 1836 3862 pla
1868 3789 2151 3852 indicarit,
2188 3790 2332 3843 sicut
2390 3786 2524 3841 dicit
2575 3784 2845 3839 Dominus
2882 3801 2894 3836 :
2933 3782 3134 3839 Discite
3173 3797 3206 3834 a
3248 3796 3328 3834 me

1749 3881 1887 3948 quod
1915 3896 2030 3933 sum
2070 3879 2213 3932 mitis
2239 3889 2290 3932 et
2314 3876 2528 3930 humilis
2560 3874 2719 3930 corde
2746 3874 2815 3927 δ’.
2868 3870 2980 3925 Hoc
3009 3873 3186 3940 ipsum
3237 3883 3330 3924 au-

1749 3979 1858 4028 tem
1899 3971 2192 4042 Apostolus
2221 3983 2440 4040 quoque
2457 3967 2818 4023 humilitatem
2839 3964 2999 4019 nobis
3016 3975 3325 4031 exponens,

1751 4064 1882 4118 dicit
1915 4082 1928 4119 :
1965 4062 2070 4117 Per
2095 4077 2254 4116 unam
2281 4061 2424 4114 etaim
2465 4057 2959 4126 contemplationem
3002 4054 3120 4107 licet
3187 4050 3328 4107 verbi

1750 4155 2052 4208 universam
2080 4153 2399 4221 conﬁrmare
2431 4151 2722 4207 veritatem.
2761 4147 2904 4202 Dicit
2933 4146 3079 4201 enim
3119 4143 3201 4198 eis
3234 4141 3328 4211 qui

1751 4263 1967 4302 sursum
1986 4246 2259 4317 aspiciunt
2290 4243 2444 4300 :Hoc
2480 4245 2692 4308 sentite,
2715 4241 2912 4310 inquit,
2951 4240 3005 4292 in
3028 4236 3171 4292 vobis
3189 4235 3328 4305 quod

1679 4313 1724 4372 θ
1750 4340 1803 4392 in
1831 4338 2044 4393 Christo
2083 4335 2214 4392 Iesu
2245 4337 2329 4388 ‘3:
2383 4337 2490 4406 qui
2528 4351 2646 4388 cum
2692 4336 2749 4387 in
2793 4333 2970 4398 forma
3014 4328 3114 4381 Dei
3153 4337 3328 4391 esset,

1753 4447 1854 4486 non
1896 4430 2140 4494 rapinam
2181 4429 2468 4484 arbitratus
2511 4437 2587 4482 est
2636 4442 2690 4479 se
2727 4440 2839 4478 esse
2887 4420 3142 4490 (aqualem
3183 4417 3324 4482 Deo,

1755 4521 1843 4574 sed
1878 4522 2013 4576 servi
2058 4521 2288 4590 formam
2331 4521 2564 4588 accepit,
2597 4517 2690 4587 qui
2725 4530 2822 4586 per
2855 4528 3072 4568 carnem
3113 4520 3168 4566 et
3201 4525 3330 4565 san-

1753 4617 1972 4687 guinem
2020 4617 2193 4671 estin
2245 4616 2348 4670 hac
2380 4616 2490 4670 vita
2533 4619 2808 4676 versatus,
2863 4615 2917 4664 et
2962 4622 3062 4678 pro
3091 4621 3155 4660 ea
3207 4620 3330 4674 quae

1757 4709 1862 4764 sibi
1895 4715 2012 4764 erat
2042 4709 2328 4779 proposita
2357 4706 2572 4768 laetitia,
2627 4714 2681 4760 et
2725 4711 2928 4757 nostra:
2969 4698 3330 4754 humanitatis

1756 4801 2062 4857 voluntarie
2096 4802 2372 4872 particeps
2407 4802 2586 4855 factus
2613 4804 2719 4861 est,
2747 4803 2802 4852 et
2825 4810 2998 4864 usque
3040 4793 3108 4847 ad
3135 4791 3329 4846 mortis

1754 4893 1904 4948 venit
1933 4894 2353 4964 experientiam.
2401 4894 2698 4963 Propterea
2732 4888 2867 4943 dicit
2905 4901 3109 4956 sponsa
3138 4902 3150 4938 :
3182 4882 3331 4937 Ster-

1753 4986 1860 5040 nite
1886 4987 2014 5039 mihi
2042 4995 2214 5042 torum
2241 4986 2296 5040 in
2322 4985 2478 5039 matis
2503 5023 2518 5048 ,
2561 4990 2620 5037 ut
2649 4994 2866 5050 semper
2898 4979 2952 5032 in
2983 4976 3154 5030 altum
3182 4972 3330 5042 aspi-

1753 5078 1924 5142 ciens,
1946 5085 2152 5132 attente
2179 5084 2234 5133 et
2265 5077 2493 5131 ﬁrmiter
2527 5075 2742 5129 videam
2774 5069 3022 5138 exempla
3053 5068 3328 5121 bonorum

1758 5184 1879 5238 quae
1909 5167 2272 5222 ostenduntur
2297 5169 2351 5220 in
2395 5181 2621 5237 sponso.
2673 5163 2788 5216 Illic
2821 5168 2906 5216 est
2937 5158 3137 5213 lenitas
3174 5175 3185 5209 :
3217 5155 3329 5208 illic

1759 5260 1854 5314 ira:
1886 5259 2130 5313 vacuitas
2166 5274 2178 5309 :
2217 5258 2327 5310 illic
2355 5256 2560 5310 oblivio
2587 5253 2916 5323 injuriarum
2968 5251 3321 5315 acet-plarqu

1762 5349 1830 5404 ab
1855 5347 2133 5402 inimicis:
2173 5354 2226 5400 et
2271 5346 2582 5400 humanitas
2619 5344 2673 5397 in
2719 5358 2814 5398 eos
2860 5341 2957 5411 qui
3019 5335 3328 5391 molestiam

1764 5437 2016 5504 aﬂ‘erunt,
2045 5445 2097 5492 et
2127 5453 2226 5507 pro
2255 5437 2397 5492 male
2425 5434 2671 5492 referunt
2702 5432 3046 5490 beneficium.
3083 5429 3198 5484 Illic
3244 5437 3332 5482 est
