3752 5984
429 158 525 215 85!

1651 168 1708 227 S.
1743 170 2068 229 GBEGORII
2094 174 2392 233 NYSSENI

3575 182 3678 237 852

428 281 483 329 te
506 293 516 325 ι
542 289 637 343 per
673 276 810 339 ntia,
835 279 1068 348 puritas,
1095 283 1377 351 patientia,
1406 293 1459 339 et
1478 285 1625 339 inani
1656 287 1828 355 gloria
1852 287 1989 341 nihil

2163 290 2466 363 ικρόθυμον,
2515 258 2575 346 τὸ
2628 292 2810 364 πάσης
2856 291 3157 359 κενοδοξίας
3208 310 3265 345 τε
3320 291 3417 346 καὶ
3458 293 3677 358 ἀπάτης

429 377 514 422 est
540 380 574 432 p
596 366 888 436 rmixtum,
921 369 1223 442 fraudeque
1261 391 1382 445 qua:
1416 385 1664 432 versatur
1697 378 1753 433 in
1780 378 1849 434 iis
1873 393 1994 450 qua:

431 452 498 506 ad
526 455 666 508 hanc
696 457 864 513 vitam
902 463 1196 530 pertinent.

498 541 628 599 Post
650 546 764 602 lucc
791 549 974 607 laudat
1001 538 1362 624 sagittarium,
1390 558 1535 628 quod
1567 573 1791 631 scopum
1844 565 1993 614 recte

429 635 679 706 attingat,
733 649 791 696 ut
847 645 940 712 qui
980 645 1146 700 telum
1189 648 1416 718 pulchre
1462 651 1516 705 in
1560 652 1737 721 ipsam
1765 651 1988 721 dirigat.

442 726 750 796 Vulnerata,
778 730 977 803 inquit,
1017 753 1134 791 sum
1173 756 1205 793 a
1240 739 1538 796 dilectione.
1586 741 1837 797 Ostendit
1892 743 1992 797 hac

426 818 676 888 oratione
721 823 908 890 telum,
938 828 1084 897 quod
1109 832 1260 887 cordi
1294 834 1401 888 alte
1431 833 1654 889 insidet.
1686 833 1787 901 Qui
1821 833 1987 890 telum

332 937 336 940 σ
424 912 607 964 autem
640 911 939 982 jaculatur,
981 926 1065 974 est
1091 921 1312 977 dilectio
1350 938 1446 979 seu
1484 926 1748 982 cltaritas.
1797 924 1991 980 Chari-

424 1005 592 1052 tatem
628 1008 808 1057 autem
847 1019 971 1063 esse
1015 1006 1183 1063 Deum
1219 1010 1512 1067 didicimus
1555 1027 1584 1066 a
1643 1028 1798 1068 sacra
1834 1014 1989 1068 Scri-

424 1098 589 1158 ptura
609 1093 676 1157 “,
714 1096 805 1164 qui
826 1097 1053 1153 electam
1088 1116 1241 1155 suam
1276 1105 1553 1175 sagittam,
1594 1118 1788 1173 nempe
1824 1103 1990 1158 Deum

426 1182 793 1251 unigenitum,
826 1190 1029 1243 emittit
1066 1191 1120 1244 in
1148 1208 1244 1248 eos
1279 1194 1370 1262 qui
1422 1204 1734 1260 servantur,
1793 1194 1990 1263 spiritu

424 1271 550 1326 vita:
580 1274 721 1329 illita
755 1278 956 1349 triplici
997 1283 1174 1336 aculei
1206 1283 1455 1353 cuspide.
1503 1285 1743 1340 Aculeus
1808 1294 1991 1341 autem

427 1370 511 1417 est
548 1363 698 1431 fides,
736 1376 793 1422 ut
825 1382 947 1439 quae
968 1370 1021 1425 in
1049 1387 1158 1442 quo
1184 1373 1369 1438 fuerit,
1416 1389 1540 1430 eum
1584 1378 1778 1446 sagitta
1827 1376 1992 1432 simul

429 1455 663 1510 adducat
694 1459 1059 1529 sagittarium,
1092 1472 1150 1519 ut
1175 1463 1308 1519 dicit
1343 1466 1605 1523 Dominus
1639 1487 1651 1522 :
1685 1466 1794 1538 Ego
1822 1467 1990 1523 etPa-

428 1552 508 1596 ter
544 1560 703 1600 unum
731 1565 932 1615 suetus,
957 1563 1007 1607 et
1044 1555 1325 1620 veniemus,
1373 1562 1421 1610 et
1470 1559 1797 1611 mansionem
1851 1557 1990 1625 apud

2095 380 2351 452 βιωτικῆς
2376 384 2749 454 ἀνεπίμικτον.

2163 557 2346 612 Ταῦτα
2369 556 2618 622 εἰποῦσα,
2649 559 2862 612 ἐπαινεῖ
2884 556 2976 612 τὸν
2999 557 3219 630 τοξότην
3242 558 3338 628 τῆς
3367 557 3675 627 εὐστοχίας,

2091 650 2166 714 ὡς
2214 650 2395 714 καλῶς
2440 652 2529 704 ἐπ’
2580 651 2748 720 αὐτὴν
2785 650 2847 704 τὸ
2902 649 3052 721 βέλος
3091 647 3407 702 εύθύναντα.
3462 651 3672 714 Tarpa:-

2086 740 2239 808 μένη
2269 739 2397 810 γὰρ,
2434 740 2618 809 φησὶν,
2651 738 2883 809 ἀγάπης
2922 736 3055 809 ἐγώ.
3108 738 3351 791 Δείκνυσι
3402 735 3482 806 τῷ
3533 736 3676 804 λόγῳ

2090 818 2151 881 τδ
2180 827 2348 898 βέλος,
2386 826 2447 881 τὺ
2477 830 2542 899 τῇ
2579 828 2770 901 καρδίᾳ
2798 827 2883 881 διὰ
2927 827 3121 897 βάθους
3158 826 3496 897 ἐγκείμενον.
3538 826 3595 878 Ὀ
3620 827 3675 877 δὲ

2091 918 2313 989 τοξότης
2345 918 2437 973 τοῦ
2479 918 2666 989 βέλους
2704 920 2737 990 η
2780 920 2963 989 ἀγάπη
3006 918 3172 971 ἐστίν.
3215 916 3459 989 Ἀγάπην
3491 916 3553 970 δὲ
3584 914 3675 968 τὸν

2091 1008 2222 1064 Θεὸν
2273 1006 2410 1063 εἶναι
2445 1009 2595 1083 παρὰ
2639 1013 2738 1081 τῆς
2780 1010 2946 1079 ἀγίας
2984 1009 3203 1081 Γραφῆς
3246 1008 3672 1080 μεμαθήκαμεν,

2091 1101 2148 1165 ὃς
2178 1102 2237 1154 τὸ
2254 1099 2504 1155 ἐκλεκτὸν
2526 1101 2689 1177 αὐτοῦ
2712 1100 2862 1170 βέλος
2881 1101 2970 1153 τὸν
2999 1100 3257 1171 μονογενῆ
3281 1099 3411 1151 Υίὸν
3429 1100 3524 1151 ἐπὶ
3548 1099 3673 1160 τοὺς

2095 1186 2433 1261 σωζομένους
2464 1192 2770 1261 ἐκπέμπει,
2816 1190 2894 1260 τῷ
2938 1190 3205 1260 πνεύματι
3245 1189 3390 1259 ζωῆς
3425 1189 3529 1258 τὴν
3557 1204 3673 1257 τρι-

2092 1283 2230 1354 πλῆν
2250 1282 2350 1353 τῆς
2372 1282 2552 1346 ἀκίδος
2570 1282 2751 1353 ἀκμὴν
2773 1281 3136 1354 περιχρώσας.
3172 1281 3317 1344 ’Λκὶς
3339 1280 3392 1333 δὲ
3423 1280 3456 1350 ἠ
3487 1279 3673 1340 πίστις

2092 1374 2258 1439 ἐστὶν,
2293 1373 2381 1425 ἴνα
2413 1372 2470 1426 ἐν
2502 1366 2547 1440 ᾧ
2578 1371 2799 1440 γένηται
2845 1371 3134 1442 συνεισάγῃ
3175 1368 3311 1441 μετά
3346 1367 3441 1422 τοῦ
3484 1367 3669 1437 βέλους

2091 1462 2185 1516 καὶ
2220 1461 2310 1515 τὸν
2343 1459 2584 1532 τοξότην,
2616 1460 2690 1524 ὣς
2717 1444 2878 1530 φησιν
2910 1462 2938 1513 ὁ
2970 1459 3188 1527 Κύριος,
3213 1459 3294 1511 ὅτι
3330 1457 3480 1526 Ἐγὼ
3509 1457 3607 1509 καὶ
3641 1459 3673 1508 ὀ

2094 1553 2293 1622 Πατὴρ
2319 1553 2390 1607 ἔν
2412 1544 2618 1622 ἐσμέν,
2648 1551 2744 1606 καὶ
2770 1549 3156 1619 ἐλευσόμεθα,
3188 1550 3283 1603 καὶ
3304 1547 3511 1617 μονὴν
3534 1546 3672 1614 ,παρ’

426 1650 544 1725 eum
575 1637 826 1705 faciemus
848 1641 912 1698 “.
948 1642 1106 1700 Videt
1126 1661 1255 1725 ergo
1284 1662 1403 1715 qua:
1437 1663 1533 1718 per
1562 1649 1775 1704 divinas
1798 1621 1991 1703 ascen-

2163 1621 2260 1710 ego
2302 1621 2654 1713 ποιήσομεν.
2702 1643 2832 1713 Ὁρᾷ
2887 1642 3066 1695 τοίνυν
3118 1643 3152 1711 ἡ
3202 1638 3290 1693 διὰ
3331 1638 3442 1691 τῶν
3510 1638 3672 1691 θείων

427 1722 611 1781 siones
641 1729 694 1781 in
730 1729 901 1784 altum
918 1731 1133 1787 sublata
1150 1722 1463 1797 estranima,
1490 1735 1651 1790 dulce
1672 1737 1837 1789 telum
1859 1735 1989 1789 cha-

424 1812 635 1878 ritatis,
682 1831 791 1886 quo
819 1819 935 1888 ipsa
994 1820 1098 1876 fuit
1139 1825 1409 1893 sauciata,
1460 1835 1514 1880 et
1552 1827 1619 1881 de
1648 1842 1713 1881 eo
1767 1827 1992 1881 vulnere

425 1903 711 1972 gloriatur,
738 1909 926 1966 dicens
957 1932 971 1967 :
1014 1912 1309 1969 Vulnerata
1338 1932 1457 1970 sum
1500 1933 1593 1987 ego
1625 1933 1658 1971 a
1688 1916 1987 1971 dilectione.

426 1995 472 2047 Ο
516 1996 806 2063 pulchrum
862 2004 1059 2059 vulnus
1107 2013 1159 2060 et
1205 2005 1380 2061 dulcis
1422 2007 1619 2078 plaga,
1681 2023 1777 2079 per
1827 2024 1988 2078 quam

425 2087 637 2157 plagam
695 2088 803 2145 vita
873 2095 1021 2150 subit
1087 2092 1340 2161 interna,
1413 2098 1559 2170 quod
1617 2117 1737 2170 qua:
1791 2116 1821 2155 a
1882 2102 2033 2175 telol

429 2180 568 2235 facta
591 2192 674 2238 est
702 2185 921 2250 divisio,
962 2188 1236 2257 quoddam
1272 2193 1475 2247 ostium
1515 2201 1568 2246 et
1608 2193 1813 2246 aditum
1859 2208 1990 2262 ape-

427 2274 629 2327 ru.-ritl
665 2274 801 2329 Nam
838 2278 1003 2333 simul
1033 2284 1196 2350 atque
1227 2283 1393 2336 telum
1434 2282 1645 2353 accepit
1682 2284 1987 2349 charitatis,

423 2363 493 2417 ad
539 2367 837 2435 nuptialem
884 2370 1127 2425 laetitiam
1183 2373 1432 2442 protinus
1479 2381 1840 2430 transmutata
1890 2373 1991 2429 fuit

419 2453 705 2522 jaculatio.
741 2458 902 2516 Vides
935 2463 1079 2517 enim
1107 2465 1568 2535 quemadmodum
1588 2478 1782 2522 manus
1801 2482 1988 2521 arcum

425 2553 688 2614 tractant,
741 2549 1040 2621 dispertita;
1068 2555 1135 2608 ad
1180 2535 1339 2610 usum
1378 2538 1808 2625 Operationibus.
1855 2555 1987 2609 Nam

422 2635 650 2692 sinistra
678 2640 898 2708 quidem
935 2655 1145 2708 arcum,
1194 2643 1418 2699 dextera
1450 2659 1579 2698 vero
1634 2660 1858 2699 nervum
1922 2645 1990 2701 ad

422 2740 485 2781 se
509 2729 754 2794 attrahit,
793 2746 888 2800 per
918 2732 1129 2802 sagittae
1163 2734 1560 2789 concavitatem
1590 2736 1755 2789 telum
1811 2736 1878 2790 ad
1931 2750 1991 2791 se

423 2820 728 2882 attrahens,
762 2820 907 2889 quod
941 2821 1182 2877 adhibita
1218 2838 1383 2878 manu
1411 2824 1634 2880 sinistra
1660 2825 1726 2879 ad
1758 2841 1986 2895 scopum

2092 1735 2404 1790 ἀναϐάσεων
2463 1734 2734 1804 ύψωθεῖσα
2773 1733 2939 1804 ψυχὴ,
2981 1732 3042 1785 τὸ
3091 1732 3260 1799 γλυκὺ
3306 1732 3402 1800 τῆς
3447 1728 3673 1799 ἀγάπης

2094 1826 2245 1896 βέλος
2270 1827 2326 1878 ὲν
2355 1826 2540 1895 ἑαυτῇ,
2570 1818 2615 1893 ᾧ
2644 1824 2874 1896 ἐτρώθη,
2904 1825 2996 1877 καὶ
3025 1824 3283 1894 καύχημα
3309 1824 3546 1875 ποιεῖται
3571 1823 3673 1890 τὴν

2093 1917 2324 1987 πληγὴν,
2369 1915 2619 1985 λέγουσα,
2653 1917 2735 1970 ὅτι
2784 1914 3115 1984 Τετρωμένη
3161 1912 3391 1983 ἀγάπης
3428 1913 3567 1981 ἐγώ.
3610 1912 3673 1963 Ὢ

2093 2008 2257 2061 καλοῦ
2285 2007 2597 2079 τραύματος
2630 2008 2722 2060 καὶ
2758 2007 3013 2076 γλυκείας
3051 2006 3284 2077 πληγῆς,
3307 2005 3372 2058 δι’
3399 2001 3469 2074 ἦς
3496 2006 3530 2075 ἡ
3558 2002 3673 2073 ζωὴ

2092 2099 2184 2153 ἐπὶ
2222 2100 2289 2152 τὰ
2328 2098 2474 2159 ἐντὸς
2519 2097 2816 2162 διαδύεται,
2860 2098 3048 2168 ὥσπερ
3077 2098 3196 2149 τινὰ
3235 2096 3403 2168 θύραν
3437 2097 3535 2148 καὶ
3559 2095 3673 2147 εἵσ-

2092 2188 2207 2243 οδον
2234 2190 2331 2260 τὴν
2366 2190 2428 2241 ἐκ
2461 2188 2554 2242 τοῦ
2584 2188 2765 2259 βέλους
2802 2188 3061 2258 διαίρεσιν
3097 2190 3259 2259 ἑαυτῇ
3298 2186 3669 2252 ὑπανοίξασαῐ

2104 2277 2266 2348 Ὁμοῦ
2312 2295 2371 2330 τε
2416 2277 2522 2349 γὰρ
2566 2278 2626 2330 τὸ
2668 2280 2767 2346 τῆς
2814 2277 3031 2347 ἀγάπης
3086 2276 3237 2346 βέλος
3286 2276 3524 2341 ἐδέξατο,
3575 2279 3675 2329 καὶ

2092 2372 2427 2440 παραχρῆμα
2478 2371 2556 2433 είς
2600 2368 2838 2440 γαμικὴν
2894 2367 3156 2439 θυμηδίαν
3214 2373 3246 2437 ὴ
3306 2367 3486 2432 τοξεία
3542 2384 3674 2439 μετ-

2091 2460 2414 2531 εσκευάσθη.
2454 2461 2686 2532 Φανερὺν
2714 2461 2821 2531 γάρ
2845 2459 2957 2512 ἐστι
2987 2459 3103 2521 πῶς
3137 2459 3193 2512 αἱ
3220 2462 3398 2529 χεῖρες
3422 2459 3486 2512 τὸ
3516 2459 3675 2525 τόξον

2095 2551 2574 2623 μεταχειρίζονται,
2615 2552 2963 2623 μεριζόμεναι
3008 2550 3142 2620 πρὸς
3185 2551 3285 2620 τὴν
3320 2551 3509 2621 χρείαν
3551 2554 3672 2614 ταῖς

2092 2645 2409 2716 ἐνεργείαις.
2449 2644 2513 2697 Ἠ
2543 2643 2640 2714 μὲν
2668 2644 2773 2716 γὰρ
2794 2641 3069 2712 εὐώνυμος
3090 2641 3182 2694 τοῦ
3207 2642 3361 2706 τόξου
3392 2641 3627 2695 ἅπτεται
3658 2659 3671 2670 ·

2092 2740 2125 2807 ἡ
2146 2736 2293 2800 δεξιὰ
2328 2735 2385 2789 δὲ
2425 2733 2523 2805 τὴν
2566 2732 2760 2804 νευρὰν
2792 2733 2925 2804 πρὸς
2959 2733 3154 2803 ἑαυτὴν
3199 2734 3520 2798 ἐπισπᾶται,
3549 2749 3675 2784 συν-

2092 2827 2351 2898 ελκομένη
2372 2825 2458 2879 διὰ
2467 2824 2573 2878 τῶν
2585 2823 2850 2893 γλυφίδων
2866 2823 2924 2875 τὸ
2942 2822 3090 2893 βέλος
3104 2825 3168 2893 τῇ
3187 2821 3421 2892 προϐολῇ
3437 2822 3537 2891 τῆς
3550 2822 3677 2893 ἀρι-

423 2905 699 2976 dirigitur.
745 2908 877 2975 Quae
907 2926 1035 2982 ergo
1067 2913 1231 2982 paulo
1270 2923 1399 2969 ante
1426 2915 1518 2970 teli
1571 2914 1712 2970 facta
1753 2923 1838 2970 est
1869 2930 1991 2971 sco-

2163 2919 2285 2990 ερᾶς
2312 2916 2491 2989 χειρὸς
2516 2918 2650 2987 πρὸς
2682 2915 2770 2970 τὸν
2801 2916 2997 2968 σκοπὸν
3024 2914 3394 2985 εὐθυνόμενον.
3411 2915 3478 2966 Ἡ
3492 2912 3676 2966 τοίνυν

360 3026 365 3031 -
421 3008 549 3062 pus,
584 3011 732 3051 nunc
787 3000 1021 3068 seipsam
1079 3016 1178 3071 pro
1232 3003 1341 3058 telo
1390 3004 1585 3074 aspicit
1637 3008 1692 3058 in
1739 3005 1990 3061 manibus

425 3085 720 3155 sagittarii,
772 3104 896 3143 cum
954 3092 1116 3145 aliter
1166 3093 1412 3157 dextera,
1464 3100 1517 3150 et
1564 3095 1721 3151 aliter
1768 3096 1990 3153 sinistra

422 3175 593 3229 telum
618 3179 1015 3246 apprehendat.
1056 3182 1163 3237 Sed
1191 3185 1451 3253 quoniam
1510 3202 1608 3256 per
1655 3197 1874 3257 tropum
1925 3204 1992 3243 ex

424 3270 777 3339 epithalamio
827 3280 1105 3344 sumptum
1138 3274 1518 3345 producuntur
1545 3292 1609 3332 ex
1631 3281 1988 3350 consequenti

424 3360 819 3417 theorematum
871 3364 1332 3436 signiﬁcationes,
1399 3383 1509 3422 non
1556 3367 1682 3424 fecit
1738 3371 1991 3427 aculeum

423 3451 517 3504 teli
567 3453 823 3509 sustineri
869 3470 900 3508 a
951 3456 1200 3525 sinistra,
1260 3474 1438 3529 neque
1482 3459 1759 3516 dexteram
1807 3470 1993 3517 tenere

424 3541 650 3614 alteram
685 3555 917 3614 partem,
980 3555 1040 3601 ut
1073 3548 1145 3604 sit
1179 3549 1361 3605 anima
1394 3552 1562 3605 telum
1598 3552 1653 3606 in
1699 3564 1863 3608 manu
1894 3568 1993 3625 po-

422 3636 591 3691 tentis
617 3636 886 3693 directum
921 3653 1141 3695 sursum
1183 3641 1250 3695 ad
1282 3656 1532 3713 scopum,
1570 3644 1664 3701 sed
1702 3644 1834 3699 fecit
1861 3645 1995 3700 sini-

422 3733 591 3783 stram
618 3729 838 3798 quidem
881 3730 1079 3801 subjici
1100 3733 1263 3803 capiti
1296 3748 1395 3805 pro
1427 3736 1615 3791 aculeo
1665 3754 1678 3790 :
1712 3738 1989 3792 dexteram

423 3826 606 3874 autem
643 3828 827 3876 tenere
863 3822 914 3877 id
940 3823 1085 3893 quod
1119 3833 1289 3879 restat
1322 3842 1336 3879 :
1388 3835 1445 3879 ut
1482 3827 1666 3891 simul,
1692 3835 1750 3881 ut
1775 3829 1989 3897 opinor,

416 3913 631 3982 duplici
691 3914 983 3983 aenigmate
1030 3914 1450 3985 philosophetur
1492 3919 1671 3971 oratio
1701 3918 1768 3971 de
1810 3919 1992 3972 divina

416 4003 768 4068 ascensione,
802 4002 1101 4060 ostendens
1141 4006 1288 4075 quod
1323 4006 1465 4061 idem
1520 4009 1593 4063 sit
1639 4023 1877 4079 sponsus
1938 4019 1992 4064 et

418 4095 763 4167 sagittarius.
794 4095 983 4150 eadem
1009 4104 1202 4153 nostra
1232 4113 1439 4168 sponsa
1462 4107 1515 4154 et
1543 4101 1764 4169 sagitta,
1792 4116 1987 4172 nempe

418 4200 555 4256 para
596 4194 755 4241 utens
782 4186 988 4251 anima,
1021 4195 1074 4242 et
1100 4197 1360 4257 tanquam
1394 4189 1639 4256 iaculum
1689 4190 1757 4244 ad
1787 4190 1989 4245 bonum

2094 3007 2197 3079 πρὸ
2229 3007 2408 3075 ὀλίγου
2443 3006 2640 3069 σκοπὸς
2667 3006 2927 3077 γενομένη
2971 3005 3063 3058 τοῦ
3107 3004 3315 3075 βέλους,
3344 3004 3440 3057 νῦν
3467 3004 3675 3074 ἑαυτὴν

2090 3098 2208 3152 ἀντὶ
2240 3096 2424 3167 βέλους
2460 3099 2516 3149 ὲν
2548 3099 2666 3163 ταῖς
2704 3097 2856 3166 χερσὶ
2888 3094 2981 3148 τοῦ
3015 3094 3226 3160 τοξότου
3259 3094 3465 3164 βλέπει,
3498 3095 3673 3156 ἄλλως

2089 3192 2188 3260 τῆς
2208 3189 2403 3256 δεξιᾶς,
2436 3189 2529 3242 καὶ
2554 3189 2751 3259 ἑτέρως
2773 3190 2872 3258 τῆς
2896 3187 3173 3258 εὐωνύμου
3196 3185 3674 3261 διαλαμϐανούσης

2088 3281 2149 3333 τὸ
2180 3280 2346 3351 βέλος.
2376 3279 2510 3332 Ἀλλ’
2538 3280 2723 3350 ἐπειδὴ
2751 3278 2839 3332 διὰ
2865 3281 2962 3350 τῆς
2988 3278 3345 3347 ἐπιθαλαμίου
3372 3281 3591 3348 τροπῆς
3619 3280 3672 3330 αι

2088 3371 2196 3424 τῶν
2221 3370 2585 3442 θεωρημάτων
2615 3373 2878 3442 ἐμφάσεις
2907 3371 2973 3424 δι’
2995 3369 3282 3425 ἀκολούθου
3309 3371 3669 3440 προάγονται,

2090 3465 2188 3518 οὐκ
2220 3464 2436 3534 ἐποίησε
2458 3462 2554 3534 τὴν
2584 3464 2743 3518 ἀκίδα
2769 3464 2860 3518 τοῦ
2893 3462 3081 3532 βέλους
3121 3461 3225 3514 ὑπὸ
3250 3462 3345 3531 τῆς
3372 3461 3672 3532 ἀριστερᾶς

2091 3554 2373 3626 ἐχομένην,
2407 3554 2527 3608 οὐδὲ
2554 3552 2651 3625 τὴν
2681 3554 2857 3619 δεξιὰν
2880 3553 2939 3607 τὸ
2963 3554 3049 3607 ἔτε
3057 3571 3149 3625 ρον
3171 3552 3670 3621 διαλαμϐάνουσαν,

2089 3647 2163 3711 ὡς
2202 3646 2268 3701 ἂν
2295 3647 2563 3717 γένοιτοῆ
2598 3646 2742 3717 ψυχὴ
2797 3645 2945 3716 βέλος
2978 3647 3035 3697 ἐν
3080 3645 3222 3715 χειρὶ
3270 3642 3363 3695 τοῦ
3413 3643 3671 3707 δυνατοῦ,

2092 3737 2228 3809 πρὸς
2261 3737 2352 3790 τὸν
2379 3736 2489 3790 ἄνω
2522 3737 2720 3790 σκοπὸν
2752 3735 3104 3805 εὐθυνόμενον
3126 3752 3140 3764 ·
3166 3733 3276 3787 ἀλλ’
3308 3733 3541 3803 ἐποίησε
3575 3734 3673 3804 τὴν

2096 3828 2192 3899 μὲν
2240 3825 2516 3897 εὐώνυμον
2558 3827 2677 3879 ἀντὶ
2708 3827 2807 3896 τῆς
2856 3826 3038 3887 ἀκίδος
3087 3828 3152 3895 τῇ
3187 3825 3397 3895 κεφαλῇ
3430 3825 3678 3877 ὑποϐάλ-

2092 3919 2312 3972 λεσθαι⁶
2344 3912 2799 3989 διαλαμϐάνεσθαι
2845 3918 2901 3970 δὲ
2944 3920 3009 3988 τῇ
3042 3916 3190 3987 δεξιᾷ
3225 3917 3284 3969 τὸ
3322 3915 3674 3984 λειπόμενον,

2094 4010 2168 4072 ὼς
2192 4009 2276 4074 ἂν,
2307 4006 2478 4079 οἶμαι,
2510 4009 2650 4063 κατὰ
2690 4009 2883 4062 ταύτὸν
2910 4010 2967 4061 ἐν
3000 4012 3112 4072 τοῖς
3139 4009 3344 4071 διπλοῖς
3376 4008 3677 4078 αἰνίγμασι

2092 4103 2161 4156 τὰ
2190 4102 2315 4173 περὶ
2342 4105 2440 4172 τῆς
2472 4101 2621 4162 θείας
2650 4100 2965 4164 ἀναϐάσεως
2995 4103 3022 4153 ό
3046 4100 3201 4169 λόγος
3230 4101 3674 4171 φιλοσοφήσειεν,

2091 4181 2304 4259 δεικνὺς
2353 4193 2434 4246 ὅτι
2479 4194 2507 4246 ὁ
2554 4194 2715 4256 αὐτὸς
2761 4194 2853 4245 καὶ
2890 4192 3121 4261 νυμφίος
3153 4192 3244 4244 καὶ
3268 4188 3493 4262 τοξότης
3522 4193 3676 4245 ἐστὶν

416 4290 650 4346 scopum
706 4274 950 4346 dirigens
983 4285 1290 4355 :t’anquam
1343 4291 1605 4346 sponsam
1644 4294 1862 4334 sursum
1896 4279 1989 4335 de-

2163 4283 2271 4348 ιῶν,
2306 4281 2492 4355 νύμφῃ
2531 4299 2590 4334 τε
2619 4283 2711 4335 καὶ
2750 4281 2890 4351 βέλει
2938 4284 3004 4353 τῇ
3037 4276 3425 4354 κεκαθαρμένη
3467 4296 3670 4353 κεχρηο

420 4369 633 4425 ducens
680 4366 749 4422 ad
801 4353 1298 4448 participationem;
1328 4370 1674 4432 aeternitatis,
1730 4371 1784 4424 in
1830 4387 1993 4441 quam

423 4475 531 4514 non
568 4460 715 4515 cadit
767 4460 1045 4525 interitus,
1097 4460 1221 4515 vita:
1268 4460 1667 4532 longitudinem
1714 4470 1769 4518 et
1819 4478 1992 4519 annos

423 4550 551 4603 vitae
584 4566 682 4620 per
713 4551 992 4607 dexteram
1024 4552 1318 4623 elargiens,
1351 4567 1449 4622 per
1475 4552 1753 4607 sinistram
1779 4561 1985 4617 autem,

425 4647 760 4694 aeternorum
792 4640 1066 4695 honorum
1094 4640 1317 4697 divitias
1351 4647 1405 4697 et
1433 4638 1528 4696 Dei
1557 4641 1811 4712 gloriam,
1833 4643 1992 4713 cujus

424 4744 537 4786 non
571 4738 806 4801 possunt
828 4745 953 4787 esse
980 4732 1302 4802 participes,
1337 4732 1429 4802 qui
1470 4741 1723 4802 qmerunt
1763 4732 1990 4804 gloriam

423 4821 640 4877 mundi.
683 4821 979 4892 Propterea
1028 4822 1165 4879 dicit
1204 4841 1218 4878 :
1253 4820 1489 4878 Sinistra
1531 4825 1647 4893 ejus
1686 4824 1782 4878 sub
1824 4827 1994 4895 capite

423 4930 664 4984 meo,per
680 4929 845 4985 quam
860 4914 1104 4985 iaculum
1123 4914 1367 4985 dirigitur
1402 4916 1467 4969 ad
1488 4930 1736 4987 scopum.
1762 4914 1994 4972 Dextera

427 5013 609 5062 autem
635 5007 757 5077 ejus
784 5021 869 5062 me
896 5006 1316 5077 apprehendens
1355 5014 1409 5063 et
1438 5007 1504 5061 ad
1528 5023 1589 5063 se
1630 5008 1874 5072 trahens,
1908 5007 1990 5064 ef-

426 5094 543 5149 ﬁcit
569 5109 657 5150 me
684 5096 881 5157 levem,
938 5101 997 5148 ut
1026 5109 1246 5150 sursum
1293 5094 1459 5162 ferar,
1513 5107 1572 5151 ut
1616 5098 1745 5153 illuc
1780 5099 1990 5166 mittar,

424 5195 478 5241 et
507 5203 536 5241 a
568 5186 858 5257 sagittario
890 5187 1114 5242 minime
1153 5203 1396 5258 separer.
1449 5188 1598 5245 Adeo
1641 5199 1700 5244 ut
1744 5197 1798 5245 et
1828 5191 1993 5245 simul

427 5274 639 5331 feratur
668 5292 766 5346 per
806 5277 1221 5347 jaculationem,
1277 5280 1418 5335 etin
1470 5279 1682 5335 Domini
1734 5280 1989 5338 manibus

427 5368 807 5438 conquiescat.
869 5367 1073 5425 Harum
1119 5386 1378 5426 manuum
1439 5374 1801 5444 proprietates
1862 5374 1993 5431 dicit

504 5539 546 5572 “
573 5541 770 5600 lJoan.
808 5561 881 5612 IV,
912 5546 965 5600 8.
1043 5548 1086 5580 ⁸⁸
1108 5546 1261 5602 Joan.
1295 5565 1404 5614 xxv,
1436 5550 1523 5605 25.

2101 4374 2262 4444 μένος
2313 4373 2478 4443 ψυχῇ,
2527 4373 2602 4434 ὡς
2665 4371 2814 4442 βέλος
2859 4370 2993 4442 πρὸς
3026 4370 3114 4424 τὸν
3168 4371 3368 4439 ἀγαθὸν
3426 4372 3674 4425 εὐθύνων

2098 4463 2331 4516 σκοπόν·
2383 4462 2458 4526 ὡς
2507 4463 2722 4532 νύμφην
2776 4460 2910 4530 πρὸς
2941 4460 3228 4529 μετουσίαν
3271 4459 3670 4530 ἀναλαμϐάνων

2095 4557 2193 4625 τῆς
2216 4554 2497 4625 ἀφθάρτου
2538 4552 2855 4623 ἀῐδιότητος,
2894 4553 3064 4624 μῆκος
3112 4550 3224 4621 βίου
3258 4552 3350 4604 καὶ
3382 4551 3477 4621 έτη
3524 4552 3669 4617 ζωῆς

2096 4648 2183 4702 διὰ
2207 4647 2306 4718 τῆς
2336 4646 2513 4710 δεξιᾶς
2540 4646 2930 4716 χαριζόμενοςο
2978 4643 3066 4696 διὰ
3117 4642 3175 4695 δὲ
3220 4642 3320 4712 τῆς
3372 4643 3670 4714 ἀριστερᾶς

2096 4741 2186 4793 τὸν
2210 4740 2316 4792 τῶν
2344 4737 2575 4792 αἰωνίων
2608 4735 2827 4805 ἀγαθῶν
2855 4735 3080 4788 πλοῦτον
3109 4774 3124 4798 ,
3153 4735 3244 4787 καὶ
3269 4733 3368 4804 τὴν
3402 4732 3500 4785 τοῦ
3530 4733 3667 4785 Θεοῦ

2094 4828 2270 4892 δόξαν,
2317 4822 2384 4897 ἦς
2417 4827 2464 4877 οἱ
2510 4825 2608 4896 τὴν
2650 4824 2741 4878 τοῦ
2775 4824 2979 4894 κόσμου
3006 4822 3294 4896 ζητοῦντες
3339 4822 3497 4886 δόξαν
3528 4824 3669 4892 ἁμέ-

2094 4936 2238 4989 τοχοι
2272 4918 2529 4986 γίνονται.
2573 4915 2670 4968 Διὰ
2702 4915 2856 4967 τοῦτό
2901 4932 3082 4986 φησιν,
3118 4915 3442 4983 Εὐώνυμος
3478 4913 3670 4968 αὐτοῦ

2094 5008 2212 5064 ὑπὸ
2238 5007 2351 5076 τὴν
2378 5008 2651 5076 κεφαλήν
2681 5022 2821 5074 μου,
2860 5004 2924 5057 δι’
2963 4999 3031 5075 ἧς
3076 5004 3357 5057 εὐθύνεται
3407 5004 3547 5075 πρὸς
3576 5004 3670 5057 τὸν

2097 5100 2296 5154 σκοπὸν
2344 5099 2405 5152 τὸ
2452 5098 2631 5169 βέλος·
2669 5096 2815 5161 δεξιά
2862 5096 2919 5149 δέ
2965 5097 3128 5151 αὐτοῦ
3174 5097 3309 5168 πρὸς
3356 5098 3560 5167 ἑαυτήν
3603 5114 3670 5167 με

2094 5190 2422 5245 διαλαϐοῦσα
2447 5193 2540 5244 καὶ
2569 5190 3000 5261 ἐφελκυσαμένη,
3034 5189 3241 5259 κούφην
3287 5206 3353 5259 με
3399 5189 3539 5260 πρὸς
3573 5188 3672 5259 τὴν

2096 5284 2208 5338 ἄνω
2236 5281 2407 5353 φορὰν
2436 5281 2821 5352 ἀπεργάζεται,
2862 5281 3020 5334 κάκεῖ
3042 5280 3420 5351 πεμπομένην,
3457 5279 3553 5332 καὶ
3576 5278 3670 5334 τοῦ

2096 5374 2307 5441 τοξότου
2351 5373 2424 5445 μὴ
2458 5373 2829 5445 χωριζομένην
2852 5392 2864 5404 ·
2917 5374 2991 5436 ὡς
3024 5373 3159 5445 ὁμοῦ
3201 5390 3259 5426 τε
3290 5372 3555 5444 φέρεσθαι
3583 5372 3672 5429 διὰ
