3742 5986
124 140 236 196 855

1110 141 1177 197 IN
1224 142 1528 203 CANTICA
1551 143 1823 201 CANTIC.
1865 144 2150 205 llOMlLlA
2187 148 2275 205 lV.

3303 162 3408 218 8ὸό

121 261 227 329 τῆς
279 257 460 331 βολῆς,
510 258 604 314 καὶ
653 260 773 324 ταῖς
826 261 985 333 χερσὶ
1040 260 1135 316 τοῦ
1180 264 1451 318 Δεσπότου
1486 283 1716 321 συνανα-

1897 272 2209 336 overbium,
2262 287 2460 345 nempe
2491 275 2641 345 quod
2678 275 2969 348 longitudo
3019 281 3144 334 vitae
3189 288 3244 334 ct
3278 282 3406 335 anni

124 350 419 405 παύεσθαι.
449 352 530 405 Τά
559 351 616 405 δὲ
650 352 757 407 τῶν
784 352 989 424 χειρῶν
1018 353 1224 409 τούτων
1260 356 1524 428 ἰδιώματά
1554 375 1717 430 φησιν

122 441 158 510 ή
202 440 504 512 Παροιμια,
543 443 629 497 ὅτι
679 441 855 514 μῆκος
904 442 1041 517 βίου,
1079 446 1173 499 καὶ
1212 445 1309 518 ἔτη
1345 448 1489 520 ζωῆς
1539 451 1597 503 ἐν
1654 454 1715 524 τῇ

120 529 274 601 δεξιᾷ
303 531 404 601 τῆς
434 532 627 603 σοφίας
651 550 665 565 ’
697 536 755 588 ὲν
802 534 859 589 δὲ
879 538 945 608 τῇ
975 538 1243 610 ἀριστερᾷ
1268 538 1463 610 αὐτῆς,
1490 540 1718 606 πλοῦτος

122 619 223 671 καὶ
253 617 403 685 δόξα.

195 705 333 765 Εἶτα
370 711 509 783 πρὸς
553 711 652 777 τάς
700 713 1009 786 θυγατέρας
1046 714 1146 786 τῆς
1191 716 1303 771 ἀνω
1364 717 1719 792 Ἰερουσαλὴμ

120 802 321 873 τρέπει
354 803 445 858 τὸν
472 804 650 873 λόγον.
695 806 754 860 Ὀ
798 806 856 859 δὲ
885 806 1043 877 λόγος
1091 808 1437 880 παράκλησίς
1480 811 1627 864 ἐστιν
1660 812 1718 865 ἐν

115 894 275 965 ὅρκῳ
337 896 747 969 προσαγομένη,
800 898 897 952 τοῦ
950 900 1269 966 πλεονάζειν
1317 903 1414 955 καὶ
1461 902 1719 971 ἐπαύξειν

119 985 218 1038 ἀεὶ
252 984 352 1055 τὴν
397 985 642 1058 ἀγάπην,
693 988 799 1052 ἐως
848 988 913 1044 ἂν
939 991 1161 1063 ἐνεργὸν
1190 991 1385 1047 ἐαυτοῦ
1424 993 1623 1065 ποιήσῃ
1656 995 1720 1049 τὸ

120 1075 363 1147 θέλημα,
390 1077 419 1129 δ
452 1076 621 1131 θέλων
651 1078 859 1144 πάντας
892 1079 1156 1151 σωθῆναι,
1188 1082 1282 1136 καὶ
1310 1083 1392 1146 είς
1424 1082 1718 1152 ἐπίγνωσιν

117 1169 385 1239 ἀληθείας
423 1170 621 1228 ἐλθεῖν.
668 1173 726 1227 Ὀ
754 1173 812 1226 δὲ
840 1173 996 1243 λόγος
1023 1167 1181 1240 οὗτός
1212 1177 1362 1231 ἐστιν
1393 1175 1453 1229 ὃν
1485 1176 1717 1246 πεποίη-

113 1278 216 1316 ται
239 1277 253 1292 ·
305 1263 559 1331 Ὠρκισα
595 1263 751 1335 ὑμᾶς
771 1306 788 1333 ,
813 1268 1134 1337 θυγατέρες
1195 1267 1618 1337 Ἰερουσαλίυι,
1648 1269 1720 1322 ἐν

114 1352 257 1420 ταῖς
294 1353 591 1425 δυνάμεσι
621 1357 720 1413 καί
766 1358 837 1413 ἐν
869 1358 999 1426 ταῖς
1041 1361 1331 1430 ίσχύσεσι
1368 1359 1477 1417 τοῦ
1508 1360 1716 1431 ἀγροῦ,

113 1444 234 1498 ἐὰν
255 1445 523 1515 ἐγείρητε
548 1448 645 1503 καί
676 1448 1010 1520 ἑξετεῲητε
1041 1450 1158 1519 τὴν
1202 1452 1462 1523 ἀγάπην,
1492 1453 1605 1519 ἕως
1642 1447 1717 1509 οὗ

117 1535 388 1605 θελήσῃ.
430 1537 633 1608 Ὅρκος
678 1541 796 1594 ἐστὶ
826 1540 983 1610 λόγος
1030 1543 1391 1615 πιστούμενος
1423 1545 1492 1599 δι’
1523 1544 1718 1599 ἐαυτοῦ

1823 362 1948 418 vitae
1983 371 2116 420 sunt
2137 364 2366 422 dextera
2386 367 2671 437 sapientiae
2702 386 2714 421 :
2750 369 2806 424 in
2825 369 2946 439 eius
2972 377 3156 427 autem
3177 371 3407 428 sinistra

1824 454 2030 513 divitiae
2059 464 2114 513 et
2137 457 2315 529 gloria
2332 459 2399 511 ⁸⁸.

1897 738 2106 796 Deinde
2159 740 2434 798 convertit
2478 741 2786 797 orationem
2839 741 2911 797 ad
2973 742 3113 798 ﬁlias
3156 759 3407 813 superna:

1822 825 2152 887 Jerusalem.
2206 830 2304 887 Est
2338 839 2524 887 autem
2563 831 2745 887 oratio
2775 830 3089 888 adhortatio
3145 839 3277 904 qua!
3309 834 3407 889 ad-

1825 922 2046 978 hibetur
2100 937 2224 977 cum
2263 922 2634 993 adjuratione,
2683 930 2743 977 ut
2775 923 3177 993 multiplicetur
3213 934 3270 980 et
3307 940 3406 980 au-

1826 1023 2018 1086 geatur
2038 1030 2261 1086 semper
2286 1015 2555 1079 charitas,
2607 1014 2784 1071 donec
2815 1016 2882 1071 ad
2931 1016 3187 1071 etl‘ectum
3242 1032 3403 1072 suam

1825 1107 2115 1163 deduxerit
2153 1109 2516 1171 voluntatem,
2537 1108 2632 1179 qui
2662 1108 2780 1164 vult
2808 1122 3001 1165 omnes
3020 1109 3270 1163 homines
3288 1110 3403 1164 sal-

1826 1215 1925 1256 vos
1975 1199 2114 1264 ﬁeri,
2173 1206 2231 1255 et
2276 1200 2345 1255 ad
2401 1199 2739 1270 agnitionem
2795 1200 2990 1255 venire
3062 1200 3401 1255 veritatis".

1826 1288 1953 1345 Ilaec
1988 1299 2118 1345 sunt
2161 1296 2342 1346 autem
2391 1289 2515 1360 ejus
2552 1291 2721 1346 verba
2760 1308 2773 1344 :
2813 1289 3076 1360 Adjuraifi
3120 1306 3232 1353 vos,
3277 1291 3404 1359 filia:

1824 1380 2158 1448 Jerusalem,
2207 1383 2265 1437 in
2319 1382 2674 1451 potestatibus
2730 1394 2779 1438 et
2836 1382 3120 1437 virtutibus
3187 1383 3324 1452 agri,
3358 1383 3406 1436 si

1824 1473 2059 1528 excitetis
2095 1482 2146 1527 et
2185 1473 2479 1543 expergisci
2515 1473 2730 1542 faciatis
2757 1472 3092 1533 charitatem.
3121 1469 3408 1541 Jusjuran-

1825 1564 1957 1620 dum
1990 1572 2074 1621 est
2116 1565 2297 1619 oratio
2327 1579 2425 1636 per
2469 1579 2531 1620 se
2568 1565 2909 1619 conﬁrmans
2943 1564 3254 1619 veritatem.
3307 1561 3406 1617 Est

113 1627 224 1726 την
275 1628 535 1726 ἀλήθειαν
559 1646 572 1661 ο
626 1629 787 1701 διπλῆ
812 1631 870 1685 δὲ
899 1635 932 1703 ἡ
962 1633 1104 1688 κατά
1123 1633 1220 1688 τὸν
1255 1634 1418 1707 ὅρκον
1448 1634 1717 1706 ἐνέργεια.

1905 1663 2014 1711 tem
2041 1654 2251 1726 duplex
2279 1627 2580 1725 jurainenti
2615 1657 2865 1726 operatio
2892 1675 2906 1724 ;
2941 1664 3037 1711 aut
3074 1655 3220 1711 enim
3252 1654 3407 1725 quis-

118 1720 194 1774 Ἦ
226 1719 340 1791 γὰρ
387 1720 553 1784 αὐτὸς
585 1721 872 1776 πιστοῦται
909 1722 988 1795 τῷ
1016 1724 1268 1779 ἀκούοντι
1309 1724 1407 1797 τὴν
1434 1725 1712 1798 ἀλήθειαν,

116 1811 153 1882 ἢ
187 1811 375 1874 amt;
411 1812 500 1866 διὰ
527 1813 624 1890 τοῦ
653 1815 920 1886 όρκισμοῦ
954 1816 1053 1888 τὴν
1092 1819 1338 1890 ἀνάγκην
1381 1819 1576 1887 ἐπάγει
1622 1817 1716 1872 τοῦ

114 1904 297 1972 μηδὲν
324 1884 790 1976 παραψεύέεσθαι·
810 1902 945 1974 οἷον,
969 1910 1188 1979 Ὤμοσε
1218 1912 1431 1979 Κύριος
1446 1911 1525 1977 τῷ
1538 1910 1718 1964 Δαϐὶδ

112 1997 448 2066 ἀλήθειαν,
480 2000 577 2053 καὶ
603 2002 679 2055 οὐ
699 2000 786 2070 μὴ
815 2001 1095 2069 ἁθετήσει
1117 2003 1313 2070 αὐτήν
1333 2020 1348 2034 ο
1378 2002 1613 2057 ἐνταῦθα
1655 2002 1717 2057 τὸ

115 2092 321 2145 πιστὸν
348 2093 450 2163 τῆς
477 2093 825 2164 ὑποσχέσεως
867 2092 1197 2166 ἐμπεδοῦται
1230 2096 1306 2167 τῷ
1342 2098 1512 2168 ὅρκῳ.
1548 2097 1716 2151 Ὅταν

113 2182 176 2236 δὲ
204 2184 469 2253 φροντίδα
502 2184 824 2255 ποιούμενος
851 2187 881 2240 ό
921 2186 1171 2259 Ἀδραάμ
1198 2187 1299 2258 τῆς
1326 2187 1580 2257 εὐγενοῦς
1622 2189 1716 2242 ἐπὶ

112 2274 198 2344 τῷ
232 2278 514 2344 μονογενετ
553 2276 834 2345 συζυγίας,
866 2280 1185 2351 προστάσσῃ
1239 2278 1318 2350 τῷ
1353 2280 1468 2351 ἰδίῳ
1501 2280 1711 2353 οἰκέτῃ,

119 2368 200 2435 μή
228 2381 354 2418 τινα
384 2363 493 2418 τῶν
524 2365 618 2419 τοῦ
650 2366 841 2435 γένους
867 2368 1109 2433 Χαναὰν,
1142 2368 1254 2422 τῶν
1284 2371 1348 2440 τῇ
1379 2368 1593 2440 δουλείᾳ
1611 2387 1714 2424 κα-

117 2456 600 2528 ταδεδικασμένων
647 2457 948 2523 τῳνοικίσαι
996 2457 1136 2530 πρὸς
1176 2458 1352 2530 γάμον
1384 2458 1465 2530 τῷ
1504 2459 1709 2526 Ἰσαὰκ,

120 2548 199 2611 ὡς
240 2547 309 2601 ἂν
360 2547 439 2619 μὴ
493 2547 823 2620 λυμαίνηται
854 2550 920 2619 τῇ
964 2549 1215 2618 εὐγενείᾳ
1254 2550 1356 2620 τῆς
1386 2549 1635 2622 διαδοχῆς
1678 2553 1711 2623 ἡ

115 2637 219 2693 τοῦ
252 2637 506 2692 δουλικοῦ
533 2638 725 2707 γένους
762 2637 1044 2709 ἐπιμιξία,
1094 2638 1209 2692 ἀλλ’
1239 2640 1306 2693 ἐκ
1328 2639 1430 2710 τῆς
1457 2640 1714 2713 πατρῴας

118 2730 292 2785 αὐτοῦ
320 2731 427 2801 γῆς
469 2732 562 2784 καὶ
593 2730 911 2800 συγγενείας
940 2730 1283 2802 ἁρμόσασθαι
1314 2731 1393 2803 τῷ
1423 2734 1575 2788 παιδὶ
1613 2734 1712 2804 τὴν

120 2820 391 2891 συζυγίαν
411 2863 429 2888 ,
463 2820 710 2890 ἀνάγκην
743 2806 940 2890 ἐπάγέι
976 2821 1072 2874 τοῦ
1103 2821 1179 2893 μὴ
1224 2822 1540 2895 ρᾳθυμῆσαι
1585 2826 1714 2893 περὶ

119 2913 182 2964 τὸ
212 2910 546 2981 πρόσταγμα
578 2910 663 2965 διὰ
696 2910 789 2964 τοῦ
836 2911 1054 2983 ὁρκίσαι
1100 2913 1283 2979 αὐτὸν,
1331 2914 1380 2967 εί
1434 2915 1534 2986 μὲν
1590 2901 1753 2971 ἐσπει-⁹

122 3003 327 3074 στέλλῃ
390 3003 639 3075 ποιήσειν
704 3002 774 3056 δι’
806 3002 1004 3067 αὐτὸν,
1057 3004 1157 3057 ὅσα
1204 3003 1331 3074 περὶ
1380 3003 1475 3057 τοῦ
1531 3006 1718 3071 παιδὸς
1745 2987 1788 3044 C

122 3094 472 3168 ἐδοκίμασεν.
533 3092 842 3165 Ὀρκίζεται
890 3093 1071 3148 τοίνυν
1125 3095 1230 3148 ὑπὸ
1276 3093 1371 3148 τοῦ
1417 3095 1719 3169 Ἀδραὰμό

122 3188 409 3260 θεράπων,
473 3187 561 3241 ἵνα
601 3186 680 3258 τῷ
724 3186 910 3242 Ἰσαὰκ
955 3187 1053 3258 τὴν
1100 3186 1413 3259 πρέπουσαν
1458 3189 1721 3263 συζυγίαν

123 3280 469 3351 ἁρμόσηται.
507 3278 714 3349 Διπλῆς
744 3277 924 3332 τοίνυν
957 3277 1126 3349 οὖσης
1155 3278 1255 3348 τῆς
1280 3279 1422 3333 κατὰ
1441 3281 1532 3334 τὸν
1557 3282 1719 3352 ὅρκον

122 3372 440 3444 ἐνεργείας,
467 3370 704 3428 ἐνταῦθα
732 3373 766 3443 ἡ
820 3371 957 3445 πρὸς
1010 3370 1261 3425 τοσοῦτον
1299 3371 1431 3442 ὕψος
1477 3374 1719 3445 ἀναδρα-

129 3463 311 3535 μοῦσα
346 3462 519 3534 ψυχὴ,
544 3449 670 3517 ὅσον
699 3464 758 3517 ἐν
797 3465 913 3527 τοῖς
952 3461 1452 3533 προεξητασμένοις
1477 3462 1721 3535 ἐθεωρή-

129 3569 343 3625 σαμεν,
389 3556 513 3617 ταῖς
564 3552 1035 3625 μαθητευομέναις
1080 3552 1280 3622 ψυχαῖς
1327 3552 1426 3623 τὴν
1473 3553 1610 3625 πρὸς
1657 3552 1720 3606 τὸ

126 3646 338 3699 τέλειον
368 3644 594 3717 πρόοδον
620 3644 997 3715 ὑφηγουμένη,
1026 3644 1125 3713 οὐχ
1168 3636 1244 3721 ᾧν
1284 3643 1420 3714 αῦτη
1451 3644 1718 3715 τετύχηκε

122 3740 361 3811 παρέχει
397 3741 521 3802 ταῖς
562 3737 890 3801 ἀκουούσαις
923 3736 1011 3791 διὰ
1044 3735 1140 3789 τοῦ
1184 3737 1351 3807 ὅρκου
1391 3735 1454 3789 τὸ
1481 3736 1721 3807 ἀναμφί-

127 3830 285 3883 6ολον
304 3845 321 3859 ο
352 3828 469 3882 ἀλλ’
514 3828 728 3891 ὲκείνας
754 3827 842 3881 διά
870 3826 964 3880 τοῦ
1007 3826 1274 3898 ὀρκισμοῦ
1305 3825 1446 3898 πρὸς
1472 3825 1565 3879 τὸν
1595 3827 1717 3881 κατ’

126 3924 335 3997 ἀρετὴν
361 3924 695 3995 χειραγωγεϊ
724 3920 858 3992 βίον,
898 3922 1036 3993 μετά
1060 3910 1183 3976 τότε
1206 3920 1504 3991 ἀκοίμητόν
1532 3937 1594 3973 τε
1624 3922 1719 3975 καὶ

126 4016 501 4088 ἐγρηγορυῖαν
540 4014 641 4084 τὴν
677 4014 897 4085 ἀγάπην
942 4014 1107 4084 ἔχειν,
1154 4014 1259 4077 ἕως
1304 4014 1371 4067 ἀν
1416 4015 1496 4076 είς
1544 4012 1719 4084 πέρας

126 4106 273 4159 ἔλθοι
321 4103 387 4157 τὸ
419 4102 625 4172 ἀγαθὸν
671 4101 836 4157 αὐτοῦ
885 4102 1117 4173 θέλημα.
1165 4100 1338 4155 Τοῦτο
1389 4100 1448 4155 δέ
1496 4102 1611 4154 ἐστι
1658 4100 1720 4153 τὸ

126 4199 342 4261 πάντας
374 4195 635 4265 σωθῆναι,
667 4195 761 4249 καὶ
789 4196 870 4258 είς
895 4193 1187 4263 ἐπίγνωσιν
1215 4191 1475 4265 ἀληθείας
1520 4191 1713 4246 ἐλθεῖν.

139 4289 196 4342 '0
239 4287 302 4341 δέ
338 4285 602 4357 όρκισμδς
633 4283 822 4357 ὥσπερ
867 4286 986 4338 ἐκεῖ
1030 4282 1090 4335 ἐν
1129 4282 1208 4353 τῷ
1262 4282 1424 4353 μηρῷ
1475 4281 1569 4336 τοῦ
1605 4298 1713 4337 πα·

125 4380 395 4451 τριάρχου
424 4376 659 4446 ἐγένετο,
688 4375 859 4439 οὕτως
885 4374 1121 4429 ἐνταῦθα
1146 4375 1204 4428 ἐν
1243 4373 1506 4444 δυνάμεσι
1535 4374 1630 4427 καὶ
1657 4374 1715 4427 ἐν

131 4469 383 4541 ίσχύσεσι
408 4466 502 4521 τοῦ
528 4464 699 4539 ἀγροῦ
722 4507 737 4531 ,
760 4466 933 4530 οὕτως
960 4465 1205 4529 εἰπόντος
1228 4463 1321 4519 τοῦ
1354 4464 1513 4534 λόγου
1541 4479 1557 4495 ⁸
1585 4463 1718 4532 "op.

132 4576 277 4616 κισα
306 4558 488 4630 ὑμᾶς,
513 4557 835 4629 θυγατέρες
869 4556 1288 4628 Ἰερουσαλὴμ,
1314 4557 1384 4611 ἐν
1400 4554 1716 4625 δυνάμεσι,

130 4653 230 4707 καί
279 4652 354 4706 ἐν
401 4652 689 4721 ίσχύσεσι
722 4650 831 4705 τοῦ
874 4650 1083 4720 ἀγροῦ,
1134 4650 1245 4704 ἐὰν
1293 4649 1558 4719 ὲγείρητε
1619 4647 1718 4701 και

129 4744 469 4816 ἐξετείρητε
502 4741 618 4811 τὴν
645 4741 886 4811 ἀγάπην
918 4740 1029 4807 ἕως
1076 4736 1147 4796 οὗ
1193 4738 1449 4809 θελήσῃ.
1502 4739 1720 4811 Θεωρη-

130 4838 253 4891 τέον
295 4835 478 4889 τοίνυν
514 4836 579 4888 ἐν
623 4833 855 4901 τούτοις,
907 4834 1123 4904 πρῶτον
1172 4833 1271 4905 μὲν
1312 4833 1397 4895 τίς
1439 4834 1468 4886 ὁ
1516 4831 1718 4905 ἀγρός*

134 4928 330 4982 ἒπειτα
357 4927 445 4990 τίς
488 4927 524 4996 ἡ
555 4924 710 4997 ἰσχὺς
740 4923 834 4978 τοῦ
864 4924 1038 4996 ἀγροῦ
1076 4925 1173 4980 καὶ
1199 4927 1232 4996 ἡ
1262 4923 1514 4995 δύναμις,
1549 4924 1644 4977 καὶ
1671 4924 1721 4976 εί

132 5020 397 5092 διαφοράν
443 5018 556 5089 ἔχει
596 5017 768 5071 ταῦτα
794 5015 931 5087 πρὸς
965 5015 1191 5088 ἄλληλα,
1222 5016 1257 5087 ἢ
1293 5015 1353 5071 ἐν
1378 5016 1445 5069 δι’
1478 5014 1719 5086 ἀμφοτέο

138 5128 247 5182 ρων
278 5111 400 5163 ἐστὶ
425 5109 488 5163 τὸ
519 5107 917 5179 σημαινόμενον
937 5123 951 5138 ’
983 5107 1119 5179 πρὸς
1148 5105 1379 5173 τούτοις,
1406 5108 1458 5161 τί
1482 5107 1545 5160 τὺ
1583 5107 1722 5176 ἐγεί-

140 5203 352 5273 ρεσθαι,
391 5202 487 5255 καὶ
508 5201 562 5255 τί
594 5200 656 5253 τὸ
683 5199 1053 5270 ἐξεγείρεσθαι
1078 5200 1178 5271 τὴν
1203 5199 1445 5270 ἀγάπην.
1475 5198 1548 5252 Τὸ
1572 5198 1682 5270 γὰρ
1701 5238 1716 5263 ,

140 5295 288 5361 Ἕως
336 5288 411 5350 οὗ
456 5290 723 5362 θελήσῃ,
774 5291 863 5345 διὰ
910 5290 1020 5346 τῶν
1067 5292 1374 5363 εἰρημένων
1416 5290 1719 5362 προαποδὲ-

139 5384 310 5441 δοται.

215 5565 436 5624 “Prov.
473 5583 557 5635 nl,
602 5567 691 5624 16.
777 5567 864 5622 οτι
894 5563 1131 5626 Tixnotll.
1179 5582 1235 5633 ιι,
1262 5566 1313 5621 4.
1404 5566 1445 5596 ⁸⁸
1470 5565 1611 5621 Psal.
1644 5581 1710 5621 ex

1827 1750 1970 1819 piam
1993 1748 2043 1804 ei
2075 1749 2168 1819 qui
2211 1748 2364 1803 audit
2393 1747 2575 1803 ﬁrmat
2616 1748 2776 1803 ﬁdem
2805 1748 3076 1813 veritatis,
3128 1756 3225 1801 aut
3262 1745 3406 1801 alius

1824 1856 1923 1913 per
1964 1841 2341 1912 juramentum
2388 1839 2545 1896 aliert
2603 1840 2992 1896 necessitatem
3064 1846 3122 1892 ut
3176 1836 3405 1891 minime

1824 1934 2147 1998 mentiatur,
2192 1941 2251 1986 ut
2288 1952 2302 1987 :
2333 1931 2546 1987 Juravit
2597 1932 2858 1987 Dominus
2901 1930 3070 1985 David
3104 1930 3402 1990 veritatem,

1822 2034 1872 2079 et
1898 2042 2001 2079 non
2020 2023 2373 2094 frustrabitur
2398 2040 2514 2078 eam
2539 2022 2619 2079 "‘z
2650 2023 2739 2078 hic
2761 2021 2895 2078 ﬁdes
2915 2020 3172 2093 promissi
3202 2019 3408 2075 conﬁr-

1822 2125 2005 2171 matur
2044 2116 2430 2187 jurejurando.
2463 2114 2697 2182 Quando
2730 2122 2913 2170 autem
2967 2128 3159 2168 curam
3205 2127 3405 2184 gerens

1821 2206 2099 2262 Abraham
2129 2206 2333 2262 nobilis
2385 2206 2631 2278 conjugii
2679 2205 2754 2259 ﬁli
2801 2206 2887 2261 sui
2938 2204 3110 2269 unici,
3170 2205 3404 2273 imperat

1822 2312 1983 2355 servo
2008 2314 2113 2355 suo
2133 2315 2203 2355 ne
2228 2300 2467 2370 aliquam
2496 2298 2650 2354 exiis
2668 2299 2762 2368 qui
2790 2305 2920 2352 sunt
2943 2313 3009 2352 ex
3028 2310 3229 2367 genere
3252 2293 3398 2349 Cha—

1820 2407 1961 2448 naan
1990 2431 2006 2458 ,
2038 2391 2133 2462 qui
2160 2390 2407 2447 damnati
2454 2397 2584 2445 sunt
2618 2390 2687 2445 ad
2721 2389 3067 2453 servitutem,
3105 2385 3406 2456 conjungat

1820 2485 2173 2541 matrimonio
2198 2501 2324 2541 cum
2359 2485 2477 2542 ﬁlio
2504 2484 2679 2551 Isaac,
2708 2501 2778 2541 ne
2810 2482 3188 2541 successionis
3232 2495 3404 2550 gene-

1819 2579 1899 2634 ris
1917 2578 2179 2634 nobilitas
2210 2585 2602 2648 corrumpatur
2627 2577 2888 2633 mistione
2902 2574 3123 2632 servilis
3141 2572 3362 2643 generis
3385 2583 3403 2624 :

1821 2669 1918 2727 sed
1955 2685 2021 2725 ex
2046 2670 2226 2741 patria
2256 2683 2356 2725 sua
2390 2677 2536 2724 terra
2562 2676 2615 2725 et
2636 2668 2965 2739 cognatione
2987 2665 3100 2721 tilio
3120 2680 3223 2720 suo
3250 2665 3402 2718 acci-

1820 2762 1936 2832 piat
1952 2761 2244 2833 conjugem
2265 2761 2334 2825 ",
2359 2760 2518 2816 aﬂ'ert
2537 2761 2941 2826 necessitatem,
2968 2776 3037 2815 ne
3060 2760 3113 2813 in
3131 2756 3291 2827 jussu
3313 2769 3407 2809 ex-

1820 2855 2102 2926 sequendo
2132 2854 2205 2909 sit
2236 2853 2541 2926 negligens,
2573 2860 2866 2923 propterea
2892 2850 3043 2921 quod
3077 2861 3202 2905 ‘enm
3240 2852 3403 2922 adju-

1820 2944 2046 3008 raverit,
2085 2944 2130 2999 si
2167 2959 2291 2999 eum
2329 2944 2531 3009 mittat,
2580 2951 2804 3015 propter
2835 2943 3021 3013 ipsum
3051 2956 3178 2997 esse
3224 2940 3406 2995 factu-

1825 3051 1946 3092 rum
1979 3051 2101 3107 qua:
2129 3036 2345 3090 censuit
2383 3034 2453 3090 de
2487 3034 2622 3089 ﬁlio.
2678 3033 2986 3105 Adjuratur
3008 3020 3140 3104 ergo
3166 3032 3407 3089 famulus

1826 3128 1897 3182 ah
1931 3127 2267 3192 Abrahamo,
2294 3135 2353 3181 ut
2383 3124 2557 3192 Isaac,
2606 3140 2770 3197 quam
2820 3140 2920 3196 par
2966 3132 3071 3189 est,
3110 3126 3403 3194 cunjugem

1825 3220 2083 3289 accipiat.
2118 3217 2259 3288 Ergo
2287 3216 2798 3288 cumjurisjuraudi
2817 3216 3017 3286 duplex
3042 3216 3401 3286 situperatio,

1827 3311 1915 3364 hic
1971 3309 2154 3363 anima
2203 3307 2270 3362 ad
2324 3314 2532 3360 tantam
2586 3304 2971 3360 conscendens
3030 3303 3404 3365 altitudinem,

1825 3408 2087 3472 quantam
2142 3398 2498 3468 contemplati
2551 3411 2746 3452 sumus
2801 3395 2859 3449 in
2910 3394 2977 3449 iis
3009 3409 3131 3464 quae
3182 3393 3407 3448 fuerunt

1826 3494 1980 3564 prius
2009 3491 2343 3554 examinata,
2378 3487 2670 3542 animabus
2695 3502 2818 3558 quae
2850 3487 3074 3540 discunt
3118 3500 3404 3556 exponens
3478 3500 3483 3507 ·

1825 3597 2176 3654 progressum
2208 3578 2277 3634 ad
2326 3577 2379 3632 id
2415 3576 2558 3648 quod
2594 3582 2679 3630 est
2725 3572 3052 3644 perfectum,
3118 3588 3226 3625 non
3265 3588 3407 3642 prte-

1823 3673 1916 3728 bet
1953 3669 2307 3726 audientibus
2346 3682 2442 3737 per
2478 3666 2879 3735 juramentum,
2931 3672 2989 3715 ut
3024 3663 3135 3717 sint
3178 3674 3407 3717 remotae

1825 3765 1896 3818 ab
1925 3761 2073 3817 omni
2100 3759 2450 3814 dubitatione
2476 3757 2543 3811 de
2578 3756 2647 3811 iis
2676 3770 2799 3827 quae
2827 3754 2945 3825 ipsa
2977 3762 3061 3808 est
3088 3761 3349 3807 assecuta
3388 3775 3398 3808 :

1826 3853 2006 3910 sedet
2033 3852 2156 3907 illas
2183 3849 2407 3905 deducit
2434 3848 2503 3903 ad
2540 3848 2710 3902 vitam
2745 3861 2811 3901 ex
2858 3845 3062 3900 virtute
3097 3843 3404 3915 degendam

1825 3959 1924 4015 per
1952 3938 2377 4013 adjurationem,
2410 3943 2465 3991 et
2506 3944 2566 3991 ut
2613 3951 2860 4005 eousque
2913 3935 3210 4004 insopitam
3241 3942 3297 3988 et
3328 3935 3406 3988 vi-

1825 4035 2084 4106 gilantem
2114 4030 2312 4084 haheat
2339 4028 2692 4092 charitatem,
2727 4026 2906 4081 donec
2944 4024 3011 4079 ad
3046 4024 3207 4079 ﬁnem
3236 4039 3405 4079 vene-

1826 4103 1897 4181 rit
1930 4126 2074 4180 bona
2100 4121 2221 4193 ejus
2243 4120 2523 4175 voluntas.
2548 4116 2624 4171 Ea
2650 4123 2974 4189 autemest,
2996 4123 3055 4169 ut
3087 4128 3283 4170 omnes
3308 4114 3408 4168 ho-
3437 4103 3447 4141 τ

1823 4219 2002 4273 mines
2020 4215 2160 4271 salvi
2186 4213 2339 4278 ﬁant,
2381 4218 2437 4267 et
2493 4209 2562 4265 ad
2606 4209 2949 4280 agnitionem
2996 4206 3224 4261 veniant
3264 4204 3408 4260 veri-

1826 4310 1973 4366 tatis.
2001 4306 2286 4378 Adjuratio
2316 4312 2498 4359 autem
2535 4303 2676 4359 sicut
2699 4301 2813 4355 illic
2835 4301 2976 4354 facta
2998 4307 3081 4354 est
3110 4299 3166 4353 in
3200 4296 3406 4351 femore

1824 4399 2177 4475 patriarchae,
2228 4398 2305 4453 ita
2350 4396 2441 4451 hic
2489 4396 2546 4451 in
2594 4393 2965 4466 potestatibus
3005 4398 3061 4446 et
3107 4390 3405 4445 virtutibus

1825 4494 1976 4567 agri,
2017 4492 2186 4548 verbo
2215 4490 2297 4547 sic
2334 4489 2555 4545 dicente
2587 4506 2600 4540 :
2633 4486 2895 4555 Adjuraui
2923 4501 3033 4550 vos,
3079 4484 3209 4554 ﬁlia:
3247 4482 3408 4537 Jeru-

1824 4586 2010 4650 salem,
2047 4585 2103 4638 in
2139 4578 2491 4652 potestatibus
2521 4576 2874 4632 etoirtutibus
2909 4577 3050 4647 agri,
3095 4577 3142 4630 si
3168 4575 3405 4629 excitetis

1824 4685 1875 4731 et
1905 4675 2200 4747 expergisci
2230 4672 2447 4743 faciatis
2482 4670 2823 4735 charitatem,
2844 4669 3007 4723 donec
3038 4669 3182 4723 velit.
3220 4667 3275 4720 In
3318 4667 3404 4720 his

1825 4769 2065 4840 primum
2103 4763 2574 4822 considerandum
2609 4769 2693 4818 est
2728 4761 2854 4834 quis
2886 4762 2958 4815 sit
2989 4775 3119 4831 ager
3156 4777 3169 4813 :
3206 4755 3404 4812 deinde

1823 4875 1945 4933 quae
1976 4859 2047 4916 sit
2084 4858 2259 4915 virtus
2294 4867 2351 4914 et
2374 4866 2619 4929 potestas
2651 4857 2860 4926 agri,et
2895 4868 2964 4907 an
3001 4854 3116 4907 haec
3163 4851 3306 4905 inter
3346 4865 3404 4905 se

1822 4951 2101 5016 differant,
2167 4960 2262 5005 aut
2305 4950 2351 5006 si
2430 4963 2603 5004 unum
2659 4945 2948 5016 utriusque
3011 4941 3402 5012 signiﬁcatum.

1822 5042 2092 5098 Praeterea
2134 5043 2267 5113 quid
2302 5042 2376 5098 sit
2406 5041 2683 5105 excitare,
2730 5047 2784 5095 et
2813 5036 2947 5109 quid
2977 5033 3287 5111 expergisci
3327 5030 3406 5086 fa-

1823 5151 1948 5193 cere
1970 5134 2315 5191 charitatem.
2373 5132 2513 5188 Illud
2564 5133 2708 5188 enim
2750 5151 2763 5186 :
2809 5130 2986 5185 Donec
3051 5127 3195 5193 velit,
3250 5127 3401 5199 prius

1826 5228 1930 5283 luit
1957 5226 2273 5297 explicitum
2308 5239 2405 5295 per
2447 5240 2512 5279 ea
2564 5238 2685 5293 quae
2715 5223 2860 5278 dicta
2895 5228 3043 5278 sunt;

2073 5562 2115 5594 θ’
2146 5561 2281 5617 Gen.
2314 5573 2461 5625 xxrv,
2486 5556 2522 5616 2
2551 5572 2671 5627 sqq.
