3752 5984
326 135 428 191 855

1538 142 1579 198 S
1621 141 1949 201 GREGORII
1982 144 2278 203 NYSSENI

3484 151 3608 209 856

395 246 577 315 Atque
609 246 757 338 quod
790 261 887 317 per
925 262 1119 319 agrum
1148 248 1372 321 quidem
1419 251 1684 308 mundum
1726 255 1877 326 signi

2119 259 2199 314 δτι
2248 261 2347 331 μὲν
2389 259 2477 314 διά
2517 260 2611 316 τοῦ
2659 260 2832 335 ἀγροῦ
2868 261 2960 316 τὸν
2998 263 3205 334 κόσμον
3244 265 3504 336 σημαίνει
3559 269 3601 338 ἠ

328 335 451 391 ﬁcct
478 353 592 393 vox
629 337 865 404 Domini,
896 356 963 395 ex
992 338 1304 410 Evangeliis
1337 342 1515 399 cuivis
1559 354 1646 401 est
1678 348 1899 417 perspi-

326 444 513 483 cuum.
550 429 708 496 Quod
738 443 917 487 autem
970 441 1220 505 transeat
1256 433 1429 505 ﬁgura
1483 437 1675 491 mundi
1713 439 1899 508 hujus.

324 529 382 575 et
420 522 567 591 quod
599 523 655 577 in
688 532 886 579 natura
920 526 1164 580 instabili
1205 526 1346 581 nihil
1379 526 1596 583 ﬁrmum
1640 531 1903 585 ostenda-

328 620 421 666 tur
456 621 511 668 et
555 614 774 679 stabile,
811 622 896 671 est
945 616 1171 673 evidens
1205 633 1270 673 ex
1314 634 1511 689 magna
1564 628 1620 676 et
1679 623 1902 676 sublimi

326 720 463 760 voce
496 705 861 772 Ecclesiastes,
892 709 987 778 qui
1020 709 1290 779 quidquid
1335 720 1563 781 apparet
1591 721 1646 766 et
1671 715 1899 778 transit,

329 793 489 858 inter,
506 809 571 849 ea
602 811 722 864 qua:
747 805 877 851 sunt
909 812 1047 851 vana
1094 801 1500 857 annumeravit.
1531 800 1790 867 Quaenam
1821 810 1905 858 est

328 900 460 953 ergo
492 893 740 955 potestas
767 886 931 957 hujus
960 889 1076 958 agri
1102 889 1194 958 qui
1227 898 1313 944 est
1340 892 1610 947 mundus?
1653 900 1749 945 aut
1780 909 1904 962 quas

329 972 504 1029 virtus
535 990 999 1046 eorum,quorum
1039 980 1303 1033 memoria
1346 979 1508 1036 elIicit
1557 980 1773 1037 ﬁliabus
1808 981 1903 1037 Je-

328 1064 567 1119 rusalem
620 1072 681 1119 ut
737 1080 848 1120 non
903 1066 975 1120 sit
1024 1067 1448 1122 transiliendum
1507 1072 1903 1141 praeceptum?

328 1149 463 1205 Nam
499 1153 546 1207 si
576 1153 644 1207 ad
680 1167 743 1208 ea
774 1169 894 1224 quae
924 1164 1185 1225 apparent
1219 1157 1575 1225 aspiciamus,
1621 1158 1763 1214 hanc
1792 1161 1908 1215 exi-

332 1239 704 1294 stimationcm
736 1241 916 1310 rejicit
948 1241 1329 1307 Ecclesiastes,
1354 1245 1511 1313 quasi
1559 1246 1614 1301 in
1660 1248 1742 1303 eis
1770 1264 1907 1303 non—

329 1329 479 1384 nulla
511 1331 584 1385 sit
610 1332 695 1386 vis
734 1333 1045 1401 potestatis,
1074 1349 1275 1389 vanum
1310 1336 1605 1393 nominans
1642 1340 1908 1410 quidquid

332 1422 388 1473 in
431 1420 516 1475 eis
554 1422 883 1486 ostenditur,
932 1433 987 1478 ct
1021 1425 1075 1479 in
1110 1424 1258 1495 quod
1311 1427 1552 1482 studium
1599 1428 1904 1485 confertur.

330 1509 464 1564 Nam
497 1512 640 1581 quod
675 1522 760 1568 est
792 1528 1013 1578 vanum,
1065 1531 1174 1570 non
1209 1518 1487 1574 consistit.
1533 1518 1690 1585 Quod
1724 1531 1905 1578 autem

2003 347 2098 402 τοῦ
2124 351 2395 404 Δεσπότου
2426 351 2597 423 φωνὴ,
2628 354 2798 407 παντὶ·
2813 352 2971 424 δῆλον
2996 356 3062 407 ἐκ
3093 353 3202 407 τῶν
3232 356 3605 424 Εύαγγελίων

2004 441 2152 495 ἐστίν
2177 459 2191 473 ’
2222 443 2303 496 ὅτι
2335 443 2393 497 δὲ
2435 444 2674 515 παράγει
2704 446 2766 499 τὸ
2802 448 2990 516 σχῆμα
3014 444 3109 499 τοῦ
3132 446 3339 517 κόσμου
3369 449 3601 515 τούτου,

2006 531 2100 584 καὶ
2131 531 2282 585 οὐδὲν
2325 532 2521 600 πάγιον
2557 534 2831 587 δείκνυται
2860 535 2918 587 ἐν
2954 536 3021 605 τῇ
3056 535 3362 607 ἀστατούσῃ
3407 536 3597 605 φύσει,

2004 619 2162 691 δῇλον
2188 624 2252 675 ἐκ
2278 622 2377 693 τῆς
2400 624 2493 676 τοῦ
2527 622 2952 695 Ἐκκλησιαστοῦ
2981 625 3393 695 μεγαλοφωνίας
3418 629 3598 693 ἐστὶν,

2004 708 2063 772 ὃς
2095 710 2203 762 πᾶν
2224 711 2543 781 φαινόμενόν
2572 729 2632 765 τε
2658 714 2754 768 καὶ
2783 715 3213 787 παρερχόμενον,
3248 718 3306 770 ἐν
3338 719 3600 788 ματαίοις

2006 796 2329 869 ἠρίθμησεν.
2366 800 2462 864 Τίς
2493 796 2587 854 οὖν
2619 802 2653 871 ἠ
2691 801 2919 873 δύναμις
2948 802 3042 856 τοῦ
3064 804 3304 857 τοιούτου
3331 804 3533 876 ἀγροῦ,
3564 808 3599 860 ὃ

2007 889 2155 942 ἐστιν
2184 891 2213 942 ό
2238 889 2475 960 κόσμος;
2509 892 2579 944 Ἢ
2606 891 2688 955 τίς
2720 892 2753 963 ή
2786 894 2959 967 ἰσχὺς,
2988 886 3063 947 ὧν
3092 896 3125 963 ὴ
3157 895 3342 966 μνήμη
3371 897 3600 966 ἀπαρά-

2009 977 2169 1032 ϐατον
2200 983 2344 1034 ποιεί
2383 980 2472 1033 διὰ
2502 980 2598 1034 τοῦ
2642 983 2907 1053 όρκισμοῦ
2952 986 3075 1048 ταῖς
3111 984 3442 1058 θυγατράσιν
3495 989 3599 1041 Ἱεο

2013 1069 2291 1142 ρσυσαλὴμ
2318 1073 2379 1125 τὸ
2413 1072 2810 1143 παράγγελμα;
2839 1074 2901 1126 Et
2928 1075 3026 1145 μὲν
3056 1077 3165 1146 γὰρ
3202 1077 3337 1148 πρὸς
3359 1077 3429 1131 τά
3460 1094 3595 1147 φαι-

2010 1161 2212 1230 νόμενα
2254 1162 2546 1233 βλέπομεν,
2590 1163 2667 1227 ὡς
2697 1161 2864 1234 οὔσης
2903 1165 3049 1228 τινὸς
3078 1168 3136 1219 ἐν
3172 1166 3385 1229 τούτοις
3423 1167 3595 1221 δυνά-

2014 1266 2189 1320 μεως,
2265 1252 2685 1322 παραγράφεται
2747 1252 2846 1323 τὴν
2912 1255 3167 1325 τοιαύτην
3226 1255 3501 1326 ὑπόληψιν
3563 1259 3596 1310 ό

2024 1342 2471 1415 Ἐκκλησιαστὴς,
2525 1345 2752 1414 μάταιον
2799 1345 3232 1414 ὀνομάζων-πᾶν
3268 1350 3325 1401 ἐν
3373 1348 3596 1411 τούτοις

2010 1432 2353 1503 δεικνύμενόν
2379 1451 2438 1487 τε
2469 1435 2564 1488 καὶ
2603 1432 3055 1504 σπουδαζόμενον.
3105 1434 3180 1489 Τὸ
3220 1435 3328 1507 γὰρ
3356 1438 3594 1507 μάταιον

2011 1525 2109 1594 οὐχ
2142 1524 2433 1593 ὑφέστηκε.
2481 1525 2556 1578 Τὸ
2581 1525 2638 1579 δὲ
2690 1527 2764 1596 μὴ
2811 1526 3042 1595 ὑφεστδς
3073 1525 3211 1580 κατὰ
3246 1526 3345 1598 τὴν
3373 1528 3589 1593 οὐσίαν,

332 1603 387 1657 in
426 1604 660 1659 essentia
694 1620 804 1659 non
847 1607 1126 1672 consistit,
1164 1624 1274 1663 non
1312 1610 1477 1665 habet
1514 1613 1789 1669 virtutem.

2108 1616 2161 1666 ὒν
2190 1614 2289 1666 οὐκ
2332 1615 2465 1684 ἔχει.
2494 1616 2563 1668 Ἢ
2593 1614 2733 1685 τάχα
2760 1615 2848 1669 διά
2875 1616 2972 1685 τῆς
3004 1614 3369 1685 πληθυντικῆς
3402 1632 3471 1685 ση
3482 1633 3590 1685 μα-

332 1696 474 1751 forte
503 1711 600 1767 per
628 1696 892 1766 pluralem
923 1698 1372 1768 signiﬁcationem
1399 1701 1565 1771 hujus
1590 1708 1905 1774 potestatis,

331 1788 564 1843 inveniri
597 1797 776 1856 potest
820 1790 1002 1860 aliqua
1044 1806 1241 1847 sensus
1272 1792 1626 1861 conjectura?
1660 1795 1719 1850 ln
1750 1810 1909 1852 sacra

328 1879 473 1933 enim
505 1879 791 1947 Scriptura
824 1880 986 1934 talem
1016 1882 1257 1938 nominis
1289 1881 1655 1939 diﬂ‘erentiam
1705 1886 1759 1940 in
1809 1888 1911 1941 bu-

325 1970 568 2037 jusmodi
612 1972 890 2035 novimus,
936 1980 996 2024 ut
1042 1971 1263 2041 quando
1318 1975 1673 2044 singulariter
1707 1977 1910 2032 dicitur

331 2060 506 2116 virtus
529 2061 598 2125 ⁷⁸,
642 2062 709 2115 ad
757 2060 929 2116 Deum
979 2061 1249 2117 referatur
1296 2067 1567 2120 sententia
1606 2066 1772 2137 hujus
1814 2084 1911 2123 vo-

329 2151 411 2204 cis
440 2169 451 2204 :
484 2151 706 2220 quando
743 2160 927 2206 autem
966 2167 1062 2222 per
1096 2152 1324 2222 ﬁguram
1356 2156 1620 2223 pluralem
1654 2162 1911 2212 enuntia-

332 2252 443 2307 tur,
474 2244 713 2298 ostendit
740 2252 995 2298 naturam
1042 2244 1367 2314 angelicam,
1406 2254 1485 2313 ut,
1520 2247 1766 2303 Christus
1812 2248 1911 2303 Dei

330 2333 520 2397 t't'rtus,
551 2343 597 2389 et
637 2334 737 2401 De!
778 2335 1040 2404 sapientia
1071 2337 1147 2403 7‘;
1188 2336 1276 2390 hic
1318 2336 1587 2408 singulari
1638 2340 1804 2394 Deum
1843 2339 1913 2394 si-

333 2423 574 2494 gniﬁcat.
616 2424 859 2479 Laudate
892 2424 1208 2492 Dominum,
1235 2442 1413 2481 omnes
1450 2428 1665 2482 virtutes
1701 2431 1814 2498 ejus
1839 2430 1906 2482 ⁷⁸.

333 2512 431 2569 ilic
469 2515 683 2586 plurale
727 2516 994 2569 virtutum
1060 2515 1269 2569 indicat
1320 2516 1772 2587 signiﬁcationem
1807 2533 1908 2572 na-

335 2614 473 2660 ιιιινε
539 2607 885 2677 angelorum,
937 2622 1060 2676 quas
1108 2607 1254 2661 cadit
1302 2608 1407 2662 sub
1470 2607 1907 2678 intelligentiam.

331 2696 540 2753 Nomen
578 2706 760 2753 autem
794 2699 1084 2769 potestatis
1116 2699 1281 2753 simul
1324 2707 1610 2769 acceptum
1641 2714 1766 2753 cum
1796 2705 1908 2754 vir-

333 2792 449 2846 tut‘e
485 2790 650 2845 habet
692 2790 983 2845 clariorem
1019 2790 1305 2845 sententiae
1344 2790 1787 2860 expressionem;
1830 2790 1909 2845 sic

336 2876 620 2948 Scriptura
659 2894 754 2950 per
789 2877 1039 2934 iteratam
1068 2878 1446 2949 repetitionem
1473 2879 1759 2934 verborum
1792 2894 1912 2949 quae

332 2970 535 3024 habent
573 2970 821 3025 eamdem
854 2970 987 3039 vim,
1037 2970 1248 3026 ﬁrmius
1279 2984 1343 3026 ac
1371 2970 1623 3027 stabilius
1671 2970 1724 3025 id
1764 2972 1908 3042 quod

335 3063 473 3129 vult,
524 3064 889 3134 exprimente,
936 3072 996 3118 ut
1056 3064 1216 3126 illud,
1260 3064 1520 3119 Dominus
1570 3065 1735 3119 virtus
1772 3082 1908 3132 mea,

337 3155 594 3209 Dominus
646 3155 1039 3223 ﬁrmamentum
1087 3171 1259 3209 meum
1282 3154 1350 3211 ⁷³.
1407 3154 1552 3209 Idem
1603 3155 1747 3211 enim
1804 3165 1909 3222 est,

335 3247 478 3317 quod
510 3246 607 3318 per
633 3254 930 3317 utrumque
958 3247 1186 3303 verbum
1224 3246 1589 3317 signiﬁcatur.
1623 3245 1730 3301 Sed
1759 3261 1913 3302 com-

336 3339 539 3410 positio
595 3353 785 3394 eorum
838 3354 959 3409 quae
1012 3354 1197 3409 parem
1255 3339 1362 3393 vim
1422 3338 1658 3402 habent,
1708 3338 1914 3394 indicat

334 3428 705 3485 intensionem
752 3427 874 3499 ejus
910 3429 1057 3500 quod
1095 3428 1459 3498 signiﬁcatur.
1505 3428 1742 3484 Pluralis
1782 3445 1913 3500 ergo

334 3521 598 3575 virtutum
635 3519 986 3590 signiﬁcatio,
1032 3527 1088 3574 et
1122 3520 1289 3575 simili
1328 3521 1489 3575 modo
1529 3521 1731 3576 mentio
1762 3529 1914 3591 pote-

335 3620 562 3678 statum,
612 3611 829 3666 videtur
875 3617 1112 3666 mentem
1157 3611 1468 3665 auditorum
1527 3611 1798 3666 deducere
1845 3611 1912 3665 ad

336 3702 634 3774 angelicam
682 3710 958 3757 naturam.
1019 3699 1139 3767 Quo
1184 3701 1244 3756 ﬁt
1283 3710 1343 3756 ut
1387 3702 1681 3772 adjuratio,
1728 3717 1849 3773 quae
1882 3717 1913 3755 a

335 3795 603 3867 magistro
659 3793 951 3849 adhibetur
994 3793 1285 3849 animabus
1340 3810 1463 3864 qua:
1530 3795 1786 3860 discunt,
1844 3795 1912 3849 ad

334 3885 808 3940 conlirmationem
858 3899 1047 3938 eorum
1094 3899 1215 3954 quae
1262 3892 1388 3939 sunt
1434 3883 1748 3954 dijudicata,
1804 3901 1913 3939 non

336 3981 407 4037 sit
426 3978 692 4033 adversus
714 3978 858 4031 hunc
871 3975 1133 4031 mundum
1152 3976 1242 4045 qui
1264 3977 1522 4045 praeterit,
1539 3975 1633 4031 sed
1652 3976 1913 4033 adversus

336 4083 552 4138 semper
578 4074 987 4137 permanentem
1020 4066 1334 4135 angelorum
1370 4074 1642 4132 naturam,
1684 4065 1752 4119 ad
1777 4082 1914 4136 quos

330 4160 558 4228 iubetur
603 4160 872 4229 aspicere,
916 4166 977 4212 ut
1020 4156 1306 4212 conﬁrmet
1352 4157 1602 4227 exemplo
1645 4156 1915 4212 stabilita-

2012 1702 2129 1763 σίας
2154 1701 2252 1772 τῆς
2289 1704 2429 1755 κατά
2461 1702 2557 1774 τὴν
2588 1702 2835 1773 δύναμιν,
2870 1701 2986 1754 ἔστι
3012 1701 3136 1755 τινά
3163 1702 3469 1772 στοχασμὸν
3500 1704 3594 1756 εὑ-

2012 1795 2124 1863 ρεῖν
2157 1791 2251 1844 τοῦ
2283 1794 2593 1863 νοήματος;
2625 1791 2892 1862 Τοιαύτην
2926 1790 3036 1862 γὰρ
3063 1790 3308 1861 ἔγνωμεν
3336 1791 3495 1861 παρὰ
3522 1793 3590 1861 τῇ

2008 1883 2140 1954 ἁγίᾳ
2188 1883 2371 1955 Γραφῇ
2402 1883 2661 1953 διαφορὰν
2694 1883 2786 1935 ἐπὶ
2816 1882 2925 1936 τῶν
2957 1871 3213 1935 τοιούτων
3252 1880 3578 1951 ὀνομάτων*

2008 1975 2135 2028 ὅταν
2167 1975 2265 2045 μὲν
2291 1974 2591 2045 μοναδικῶς
2614 1976 2648 2045 ἡ
2674 1974 2901 2044 δύναμις
2916 1974 3159 2047 λέγηται,
3178 1974 3313 2037 ποὸς
3341 1975 3405 2027 τὸ
3423 1972 3613 2025 Θεῖον.

2009 2066 2387 2137 ἀναπέμπεται
2415 2065 2503 2118 διὰ
2526 2066 2625 2136 τῆς
2653 2065 2903 2131 τοιαύτης
2929 2066 3164 2136 φωνῆςή
3188 2065 3395 2119 διάνοια
3411 2082 3426 2096 θ
3458 2066 3595 2118 ὅταν

2008 2155 2064 2209 δὲ
2097 2155 2185 2210 διὰ
2227 2154 2322 2208 τοῦ
2376 2155 2739 2225 πληθυντικοῦ
2775 2157 3052 2226 σχήματος
3092 2152 3419 2223 ἐκφωνῆται,
3491 2153 3595 2225 τὴν

2010 2246 2302 2316 ἀγγελικὴν
2324 2246 2483 2315 φύσιν
2505 2246 2582 2316 τῷ
2597 2246 2740 2317 λόγῳ
2761 2246 3086 2317 παρίστησιν
3113 2264 3127 2277 ·
3145 2239 3281 2309 οἷον,
3308 2244 3593 2313 Χριστὸς,

2012 2331 2159 2386 Θεοῦ
2191 2331 2444 2401 δύναμις
2476 2332 2576 2386 καὶ
2624 2334 2830 2402 σοφία,
2861 2332 3094 2386 ἐνταῦθα
3123 2334 3200 2404 τῷ
3231 2333 3509 2404 μοναδικῷ
3532 2334 3597 2387 τὸ

2010 2423 2163 2477 Θεῖον
2188 2422 2499 2494 ἐγνώρισεν.
2529 2423 2847 2498 Εὐλογεῖτε
2876 2423 2982 2477 τόν
3014 2425 3232 2497 Κύριον
3255 2465 3271 2488 ,
3301 2420 3497 2478 πᾶσαι
3532 2425 3596 2476 al

2010 2517 2290 2587 δυνάμεις
2335 2518 2542 2571 αὑτοῦ.
2596 2514 2726 2573 Ὧδε
2771 2519 2833 2571 τὸ
2876 2517 3233 2588 πληθυντικὸν
3280 2518 3392 2571 τῶν
3430 2518 3597 2571 δυνά·

2015 2626 2159 2678 μεων
2184 2608 2283 2677 τῆς
2308 2607 2503 2677 νοητῆς
2535 2607 2642 2662 τῶν
2672 2608 2917 2676 ἀγγέλων
2947 2607 3158 2677 φύσεως
3181 2607 3280 2679 τὴν
3312 2605 3598 2677 σημασίαν

2010 2700 2366 2755 ἐνδείκνυται.
2400 2700 2473 2753 Τὸ
2501 2700 2559 2752 δὲ
2582 2701 2681 2770 τῆς
2711 2700 2892 2770 ίσχύος
2921 2700 3090 2771 ὄνομα
3121 2698 3599 2770 συμπαραληφθὲν

2014 2791 2151 2862 μετά
2176 2792 2271 2862 τῆς
2300 2791 2578 2862 δυνάμεως
2599 2830 2614 2856 ,
2646 2791 2893 2845 ἐπίτασιν
2923 2789 3154 2860 τῆς⁴’τοῦ
3191 2791 3465 2860 νοήματος
3494 2791 3600 2860 ἐμ-

2012 2882 2228 2949 φάσεως
2259 2883 2371 2954 ἔχει
2389 2901 2402 2915 ·
2434 2883 2575 2937 οὕτω
2602 2886 2699 2952 τῆς
2728 2883 2949 2953 Γραφῆς
2978 2882 3065 2936 διά
3084 2883 3182 2953 τῆς
3202 2882 3599 2953 ἐπαναλήψει-ις

2013 2976 2121 3030 τῶν
2155 2975 2617 3047 ἰσοδυναμούντων
2635 2976 2894 3047 ῥημάτων
2926 2973 3265 3045 βεϐαιότερον
3291 2972 3599 3044 ἐμφαινού-

2015 3083 2114 3139 σης
2143 3067 2172 3121 ὃ
2211 3066 2490 3137 βούλεται·
2539 3065 2615 3128 ὡς
2652 3065 2731 3129 τὸ,
2790 3064 2986 3133 Κύριε,
3024 3065 3063 3132 ἡ
3095 3064 3272 3133 ἰσχύς
3318 3080 3440 3132 μου
3492 3063 3599 3115 καὶ

2012 3156 2316 3228 στερέωμά
2339 3174 2481 3227 μου.
2517 3155 2725 3210 Ταύτδν
2750 3155 2859 3227 γάρ
2891 3155 3149 3225 ἑκάτερον
3186 3153 3295 3206 τῶν
3326 3152 3599 3224 ῥημάτων

2011 3251 2073 3304 τὸ
2114 3249 2546 3321 σημαινόμενονι
2595 3246 2707 3302 ἀλλ’
2743 3248 2780 3318 ἡ
2811 3247 2921 3300 τῶν
2957 3244 3420 3316 ἰσοδυναμούντων
3463 3261 3597 3297 συνο

2014 3341 2153 3413 θήκη
2187 3341 2409 3407 ἔνδειξιν
2455 3340 2688 3392 ποιεῖται
2741 3338 2840 3408 τῆς
2894 3337 3035 3391 κατά
3075 3337 3136 3390 τὸ
3190 3335 3600 3406 σημαινόμενον

2012 3433 2333 3493 ἐπιτάσεως.
2374 3431 2438 3484 Ἦ
2464 3433 2643 3483 τοίνυν
2673 3428 2783 3482 τῶν
2811 3428 3091 3498 δυνάμεων
3116 3425 3454 3497 πληθυντικὴ
3493 3443 3595 3497 σηα

2017 3526 2209 3597 μασία,
2242 3523 2337 3577 καὶ
2374 3524 2408 3594 ἡ
2437 3523 2792 3594 ὁμοιότροπος
2832 3520 2941 3573 τῶν
2985 3519 3181 3591 ίσχύων
3215 3519 3426 3590 μνήμη,
3453 3518 3600 3589 πρὸς

2012 3617 2111 3688 τὴν
2138 3614 2434 3686 ἀγγελικὴν
2483 3614 2626 3667 ἔοικε
2656 3612 2815 3682 φύσιν
2862 3611 3094 3681 ἀπάγειν
3133 3610 3244 3663 τῶν
3283 3610 3598 3663 ἀκουόντων

2011 3708 2109 3780 τὴν
2142 3706 2378 3760 ἔννοιανο
2433 3704 2575 3758 ὥστε
2618 3705 2709 3759 τὸν
2734 3703 2996 3774 όρκισμὸν
3039 3701 3129 3755 τὸν
3177 3702 3268 3754 ἐπὶ
3300 3700 3598 3770 βεϐαιώσει

2012 3800 2122 3853 τῶν
2158 3796 2497 3869 κεκριμένων
2542 3794 2692 3865 παρὰ
2718 3794 2819 3865 τῆς
2861 3794 3225 3856 διδασκαλίας,
3252 3796 3374 3856 ταῖς
3411 3791 3596 3863 μαθηο

2014 3891 2328 3960 τευομέναις
2354 3888 2550 3959 ψυχαῖς
2580 3885 3008 3957 προσαγόμενον,
3049 3884 3124 3956 μὴ
3153 3883 3296 3938 κατὰ
3318 3882 3413 3936 τοῦ
3449 3899 3599 3953 παρ-

2019 3985 2241 4052 άγοντος
2276 3980 2521 4050 γίνεσθαι
2554 3979 2760 4049 κόσμου
2785 4021 2800 4041 ,
2829 3977 2964 4031 άλλά
2990 3976 3129 4031 κατὰ
3178 3976 3276 4047 τῆς
3306 3975 3596 4046 ἐπιδιαμε-

2016 4075 2210 4144 νούσης
2247 4073 2420 4126 εἰσαεὶ
2466 4071 2678 4141 φύσεως
2712 4069 2822 4124 τῶν
2867 4069 3135 4139 ἀγγέλων,
3164 4068 3302 4141 πρὸς
3343 4067 3437 4131 οὓς
3470 4067 3598 4137 βλέ-

2016 4184 2138 4219 πειν
2169 4163 2553 4229 διακελεύεται,
2602 4164 2689 4217 ἵνα
2721 4162 2783 4215 τὸ
2827 4161 3021 4229 πάγιόν
3073 4177 3133 4214 τε
3179 4160 3273 4213 καὶ
3327 4160 3596 4229 στάσιμον

337 4260 446 4307 tem
482 4260 538 4307 ct
583 4249 949 4306 constantiam
1006 4249 1131 4303 vitae
1168 4262 1291 4318 quae
1339 4264 1405 4303 ex
1462 4248 1666 4303 virtute
1708 4248 1815 4318 agit

2108 4276 2113 4315 ῑ
2137 4259 2255 4311 κατ’
2284 4256 2482 4328 ἀρετὴν
2510 4255 2782 4318 πολιτείας
2813 4252 3086 4325 βεϐαιώσῃ
3112 4253 3189 4323 τῷ
3210 4252 3590 4321 ὑποδείγματι.

336 4343 470 4400 Nam
502 4343 760 4415 quoniam
793 4341 962 4396 vitam
1005 4348 1128 4410 post
1157 4340 1618 4395 resurrectionem
1654 4339 1914 4410 angelicae

336 4443 549 4491 naturae
609 4434 845 4490 similem
908 4433 1151 4488 futuram
1207 4439 1293 4487 est
1333 4430 1612 4501 pollicitus
1645 4430 1778 4502 (non
1829 4437 1914 4487 est

218 4546 231 4557 σ
335 4533 517 4580 autem
542 4522 778 4579 mendax
807 4523 853 4578 is
885 4523 978 4593 qui
1020 4522 1316 4593 promisit),
1350 4536 1696 4592 consequens
1721 4522 1910 4586 fuerit,

334 4618 500 4674 etiam
528 4630 650 4671 eam
694 4630 816 4684 quae
845 4622 930 4672 est
971 4616 1026 4670 in
1062 4614 1266 4670 mundo
1299 4614 1466 4669 vitam
1509 4614 1808 4684 praeparari
1844 4614 1914 4670 ad

334 4725 454 4767 eam
493 4725 615 4781 qua:
657 4718 846 4779 postea
893 4717 979 4765 cst
1028 4708 1238 4774 futura,
1274 4716 1334 4761 ut
1378 4706 1473 4776 qui
1525 4706 1584 4763 in
1627 4722 1794 4764 carne
1829 4709 1913 4763 vi—

333 4811 492 4867 vunt,
515 4803 571 4858 in
592 4818 725 4874 agro
747 4801 933 4858 mundi
965 4802 1227 4872 degentes
1253 4816 1362 4855 non
1393 4801 1581 4855 vivant
1608 4801 1910 4857 secundum

334 4911 593 4959 carnem,
639 4910 818 4965 neque
865 4893 1286 4949 conformentur
1338 4891 1468 4946 huic
1528 4891 1766 4960 mundo,
1813 4893 1911 4948 sed

336 4988 780 5058 prmmeditenlur
820 5001 942 5042 eam
988 4987 1157 5042 vitam
1203 5000 1324 5054 quae
1376 4992 1650 5054 speratur,
1694 5000 1791 5054 per
1831 4985 1913 5040 vi-

337 5088 445 5133 tam
485 5095 608 5150 quae
651 5078 834 5149 agitur
860 5078 914 5133 in
967 5079 1070 5132 hoc
1101 5076 1325 5132 mundo.
1373 5075 1669 5147 Propterea
1709 5091 1912 5147 sponsa

336 5170 493 5229 altert
535 5171 735 5226 animis
777 5184 967 5224 eorum
1014 5169 1109 5238 qui
1151 5168 1374 5225 discunt
1413 5168 1555 5227 hanc
1600 5184 1696 5238 per
1728 5164 1911 5242 jusju-

340 5262 571 5317 randum
605 5263 1101 5324 conlirmationem,
1137 5268 1196 5316 ut
1220 5276 1408 5315 eorum
1433 5260 1545 5315 vita
1574 5275 1694 5330 qua:
1726 5261 1779 5313 in
1806 5260 1911 5314 hoc

336 5364 472 5424 agro
507 5362 657 5407 recte
694 5352 934 5423 degitur,
966 5353 1201 5423 aspiciat
1231 5354 1295 5407 ad
1323 5352 1577 5417 virtutes,
1615 5366 1710 5422 per
1739 5352 1910 5421 impa-

406 5525 454 5558 '"
481 5526 640 5580 Rom.
676 5542 715 5593 ι,
750 5527 835 5583 l6.
921 5529 962 5561 '“
992 5528 1009 5581 Ι
1042 5528 1168 5584 Cor.
1218 5545 1255 5594 ι,
1288 5529 1377 5583 ΞΗ.

1457 5530 1500 5559 ’³
1528 5527 1673 5583 Psal.
1711 5543 1935 5601 cantu,
1969 5528 2022 5583 ‘2.

2030 4349 2246 4419 Ἐπειδὴ
2292 4347 2400 4418 γάρ
2436 4346 2526 4399 τὸν
2579 4344 2717 4416 μετὰ
2761 4344 2859 4414 τὴν
2909 4343 3205 4397 ἀνάστασιν
3248 4341 3360 4411 βίον
3407 4341 3594 4410 ὅμοιον

2015 4439 2348 4512 ἐπήγγελται
2368 4441 2431 4509 τῇ
2459 4436 2787 4491 καταστάσει
2813 4434 2920 4487 τῶν
2946 4432 3246 4505 ἀνθρώπων
3266 4431 3595 4503 γενήσεσθαι

2017 4530 2274 4601 (ἀψευδὴς
2311 4528 2420 4601 γὰρ
2463 4531 2493 4582 ό
2519 4525 3030 4597 ἐπαγγειλάμενος),
3080 4523 3370 4577 ἀκόλουθον
3400 4523 3467 4577 ἂν
3505 4523 3593 4595 εἴη

2016 4624 2113 4677 καὶ
2141 4623 2240 4693 τὴν
2272 4624 2330 4676 ἐν
2373 4620 2452 4691 τῷ
2481 4621 2672 4691 κόσμῳ
2722 4618 2867 4689 ζωὴν
2915 4616 3053 4689 πρὸς
3091 4617 3191 4688 τὴν
3231 4614 3595 4685 ἐλπιζομένην

2020 4714 2161 4786 μετά
2196 4713 2366 4767 ταῦτα
2411 4709 2945 4781 παρασκευάζεσθαι,
2990 4707 3132 4761 ὥστε
3166 4710 3223 4760 ἐν
3258 4706 3425 4777 σαρκὶ
3454 4705 3596 4770 ζῶν-

2017 4823 2137 4870 τας,
2179 4807 2273 4860 καὶ
2304 4807 2361 4859 ὲν
2395 4803 2550 4876 ἀγρῷ
2579 4803 2673 4857 τοῦ
2705 4803 2908 4873 κόσμου
2942 4800 3131 4854 τούτου
3166 4799 3471 4867 διάγοντας,
3517 4798 3593 4868 μὴ

2018 4898 2160 4952 κατά
2205 4896 2384 4967 σάρκα
2435 4896 2552 4966 ζῇν,
2608 4894 2741 4966 μηδὲ
2788 4890 3283 4964 συσχηματίζεσθαι
3316 4888 3395 4958 τῷ
3435 4888 3595 4941 αἰῶνι

2016 4988 2211 5058 τούτῳ,
2252 4986 2387 5040 ἀλλά
2436 4985 2774 5057 προμελετᾷν
2821 4984 2911 5037 τὸν
2959 4982 3310 5052 ἐλπιζόμενον
3363 4979 3475 5050 βίον
3503 4979 3594 5034 διὰ

2017 5082 2112 5151 τῆς
2142 5082 2199 5133 ἐν
2233 5078 2311 5149 τῷ
2351 5078 2539 5149 κόσμῳ
2570 5077 2733 5147 ζωῆς.
2768 5075 2866 5128 Διά
2886 5074 3043 5127 τοῦτο
3065 5073 3165 5143 τὴν
3193 5073 3278 5125 διὰ
3312 5072 3405 5125 τοῦ
3430 5073 3594 5141 ὅρκου

2019 5172 2309 5245 βεϐαίωσιν
2354 5172 2574 5241 ἐμποιεῖ
2616 5171 2733 5231 ταῖς
2765 5168 2964 5237 ψυχαῖς
2993 5165 3100 5218 τῶν
3134 5163 3594 5235 μαθητευομένων

2016 5264 2049 5334 ἡ
2094 5262 2310 5333 νύμφη,
2343 5261 2484 5315 ὥστε
2528 5262 2625 5330 τὴν
2659 5259 2804 5328 ζωὴν
2835 5257 3013 5310 αὐτῶν
3068 5256 3164 5327 τὴν
3212 5256 3269 5307 ἐν
3312 5253 3391 5323 τῷ
3439 5252 3595 5322 ἀγρῷ

2016 5355 2189 5424 τούτῳ
2236 5352 2683 5423 κατορθουμένην
2729 5350 2865 5421 πρὸς
2908 5346 3006 5411 τὰς
3048 5345 3301 5416 δυνάμεις
3350 5343 3591 5414 βλέπειν,

2101 5526 2145 5557 τε
2171 5524 2315 5583 Psal.
2347 5541 2480 5594 xvtt,
2510 5524 2565 5579 9..
