3742 5986
165 156 274 215 357

1227 166 1292 221 IN
1328 138 1627 226 cannea
1674 171 1946 229 εΑΝτιο.
1983 172 2272 230 liOMlLlA
2311 174 2376 231 ν.

3316 177 3422 234 858

164 268 517 343 μιμουμένην
549 270 637 325 διὰ
666 273 765 344 τῆς
797 274 1064 340 ἀπαθείας
1103 277 1198 349 τὴν
1238 281 1533 353 ἀγγελικὴν
1577 282 1738 338 καθα-

1912 283 2155 340 iilitatem
2207 285 2376 341 vitam
2430 283 2655 342 imitans
2710 287 3036 359 angelicam.
3121 287 3213 346 Sic
3273 294 3421 348 enim

165 362 394 433 ρότητα.
453 363 609 417 Οῦτω
662 365 769 438 γὰρ
822 368 1174 441 ὲγειρομένης
1228 372 1331 443 τῆς
1382 374 1602 445 ἀγάπης
1649 377 1742 430 καὶ

164 451 605 526 ὲξεγειρομένης,
635 457 774 528 ὅπερ
803 459 948 513 ἐστὶν
981 460 1292 534 ὑψουμένης
1319 480 1378 517 τε
1411 465 1505 518 καὶ
1544 465 1630 519 ἀεὶ
1657 466 1744 520 διὰ

166 543 491 616 προσθήκης
531 547 667 617 πρὸς
703 548 765 600 τὸ
805 548 987 619 μεῖζον
1018 553 1413 627 ὲπαυξομένης.
1445 557 1504 611 τὸ
1541 558 1744 627 ἀγαθὸν

166 629 289 687 εἷπε
320 634 535 707 θέλημα
565 638 658 692 τοῦ
697 639 831 694 Θεοῦ
858 642 1192 700 τελειοῦσθαι
1221 648 1297 711 ὡς
1329 650 1386 702 ὲν
1412 650 1622 722 οὐρανῷ
1649 652 1744 706 καὶ

165 726 262 780 ἐπὶ
290 727 414 798 γῆς,
450 730 550 800 τῆς
598 731 898 804 ἀγγελικῆς
927 736 1194 802 ἀπαθείας
1230 739 1322 793 καὶ
1367 742 1427 794 ὲν
1473 744 1605 814 ἡμῖν
1646 761 1745 797 κα-

166 815 559 890 τορθουμένης.
594 820 778 876 Ταῦτα
823 827 1226 900 κατενοήσαμεν
1252 831 1332 894 εἰς
1373 832 1454 896 τὸ,
1493 833 1745 901 Ὦρκισα

166 906 345 977 ὑμᾶς,
368 912 685 981 θυγατέρες
730 915 1144 987 Ἰερουσαλὴμ,
1192 921 1261 975 ἐν
1288 921 1600 993 δυνάμεσι,
1644 928 1742 999 καὶ

165 999 239 1053 ἐν
268 1002 554 1070 ἰσχύσεσι
588 1005 694 1059 τοῦ
721 1007 907 1076 ἀγροῦ
927 1026 940 1042 ’
969 1011 1079 1066 ἐὰν
1110 1013 1372 1093 ἐγείρητε
1400 1018 1499 1071 καὶ
1530 1019 1746 1089 ἐξεγεί-

160 1108 309 1159 ρητε
342 1093 456 1160 τὴν
496 1094 757 1165 ἀγάπην,
783 1098 895 1165 ἕως
940 1098 1013 1157 οὗ
1047 1105 1300 1175 θελήσῃ.
1338 1108 1400 1160 El
1443 1109 1501 1162 δέ
1537 1127 1621 1174 τις
1652 1114 1744 1165 εὐ-

172 1179 352 1271 ρεθείη
380 1182 534 1251 λόγος
560 1185 745 1257 ἔτερος
785 1189 984 1259 μᾶλλον
1014 1196 1387 1264 προσεγγίζων
1420 1200 1482 1268 τῇ
1517 1198 1745 1271 ἀληθείᾳ

166 1269 275 1321 τῶν
298 1267 663 1341 ζητουμένων,
690 1275 950 1347 δεξόμεθα
974 1280 1073 1350 τὴν
1093 1282 1270 1353 χάριν,
1300 1284 1394 1338 καὶ
1424 1267 1743 1359 εῦχαριστήλ

168 1375 335 1452 σομεν
482 1364 920 1423 ἀποκαλύπτοντι
962 1369 1031 1424 τὰ
1074 1376 1431 1445 κεκρυμμένα
1472 1381 1745 1452 μυστήρια

166 1447 255 1501 διὰ
304 1450 398 1503 τοῦ
459 1452 625 1541 ἁγίου
662 1456 998 1528 Πνεῦματος,
1048 1461 1107 1513 ἐν
1157 1463 1379 1535 Χριστῷ
1441 1447 1744 1541 Ἰησοῦ-’τῷ

168 1541 360 1612 Κυρίῳ
387 1544 562 1612 ήμῶν,
590 1539 634 1614 ᾧ
665 1549 863 1618 πρέπει
902 1552 937 1622 ή
984 1551 1109 1619 δόξα
1137 1556 1216 1615 είς
1245 1557 1370 1621 τοὺς
1401 1557 1602 1624 αἰῶνας
1635 1539 1743 1616 τῶν

167 1629 398 1687 αἰώνων.
444 1633 636 1706 Ἀμήν.

779 1729 1023 1786 ΟΜΙΛΙΑ
1054 1735 1130 1789 Ε’.

237 1814 414 1902 φωνὴ
441 1814 769 1886 ἀδελφιδοῦ
799 1839 940 1890 μου.
974 1825 1122 1880 Ἰδοὺ
1160 1822 1338 1896 οὗτος
1366 1830 1497 1899 ἣκει
1532 1834 1742 1902 πηδῶν

162 1901 262 1954 ἐπὶ
292 1903 381 1995 ,τὰ
418 1905 544 1973 ὄρη,
583 1907 984 1980 διαλλόμενος,
1010 1916 1108 1971 ἐπὶ
1152 1918 1291 1985 τοὺς
1311 1901 1609 1995 βουνούς,
1634 1926 1738 1980 '0-

156 1993 334 2060 μοιός
358 1995 532 2048 ἐστιν
562 1997 885 2068 ἀδελφιδός
923 2000 1043 2072 μου
1082 2004 1157 2074 τῇ
1188 2006 1450 2076 δορκάδι,
1553 2012 1741 2081 νεϐρῷ

159 2266 474 2323 ἑκκύπτων
498 2270 596 2325 διὰ
631 2272 750 2328 τῶν
790 2275 1066 2335 δικτύων.
1125 2282 1529 2353 Ἀποκρίνεται
1562 2288 1738 2343 ἁδελ-

158 2359 337 2426 φιδός
368 2379 508 2430 μου,
536 2364 634 2417 καὶ
659 2364 818 2436 λέγει
833 2387 935 2438 μοι
955 2386 968 2400 ’
1022 2371 1301 2440 Ἀνάστα,
1323 2376 1482 2442 ἐλθὲ,
1516 2380 1554 2447 ἠ
1581 2384 1737 2449 πλη-

158 2451 303 2504 σίον
325 2469 465 2519 μου,
500 2455 657 2524 καλή
692 2474 833 2525 μου,
875 2463 1193 2532 περιστερά
1216 2484 1357 2534 μου.
1391 2469 1517 2523 Ὅτι
1548 2471 1679 2526 ἰδοὺ
1704 2476 1739 2527 ὁ

159 2542 384 2635 gaudia-
432 2545 761 2635 παρῆλθεν,
812 2554 846 2605 ό
896 2553 1071 2621 ὑετὸς
1103 2556 1394 2625 ἀπῆλθεν,
1443 2561 1735 2635 ἐπορεύθη

158 2630 371 2724 eauti).
396 2634 472 2688 Τὰ
494 2634 644 2706 ἄνθη
673 2639 837 2709 ὤφθη
866 2642 935 2696 ἐν
962 2642 1038 2713 τῇ
1058 2644 1155 2715 τῇ,
1190 2651 1395 2717 καιρὸς
1417 2651 1528 2721 τῆς
1549 2630 1732 2724 iam;

1842 376 2079 431 excitata
2122 385 2178 432 et
2221 386 2540 448 experrecta
2588 378 2878 441 charitate.
2911 380 2968 436 id
3015 391 3121 449 est,
3155 384 3212 438 in
3251 384 3422 439 altum

1843 468 2080 533 sublata,
2136 478 2189 524 et
2241 484 2459 540 semper
2499 485 2599 540 per
2648 470 2983 528 additionem
3040 474 3108 530 ad
3157 476 3423 544 majorem

1843 569 2004 615 aucta
2048 555 2490 631 amplitudinem;
2531 561 2729 619 bonam
2776 562 2869 618 Dei
2903 563 3043 619 dixit
3081 567 3421 622 voluntatem

1843 650 2052 722 perlici,
2105 651 2252 707 sicut
2298 653 2354 707 in
2406 653 2549 709 cmlo
2585 662 2640 709 et
2676 654 2730 708 in
2777 663 2944 721 terra,
3000 671 3126 711 cum
3178 660 3421 729 angelica

1844 742 2227 812 impatibilitas
2254 743 2308 798 in
2339 745 2501 799 nobis
2541 760 2763 816 quoque
2787 746 3031 816 perlecta
3065 747 3253 804 fuerit.
3295 750 3422 806 Haec

1841 835 2273 906 escogitavimus
2311 835 2366 890 in
2405 836 2571 891 illud:
2606 837 2864 906 Adjuravi
2905 856 3016 904 vos,
3049 841 3181 910 ﬁlia:
3199 839 3423 896 Jerusa-

1845 928 1965 990 lem,
2005 927 2061 979 in
2098 926 2468 992 potestatibus,
2512 937 2561 982 et
2591 929 2870 984 virtutibus
2906 932 3043 1001 agri,
3089 933 3137 986 si
3184 935 3421 988 excitetis

1842 1026 1892 1071 et
1935 1019 2228 1087 expergisci
2265 1019 2484 1088 faciatis
2529 1021 2866 1088 charitatem,
2889 1022 3053 1077 donec
3083 1024 3222 1078 velit.
3265 1025 3422 1092 Quod

1846 1109 1892 1165 si
1918 1109 2103 1178 aliqua
2138 1110 2245 1165 alia
2290 1111 2604 1166 inveniatur
2633 1114 2926 1178 sententia,
2962 1130 3086 1184 quae
3114 1118 3289 1188 magis
3329 1134 3425 1174 ac-

1845 1198 2004 1257 cedat
2034 1202 2100 1256 ad
2133 1203 2416 1259 veritatem
2448 1219 2639 1259 eorum
2667 1221 2791 1276 quae
2816 1216 3162 1277 quaeruntur,
3197 1220 3424 1282 accepta

1843 1292 1950 1346 erit
1991 1293 2188 1363 gratia,
2228 1301 2283 1349 et
2315 1296 2524 1366 gratias
2574 1310 2800 1366 agemus
2833 1298 2881 1352 ei
2932 1299 3027 1368 qui
3071 1301 3280 1355 revelat
3321 1316 3421 1356 oc.

1844 1383 1991 1438 culta
2022 1385 2284 1477 mysteria
2331 1401 2429 1456 per
2457 1393 2711 1442 sanctum
2764 1385 3052 1458 Spiritum,
3100 1389 3156 1444 in
3193 1388 3423 1446 Christo

1841 1473 1995 1539 Jesu,
2053 1473 2216 1546 quem
2267 1478 2425 1535 decet
2480 1480 2651 1550 gloria
2696 1481 2754 1535 in
2813 1482 3013 1537 saecula
3067 1483 3419 1541 saeculorum.

1845 1566 2041 1621 Amen.

2436 1743 2720 1800 HOMILIA
2756 1746 2828 1803 ν.

1914 1833 2044 1889 Car.
2080 1850 2150 1900 ιι,
2184 1836 2240 1905 ᾖ.
2271 1835 2328 1911 .8.
2370 1834 2487 1891 Vox
2522 1838 2780 1906 patruelis
2821 1839 2943 1893 mei.
2986 1837 3123 1894 Ecce
3156 1840 3241 1894 hic
3280 1844 3420 1897 venit

1842 1925 2048 1979 saltans
2069 1942 2233 1994 supra
2254 1937 2474 1994 montes,
2500 1939 2550 1983 et
2578 1945 2671 1998 per
2700 1928 2862 1983 colles
2890 1931 3219 1985 transiliens.
3246 1933 3300 1988 9.
3332 1933 3420 1989 Si-

1841 2016 1984 2070 milis
2017 2026 2097 2070 est
2126 2017 2382 2085 patruelis
2426 2035 2572 2074 meus
2606 2035 2831 2088 capreae,
2868 2030 2961 2074 aut
3000 2022 3218 2077 [tinnula
3245 2040 3422 2078 cervo-

1840 2125 1980 2173 rum,
2006 2124 2161 2178 super
2184 2119 2383 2163 montes
2419 2109 2639 2165 Btethel.
2674 2110 2810 2166 Ecce
2854 2112 2936 2166 hic
2966 2124 3074 2167 stat
3102 2124 3220 2183 post
3242 2118 3419 2184 parie-

1721 2236 1737 2262 ,
1844 2210 1945 2255 tem
2005 2218 2213 2267 meum,
2276 2203 2601 2271 prospiciens
2658 2220 2752 2272 per
2807 2204 3097 2274 fenestras,
3160 2223 3418 2278 apparens

1837 2309 1930 2362 per
1982 2293 2263 2349 cancellos.
2336 2294 2423 2347 10.
2473 2294 2767 2363 Respondet
2824 2299 3121 2366 patruelis,
3178 2310 3228 2353 et
3290 2299 3419 2354 dicit

1838 2387 2015 2441 mihi:
2058 2385 2258 2457 Surge,
2297 2387 2444 2452 veni,
2493 2388 2789 2458 propinqua
2814 2405 2929 2443 mea
2955 2428 2969 2453 ,
3007 2390 3230 2458 pulchra
3277 2408 3415 2458 mea,

1838 2475 2083 2530 columba
2131 2493 2265 2530 mea.
2320 2477 2410 2530 Η.
2461 2476 2728 2543 Quoniam
2773 2493 2890 2531 ecce
2924 2479 3091 2533 hiems
3120 2483 3414 2549 prwteriit,

1839 2562 2005 2618 imber
2055 2564 2188 2618 abiit
2228 2574 2278 2617 et
2322 2579 2377 2617 se
2422 2565 2636 2631 recepit.
2691 2564 2777 2618 12.
2821 2563 3007 2619 Flores
3046 2568 3146 2621 visi
3195 2578 3318 2622 sunt
3362 2570 3418 2625 in

1839 2664 2001 2718 terra,
2031 2664 2231 2724 tempus
2256 2654 2546 2723 putationis
2569 2653 2798 2709 advenit.
2835 2654 2946 2708 Vos:
2979 2658 3203 2712 turturis
3232 2658 3417 2713 audita

158 2718 416 2816 {SM-axe.
440 2724 610 2794 φωνὴ
648 2726 760 2795 τῆς
803 2734 1093 2802 τρυγόνος
1133 2737 1405 2809 ἠκούσθη
1449 2718 1519 2796 ἐν
1555 2718 1632 2814 cii

1912 2758 1913 2765 ‘
1967 2744 2022 2796 in
2077 2718 2220 2798 terra
2256 2718 2487 2797 Inostra.
2558 2743 2644 2797 15.
2720 2739 2884 2795 Ficus
2943 2744 3166 2812 protulit
3207 2760 3417 2815 grossos

157 2809 348 2904 ὴμῶν.
404 2814 475 2869 Ἡ
501 2817 662 2886 συκῆ
706 2820 1036 2891 ἐξήνεγκεν
1076 2828 1374 2898 ὀλύνθους
1401 2809 1628 2904 αὐτῆςῖ

156 2902 415 2996 ᾅμπελοι
446 2909 855 2981 κυπρίζουσιν,
904 2915 1136 2972 ἔδωκαν
1178 2922 1396 2993 ὀσμήν.
1462 2902 1730 2996 Ἀνάστα,

1836 2852 1979 2889 suos.
2028 2834 2168 2888 Vites
2209 2834 2423 2903 ﬂorent,
2456 2832 2712 2886 dederunt
2746 2832 2981 2889 odorem.
3031 2833 3232 2904 Surge,
3262 2837 3413 2901 veni,

1835 2928 2124 2998 propinqua
2182 2941 2331 2987 mea,
2376 2923 2600 2993 pulchra
2642 2940 2781 2979 mea.
2839 2925 2930 2982 14.
2962 2924 3221 2982 Columba
3260 2945 3415 2995 mea,

154 2994 319 3096 sive,
342 2998 398 3096 1}-
416 3003 845 3096 πλησίονᾉμου,
881 3008 1037 3077 καλή
1060 3030 1174 3079 μου
1191 3054 1206 3078 ,
1233 3020 1554 3088 περιστερά
1586 2994 1729 3090 μου,

1932 2994 2163 3089 tegmine
2206 3026 2368 3086 petra:
2413 3017 2579 3087 juxta
2644 3018 3114 3088 propugnaculum.
3192 3018 3421 3074 Ostende

167 3085 274 3141 ’Er
284 3089 482 3183 σκέπῃ
504 3090 607 3159 τῆς
626 3094 866 3164 πέτρας,
893 3100 1152 3168 ἐχόμενα
1174 3106 1280 3160 τοῦ
1308 3085 1730 3183 προτειχίσμα-

153 3191 281 3273 τος,
321 3177 526 3273 δεῖξον
555 3200 658 3252 μοι
687 3185 802 3253 τὴν
837 3188 982 3256 ὄψιν
1008 3206 1145 3260 σου,
1169 3195 1264 3248 καὶ
1284 3177 1631 3255 ἀκούτισόν⁷
1656 3220 1734 3273 με

154 3267 273 3337 τὴν
303 3271 515 3340 φωνήν
544 3289 680 3340 σου,
726 3276 816 3332 ὅτι
849 3279 887 3347 ἠ
920 3282 1088 3353 φωνή
1130 3300 1247 3340 σου
1281 3287 1470 3356 ἡδεῖα,
1510 3294 1548 3361 ἡ
1594 3267 1735 3362 ὄψις

153 3375 275 3452 σου
332 3362 535 3433 ὡραία.
596 3368 859 3424 Πιάσατε
917 3373 1062 3443 ἡμῖν
1111 3376 1425 3448 ἀλώπεκας
1479 3387 1735 3452 μικροὺς

152 3451 554 3544 ἀφανίζοντας
596 3457 975 3530 ἀμπελῶνας.
1027 3465 1136 3519 Καὶ
1179 3471 1239 3523 al
1277 3451 1532 3538 ἄμπελοι

151 3541 568 3608 κυπρίζουσαι.
634 3548 980 3620 Ἀδελφιδός
1010 3573 1131 3623 μου
1173 3557 1323 3626 ἐμοὶ,
1362 3561 1526 3631 κάγὼ
1552 3541 1731 3631 αυτῷ,

152 3634 188 3686 ό
214 3635 551 3703 ποιμαίνων
588 3639 660 3692 ἐν
684 3641 808 3707 τοῖς
851 3647 1096 3713 κρίνοις,
1140 3650 1251 3716 ἕως
1285 3648 1357 3730 οὗ
1395 3653 1732 3729 διαπνεύση

151 3723 383 3818 ἡμέρα,
428 3728 526 3781 καὶ
577 3733 907 3801 κινηθῶσιν
953 3740 1016 3793 αἰ
1064 3743 1249 3797 σκιαί.
1290 3723 1731 3818 ⁷ἶιὶπόστρεερηον,

152 3816 469 3910 ομοιώθητι
494 3821 597 3885 σὺ,
615 3823 899 3895 ἀδελφιδέ
925 3848 1065 3899 μου,
1088 3831 1169 3898 τῷ
1196 3835 1466 3905 δόρκωνι,
1490 3840 1528 3910 ἢ
1549 3816 1735 3910 νεϐρῷ

423 3911 522 3964 ἐπὶ
545 3912 651 3982 ὅρη
677 3920 1074 3988 κοιλωμάτων.

226 3998 311 4052 Τά
338 3999 433 4094 νῦν
454 4004 805 4094 ,προτεθέντα
836 4009 924 4064 διὰ
957 4013 1056 4084 τῆς
1094 4016 1452 4087 ἀναγνώσεως
1490 4024 1621 4094 ἡμῖν
1671 4026 1735 4079 ἐκ

150 4090 381 4181 τῆςῗτοῦ
410 4093 686 4166 ’ᾼσματος
710 4099 819 4154 τῶν
860 4103 1121 4174 ᾀσμάτων
1165 4090 1626 4181 φιλοσοφίαςξκαὶ
1656 4120 1736 4180 είς

149 4180 454 4252 ὶπιθυμίαν
483 4184 605 4254 ἄγει
637 4187 737 4259 τῆς
765 4190 874 4246 τῶν
907 4193 1317 4268 ὑπερκειμένων
1346 4180 1565 4271 ἀγαθῶν
1599 4206 1736 4260 θεω-

152 4272 305 4343 ρίας,
347 4275 443 4328 καὶ
475 4276 651 4348 λύπην
686 4283 957 4354 ἐντίθησιν
1007 4289 1164 4359 ἡμῶν
1194 4294 1314 4355 ταῖς
1344 4292 1570 4365 ψυχαῖς,
1598 4299 1735 4353 ἀπό-

1839 3108 1967 3163 mihi
2001 3108 2193 3178 faciem
2234 3117 2381 3161 tuam
2405 3147 2420 3171 ,
2468 3115 2519 3161 et
2568 3108 2655 3176 fac
2699 3123 2780 3162 me
2814 3108 3000 3161 audire
3035 3124 3208 3163 vocem
3248 3108 3416 3165 tuam.

1847 3200 1961 3256 Vos:
2009 3201 2148 3255 enim
2191 3209 2282 3254 tua
2333 3207 2413 3254 est
2472 3199 2646 3254 dulcis
2674 3237 2692 3265 ,
2752 3208 2803 3254 et
2849 3199 3013 3268 facies
3075 3209 3169 3254 tua
3205 3200 3416 3255 decora.

1843 3293 1930 3349 15.
1981 3292 2166 3359 Capite
2205 3291 2356 3347 nobis
2393 3290 2572 3362 vulpes
2598 3332 2612 3356 ,
2661 3307 2779 3363 quce
2807 3304 2932 3346 sunt
2976 3293 3184 3364 quidem
3220 3309 3418 3362 parvaz,

1839 3384 2196 3438 demoliuntur
2258 3392 2436 3436 autem
2500 3384 2674 3438 vineas
2731 3399 2750 3436 :
2807 3384 2999 3453 ﬂorent
3058 3385 3197 3439 enim
3260 3386 3422 3439 vinea:

1837 3485 2053 3530 nostrae.
2117 3474 2202 3528 16.
2255 3474 2358 3530 Sed
2412 3476 2671 3542 patruelis
2720 3491 2864 3528 meus
2909 3475 3075 3541 mihi,
3112 3484 3164 3530 et
3203 3491 3295 3546 ego
3331 3477 3417 3540 ei,

1838 3565 1930 3636 qui
1972 3565 2143 3635 pascit
2196 3565 2334 3618 inter
2374 3563 2509 3618 lilia.
2556 3563 2643 3616 17.
2687 3563 2861 3617 Donec
2910 3565 3227 3632 perspirarit
3280 3564 3417 3630 dies,

1838 3665 1891 3711 et
1954 3665 2110 3709 mota:
2177 3655 2377 3724 fuerint
2450 3653 2672 3708 umbras.
2736 3652 3006 3708 Revertere
3058 3656 3199 3720 cito,
3261 3672 3291 3709 ο
3332 3672 3422 3724 pa-

1842 3746 2062 3808 truelis,
2111 3746 2187 3799 sis
2224 3744 2418 3799 similis
2452 3760 2658 3813 caprea:
2682 3784 2698 3811 ,
2751 3754 2845 3799 aut
2896 3744 3117 3801 hinnulo
3153 3762 3419 3802 cervorum

1840 3854 2004 3909 supra
2039 3845 2245 3891 montes
2265 3851 2541 3891 concavas.

1911 4010 2045 4078 Quae
2096 4010 2194 4080 per
2242 4008 2535 4065 lectionem
2576 4024 2725 4064 nunc
2762 4009 2926 4065 nobis
2973 4018 3104 4066 sunt
3135 4013 3414 4082 proposita

1839 4116 1904 4157 ex
1926 4102 2275 4174 philosophia
2309 4101 2522 4173 Cantici
2544 4103 2913 4169 canticorum,
2948 4103 3229 4159 adducunt
3255 4105 3421 4161 etiam

1841 4193 2005 4250 nobis
2038 4193 2375 4249 desiderium
2410 4196 2894 4264 contemplationis
2920 4210 3110 4249 eorum
3146 4196 3414 4250 bonorum

1840 4301 1962 4356 quae
2008 4299 2175 4356 supra
2228 4293 2379 4349 sunt,
2420 4291 2476 4339 et
2525 4286 2725 4340 animis
2774 4285 2985 4340 nostris
3041 4285 3423 4354 mgritudinem

150 4379 361 4431 γνωσιν
404 4367 737 4436 ἐμποιοῦντα
778 4373 979 4443 τρόπον
1027 4378 1149 4431 τινὰ
1192 4383 1292 4452 τῆς
1326 4383 1435 4438 τῶν
1482 4385 1738 4459 ἀλήπτων

1912 4378 2102 4441 'erunt,
2136 4393 2260 4448 quas
2304 4376 2475 4432 efﬁcit
2523 4385 2582 4432 ut
2618 4376 3026 4443 quodammodo
3070 4377 3422 4446 desperemus

150 4458 563 4548 κατανοήσεως.
590 4460 714 4527 Πῶς
743 4463 853 4536 γὰρ
874 4467 940 4520 ἀν
966 4485 1048 4531 τις
1072 4464 1292 4536 ἀλύπως
1318 4473 1588 4548 διατεθείη
1617 4458 1741 4533 σκο-

149 4546 298 4612 πῶν,
334 4548 416 4602 ὅτι
457 4551 515 4604 ὲν
543 4553 831 4619 τοσαύταις
869 4558 1076 4624 ἀνόδοις
1107 4562 1380 4632 ὑψωθεῖσα
1418 4567 1485 4621 δι’
1519 4546 1739 4643 ἀγάπης

150 4640 297 4735 πρὸς
324 4640 424 4713 τὴν
441 4643 541 4735 τοῦ
562 4645 768 4714 ἀγαθοῦ
793 4652 1081 4719 μετουσίαν
1108 4655 1140 4725 ἡ
1165 4656 1548 4732 κεκαθαρμένη
1566 4640 1733 4735 ψυχη,

147 4730 741 4824 οὔπω,καθώςνφησιν
778 4741 807 4793 ὁ
856 4742 1207 4812 Ἀπόστολος,
1239 4730 1736 4824 κατειληφέναι

150 4821 246 4873 κεῖ
293 4819 357 4872 τὸ
406 4819 771 4894 ζητούμενον;
824 4829 1015 4885 Καίτοι
1068 4851 1132 4903 γε
1172 4837 1308 4907 πρὸς
1359 4819 1490 4904 τάξ
1518 4842 1738 4908 ἀνόδους

1846 4469 1915 4524 de
1946 4469 2017 4523 iis
2057 4479 2242 4523 mente
2290 4467 2661 4538 percipiendis
2700 4481 2823 4537 qua:
2851 4482 2959 4522 non
2992 4475 3224 4537 possunt
3269 4481 3437 4539 comi

1844 4561 2135 4631 prehendi.
2198 4559 2672 4627 Quemadmodum
2725 4559 2871 4614 enim
2927 4574 3037 4613 non
3083 4574 3227 4630 aegre
3284 4557 3425 4613 ierat

1843 4653 2141 4723 quispiam,
2199 4653 2247 4708 si
2295 4651 2635 4715 consideret,
2670 4650 2818 4722 quod
2845 4651 2901 4706 in
2933 4652 3104 4707 tantis
3160 4652 3217 4706 in
3253 4652 3421 4705 altum

1844 4746 2061 4802 sublata
2088 4745 2512 4801 ascensionibus
2546 4760 2646 4815 per
2663 4745 3016 4807 charitatem.
3041 4744 3109 4800 ad
3133 4744 3262 4803 boni
3293 4758 3421 4813 par-

1840 4836 2238 4907 ticipationem,
2275 4843 2506 4907 purgata
2545 4835 2749 4900 anima,
2796 4834 3065 4898 nondum,
3114 4833 3259 4889 sicut
3287 4833 3424 4887 dicit

152 4911 392 5005 ὲκείναςῄ
431 4912 679 4981 βλέπων,
723 4919 827 4984 τὰς
870 4923 1337 4997 προδιηνυσμένας
1383 4931 1442 4983 ὲν
1488 4935 1600 4996 τοῖς
1632 4932 1738 5005 πρὸ

1912 4930 2131 4985 ›οειοιυε
2160 4929 2228 4993 ⁷⁸,
2253 4926 2739 4999 comprehendisse
2764 4925 2978 4981 videtur
3011 4924 3066 4979 id
3095 4923 3243 4994 quod
3272 4936 3424 4993 qua:-

150 5001 364 5055 τούτων
381 5003 582 5074 λόγοις,
611 5008 946 5083 ἐμακάριζον
975 5017 1143 5089 αὐτὴν
1165 5017 1265 5087 τῆς
1293 5020 1632 5087 ἀναϐάσεως,
1649 5001 1737 5077 ὅτε

150 5092 217 5186 τὸ
262 5094 438 5161 γλυκὺ
489 5097 657 5168 μῆλον
696 5103 910 5172 ἐπέγνω
947 5108 1046 5179 τῆς
1087 5110 1366 5181 ἀκαρπίας
1405 5113 1498 5167 τοῦ
1530 5114 1737 5186 δρυμοῦ

150 5184 506 5279 διακρίνασα,
568 5192 663 5245 καὶ
714 5193 790 5258 ὡς
838 5198 1183 5274 ἐπιθυμητὴν
1228 5203 1393 5257 αὑτοῦ
1431 5206 1531 5279 τὴν
1563 5184 1740 5262 Ῠσκιάν

154 5278 477 5348 ἐποιήσατο,
510 5284 603 5336 καὶ
635 5286 713 5356 τῷ
744 5290 941 5361 καρπῷ
974 5296 1500 5363 καταγλυκανθεϊσα,
1537 5300 1594 5352 ὲν
1626 5303 1739 5364 τοῖς

155 5369 429 5440 ταμιείοις
453 5373 553 5444 τῆς
573 5375 910 5452 εὐφροσύνης
939 5384 1154 5453 ἐγένετο
1171 5426 1187 5444 .
1221 5383 1375 5444 Οἶνον
1400 5390 1457 5444 δὲ
1482 5391 1735 5464 ὀνομάζει

226 5546 273 5578 ⁷³
299 5544 503 5620 Ephes.
534 5567 614 5621 tu,
660 5553 743 5609 li.

1835 5021 1977 5075 ritur
2000 5022 2025 5074 ?
2078 5034 2397 5092 quanquam
2430 5019 2711 5090 aspiciens
2739 5018 2963 5088 quidem
2996 5024 3148 5072 certe
3178 5016 3244 5070 ad
3282 5016 3408 5071 illas

1838 5114 2197 5168 escensiones
2245 5127 2369 5182 quae
2437 5111 2660 5167 fuerunt
2730 5117 2969 5181 peracta:
3027 5109 3080 5163 in
3142 5108 3421 5179 prioribus

1840 5204 1910 5260 de
1948 5219 2189 5274 superno
2218 5218 2457 5260 ascensu
2476 5217 2595 5259 eam
2622 5202 2889 5257 ducebam
2914 5202 3152 5263 beatam,
3198 5198 3424 5270 quando

1845 5296 2069 5369 agnovit
2104 5295 2265 5351 dulce
2296 5297 2524 5359 malum.
2561 5297 2742 5367 ipsum
2774 5309 3036 5365 separaris
3063 5307 3093 5347 a
3133 5292 3285 5349 silvae
3310 5300 3423 5346 ste-

1844 5387 2070 5456 rilitate,
2118 5396 2174 5445 et
2208 5378 2468 5458 tanquam
2512 5386 3017 5460 concupiscendam
3044 5384 3166 5457 ejus
3195 5383 3422 5456 putabat
