3742 5986
312 139 415 198 859
1567 131 1628 191 S.
1670 127 1999 187 GREGORII
2036 125 2336 185 NYSSENI
2362 152 2363 155 η
3465 108 3566 165 εει

310 252 433 290 esse
478 234 770 300 umbram;
816 239 872 288 et
917 231 1131 287 fructus
1164 229 1458 286 dulcedine
1491 227 1710 293 aﬁecta,
1759 244 1788 284 e

2109 221 2477 295 εὐφροσύνην,
2497 211 2541 287 ᾧ
2570 219 2605 290 ἡ
2631 216 2825 288 καρδία
2848 213 2955 268 τῶν
2983 209 3319 310 μετεχόντων
3342 204 3563 304 εὐφραί-

311 325 367 379 in
423 327 625 381 laetitiae
674 325 1067 397 penetralibus.
1124 320 1325 377 Vinum
1395 330 1577 379 autem
1632 326 1785 379 nomi

2086 333 2153 380 αι,
2174 314 2266 370 καὶ
2283 313 2358 375 ὼς
2380 313 2437 366 ἐν
2458 311 2524 381 τῇ
2544 307 2731 376 ἀγάπῃ
2755 302 3013 374 ταχθεῖσα
3030 302 3140 397 τοῖς
3153 302 3233 397 με.)
3242 310 3359 397 ροις
3387 302 3564 397 στηρῐο

314 418 578 485 laetitiam,
612 382 757 490 qu-od
809 417 1047 472 laetiﬁcat
1084 431 1180 471 cor
1223 430 1414 471 eorum
1455 416 1549 486 qui
1593 425 1725 471 sunt
1756 434 1792 486 ο,

2083 422 2157 469 αι,
2176 400 2530 472 διαληφθεῖσα
2546 399 2610 468 τῇ
2626 396 2731 448 τῶν
2755 393 2939 465 μήλων
2961 387 3242 460 περιϐολῇ,
3264 385 3362 437 καί
3384 382 3460 445 ὡς
3476 382 3561 490 ἐγ·

314 475 646 580 participes:
674 517 729 565 et
759 516 1021 577 tanquam
1042 496 1111 582 in
1144 506 1414 562 charitate
1450 475 1738 571 collocata,

2084 497 2204 550 ιδιον
2254 492 2520 564 δεξαμένη
2570 489 2671 559 τῆς
2722 486 2945 555 ἀγάπης
2977 479 3269 582 causa“:
3302 476 3470 529 πάλιν
3509 475 3562 582 ἐν

312 600 455 653 citur.
478 599 796 669 unguentis,
837 613 1127 669 pomorum
1153 596 1496 667 operimento
1534 596 1790 660 vallalur,

2085 607 2105 652 ;
2135 586 2289 659 χερσὶ
2321 562 2417 638 τοῦ
2444 581 2658 646 τοξότου
2701 578 2796 633 καὶ
2822 575 2960 645 αὑτὴ
3004 573 3168 669 βέλος,
3186 568 3400 669 ﬂvit?
3428 562 3563 661 πρὸξ

312 655 586 760 13111]υὲιέ
607 690 663 745 in
698 655 865 745 corde
898 697 1121 759 accepta
1153 655 1441 743 cbaritatis
1490 687 1713 758 sagitta,
1754 705 1790 742 ru

2235 673 2490 746 ἀληθείας
2536 669 2756 733 σκοπὸν,
2787 668 2846 719 ἐν
2874 667 2994 728 ταῖς
3024 661 3180 732 χερσὶ
3210 656 3307 711 τοῦ
3335 655 3561 753 δυνατοῦ

311 796 409 837 sus
437 781 554 851 ipsa
581 797 800 852 quoque
819 782 873 835 in
898 780 1150 836 manibus
1177 778 1446 857 sagittarii
1474 777 1533 832 ﬁt
1548 778 1790 849 jaculum
1814 779 1881 834 ad

311 888 538 943 sc0pmn
571 873 821 928 veritatis
853 873 1122 928 directum
1156 871 1211 925 in
1252 870 1509 926 manibus
1541 872 1779 940 potentis
1812 872 1878 925 ".

312 963 438 1019 llaec
479 972 534 1018 et
579 979 701 1034 quae
735 971 866 1019 sunt
912 959 1231 1031 hujusmodi
1266 960 1566 1030 aspiciens,
1593 959 1882 1015 existima-

313 1052 435 1108 bam
491 1069 637 1118 eam,
680 1069 803 1124 quae
851 1061 971 1108 erat
1021 1051 1158 1106 adeo
1198 1049 1415 1106 sublata
1454 1053 1508 1104 in
1550 1051 1741 1117 altum,
1790 1066 1885 1121 ap-

316 1146 678 1216 prchendisse
703 1160 978 1201 summum
998 1143 1380 1199 beatitudinis.
1405 1141 1535 1207 Sed,
1555 1152 1617 1197 ut
1645 1142 1881 1209 videtur,

311 1255 433 1309 quae
467 1239 621 1308 prius
666 1246 795 1292 sunt
825 1247 1068 1307 peracta,
1122 1243 1250 1291 sunt
1280 1234 1458 1289 adhuc
1498 1237 1762 1305 prooemia
1796 1251 1885 1293 as-

310 1341 534 1382 census.
589 1325 792 1382 Omnes
836 1325 985 1380 enim
1020 1325 1145 1379 illas
1194 1323 1571 1386 ascensiones,
1622 1340 1731 1379 non
1783 1340 1884 1386 no-

314 1418 486 1472 minat
510 1419 1028 1488 contemplationem
1053 1423 1107 1470 et
1133 1415 1438 1470 evidentem
1464 1415 1714 1468 veritatis
1737 1430 1886 1469 com-

313 1504 750 1574 prehensionem,
798 1504 895 1558 sed
943 1518 1131 1557 vocem
1199 1502 1320 1572 ejus
1369 1502 1463 1572 qui
1513 1501 1881 1568 desideratur,

314 1608 436 1662 quae
495 1607 591 1662 per
637 1591 882 1669 auditum
936 1590 1262 1660 exprimitur
1313 1590 1368 1644 in
1418 1591 1885 1660 proprietatibus:
1919 1607 1962 1660 Β

316 1700 423 1737 ιιοιι
459 1694 640 1739 autem
690 1682 889 1738 mentis
920 1682 1410 1752 comprehensione
1458 1684 1807 1753 cognoscitur
1835 1693 1890 1740 et

318 1778 553 1832 laetiﬁcat
583 1772 661 1830 ⁷⁶.’
677 1775 736 1829 Si
759 1791 892 1846 ergo
914 1775 1004 1828 illa
1037 1773 1094 1827 in
1120 1774 1290 1828 altum
1322 1789 1496 1843 usque
1523 1775 1656 1829 adeo
1678 1782 1886 1841 evecta,

316 1869 458 1924 sicut
506 1866 774 1921 discimus
830 1866 899 1921 de
947 1880 1145 1933 magno
1196 1864 1387 1929 Paulo,
1435 1865 1528 1935 qui
1567 1880 1732 1935 super
1777 1873 1891 1922 tres

316 1961 485 2015 caelos
538 1958 640 2014 fuit
689 1957 973 2021 sublatus,
1019 1957 1258 2010 nondum
1323 1964 1580 2010 accurate
1643 1971 1892 2027 compre-

320 2050 577 2106 hendisse
628 2048 938 2103 ostenditur
986 2047 1041 2101 id
1094 2045 1239 2117 quod
1282 2046 1712 2101 consideratur:
1760 2046 1891 2116 quid

317 2148 756 2196 consentaneum
789 2146 872 2193 est
904 2137 1063 2192 nobis
1106 2137 1420 2201 usuvenire,
1457 2146 1551 2191 aut
1580 2138 1633 2191 in
1669 2138 1893 2207 quibus-

319 2248 443 2286 nam
460 2246 581 2286 esse
610 2246 710 2285 nos
737 2237 1010 2299 reputare,
1041 2227 1134 2297 qui
1157 2228 1223 2283 ad
1247 2227 1532 2299 adytorum
1557 2229 1892 2298 contempla-

317 2323 482 2377 tionis
522 2321 788 2377 vcstibula
840 2319 1084 2374 nondum
1115 2333 1284 2388 prope
1328 2318 1705 2373 accessimus?
1739 2317 1893 2373 Licet

250 2421 255 2427 '
317 2427 497 2472 autem
526 2431 623 2486 per
649 2430 712 2470 ea
760 2431 882 2486 quae
909 2415 977 2469 ab
1002 2415 1119 2485 ipsa
1150 2415 1296 2467 dicta
1327 2421 1458 2468 sunt
1494 2412 1682 2468 videre
1723 2428 1889 2484 quam

319 2508 389 2562 sit
434 2507 802 2577 contemplatu
838 2505 1063 2560 difﬁcile
1110 2503 1256 2574 quod
1313 2504 1597 2573 quaeritur.
1658 2503 1770 2558 Vox
1804 2519 1895 2571 pa-

319 2598 505 2652 truelis
548 2598 671 2665 mei,
718 2597 917 2667 inquit,
971 2612 1080 2651 non
1133 2595 1328 2658 forma,
1379 2609 1489 2648 non
1547 2595 1733 2661 facies,
1782 2610 1892 2649 non

320 2686 494 2748 ﬁgura
538 2703 858 2757 expressam
903 2688 1201 2743 ostendens
1260 2696 1509 2739 naturam
1571 2684 1692 2754 ejus
1746 2685 1896 2757 quod

316 2770 625 2848 rprmritur,’
670 2778 765 2833 sed
816 2793 943 2842 vox,
1002 2777 1178 2848 magis
1223 2776 1457 2831 aﬂ‘erens
1497 2777 1892 2847 conjecturam,

318 2885 481 2940 quam
510 2868 721 2924 ﬁrmam
755 2869 1142 2941 cognitionem,
1170 2867 1294 2938 quis
1325 2866 1396 2922 sit
1427 2868 1473 2921 is
1505 2868 1599 2938 qui
1629 2869 1890 2938 loquitur.

1988 743 2341 839 euﬁuvopévq.
2398 764 2583 819 Ταῦτα
2638 761 2733 815 καὶ
2780 757 2848 812 τά
2895 755 3121 809 τοιαῦτα
3173 750 3420 821 βλέπων,
3466 743 3559 839 τοῦ

1989 836 2316 931 ἀκροτόιτου⁷
2347 858 2447 927 τῆς
2498 851 2895 925 μακαριότητος
2940 843 3265 913 ἐπειλῆφθαι
3316 839 3421 911 τὴν
3472 836 3559 931 διὰ

1987 927 2254 1004 τοσούτων
2283 943 2585 1016 ὑψωθεῖσαν
2609 938 2964 1010 ἐλογιζόμην·
2988 935 3124 998 ἀλλ’,
3156 935 3231 997 ὡς
3253 931 3453 993 ἔοικεν,
3483 927 3559 981 ἔτι

1988 1039 2252 1111 προοίμια
2286 1037 2384 1106 τῆς
2415 1035 2600 1090 ἀνόδου
2634 1031 2702 1086 τά
2732 1027 3166 1102 προδιηνυσμένα
3197 1023 3333 1077 ἐστί.
3377 1023 3562 1081 Πάσας

1989 1130 2098 1202 γὰρ
2119 1129 2215 1193 τάς
2234 1126 2522 1189 ἀναϐάσεις
2550 1123 2759 1186 ἐκείνας
2777 1121 2838 1174 οὐ
2862 1119 3093 1191 θεωρίαν
3121 1115 3242 1171 τινά
3269 1113 3367 1167 καὶ
3395 1112 3563 1164 κατά-

1989 1224 2144 1291 λογον
2176 1219 2381 1291 ἐναργῆ
2421 1221 2519 1289 τῆς
2554 1215 2839 1287 ἀληθείας,
2872 1212 3007 1267 ἀλλά
3036 1209 3217 1280 φωνὴν
3243 1205 3337 1260 τοῦ
3364 1203 3558 1258 ποθου-

1994 1313 2153 1385 μένου
2186 1306 2562 1378 κατονομάζει,
2585 1305 2674 1359 διὰ
2690 1304 2791 1375 τῆς
2821 1303 2988 1373 ἀκοῆς
3016 1296 3563 1372 χαρακτηριζομένην

1988 1402 2099 1463 τοῖς
2135 1397 2434 1467 ίδιώμασιν,
2470 1394 2530 1447 οὐ
2571 1392 2660 1448 διὰ
2689 1391 2787 1463 τῆς
2817 1392 3194 1459 κατανοήσεως
3227 1385 3562 1466 γινωσκομέ-

1990 1508 2086 1561 νην
2121 1490 2215 1543 καὶ
2245 1480 2654 1560 εὐφραίνουσαν.
2690 1486 2754 1539 Et
2790 1479 2883 1537 οὖν
2913 1483 3095 1551 ἐκείνη
3135 1478 3388 1534 τοσοῦτον
3416 1477 3560 1545 ὑψω-

1991 1580 2163 1643 θεῖσα,
2191 1578 2374 1640 καθὼς
2406 1578 2533 1648 περὶ
2557 1575 2650 1629 τοῦ
2685 1573 2919 1646 μεγάλου
2944 1572 3157 1626 Παύλου
3197 1568 3559 1640 μανθάνομεν,

1989 1671 2083 1724 τοῦ
2112 1671 2215 1733 ἕως
2241 1668 2406 1741 τριῶν
2443 1665 2687 1738 οὐρανῶν
2733 1664 3163 1736 ὑπεραρθέντος,
3196 1659 3348 1713 οὔπω
3378 1675 3558 1712 κατει-

1990 1761 2219 1831 ληφέναι
2252 1760 2313 1813 τό
2356 1758 2711 1832 προκείμενον
2753 1757 2820 1811 δι’
2871 1754 3153 1827 ἀκριϐείας
3192 1750 3558 1833 ἐνδείκνυται·

1991 1852 2043 1906 τί
2073 1850 2264 1905 παθεῖν
2302 1850 2446 1912 εἰκὸς
2486 1850 2653 1920 ἡμᾶς,
2700 1849 2734 1919 ἢ
2770 1849 2827 1901 ἐν
2868 1848 3009 1901 τίσιν
3039 1840 3179 1900 εἶναι
3221 1840 3559 1911 λογίσασθαι,

1990 1945 2116 2008 τοὺς
2148 1944 2312 2014 μήπω
2349 1944 2460 2004 τοῖς
2493 1939 2782 2012 προθύροις
2822 1939 2929 1992 τῶν
2960 1938 3170 1992 ἀδύτων
3197 1935 3299 2005 τῆς
3331 1932 3560 2003 θεωρίας

1992 2035 2344 2104 ἐγγίσαντας;
2389 2032 2604 2100 Ἔξεστι
2651 2033 2708 2085 δὲ
2743 2032 2850 2085 τῶν
2899 2031 2964 2085 δι’
3012 2030 3182 2099 αὐτῆς
3225 2027 3561 2097 εἰρημένων,

1992 2124 2227 2179 κατιδεῖν
2250 2122 2359 2176 τῶν
2383 2122 2727 2194 ζητουμένων
2753 2121 2813 2175 τὸ
2834 2119 3228 2191 δυσθεώρητον.
3256 2115 3432 2183 Φωνὴ
3459 2112 3561 2168 τοῦ

1992 2214 2314 2284 ἀδελφιδοῦ
2348 2232 2489 2284 μου,
2523 2215 2706 2285 φησιν,
2736 2214 2836 2266 οὐκ
2875 2209 3034 2279 εϊδος,
3069 2212 3130 2264 οὐ
3163 2209 3476 2280 πρόσωπον,
3504 2205 3562 2258 ού

1990 2304 2277 2379 χαρακτὴρ
2302 2304 2579 2375 ἐμφαίνων
2609 2303 2703 2357 τοῦ
2732 2302 3060 2372 ζητουμένου
3093 2298 3191 2369 τὴν
3219 2296 3403 2365 φύσιν,
3433 2293 3565 2348 ἀλλά

1995 2400 2167 2471 φωνὴ,
2200 2397 2499 2469 στοχασμὸν
2533 2396 2690 2467 μόνον
2718 2391 3038 2466 ἐμποιοῦσα,
3071 2390 3104 2461 ἦ
3142 2388 3433 2461 βεϐαίωσιν
3474 2384 3564 2438 τοῦ

1996 2490 2386 2561 φθεγγομένου,
2415 2490 2563 2552 ὅστις
2597 2487 2761 2540 ἐστίν.
2795 2487 2917 2539 ’Ὁτι
2945 2483 3054 2555 γάρ
3090 2480 3342 2552 εἰκασμῷ
3370 2479 3566 2550 μᾶλλον

1995 2585 2136 2640 έοικε
2178 2583 2240 2637 τὸ
2278 2582 2567 2653 λεγόμενον
2586 2622 2601 2647 ,
2632 2581 2726 2634 καὶ
2752 2579 2871 2649 οὐχὶ
2908 2574 3265 2647 ἀναμφιϐὀλῳ
3299 2574 3408 2626 τινὶ
3434 2571 3560 2642 πληο

1999 2675 2224 2747 ροφορίᾳ
2249 2675 2347 2743 τῆς
2375 2671 2748 2744 καταλήψεως,
2771 2670 2928 2741 δῆλόν
2952 2669 3097 2721 ἐστιν
3124 2670 3188 2720 ἐκ
3213 2665 3306 2719 τοῦ
3338 2665 3438 2735 μιᾷ
3465 2679 3566 2716 τινι

1995 2767 2199 2838 διανοίᾳ
2243 2767 2585 2837 προσφυῆναι
2627 2764 2719 2817 τὸν
2751 2762 2942 2831 λόγον,
2981 2759 3113 2832 μηδὲ
3156 2757 3293 2830 πρὸς
3342 2756 3401 2809 ἓν
3437 2750 3566 2816 εἶδος

1996 2859 2147 2929 όρᾷν,
2187 2855 2300 2910 ἀλλ’
2334 2854 2426 2907 ἐπὶ
2454 2852 2623 2909 πολλὰ
2658 2851 2916 2923 φέρεσθαι
2947 2852 3065 2914 ταῖς
3096 2846 3405 2911 όπτασίαις,
3445 2844 3569 2899 ἀλλο

317 2938 475 3027 Quod
515 2961 660 3013 enim
721 2960 774 3014 id
826 2938 974 3029 quod
1026 2958 1230 3029 dicitur
1264 2957 1491 3026 propius
1564 2959 1789 3012 accedat

2091 2946 2301 3017 βλέπειν
2326 2943 2597 3015 οἰομένην,
2626 2944 2719 2997 καὶ
2755 2942 2816 2994 οὐ
2849 2941 3075 2994 πάντοτε
3105 2938 3182 3010 τῷ
3219 2938 3366 3007 αὐτῷ
3397 2953 3569 3006 παρα-

319 3050 718 3119 conjccturam,
751 3066 915 3120 quam
949 3051 1014 3104 ad
1047 3060 1249 3104 certam
1283 3047 1717 3104 etindubitatam
1749 3066 1896 3107 com-

318 3138 761 3209 prehensionem,
802 3156 869 3194 ex
921 3140 1025 3195 hoc
1060 3142 1408 3212 perspicuum
1446 3149 1551 3206 est,
1604 3141 1751 3212 quod
1788 3157 1898 3197 non

323 3234 375 3286 in
426 3245 535 3284 una
574 3230 829 3300 quapiam
883 3231 1092 3288 haereat
1128 3235 1277 3290 verbi
1331 3235 1683 3306 cogitatione,
1720 3250 1901 3304 neque

319 3308 486 3375 unam
521 3319 751 3390 aspiciat
794 3320 1046 3389 formam,
1086 3323 1180 3379 sed
1237 3324 1305 3378 ad
1336 3325 1535 3378 multas
1570 3323 1779 3378 feratur
1809 3325 1892 3377 vi-

320 3414 528 3478 siones,
577 3414 739 3469 modo
787 3414 890 3468 hoc
946 3414 1109 3469 modo
1169 3415 1300 3470 illud
1352 3431 1411 3471 se
1467 3415 1652 3469 videre
1703 3415 1896 3471 existi-

320 3519 500 3571 mans,
551 3514 606 3561 et
647 3520 755 3560 non
794 3521 1010 3576 semper
1038 3505 1095 3560 in
1137 3507 1325 3562 eadem
1371 3515 1688 3577 permaneat
1727 3507 1900 3578 ﬁgura

320 3597 442 3664 ejus
486 3597 632 3667 quod
666 3607 751 3653 est
800 3599 1280 3669 comprehensum,
1332 3596 1468 3652 Ecce
1504 3599 1663 3664 enim,
1701 3598 1899 3671 inquit,

320 3689 406 3743 hic
435 3690 589 3754 venit,
655 3704 767 3744 non
813 3697 990 3752 stans.
1049 3704 1228 3761 neque
1273 3704 1624 3759 permanens,
1684 3698 1745 3744 ut
1804 3705 1902 3761 per

319 3780 635 3836 diuturnam
682 3783 1020 3836 mansionem
1082 3783 1258 3851 possit
1309 3782 1534 3852 agnosci
1590 3783 1659 3836 ab
1690 3797 1755 3836 eo
1802 3782 1897 3853 qui

323 3871 446 3926 ﬁxis
492 3874 735 3933 intuetur
772 3873 969 3936 oculis,
1021 3871 1116 3926 sed
1166 3887 1225 3927 se
1260 3873 1328 3925 ab
1359 3873 1535 3926 oculis
1570 3873 1895 3940 surripiens,

320 3962 643 4030 priusquam
680 3961 746 4015 ad
778 3960 1076 4030 perfectam
1111 3961 1296 4016 veniat
1352 3959 1900 4031 cognitionem:Sal—

325 4063 443 4107 tans
471 4050 637 4117 enim,
663 4049 862 4119 inquit,
890 4066 1047 4119 super
1080 4060 1282 4105 montes
1305 4061 1355 4104 et
1383 4050 1690 4104 transiliens
1719 4050 1901 4104 colles.

1999 3040 2261 3111 μένουσαν
2285 3036 2592 3108 χαρακτῆρι
2608 3033 2701 3088 τοῦ
2726 3032 3180 3104 καταληφθέντος,
3203 3030 3362 3100 δῆλον
3383 3030 3449 3082 ἐκ
3467 3028 3570 3082 τῶν

1996 3128 2299 3201 λεγομένων
2352 3126 2519 3182 ἐστίν.
2572 3126 2717 3181 Ἰδοὺ
2765 3126 2911 3197 γὰρ,
2944 3125 3138 3195 φησὶν,
3186 3118 3365 3188 οὗτος
3402 3120 3569 3189 ἥκει,

1998 3221 2117 3274 οὐδὲ
2160 3219 2350 3287 ἑστὼς,
2394 3220 2514 3273 οὐδὲ
2550 3219 2908 3289 παραμένων,
2942 3216 3016 3279 ὡς
3057 3216 3145 3269 διὰ
3180 3215 3278 3285 τῆς
3310 3213 3571 3281 ἐπιμονῆς

1997 3310 2357 3382 γνωρίζεσθαι
2409 3308 2486 3380 τῷ
2535 3307 2866 3373 ἀτενίζοντι,
2915 3306 3028 3360 ἀλλ’
3062 3301 3403 3375 ἀφαρπάζων
3452 3303 3573 3354 ἐαυ-

1998 3402 2089 3455 τὸν
2128 3400 2235 3455 τῶν
2290 3400 2502 3470 ὄψεων,
2548 3399 2679 3470 πρὶν
2723 3399 2803 3462 εἰς
2845 3396 3055 3451 τελείαν
3111 3394 3314 3465 γνῶσιν
3363 3392 3568 3446 ἐλθεῖν·

1995 3491 2211 3562 Πηδῶν
2242 3492 2372 3563 γὰρ,
2413 3491 2597 3561 φησὶν,
2627 3489 2725 3544 ἐπὶ
2756 3489 2829 3543 τὰ
2864 3489 2992 3558 ὅρη,
3022 3488 3120 3542 καί
3163 3486 3287 3551 τοῖς
3326 3483 3576 3550 βουνοῖς

1996 3583 2427 3653 ὲφαλλόμενος.
2454 3580 2563 3633 Καὶ
2583 3576 2677 3631 νῦν
2706 3579 2804 3649 μὲν
2826 3577 3022 3649 δορκὰς
3043 3575 3390 3645 γνωρίζεται,
3416 3572 3575 3627 πάλιν

1999 3674 2057 3727 δέ
2085 3672 2263 3745 νεϐρῷ
2296 3668 2737 3741 προσδικάζεται.
2774 3668 3006 3736 Ὅμοιος
3030 3665 3158 3735 γὰρ,
3190 3664 3378 3734 φησὶν,
3400 3662 3577 3717 ἀδελ-

2001 3760 2175 3830 φιδός
2197 3778 2317 3830 μου
2341 3759 2471 3813 ἐστὶ
2506 3758 2579 3826 τῇ
2611 3756 2883 3826 δορκάδι,
2925 3754 2963 3823 ἢ
2992 3752 3178 3821 νεϐρῷ
3206 3751 3450 3821 ἐλάφων
3481 3750 3576 3803 ἐπὶ

2002 3852 2083 3917 τῷ
2115 3852 2235 3920 ὄρει
2270 3848 2517 3916 Barth”.
2560 3848 2745 3910 Οὕτως
2779 3846 2841 3898 τὸ
2875 3845 2962 3899 ἀεὶ⁸
3005 3842 3574 3914 καταλαμϐανόμενον,

2003 3943 2189 3999 ἄλλοτε
2222 3941 2378 4004 ἀλλος
2411 3940 2528 3994 ἐστὶ
2558 3938 2863 4011 χαρακτήρ.

323 4140 390 4195 Ει
420 4157 565 4196 nunc
600 4140 819 4212 quidem
862 4140 1209 4196 existimatur
1279 4156 1512 4210 caprea,
1569 4154 1765 4197 rursus
1805 4150 1986 4215 autem
2025 4142 2356 4198 assimilatur
2407 4141 2635 4196 binnulo
2681 4151 2991 4194 cervorum.
3050 4134 3259 4190 Similis
3291 4142 3371 4188 est
3412 4130 3576 4194 enim,

323 4236 517 4306 inquit,
543 4225 801 4306 patruelis
830 4251 973 4291 meus
998 4251 1221 4304 caprea,
1255 4244 1349 4291 aut
1385 4234 1607 4289 hinnulo
1665 4250 1935 4290 cervorum
2008 4252 2163 4306 super
2210 4243 2410 4289 montes
2439 4232 2657 4289 Bwthel.
2686 4231 2763 4287 Ita
2792 4233 2936 4302 quod
2973 4243 3187 4299 semper
3224 4225 3581 4296 comprehen-

324 4329 492 4393 ditur,
537 4337 622 4384 est
667 4328 804 4382 alias
865 4327 973 4382 alia
1025 4327 1218 4399 ﬁgura.

395 4418 522 4474 Haec
577 4428 706 4475 sunt
766 4435 888 4489 quae
943 4420 1077 4474 mihi
1132 4435 1196 4476 ex
1242 4434 1308 4476 eo
1363 4435 1529 4476 sensu
1584 4421 1797 4490 quiest
1847 4420 1873 4475 i1

2101 4414 2263 4470 Γαῦτά
2287 4416 2434 4468 ἐστιν
2467 4413 2503 4467 ἆ
2537 4430 2604 4484 με
2632 4380 2789 4465 κατάί
2803 4410 2903 4481 τὴν
2935 4409 3225 4480 πρόχειρον
3258 4408 3469 4464 ἔννοιαν
3504 4411 3579 4473 εἰς

326 4517 605 4581 promptu,
646 4509 882 4565 aﬁ‘erunt
911 4511 1242 4579 molestiam,
1265 4522 1319 4567 et
1347 4512 1589 4569 eﬁiciunt
1623 4521 1684 4567 ut
1713 4511 1907 4581 despe-

325 4616 441 4657 rem
490 4600 652 4671 plene
700 4608 756 4655 et
815 4600 1057 4669 perfecte
1083 4618 1248 4674 posse
1298 4605 1517 4673 assequi
1548 4602 1907 4673 comprehen-

326 4691 537 4747 sionem
580 4706 773 4747 eorum
815 4708 938 4763 quae
985 4708 1152 4764 supra
1211 4704 1361 4751 sunt.
1424 4693 1907 4751 Verumenimvero

320 4783 647 4840 tentandum
704 4794 810 4848 est,
856 4785 911 4840 in
960 4785 1131 4841 Deum
1177 4802 1276 4856 spe
1325 4787 1616 4853 collocata,
1668 4786 1763 4855 qui
1812 4785 1906 4840 dat

325 4877 552 4932 verbum
571 4876 1082 4946 evangelizantibus
1111 4879 1314 4933 virtute
1344 4879 1512 4933 multa
1572 4879 1641 4945 ",
1671 4877 1727 4931 in
1761 4876 1905 4933 serie

327 4967 513 5039 aliqua
558 4982 654 5038 per
693 4984 1040 5038 consequens
1074 4969 1337 5039 adaptare
1389 4968 1904 5038 contemplationem

325 5061 399 5116 iis
436 5076 559 5131 quae
611 5064 1008 5132 comprehensa
1060 5070 1191 5120 sunt
1228 5062 1611 5133 intelligentia.
1660 5059 1771 5115 Vox
1808 5075 1908 5128 pa-

326 5154 518 5208 truelis
560 5156 684 5220 mei,
737 5156 931 5226 inquit.
960 5155 1028 5212 Et
1072 5157 1257 5212 statim
1288 5154 1575 5226 subjunxit
1616 5171 1630 5210 :
1665 5151 1799 5207 Ecce
1826 5151 1909 5204 hic

331 5246 491 5299 venit.
542 5243 685 5310 Quid
724 5262 858 5316 ergo
924 5247 980 5302 in
1036 5247 1123 5303 Itis
1161 5244 1564 5317 intelligimus?
1606 5242 1912 5298 Praevidcnt

334 5335 575 5392 fortasse
600 5352 723 5406 quae
755 5337 901 5394 dicta
925 5348 1054 5394 sunt
1077 5354 1171 5409 per
1205 5337 1557 5408 Evangelium
1593 5332 1904 5389 manifesta-

2004 4506 2182 4578 λύπην
2207 4506 2350 4574 ἄγει,
2375 4504 2686 4574 ἀπόγνωσιν
2712 4499 3046 4573 ἐμποιοῦντα
3066 4501 3166 4569 τῆς
3186 4502 3456 4574 ἀκριϐοῦς
3477 4501 3580 4554 τῶν

2006 4596 2420 4669 ὑπερκειμένων
2465 4597 2865 4665 κατανοήσεως.
2914 4592 3062 4664 Πλὴν
3105 4592 3241 4646 ἀλλά
3295 4593 3580 4665 πειρατέον

2003 4688 2301 4750 ἀναθέντας
2321 4685 2402 4756 τῷ
2434 4685 2555 4757 Θεῷ
2581 4685 2680 4756 τὴν
2706 4684 2919 4748 ἐλπίδα,
2957 4682 3037 4755 τῷ
3063 4684 3262 4737 διδόντι
3292 4684 3450 4755 ῥῆμα
3473 4685 3579 4746 τοῖς

2006 4778 2510 4850 εὑαγγελιζομένοις
2543 4778 2768 4848 δυνάμει
2817 4776 3005 4849 πολλῇ,
3044 4777 3429 4848 προσαρμόσαι
3473 4778 3579 4838 τοῖς

2006 4871 2599 4945 προκατανενοημένοις
2634 4872 2691 4924 ἐν
2722 4868 2899 4942 εἱρμῷ
2932 4886 3034 4923 τινι
3065 4868 3134 4922 δι’
3160 4868 3458 4923 ἀκολούθου
3487 4870 3580 4938 τὴν

2008 4964 2258 5038 θεωρίαν.
2289 4962 2462 5031 Φωνὴ
2485 4961 2592 5016 τοῦ
2623 4960 2946 5030 ἀδελφιδοῦ
2975 4978 3110 5029 μου,
3136 4961 3323 5030 φησίν.
3354 4963 3466 5015 Καὶ
3493 4962 3578 5013 εύ-

2009 5055 2105 5121 θὺς
2143 5056 2447 5126 ἐπήγαγεν·
2493 5052 2648 5108 Ἰδοὺ
2677 5048 2853 5118 οὗτος
2882 5052 3035 5120 ἣκει.
3068 5052 3132 5104 Τί
3160 5048 3253 5105 οὖν
3284 5056 3341 5105 ἐν
3374 5052 3577 5112 τούτοις

2011 5148 2418 5215 ὑπενοήσαμενς
2450 5142 2754 5214 Προϐλέπει
2786 5142 2927 5212 τάχα
2960 5141 3057 5213 τὴν
3087 5141 3178 5195 διά
3206 5140 3302 5194 τοῦ
3340 5143 3580 5210 Εὐαγγε-

2011 5237 2126 5291 λίου
2166 5234 2571 5306 φανερωθεῖσαν
2599 5235 2729 5304 ἡμῖν
2762 5231 2856 5286 τοῦ
2892 5231 3027 5286 Θεοῦ
3063 5233 3236 5300 Λόγου
3271 5232 3578 5303 οἰκονομίαν

2009 5329 2075 5382 τὰ
2121 5328 2420 5401 εἰρημένα,
2458 5326 2555 5399 τὴν
2595 5323 3164 5397 προκαταγγελθεῖσαν
3211 5324 3309 5396 μὲν
3350 5323 3440 5379 διὰ
3480 5317 3579 5373 τῶν

408 5524 459 5558 ⁷⁸
484 5521 628 5578 Psal.
655 5537 835 5588 cxxvt,
865 5524 919 5579 4.
995 5523 1105 5577 "ll
1146 5520 1275 5576 Cor.
1309 5536 1403 5593 ιιι,
1464 5520 1518 5574 2.
1594 5521 1638 5552 ⁷⁷
1662 5516 1805 5572 Psal.
1849 5532 1881 5571 ι.

661 5537 835 5588 nam,
865 5524 919 5579 4.
995 5523 1105 5577 "ll
1146 5520 1275 5576 Cor.
1309 5536 1403 5593 ιιι,
1464 5520 1518 5574 2.
1594 5521 1638 5552 ⁷⁷
1662 5516 1805 5572 Psal.
1849 5531 2016 5580 van,
2058 5514 2139 5570 t2.
