  <div class='ocr_page' id='page_1' title='image "/cluster/home/n/w/nwhite01/storage/ocr_20150623/44/mdp.39015011915454/438.png"; bbox 0 0 3752 5984; ppageno 0'>
   <div class='ocr_carea' id='block_1_1' title="bbox 268 134 365 189">
    <p class='ocr_par' dir='ltr' id='par_1_1' title="bbox 268 134 365 189">
     <span class='ocr_line' id='line_1_1' title="bbox 268 134 365 189; baseline 0.021 -2"><span class='ocrx_word' id='word_1_1' title='bbox 268 134 365 189; x_wconf 71' lang='grc'><strong>861</strong></span> 
     </span>
    </p>
   </div>
   <div class='ocr_carea' id='block_1_2' title="bbox 1317 122 2473 202">
    <p class='ocr_par' dir='ltr' id='par_1_2' title="bbox 1317 122 2473 202">
     <span class='ocr_line' id='line_1_2' title="bbox 1317 122 2473 202; baseline 0.005 -10"><span class='ocrx_word' id='word_1_2' title='bbox 1317 140 1382 194; x_wconf 86' lang='lat' dir='ltr'><strong>IN</strong></span> <span class='ocrx_word' id='word_1_3' title='bbox 1419 139 1719 199; x_wconf 79' lang='lat' dir='ltr'><strong>CANTICA</strong></span> <span class='ocrx_word' id='word_1_4' title='bbox 1756 141 2026 199; x_wconf 65' lang='lat' dir='ltr'><strong>omne.</strong></span> <span class='ocrx_word' id='word_1_5' title='bbox 2081 143 2369 200; x_wconf 73' lang='lat' dir='ltr'><strong>llOMlLlA</strong></span> <span class='ocrx_word' id='word_1_6' title='bbox 2403 122 2473 202; x_wconf 69' lang='lat' dir='ltr'><strong>&#39;v.</strong></span> 
     </span>
    </p>
   </div>
   <div class='ocr_carea' id='block_1_3' title="bbox 3418 143 3518 199">
    <p class='ocr_par' dir='ltr' id='par_1_3' title="bbox 3418 143 3518 199">
     <span class='ocr_line' id='line_1_3' title="bbox 3418 143 3518 199; baseline 0.01 -1"><span class='ocrx_word' id='word_1_7' title='bbox 3418 143 3518 199; x_wconf 69' lang='lat'><strong>862</strong></span> 
     </span>
    </p>
   </div>
   <div class='ocr_carea' id='block_1_4' title="bbox 267 253 1749 338">
    <p class='ocr_par' dir='ltr' id='par_1_4' title="bbox 267 253 1720 334">
     <span class='ocr_line' id='line_1_4' title="bbox 267 253 1720 334; baseline 0.009 -31"><span class='ocrx_word' id='word_1_8' title='bbox 267 253 584 324; x_wconf 76' lang='grc' dir='ltr'>προφητῶν,</span> <span class='ocrx_word' id='word_1_9' title='bbox 615 257 1021 328; x_wconf 81' lang='grc' dir='ltr'><strong>φανερωθεῖσαν</strong></span> <span class='ocrx_word' id='word_1_10' title='bbox 1044 258 1099 312; x_wconf 82' lang='grc' dir='ltr'>δὲ</span> <span class='ocrx_word' id='word_1_11' title='bbox 1127 258 1212 312; x_wconf 77' lang='grc' dir='ltr'><strong>διὰ</strong></span> <span class='ocrx_word' id='word_1_12' title='bbox 1239 260 1336 330; x_wconf 78' lang='grc' dir='ltr'>τῆς</span> <span class='ocrx_word' id='word_1_13' title='bbox 1367 263 1508 316; x_wconf 77' lang='grc' dir='ltr'>κατὰ</span> <span class='ocrx_word' id='word_1_14' title='bbox 1543 263 1720 334; x_wconf 84' lang='grc' dir='ltr'>σάρκα</span> 
     </span>
    </p>
   </div>
   <div class='ocr_carea' id='block_1_5' title="bbox 2041 253 3523 338">
    <p class='ocr_par' dir='ltr' id='par_1_5' title="bbox 2041 264 3523 338">
     <span class='ocr_line' id='line_1_5' title="bbox 2041 264 3523 338; baseline 0.003 -20"><span class='ocrx_word' id='word_1_15' title='bbox 2041 281 2059 318; x_wconf 81' lang='grc' dir='ltr'><strong>ι</strong></span> <span class='ocrx_word' id='word_1_16' title='bbox 2123 267 2283 322; x_wconf 91' lang='lat' dir='ltr'><strong>nobis</strong></span> <span class='ocrx_word' id='word_1_17' title='bbox 2344 266 2437 321; x_wconf 86' lang='lat' dir='ltr'>Dei</span> <span class='ocrx_word' id='word_1_18' title='bbox 2492 264 2658 321; x_wconf 84' lang='lat' dir='ltr'><strong>Verbi</strong></span> <span class='ocrx_word' id='word_1_19' title='bbox 2722 266 3209 338; x_wconf 79' lang='lat' dir='ltr'><strong>dispensationem,</strong></span> <span class='ocrx_word' id='word_1_20' title='bbox 3259 282 3379 336; x_wconf 85' lang='lat' dir='ltr'><strong>quae</strong></span> <span class='ocrx_word' id='word_1_21' title='bbox 3430 283 3523 336; x_wconf 87' lang='lat' dir='ltr'><strong>per</strong></span> 
     </span>
    </p>
   </div>
   <div class='ocr_carea' id='block_1_6' title="bbox 271 344 1848 426">
    <p class='ocr_par' dir='ltr' id='par_1_6' title="bbox 271 344 1848 426">
     <span class='ocr_line' id='line_1_6' title="bbox 271 344 1848 426; baseline 0.009 -31"><span class='ocrx_word' id='word_1_22' title='bbox 271 344 396 397; x_wconf 73' lang='grc' dir='ltr'><strong>1⁸ἱοῦ</strong></span> <span class='ocrx_word' id='word_1_23' title='bbox 427 346 765 414; x_wconf 72' lang='grc' dir='ltr'>θεοφανείας.</span> <span class='ocrx_word' id='word_1_24' title='bbox 793 350 1166 422; x_wconf 81' lang='grc' dir='ltr'>Μαρτυρεῖται</span> <span class='ocrx_word' id='word_1_25' title='bbox 1191 352 1297 424; x_wconf 78' lang='grc' dir='ltr'>γὰρ</span> <span class='ocrx_word' id='word_1_26' title='bbox 1327 356 1439 416; x_wconf 89' lang='grc' dir='ltr'>τοῖς</span> <span class='ocrx_word' id='word_1_27' title='bbox 1467 353 1648 423; x_wconf 78' lang='grc' dir='ltr'><strong>ἔργοις</strong></span> <span class='ocrx_word' id='word_1_28' title='bbox 1671 357 1703 426; x_wconf 86' lang='grc' dir='ltr'>ή</span> <span class='ocrx_word' id='word_1_29' title='bbox 1730 355 1848 410; x_wconf 78' lang='grc' dir='ltr'>θεία</span> 
     </span>
    </p>
   </div>
   <div class='ocr_carea' id='block_1_7' title="bbox 267 437 1846 519">
    <p class='ocr_par' dir='ltr' id='par_1_7' title="bbox 267 437 1846 519">
     <span class='ocr_line' id='line_1_7' title="bbox 267 437 1846 519; baseline 0.008 -31"><span class='ocrx_word' id='word_1_30' title='bbox 267 437 450 508; x_wconf 78' lang='grc' dir='ltr'>φωνὴ,</span> <span class='ocrx_word' id='word_1_31' title='bbox 491 439 588 491; x_wconf 80' lang='grc' dir='ltr'><strong>καὶ</strong></span> <span class='ocrx_word' id='word_1_32' title='bbox 633 441 961 496; x_wconf 79' lang='grc' dir='ltr'>συνάπτεται</span> <span class='ocrx_word' id='word_1_33' title='bbox 1007 443 1084 514; x_wconf 81' lang='grc' dir='ltr'>τῷ</span> <span class='ocrx_word' id='word_1_34' title='bbox 1129 444 1272 515; x_wconf 83' lang='grc' dir='ltr'>λόγῳ</span> <span class='ocrx_word' id='word_1_35' title='bbox 1303 446 1404 515; x_wconf 80' lang='grc' dir='ltr'><strong>τῆς</strong></span> <span class='ocrx_word' id='word_1_36' title='bbox 1442 448 1770 515; x_wconf 77' lang='grc' dir='ltr'><strong>ἐπαγγελίας</strong></span> <span class='ocrx_word' id='word_1_37' title='bbox 1814 451 1846 519; x_wconf 80' lang='grc' dir='ltr'>ἡ</span> 
     </span>
    </p>
   </div>
   <div class='ocr_carea' id='block_1_8' title="bbox 266 527 1849 606">
    <p class='ocr_par' dir='ltr' id='par_1_8' title="bbox 266 527 1849 606">
     <span class='ocr_line' id='line_1_8' title="bbox 266 527 1849 606; baseline 0.008 -28"><span class='ocrx_word' id='word_1_38' title='bbox 266 527 514 592; x_wconf 72' lang='grc' dir='ltr'>ἔκϐασις,</span> <span class='ocrx_word' id='word_1_39' title='bbox 569 530 754 594; x_wconf 84' lang='grc' dir='ltr'>καθώς</span> <span class='ocrx_word' id='word_1_40' title='bbox 796 550 958 602; x_wconf 79' lang='grc' dir='ltr'>φησιν</span> <span class='ocrx_word' id='word_1_41' title='bbox 995 537 1024 587; x_wconf 90' lang='lat'><strong>6</strong></span> <span class='ocrx_word' id='word_1_42' title='bbox 1079 537 1385 606; x_wconf 77' lang='grc' dir='ltr'><strong>Προφήτης,</strong></span> <span class='ocrx_word' id='word_1_43' title='bbox 1440 539 1524 590; x_wconf 77' lang='grc' dir='ltr'>ὅτι</span> <span class='ocrx_word' id='word_1_44' title='bbox 1575 539 1849 605; x_wconf 78' lang='grc' dir='ltr'><strong>Καθάπερ</strong></span> 
     </span>
    </p>
   </div>
   <div class='ocr_carea' id='block_1_9' title="bbox 266 617 1848 697">
    <p class='ocr_par' dir='ltr' id='par_1_9' title="bbox 266 617 1848 697">
     <span class='ocr_line' id='line_1_9' title="bbox 266 617 1848 697; baseline 0.006 -25"><span class='ocrx_word' id='word_1_45' title='bbox 266 617 639 688; x_wconf 72' lang='grc' dir='ltr'>ἠκούσαμεν,</span> <span class='ocrx_word' id='word_1_46' title='bbox 691 623 841 675; x_wconf 85' lang='grc' dir='ltr'>οὕτω</span> <span class='ocrx_word' id='word_1_47' title='bbox 881 623 978 676; x_wconf 82' lang='grc' dir='ltr'><strong>καὶ</strong></span> <span class='ocrx_word' id='word_1_48' title='bbox 1008 625 1262 694; x_wconf 78' lang='grc' dir='ltr'><strong>εἴδομεν.</strong></span> <span class='ocrx_word' id='word_1_49' title='bbox 1302 627 1505 693; x_wconf 78' lang='grc' dir='ltr'>Φωνὴ,</span> <span class='ocrx_word' id='word_1_50' title='bbox 1554 629 1706 697; x_wconf 73' lang='grc' dir='ltr'>φησὶ,</span> <span class='ocrx_word' id='word_1_51' title='bbox 1742 629 1848 682; x_wconf 78' lang='grc' dir='ltr'>τοῦ</span> 
     </span>
    </p>
   </div>
   <div class='ocr_carea' id='block_1_10' title="bbox 266 709 1848 788">
    <p class='ocr_par' dir='ltr' id='par_1_10' title="bbox 266 709 1848 788">
     <span class='ocr_line' id='line_1_10' title="bbox 266 709 1848 788; baseline 0.006 -25"><span class='ocrx_word' id='word_1_52' title='bbox 266 709 597 778; x_wconf 63' lang='grc' dir='ltr'>ἀδελφιδοῦ</span> <span class='ocrx_word' id='word_1_53' title='bbox 616 731 770 780; x_wconf 80' lang='grc' dir='ltr'>μου.</span> <span class='ocrx_word' id='word_1_54' title='bbox 806 713 962 768; x_wconf 83' lang='grc' dir='ltr'>τοῦτό</span> <span class='ocrx_word' id='word_1_55' title='bbox 992 717 1138 768; x_wconf 89' lang='grc' dir='ltr'>ἐστιν</span> <span class='ocrx_word' id='word_1_56' title='bbox 1202 715 1229 769; x_wconf 84' lang='grc' dir='ltr'>ὃ</span> <span class='ocrx_word' id='word_1_57' title='bbox 1310 718 1644 788; x_wconf 67' lang='grc' dir='ltr'>ἠκούσαμεν.</span> <span class='ocrx_word' id='word_1_58' title='bbox 1695 718 1848 772; x_wconf 82' lang='grc' dir='ltr'><strong>Ἰδοὺ</strong></span> 
     </span>
    </p>
   </div>
   <div class='ocr_carea' id='block_1_11' title="bbox 267 794 1844 877">
    <p class='ocr_par' dir='ltr' id='par_1_11' title="bbox 267 794 1844 877">
     <span class='ocr_line' id='line_1_11' title="bbox 267 794 1844 877; baseline 0.008 -27"><span class='ocrx_word' id='word_1_59' title='bbox 267 794 448 864; x_wconf 80' lang='grc' dir='ltr'>οὗτος</span> <span class='ocrx_word' id='word_1_60' title='bbox 505 800 671 866; x_wconf 72' lang='grc' dir='ltr'>ἦκειο</span> <span class='ocrx_word' id='word_1_61' title='bbox 723 802 880 856; x_wconf 86' lang='grc' dir='ltr'>τοῦτο</span> <span class='ocrx_word' id='word_1_62' title='bbox 930 803 958 855; x_wconf 83' lang='grc' dir='ltr'><strong>ὃ</strong></span> <span class='ocrx_word' id='word_1_63' title='bbox 1012 809 1123 868; x_wconf 85' lang='grc' dir='ltr'>τοῖς</span> <span class='ocrx_word' id='word_1_64' title='bbox 1176 808 1472 876; x_wconf 73' lang='grc' dir='ltr'><strong>ὀφθαλμοῖς</strong></span> <span class='ocrx_word' id='word_1_65' title='bbox 1528 808 1844 877; x_wconf 83' lang='grc' dir='ltr'>ἐδεξάμεθα.</span> 
     </span>
    </p>
   </div>
   <div class='ocr_carea' id='block_1_12' title="bbox 264 892 1850 966">
    <p class='ocr_par' dir='ltr' id='par_1_12' title="bbox 264 892 1850 966">
     <span class='ocr_line' id='line_1_12' title="bbox 264 892 1850 966; baseline 0.007 -25"><span class='ocrx_word' id='word_1_66' title='bbox 264 892 626 960; x_wconf 69' lang='grc' dir='ltr'>Πολυμερῶς</span> <span class='ocrx_word' id='word_1_67' title='bbox 641 895 737 946; x_wconf 80' lang='grc' dir='ltr'><strong>καὶ</strong></span> <span class='ocrx_word' id='word_1_68' title='bbox 756 898 1146 963; x_wconf 81' lang='grc' dir='ltr'>πολυτρόπως</span> <span class='ocrx_word' id='word_1_69' title='bbox 1164 898 1346 950; x_wconf 81' lang='grc' dir='ltr'>πάλαι</span> <span class='ocrx_word' id='word_1_70' title='bbox 1363 903 1395 952; x_wconf 81' lang='grc' dir='ltr'><strong>ό</strong></span> <span class='ocrx_word' id='word_1_71' title='bbox 1413 900 1554 963; x_wconf 87' lang='grc' dir='ltr'><strong>Θεὸς</strong></span> <span class='ocrx_word' id='word_1_72' title='bbox 1569 898 1850 966; x_wconf 72' lang='grc' dir='ltr'><strong>λαλήσας</strong></span> 
     </span>
    </p>
   </div>
   <div class='ocr_carea' id='block_1_13' title="bbox 220 981 1849 1060">
    <p class='ocr_par' dir='ltr' id='par_1_13' title="bbox 220 981 1849 1060">
     <span class='ocr_line' id='line_1_13' title="bbox 220 981 1849 1060; baseline 0.011 -29"><span class='ocrx_word' id='word_1_73' title='bbox 220 1003 228 1009; x_wconf 83' lang='grc'><strong>·</strong></span> <span class='ocrx_word' id='word_1_74' title='bbox 265 981 391 1047; x_wconf 86' lang='grc' dir='ltr'>τοῖς</span> <span class='ocrx_word' id='word_1_75' title='bbox 416 985 715 1050; x_wconf 73' lang='grc' dir='ltr'>πατράσιν</span> <span class='ocrx_word' id='word_1_76' title='bbox 731 985 902 1054; x_wconf 73' lang='grc' dir='ltr'>ἡμῶν</span> <span class='ocrx_word' id='word_1_77' title='bbox 923 987 993 1040; x_wconf 75' lang='grc' dir='ltr'>ἐν</span> <span class='ocrx_word' id='word_1_78' title='bbox 1012 987 1134 1053; x_wconf 80' lang='grc' dir='ltr'>τοῖς</span> <span class='ocrx_word' id='word_1_79' title='bbox 1153 989 1482 1058; x_wconf 68' lang='grc' dir='ltr'>προφήταις</span> <span class='ocrx_word' id='word_1_80' title='bbox 1499 1005 1511 1018; x_wconf 83' lang='lat'><strong><em>°</em></strong></span> <span class='ocrx_word' id='word_1_81' title='bbox 1534 989 1668 1058; x_wconf 82' lang='grc' dir='ltr'>αὕτη</span> <span class='ocrx_word' id='word_1_82' title='bbox 1697 991 1730 1060; x_wconf 84' lang='grc' dir='ltr'>ἡ</span> <span class='ocrx_word' id='word_1_83' title='bbox 1751 991 1849 1060; x_wconf 82' lang='grc' dir='ltr'><strong>τῆς</strong></span> 
     </span>
    </p>
   </div>
   <div class='ocr_carea' id='block_1_14' title="bbox 265 1073 1849 1147">
    <p class='ocr_par' dir='ltr' id='par_1_14' title="bbox 265 1073 1849 1147">
     <span class='ocr_line' id='line_1_14' title="bbox 265 1073 1849 1147; baseline 0.008 -25"><span class='ocrx_word' id='word_1_84' title='bbox 265 1073 450 1143; x_wconf 80' lang='grc' dir='ltr'>φωνῆς</span> <span class='ocrx_word' id='word_1_85' title='bbox 480 1074 616 1144; x_wconf 83' lang='grc' dir='ltr'>ἀκοή</span> <span class='ocrx_word' id='word_1_86' title='bbox 639 1085 657 1105; x_wconf 75' lang='grc'>⁸</span> <span class='ocrx_word' id='word_1_87' title='bbox 696 1076 788 1128; x_wconf 83' lang='grc' dir='ltr'>ἐπ’</span> <span class='ocrx_word' id='word_1_88' title='bbox 817 1076 1092 1145; x_wconf 80' lang='grc' dir='ltr'><strong>ἐσχάτων</strong></span> <span class='ocrx_word' id='word_1_89' title='bbox 1128 1077 1248 1131; x_wconf 76' lang='grc' dir='ltr'>τῶν</span> <span class='ocrx_word' id='word_1_90' title='bbox 1274 1080 1849 1147; x_wconf 74' lang='grc' dir='ltr'>ήμερῶν⁶ἐλάλησεν</span> 
     </span>
    </p>
   </div>
   <div class='ocr_carea' id='block_1_15' title="bbox 270 1162 1846 1238">
    <p class='ocr_par' dir='ltr' id='par_1_15' title="bbox 270 1162 1846 1238">
     <span class='ocr_line' id='line_1_15' title="bbox 270 1162 1846 1238; baseline 0.004 -24"><span class='ocrx_word' id='word_1_91' title='bbox 270 1162 412 1230; x_wconf 76' lang='grc' dir='ltr'>ἡμῖν</span> <span class='ocrx_word' id='word_1_92' title='bbox 439 1164 509 1215; x_wconf 79' lang='grc' dir='ltr'>ἐν</span> <span class='ocrx_word' id='word_1_93' title='bbox 548 1164 674 1228; x_wconf 76' lang='grc' dir='ltr'><strong>Υἰῴ.</strong></span> <span class='ocrx_word' id='word_1_94' title='bbox 717 1166 972 1219; x_wconf 87' lang='grc' dir='ltr'>Τουτέστι</span> <span class='ocrx_word' id='word_1_95' title='bbox 1005 1167 1066 1219; x_wconf 88' lang='grc' dir='ltr'><strong>τὸ</strong></span> <span class='ocrx_word' id='word_1_96' title='bbox 1102 1169 1428 1238; x_wconf 71' lang='grc' dir='ltr'><strong>εἰρημένον,</strong></span> <span class='ocrx_word' id='word_1_97' title='bbox 1485 1169 1630 1223; x_wconf 85' lang='grc' dir='ltr'>Ἰδοὺ</span> <span class='ocrx_word' id='word_1_98' title='bbox 1671 1167 1846 1234; x_wconf 87' lang='grc' dir='ltr'>οὗτος</span> 
     </span>
    </p>
   </div>
   <div class='ocr_carea' id='block_1_16' title="bbox 264 1253 1850 1324">
    <p class='ocr_par' dir='ltr' id='par_1_16' title="bbox 264 1253 1850 1324">
     <span class='ocr_line' id='line_1_16' title="bbox 264 1253 1850 1324; baseline 0.005 -20"><span class='ocrx_word' id='word_1_99' title='bbox 264 1253 397 1318; x_wconf 71' lang='grc' dir='ltr'>ἤχει</span> <span class='ocrx_word' id='word_1_100' title='bbox 433 1254 738 1320; x_wconf 80' lang='grc' dir='ltr'>ἐπιπηὸῶν</span> <span class='ocrx_word' id='word_1_101' title='bbox 769 1257 892 1322; x_wconf 84' lang='grc' dir='ltr'>τοῖς</span> <span class='ocrx_word' id='word_1_102' title='bbox 917 1257 1101 1324; x_wconf 79' lang='grc' dir='ltr'>ὄρεσι,</span> <span class='ocrx_word' id='word_1_103' title='bbox 1146 1260 1243 1312; x_wconf 75' lang='grc' dir='ltr'><strong>καὶ</strong></span> <span class='ocrx_word' id='word_1_104' title='bbox 1279 1259 1428 1312; x_wconf 85' lang='grc' dir='ltr'>κατὰ</span> <span class='ocrx_word' id='word_1_105' title='bbox 1459 1259 1576 1312; x_wconf 76' lang='grc' dir='ltr'>τῶν</span> <span class='ocrx_word' id='word_1_106' title='bbox 1601 1260 1850 1324; x_wconf 81' lang='grc' dir='ltr'>βουνῶν</span> 
     </span>
    </p>
   </div>
   <div class='ocr_carea' id='block_1_17' title="bbox 260 1341 1851 1419">
    <p class='ocr_par' dir='ltr' id='par_1_17' title="bbox 260 1341 1851 1419">
     <span class='ocr_line' id='line_1_17' title="bbox 260 1341 1851 1419; baseline 0.004 -26"><span class='ocrx_word' id='word_1_107' title='bbox 260 1341 680 1412; x_wconf 70' lang='grc' dir='ltr'>διαλλόμενος,</span> <span class='ocrx_word' id='word_1_108' title='bbox 715 1345 1006 1415; x_wconf 79' lang='grc' dir='ltr'>προσφυῶς</span> <span class='ocrx_word' id='word_1_109' title='bbox 1037 1347 1133 1399; x_wconf 71' lang='grc' dir='ltr'>καὶ</span> <span class='ocrx_word' id='word_1_110' title='bbox 1171 1347 1518 1419; x_wconf 76' lang='grc' dir='ltr'>καταλλήλως</span> <span class='ocrx_word' id='word_1_111' title='bbox 1543 1352 1608 1419; x_wconf 82' lang='grc' dir='ltr'>τῇ</span> <span class='ocrx_word' id='word_1_112' title='bbox 1645 1366 1702 1401; x_wconf 88' lang='grc' dir='ltr'><strong>τε</strong></span> <span class='ocrx_word' id='word_1_113' title='bbox 1731 1349 1851 1419; x_wconf 86' lang='grc' dir='ltr'>δορ-</span> 
     </span>
    </p>
   </div>
   <div class='ocr_carea' id='block_1_18' title="bbox 263 1431 1847 1508">
    <p class='ocr_par' dir='ltr' id='par_1_18' title="bbox 263 1431 1847 1508">
     <span class='ocr_line' id='line_1_18' title="bbox 263 1431 1847 1508; baseline 0.006 -26"><span class='ocrx_word' id='word_1_114' title='bbox 263 1431 388 1483; x_wconf 82' lang='grc' dir='ltr'>κάδι</span> <span class='ocrx_word' id='word_1_115' title='bbox 425 1434 567 1487; x_wconf 89' lang='grc' dir='ltr'>κατά</span> <span class='ocrx_word' id='word_1_116' title='bbox 599 1451 720 1487; x_wconf 87' lang='grc' dir='ltr'>τινα</span> <span class='ocrx_word' id='word_1_117' title='bbox 752 1435 881 1488; x_wconf 81' lang='grc' dir='ltr'>ἴδιον</span> <span class='ocrx_word' id='word_1_118' title='bbox 909 1435 1086 1503; x_wconf 88' lang='grc' dir='ltr'>λόγον,</span> <span class='ocrx_word' id='word_1_119' title='bbox 1118 1437 1210 1488; x_wconf 75' lang='grc' dir='ltr'><strong>καὶ</strong></span> <span class='ocrx_word' id='word_1_120' title='bbox 1241 1437 1399 1490; x_wconf 88' lang='grc' dir='ltr'>πάλιν</span> <span class='ocrx_word' id='word_1_121' title='bbox 1429 1436 1506 1507; x_wconf 82' lang='grc' dir='ltr'>τῷ</span> <span class='ocrx_word' id='word_1_122' title='bbox 1535 1437 1709 1508; x_wconf 82' lang='grc' dir='ltr'>νεϐρῷ</span> <span class='ocrx_word' id='word_1_123' title='bbox 1738 1439 1847 1491; x_wconf 89' lang='grc' dir='ltr'><strong>τῶν</strong></span> 
     </span>
    </p>
   </div>
   <div class='ocr_carea' id='block_1_19' title="bbox 259 1522 1848 1600">
    <p class='ocr_par' dir='ltr' id='par_1_19' title="bbox 259 1522 1848 1600">
     <span class='ocr_line' id='line_1_19' title="bbox 259 1522 1848 1600; baseline 0.005 -26"><span class='ocrx_word' id='word_1_124' title='bbox 259 1522 496 1591; x_wconf 78' lang='grc' dir='ltr'><strong>ἐλάφων,</strong></span> <span class='ocrx_word' id='word_1_125' title='bbox 529 1524 650 1577; x_wconf 87' lang='grc' dir='ltr'>καθ’</span> <span class='ocrx_word' id='word_1_126' title='bbox 678 1526 872 1596; x_wconf 79' lang='grc' dir='ltr'>ἑτέραν</span> <span class='ocrx_word' id='word_1_127' title='bbox 900 1526 1110 1580; x_wconf 75' lang='grc' dir='ltr'>ἔννοιαν</span> <span class='ocrx_word' id='word_1_128' title='bbox 1139 1529 1511 1599; x_wconf 77' lang='grc' dir='ltr'><strong>ὁμοιούμενος.</strong></span> <span class='ocrx_word' id='word_1_129' title='bbox 1558 1529 1622 1582; x_wconf 82' lang='grc' dir='ltr'>Ἡ</span> <span class='ocrx_word' id='word_1_130' title='bbox 1647 1529 1848 1600; x_wconf 76' lang='grc' dir='ltr'>δορκὰς</span> 
     </span>
    </p>
   </div>
   <div class='ocr_carea' id='block_1_20' title="bbox 1950 356 3522 426">
    <p class='ocr_par' dir='ltr' id='par_1_20' title="bbox 1950 356 3522 426">
     <span class='ocr_line' id='line_1_20' title="bbox 1950 356 3522 426; baseline 0.002 -19"><span class='ocrx_word' id='word_1_131' title='bbox 1950 356 2240 426; x_wconf 88' lang='lat' dir='ltr'><strong>pr0phetas</strong></span> <span class='ocrx_word' id='word_1_132' title='bbox 2267 357 2482 425; x_wconf 87' lang='lat' dir='ltr'><strong>quidem</strong></span> <span class='ocrx_word' id='word_1_133' title='bbox 2503 357 2654 414; x_wconf 76' lang='lat' dir='ltr'><strong>prius</strong></span> <span class='ocrx_word' id='word_1_134' title='bbox 2671 356 2772 409; x_wconf 80' lang='lat' dir='ltr'><strong>fuit</strong></span> <span class='ocrx_word' id='word_1_135' title='bbox 2800 357 3142 422; x_wconf 87' lang='lat' dir='ltr'><strong>annuntiata,</strong></span> <span class='ocrx_word' id='word_1_136' title='bbox 3177 359 3522 410; x_wconf 83' lang='lat' dir='ltr'><strong>manifestata</strong></span> 
     </span>
    </p>
   </div>
   <div class='ocr_carea' id='block_1_21' title="bbox 1949 440 3523 514">
    <p class='ocr_par' dir='ltr' id='par_1_21' title="bbox 1949 440 3523 514">
     <span class='ocr_line' id='line_1_21' title="bbox 1949 440 3523 514; baseline -0.001 -16"><span class='ocrx_word' id='word_1_137' title='bbox 1949 454 2128 500; x_wconf 90' lang='lat' dir='ltr'><strong>autem</strong></span> <span class='ocrx_word' id='word_1_138' title='bbox 2189 461 2283 514; x_wconf 91' lang='lat' dir='ltr'><strong>per</strong></span> <span class='ocrx_word' id='word_1_139' title='bbox 2337 445 2548 499; x_wconf 88' lang='lat' dir='ltr'><strong>Domini</strong></span> <span class='ocrx_word' id='word_1_140' title='bbox 2607 446 2661 498; x_wconf 91' lang='lat' dir='ltr'><strong>in</strong></span> <span class='ocrx_word' id='word_1_141' title='bbox 2711 460 2878 498; x_wconf 78' lang='lat' dir='ltr'><strong>carne</strong></span> <span class='ocrx_word' id='word_1_142' title='bbox 2935 445 3350 514; x_wconf 87' lang='lat' dir='ltr'><strong>apparitionem.</strong></span> <span class='ocrx_word' id='word_1_143' title='bbox 3385 440 3523 497; x_wconf 85' lang='lat' dir='ltr'><strong>Nam</strong></span> 
     </span>
    </p>
   </div>
   <div class='ocr_carea' id='block_1_22' title="bbox 1949 533 3525 603">
    <p class='ocr_par' dir='ltr' id='par_1_22' title="bbox 1949 533 3525 603">
     <span class='ocr_line' id='line_1_22' title="bbox 1949 533 3525 603; baseline 0.001 -17"><span class='ocrx_word' id='word_1_144' title='bbox 1949 534 2014 586; x_wconf 92' lang='lat' dir='ltr'><strong>de</strong></span> <span class='ocrx_word' id='word_1_145' title='bbox 2065 549 2198 588; x_wconf 89' lang='lat' dir='ltr'><strong>voce</strong></span> <span class='ocrx_word' id='word_1_146' title='bbox 2223 536 2407 588; x_wconf 83' lang='lat' dir='ltr'><strong>divina</strong></span> <span class='ocrx_word' id='word_1_147' title='bbox 2431 536 2807 589; x_wconf 74' lang='lat' dir='ltr'><strong>testimonium</strong></span> <span class='ocrx_word' id='word_1_148' title='bbox 2843 533 3024 588; x_wconf 82' lang='lat' dir='ltr'><strong>ferunt</strong></span> <span class='ocrx_word' id='word_1_149' title='bbox 3063 550 3244 603; x_wconf 89' lang='lat' dir='ltr'><strong>opera,</strong></span> <span class='ocrx_word' id='word_1_150' title='bbox 3272 543 3326 589; x_wconf 91' lang='lat' dir='ltr'><strong>et</strong></span> <span class='ocrx_word' id='word_1_151' title='bbox 3356 535 3525 588; x_wconf 77' lang='lat' dir='ltr'><strong>verbo</strong></span> 
     </span>
    </p>
   </div>
   <div class='ocr_carea' id='block_1_23' title="bbox 1948 622 3524 692">
    <p class='ocr_par' dir='ltr' id='par_1_23' title="bbox 1948 622 3524 692">
     <span class='ocr_line' id='line_1_23' title="bbox 1948 622 3524 692; baseline 0.001 -18"><span class='ocrx_word' id='word_1_152' title='bbox 1948 622 2328 690; x_wconf 85' lang='lat' dir='ltr'><strong>promissionis</strong></span> <span class='ocrx_word' id='word_1_153' title='bbox 2372 623 2726 692; x_wconf 81' lang='lat' dir='ltr'><strong>conjungitur</strong></span> <span class='ocrx_word' id='word_1_154' title='bbox 2759 630 3006 686; x_wconf 90' lang='lat' dir='ltr'><strong>eventus,</strong></span> <span class='ocrx_word' id='word_1_155' title='bbox 3056 623 3198 676; x_wconf 88' lang='lat' dir='ltr'><strong>sicut</strong></span> <span class='ocrx_word' id='word_1_156' title='bbox 3228 624 3360 676; x_wconf 87' lang='lat' dir='ltr'><strong>dicit</strong></span> <span class='ocrx_word' id='word_1_157' title='bbox 3392 622 3524 676; x_wconf 87' lang='lat' dir='ltr'><strong>Pro-</strong></span> 
     </span>
    </p>
   </div>
   <div class='ocr_carea' id='block_1_24' title="bbox 1949 712 3522 782">
    <p class='ocr_par' dir='ltr' id='par_1_24' title="bbox 1949 712 3522 782">
     <span class='ocr_line' id='line_1_24' title="bbox 1949 712 3522 782; baseline 0 -17"><span class='ocrx_word' id='word_1_158' title='bbox 1949 715 2109 782; x_wconf 85' lang='lat' dir='ltr'><strong>pheta</strong></span> <span class='ocrx_word' id='word_1_159' title='bbox 2142 732 2156 768; x_wconf 92' lang='lat'><strong>:</strong></span> <span class='ocrx_word' id='word_1_160' title='bbox 2184 712 2333 767; x_wconf 86' lang='lat' dir='ltr'><strong>Sicut</strong></span> <span class='ocrx_word' id='word_1_161' title='bbox 2384 714 2715 779; x_wconf 85' lang='lat' dir='ltr'><strong>audivimus,</strong></span> <span class='ocrx_word' id='word_1_162' title='bbox 2761 717 2836 768; x_wconf 86' lang='lat' dir='ltr'><strong>sic</strong></span> <span class='ocrx_word' id='word_1_163' title='bbox 2897 714 3120 768; x_wconf 78' lang='lat' dir='ltr'><strong>vidimus</strong></span> <span class='ocrx_word' id='word_1_164' title='bbox 3152 717 3220 768; x_wconf 84' lang='grc'><strong>⁷⁸.</strong></span> <span class='ocrx_word' id='word_1_165' title='bbox 3260 714 3371 768; x_wconf 74' lang='lat' dir='ltr'><strong>Vox</strong></span> <span class='ocrx_word' id='word_1_166' title='bbox 3425 731 3522 781; x_wconf 86' lang='lat' dir='ltr'><strong>pa-</strong></span> 
     </span>
    </p>
   </div>
   <div class='ocr_carea' id='block_1_25' title="bbox 1948 806 3526 878">
    <p class='ocr_par' dir='ltr' id='par_1_25' title="bbox 1948 806 3526 878">
     <span class='ocr_line' id='line_1_25' title="bbox 1948 806 3526 878; baseline 0.001 -19"><span class='ocrx_word' id='word_1_167' title='bbox 1948 808 2133 861; x_wconf 83' lang='lat' dir='ltr'><strong>truelis</strong></span> <span class='ocrx_word' id='word_1_168' title='bbox 2177 808 2297 872; x_wconf 86' lang='lat' dir='ltr'><strong>mei,</strong></span> <span class='ocrx_word' id='word_1_169' title='bbox 2332 807 2556 877; x_wconf 80' lang='lat' dir='ltr'><strong>inquit,‘</strong></span> <span class='ocrx_word' id='word_1_170' title='bbox 2574 809 2677 862; x_wconf 92' lang='lat' dir='ltr'><strong>hoc</strong></span> <span class='ocrx_word' id='word_1_171' title='bbox 2717 817 2801 863; x_wconf 87' lang='lat' dir='ltr'><strong>est</strong></span> <span class='ocrx_word' id='word_1_172' title='bbox 2838 809 2980 878; x_wconf 90' lang='lat' dir='ltr'><strong>quod</strong></span> <span class='ocrx_word' id='word_1_173' title='bbox 3024 809 3352 861; x_wconf 84' lang='lat' dir='ltr'><strong>audivimus.</strong></span> <span class='ocrx_word' id='word_1_174' title='bbox 3395 806 3526 860; x_wconf 75' lang='lat' dir='ltr'><strong>Ecce</strong></span> 
     </span>
    </p>
   </div>
   <div class='ocr_carea' id='block_1_26' title="bbox 1947 881 3522 968">
    <p class='ocr_par' dir='ltr' id='par_1_26' title="bbox 1947 881 3522 968">
     <span class='ocr_line' id='line_1_26' title="bbox 1947 881 3522 968; baseline 0 -18"><span class='ocrx_word' id='word_1_175' title='bbox 1947 899 2032 951; x_wconf 85' lang='lat' dir='ltr'><strong>hic</strong></span> <span class='ocrx_word' id='word_1_176' title='bbox 2061 898 2192 951; x_wconf 82' lang='lat' dir='ltr'><strong>venit</strong></span> <span class='ocrx_word' id='word_1_177' title='bbox 2225 881 2379 951; x_wconf 58' lang='lat' dir='ltr'><strong>:°hoc</strong></span> <span class='ocrx_word' id='word_1_178' title='bbox 2407 897 2554 968; x_wconf 90' lang='lat' dir='ltr'><strong>quod</strong></span> <span class='ocrx_word' id='word_1_179' title='bbox 2581 899 2758 953; x_wconf 94' lang='lat' dir='ltr'><strong>oculis</strong></span> <span class='ocrx_word' id='word_1_180' title='bbox 2783 901 3115 968; x_wconf 91' lang='lat' dir='ltr'><strong>accepimus.</strong></span> <span class='ocrx_word' id='word_1_181' title='bbox 3162 898 3522 967; x_wconf 84' lang='lat' dir='ltr'><strong>Multifariam</strong></span> 
     </span>
    </p>
   </div>
   <div class='ocr_carea' id='block_1_27' title="bbox 1949 989 3519 1058">
    <p class='ocr_par' dir='ltr' id='par_1_27' title="bbox 1949 989 3519 1058">
     <span class='ocr_line' id='line_1_27' title="bbox 1949 989 3519 1058; baseline -0.001 -16"><span class='ocrx_word' id='word_1_182' title='bbox 1949 989 2231 1058; x_wconf 79' lang='lat' dir='ltr'><strong>multisque</strong></span> <span class='ocrx_word' id='word_1_183' title='bbox 2283 989 2451 1042; x_wconf 88' lang='lat' dir='ltr'><strong>modis</strong></span> <span class='ocrx_word' id='word_1_184' title='bbox 2503 989 2629 1042; x_wconf 84' lang='lat' dir='ltr'><strong>olim</strong></span> <span class='ocrx_word' id='word_1_185' title='bbox 2686 989 2826 1042; x_wconf 84' lang='lat' dir='ltr'><strong>Deus</strong></span> <span class='ocrx_word' id='word_1_186' title='bbox 2875 991 3077 1042; x_wconf 85' lang='lat' dir='ltr'><strong>locutus</strong></span> <span class='ocrx_word' id='word_1_187' title='bbox 3119 990 3357 1057; x_wconf 74' lang='lat' dir='ltr'><strong>patribus</strong></span> <span class='ocrx_word' id='word_1_188' title='bbox 3421 1005 3519 1042; x_wconf 87' lang='lat' dir='ltr'><strong>no-</strong></span> 
     </span>
    </p>
   </div>
   <div class='ocr_carea' id='block_1_28' title="bbox 1947 1079 3518 1147">
    <p class='ocr_par' dir='ltr' id='par_1_28' title="bbox 1947 1079 3518 1147">
     <span class='ocr_line' id='line_1_28' title="bbox 1947 1079 3518 1147; baseline -0.003 -15"><span class='ocrx_word' id='word_1_189' title='bbox 1947 1083 2075 1132; x_wconf 90' lang='lat' dir='ltr'><strong>stris</strong></span> <span class='ocrx_word' id='word_1_190' title='bbox 2117 1079 2170 1132; x_wconf 89' lang='lat' dir='ltr'><strong>in</strong></span> <span class='ocrx_word' id='word_1_191' title='bbox 2213 1079 2472 1147; x_wconf 75' lang='lat' dir='ltr'><strong>prophetis</strong></span> <span class='ocrx_word' id='word_1_192' title='bbox 2504 1093 2521 1131; x_wconf 88' lang='lat'><strong>:</strong></span> <span class='ocrx_word' id='word_1_193' title='bbox 2553 1079 2669 1133; x_wconf 62' lang='lat' dir='ltr'><strong>haec</strong></span> <span class='ocrx_word' id='word_1_194' title='bbox 2716 1085 2801 1132; x_wconf 90' lang='lat' dir='ltr'><strong>est</strong></span> <span class='ocrx_word' id='word_1_195' title='bbox 2844 1079 3054 1131; x_wconf 84' lang='lat' dir='ltr'><strong>auditio</strong></span> <span class='ocrx_word' id='word_1_196' title='bbox 3092 1079 3280 1131; x_wconf 90' lang='lat' dir='ltr'><strong>vocis:</strong></span> <span class='ocrx_word' id='word_1_197' title='bbox 3326 1079 3382 1130; x_wconf 82' lang='lat' dir='ltr'><strong>in</strong></span> <span class='ocrx_word' id='word_1_198' title='bbox 3422 1092 3518 1128; x_wconf 88' lang='lat' dir='ltr'><strong>no-</strong></span> 
     </span>
    </p>
   </div>
   <div class='ocr_carea' id='block_1_29' title="bbox 1948 1167 3520 1223">
    <p class='ocr_par' dir='ltr' id='par_1_29' title="bbox 1948 1167 3520 1223">
     <span class='ocr_line' id='line_1_29' title="bbox 1948 1167 3520 1223; baseline -0.003 -1"><span class='ocrx_word' id='word_1_199' title='bbox 1948 1171 2176 1222; x_wconf 80' lang='lat' dir='ltr'><strong>vissimis</strong></span> <span class='ocrx_word' id='word_1_200' title='bbox 2208 1170 2390 1223; x_wconf 84' lang='lat' dir='ltr'><strong>diebus</strong></span> <span class='ocrx_word' id='word_1_201' title='bbox 2426 1170 2629 1223; x_wconf 84' lang='lat' dir='ltr'><strong>locutus</strong></span> <span class='ocrx_word' id='word_1_202' title='bbox 2660 1177 2737 1222; x_wconf 84' lang='lat' dir='ltr'><strong>est</strong></span> <span class='ocrx_word' id='word_1_203' title='bbox 2765 1169 2912 1223; x_wconf 88' lang='lat' dir='ltr'><strong>nobis</strong></span> <span class='ocrx_word' id='word_1_204' title='bbox 2938 1171 2990 1222; x_wconf 89' lang='lat' dir='ltr'><strong>in</strong></span> <span class='ocrx_word' id='word_1_205' title='bbox 3015 1168 3159 1222; x_wconf 83' lang='lat' dir='ltr'><strong>Filio</strong></span> <span class='ocrx_word' id='word_1_206' title='bbox 3188 1170 3256 1220; x_wconf 77' lang='grc'>⁷³.</span> <span class='ocrx_word' id='word_1_207' title='bbox 3292 1167 3403 1219; x_wconf 86' lang='lat' dir='ltr'><strong>lloc</strong></span> <span class='ocrx_word' id='word_1_208' title='bbox 3435 1174 3520 1221; x_wconf 77' lang='lat' dir='ltr'><strong>est</strong></span> 
     </span>
    </p>
   </div>
   <div class='ocr_carea' id='block_1_30' title="bbox 1947 1257 3518 1330">
    <p class='ocr_par' dir='ltr' id='par_1_30' title="bbox 1947 1257 3518 1330">
     <span class='ocr_line' id='line_1_30' title="bbox 1947 1257 3518 1330; baseline -0.004 -15"><span class='ocrx_word' id='word_1_209' title='bbox 1947 1262 2002 1315; x_wconf 87' lang='lat' dir='ltr'><strong>id</strong></span> <span class='ocrx_word' id='word_1_210' title='bbox 2033 1261 2177 1330; x_wconf 92' lang='lat' dir='ltr'><strong>quod</strong></span> <span class='ocrx_word' id='word_1_211' title='bbox 2225 1260 2430 1313; x_wconf 76' lang='lat' dir='ltr'><strong>dictum</strong></span> <span class='ocrx_word' id='word_1_212' title='bbox 2486 1268 2591 1324; x_wconf 89' lang='lat' dir='ltr'><strong>est,</strong></span> <span class='ocrx_word' id='word_1_213' title='bbox 2628 1258 2764 1312; x_wconf 79' lang='lat' dir='ltr'><strong>Ecce</strong></span> <span class='ocrx_word' id='word_1_214' title='bbox 2809 1260 2890 1311; x_wconf 85' lang='lat' dir='ltr'><strong>hic</strong></span> <span class='ocrx_word' id='word_1_215' title='bbox 2928 1260 3061 1313; x_wconf 81' lang='lat' dir='ltr'><strong>venit</strong></span> <span class='ocrx_word' id='word_1_216' title='bbox 3109 1257 3314 1311; x_wconf 85' lang='lat' dir='ltr'><strong>saltans</strong></span> <span class='ocrx_word' id='word_1_217' title='bbox 3357 1271 3518 1323; x_wconf 83' lang='lat' dir='ltr'><strong>supra</strong></span> 
     </span>
    </p>
   </div>
   <div class='ocr_carea' id='block_1_31' title="bbox 1949 1349 3522 1418">
    <p class='ocr_par' dir='ltr' id='par_1_31' title="bbox 1949 1349 3522 1418">
     <span class='ocr_line' id='line_1_31' title="bbox 1949 1349 3522 1418; baseline -0.003 -13"><span class='ocrx_word' id='word_1_218' title='bbox 1949 1362 2172 1413; x_wconf 83' lang='lat' dir='ltr'><strong>montes,</strong></span> <span class='ocrx_word' id='word_1_219' title='bbox 2207 1360 2256 1404; x_wconf 81' lang='lat' dir='ltr'><strong>et</strong></span> <span class='ocrx_word' id='word_1_220' title='bbox 2299 1367 2391 1418; x_wconf 87' lang='lat' dir='ltr'><strong>per</strong></span> <span class='ocrx_word' id='word_1_221' title='bbox 2429 1351 2590 1404; x_wconf 82' lang='lat' dir='ltr'><strong>colles</strong></span> <span class='ocrx_word' id='word_1_222' title='bbox 2623 1350 2930 1403; x_wconf 81' lang='lat' dir='ltr'><strong>transiliens</strong></span> <span class='ocrx_word' id='word_1_223' title='bbox 2968 1349 3257 1418; x_wconf 66' lang='lat' dir='ltr'><strong>tapposite</strong></span> <span class='ocrx_word' id='word_1_224' title='bbox 3297 1362 3360 1400; x_wconf 88' lang='lat' dir='ltr'><strong>ac</strong></span> <span class='ocrx_word' id='word_1_225' title='bbox 3393 1362 3522 1401; x_wconf 84' lang='lat' dir='ltr'><strong>con-</strong></span> 
     </span>
    </p>
   </div>
   <div class='ocr_carea' id='block_1_32' title="bbox 1945 1439 3520 1512">
    <p class='ocr_par' dir='ltr' id='par_1_32' title="bbox 1945 1439 3520 1512">
     <span class='ocr_line' id='line_1_32' title="bbox 1945 1439 3520 1512; baseline -0.005 -12"><span class='ocrx_word' id='word_1_226' title='bbox 1945 1447 2229 1500; x_wconf 81' lang='lat' dir='ltr'><strong>venienter</strong></span> <span class='ocrx_word' id='word_1_227' title='bbox 2267 1451 2321 1498; x_wconf 88' lang='lat' dir='ltr'><strong>et</strong></span> <span class='ocrx_word' id='word_1_228' title='bbox 2355 1458 2565 1512; x_wconf 71' lang='lat' dir='ltr'><strong>capreze</strong></span> <span class='ocrx_word' id='word_1_229' title='bbox 2604 1457 2670 1496; x_wconf 81' lang='lat' dir='ltr'><strong>ex</strong></span> <span class='ocrx_word' id='word_1_230' title='bbox 2716 1446 2935 1511; x_wconf 89' lang='lat' dir='ltr'><strong>pr0pria</strong></span> <span class='ocrx_word' id='word_1_231' title='bbox 2980 1441 3160 1508; x_wconf 88' lang='lat' dir='ltr'><strong>aliqua</strong></span> <span class='ocrx_word' id='word_1_232' title='bbox 3197 1439 3430 1499; x_wconf 82' lang='lat' dir='ltr'><strong>ratione,</strong></span> <span class='ocrx_word' id='word_1_233' title='bbox 3467 1445 3520 1492; x_wconf 88' lang='lat' dir='ltr'><strong>et</strong></span> 
     </span>
    </p>
   </div>
   <div class='ocr_carea' id='block_1_33' title="bbox 1948 1531 3516 1591">
    <p class='ocr_par' dir='ltr' id='par_1_33' title="bbox 1948 1531 3516 1591">
     <span class='ocr_line' id='line_1_33' title="bbox 1948 1531 3516 1591; baseline -0.004 -2"><span class='ocrx_word' id='word_1_234' title='bbox 1948 1550 2141 1591; x_wconf 86' lang='lat' dir='ltr'><strong>rursus</strong></span> <span class='ocrx_word' id='word_1_235' title='bbox 2189 1535 2418 1588; x_wconf 92' lang='lat' dir='ltr'><strong>hinnqu</strong></span> <span class='ocrx_word' id='word_1_236' title='bbox 2453 1547 2743 1587; x_wconf 82' lang='lat' dir='ltr'><strong>cervorum</strong></span> <span class='ocrx_word' id='word_1_237' title='bbox 2789 1533 2895 1585; x_wconf 87' lang='lat' dir='ltr'><strong>alio</strong></span> <span class='ocrx_word' id='word_1_238' title='bbox 2947 1547 3110 1585; x_wconf 88' lang='lat' dir='ltr'><strong>sensu</strong></span> <span class='ocrx_word' id='word_1_239' title='bbox 3158 1531 3516 1586; x_wconf 83' lang='lat' dir='ltr'><strong>assimilatus.</strong></span> 
     </span>
    </p>
   </div>
   <div class='ocr_carea' id='block_1_34' title="bbox 262 1613 1744 1703">
    <p class='ocr_par' dir='ltr' id='par_1_34' title="bbox 262 1617 1744 1687">
     <span class='ocr_line' id='line_1_34' title="bbox 262 1617 1744 1687; baseline 0.003 -20"><span class='ocrx_word' id='word_1_240' title='bbox 262 1617 518 1685; x_wconf 74' lang='grc' dir='ltr'>σημαίνει</span> <span class='ocrx_word' id='word_1_241' title='bbox 550 1617 649 1687; x_wconf 79' lang='grc' dir='ltr'><strong>τὴν</strong></span> <span class='ocrx_word' id='word_1_242' title='bbox 705 1617 978 1681; x_wconf 80' lang='grc' dir='ltr'>όξυωπίαν</span> <span class='ocrx_word' id='word_1_243' title='bbox 1029 1621 1122 1673; x_wconf 85' lang='grc' dir='ltr'>τοῦ</span> <span class='ocrx_word' id='word_1_244' title='bbox 1176 1621 1238 1673; x_wconf 83' lang='grc' dir='ltr'><strong>τὸ</strong></span> <span class='ocrx_word' id='word_1_245' title='bbox 1286 1623 1391 1674; x_wconf 78' lang='grc' dir='ltr'><strong>πᾶν</strong></span> <span class='ocrx_word' id='word_1_246' title='bbox 1439 1621 1744 1674; x_wconf 71' lang='grc' dir='ltr'>ἐπιϐλέπονπ</span> 
     </span>
    </p>
   </div>
   <div class='ocr_carea' id='block_1_35' title="bbox 2035 1613 3517 1703">
    <p class='ocr_par' dir='ltr' id='par_1_35' title="bbox 2035 1622 3517 1703">
     <span class='ocr_line' id='line_1_35' title="bbox 2035 1622 3517 1703; baseline -0.004 -25"><span class='ocrx_word' id='word_1_247' title='bbox 2035 1640 2156 1695; x_wconf 77' lang='lat' dir='ltr'><strong>prea</strong></span> <span class='ocrx_word' id='word_1_248' title='bbox 2191 1625 2464 1703; x_wconf 73' lang='lat' dir='ltr'><strong>signiﬁcat</strong></span> <span class='ocrx_word' id='word_1_249' title='bbox 2493 1627 2644 1680; x_wconf 79' lang='lat' dir='ltr'><strong>visus</strong></span> <span class='ocrx_word' id='word_1_250' title='bbox 2687 1638 2918 1678; x_wconf 89' lang='lat' dir='ltr'><strong>acumen</strong></span> <span class='ocrx_word' id='word_1_251' title='bbox 2950 1630 3004 1676; x_wconf 91' lang='lat' dir='ltr'><strong>et</strong></span> <span class='ocrx_word' id='word_1_252' title='bbox 3045 1622 3517 1692; x_wconf 88' lang='lat' dir='ltr'><strong>perspicacitatem</strong></span> 
     </span>
    </p>
   </div>
   <div class='ocr_carea' id='block_1_36' title="bbox 259 1701 1844 1782">
    <p class='ocr_par' dir='ltr' id='par_1_36' title="bbox 259 1701 1844 1782">
     <span class='ocr_line' id='line_1_36' title="bbox 259 1701 1844 1782; baseline 0.005 -25"><span class='ocrx_word' id='word_1_253' title='bbox 259 1707 399 1757; x_wconf 66' lang='lat' dir='ltr'><strong>(Paci.</strong></span> <span class='ocrx_word' id='word_1_254' title='bbox 441 1707 552 1777; x_wconf 82' lang='grc' dir='ltr'>γὰρ</span> <span class='ocrx_word' id='word_1_255' title='bbox 587 1708 744 1761; x_wconf 76' lang='grc' dir='ltr'>τοῦτο</span> <span class='ocrx_word' id='word_1_256' title='bbox 789 1710 851 1762; x_wconf 83' lang='grc' dir='ltr'><strong>τὸ</strong></span> <span class='ocrx_word' id='word_1_257' title='bbox 890 1701 1026 1774; x_wconf 77' lang='grc' dir='ltr'>ζῶον</span> <span class='ocrx_word' id='word_1_258' title='bbox 1057 1709 1351 1782; x_wconf 79' lang='grc' dir='ltr'>ὑπερφυῶς</span> <span class='ocrx_word' id='word_1_259' title='bbox 1389 1711 1741 1782; x_wconf 80' lang='grc' dir='ltr'>δερκόμενον,</span> <span class='ocrx_word' id='word_1_260' title='bbox 1780 1716 1844 1766; x_wconf 89' lang='grc' dir='ltr'><strong>ἐκ</strong></span> 
     </span>
    </p>
   </div>
   <div class='ocr_carea' id='block_1_37' title="bbox 257 1796 1844 1900">
    <p class='ocr_par' dir='ltr' id='par_1_37' title="bbox 257 1796 1844 1900">
     <span class='ocr_line' id='line_1_37' title="bbox 257 1796 1844 1900; baseline 0.007 -52"><span class='ocrx_word' id='word_1_261' title='bbox 257 1796 359 1900; x_wconf 52' lang='grc' dir='ltr'>τῇς</span> <span class='ocrx_word' id='word_1_262' title='bbox 390 1800 670 1900; x_wconf 72' lang='grc' dir='ltr'>ἐνεργείας</span> <span class='ocrx_word' id='word_1_263' title='bbox 693 1801 838 1872; x_wconf 76' lang='grc' dir='ltr'>ἔχειν</span> <span class='ocrx_word' id='word_1_264' title='bbox 867 1801 926 1855; x_wconf 80' lang='grc' dir='ltr'><strong>τὸ</strong></span> <span class='ocrx_word' id='word_1_265' title='bbox 950 1803 1140 1873; x_wconf 77' lang='grc' dir='ltr'>ὄνομα.</span> <span class='ocrx_word' id='word_1_266' title='bbox 1186 1805 1346 1858; x_wconf 84' lang='grc' dir='ltr'>Ἀλλὰ</span> <span class='ocrx_word' id='word_1_267' title='bbox 1376 1806 1482 1874; x_wconf 84' lang='grc' dir='ltr'>μὴν</span> <span class='ocrx_word' id='word_1_268' title='bbox 1506 1805 1699 1860; x_wconf 78' lang='grc' dir='ltr'>ταύτόν</span> <span class='ocrx_word' id='word_1_269' title='bbox 1729 1809 1844 1860; x_wconf 89' lang='grc' dir='ltr'>ἐστι</span> 
     </span>
    </p>
   </div>
   <div class='ocr_carea' id='block_1_38' title="bbox 256 1889 1845 1966">
    <p class='ocr_par' dir='ltr' id='par_1_38' title="bbox 256 1889 1845 1966">
     <span class='ocr_line' id='line_1_38' title="bbox 256 1889 1845 1966; baseline 0.004 -24"><span class='ocrx_word' id='word_1_270' title='bbox 256 1889 338 1959; x_wconf 75' lang='grc' dir='ltr'>τῷ</span> <span class='ocrx_word' id='word_1_271' title='bbox 388 1889 686 1944; x_wconf 85' lang='grc' dir='ltr'>θεάσασθαι</span> <span class='ocrx_word' id='word_1_272' title='bbox 733 1893 793 1944; x_wconf 79' lang='grc' dir='ltr'><strong>τὸ</strong></span> <span class='ocrx_word' id='word_1_273' title='bbox 835 1893 1144 1964; x_wconf 83' lang='grc' dir='ltr'>δέρκεσθαι.</span> <span class='ocrx_word' id='word_1_274' title='bbox 1193 1895 1402 1948; x_wconf 79' lang='grc' dir='ltr'>Οὐκοῦν</span> <span class='ocrx_word' id='word_1_275' title='bbox 1445 1900 1473 1949; x_wconf 91' lang='lat'><strong>6</strong></span> <span class='ocrx_word' id='word_1_276' title='bbox 1520 1895 1729 1966; x_wconf 82' lang='grc' dir='ltr'>ἐφορῶν</span> <span class='ocrx_word' id='word_1_277' title='bbox 1777 1895 1845 1948; x_wconf 83' lang='grc' dir='ltr'>τὰ</span> 
     </span>
    </p>
   </div>
   <div class='ocr_carea' id='block_1_39' title="bbox 258 1982 1840 2051">
    <p class='ocr_par' dir='ltr' id='par_1_39' title="bbox 258 1982 1840 2051">
     <span class='ocr_line' id='line_1_39' title="bbox 258 1982 1840 2051; baseline 0.003 -19"><span class='ocrx_word' id='word_1_278' title='bbox 258 1982 439 2033; x_wconf 84' lang='grc' dir='ltr'>πάντα</span> <span class='ocrx_word' id='word_1_279' title='bbox 478 1983 572 2035; x_wconf 78' lang='grc' dir='ltr'><strong>καὶ</strong></span> <span class='ocrx_word' id='word_1_280' title='bbox 606 1983 936 2047; x_wconf 87' lang='grc' dir='ltr'>ἐπιϐλέπων,</span> <span class='ocrx_word' id='word_1_281' title='bbox 973 1986 1037 2038; x_wconf 85' lang='grc' dir='ltr'><strong>ἐκ</strong></span> <span class='ocrx_word' id='word_1_282' title='bbox 1077 1985 1170 2040; x_wconf 82' lang='grc' dir='ltr'>τοῦ</span> <span class='ocrx_word' id='word_1_283' title='bbox 1205 1985 1506 2040; x_wconf 88' lang='grc' dir='ltr'>θεάσασθαι</span> <span class='ocrx_word' id='word_1_284' title='bbox 1538 1986 1608 2039; x_wconf 77' lang='grc' dir='ltr'>τὰ</span> <span class='ocrx_word' id='word_1_285' title='bbox 1643 1986 1840 2051; x_wconf 87' lang='grc' dir='ltr'>πάντα,</span> 
     </span>
    </p>
   </div>
   <div class='ocr_carea' id='block_1_40' title="bbox 257 2071 1845 2147">
    <p class='ocr_par' dir='ltr' id='par_1_40' title="bbox 257 2071 1845 2147">
     <span class='ocr_line' id='line_1_40' title="bbox 257 2071 1845 2147; baseline 0.003 -23"><span class='ocrx_word' id='word_1_286' title='bbox 257 2071 395 2135; x_wconf 83' lang='grc' dir='ltr'>Θεὸς</span> <span class='ocrx_word' id='word_1_287' title='bbox 413 2073 523 2127; x_wconf 87' lang='grc' dir='ltr'><strong>τῶν</strong></span> <span class='ocrx_word' id='word_1_288' title='bbox 555 2075 772 2128; x_wconf 90' lang='grc' dir='ltr'>πάντων</span> <span class='ocrx_word' id='word_1_289' title='bbox 798 2076 1218 2146; x_wconf 78' lang='grc' dir='ltr'>ἐπονομάζεται.</span> <span class='ocrx_word' id='word_1_290' title='bbox 1261 2077 1478 2147; x_wconf 87' lang='grc' dir='ltr'>Ἐπειδὴ</span> <span class='ocrx_word' id='word_1_291' title='bbox 1507 2077 1684 2130; x_wconf 79' lang='grc' dir='ltr'>τοίνυν</span> <span class='ocrx_word' id='word_1_292' title='bbox 1711 2075 1845 2138; x_wconf 78' lang='grc' dir='ltr'>Θεὸς</span> 
     </span>
    </p>
   </div>
   <div class='ocr_carea' id='block_1_41' title="bbox 256 2165 1844 2240">
    <p class='ocr_par' dir='ltr' id='par_1_41' title="bbox 256 2165 1844 2240">
     <span class='ocr_line' id='line_1_41' title="bbox 256 2165 1844 2240; baseline 0.003 -26"><span class='ocrx_word' id='word_1_293' title='bbox 256 2165 578 2236; x_wconf 80' lang='grc' dir='ltr'>ἐφανερώθη</span> <span class='ocrx_word' id='word_1_294' title='bbox 607 2168 662 2218; x_wconf 91' lang='grc' dir='ltr'><strong>ἐν</strong></span> <span class='ocrx_word' id='word_1_295' title='bbox 689 2168 850 2238; x_wconf 65' lang='grc' dir='ltr'>σαρκὶ</span> <span class='ocrx_word' id='word_1_296' title='bbox 887 2170 914 2220; x_wconf 97' lang='lat'><strong>6</strong></span> <span class='ocrx_word' id='word_1_297' title='bbox 946 2169 1038 2221; x_wconf 72' lang='grc' dir='ltr'><strong>ἐπὶ</strong></span> <span class='ocrx_word' id='word_1_298' title='bbox 1061 2169 1380 2240; x_wconf 81' lang='grc' dir='ltr'>καθαιρέσει</span> <span class='ocrx_word' id='word_1_299' title='bbox 1403 2168 1508 2221; x_wconf 88' lang='grc' dir='ltr'><strong>τῶν</strong></span> <span class='ocrx_word' id='word_1_300' title='bbox 1537 2169 1844 2236; x_wconf 83' lang='grc' dir='ltr'>ἀντικειμέ-</span> 
     </span>
    </p>
   </div>
   <div class='ocr_carea' id='block_1_42' title="bbox 256 2256 1844 2331">
    <p class='ocr_par' dir='ltr' id='par_1_42' title="bbox 256 2256 1844 2331">
     <span class='ocr_line' id='line_1_42' title="bbox 256 2256 1844 2331; baseline 0.003 -25"><span class='ocrx_word' id='word_1_301' title='bbox 256 2273 364 2306; x_wconf 91' lang='grc' dir='ltr'><strong>νων</strong></span> <span class='ocrx_word' id='word_1_302' title='bbox 395 2256 678 2326; x_wconf 83' lang='grc' dir='ltr'>δυνάμεων</span> <span class='ocrx_word' id='word_1_303' title='bbox 707 2260 990 2327; x_wconf 76' lang='grc' dir='ltr'>ἐπιφανεὶς</span> <span class='ocrx_word' id='word_1_304' title='bbox 1017 2260 1095 2330; x_wconf 85' lang='grc' dir='ltr'><strong>τῷ</strong></span> <span class='ocrx_word' id='word_1_305' title='bbox 1141 2261 1241 2331; x_wconf 84' lang='grc' dir='ltr'><strong>βίῳ</strong></span> <span class='ocrx_word' id='word_1_306' title='bbox 1261 2301 1275 2323; x_wconf 89' lang='grc'><strong>,</strong></span> <span class='ocrx_word' id='word_1_307' title='bbox 1317 2260 1406 2313; x_wconf 76' lang='grc' dir='ltr'>διὰ</span> <span class='ocrx_word' id='word_1_308' title='bbox 1433 2259 1590 2312; x_wconf 75' lang='grc' dir='ltr'>τοῦτο</span> <span class='ocrx_word' id='word_1_309' title='bbox 1623 2259 1844 2330; x_wconf 83' lang='grc' dir='ltr'>δορκάδι</span> 
     </span>
    </p>
   </div>
   <div class='ocr_carea' id='block_1_43' title="bbox 261 2347 1845 2422">
    <p class='ocr_par' dir='ltr' id='par_1_43' title="bbox 261 2347 1845 2422">
     <span class='ocr_line' id='line_1_43' title="bbox 261 2347 1845 2422; baseline 0.001 -23"><span class='ocrx_word' id='word_1_310' title='bbox 261 2347 360 2415; x_wconf 86' lang='grc' dir='ltr'>μὲν</span> <span class='ocrx_word' id='word_1_311' title='bbox 386 2348 686 2417; x_wconf 74' lang='grc' dir='ltr'>ὁμοιοῦται,</span> <span class='ocrx_word' id='word_1_312' title='bbox 711 2352 738 2403; x_wconf 87' lang='grc' dir='ltr'>ὁ</span> <span class='ocrx_word' id='word_1_313' title='bbox 767 2352 830 2402; x_wconf 88' lang='grc' dir='ltr'><strong>ἐκ</strong></span> <span class='ocrx_word' id='word_1_314' title='bbox 859 2351 967 2406; x_wconf 89' lang='grc' dir='ltr'><strong>τῶν</strong></span> <span class='ocrx_word' id='word_1_315' title='bbox 1001 2351 1246 2422; x_wconf 78' lang='grc' dir='ltr'>οὐρανῶν</span> <span class='ocrx_word' id='word_1_316' title='bbox 1268 2353 1361 2403; x_wconf 74' lang='grc' dir='ltr'>ἐπὶ</span> <span class='ocrx_word' id='word_1_317' title='bbox 1382 2353 1479 2420; x_wconf 73' lang='grc' dir='ltr'>τὴν</span> <span class='ocrx_word' id='word_1_318' title='bbox 1506 2354 1607 2421; x_wconf 81' lang='grc' dir='ltr'>γῆν</span> <span class='ocrx_word' id='word_1_319' title='bbox 1630 2349 1845 2403; x_wconf 82' lang='grc' dir='ltr'>ἐπιϐλέ-</span> 
     </span>
    </p>
   </div>
   <div class='ocr_carea' id='block_1_44' title="bbox 255 2439 1842 2514">
    <p class='ocr_par' dir='ltr' id='par_1_44' title="bbox 255 2439 1842 2514">
     <span class='ocr_line' id='line_1_44' title="bbox 255 2439 1842 2514; baseline 0.003 -24"><span class='ocrx_word' id='word_1_320' title='bbox 255 2439 366 2507; x_wconf 75' lang='grc' dir='ltr'><strong>ψας</strong></span> <span class='ocrx_word' id='word_1_321' title='bbox 389 2457 404 2470; x_wconf 73' lang='grc' dir='ltr'><strong>ο</strong></span> <span class='ocrx_word' id='word_1_322' title='bbox 443 2440 618 2511; x_wconf 75' lang='grc' dir='ltr'>νεϐρῷ</span> <span class='ocrx_word' id='word_1_323' title='bbox 648 2442 703 2493; x_wconf 81' lang='grc' dir='ltr'>δὲ</span> <span class='ocrx_word' id='word_1_324' title='bbox 727 2485 740 2506; x_wconf 87' lang='grc'><strong>,</strong></span> <span class='ocrx_word' id='word_1_325' title='bbox 768 2442 836 2495; x_wconf 76' lang='grc' dir='ltr'>τὰ</span> <span class='ocrx_word' id='word_1_326' title='bbox 862 2444 962 2514; x_wconf 78' lang='grc' dir='ltr'><strong>ὅρη</strong></span> <span class='ocrx_word' id='word_1_327' title='bbox 1007 2445 1102 2497; x_wconf 74' lang='grc' dir='ltr'><strong>καὶ</strong></span> <span class='ocrx_word' id='word_1_328' title='bbox 1129 2444 1256 2507; x_wconf 80' lang='grc' dir='ltr'>τοὺς</span> <span class='ocrx_word' id='word_1_329' title='bbox 1288 2443 1509 2513; x_wconf 69' lang='grc' dir='ltr'>βουνοὺς</span> <span class='ocrx_word' id='word_1_330' title='bbox 1539 2441 1842 2513; x_wconf 82' lang='grc' dir='ltr'>διαλαμϐά-</span> 
     </span>
    </p>
   </div>
   <div class='ocr_carea' id='block_1_45' title="bbox 257 2531 1844 2602">
    <p class='ocr_par' dir='ltr' id='par_1_45' title="bbox 257 2531 1844 2602">
     <span class='ocr_line' id='line_1_45' title="bbox 257 2531 1844 2602; baseline 0.003 -20"><span class='ocrx_word' id='word_1_331' title='bbox 257 2543 367 2582; x_wconf 87' lang='grc' dir='ltr'><strong>νων</strong></span> <span class='ocrx_word' id='word_1_332' title='bbox 412 2532 522 2593; x_wconf 86' lang='grc' dir='ltr'>τοῖς</span> <span class='ocrx_word' id='word_1_333' title='bbox 572 2531 802 2602; x_wconf 78' lang='grc' dir='ltr'>ἆλμασι·</span> <span class='ocrx_word' id='word_1_334' title='bbox 849 2535 1146 2597; x_wconf 82' lang='grc' dir='ltr'>τουτέστιν,</span> <span class='ocrx_word' id='word_1_335' title='bbox 1195 2535 1224 2586; x_wconf 88' lang='lat'><strong>6</strong></span> <span class='ocrx_word' id='word_1_336' title='bbox 1266 2532 1596 2586; x_wconf 87' lang='grc' dir='ltr'>καταπατῶν</span> <span class='ocrx_word' id='word_1_337' title='bbox 1647 2551 1704 2586; x_wconf 88' lang='grc' dir='ltr'><strong>τε</strong></span> <span class='ocrx_word' id='word_1_338' title='bbox 1752 2535 1844 2587; x_wconf 75' lang='grc' dir='ltr'>καὶ</span> 
     </span>
    </p>
   </div>
   <div class='ocr_carea' id='block_1_46' title="bbox 257 2620 1842 2694">
    <p class='ocr_par' dir='ltr' id='par_1_46' title="bbox 257 2620 1842 2694">
     <span class='ocr_line' id='line_1_46' title="bbox 257 2620 1842 2694; baseline 0.005 -22"><span class='ocrx_word' id='word_1_339' title='bbox 257 2620 546 2673; x_wconf 82' lang='grc' dir='ltr'>καταλύων</span> <span class='ocrx_word' id='word_1_340' title='bbox 576 2621 646 2674; x_wconf 86' lang='grc' dir='ltr'>τὰ</span> <span class='ocrx_word' id='word_1_341' title='bbox 675 2623 884 2694; x_wconf 83' lang='grc' dir='ltr'>πονηρὰ</span> <span class='ocrx_word' id='word_1_342' title='bbox 911 2624 1012 2693; x_wconf 80' lang='grc' dir='ltr'>τῆς</span> <span class='ocrx_word' id='word_1_343' title='bbox 1037 2624 1144 2678; x_wconf 86' lang='grc' dir='ltr'><strong>τῶν</strong></span> <span class='ocrx_word' id='word_1_344' title='bbox 1170 2624 1436 2694; x_wconf 85' lang='grc' dir='ltr'>δαιμόνων</span> <span class='ocrx_word' id='word_1_345' title='bbox 1467 2624 1664 2685; x_wconf 87' lang='grc' dir='ltr'>κακίας</span> <span class='ocrx_word' id='word_1_346' title='bbox 1694 2623 1842 2693; x_wconf 70' lang='grc' dir='ltr'><strong>ὑψώο</strong></span> 
     </span>
    </p>
   </div>
   <div class='ocr_carea' id='block_1_47' title="bbox 260 2714 1842 2785">
    <p class='ocr_par' dir='ltr' id='par_1_47' title="bbox 260 2714 1842 2785">
     <span class='ocr_line' id='line_1_47' title="bbox 260 2714 1842 2785; baseline 0.001 -20"><span class='ocrx_word' id='word_1_347' title='bbox 260 2729 427 2782; x_wconf 85' lang='grc' dir='ltr'>ματα.</span> <span class='ocrx_word' id='word_1_348' title='bbox 474 2715 612 2784; x_wconf 87' lang='grc' dir='ltr'><strong>Ὄρη</strong></span> <span class='ocrx_word' id='word_1_349' title='bbox 668 2715 765 2783; x_wconf 83' lang='grc' dir='ltr'><strong>μὲν</strong></span> <span class='ocrx_word' id='word_1_350' title='bbox 800 2714 907 2784; x_wconf 81' lang='grc' dir='ltr'>γὰρ</span> <span class='ocrx_word' id='word_1_351' title='bbox 942 2715 1123 2782; x_wconf 81' lang='grc' dir='ltr'>λέγει,</span> <span class='ocrx_word' id='word_1_352' title='bbox 1173 2715 1242 2767; x_wconf 82' lang='grc' dir='ltr'>τὰ.</span> <span class='ocrx_word' id='word_1_353' title='bbox 1281 2717 1338 2767; x_wconf 83' lang='grc' dir='ltr'><strong>ἐν</strong></span> <span class='ocrx_word' id='word_1_354' title='bbox 1381 2717 1446 2783; x_wconf 86' lang='grc' dir='ltr'>τῇ</span> <span class='ocrx_word' id='word_1_355' title='bbox 1489 2714 1842 2785; x_wconf 86' lang='grc' dir='ltr'>κραταιότητι</span> 
     </span>
    </p>
   </div>
   <div class='ocr_carea' id='block_1_48' title="bbox 258 2803 1844 2877">
    <p class='ocr_par' dir='ltr' id='par_1_48' title="bbox 258 2803 1844 2877">
     <span class='ocr_line' id='line_1_48' title="bbox 258 2803 1844 2877; baseline 0.001 -21"><span class='ocrx_word' id='word_1_356' title='bbox 258 2803 428 2856; x_wconf 78' lang='grc' dir='ltr'>αὐτοῦ</span> <span class='ocrx_word' id='word_1_357' title='bbox 464 2805 845 2873; x_wconf 86' lang='grc' dir='ltr'>ταρασσόμενα</span> <span class='ocrx_word' id='word_1_358' title='bbox 865 2845 878 2868; x_wconf 96' lang='grc'><strong>,</strong></span> <span class='ocrx_word' id='word_1_359' title='bbox 911 2805 984 2868; x_wconf 86' lang='grc' dir='ltr'>ὦς</span> <span class='ocrx_word' id='word_1_360' title='bbox 1027 2823 1193 2877; x_wconf 88' lang='grc' dir='ltr'>φησιν</span> <span class='ocrx_word' id='word_1_361' title='bbox 1225 2809 1252 2858; x_wconf 90' lang='grc' dir='ltr'>ὁ</span> <span class='ocrx_word' id='word_1_362' title='bbox 1277 2806 1441 2859; x_wconf 74' lang='grc' dir='ltr'>Δαϐὶδ</span> <span class='ocrx_word' id='word_1_363' title='bbox 1461 2845 1474 2868; x_wconf 86' lang='grc'><strong>,</strong></span> <span class='ocrx_word' id='word_1_364' title='bbox 1513 2808 1588 2860; x_wconf 89' lang='grc' dir='ltr'><em>Τὰ</em></span> <span class='ocrx_word' id='word_1_365' title='bbox 1608 2823 1844 2874; x_wconf 81' lang='grc' dir='ltr'>μετατι-</span> 
     </span>
    </p>
   </div>
   <div class='ocr_carea' id='block_1_49' title="bbox 1947 1708 3522 1784">
    <p class='ocr_par' dir='ltr' id='par_1_49' title="bbox 1947 1708 3522 1784">
     <span class='ocr_line' id='line_1_49' title="bbox 1947 1708 3522 1784; baseline -0.006 -15"><span class='ocrx_word' id='word_1_366' title='bbox 1947 1716 2066 1784; x_wconf 89' lang='lat' dir='ltr'><strong>ejus</strong></span> <span class='ocrx_word' id='word_1_367' title='bbox 2108 1715 2200 1784; x_wconf 90' lang='lat' dir='ltr'><strong>qui</strong></span> <span class='ocrx_word' id='word_1_368' title='bbox 2248 1715 2427 1768; x_wconf 87' lang='lat' dir='ltr'><strong>omnia</strong></span> <span class='ocrx_word' id='word_1_369' title='bbox 2480 1715 2721 1783; x_wconf 79' lang='lat' dir='ltr'><strong>respicit.</strong></span> <span class='ocrx_word' id='word_1_370' title='bbox 2777 1713 2946 1764; x_wconf 87' lang='lat' dir='ltr'><strong>Aiunt</strong></span> <span class='ocrx_word' id='word_1_371' title='bbox 2974 1712 3119 1765; x_wconf 88' lang='lat' dir='ltr'><strong>enim</strong></span> <span class='ocrx_word' id='word_1_372' title='bbox 3160 1711 3262 1763; x_wconf 91' lang='lat' dir='ltr'><strong>hoc</strong></span> <span class='ocrx_word' id='word_1_373' title='bbox 3317 1708 3522 1761; x_wconf 85' lang='lat' dir='ltr'><strong>animal</strong></span> 
     </span>
    </p>
   </div>
   <div class='ocr_carea' id='block_1_50' title="bbox 1945 1801 3520 1876">
    <p class='ocr_par' dir='ltr' id='par_1_50' title="bbox 1945 1801 3520 1876">
     <span class='ocr_line' id='line_1_50' title="bbox 1945 1801 3520 1876; baseline -0.006 -17"><span class='ocrx_word' id='word_1_374' title='bbox 1945 1805 2159 1875; x_wconf 81' lang='lat' dir='ltr'><strong>egregie</strong></span> <span class='ocrx_word' id='word_1_375' title='bbox 2201 1813 2254 1859; x_wconf 91' lang='lat' dir='ltr'><strong>et</strong></span> <span class='ocrx_word' id='word_1_376' title='bbox 2297 1803 2603 1857; x_wconf 88' lang='lat' dir='ltr'><strong>mirandum</strong></span> <span class='ocrx_word' id='word_1_377' title='bbox 2658 1804 2710 1855; x_wconf 91' lang='lat' dir='ltr'><strong>in</strong></span> <span class='ocrx_word' id='word_1_378' title='bbox 2760 1802 2981 1855; x_wconf 91' lang='lat' dir='ltr'><strong>modum</strong></span> <span class='ocrx_word' id='word_1_379' title='bbox 3029 1801 3266 1876; x_wconf 73' lang='lat' dir='ltr'><strong>intuens,</strong></span> <span class='ocrx_word' id='word_1_380' title='bbox 3321 1813 3520 1852; x_wconf 90' lang='lat' dir='ltr'><strong>nomen</strong></span> 
     </span>
    </p>
   </div>
   <div class='ocr_carea' id='block_1_51' title="bbox 1945 1884 3521 1962">
    <p class='ocr_par' dir='ltr' id='par_1_51' title="bbox 1945 1884 3521 1962">
     <span class='ocr_line' id='line_1_51' title="bbox 1945 1884 3521 1962; baseline -0.004 -16"><span class='ocrx_word' id='word_1_381' title='bbox 1945 1895 2144 1947; x_wconf 90' lang='lat' dir='ltr'><strong>habere</strong></span> <span class='ocrx_word' id='word_1_382' title='bbox 2175 1908 2239 1946; x_wconf 83' lang='lat' dir='ltr'><strong>ex</strong></span> <span class='ocrx_word' id='word_1_383' title='bbox 2265 1893 2612 1962; x_wconf 86' lang='lat' dir='ltr'><strong>operatione;</strong></span> <span class='ocrx_word' id='word_1_384' title='bbox 2635 1891 2833 1961; x_wconf 82' lang='grc' dir='ltr'>δορκάς</span> <span class='ocrx_word' id='word_1_385' title='bbox 2865 1891 3006 1944; x_wconf 88' lang='lat' dir='ltr'><strong>enim</strong></span> <span class='ocrx_word' id='word_1_386' title='bbox 3029 1890 3249 1951; x_wconf 89' lang='lat' dir='ltr'><strong>dicitur,</strong></span> <span class='ocrx_word' id='word_1_387' title='bbox 3282 1888 3388 1940; x_wconf 84' lang='grc' dir='ltr'>ἀπὸ</span> <span class='ocrx_word' id='word_1_388' title='bbox 3426 1884 3521 1940; x_wconf 81' lang='grc' dir='ltr'>τοῦ</span> 
     </span>
    </p>
   </div>
   <div class='ocr_carea' id='block_1_52' title="bbox 1944 1977 3520 2055">
    <p class='ocr_par' dir='ltr' id='par_1_52' title="bbox 1944 1977 3520 2055">
     <span class='ocr_line' id='line_1_52' title="bbox 1944 1977 3520 2055; baseline -0.004 -18"><span class='ocrx_word' id='word_1_389' title='bbox 1944 1983 2250 2055; x_wconf 81' lang='grc' dir='ltr'>δέρκεσθαι,</span> <span class='ocrx_word' id='word_1_390' title='bbox 2297 1985 2442 2053; x_wconf 90' lang='lat' dir='ltr'><strong>quod</strong></span> <span class='ocrx_word' id='word_1_391' title='bbox 2483 1991 2567 2038; x_wconf 87' lang='lat' dir='ltr'><strong>est</strong></span> <span class='ocrx_word' id='word_1_392' title='bbox 2600 1983 2802 2036; x_wconf 88' lang='lat' dir='ltr'><strong>videre.</strong></span> <span class='ocrx_word' id='word_1_393' title='bbox 2839 1981 2999 2049; x_wconf 86' lang='lat' dir='ltr'><strong>Atqui</strong></span> <span class='ocrx_word' id='word_1_394' title='bbox 3051 1978 3335 2050; x_wconf 76' lang='grc' dir='ltr'>δέρκεσθαι</span> <span class='ocrx_word' id='word_1_395' title='bbox 3377 1977 3520 2031; x_wconf 91' lang='lat' dir='ltr'><strong>idem</strong></span> 
     </span>
    </p>
   </div>
   <div class='ocr_carea' id='block_1_53' title="bbox 1944 2071 3524 2146">
    <p class='ocr_par' dir='ltr' id='par_1_53' title="bbox 1944 2071 3524 2146">
     <span class='ocr_line' id='line_1_53' title="bbox 1944 2071 3524 2146; baseline -0.003 -15"><span class='ocrx_word' id='word_1_396' title='bbox 1944 2085 2027 2131; x_wconf 84' lang='lat' dir='ltr'><strong>est</strong></span> <span class='ocrx_word' id='word_1_397' title='bbox 2056 2076 2200 2146; x_wconf 89' lang='lat' dir='ltr'><strong>quod</strong></span> <span class='ocrx_word' id='word_1_398' title='bbox 2232 2075 2475 2141; x_wconf 83' lang='grc' dir='ltr'>θεᾶσθαι,</span> <span class='ocrx_word' id='word_1_399' title='bbox 2508 2076 2650 2144; x_wconf 88' lang='lat' dir='ltr'><strong>quod</strong></span> <span class='ocrx_word' id='word_1_400' title='bbox 2685 2074 2955 2140; x_wconf 79' lang='lat' dir='ltr'><strong>signiﬁcat</strong></span> <span class='ocrx_word' id='word_1_401' title='bbox 2990 2073 3129 2126; x_wconf 86' lang='lat' dir='ltr'><strong>idem</strong></span> <span class='ocrx_word' id='word_1_402' title='bbox 3162 2071 3304 2140; x_wconf 90' lang='lat' dir='ltr'><strong>quod</strong></span> <span class='ocrx_word' id='word_1_403' title='bbox 3338 2071 3524 2126; x_wconf 87' lang='lat' dir='ltr'><strong>videre</strong></span> 
     </span>
    </p>
   </div>
   <div class='ocr_carea' id='block_1_54' title="bbox 1945 2164 3521 2235">
    <p class='ocr_par' dir='ltr' id='par_1_54' title="bbox 1945 2164 3521 2235">
     <span class='ocr_line' id='line_1_54' title="bbox 1945 2164 3521 2235; baseline -0.002 -15"><span class='ocrx_word' id='word_1_404' title='bbox 1945 2173 1998 2220; x_wconf 90' lang='lat' dir='ltr'><strong>et</strong></span> <span class='ocrx_word' id='word_1_405' title='bbox 2033 2167 2300 2235; x_wconf 86' lang='lat' dir='ltr'><strong>aspicere.</strong></span> <span class='ocrx_word' id='word_1_406' title='bbox 2338 2165 2440 2232; x_wconf 85' lang='lat' dir='ltr'><strong>Qui</strong></span> <span class='ocrx_word' id='word_1_407' title='bbox 2473 2181 2603 2234; x_wconf 84' lang='lat' dir='ltr'><strong>ergo</strong></span> <span class='ocrx_word' id='word_1_408' title='bbox 2633 2166 2814 2219; x_wconf 83' lang='lat' dir='ltr'><strong>omnia</strong></span> <span class='ocrx_word' id='word_1_409' title='bbox 2850 2165 3044 2234; x_wconf 86' lang='lat' dir='ltr'><strong>aspicit</strong></span> <span class='ocrx_word' id='word_1_410' title='bbox 3070 2172 3123 2216; x_wconf 89' lang='lat' dir='ltr'><strong>et</strong></span> <span class='ocrx_word' id='word_1_411' title='bbox 3160 2164 3418 2228; x_wconf 86' lang='lat' dir='ltr'><strong>intuetur,</strong></span> <span class='ocrx_word' id='word_1_412' title='bbox 3455 2177 3521 2217; x_wconf 80' lang='lat' dir='ltr'><strong>ex</strong></span> 
     </span>
    </p>
   </div>
   <div class='ocr_carea' id='block_1_55' title="bbox 1943 2253 3523 2327">
    <p class='ocr_par' dir='ltr' id='par_1_55' title="bbox 1943 2253 3523 2327">
     <span class='ocr_line' id='line_1_55' title="bbox 1943 2253 3523 2327; baseline -0.003 -15"><span class='ocrx_word' id='word_1_413' title='bbox 1943 2273 2008 2312; x_wconf 90' lang='lat' dir='ltr'><strong>eo</strong></span> <span class='ocrx_word' id='word_1_414' title='bbox 2037 2259 2184 2327; x_wconf 91' lang='lat' dir='ltr'><strong>quod</strong></span> <span class='ocrx_word' id='word_1_415' title='bbox 2219 2259 2399 2311; x_wconf 85' lang='lat' dir='ltr'><strong>omnia</strong></span> <span class='ocrx_word' id='word_1_416' title='bbox 2451 2259 2747 2322; x_wconf 85' lang='lat' dir='ltr'><strong>intueatur,</strong></span> <span class='ocrx_word' id='word_1_417' title='bbox 2797 2273 2994 2325; x_wconf 86' lang='lat' dir='ltr'><strong>nempe</strong></span> <span class='ocrx_word' id='word_1_418' title='bbox 3029 2256 3136 2308; x_wconf 81' lang='grc' dir='ltr'><strong>ἀπὸ</strong></span> <span class='ocrx_word' id='word_1_419' title='bbox 3164 2254 3255 2308; x_wconf 74' lang='grc' dir='ltr'>τοῦ</span> <span class='ocrx_word' id='word_1_420' title='bbox 3297 2253 3523 2308; x_wconf 80' lang='grc' dir='ltr'>θεᾶσθαι</span> 
     </span>
    </p>
   </div>
   <div class='ocr_carea' id='block_1_56' title="bbox 1945 2345 3521 2415">
    <p class='ocr_par' dir='ltr' id='par_1_56' title="bbox 1945 2345 3521 2415">
     <span class='ocr_line' id='line_1_56' title="bbox 1945 2345 3521 2415; baseline -0.004 -10"><span class='ocrx_word' id='word_1_421' title='bbox 1945 2351 2262 2405; x_wconf 90' lang='lat' dir='ltr'><strong>nominatur</strong></span> <span class='ocrx_word' id='word_1_422' title='bbox 2295 2351 2437 2406; x_wconf 90' lang='lat' dir='ltr'><strong>Deus</strong></span> <span class='ocrx_word' id='word_1_423' title='bbox 2473 2351 2876 2405; x_wconf 88' lang='lat' dir='ltr'><strong>universorum.</strong></span> <span class='ocrx_word' id='word_1_424' title='bbox 2913 2347 3183 2414; x_wconf 84' lang='lat' dir='ltr'><strong>Quoniam</strong></span> <span class='ocrx_word' id='word_1_425' title='bbox 3219 2361 3348 2415; x_wconf 80' lang='lat' dir='ltr'><strong>ergo</strong></span> <span class='ocrx_word' id='word_1_426' title='bbox 3380 2345 3521 2399; x_wconf 89' lang='lat' dir='ltr'><strong>Deus</strong></span> 
     </span>
    </p>
   </div>
   <div class='ocr_carea' id='block_1_57' title="bbox 1945 2437 3523 2509">
    <p class='ocr_par' dir='ltr' id='par_1_57' title="bbox 1945 2437 3523 2509">
     <span class='ocr_line' id='line_1_57' title="bbox 1945 2437 3523 2509; baseline -0.004 -13"><span class='ocrx_word' id='word_1_427' title='bbox 1945 2443 1998 2496; x_wconf 80' lang='lat' dir='ltr'><strong>in</strong></span> <span class='ocrx_word' id='word_1_428' title='bbox 2031 2457 2194 2497; x_wconf 88' lang='lat' dir='ltr'><strong>carne</strong></span> <span class='ocrx_word' id='word_1_429' title='bbox 2226 2442 2328 2495; x_wconf 80' lang='lat' dir='ltr'><strong>fuit</strong></span> <span class='ocrx_word' id='word_1_430' title='bbox 2371 2441 2776 2507; x_wconf 85' lang='lat' dir='ltr'><strong>manifestatus,</strong></span> <span class='ocrx_word' id='word_1_431' title='bbox 2813 2440 2904 2509; x_wconf 90' lang='lat' dir='ltr'><strong>qui</strong></span> <span class='ocrx_word' id='word_1_432' title='bbox 2939 2440 3002 2493; x_wconf 90' lang='lat' dir='ltr'><strong>ad</strong></span> <span class='ocrx_word' id='word_1_433' title='bbox 3050 2437 3394 2493; x_wconf 77' lang='lat' dir='ltr'><strong>adversarios</strong></span> <span class='ocrx_word' id='word_1_434' title='bbox 3427 2437 3523 2489; x_wconf 89' lang='lat' dir='ltr'><strong>de-</strong></span> 
     </span>
    </p>
   </div>
   <div class='ocr_carea' id='block_1_58' title="bbox 1946 2533 3522 2605">
    <p class='ocr_par' dir='ltr' id='par_1_58' title="bbox 1946 2533 3522 2605">
     <span class='ocr_line' id='line_1_58' title="bbox 1946 2533 3522 2605; baseline -0.003 -17"><span class='ocrx_word' id='word_1_435' title='bbox 1946 2535 2132 2590; x_wconf 91' lang='lat' dir='ltr'><strong>lendas</strong></span> <span class='ocrx_word' id='word_1_436' title='bbox 2162 2543 2458 2605; x_wconf 88' lang='lat' dir='ltr'><strong>potestates</strong></span> <span class='ocrx_word' id='word_1_437' title='bbox 2489 2536 2543 2589; x_wconf 91' lang='lat' dir='ltr'><strong>in</strong></span> <span class='ocrx_word' id='word_1_438' title='bbox 2575 2533 2781 2588; x_wconf 92' lang='lat' dir='ltr'><strong>mundo</strong></span> <span class='ocrx_word' id='word_1_439' title='bbox 2811 2534 3083 2604; x_wconf 88' lang='lat' dir='ltr'><strong>apparuit,</strong></span> <span class='ocrx_word' id='word_1_440' title='bbox 3118 2541 3401 2601; x_wconf 88' lang='lat' dir='ltr'><strong>propterea</strong></span> <span class='ocrx_word' id='word_1_441' title='bbox 3429 2544 3522 2584; x_wconf 88' lang='lat' dir='ltr'><strong>as-</strong></span> 
     </span>
    </p>
   </div>
   <div class='ocr_carea' id='block_1_59' title="bbox 1945 2625 3522 2696">
    <p class='ocr_par' dir='ltr' id='par_1_59' title="bbox 1945 2625 3522 2696">
     <span class='ocr_line' id='line_1_59' title="bbox 1945 2625 3522 2696; baseline -0.004 -14"><span class='ocrx_word' id='word_1_442' title='bbox 1945 2627 2220 2682; x_wconf 86' lang='lat' dir='ltr'><strong>similalur</strong></span> <span class='ocrx_word' id='word_1_443' title='bbox 2251 2642 2482 2696; x_wconf 68' lang='lat' dir='ltr'><strong>capreae,</strong></span> <span class='ocrx_word' id='word_1_444' title='bbox 2511 2635 2569 2680; x_wconf 90' lang='lat' dir='ltr'><strong>ut</strong></span> <span class='ocrx_word' id='word_1_445' title='bbox 2600 2627 2692 2696; x_wconf 89' lang='lat' dir='ltr'><strong>qui</strong></span> <span class='ocrx_word' id='word_1_446' title='bbox 2725 2643 2756 2682; x_wconf 91' lang='lat' dir='ltr'><strong>e</strong></span> <span class='ocrx_word' id='word_1_447' title='bbox 2789 2626 2946 2680; x_wconf 77' lang='lat' dir='ltr'><strong>cmlis</strong></span> <span class='ocrx_word' id='word_1_448' title='bbox 2978 2625 3030 2678; x_wconf 88' lang='lat' dir='ltr'><strong>in</strong></span> <span class='ocrx_word' id='word_1_449' title='bbox 3060 2633 3261 2679; x_wconf 86' lang='lat' dir='ltr'><strong>terram</strong></span> <span class='ocrx_word' id='word_1_450' title='bbox 3296 2636 3522 2691; x_wconf 79' lang='lat' dir='ltr'><strong>aSpexe-</strong></span> 
     </span>
    </p>
   </div>
   <div class='ocr_carea' id='block_1_60' title="bbox 1945 2713 3522 2786">
    <p class='ocr_par' dir='ltr' id='par_1_60' title="bbox 1945 2713 3522 2786">
     <span class='ocr_line' id='line_1_60' title="bbox 1945 2713 3522 2786; baseline -0.002 -16"><span class='ocrx_word' id='word_1_451' title='bbox 1945 2719 2036 2771; x_wconf 80' lang='lat' dir='ltr'><strong>rit.</strong></span> <span class='ocrx_word' id='word_1_452' title='bbox 2071 2719 2310 2772; x_wconf 88' lang='lat' dir='ltr'><strong>llinnulo</strong></span> <span class='ocrx_word' id='word_1_453' title='bbox 2339 2728 2522 2773; x_wconf 89' lang='lat' dir='ltr'><strong>autem</strong></span> <span class='ocrx_word' id='word_1_454' title='bbox 2556 2733 2868 2782; x_wconf 86' lang='lat' dir='ltr'><strong>cervorum,</strong></span> <span class='ocrx_word' id='word_1_455' title='bbox 2901 2717 2994 2786; x_wconf 86' lang='lat' dir='ltr'><strong>qui</strong></span> <span class='ocrx_word' id='word_1_456' title='bbox 3027 2727 3240 2769; x_wconf 89' lang='lat' dir='ltr'><strong>montes</strong></span> <span class='ocrx_word' id='word_1_457' title='bbox 3270 2720 3323 2767; x_wconf 91' lang='lat' dir='ltr'><strong>et</strong></span> <span class='ocrx_word' id='word_1_458' title='bbox 3351 2713 3522 2767; x_wconf 85' lang='lat' dir='ltr'><strong>colles</strong></span> 
     </span>
    </p>
   </div>
   <div class='ocr_carea' id='block_1_61' title="bbox 1947 2803 3524 2877">
    <p class='ocr_par' dir='ltr' id='par_1_61' title="bbox 1947 2803 3524 2877">
     <span class='ocr_line' id='line_1_61' title="bbox 1947 2803 3524 2877; baseline -0.004 -14"><span class='ocrx_word' id='word_1_459' title='bbox 1947 2809 2178 2863; x_wconf 86' lang='lat' dir='ltr'><strong>saltibus</strong></span> <span class='ocrx_word' id='word_1_460' title='bbox 2199 2808 2634 2877; x_wconf 88' lang='lat' dir='ltr'><strong>comprehendit,</strong></span> <span class='ocrx_word' id='word_1_461' title='bbox 2671 2808 2773 2862; x_wconf 88' lang='lat' dir='ltr'><strong>hoc</strong></span> <span class='ocrx_word' id='word_1_462' title='bbox 2805 2814 2906 2872; x_wconf 92' lang='lat' dir='ltr'><strong>est,</strong></span> <span class='ocrx_word' id='word_1_463' title='bbox 2941 2807 3034 2876; x_wconf 91' lang='lat' dir='ltr'><strong>qui</strong></span> <span class='ocrx_word' id='word_1_464' title='bbox 3064 2805 3351 2859; x_wconf 87' lang='lat' dir='ltr'><strong>conculcat</strong></span> <span class='ocrx_word' id='word_1_465' title='bbox 3382 2803 3524 2856; x_wconf 80' lang='lat' dir='ltr'><strong>fran-</strong></span> 
     </span>
    </p>
   </div>
   <div class='ocr_carea' id='block_1_62' title="bbox 256 2894 1738 2997">
    <p class='ocr_par' dir='ltr' id='par_1_62' title="bbox 256 2894 1738 2968">
     <span class='ocr_line' id='line_1_62' title="bbox 256 2894 1738 2968; baseline 0 -21"><span class='ocrx_word' id='word_1_466' title='bbox 256 2894 477 2962; x_wconf 82' lang='grc' dir='ltr'>θέμενα</span> <span class='ocrx_word' id='word_1_467' title='bbox 517 2895 584 2946; x_wconf 76' lang='grc' dir='ltr'><strong>ἐν</strong></span> <span class='ocrx_word' id='word_1_468' title='bbox 627 2895 896 2962; x_wconf 75' lang='grc' dir='ltr'>καρδίαις</span> <span class='ocrx_word' id='word_1_469' title='bbox 940 2897 1301 2960; x_wconf 81' lang='grc' dir='ltr'>θαλασσῶν,</span> <span class='ocrx_word' id='word_1_470' title='bbox 1348 2897 1442 2949; x_wconf 77' lang='grc' dir='ltr'><strong>καὶ</strong></span> <span class='ocrx_word' id='word_1_471' title='bbox 1473 2897 1551 2968; x_wconf 84' lang='grc' dir='ltr'>τῷ</span> <span class='ocrx_word' id='word_1_472' title='bbox 1593 2915 1738 2966; x_wconf 58' lang='grc' dir='ltr'>συγγι</span> 
     </span>
    </p>
   </div>
   <div class='ocr_carea' id='block_1_63' title="bbox 2040 2894 3522 2997">
    <p class='ocr_par' dir='ltr' id='par_1_63' title="bbox 2040 2894 3522 2970">
     <span class='ocr_line' id='line_1_63' title="bbox 2040 2894 3522 2970; baseline -0.006 -15"><span class='ocrx_word' id='word_1_473' title='bbox 2040 2917 2132 2970; x_wconf 58' lang='lat' dir='ltr'><strong>aue</strong></span> <span class='ocrx_word' id='word_1_474' title='bbox 2169 2909 2221 2955; x_wconf 93' lang='lat' dir='ltr'><strong>et</strong></span> <span class='ocrx_word' id='word_1_475' title='bbox 2248 2901 2445 2956; x_wconf 89' lang='lat' dir='ltr'><strong>evertit</strong></span> <span class='ocrx_word' id='word_1_476' title='bbox 2473 2900 2751 2970; x_wconf 87' lang='lat' dir='ltr'><strong>improbas</strong></span> <span class='ocrx_word' id='word_1_477' title='bbox 2782 2898 2896 2952; x_wconf 84' lang='lat' dir='ltr'><strong>vitii</strong></span> <span class='ocrx_word' id='word_1_478' title='bbox 2934 2898 3240 2952; x_wconf 63' lang='lat' dir='ltr'><strong>daemonum</strong></span> <span class='ocrx_word' id='word_1_479' title='bbox 3279 2894 3522 2948; x_wconf 85' lang='lat' dir='ltr'><strong>altitudi-</strong></span> 
     </span>
    </p>
   </div>
   <div class='ocr_carea' id='block_1_64' title="bbox 251 2983 1842 3058">
    <p class='ocr_par' dir='ltr' id='par_1_64' title="bbox 251 2983 1842 3058">
     <span class='ocr_line' id='line_1_64' title="bbox 251 2983 1842 3058; baseline 0.002 -20"><span class='ocrx_word' id='word_1_480' title='bbox 251 2984 410 3054; x_wconf 79' lang='grc' dir='ltr'>τόπῳ</span> <span class='ocrx_word' id='word_1_481' title='bbox 461 2986 562 3054; x_wconf 78' lang='grc' dir='ltr'>τῆς</span> <span class='ocrx_word' id='word_1_482' title='bbox 623 2986 860 3038; x_wconf 76' lang='grc' dir='ltr'>ἀϐύσσου</span> <span class='ocrx_word' id='word_1_483' title='bbox 924 2987 1320 3056; x_wconf 80' lang='grc' dir='ltr'>καταδυόμενα.</span> <span class='ocrx_word' id='word_1_484' title='bbox 1382 2989 1518 3056; x_wconf 78' lang='grc' dir='ltr'>Περὶ</span> <span class='ocrx_word' id='word_1_485' title='bbox 1575 2983 1650 3040; x_wconf 84' lang='grc' dir='ltr'>ὧν</span> <span class='ocrx_word' id='word_1_486' title='bbox 1710 2989 1842 3058; x_wconf 79' lang='grc' dir='ltr'>πρὸς</span> 
     </span>
    </p>
   </div>
   <div class='ocr_carea' id='block_1_65' title="bbox 254 3072 1838 3148">
    <p class='ocr_par' dir='ltr' id='par_1_65' title="bbox 254 3072 1838 3148">
     <span class='ocr_line' id='line_1_65' title="bbox 254 3072 1838 3148; baseline 0.003 -20"><span class='ocrx_word' id='word_1_487' title='bbox 254 3079 385 3139; x_wconf 72' lang='grc' dir='ltr'>τοὺς</span> <span class='ocrx_word' id='word_1_488' title='bbox 422 3076 668 3147; x_wconf 74' lang='grc' dir='ltr'>μαθητὰς</span> <span class='ocrx_word' id='word_1_489' title='bbox 701 3072 851 3130; x_wconf 82' lang='grc' dir='ltr'>εἶπεν</span> <span class='ocrx_word' id='word_1_490' title='bbox 887 3080 915 3130; x_wconf 86' lang='grc' dir='ltr'>ὁ</span> <span class='ocrx_word' id='word_1_491' title='bbox 949 3077 1151 3148; x_wconf 87' lang='grc' dir='ltr'>Κύριος</span> <span class='ocrx_word' id='word_1_492' title='bbox 1174 3121 1188 3144; x_wconf 88' lang='grc'><strong>,</strong></span> <span class='ocrx_word' id='word_1_493' title='bbox 1223 3079 1305 3131; x_wconf 85' lang='grc' dir='ltr'><strong>ὅτι</strong></span> <span class='ocrx_word' id='word_1_494' title='bbox 1357 3079 1493 3131; x_wconf 78' lang='grc' dir='ltr'><strong>Ἐὰν</strong></span> <span class='ocrx_word' id='word_1_495' title='bbox 1537 3079 1714 3146; x_wconf 78' lang='grc' dir='ltr'>ἔχητε</span> <span class='ocrx_word' id='word_1_496' title='bbox 1743 3080 1838 3132; x_wconf 82' lang='grc' dir='ltr'>πί-</span> 
     </span>
    </p>
   </div>
   <div class='ocr_carea' id='block_1_66' title="bbox 255 3168 1843 3239">
    <p class='ocr_par' dir='ltr' id='par_1_66' title="bbox 255 3168 1843 3239">
     <span class='ocr_line' id='line_1_66' title="bbox 255 3168 1843 3239; baseline 0.003 -19"><span class='ocrx_word' id='word_1_497' title='bbox 255 3183 401 3220; x_wconf 87' lang='grc' dir='ltr'><em>στιν</em></span> <span class='ocrx_word' id='word_1_498' title='bbox 425 3168 504 3232; x_wconf 90' lang='grc' dir='ltr'>ὠς</span> <span class='ocrx_word' id='word_1_499' title='bbox 537 3169 758 3222; x_wconf 80' lang='grc' dir='ltr'>κόκκον</span> <span class='ocrx_word' id='word_1_500' title='bbox 791 3169 1091 3236; x_wconf 80' lang='grc' dir='ltr'>σινάπεως</span> <span class='ocrx_word' id='word_1_501' title='bbox 1111 3211 1125 3232; x_wconf 91' lang='grc'><strong>,</strong></span> <span class='ocrx_word' id='word_1_502' title='bbox 1171 3170 1355 3238; x_wconf 78' lang='grc' dir='ltr'>ἐρεῖτε</span> <span class='ocrx_word' id='word_1_503' title='bbox 1387 3171 1466 3236; x_wconf 85' lang='grc' dir='ltr'>τῷ</span> <span class='ocrx_word' id='word_1_504' title='bbox 1509 3172 1626 3239; x_wconf 81' lang='grc' dir='ltr'>ὄρει</span> <span class='ocrx_word' id='word_1_505' title='bbox 1655 3173 1843 3239; x_wconf 84' lang='grc' dir='ltr'>τούτῳ</span> 
     </span>
    </p>
   </div>
   <div class='ocr_carea' id='block_1_67' title="bbox 259 3260 1840 3333">
    <p class='ocr_par' dir='ltr' id='par_1_67' title="bbox 259 3260 1840 3333">
     <span class='ocr_line' id='line_1_67' title="bbox 259 3260 1840 3333; baseline 0.003 -21"><span class='ocrx_word' id='word_1_506' title='bbox 259 3260 513 3327; x_wconf 84' lang='grc' dir='ltr'>(δεικνὺς</span> <span class='ocrx_word' id='word_1_507' title='bbox 539 3260 615 3330; x_wconf 80' lang='grc' dir='ltr'><strong>τῷ</strong></span> <span class='ocrx_word' id='word_1_508' title='bbox 645 3261 788 3330; x_wconf 87' lang='grc' dir='ltr'>λόγῳ</span> <span class='ocrx_word' id='word_1_509' title='bbox 829 3261 890 3313; x_wconf 86' lang='grc' dir='ltr'><strong>τὸ</strong></span> <span class='ocrx_word' id='word_1_510' title='bbox 934 3261 1166 3331; x_wconf 78' lang='grc' dir='ltr'>πονηρὸν</span> <span class='ocrx_word' id='word_1_511' title='bbox 1204 3264 1378 3316; x_wconf 82' lang='grc' dir='ltr'>ἐκεῖνο</span> <span class='ocrx_word' id='word_1_512' title='bbox 1424 3264 1518 3316; x_wconf 75' lang='grc' dir='ltr'><strong>καὶ</strong></span> <span class='ocrx_word' id='word_1_513' title='bbox 1563 3264 1840 3333; x_wconf 84' lang='grc' dir='ltr'>σεληναῖον</span> 
     </span>
    </p>
   </div>
   <div class='ocr_carea' id='block_1_68' title="bbox 254 3351 1844 3422">
    <p class='ocr_par' dir='ltr' id='par_1_68' title="bbox 254 3351 1844 3422">
     <span class='ocr_line' id='line_1_68' title="bbox 254 3351 1844 3422; baseline 0.001 -17"><span class='ocrx_word' id='word_1_514' title='bbox 254 3351 576 3421; x_wconf 72' lang='grc' dir='ltr'>δαιμόνιον),</span> <span class='ocrx_word' id='word_1_515' title='bbox 601 3351 689 3404; x_wconf 82' lang='grc' dir='ltr'>ὅτι</span> <span class='ocrx_word' id='word_1_516' title='bbox 711 3352 950 3420; x_wconf 78' lang='grc' dir='ltr'>’Ἄρθητι</span> <span class='ocrx_word' id='word_1_517' title='bbox 975 3353 1072 3406; x_wconf 82' lang='grc' dir='ltr'><strong>καὶ</strong></span> <span class='ocrx_word' id='word_1_518' title='bbox 1087 3354 1351 3422; x_wconf 80' lang='grc' dir='ltr'>,βλήθητι</span> <span class='ocrx_word' id='word_1_519' title='bbox 1369 3358 1455 3418; x_wconf 80' lang='grc' dir='ltr'><strong>εις</strong></span> <span class='ocrx_word' id='word_1_520' title='bbox 1479 3356 1596 3422; x_wconf 78' lang='grc' dir='ltr'><strong>τὴν</strong></span> <span class='ocrx_word' id='word_1_521' title='bbox 1619 3355 1844 3409; x_wconf 82' lang='grc' dir='ltr'>θάλασ-</span> 
     </span>
    </p>
   </div>
   <div class='ocr_carea' id='block_1_69' title="bbox 258 3444 1842 3517">
    <p class='ocr_par' dir='ltr' id='par_1_69' title="bbox 258 3444 1842 3517">
     <span class='ocr_line' id='line_1_69' title="bbox 258 3444 1842 3517; baseline 0.001 -21"><span class='ocrx_word' id='word_1_522' title='bbox 258 3459 403 3496; x_wconf 73' lang='grc' dir='ltr'>σαν.</span> <span class='ocrx_word' id='word_1_523' title='bbox 456 3444 672 3514; x_wconf 81' lang='grc' dir='ltr'>Ἐπειδὴ</span> <span class='ocrx_word' id='word_1_524' title='bbox 714 3446 893 3497; x_wconf 88' lang='grc' dir='ltr'>τοίνυν</span> <span class='ocrx_word' id='word_1_525' title='bbox 927 3445 1056 3498; x_wconf 76' lang='grc' dir='ltr'>ἴδιον</span> <span class='ocrx_word' id='word_1_526' title='bbox 1088 3446 1187 3514; x_wconf 82' lang='grc' dir='ltr'><strong>τῆς</strong></span> <span class='ocrx_word' id='word_1_527' title='bbox 1218 3445 1426 3517; x_wconf 86' lang='grc' dir='ltr'>νεϐρῶν</span> <span class='ocrx_word' id='word_1_528' title='bbox 1460 3450 1575 3500; x_wconf 88' lang='grc' dir='ltr'>ἐστι</span> <span class='ocrx_word' id='word_1_529' title='bbox 1627 3447 1842 3515; x_wconf 82' lang='grc' dir='ltr'>φύσεως</span> 
     </span>
    </p>
   </div>
   <div class='ocr_carea' id='block_1_70' title="bbox 256 3535 1841 3608">
    <p class='ocr_par' dir='ltr' id='par_1_70' title="bbox 256 3535 1841 3608">
     <span class='ocr_line' id='line_1_70' title="bbox 256 3535 1841 3608; baseline 0.003 -23"><span class='ocrx_word' id='word_1_530' title='bbox 256 3535 324 3585; x_wconf 74' lang='grc' dir='ltr'>τὸ</span> <span class='ocrx_word' id='word_1_531' title='bbox 364 3535 695 3588; x_wconf 76' lang='grc' dir='ltr'>ἀναλωτικὸν</span> <span class='ocrx_word' id='word_1_532' title='bbox 736 3536 844 3588; x_wconf 90' lang='grc' dir='ltr'><strong>τῶν</strong></span> <span class='ocrx_word' id='word_1_533' title='bbox 878 3536 1101 3607; x_wconf 86' lang='grc' dir='ltr'>θηρίων,</span> <span class='ocrx_word' id='word_1_534' title='bbox 1157 3538 1250 3590; x_wconf 72' lang='grc' dir='ltr'>καὶ</span> <span class='ocrx_word' id='word_1_535' title='bbox 1291 3539 1352 3590; x_wconf 86' lang='grc' dir='ltr'>τὸ</span> <span class='ocrx_word' id='word_1_536' title='bbox 1399 3538 1723 3606; x_wconf 83' lang='grc' dir='ltr'>φυγαδεύειν</span> <span class='ocrx_word' id='word_1_537' title='bbox 1763 3537 1841 3608; x_wconf 83' lang='grc' dir='ltr'><strong>τῷ</strong></span> 
     </span>
    </p>
   </div>
   <div class='ocr_carea' id='block_1_71' title="bbox 257 3624 1840 3699">
    <p class='ocr_par' dir='ltr' id='par_1_71' title="bbox 257 3624 1840 3699">
     <span class='ocr_line' id='line_1_71' title="bbox 257 3624 1840 3699; baseline 0.003 -21"><span class='ocrx_word' id='word_1_538' title='bbox 257 3624 503 3694; x_wconf 78' lang='grc' dir='ltr'>ἄσθματι</span> <span class='ocrx_word' id='word_1_539' title='bbox 543 3627 636 3678; x_wconf 73' lang='grc' dir='ltr'>καὶ</span> <span class='ocrx_word' id='word_1_540' title='bbox 678 3628 742 3696; x_wconf 84' lang='grc' dir='ltr'>τῇ</span> <span class='ocrx_word' id='word_1_541' title='bbox 775 3626 870 3679; x_wconf 80' lang='grc' dir='ltr'>τοῦ</span> <span class='ocrx_word' id='word_1_542' title='bbox 916 3628 1125 3698; x_wconf 84' lang='grc' dir='ltr'>χρωτὸς</span> <span class='ocrx_word' id='word_1_543' title='bbox 1161 3629 1382 3699; x_wconf 79' lang='grc' dir='ltr'>ἰδιότητι</span> <span class='ocrx_word' id='word_1_544' title='bbox 1427 3629 1487 3681; x_wconf 86' lang='grc' dir='ltr'><strong>τὸ</strong></span> <span class='ocrx_word' id='word_1_545' title='bbox 1520 3630 1628 3682; x_wconf 88' lang='grc' dir='ltr'><strong>τῶν</strong></span> <span class='ocrx_word' id='word_1_546' title='bbox 1665 3630 1840 3698; x_wconf 77' lang='grc' dir='ltr'>ὄφεων</span> 
     </span>
    </p>
   </div>
   <div class='ocr_carea' id='block_1_72' title="bbox 260 3717 1841 3791">
    <p class='ocr_par' dir='ltr' id='par_1_72' title="bbox 260 3717 1841 3791">
     <span class='ocr_line' id='line_1_72' title="bbox 260 3717 1841 3791; baseline 0.003 -22"><span class='ocrx_word' id='word_1_547' title='bbox 260 3717 456 3785; x_wconf 78' lang='grc' dir='ltr'>γένος’</span> <span class='ocrx_word' id='word_1_548' title='bbox 492 3717 579 3770; x_wconf 82' lang='grc' dir='ltr'><strong>διὰ</strong></span> <span class='ocrx_word' id='word_1_549' title='bbox 621 3719 776 3772; x_wconf 75' lang='grc' dir='ltr'>τοῦτο</span> <span class='ocrx_word' id='word_1_550' title='bbox 824 3719 1042 3789; x_wconf 87' lang='grc' dir='ltr'>δορκάδι</span> <span class='ocrx_word' id='word_1_551' title='bbox 1088 3721 1184 3791; x_wconf 86' lang='grc' dir='ltr'><strong>μὲν</strong></span> <span class='ocrx_word' id='word_1_552' title='bbox 1233 3721 1260 3772; x_wconf 89' lang='lat'><strong>6</strong></span> <span class='ocrx_word' id='word_1_553' title='bbox 1301 3721 1510 3791; x_wconf 89' lang='grc' dir='ltr'>ἐφορῶν</span> <span class='ocrx_word' id='word_1_554' title='bbox 1546 3720 1614 3773; x_wconf 74' lang='grc' dir='ltr'>τὰ</span> <span class='ocrx_word' id='word_1_555' title='bbox 1666 3721 1841 3774; x_wconf 87' lang='grc' dir='ltr'>πάντα</span> 
     </span>
    </p>
   </div>
   <div class='ocr_carea' id='block_1_73' title="bbox 260 3807 1840 3879">
    <p class='ocr_par' dir='ltr' id='par_1_73' title="bbox 260 3807 1840 3879">
     <span class='ocr_line' id='line_1_73' title="bbox 260 3807 1840 3879; baseline 0.003 -20"><span class='ocrx_word' id='word_1_556' title='bbox 260 3807 562 3878; x_wconf 72' lang='grc' dir='ltr'>ὡμοίωταιο</span> <span class='ocrx_word' id='word_1_557' title='bbox 588 3809 764 3879; x_wconf 76' lang='grc' dir='ltr'>νεϐρῷ</span> <span class='ocrx_word' id='word_1_558' title='bbox 787 3811 843 3862; x_wconf 84' lang='grc' dir='ltr'><strong>δὲ</strong></span> <span class='ocrx_word' id='word_1_559' title='bbox 874 3810 1106 3878; x_wconf 78' lang='grc' dir='ltr'>ἐλάφων,</span> <span class='ocrx_word' id='word_1_560' title='bbox 1132 3811 1206 3874; x_wconf 83' lang='grc' dir='ltr'>ὡς</span> <span class='ocrx_word' id='word_1_561' title='bbox 1234 3811 1418 3863; x_wconf 84' lang='grc' dir='ltr'>πατῶν</span> <span class='ocrx_word' id='word_1_562' title='bbox 1447 3828 1505 3863; x_wconf 88' lang='grc' dir='ltr'><strong>τε</strong></span> <span class='ocrx_word' id='word_1_563' title='bbox 1537 3811 1629 3864; x_wconf 77' lang='grc' dir='ltr'><strong>καὶ</strong></span> <span class='ocrx_word' id='word_1_564' title='bbox 1656 3811 1840 3863; x_wconf 84' lang='grc' dir='ltr'>ἀναλί-</span> 
     </span>
    </p>
   </div>
   <div class='ocr_carea' id='block_1_74' title="bbox 265 3900 1842 3974">
    <p class='ocr_par' dir='ltr' id='par_1_74' title="bbox 265 3900 1842 3974">
     <span class='ocr_line' id='line_1_74' title="bbox 265 3900 1842 3974; baseline 0.004 -24"><span class='ocrx_word' id='word_1_565' title='bbox 265 3916 413 3952; x_wconf 89' lang='grc' dir='ltr'>σκων</span> <span class='ocrx_word' id='word_1_566' title='bbox 436 3900 534 3969; x_wconf 83' lang='grc' dir='ltr'>τὴν</span> <span class='ocrx_word' id='word_1_567' title='bbox 561 3903 803 3955; x_wconf 87' lang='grc' dir='ltr'>ἐναντίαν</span> <span class='ocrx_word' id='word_1_568' title='bbox 832 3903 1131 3974; x_wconf 88' lang='grc' dir='ltr'>ἐνέργειαν,</span> <span class='ocrx_word' id='word_1_569' title='bbox 1165 3903 1232 3974; x_wconf 84' lang='grc' dir='ltr'>ἧν</span> <span class='ocrx_word' id='word_1_570' title='bbox 1263 3905 1295 3974; x_wconf 87' lang='grc' dir='ltr'>ἡ</span> <span class='ocrx_word' id='word_1_571' title='bbox 1331 3903 1566 3974; x_wconf 85' lang='grc' dir='ltr'>τροπικὴ</span> <span class='ocrx_word' id='word_1_572' title='bbox 1599 3901 1842 3974; x_wconf 89' lang='grc' dir='ltr'>σημασία</span> 
     </span>
    </p>
   </div>
   <div class='ocr_carea' id='block_1_75' title="bbox 261 3991 1139 4065">
    <p class='ocr_par' dir='ltr' id='par_1_75' title="bbox 261 3991 1139 4065">
     <span class='ocr_line' id='line_1_75' title="bbox 261 3991 1139 4065; baseline 0.009 -23"><span class='ocrx_word' id='word_1_573' title='bbox 261 3992 364 4062; x_wconf 85' lang='grc' dir='ltr'>ὅρη</span> <span class='ocrx_word' id='word_1_574' title='bbox 390 3993 485 4044; x_wconf 79' lang='grc' dir='ltr'>καὶ</span> <span class='ocrx_word' id='word_1_575' title='bbox 521 3991 738 4061; x_wconf 80' lang='grc' dir='ltr'>βουνοὺς</span> <span class='ocrx_word' id='word_1_576' title='bbox 763 3997 1139 4065; x_wconf 59' lang='grc' dir='ltr'>κατωνόμαισε.</span> 
     </span>
    </p>
   </div>
   <div class='ocr_carea' id='block_1_76' title="bbox 1893 2987 3521 3063">
    <p class='ocr_par' dir='ltr' id='par_1_76' title="bbox 1893 2987 3521 3063">
     <span class='ocr_line' id='line_1_76' title="bbox 1893 2987 3521 3063; baseline -0.005 -15"><span class='ocrx_word' id='word_1_577' title='bbox 1893 2987 1910 3062; x_wconf 50' lang='grc' dir='ltr'><strong>Ῐ</strong></span> <span class='ocrx_word' id='word_1_578' title='bbox 1945 3010 2065 3049; x_wconf 89' lang='lat' dir='ltr'><strong>nes.</strong></span> <span class='ocrx_word' id='word_1_579' title='bbox 2097 2993 2231 3047; x_wconf 87' lang='lat' dir='ltr'><strong>Nam</strong></span> <span class='ocrx_word' id='word_1_580' title='bbox 2265 3002 2479 3048; x_wconf 90' lang='lat' dir='ltr'><strong>montes</strong></span> <span class='ocrx_word' id='word_1_581' title='bbox 2514 2994 2734 3063; x_wconf 90' lang='lat' dir='ltr'><strong>quidem</strong></span> <span class='ocrx_word' id='word_1_582' title='bbox 2778 2993 2908 3046; x_wconf 87' lang='lat' dir='ltr'><strong>dicit</strong></span> <span class='ocrx_word' id='word_1_583' title='bbox 2939 3006 3032 3046; x_wconf 91' lang='lat' dir='ltr'><strong>eos</strong></span> <span class='ocrx_word' id='word_1_584' title='bbox 3067 2991 3157 3058; x_wconf 90' lang='lat' dir='ltr'><strong>qui</strong></span> <span class='ocrx_word' id='word_1_585' title='bbox 3192 2987 3521 3042; x_wconf 76' lang='lat' dir='ltr'><strong>cuntntban~</strong></span> 
     </span>
    </p>
   </div>
   <div class='ocr_carea' id='block_1_77' title="bbox 1939 3077 3520 3154">
    <p class='ocr_par' dir='ltr' id='par_1_77' title="bbox 1939 3077 3520 3154">
     <span class='ocr_line' id='line_1_77' title="bbox 1939 3077 3520 3154; baseline -0.006 -16"><span class='ocrx_word' id='word_1_586' title='bbox 1939 3095 2031 3138; x_wconf 91' lang='lat' dir='ltr'><strong>tur</strong></span> <span class='ocrx_word' id='word_1_587' title='bbox 2061 3086 2113 3139; x_wconf 92' lang='lat' dir='ltr'><strong>in</strong></span> <span class='ocrx_word' id='word_1_588' title='bbox 2144 3086 2265 3154; x_wconf 87' lang='lat' dir='ltr'><strong>ejus</strong></span> <span class='ocrx_word' id='word_1_589' title='bbox 2297 3084 2640 3149; x_wconf 78' lang='lat' dir='ltr'><strong>fortitudine,</strong></span> <span class='ocrx_word' id='word_1_590' title='bbox 2670 3091 2729 3137; x_wconf 88' lang='lat' dir='ltr'><strong>ut</strong></span> <span class='ocrx_word' id='word_1_591' title='bbox 2759 3082 2896 3136; x_wconf 88' lang='lat' dir='ltr'><strong>dicit</strong></span> <span class='ocrx_word' id='word_1_592' title='bbox 2923 3080 3112 3143; x_wconf 88' lang='lat' dir='ltr'><strong>David,</strong></span> <span class='ocrx_word' id='word_1_593' title='bbox 3146 3079 3252 3145; x_wconf 87' lang='lat' dir='ltr'><strong>Qui</strong></span> <span class='ocrx_word' id='word_1_594' title='bbox 3291 3077 3520 3144; x_wconf 79' lang='lat' dir='ltr'><strong>transfe-</strong></span> 
     </span>
    </p>
   </div>
   <div class='ocr_carea' id='block_1_78' title="bbox 1941 3167 3521 3245">
    <p class='ocr_par' dir='ltr' id='par_1_78' title="bbox 1941 3167 3521 3245">
     <span class='ocr_line' id='line_1_78' title="bbox 1941 3167 3521 3245; baseline -0.006 -14"><span class='ocrx_word' id='word_1_595' title='bbox 1941 3188 2132 3231; x_wconf 79' lang='lat' dir='ltr'><strong>runtur</strong></span> <span class='ocrx_word' id='word_1_596' title='bbox 2161 3180 2214 3230; x_wconf 86' lang='lat' dir='ltr'><strong>in</strong></span> <span class='ocrx_word' id='word_1_597' title='bbox 2262 3179 2548 3232; x_wconf 68' lang='lat' dir='ltr'><strong>cor&#39;maris</strong></span> <span class='ocrx_word' id='word_1_598' title='bbox 2570 3219 2582 3242; x_wconf 89' lang='lat'><strong>,</strong></span> <span class='ocrx_word' id='word_1_599' title='bbox 2611 3186 2664 3231; x_wconf 92' lang='lat' dir='ltr'><strong>et</strong></span> <span class='ocrx_word' id='word_1_600' title='bbox 2695 3175 2788 3245; x_wconf 86' lang='lat' dir='ltr'><strong>qui</strong></span> <span class='ocrx_word' id='word_1_601' title='bbox 2816 3176 2870 3228; x_wconf 91' lang='lat' dir='ltr'><strong>in</strong></span> <span class='ocrx_word' id='word_1_602' title='bbox 2903 3181 3196 3244; x_wconf 80' lang='lat' dir='ltr'><strong>cognatum</strong></span> <span class='ocrx_word' id='word_1_603' title='bbox 3227 3171 3310 3225; x_wconf 87' lang='lat' dir='ltr'><strong>eis</strong></span> <span class='ocrx_word' id='word_1_604' title='bbox 3341 3167 3521 3238; x_wconf 82' lang='lat' dir='ltr'><strong>abyssi</strong></span> 
     </span>
    </p>
   </div>
   <div class='ocr_carea' id='block_1_79' title="bbox 1942 3259 3520 3337">
    <p class='ocr_par' dir='ltr' id='par_1_79' title="bbox 1942 3259 3520 3337">
     <span class='ocr_line' id='line_1_79' title="bbox 1942 3259 3520 3337; baseline -0.006 -15"><span class='ocrx_word' id='word_1_605' title='bbox 1942 3270 2121 3322; x_wconf 90' lang='lat' dir='ltr'><strong>locum</strong></span> <span class='ocrx_word' id='word_1_606' title='bbox 2159 3268 2548 3337; x_wconf 80' lang='lat' dir='ltr'><strong>demerguntur</strong></span> <span class='ocrx_word' id='word_1_607' title='bbox 2577 3269 2647 3323; x_wconf 73' lang='grc' dir='ltr'><strong>⁸ο.</strong></span> <span class='ocrx_word' id='word_1_608' title='bbox 2695 3267 2769 3322; x_wconf 89' lang='lat' dir='ltr'><strong>De</strong></span> <span class='ocrx_word' id='word_1_609' title='bbox 2821 3267 3022 3336; x_wconf 90' lang='lat' dir='ltr'><strong>quibus</strong></span> <span class='ocrx_word' id='word_1_610' title='bbox 3067 3263 3205 3316; x_wconf 67' lang='lat' dir='ltr'><strong>divtit</strong></span> <span class='ocrx_word' id='word_1_611' title='bbox 3259 3259 3520 3313; x_wconf 90' lang='lat' dir='ltr'><strong>Dominus</strong></span> 
     </span>
    </p>
   </div>
   <div class='ocr_carea' id='block_1_80' title="bbox 1944 3349 3522 3427">
    <p class='ocr_par' dir='ltr' id='par_1_80' title="bbox 1944 3349 3522 3427">
     <span class='ocr_line' id='line_1_80' title="bbox 1944 3349 3522 3427; baseline -0.008 -13"><span class='ocrx_word' id='word_1_612' title='bbox 1944 3360 2061 3414; x_wconf 86' lang='lat' dir='ltr'><strong>suis</strong></span> <span class='ocrx_word' id='word_1_613' title='bbox 2101 3359 2428 3427; x_wconf 86' lang='lat' dir='ltr'><strong>discipulis:</strong></span> <span class='ocrx_word' id='word_1_614' title='bbox 2469 3358 2532 3412; x_wconf 88' lang='lat' dir='ltr'><strong>Si</strong></span> <span class='ocrx_word' id='word_1_615' title='bbox 2570 3359 2807 3409; x_wconf 83' lang='lat' dir='ltr'><strong>habeatis</strong></span> <span class='ocrx_word' id='word_1_616' title='bbox 2839 3358 2996 3425; x_wconf 82' lang='lat' dir='ltr'><strong>ﬁdem</strong></span> <span class='ocrx_word' id='word_1_617' title='bbox 3028 3357 3161 3407; x_wconf 83' lang='lat' dir='ltr'><strong>sicut</strong></span> <span class='ocrx_word' id='word_1_618' title='bbox 3194 3365 3413 3421; x_wconf 83' lang='lat' dir='ltr'><strong>granum</strong></span> <span class='ocrx_word' id='word_1_619' title='bbox 3441 3349 3522 3401; x_wconf 81' lang='lat' dir='ltr'><strong>si-</strong></span> 
     </span>
    </p>
   </div>
   <div class='ocr_carea' id='block_1_81' title="bbox 1945 3441 3518 3518">
    <p class='ocr_par' dir='ltr' id='par_1_81' title="bbox 1945 3441 3518 3518">
     <span class='ocr_line' id='line_1_81' title="bbox 1945 3441 3518 3518; baseline -0.007 -15"><span class='ocrx_word' id='word_1_620' title='bbox 1945 3453 2117 3518; x_wconf 86' lang='lat' dir='ltr'><strong>napis,</strong></span> <span class='ocrx_word' id='word_1_621' title='bbox 2153 3449 2338 3503; x_wconf 83' lang='lat' dir='ltr'><strong>dicetis</strong></span> <span class='ocrx_word' id='word_1_622' title='bbox 2371 3450 2494 3501; x_wconf 84' lang='lat' dir='ltr'><strong>huic</strong></span> <span class='ocrx_word' id='word_1_623' title='bbox 2521 3450 2686 3500; x_wconf 88' lang='lat' dir='ltr'><strong>monti</strong></span> <span class='ocrx_word' id='word_1_624' title='bbox 2717 3450 2843 3517; x_wconf 89' lang='lat' dir='ltr'><strong>(hoc</strong></span> <span class='ocrx_word' id='word_1_625' title='bbox 2877 3448 3038 3500; x_wconf 86' lang='lat' dir='ltr'><strong>verbo</strong></span> <span class='ocrx_word' id='word_1_626' title='bbox 3062 3445 3360 3499; x_wconf 83' lang='lat' dir='ltr'><strong>ostendens</strong></span> <span class='ocrx_word' id='word_1_627' title='bbox 3390 3441 3518 3494; x_wconf 82' lang='lat' dir='ltr'><strong>illud</strong></span> 
     </span>
    </p>
   </div>
   <div class='ocr_carea' id='block_1_82' title="bbox 1944 3535 3520 3610">
    <p class='ocr_par' dir='ltr' id='par_1_82' title="bbox 1944 3535 3520 3610">
     <span class='ocr_line' id='line_1_82' title="bbox 1944 3535 3520 3610; baseline -0.006 -16"><span class='ocrx_word' id='word_1_628' title='bbox 1944 3543 2254 3610; x_wconf 87' lang='lat' dir='ltr'><strong>improbum</strong></span> <span class='ocrx_word' id='word_1_629' title='bbox 2313 3555 2376 3593; x_wconf 89' lang='lat' dir='ltr'><strong>ac</strong></span> <span class='ocrx_word' id='word_1_630' title='bbox 2429 3541 2620 3593; x_wconf 87' lang='lat' dir='ltr'><strong>lunare</strong></span> <span class='ocrx_word' id='word_1_631' title='bbox 2663 3538 3016 3606; x_wconf 68' lang='lat' dir='ltr'><strong>daemonium)</strong></span> <span class='ocrx_word' id='word_1_632' title='bbox 3065 3555 3077 3590; x_wconf 89' lang='lat'><strong>:</strong></span> <span class='ocrx_word' id='word_1_633' title='bbox 3130 3535 3422 3588; x_wconf 78' lang='lat' dir='ltr'><strong>Extollitor</strong></span> <span class='ocrx_word' id='word_1_634' title='bbox 3471 3543 3520 3585; x_wconf 89' lang='lat' dir='ltr'><strong>et</strong></span> 
     </span>
    </p>
   </div>
   <div class='ocr_carea' id='block_1_83' title="bbox 1940 3623 3518 3697">
    <p class='ocr_par' dir='ltr' id='par_1_83' title="bbox 1940 3623 3518 3697">
     <span class='ocr_line' id='line_1_83' title="bbox 1940 3623 3518 3697; baseline -0.006 -15"><span class='ocrx_word' id='word_1_635' title='bbox 1940 3630 2216 3697; x_wconf 83' lang='lat' dir='ltr'><strong>projicitor</strong></span> <span class='ocrx_word' id='word_1_636' title='bbox 2258 3630 2310 3682; x_wconf 89' lang='lat' dir='ltr'><strong>in</strong></span> <span class='ocrx_word' id='word_1_637' title='bbox 2340 3645 2484 3682; x_wconf 81' lang='lat' dir='ltr'><strong>mare</strong></span> <span class='ocrx_word' id='word_1_638' title='bbox 2505 3629 2572 3680; x_wconf 81' lang='grc'><strong>⁸¹.</strong></span> <span class='ocrx_word' id='word_1_639' title='bbox 2605 3627 2874 3692; x_wconf 87' lang='lat' dir='ltr'><strong>Quoniam</strong></span> <span class='ocrx_word' id='word_1_640' title='bbox 2919 3627 3086 3695; x_wconf 52' lang='lat' dir='ltr'><strong>igitur</strong></span> <span class='ocrx_word' id='word_1_641' title='bbox 3129 3635 3213 3678; x_wconf 90' lang='lat' dir='ltr'><strong>est</strong></span> <span class='ocrx_word' id='word_1_642' title='bbox 3242 3623 3518 3692; x_wconf 87' lang='lat' dir='ltr'><strong>proprium</strong></span> 
     </span>
    </p>
   </div>
   <div class='ocr_carea' id='block_1_84' title="bbox 1943 3715 3517 3779">
    <p class='ocr_par' dir='ltr' id='par_1_84' title="bbox 1943 3715 3517 3779">
     <span class='ocr_line' id='line_1_84' title="bbox 1943 3715 3517 3779; baseline -0.006 -5"><span class='ocrx_word' id='word_1_643' title='bbox 1943 3728 2153 3774; x_wconf 69' lang='lat' dir='ltr'><strong>natura:</strong></span> <span class='ocrx_word' id='word_1_644' title='bbox 2199 3720 2552 3774; x_wconf 91' lang='lat' dir='ltr'><strong>hinnulorum</strong></span> <span class='ocrx_word' id='word_1_645' title='bbox 2591 3732 2900 3779; x_wconf 86' lang='lat' dir='ltr'><strong>cervorum,</strong></span> <span class='ocrx_word' id='word_1_646' title='bbox 2940 3725 2999 3769; x_wconf 92' lang='lat' dir='ltr'><strong>ut</strong></span> <span class='ocrx_word' id='word_1_647' title='bbox 3041 3724 3094 3770; x_wconf 92' lang='lat' dir='ltr'><strong>et</strong></span> <span class='ocrx_word' id='word_1_648' title='bbox 3139 3715 3349 3768; x_wconf 87' lang='lat' dir='ltr'><strong>belluas</strong></span> <span class='ocrx_word' id='word_1_649' title='bbox 3383 3727 3517 3765; x_wconf 89' lang='lat' dir='ltr'><strong>con-</strong></span> 
     </span>
    </p>
   </div>
   <div class='ocr_carea' id='block_1_85' title="bbox 1944 3806 3517 3878">
    <p class='ocr_par' dir='ltr' id='par_1_85' title="bbox 1944 3806 3517 3878">
     <span class='ocr_line' id='line_1_85' title="bbox 1944 3806 3517 3878; baseline -0.007 -13"><span class='ocrx_word' id='word_1_650' title='bbox 1944 3818 2186 3873; x_wconf 87' lang='lat' dir='ltr'><strong>sumant,</strong></span> <span class='ocrx_word' id='word_1_651' title='bbox 2223 3820 2274 3865; x_wconf 92' lang='lat' dir='ltr'><strong>et</strong></span> <span class='ocrx_word' id='word_1_652' title='bbox 2307 3811 2440 3863; x_wconf 86' lang='lat' dir='ltr'><strong>alitu</strong></span> <span class='ocrx_word' id='word_1_653' title='bbox 2476 3810 2782 3878; x_wconf 90' lang='lat' dir='ltr'><strong>colorisque</strong></span> <span class='ocrx_word' id='word_1_654' title='bbox 2827 3808 2910 3861; x_wconf 91' lang='lat' dir='ltr'><strong>sui</strong></span> <span class='ocrx_word' id='word_1_655' title='bbox 2937 3806 3269 3876; x_wconf 86' lang='lat' dir='ltr'><strong>proprietate</strong></span> <span class='ocrx_word' id='word_1_656' title='bbox 3294 3819 3517 3872; x_wconf 84' lang='lat' dir='ltr'><strong>serpen-</strong></span> 
     </span>
    </p>
   </div>
   <div class='ocr_carea' id='block_1_86' title="bbox 1943 3890 3520 3971">
    <p class='ocr_par' dir='ltr' id='par_1_86' title="bbox 1943 3890 3520 3971">
     <span class='ocr_line' id='line_1_86' title="bbox 1943 3890 3520 3971; baseline -0.006 -16"><span class='ocrx_word' id='word_1_657' title='bbox 1943 3912 2027 3956; x_wconf 91' lang='lat' dir='ltr'><strong>tes</strong></span> <span class='ocrx_word' id='word_1_658' title='bbox 2079 3903 2287 3971; x_wconf 80' lang='lat' dir='ltr'><strong>fugent,</strong></span> <span class='ocrx_word' id='word_1_659' title='bbox 2343 3890 2629 3971; x_wconf 75' lang='lat' dir='ltr'><strong>propterea</strong></span> <span class='ocrx_word' id='word_1_660' title='bbox 2680 3913 2890 3970; x_wconf 68' lang='lat' dir='ltr'><strong>capreae</strong></span> <span class='ocrx_word' id='word_1_661' title='bbox 2920 3899 3139 3968; x_wconf 85' lang='lat' dir='ltr'><strong>quidem</strong></span> <span class='ocrx_word' id='word_1_662' title='bbox 3186 3895 3520 3958; x_wconf 77' lang='lat' dir='ltr'><strong>assimilatur</strong></span> 
     </span>
    </p>
   </div>
   <div class='ocr_carea' id='block_1_87' title="bbox 1943 3993 3588 4066">
    <p class='ocr_par' dir='ltr' id='par_1_87' title="bbox 1943 3993 3588 4066">
     <span class='ocr_line' id='line_1_87' title="bbox 1943 3993 3588 4066; baseline -0.007 -17"><span class='ocrx_word' id='word_1_663' title='bbox 1943 3996 2039 4066; x_wconf 82' lang='lat' dir='ltr'><strong>qui</strong></span> <span class='ocrx_word' id='word_1_664' title='bbox 2065 3995 2248 4048; x_wconf 92' lang='lat' dir='ltr'><strong>omnia</strong></span> <span class='ocrx_word' id='word_1_665' title='bbox 2293 3994 2571 4058; x_wconf 89' lang='lat' dir='ltr'><strong>intuetur;</strong></span> <span class='ocrx_word' id='word_1_666' title='bbox 2603 3993 2832 4046; x_wconf 89' lang='lat' dir='ltr'><strong>hinnulo</strong></span> <span class='ocrx_word' id='word_1_667' title='bbox 2878 3999 3061 4046; x_wconf 90' lang='lat' dir='ltr'><strong>autem</strong></span> <span class='ocrx_word' id='word_1_668' title='bbox 3098 4001 3408 4047; x_wconf 86' lang='lat' dir='ltr'><strong>cervorum,</strong></span> <span class='ocrx_word' id='word_1_669' title='bbox 3461 3993 3523 4038; x_wconf 91' lang='lat' dir='ltr'><strong>ut</strong></span> <span class='ocrx_word' id='word_1_670' title='bbox 3585 4013 3588 4016; x_wconf 83' lang='lat'><strong><em>~</em></strong></span> 
     </span>
    </p>
   </div>
   <div class='ocr_carea' id='block_1_88' title="bbox 262 4084 3522 4164">
    <p class='ocr_par' dir='ltr' id='par_1_88' title="bbox 262 4084 3522 4164">
     <span class='ocr_line' id='line_1_88' title="bbox 262 4084 3522 4164; baseline -0.002 -25"><span class='ocrx_word' id='word_1_671' title='bbox 262 4089 359 4155; x_wconf 89' lang='lat' dir='ltr'><strong>qui</strong></span> <span class='ocrx_word' id='word_1_672' title='bbox 393 4089 678 4143; x_wconf 77' lang='lat' dir='ltr'><strong>conculcet</strong></span> <span class='ocrx_word' id='word_1_673' title='bbox 720 4097 774 4143; x_wconf 89' lang='lat' dir='ltr'><strong>et</strong></span> <span class='ocrx_word' id='word_1_674' title='bbox 820 4099 1111 4164; x_wconf 71' lang='lat' dir='ltr'><strong>consumat</strong></span> <span class='ocrx_word' id='word_1_675' title='bbox 1150 4087 1517 4144; x_wconf 79' lang='lat' dir='ltr'><strong>adversariam</strong></span> <span class='ocrx_word' id='word_1_676' title='bbox 1549 4090 1941 4160; x_wconf 89' lang='lat' dir='ltr'><strong>operationem,</strong></span> <span class='ocrx_word' id='word_1_677' title='bbox 1986 4104 2150 4160; x_wconf 89' lang='lat' dir='ltr'><strong>quam</strong></span> <span class='ocrx_word' id='word_1_678' title='bbox 2200 4089 2409 4158; x_wconf 89' lang='lat' dir='ltr'><strong>tropica</strong></span> <span class='ocrx_word' id='word_1_679' title='bbox 2455 4087 2852 4157; x_wconf 80' lang='lat' dir='ltr'><strong>signiﬁcatione</strong></span> <span class='ocrx_word' id='word_1_680' title='bbox 2897 4084 3199 4139; x_wconf 89' lang='lat' dir='ltr'><strong>nominavit</strong></span> <span class='ocrx_word' id='word_1_681' title='bbox 3227 4090 3439 4135; x_wconf 90' lang='lat' dir='ltr'><strong>montes</strong></span> <span class='ocrx_word' id='word_1_682' title='bbox 3467 4085 3522 4132; x_wconf 85' lang='lat' dir='ltr'><strong>et</strong></span> 
     </span>
    </p>
   </div>
   <div class='ocr_carea' id='block_1_89' title="bbox 263 4181 455 4239">
    <p class='ocr_par' dir='ltr' id='par_1_89' title="bbox 263 4181 455 4239">
     <span class='ocr_line' id='line_1_89' title="bbox 263 4181 455 4239; baseline -0.005 -5"><span class='ocrx_word' id='word_1_683' title='bbox 263 4181 455 4239; x_wconf 84' lang='lat' dir='ltr'><strong>colles.</strong></span> 
     </span>
    </p>
   </div>
   <div class='ocr_carea' id='block_1_90' title="bbox 336 4259 1818 4347">
    <p class='ocr_par' dir='ltr' id='par_1_90' title="bbox 336 4271 1818 4342">
     <span class='ocr_line' id='line_1_90' title="bbox 336 4271 1818 4342; baseline -0.001 -18"><span class='ocrx_word' id='word_1_684' title='bbox 336 4273 532 4340; x_wconf 82' lang='grc' dir='ltr'>Γέγονε</span> <span class='ocrx_word' id='word_1_685' title='bbox 583 4271 762 4325; x_wconf 89' lang='grc' dir='ltr'>τοίνυν</span> <span class='ocrx_word' id='word_1_686' title='bbox 809 4273 842 4341; x_wconf 79' lang='grc' dir='ltr'>ἡ</span> <span class='ocrx_word' id='word_1_687' title='bbox 891 4272 985 4324; x_wconf 81' lang='grc' dir='ltr'>τοῦ</span> <span class='ocrx_word' id='word_1_688' title='bbox 1030 4272 1263 4342; x_wconf 81' lang='grc' dir='ltr'>νυμφίου</span> <span class='ocrx_word' id='word_1_689' title='bbox 1311 4272 1463 4342; x_wconf 82' lang='grc' dir='ltr'>φωνὴ</span> <span class='ocrx_word' id='word_1_690' title='bbox 1511 4273 1543 4342; x_wconf 82' lang='grc' dir='ltr'>ὴ</span> <span class='ocrx_word' id='word_1_691' title='bbox 1599 4272 1687 4325; x_wconf 75' lang='grc' dir='ltr'>διὰ</span> <span class='ocrx_word' id='word_1_692' title='bbox 1733 4271 1818 4324; x_wconf 64' lang='grc' dir='ltr'>τῶε</span> 
     </span>
    </p>
   </div>
   <div class='ocr_carea' id='block_1_91' title="bbox 2039 4259 3521 4347">
    <p class='ocr_par' dir='ltr' id='par_1_91' title="bbox 2039 4259 3521 4338">
     <span class='ocr_line' id='line_1_91' title="bbox 2039 4259 3521 4338; baseline -0.007 -14"><span class='ocrx_word' id='word_1_693' title='bbox 2039 4269 2141 4324; x_wconf 79' lang='lat' dir='ltr'><strong>I‘uit</strong></span> <span class='ocrx_word' id='word_1_694' title='bbox 2170 4283 2303 4338; x_wconf 82' lang='lat' dir='ltr'><strong>ergo</strong></span> <span class='ocrx_word' id='word_1_695' title='bbox 2335 4282 2436 4323; x_wconf 80' lang='lat' dir='ltr'><strong>vox</strong></span> <span class='ocrx_word' id='word_1_696' title='bbox 2458 4265 2644 4336; x_wconf 90' lang='lat' dir='ltr'><strong>sponsi</strong></span> <span class='ocrx_word' id='word_1_697' title='bbox 2669 4279 2766 4334; x_wconf 87' lang='lat' dir='ltr'><strong>per</strong></span> <span class='ocrx_word' id='word_1_698' title='bbox 2787 4263 3079 4332; x_wconf 86' lang='lat' dir='ltr'><strong>prophetas</strong></span> <span class='ocrx_word' id='word_1_699' title='bbox 3098 4262 3151 4314; x_wconf 92' lang='lat' dir='ltr'><strong>in</strong></span> <span class='ocrx_word' id='word_1_700' title='bbox 3167 4261 3365 4330; x_wconf 87' lang='lat' dir='ltr'><strong>quibus</strong></span> <span class='ocrx_word' id='word_1_701' title='bbox 3383 4259 3521 4314; x_wconf 86' lang='lat' dir='ltr'><strong>Deus</strong></span> 
     </span>
    </p>
   </div>
   <div class='ocr_carea' id='block_1_92' title="bbox 265 4358 1843 4434">
    <p class='ocr_par' dir='ltr' id='par_1_92' title="bbox 265 4358 1843 4434">
     <span class='ocr_line' id='line_1_92' title="bbox 265 4358 1843 4434; baseline -0.002 -18"><span class='ocrx_word' id='word_1_702' title='bbox 265 4361 563 4434; x_wconf 79' lang='grc' dir='ltr'>προφητῶν</span> <span class='ocrx_word' id='word_1_703' title='bbox 613 4364 669 4413; x_wconf 92' lang='grc' dir='ltr'><strong>ἐν</strong></span> <span class='ocrx_word' id='word_1_704' title='bbox 714 4358 796 4424; x_wconf 76' lang='grc' dir='ltr'>οἷς</span> <span class='ocrx_word' id='word_1_705' title='bbox 841 4362 1097 4432; x_wconf 86' lang='grc' dir='ltr'>ἐλάλησεν</span> <span class='ocrx_word' id='word_1_706' title='bbox 1143 4363 1171 4413; x_wconf 94' lang='lat'><strong>6</strong></span> <span class='ocrx_word' id='word_1_707' title='bbox 1215 4361 1379 4423; x_wconf 83' lang='grc' dir='ltr'>Θεός·</span> <span class='ocrx_word' id='word_1_708' title='bbox 1419 4362 1513 4413; x_wconf 69' lang='grc' dir='ltr'>καὶ</span> <span class='ocrx_word' id='word_1_709' title='bbox 1563 4360 1700 4430; x_wconf 78' lang='grc' dir='ltr'>μετὰ</span> <span class='ocrx_word' id='word_1_710' title='bbox 1743 4363 1843 4431; x_wconf 84' lang='grc' dir='ltr'><strong>τὴν</strong></span> 
     </span>
    </p>
   </div>
   <div class='ocr_carea' id='block_1_93' title="bbox 267 4448 1845 4523">
    <p class='ocr_par' dir='ltr' id='par_1_93' title="bbox 267 4448 1845 4523">
     <span class='ocr_line' id='line_1_93' title="bbox 267 4448 1845 4523; baseline -0.002 -16"><span class='ocrx_word' id='word_1_711' title='bbox 267 4455 454 4523; x_wconf 79' lang='grc' dir='ltr'>φωνὴν</span> <span class='ocrx_word' id='word_1_712' title='bbox 490 4448 654 4522; x_wconf 79' lang='grc' dir='ltr'>ἦλθεν</span> <span class='ocrx_word' id='word_1_713' title='bbox 696 4455 724 4505; x_wconf 93' lang='lat'><strong>6</strong></span> <span class='ocrx_word' id='word_1_714' title='bbox 764 4453 953 4520; x_wconf 90' lang='grc' dir='ltr'>Λόγος,</span> <span class='ocrx_word' id='word_1_715' title='bbox 989 4452 1268 4522; x_wconf 87' lang='grc' dir='ltr'>ἐπιπηδῶν</span> <span class='ocrx_word' id='word_1_716' title='bbox 1300 4455 1413 4515; x_wconf 87' lang='grc' dir='ltr'>τοῖς</span> <span class='ocrx_word' id='word_1_717' title='bbox 1454 4452 1845 4522; x_wconf 84' lang='grc' dir='ltr'>ἀντικειμένοις</span> 
     </span>
    </p>
   </div>
   <div class='ocr_carea' id='block_1_94' title="bbox 263 4541 1842 4615">
    <p class='ocr_par' dir='ltr' id='par_1_94' title="bbox 263 4541 1842 4615">
     <span class='ocr_line' id='line_1_94' title="bbox 263 4541 1842 4615; baseline -0.001 -20"><span class='ocrx_word' id='word_1_718' title='bbox 263 4543 439 4615; x_wconf 71' lang='grc' dir='ltr'>ὄρεσι,</span> <span class='ocrx_word' id='word_1_719' title='bbox 483 4543 574 4596; x_wconf 72' lang='grc' dir='ltr'><strong>καὶ</strong></span> <span class='ocrx_word' id='word_1_720' title='bbox 608 4541 716 4595; x_wconf 86' lang='grc' dir='ltr'><strong>τῶν</strong></span> <span class='ocrx_word' id='word_1_721' title='bbox 749 4542 949 4611; x_wconf 83' lang='grc' dir='ltr'>βουνῶν</span> <span class='ocrx_word' id='word_1_722' title='bbox 980 4543 1410 4613; x_wconf 85' lang='grc' dir='ltr'>καθαλλόμενος,</span> <span class='ocrx_word' id='word_1_723' title='bbox 1442 4544 1620 4596; x_wconf 80' lang='grc' dir='ltr'>πᾶσαν</span> <span class='ocrx_word' id='word_1_724' title='bbox 1659 4545 1724 4596; x_wconf 88' lang='grc' dir='ltr'><strong>ἐκ</strong></span> <span class='ocrx_word' id='word_1_725' title='bbox 1748 4543 1842 4596; x_wconf 75' lang='grc' dir='ltr'>τοῦ</span> 
     </span>
    </p>
   </div>
   <div class='ocr_carea' id='block_1_95' title="bbox 266 4632 1840 4704">
    <p class='ocr_par' dir='ltr' id='par_1_95' title="bbox 266 4632 1840 4704">
     <span class='ocr_line' id='line_1_95' title="bbox 266 4632 1840 4704; baseline 0 -19"><span class='ocrx_word' id='word_1_726' title='bbox 266 4633 383 4685; x_wconf 81' lang='grc' dir='ltr'>ῐσου</span> <span class='ocrx_word' id='word_1_727' title='bbox 413 4632 511 4703; x_wconf 81' lang='grc' dir='ltr'><strong>τὴν</strong></span> <span class='ocrx_word' id='word_1_728' title='bbox 540 4633 909 4703; x_wconf 84' lang='grc' dir='ltr'>άποστατικὴν</span> <span class='ocrx_word' id='word_1_729' title='bbox 928 4633 1156 4703; x_wconf 86' lang='grc' dir='ltr'>δύναμιν</span> <span class='ocrx_word' id='word_1_730' title='bbox 1185 4633 1430 4704; x_wconf 85' lang='grc' dir='ltr'>ὑπίχνιον</span> <span class='ocrx_word' id='word_1_731' title='bbox 1452 4633 1628 4703; x_wconf 85' lang='grc' dir='ltr'>ἐαυτῷ</span> <span class='ocrx_word' id='word_1_732' title='bbox 1652 4633 1840 4697; x_wconf 90' lang='grc' dir='ltr'>ποιῶν,</span> 
     </span>
    </p>
   </div>
   <div class='ocr_carea' id='block_1_96' title="bbox 259 4723 1843 4796">
    <p class='ocr_par' dir='ltr' id='par_1_96' title="bbox 259 4723 1843 4796">
     <span class='ocr_line' id='line_1_96' title="bbox 259 4723 1843 4796; baseline 0 -20"><span class='ocrx_word' id='word_1_733' title='bbox 259 4723 362 4792; x_wconf 89' lang='grc' dir='ltr'>τήν</span> <span class='ocrx_word' id='word_1_734' title='bbox 411 4741 472 4776; x_wconf 88' lang='grc' dir='ltr'><strong>τε</strong></span> <span class='ocrx_word' id='word_1_735' title='bbox 516 4724 930 4794; x_wconf 83' lang='grc' dir='ltr'>ὑποδεεστέραν,</span> <span class='ocrx_word' id='word_1_736' title='bbox 980 4725 1075 4777; x_wconf 79' lang='grc' dir='ltr'><strong>καὶ</strong></span> <span class='ocrx_word' id='word_1_737' title='bbox 1119 4726 1218 4796; x_wconf 86' lang='grc' dir='ltr'>τὴν</span> <span class='ocrx_word' id='word_1_738' title='bbox 1261 4726 1627 4795; x_wconf 83' lang='grc' dir='ltr'>προάγουσαν.</span> <span class='ocrx_word' id='word_1_739' title='bbox 1673 4723 1843 4777; x_wconf 82' lang='grc' dir='ltr'>Τοῦτο</span> 
     </span>
    </p>
   </div>
   <div class='ocr_carea' id='block_1_97' title="bbox 262 4816 1843 4889">
    <p class='ocr_par' dir='ltr' id='par_1_97' title="bbox 262 4816 1843 4889">
     <span class='ocr_line' id='line_1_97' title="bbox 262 4816 1843 4889; baseline 0.001 -20"><span class='ocrx_word' id='word_1_740' title='bbox 262 4817 374 4886; x_wconf 80' lang='grc' dir='ltr'>γὰρ</span> <span class='ocrx_word' id='word_1_741' title='bbox 404 4816 513 4868; x_wconf 88' lang='grc' dir='ltr'><strong>τῶν</strong></span> <span class='ocrx_word' id='word_1_742' title='bbox 544 4816 744 4886; x_wconf 85' lang='grc' dir='ltr'>βουνῶν</span> <span class='ocrx_word' id='word_1_743' title='bbox 787 4819 819 4886; x_wconf 84' lang='grc' dir='ltr'>ἡ</span> <span class='ocrx_word' id='word_1_744' title='bbox 851 4817 984 4888; x_wconf 83' lang='grc' dir='ltr'>πρὸς</span> <span class='ocrx_word' id='word_1_745' title='bbox 1018 4817 1087 4869; x_wconf 81' lang='grc' dir='ltr'>τὰ</span> <span class='ocrx_word' id='word_1_746' title='bbox 1126 4817 1224 4888; x_wconf 74' lang='grc' dir='ltr'>ὅρη</span> <span class='ocrx_word' id='word_1_747' title='bbox 1257 4817 1506 4889; x_wconf 86' lang='grc' dir='ltr'>διαστολὴ</span> <span class='ocrx_word' id='word_1_748' title='bbox 1543 4816 1843 4870; x_wconf 85' lang='grc' dir='ltr'>ύπαινίττε-</span> 
     </span>
    </p>
   </div>
   <div class='ocr_carea' id='block_1_98' title="bbox 261 4907 1839 4978">
    <p class='ocr_par' dir='ltr' id='par_1_98' title="bbox 261 4907 1839 4978">
     <span class='ocr_line' id='line_1_98' title="bbox 261 4907 1839 4978; baseline 0.001 -19"><span class='ocrx_word' id='word_1_749' title='bbox 261 4924 376 4970; x_wconf 85' lang='grc' dir='ltr'>ται,</span> <span class='ocrx_word' id='word_1_750' title='bbox 411 4907 492 4959; x_wconf 81' lang='grc' dir='ltr'>ὅτι</span> <span class='ocrx_word' id='word_1_751' title='bbox 535 4907 629 4959; x_wconf 70' lang='grc' dir='ltr'><strong>καὶ</strong></span> <span class='ocrx_word' id='word_1_752' title='bbox 663 4908 724 4959; x_wconf 75' lang='grc' dir='ltr'>τὸ</span> <span class='ocrx_word' id='word_1_753' title='bbox 765 4908 948 4977; x_wconf 83' lang='grc' dir='ltr'>ἐξέχον</span> <span class='ocrx_word' id='word_1_754' title='bbox 979 4910 1036 4960; x_wconf 84' lang='grc' dir='ltr'><strong>ἐν</strong></span> <span class='ocrx_word' id='word_1_755' title='bbox 1073 4910 1182 4970; x_wconf 88' lang='grc' dir='ltr'>τοῖς</span> <span class='ocrx_word' id='word_1_756' title='bbox 1218 4909 1606 4978; x_wconf 85' lang='grc' dir='ltr'>ἀντικειμένοις</span> <span class='ocrx_word' id='word_1_757' title='bbox 1640 4907 1839 4978; x_wconf 85' lang='grc' dir='ltr'>ὁμοίως</span> 
     </span>
    </p>
   </div>
   <div class='ocr_carea' id='block_1_99' title="bbox 261 4995 1839 5068">
    <p class='ocr_par' dir='ltr' id='par_1_99' title="bbox 261 4995 1839 5068">
     <span class='ocr_line' id='line_1_99' title="bbox 261 4995 1839 5068; baseline 0 -19"><span class='ocrx_word' id='word_1_758' title='bbox 261 4995 342 5068; x_wconf 81' lang='grc' dir='ltr'>τῷ</span> <span class='ocrx_word' id='word_1_759' title='bbox 386 4996 749 5067; x_wconf 82' lang='grc' dir='ltr'>ὑποϐεϐηκότι</span> <span class='ocrx_word' id='word_1_760' title='bbox 794 4997 1136 5068; x_wconf 74' lang='grc' dir='ltr'>καθαιρεῖται</span> <span class='ocrx_word' id='word_1_761' title='bbox 1159 5037 1173 5061; x_wconf 92' lang='grc'><strong>,</strong></span> <span class='ocrx_word' id='word_1_762' title='bbox 1209 4999 1266 5050; x_wconf 84' lang='grc' dir='ltr'><strong>ἐν</strong></span> <span class='ocrx_word' id='word_1_763' title='bbox 1298 5001 1363 5068; x_wconf 81' lang='grc' dir='ltr'>τῇ</span> <span class='ocrx_word' id='word_1_764' title='bbox 1399 4998 1622 5068; x_wconf 86' lang='grc' dir='ltr'>δυνάμει</span> <span class='ocrx_word' id='word_1_765' title='bbox 1655 5014 1714 5050; x_wconf 85' lang='grc' dir='ltr'><strong>τε</strong></span> <span class='ocrx_word' id='word_1_766' title='bbox 1748 4998 1839 5050; x_wconf 84' lang='grc' dir='ltr'><strong>καὶ</strong></span> 
     </span>
    </p>
   </div>
   <div class='ocr_carea' id='block_1_100' title="bbox 262 5087 1840 5160">
    <p class='ocr_par' dir='ltr' id='par_1_100' title="bbox 262 5087 1840 5160">
     <span class='ocr_line' id='line_1_100' title="bbox 262 5087 1840 5160; baseline 0 -18"><span class='ocrx_word' id='word_1_767' title='bbox 262 5087 485 5158; x_wconf 72' lang='grc' dir='ltr'>ἐξουσίᾳ</span> <span class='ocrx_word' id='word_1_768' title='bbox 539 5088 894 5158; x_wconf 84' lang='grc' dir='ltr'>πατούμενον.</span> <span class='ocrx_word' id='word_1_769' title='bbox 956 5090 1184 5159; x_wconf 85' lang='grc' dir='ltr'>Ὁμοίως</span> <span class='ocrx_word' id='word_1_770' title='bbox 1234 5089 1341 5160; x_wconf 83' lang='grc' dir='ltr'>γὰρ</span> <span class='ocrx_word' id='word_1_771' title='bbox 1387 5093 1779 5144; x_wconf 87' lang='grc' dir='ltr'>καταπατεῖται</span> <span class='ocrx_word' id='word_1_772' title='bbox 1811 5092 1840 5142; x_wconf 90' lang='lat'><strong>6</strong></span> 
     </span>
    </p>
   </div>
   <div class='ocr_carea' id='block_1_101' title="bbox 262 5180 1838 5250">
    <p class='ocr_par' dir='ltr' id='par_1_101' title="bbox 262 5180 1838 5250">
     <span class='ocr_line' id='line_1_101' title="bbox 262 5180 1838 5250; baseline 0 -18"><span class='ocrx_word' id='word_1_773' title='bbox 262 5180 402 5234; x_wconf 85' lang='grc' dir='ltr'>λέων</span> <span class='ocrx_word' id='word_1_774' title='bbox 435 5199 494 5232; x_wconf 89' lang='grc' dir='ltr'><strong>τε</strong></span> <span class='ocrx_word' id='word_1_775' title='bbox 525 5182 616 5234; x_wconf 70' lang='grc' dir='ltr'><strong>καὶ</strong></span> <span class='ocrx_word' id='word_1_776' title='bbox 645 5184 673 5233; x_wconf 93' lang='lat'><strong>6</strong></span> <span class='ocrx_word' id='word_1_777' title='bbox 701 5180 935 5250; x_wconf 85' lang='grc' dir='ltr'>δράκων,</span> <span class='ocrx_word' id='word_1_778' title='bbox 965 5180 1032 5233; x_wconf 79' lang='grc' dir='ltr'>τὰ</span> <span class='ocrx_word' id='word_1_779' title='bbox 1064 5181 1414 5250; x_wconf 80' lang='grc' dir='ltr'>ὑπερέχοντα,</span> <span class='ocrx_word' id='word_1_780' title='bbox 1446 5183 1474 5234; x_wconf 85' lang='grc' dir='ltr'><strong>ὃ</strong></span> <span class='ocrx_word' id='word_1_781' title='bbox 1501 5199 1560 5233; x_wconf 90' lang='grc' dir='ltr'><strong>τε</strong></span> <span class='ocrx_word' id='word_1_782' title='bbox 1594 5181 1715 5250; x_wconf 76' lang='grc' dir='ltr'>ὄφις</span> <span class='ocrx_word' id='word_1_783' title='bbox 1747 5181 1838 5233; x_wconf 81' lang='grc' dir='ltr'><strong>καὶ</strong></span> 
     </span>
    </p>
   </div>
   <div class='ocr_carea' id='block_1_102' title="bbox 262 5268 1836 5344">
    <p class='ocr_par' dir='ltr' id='par_1_102' title="bbox 262 5268 1836 5344">
     <span class='ocr_line' id='line_1_102' title="bbox 262 5268 1836 5344; baseline 0.001 -19"><span class='ocrx_word' id='word_1_784' title='bbox 262 5276 292 5325; x_wconf 91' lang='lat'><strong>6</strong></span> <span class='ocrx_word' id='word_1_785' title='bbox 316 5273 594 5344; x_wconf 88' lang='grc' dir='ltr'>σκορπίος,</span> <span class='ocrx_word' id='word_1_786' title='bbox 621 5271 690 5324; x_wconf 76' lang='grc' dir='ltr'>τὰ</span> <span class='ocrx_word' id='word_1_787' title='bbox 711 5272 967 5326; x_wconf 81' lang='grc' dir='ltr'>δοκοῦντα</span> <span class='ocrx_word' id='word_1_788' title='bbox 996 5273 1412 5343; x_wconf 88' lang='grc' dir='ltr'>καταδεέστερα.</span> <span class='ocrx_word' id='word_1_789' title='bbox 1445 5268 1570 5326; x_wconf 75' lang='grc' dir='ltr'>Οἷόν</span> <span class='ocrx_word' id='word_1_790' title='bbox 1597 5290 1648 5326; x_wconf 90' lang='grc' dir='ltr'><strong>τι</strong></span> <span class='ocrx_word' id='word_1_791' title='bbox 1674 5273 1836 5342; x_wconf 87' lang='grc' dir='ltr'>λέγω·</span> 
     </span>
    </p>
   </div>
   <div class='ocr_carea' id='block_1_103' title="bbox 275 5364 1832 5436">
    <p class='ocr_par' dir='ltr' id='par_1_103' title="bbox 275 5364 1832 5436">
     <span class='ocr_line' id='line_1_103' title="bbox 275 5364 1832 5436; baseline 0 -18"><span class='ocrx_word' id='word_1_792' title='bbox 275 5365 364 5418; x_wconf 82' lang='grc' dir='ltr'>Ἐν</span> <span class='ocrx_word' id='word_1_793' title='bbox 398 5368 507 5429; x_wconf 86' lang='grc' dir='ltr'>τοῖς</span> <span class='ocrx_word' id='word_1_794' title='bbox 538 5364 917 5418; x_wconf 76' lang='grc' dir='ltr'>ἀκολουθοῦσιν</span> <span class='ocrx_word' id='word_1_795' title='bbox 946 5365 1094 5436; x_wconf 75' lang='grc' dir='ltr'>αὐτῷ</span> <span class='ocrx_word' id='word_1_796' title='bbox 1136 5365 1312 5435; x_wconf 77' lang='grc' dir='ltr'>ὄχλοις</span> <span class='ocrx_word' id='word_1_797' title='bbox 1344 5364 1466 5434; x_wconf 85' lang='grc' dir='ltr'>ὅρη,</span> <span class='ocrx_word' id='word_1_798' title='bbox 1499 5364 1768 5434; x_wconf 80' lang='grc' dir='ltr'>δαιμόνια,</span> <span class='ocrx_word' id='word_1_799' title='bbox 1800 5365 1832 5434; x_wconf 85' lang='grc' dir='ltr'>ἢ</span> 
     </span>
    </p>
   </div>
   <div class='ocr_carea' id='block_1_104' title="bbox 338 5539 1380 5611">
    <p class='ocr_par' dir='ltr' id='par_1_104' title="bbox 338 5539 1380 5611">
     <span class='ocr_line' id='line_1_104' title="bbox 338 5539 1380 5611; baseline 0.003 -17"><span class='ocrx_word' id='word_1_800' title='bbox 338 5543 382 5573; x_wconf 73' lang='grc'><strong>’⁸</strong></span> <span class='ocrx_word' id='word_1_801' title='bbox 426 5539 572 5596; x_wconf 81' lang='lat' dir='ltr'><strong>Psal.</strong></span> <span class='ocrx_word' id='word_1_802' title='bbox 630 5558 796 5605; x_wconf 80' lang='lat' dir='ltr'><strong>van,</strong></span> <span class='ocrx_word' id='word_1_803' title='bbox 840 5542 892 5598; x_wconf 86' lang='lat'><strong>9.</strong></span> <span class='ocrx_word' id='word_1_804' title='bbox 991 5545 1034 5576; x_wconf 72' lang='lat'><strong>7’</strong></span> <span class='ocrx_word' id='word_1_805' title='bbox 1062 5541 1222 5599; x_wconf 83' lang='lat' dir='ltr'><strong>llehr.</strong></span> <span class='ocrx_word' id='word_1_806' title='bbox 1261 5560 1297 5611; x_wconf 77' lang='grc' dir='ltr'><strong>ι,</strong></span> <span class='ocrx_word' id='word_1_807' title='bbox 1328 5542 1380 5597; x_wconf 80' lang='lat'><strong>‘2.</strong></span> 
     </span>
    </p>
   </div>
   <div class='ocr_carea' id='block_1_105' title="bbox 1479 5539 1919 5608">
    <p class='ocr_par' dir='ltr' id='par_1_105' title="bbox 1479 5539 1919 5608">
     <span class='ocr_line' id='line_1_105' title="bbox 1479 5539 1919 5608; baseline -0.002 -14"><span class='ocrx_word' id='word_1_808' title='bbox 1479 5544 1522 5574; x_wconf 75' lang='grc' dir='ltr'><strong>⁸ο</strong></span> <span class='ocrx_word' id='word_1_809' title='bbox 1557 5540 1699 5597; x_wconf 76' lang='lat' dir='ltr'><strong>Psal.</strong></span> <span class='ocrx_word' id='word_1_810' title='bbox 1737 5556 1855 5608; x_wconf 55' lang='lat' dir='ltr'><strong>tu,</strong></span> <span class='ocrx_word' id='word_1_811' title='bbox 1888 5539 1919 5593; x_wconf 79' lang='grc'><strong>5</strong></span> 
     </span>
    </p>
   </div>
   <div class='ocr_carea' id='block_1_106' title="bbox 1945 4353 3521 4428">
    <p class='ocr_par' dir='ltr' id='par_1_106' title="bbox 1945 4353 3521 4428">
     <span class='ocr_line' id='line_1_106' title="bbox 1945 4353 3521 4428; baseline -0.008 -9"><span class='ocrx_word' id='word_1_812' title='bbox 1945 4371 2029 4419; x_wconf 88' lang='lat' dir='ltr'><strong>est</strong></span> <span class='ocrx_word' id='word_1_813' title='bbox 2059 4365 2274 4417; x_wconf 88' lang='lat' dir='ltr'><strong>locutus</strong></span> <span class='ocrx_word' id='word_1_814' title='bbox 2309 4377 2322 4411; x_wconf 90' lang='lat'><strong>:</strong></span> <span class='ocrx_word' id='word_1_815' title='bbox 2353 4371 2405 4415; x_wconf 88' lang='lat' dir='ltr'><strong>et</strong></span> <span class='ocrx_word' id='word_1_816' title='bbox 2440 4367 2562 4428; x_wconf 88' lang='lat' dir='ltr'><strong>post</strong></span> <span class='ocrx_word' id='word_1_817' title='bbox 2594 4372 2781 4412; x_wconf 89' lang='lat' dir='ltr'><strong>vocem</strong></span> <span class='ocrx_word' id='word_1_818' title='bbox 2816 4356 2964 4409; x_wconf 91' lang='lat' dir='ltr'><strong>venit</strong></span> <span class='ocrx_word' id='word_1_819' title='bbox 2997 4353 3267 4414; x_wconf 84' lang='lat' dir='ltr'><strong>Verbum,</strong></span> <span class='ocrx_word' id='word_1_820' title='bbox 3317 4353 3521 4406; x_wconf 87' lang='lat' dir='ltr'><strong>saliens</strong></span> 
     </span>
    </p>
   </div>
   <div class='ocr_carea' id='block_1_107' title="bbox 1946 4443 3520 4525">
    <p class='ocr_par' dir='ltr' id='par_1_107' title="bbox 1946 4443 3520 4525">
     <span class='ocr_line' id='line_1_107' title="bbox 1946 4443 3520 4525; baseline -0.01 -16"><span class='ocrx_word' id='word_1_821' title='bbox 1946 4470 2112 4525; x_wconf 86' lang='lat' dir='ltr'><strong>supra</strong></span> <span class='ocrx_word' id='word_1_822' title='bbox 2147 4462 2360 4507; x_wconf 90' lang='lat' dir='ltr'><strong>montes</strong></span> <span class='ocrx_word' id='word_1_823' title='bbox 2385 4453 2665 4515; x_wconf 81' lang='lat' dir='ltr'><strong>adversos,</strong></span> <span class='ocrx_word' id='word_1_824' title='bbox 2696 4453 2750 4500; x_wconf 86' lang='lat' dir='ltr'><strong>et</strong></span> <span class='ocrx_word' id='word_1_825' title='bbox 2787 4447 2840 4498; x_wconf 94' lang='lat' dir='ltr'><strong>in</strong></span> <span class='ocrx_word' id='word_1_826' title='bbox 2878 4445 3048 4498; x_wconf 88' lang='lat' dir='ltr'><strong>colles</strong></span> <span class='ocrx_word' id='word_1_827' title='bbox 3079 4443 3418 4504; x_wconf 89' lang='lat' dir='ltr'><strong>transiliens,</strong></span> <span class='ocrx_word' id='word_1_828' title='bbox 3454 4457 3520 4495; x_wconf 77' lang='lat' dir='ltr'><strong>ex</strong></span> 
     </span>
    </p>
   </div>
   <div class='ocr_carea' id='block_1_108' title="bbox 1945 4531 3520 4611">
    <p class='ocr_par' dir='ltr' id='par_1_108' title="bbox 1945 4531 3520 4611">
     <span class='ocr_line' id='line_1_108' title="bbox 1945 4531 3520 4611; baseline -0.01 -13"><span class='ocrx_word' id='word_1_829' title='bbox 1945 4557 2102 4611; x_wconf 69' lang='lat' dir='ltr'><strong>aequo</strong></span> <span class='ocrx_word' id='word_1_830' title='bbox 2132 4555 2347 4594; x_wconf 87' lang='lat' dir='ltr'><strong>onmem</strong></span> <span class='ocrx_word' id='word_1_831' title='bbox 2394 4550 2514 4606; x_wconf 66' lang='lat' dir='ltr'><strong>quae</strong></span> <span class='ocrx_word' id='word_1_832' title='bbox 2563 4537 2632 4589; x_wconf 87' lang='lat' dir='ltr'><strong>ab</strong></span> <span class='ocrx_word' id='word_1_833' title='bbox 2675 4535 2794 4604; x_wconf 87' lang='lat' dir='ltr'><strong>ipso</strong></span> <span class='ocrx_word' id='word_1_834' title='bbox 2825 4532 3024 4588; x_wconf 80' lang='lat' dir='ltr'><strong>defecit</strong></span> <span class='ocrx_word' id='word_1_835' title='bbox 3059 4540 3384 4603; x_wconf 86' lang='lat' dir='ltr'><strong>potestatem</strong></span> <span class='ocrx_word' id='word_1_836' title='bbox 3417 4531 3520 4584; x_wconf 85' lang='lat' dir='ltr'><strong>sibi</strong></span> 
     </span>
    </p>
   </div>
   <div class='ocr_carea' id='block_1_109' title="bbox 1946 4626 3521 4701">
    <p class='ocr_par' dir='ltr' id='par_1_109' title="bbox 1946 4626 3521 4701">
     <span class='ocr_line' id='line_1_109' title="bbox 1946 4626 3521 4701; baseline -0.01 -13"><span class='ocrx_word' id='word_1_837' title='bbox 1946 4634 2182 4688; x_wconf 86' lang='lat' dir='ltr'><strong>reddens</strong></span> <span class='ocrx_word' id='word_1_838' title='bbox 2197 4631 2523 4701; x_wconf 89' lang='lat' dir='ltr'><strong>subjectam,</strong></span> <span class='ocrx_word' id='word_1_839' title='bbox 2545 4637 2653 4681; x_wconf 88' lang='lat' dir='ltr'><strong>tam</strong></span> <span class='ocrx_word' id='word_1_840' title='bbox 2674 4641 2796 4696; x_wconf 81' lang='lat' dir='ltr'><strong>quae</strong></span> <span class='ocrx_word' id='word_1_841' title='bbox 2820 4635 2903 4681; x_wconf 89' lang='lat' dir='ltr'><strong>est</strong></span> <span class='ocrx_word' id='word_1_842' title='bbox 2923 4626 3193 4695; x_wconf 88' lang='lat' dir='ltr'><strong>superior,</strong></span> <span class='ocrx_word' id='word_1_843' title='bbox 3214 4637 3376 4693; x_wconf 89' lang='lat' dir='ltr'><strong>quam</strong></span> <span class='ocrx_word' id='word_1_844' title='bbox 3400 4637 3521 4690; x_wconf 71' lang='lat' dir='ltr'><strong>qua:</strong></span> 
     </span>
    </p>
   </div>
   <div class='ocr_carea' id='block_1_110' title="bbox 1947 4710 3520 4781">
    <p class='ocr_par' dir='ltr' id='par_1_110' title="bbox 1947 4710 3520 4781">
     <span class='ocr_line' id='line_1_110' title="bbox 1947 4710 3520 4781; baseline -0.013 0"><span class='ocrx_word' id='word_1_845' title='bbox 1947 4733 2031 4781; x_wconf 87' lang='lat' dir='ltr'><strong>est</strong></span> <span class='ocrx_word' id='word_1_846' title='bbox 2061 4723 2290 4777; x_wconf 86' lang='lat' dir='ltr'><strong>inl’erior</strong></span> <span class='ocrx_word' id='word_1_847' title='bbox 2321 4730 2374 4776; x_wconf 89' lang='lat' dir='ltr'><strong>et</strong></span> <span class='ocrx_word' id='word_1_848' title='bbox 2406 4721 2604 4773; x_wconf 90' lang='lat' dir='ltr'><strong>minor.</strong></span> <span class='ocrx_word' id='word_1_849' title='bbox 2645 4715 2763 4772; x_wconf 83' lang='lat' dir='ltr'><strong>Hoc</strong></span> <span class='ocrx_word' id='word_1_850' title='bbox 2790 4716 2933 4770; x_wconf 89' lang='lat' dir='ltr'><strong>enim</strong></span> <span class='ocrx_word' id='word_1_851' title='bbox 2961 4713 3270 4769; x_wconf 89' lang='lat' dir='ltr'><strong>subindicat</strong></span> <span class='ocrx_word' id='word_1_852' title='bbox 3299 4710 3520 4763; x_wconf 89' lang='lat' dir='ltr'><strong>collium</strong></span> 
     </span>
    </p>
   </div>
   <div class='ocr_carea' id='block_1_111' title="bbox 1947 4801 3519 4877">
    <p class='ocr_par' dir='ltr' id='par_1_111' title="bbox 1947 4801 3519 4877">
     <span class='ocr_line' id='line_1_111' title="bbox 1947 4801 3519 4877; baseline -0.013 -5"><span class='ocrx_word' id='word_1_853' title='bbox 1947 4833 1977 4872; x_wconf 91' lang='lat' dir='ltr'><strong>a</strong></span> <span class='ocrx_word' id='word_1_854' title='bbox 2002 4815 2279 4871; x_wconf 88' lang='lat' dir='ltr'><strong>montibus</strong></span> <span class='ocrx_word' id='word_1_855' title='bbox 2323 4812 2649 4874; x_wconf 79' lang='lat' dir='ltr'><strong>diﬂ&#39;erentia,</strong></span> <span class='ocrx_word' id='word_1_856' title='bbox 2687 4807 2834 4877; x_wconf 92' lang='lat' dir='ltr'><strong>quod</strong></span> <span class='ocrx_word' id='word_1_857' title='bbox 2874 4806 2926 4860; x_wconf 89' lang='lat' dir='ltr'><strong>id</strong></span> <span class='ocrx_word' id='word_1_858' title='bbox 2954 4803 3096 4874; x_wconf 91' lang='lat' dir='ltr'><strong>quod</strong></span> <span class='ocrx_word' id='word_1_859' title='bbox 3130 4802 3342 4857; x_wconf 81' lang='lat' dir='ltr'><strong>excellit</strong></span> <span class='ocrx_word' id='word_1_860' title='bbox 3379 4801 3519 4855; x_wconf 91' lang='lat' dir='ltr'><strong>inter</strong></span> 
     </span>
    </p>
   </div>
   <div class='ocr_carea' id='block_1_112' title="bbox 1947 4892 3518 4974">
    <p class='ocr_par' dir='ltr' id='par_1_112' title="bbox 1947 4892 3518 4974">
     <span class='ocr_line' id='line_1_112' title="bbox 1947 4892 3518 4974; baseline -0.011 -11"><span class='ocrx_word' id='word_1_861' title='bbox 1947 4907 2311 4968; x_wconf 86' lang='lat' dir='ltr'><strong>adversarios,</strong></span> <span class='ocrx_word' id='word_1_862' title='bbox 2365 4918 2519 4974; x_wconf 61' lang='lat' dir='ltr'><strong>mque</strong></span> <span class='ocrx_word' id='word_1_863' title='bbox 2565 4901 2831 4964; x_wconf 86' lang='lat' dir='ltr'><strong>deleatur,</strong></span> <span class='ocrx_word' id='word_1_864' title='bbox 2888 4905 2943 4950; x_wconf 91' lang='lat' dir='ltr'><strong>et</strong></span> <span class='ocrx_word' id='word_1_865' title='bbox 3001 4893 3188 4949; x_wconf 87' lang='lat' dir='ltr'><strong>eadem</strong></span> <span class='ocrx_word' id='word_1_866' title='bbox 3220 4892 3424 4944; x_wconf 90' lang='lat' dir='ltr'><strong>virtute</strong></span> <span class='ocrx_word' id='word_1_867' title='bbox 3455 4905 3518 4945; x_wconf 86' lang='lat' dir='ltr'><strong>ac</strong></span> 
     </span>
    </p>
   </div>
   <div class='ocr_carea' id='block_1_113' title="bbox 1945 4981 3513 5070">
    <p class='ocr_par' dir='ltr' id='par_1_113' title="bbox 1945 4981 3513 5070">
     <span class='ocr_line' id='line_1_113' title="bbox 1945 4981 3513 5070; baseline -0.011 -16"><span class='ocrx_word' id='word_1_868' title='bbox 1945 5005 2218 5070; x_wconf 88' lang='lat' dir='ltr'><strong>potestate</strong></span> <span class='ocrx_word' id='word_1_869' title='bbox 2255 4997 2630 5058; x_wconf 84' lang='lat' dir='ltr'><strong>conculcetur,</strong></span> <span class='ocrx_word' id='word_1_870' title='bbox 2682 5000 2846 5056; x_wconf 85' lang='lat' dir='ltr'><strong>atque</strong></span> <span class='ocrx_word' id='word_1_871' title='bbox 2885 4987 2939 5042; x_wconf 92' lang='lat' dir='ltr'><strong>id</strong></span> <span class='ocrx_word' id='word_1_872' title='bbox 2970 4985 3115 5056; x_wconf 92' lang='lat' dir='ltr'><strong>quod</strong></span> <span class='ocrx_word' id='word_1_873' title='bbox 3153 4991 3236 5037; x_wconf 84' lang='lat' dir='ltr'><strong>est</strong></span> <span class='ocrx_word' id='word_1_874' title='bbox 3264 4981 3513 5037; x_wconf 82' lang='lat' dir='ltr'><strong>inferius.</strong></span> 
     </span>
    </p>
   </div>
   <div class='ocr_carea' id='block_1_114' title="bbox 1949 5073 3581 5145">
    <p class='ocr_par' dir='ltr' id='par_1_114' title="bbox 1949 5073 3581 5145">
     <span class='ocr_line' id='line_1_114' title="bbox 1949 5073 3581 5145; baseline -0.013 0"><span class='ocrx_word' id='word_1_875' title='bbox 1949 5089 2212 5145; x_wconf 88' lang='lat' dir='ltr'><strong>Similiter</strong></span> <span class='ocrx_word' id='word_1_876' title='bbox 2262 5088 2410 5140; x_wconf 91' lang='lat' dir='ltr'><strong>enim</strong></span> <span class='ocrx_word' id='word_1_877' title='bbox 2463 5084 2859 5139; x_wconf 88' lang='lat' dir='ltr'><strong>conculcantur</strong></span> <span class='ocrx_word' id='word_1_878' title='bbox 2911 5081 2998 5133; x_wconf 90' lang='lat' dir='ltr'><strong>leo</strong></span> <span class='ocrx_word' id='word_1_879' title='bbox 3061 5084 3114 5131; x_wconf 87' lang='lat' dir='ltr'><strong>et</strong></span> <span class='ocrx_word' id='word_1_880' title='bbox 3177 5075 3363 5139; x_wconf 89' lang='lat' dir='ltr'><strong>draco,</strong></span> <span class='ocrx_word' id='word_1_881' title='bbox 3421 5073 3513 5142; x_wconf 89' lang='lat' dir='ltr'><strong>qui</strong></span> <span class='ocrx_word' id='word_1_882' title='bbox 3571 5087 3581 5095; x_wconf 93' lang='grc'><strong>·</strong></span> 
     </span>
    </p>
   </div>
   <div class='ocr_carea' id='block_1_115' title="bbox 1945 5164 3513 5247">
    <p class='ocr_par' dir='ltr' id='par_1_115' title="bbox 1945 5164 3513 5247">
     <span class='ocr_line' id='line_1_115' title="bbox 1945 5164 3513 5247; baseline -0.015 -8"><span class='ocrx_word' id='word_1_883' title='bbox 1945 5183 2205 5244; x_wconf 84' lang='lat' dir='ltr'><strong>eminent,</strong></span> <span class='ocrx_word' id='word_1_884' title='bbox 2260 5187 2422 5247; x_wconf 81' lang='lat' dir='ltr'><strong>atque</strong></span> <span class='ocrx_word' id='word_1_885' title='bbox 2480 5190 2705 5244; x_wconf 87' lang='lat' dir='ltr'><strong>serpens</strong></span> <span class='ocrx_word' id='word_1_886' title='bbox 2755 5181 2809 5227; x_wconf 87' lang='lat' dir='ltr'><strong>et</strong></span> <span class='ocrx_word' id='word_1_887' title='bbox 2857 5169 3107 5238; x_wconf 89' lang='lat' dir='ltr'><strong>scorpius</strong></span> <span class='ocrx_word' id='word_1_888' title='bbox 3136 5166 3227 5236; x_wconf 92' lang='lat' dir='ltr'><strong>qui</strong></span> <span class='ocrx_word' id='word_1_889' title='bbox 3256 5164 3513 5217; x_wconf 88' lang='lat' dir='ltr'><strong>videntur</strong></span> 
     </span>
    </p>
   </div>
   <div class='ocr_carea' id='block_1_116' title="bbox 1948 5261 3512 5337">
    <p class='ocr_par' dir='ltr' id='par_1_116' title="bbox 1948 5261 3512 5337">
     <span class='ocr_line' id='line_1_116' title="bbox 1948 5261 3512 5337; baseline -0.014 -9"><span class='ocrx_word' id='word_1_890' title='bbox 1948 5273 2256 5328; x_wconf 79' lang='lat' dir='ltr'><strong>inferiores.</strong></span> <span class='ocrx_word' id='word_1_891' title='bbox 2305 5269 2548 5337; x_wconf 76' lang='lat' dir='ltr'><strong>Exempli</strong></span> <span class='ocrx_word' id='word_1_892' title='bbox 2585 5281 2752 5321; x_wconf 90' lang='lat' dir='ltr'><strong>causa</strong></span> <span class='ocrx_word' id='word_1_893' title='bbox 2788 5282 2801 5318; x_wconf 87' lang='lat'><strong>:</strong></span> <span class='ocrx_word' id='word_1_894' title='bbox 2838 5263 2894 5318; x_wconf 91' lang='lat' dir='ltr'><strong>In</strong></span> <span class='ocrx_word' id='word_1_895' title='bbox 2927 5261 3100 5317; x_wconf 81' lang='lat' dir='ltr'><strong>turbis</strong></span> <span class='ocrx_word' id='word_1_896' title='bbox 3127 5274 3248 5329; x_wconf 60' lang='lat' dir='ltr'><strong>quae</strong></span> <span class='ocrx_word' id='word_1_897' title='bbox 3271 5271 3392 5312; x_wconf 92' lang='lat' dir='ltr'><strong>eum</strong></span> <span class='ocrx_word' id='word_1_898' title='bbox 3422 5270 3512 5308; x_wconf 88' lang='lat' dir='ltr'><strong>se-</strong></span> 
     </span>
    </p>
   </div>
   <div class='ocr_carea' id='block_1_117' title="bbox 1941 5351 3513 5438">
    <p class='ocr_par' dir='ltr' id='par_1_117' title="bbox 1941 5351 3513 5438">
     <span class='ocr_line' id='line_1_117' title="bbox 1941 5351 3513 5438; baseline -0.013 -17"><span class='ocrx_word' id='word_1_899' title='bbox 1941 5366 2247 5438; x_wconf 87' lang='lat' dir='ltr'><strong>quebantur</strong></span> <span class='ocrx_word' id='word_1_900' title='bbox 2290 5368 2446 5416; x_wconf 90' lang='lat' dir='ltr'><strong>erant</strong></span> <span class='ocrx_word' id='word_1_901' title='bbox 2504 5368 2735 5422; x_wconf 89' lang='lat' dir='ltr'><strong>montes,</strong></span> <span class='ocrx_word' id='word_1_902' title='bbox 2776 5357 3069 5418; x_wconf 67' lang='lat' dir='ltr'><strong>dmmones,</strong></span> <span class='ocrx_word' id='word_1_903' title='bbox 3114 5359 3205 5406; x_wconf 90' lang='lat' dir='ltr'><strong>aut</strong></span> <span class='ocrx_word' id='word_1_904' title='bbox 3247 5351 3299 5404; x_wconf 94' lang='lat' dir='ltr'><strong>in</strong></span> <span class='ocrx_word' id='word_1_905' title='bbox 3349 5361 3513 5419; x_wconf 79' lang='lat' dir='ltr'><strong>syna-</strong></span> 
     </span>
    </p>
   </div>
   <div class='ocr_carea' id='block_1_118' title="bbox 1928 5535 2547 5602">
    <p class='ocr_par' dir='ltr' id='par_1_118' title="bbox 1928 5535 2547 5602">
     <span class='ocr_line' id='line_1_118' title="bbox 1928 5535 2547 5602; baseline -0.018 -9"><span class='ocrx_word' id='word_1_906' title='bbox 1928 5579 1939 5593; x_wconf 94' lang='lat'><em>.</em></span> <span class='ocrx_word' id='word_1_907' title='bbox 2019 5539 2058 5570; x_wconf 74' lang='grc'><strong>⁸¹</strong></span> <span class='ocrx_word' id='word_1_908' title='bbox 2085 5536 2270 5592; x_wconf 79' lang='lat' dir='ltr'><strong>Matth.</strong></span> <span class='ocrx_word' id='word_1_909' title='bbox 2304 5549 2434 5602; x_wconf 72' lang='lat' dir='ltr'><strong>xvn,</strong></span> <span class='ocrx_word' id='word_1_910' title='bbox 2470 5535 2547 5588; x_wconf 77' lang='lat'><strong>19.</strong></span> 
     </span>
    </p>
   </div>
  </div>
