3752 5984
227 133 334 189 sos
399 103 408 112 ’

1450 144 1509 203 S.
1549 145 1874 203 GREGORII
1913 143 2203 202 NYSSENI

3366 133 3479 190 864

233 251 410 319 gogis,
465 258 558 305 aut
612 251 666 306 in
718 255 938 326 regione
990 256 1414 329 Gerasenorum,
1464 263 1642 317 autin
1674 264 1756 319 alii

1950 285 1954 308 ι
1975 267 2096 327 ταῖς
2113 262 2452 330 συναγωγαῖς
2475 254 2565 330 ἦν,
2587 257 2620 328 ἢ
2650 258 2706 311 ἐν
2726 257 2792 327 τῇ
2816 252 2970 326 χώρᾳ
2989 250 3097 306 τῶν
3120 252 3476 324 Γερασηνῶν,

230 344 417 398 multis
445 343 1184 417 locis,quierigebanturetex
1194 349 1518 404 tollebantur
1533 355 1799 422 adversus

201 434 526 488 .humanam
559 444 832 492 naturam.
867 437 946 492 Ex
979 439 1045 494 iis
1074 449 1203 494 sunt
1227 449 1281 496 et
1303 443 1472 498 colles
1501 453 1555 498 et
1585 453 1799 500 moutcs

229 525 559 581 excellentes
607 534 661 582 et
715 529 1023 585 inferiores.
1073 531 1181 588 Sed
1219 533 1484 590 binnulus
1512 550 1798 590 cervorum

157 651 162 660 .
231 614 321 682 qui
363 617 638 670 consumit
687 627 989 688 serpentes,
1037 630 1090 675 et
1148 623 1238 692 qui
1281 625 1443 678 etiam
1501 625 1800 695 discipulos

231 705 442 774 perficit
477 708 530 760 in
591 717 839 764 naturam
891 727 1202 780 cervorum,
1247 729 1370 768 cum
1421 717 1556 770 dicit
1615 735 1628 771 :
1671 717 1802 771 Dedi

232 796 371 846 vobis
419 807 727 864 potestatem
781 799 1026 853 calcandi
1059 817 1215 869 super
1267 815 1528 871 serpentes
1567 814 1616 858 et
1651 823 1799 859 scor-

230 883 343 949 pios
373 882 418 913 ⁸²
446 923 461 946 ,
515 884 568 937 in
610 900 801 940 omnes
834 901 898 940 es
930 903 1087 957 aequo
1113 890 1352 956 plantam
1386 881 1650 958 imniittit,
1686 894 1801 948 haec

231 977 285 1023 et
316 969 531 1040 fugans,
566 980 619 1026 et
653 973 722 1027 ab
757 975 840 1030 his
877 975 944 1029 ad
975 978 1080 1031 alia
1116 980 1453 1043 transiliens,
1479 989 1538 1034 ut
1569 997 1664 1051 per
1687 983 1802 1037 lucc

231 1071 490 1130 appareat
533 1065 855 1134 magnitudo
887 1083 1074 1122 eorum
1104 1071 1196 1139 qui
1231 1070 1282 1124 in
1327 1072 1498 1125 altum
1535 1074 1803 1128 tolluntur

230 1166 293 1203 ex
349 1153 571 1219 virtute,
607 1171 717 1210 non
745 1157 978 1227 amplius
1011 1159 1302 1215 obscurata
1334 1178 1365 1216 a
1397 1164 1630 1219 collibus
1661 1166 1797 1220 vitii.

232 1238 498 1297 Videntur
543 1245 689 1300 enim
738 1258 950 1304 montes
1000 1249 1186 1306 Bethel
1233 1268 1299 1306 ex
1347 1255 1800 1324 interpretatione

231 1331 494 1396 nominis,
534 1337 823 1393 ostendere
868 1340 1138 1395 excelsam
1185 1349 1239 1397 et
1286 1344 1561 1399 cmlestem
1610 1347 1798 1402 vitam.

232 1420 366 1474 Nam
419 1423 640 1480 domum
687 1427 778 1483 Dei
830 1429 972 1484 hanc
1009 1432 1322 1502 significare
1371 1436 1687 1502 dictionem,
1719 1439 1804 1492 di-

230 1522 363 1568 cunt
395 1515 428 1568 ii
458 1519 549 1587 qui
587 1520 769 1574 sciunt
798 1523 1036 1592 linguam
1073 1525 1380 1582 Hebrtcam.
1425 1529 1564 1583 Dicit
1595 1533 1797 1601 itaque,

1900 355 1933 427 ἢ
1970 356 2028 408 ἐν
2063 355 2268 424 ἑτέροις
2307 351 2490 414 τόποις
2527 349 2771 412 πολλοῖς,
2802 345 2943 400 κατὰ
2981 343 3081 415 τῆς
3128 343 3481 413 ἀνθρωπίνης

1904 450 2116 519 φύσεως
2144 447 2422 520 ὑψούμενά
2465 463 2524 499 τε
2567 446 2661 498 xui
2692 441 3094 515 κορυφούμενα.
3144 440 3238 492 Ἐκ
3264 439 3478 492 τούτων

1901 537 2042 612 ἦσαν
2073 539 2248 611 βουνοὶ
2275 538 2368 592 xui.
2389 537 2489 608 ὅρη
2515 533 2871 606 ὑπερέχοντές
2895 548 2956 584 τε
2978 530 3072 584 xui.
3096 527 3474 597 ὑποκείμενον

1903 636 2014 688 ἀλλ’
2046 636 2073 686 6
2104 633 2290 705 νεϐρὸς
2318 631 2428 685 τῶν
2454 631 2687 698 ἐλάφων,
2717 629 2746 680 6
2777 624 3106 687 ἀναλωτικὸς
3132 622 3239 676 τῶν
3270 621 3475 690 ὄφεων,

1901 725 1929 776 ό
1958 723 2052 776 xui
2085 724 2210 785 τοὺς
2247 719 2490 791 μαθητὰς
2525 720 2604 780 είς
2645 716 2744 786 τὴν
2773 713 2879 768 τῶν
2905 713 3118 781 ἐλάφων
3148 710 3481 782 καταρτιζό-

1906 830 2062 884 μενος
2107 812 2288 881 φύσιν,
2326 811 2384 862 ἐν
2421 802 2502 870 οἷς
2541 806 2720 874 λέγει,
2755 804 2836 856 ὅτι
2866 801 3099 855 Δέδωκα
3129 799 3271 869 ὑμῖν
3301 799 3478 863 ἐξου-

1902 907 2047 960 σίαν
2067 903 2172 957 τοῦ
2203 901 2410 956 πατεῖν
2435 897 2633 953 ἐπάνω
2658 895 2776 949 τῶν
2802 894 2994 963 ὄφεων
3021 893 3117 946 καὶ
3145 891 3475 959 σκορπίων,

1904 1000 2068 1050 πᾶσιν
2116 997 2308 1063 ἐπίσης
2342 991 2619 1046 ἐπιϐάλλει
2662 988 2721 1042 τὸ
2761 989 2938 1057 ἴχνος,
2975 984 3148 1037 ταῦτά
3192 1001 3250 1035 τε
3293 999 3477 1052 φυγα-

1902 1087 2092 1150 δεύων,
2127 1083 2632 1154 καὶμεθαλλόμενος
2660 1080 2766 1133 ἀπὺ
2795 1077 2997 1132 τούτων
3026 1075 3160 1146 πρὸς
3187 1075 3369 1144 ἕτερα,
3399 1073 3480 1135 ὡς

1905 1178 1995 1232 διὰ
2027 1176 2228 1230 τούτων
2265 1174 2326 1226 τὸ
2363 1173 2588 1244 μέγεθος
2627 1171 2734 1224 τῶν
2771 1171 2889 1223 κατ’
2923 1167 3121 1239 ἀρετὴν
3154 1165 3480 1236 ὑψουμένων

1904 1268 2259 1338 ἀναφανῆναι,
2302 1265 2495 1336 μηκέτι
2519 1265 2635 1324 τοῖς
2663 1259 2956 1330 γεωλόφοις
2990 1258 3090 1328 τῆς
3122 1257 3318 1319 κακίας
3345 1257 3478 1306 ἐπι-

1905 1359 2281 1430 σκοτούμενον.
2309 1357 2389 1409 Τὰ
2418 1355 2526 1425 γὰρ
2554 1354 2654 1426 ὅρη
2692 1351 2895 1421 Βαιθὴλ
2944 1350 3118 1403 ἔοικεν
3145 1351 3208 1402 ἐκ
3239 1347 3334 1400 τοῦ
3365 1347 3484 1400 ὀνό-

1909 1469 2075 1524 ματος
2107 1451 2205 1520 τῆς
2238 1447 2527 1520 ἑρμηνείας
2548 1488 2561 1511 ,
2596 1445 2686 1498 τὸν
2727 1444 2927 1513 ὑψηλὸν
2963 1441 3058 1495 καὶ
3096 1440 3342 1510 οὐράνιον
3384 1440 3479 1489 ὲν-

1903 1543 2209 1598 δείκνυσθαι
2235 1542 2368 1612 βίον.
2405 1535 2564 1592 Οἴκον
2596 1537 2700 1608 γὰρ
2729 1536 2862 1589 Θεοῦ
2896 1532 3180 1604 σημαίνειν
3203 1531 3301 1599 τὴν
3330 1528 3482 1593 λέξιν

231 1605 401 1674 Super
443 1621 642 1665 montes
689 1612 890 1668 Bel/tel.
941 1616 1048 1670 Eos
1093 1617 1228 1671 vidit
1276 1630 1546 1702 purgatus
1582 1633 1636 1676 et
1676 1639 1756 1693 per

1950 1635 2104 1705 ιύτην
2143 1605 2307 1702 φασὶν
2345 1633 2394 1685 oi
2426 1631 2524 1700 τῆς
2574 1605 2836 1698 Ἑϐραίων
2865 1624 3048 1694 φωνῆς
3088 1622 3477 1691 ἐπιστήμονες.

232 1697 420 1763 spicax
452 1699 646 1753 animae
673 1702 887 1766 oculus,
923 1705 1018 1772 qui
1051 1720 1175 1758 cum
1201 1705 1404 1762 divinis
1433 1697 1546 1764 illis
1569 1712 1798 1768 saltibus

226 1786 323 1853 qui
374 1785 508 1841 fiunt
556 1789 821 1846 adversus
868 1793 1128 1849 adversos
1185 1799 1376 1861 colles,
1428 1800 1590 1854 simul
1647 1810 1789 1858 tran-

231 1877 373 1944 silit;
441 1888 495 1934 et
563 1881 630 1935 de
662 1893 906 1953 tempore
958 1893 1104 1955 quod
1155 1897 1343 1956 postea
1393 1897 1477 1945 est
1529 1891 1797 1964 futurum,

229 1977 487 2039 tanquam
531 1972 598 2026 de
636 1989 747 2042 1am
787 1984 1052 2044 praesente
1096 1978 1258 2031 verba
1311 1978 1479 2034 facit:
1513 1992 1798 2053 propterea

231 2060 374 2127 quod
411 2060 480 2115 sit
511 2071 659 2116 certa
683 2071 736 2117 et
786 2065 1091 2120 indubitata
1150 2084 1271 2138 quae
1321 2079 1574 2139 speratur
1601 2076 1798 2144 gratia,

233 2162 382 2215 spem
438 2158 694 2219 tanquam
745 2167 884 2222 opus
934 2153 1038 2215 iam
1087 2152 1287 2210 factum
1346 2157 1585 2214 intuens.
1661 2168 1665 2173 ‘

302 2345 444 2401 Dicit
502 2347 670 2411 enim,
730 2351 878 2418 quod
930 2351 1250 2420 quifnohili
1301 2353 1582 2410 celeritate
1637 2358 1800 2413 saltat

231 2437 495 2491 adversus
541 2445 792 2502 montes,
849 2446 903 2493 et
958 2455 988 2492 a
1040 2441 1274 2496 collibus
1330 2443 1384 2495 in
1425 2443 1592 2500 colles
1647 2453 1799 2500 tran-

231 2532 374 2594 silit,
411 2534 650 2599 seipsqu
693 2532 930 2584 ostendit
971 2531 1326 2596 immobilem,
1373 2543 1495 2602 post
1536 2536 1797 2604 parietem

231 2636 479 2686 manens,
524 2631 578 2677 et
615 2639 680 2677 ex
727 2624 988 2678 cancellis
1025 2623 1185 2678 verba
1229 2623 1454 2684 faciens.
1495 2627 1586 2682 Sic
1617 2642 1798 2684 autem

229 2712 395 2766 habet
437 2713 806 2770 textuszEcce
851 2715 934 2766 hic
991 2724 1100 2769 stat
1148 2724 1264 2782 post
1299 2718 1554 2785 parietem
1601 2735 1797 2783 meum,

207 2805 547 2872 prospiciens
601 2820 692 2871 per
734 2805 1010 2874 fenestras,
1060 2820 1316 2872 apparens
1367 2823 1458 2876 per
1517 2808 1796 2863 cancellos.

227 2894 406 2961 Atque
464 2893 610 2962 quod
681 2895 1040 2964 corporaliter
1087 2895 1305 2964 quidem
1353 2897 1684 2952 describitur
1733 2899 1802 2953 ab

227 2984 495 3048 oratione,
545 2994 629 3039 est
670 2985 1143 3055 ejusmodi:Cum
1191 3001 1393 3056 sponsa
1425 2989 1573 3043 intus
1619 2997 1803 3044 custo-

227 3076 409 3130 diente
465 3075 718 3140 domum,
782 3092 878 3145 per
935 3076 1203 3132 fenestras
1274 3086 1484 3132 amator
1539 3080 1798 3145 disserit,

226 3171 282 3217 ct
334 3163 542 3233 pariete
595 3165 920 3220 intermedio
983 3174 1277 3236 utrumque
1350 3177 1602 3236 arcente,
1665 3172 1802 3226 citra

227 3255 398 3310 ullum
460 3257 946 3326 impedimentum,
1002 3257 1060 3313 ﬁt
1112 3261 1380 3315 sermonis
1428 3264 1802 3317 communica-

227 3348 326 3412 tio,
359 3362 454 3416 per
498 3345 764 3404 fenestras
791 3349 1008 3418 quidem
1037 3365 1096 3404 se
1119 3351 1439 3406 demittente
1469 3353 1672 3422 capite,
1705 3370 1802 3423 per

225 3439 498 3494 cancellos
543 3447 722 3494 autem
785 3440 878 3510 qui
941 3451 1067 3495 sunt
1130 3443 1182 3496 in
1243 3441 1518 3509 fenestris,
1569 3445 1798 3502 interius

223 3531 383 3584 oculo
412 3531 764 3601 despiciente.
806 3533 1119 3604 Auagogica
1162 3543 1342 3589 autem
1389 3539 1798 3607 comtemplatio

223 3623 470 3692 sequitur
491 3639 710 3679 sensum
747 3625 898 3695 prius
921 3625 1310 3681 examinatum.
1349 3627 1448 3682 Via
1479 3630 1625 3684 enim
1660 3646 1796 3686 cou-

223 3714 519 3783 sequeutiaa
597 3714 891 3770 humanam
949 3724 1202 3773 naturam
1277 3717 1387 3774 Deo
1441 3722 1794 3791 conjunctam

221 3806 400 3860 reddit
462 3809 660 3871 oratio,
712 3809 948 3878 primum
999 3809 1220 3881 quidem
1287 3811 1461 3881 ipsam
1515 3814 1796 3870 illustrans

221 3913 317 3967 per
345 3899 638 3968 prophetas
661 3911 713 3954 et
740 3911 1007 3970 praecepta
1035 3902 1189 3972 legis.
1225 3901 1316 3956 Sic
1353 3904 1496 3957 enim
1533 3906 1795 3975 intelligi-

220 4006 364 4055 mus,
399 3990 667 4046 fcnestras
695 3993 913 4062 quidem
963 3994 1278 4063 prophetas,
1337 3994 1432 4064 qui
1461 3996 1642 4050 lumen
1701 3997 1792 4050 in-

222 4081 560 4135 troducunt:
618 4083 892 4137 cancellos
925 4091 1130 4146 autem,
1189 4084 1443 4153 legalium
1496 4093 1794 4155 prmcepto-

220 4188 342 4226 rum
389 4173 833 4227 connexionem:
900 4187 996 4242 per
1051 4189 1171 4243 quae
1219 4175 1380 4230 ambo
1437 4177 1582 4231 intro
1647 4178 1793 4231 subit

1906 1726 1996 1778 Διό
2029 1738 2215 1792 φησιν,
2266 1721 2387 1772 Ἐπὶ
2422 1720 2493 1772 τὰ
2526 1717 2631 1784 ὄρη
2658 1712 2906 1777 Βαιθήιὶ.
2947 1705 3069 1762 Εἶδε
3104 1708 3279 1784 ταῦτα
3319 1707 3348 1758 6
3387 1723 3484 1758 κε-

1906 1814 2248 1884 καθαρμένος
2286 1811 2381 1864 xui.
2416 1807 2716 1879 διορατικδς
2754 1807 2853 1874 τῆς
2885 1801 3064 1871 ψυχῆς
3107 1797 3382 1868 ὀφθαλμὸς
3406 1837 3421 1861 ,

1904 1910 2015 1970 τοῖς
2039 1906 2199 1968 θείοις
2229 1902 2455 1963 ἐκείνοις
2489 1899 2692 1968 ἆλμασι
2712 1898 2822 1958 τοῖς
2860 1891 3002 1946 κατὰ
3029 1891 3138 1943 τῶν
3167 1889 3486 1958 ἀντικειμέ-

1905 2017 2010 2053 νων
2031 1996 2318 2066 γεωλόφων
2341 1990 2644 2061 γινομένοις
2675 1981 3202 2056 συμμεθαλλόμενος
3227 1981 3320 2034 xui.
3346 1979 3485 2050 περὶ

1903 2091 1995 2146 τοῦ
2029 2089 2219 2160 χρόνου
2263 2084 2487 2154 ὕστερον
2525 2077 2918 2149 γενησομένου,
2957 2074 3032 2137 ὡς
3068 2072 3166 2144 ἢδη
3210 2071 3486 2142 παρόντος

1905 2183 2135 2234 ποιεῖται
2157 2178 2244 2230 τὸν
2266 2175 2420 2242 λόγον
2440 2190 2452 2202 ο
2485 2172 2575 2225 διὰ
2608 2170 2667 2222 τὸ
2695 2167 2882 2220 πιστόν
2912 2183 2970 2218 τε
2991 2165 3084 2217 καὶ
3109 2161 3485 2232 ἅναμφίὸολον

1901 2272 2000 2343 τῆς
2019 2267 2375 2338 ἐλπιζομένης
2397 2264 2635 2334 χάριτος,
2655 2261 2728 2323 ὼς
2746 2259 2903 2329 ἔργον
2918 2256 3014 2326 τὴν
3036 2255 3222 2307 ἐλπίδα
3240 2251 3478 2321 βλέπων.

1970 2357 2108 2426 Φησὶ
2135 2354 2265 2425 γὰρ,
2295 2354 2376 2405 ὅτι
2407 2354 2435 2404 6
2467 2348 2610 2403 κατὰ
2637 2348 2744 2402 τῶν
2777 2347 2947 2416 ὀρέων
2989 2343 3173 2414 πηδῶν
3205 2343 3484 2412 εὐκινήτῳ

1904 2449 1981 2520 τῷ
2011 2449 2185 2518 τάχει,
2237 2444 2330 2498 καὶ
2367 2444 2446 2506 εἱς
2494 2441 2713 2510 βουνοὺς
2756 2437 2864 2490 ἀπὸ
2907 2436 3109 2507 βουνῶν
3144 2435 3484 2506 μεθαλλόμε-

1905 2557 2013 2602 νος,
2050 2538 2309 2607 στάσιμον
2349 2534 2615 2587 δείκνυσιν
2654 2529 2842 2582 ἑαυτὸν
2890 2529 3118 2581 κατόπιν
3154 2526 3248 2579 τοῦ
3292 2527 3482 2595 τοίχου

1906 2632 2210 2702 γενόμενος,
2237 2627 2328 2682 xui.
2355 2628 2419 2679 ἐκ
2447 2623 2556 2678 τῶν
2583 2621 2814 2676 δικτύων
2841 2621 2947 2674 τῶν
2977 2620 3204 2691 θυρίδων
3230 2619 3479 2688 διαλεγό-

1911 2740 2084 2794 μενος.
2116 2723 2266 2790 Ἔχει
2287 2718 2343 2772 δὲ
2371 2717 2542 2780 οὕτως
2575 2714 2799 2784 ήλέξιςσ
2841 2713 2994 2767 Ἰδοὺ
3019 2707 3197 2777 οὗτος
3220 2711 3484 2778 ἕστηκεν

1909 2816 2097 2867 ὀπίσω
2124 2812 2229 2866 τοῦ
2256 2812 2459 2878 τοίχου
2479 2806 2666 2878 ἡμῶν,
2692 2807 2998 2874 παρακύπτ
3009 2821 3091 2857 ων
3111 2803 3207 2857 διὰ
3231 2803 3351 2855 τῶν
3380 2805 3486 2856 θυ-

1899 2905 2119 2974 ρίδων,
2158 2903 2469 2956 ἐκκύπτων
2512 2899 2608 2952 διὰ
2648 2896 2765 2951 τῶν
2807 2897 3080 2950 δικτύων.
3127 2896 3199 2947 Τὸ
3244 2895 3340 2966 μέν
3385 2891 3483 2947 οὖν

1906 2993 2230 3066 σωματικῶς
2293 2995 2350 3046 ἐν
2408 2991 2487 3062 τῷ
2547 2990 2691 3060 λόγῳ
2749 2987 3227 3059 ὑπογραφόμενον,
3297 2984 3482 3038 τοιοῦ-

1902 3088 1992 3140 τόν
2046 3087 2191 3138 ἐστιν
2216 3101 2228 3113 ·
2276 3084 2359 3136 ὅτι
2400 3081 2545 3134 ἔνδον
2582 3078 2938 3150 οἱκουροῦσαν
2980 3077 3077 3146 τὴν
3113 3076 3331 3146 νύμφην
3391 3075 3483 3128 διὰ

1902 3176 2011 3231 τῶν
2053 3175 2280 3246 θυρίδων
2321 3175 2349 3226 6
2389 3171 2621 3242 ἐραστὴς
2656 3169 2994 3238 διαλέγεται,
3041 3168 3136 3220 xui
3172 3166 3265 3220 τοῦ
3296 3166 3480 3234 τοίχου

1903 3266 2046 3322 κατὰ
2089 3266 2150 3319 τὸ
2195 3265 2358 3336 μέσον
2407 3263 2748 3334 ἀμφοτέρους
2789 3261 3148 3331 διείργοντος,
3187 3257 3483 3328 ἀνεμπόδιο

1905 3377 2027 3423 στος
2077 3359 2286 3427 γίνεται
2342 3354 2437 3408 τοῦ
2481 3355 2709 3424 λόγουὴ
2758 3352 3041 3416 κοινωνία,
3094 3349 3182 3404 διὰ
3235 3351 3331 3420 μὲν
3385 3347 3482 3401 θυ-

1904 3453 2062 3524 ρίδων
2119 3450 2217 3520 τῆς
2269 3447 2508 3517 κεφαλῆς
2563 3443 3055 3517 παρακοπτούσης,
3112 3442 3199 3496 διὰ
3255 3441 3311 3494 δὲ
3369 3441 3482 3493 τῶν

1899 3541 2129 3595 δικτύων
2188 3541 2296 3592 τῶν
2327 3539 2384 3590 ἐν
2441 3539 2562 3599 ταῖς
2624 3534 2803 3604 θυρίσι
2858 3534 2993 3605 πρὸς
3049 3533 3119 3585 τὰ
3169 3532 3317 3595 ἐντὸς
3381 3530 3480 3584 τοῦ

1899 3630 2176 3702 ὀφθαλμοῦ
2204 3628 2612 3690 διακύπτοντος.
2657 3629 2721 3680 Ἠ
2749 3627 2806 3679 δέ
2836 3625 2980 3680 κατὰ
3009 3623 3301 3694 ἀναγωγὴν
3336 3622 3478 3675 θεω-

1902 3725 1992 3794 ρία
2052 3723 2150 3794 τῆς
2185 3718 2664 3792 προεξητασμένης
2687 3717 2865 3788 ἔχεται
2891 3715 3147 3777 διανοίας.
3200 3713 3336 3784 Ὀδῷ
3365 3713 3478 3784 γὰρ

1897 3817 1991 3869 xui.
2027 3812 2315 3882 ἀκολουθίᾳ
2356 3811 2688 3881 προσοικειοί
2730 3807 2808 3878 τῷ
2847 3805 2963 3876 Θεῷ
3001 3806 3099 3875 τὴν
3129 3803 3479 3876 ἀνθρωπίνην

1899 3905 2060 3975 φύσιν
2089 3906 2117 3956 6
2143 3903 2324 3970 λόγος,
2357 3901 2572 3972 πρῶτον
2604 3900 2701 3970 μὲν
2733 3899 2902 3969 αὐτὴν
2931 3896 3018 3950 διὰ
3045 3895 3155 3949 τῶν
3181 3897 3477 3968 προφητῶν

1903 3993 2262 4062 καταυγάζων
2294 3993 2387 4045 xui.
2426 3991 2534 4044 τῶν
2566 3988 2803 4061 νομικῶν
2832 3987 3326 4059 παραγγελμάτων.
3364 3985 3475 4040 Οὖ-

1894 4105 2004 4150 τως
2047 4085 2155 4157 γὰρ
2203 4082 2451 4154 νοοῦμεν,
2493 4083 2711 4153 θυρίδας
2756 4081 2851 4150 μὲν
2878 4081 3004 4143 τοὺς
3032 4079 3315 4149 προφήτας
3339 4079 3475 4140 ’τοὺς

1895 4179 1957 4231 1:6
1987 4176 2102 4247 φῶς
2130 4176 2447 4244 εἰσάγοντας
2472 4192 2484 4205 ο
2513 4175 2704 4227 δίκτυα
2743 4171 2799 4224 δὲ
2825 4171 2918 4242 τὴν
2948 4169 3058 4222 τῶν
3087 4169 3330 4239 νομίμων
3375 4184 3478 4221 πα-

221 4264 480 4334 εριοηόοι·
499 4265 611 4319 veri
637 4265 881 4320 luminis.
909 4263 1042 4320 Post
1080 4265 1196 4319 haec
1225 4275 1403 4320 autem
1431 4275 1514 4322 est
1551 4267 1753 4338 perfect

1950 4271 2294 4342 ιγγελμάτων
2322 4269 2526 4339 πλοκήν
2549 4285 2564 4300 ο
2595 4267 2662 4320 δι’
2691 4259 2765 4319 ὧν
2794 4264 3117 4335 ἀμφοτέρων
3150 4265 3182 4333 ἡ
3208 4261 3349 4332 αὐγὴ
3378 4261 3472 4314 τοῦ

219 4357 360 4412 lucis
395 4356 744 4422 illuminatio,
789 4357 1009 4426 quando
1040 4356 1291 4425 apparuit
1323 4373 1450 4412 vera
1483 4358 1573 4412 lux
1609 4359 1677 4416 iis
1702 4363 1796 4430 qui

219 4449 410 4505 sedent
455 4448 508 4500 in
545 4449 783 4504 tenebris
818 4457 872 4503 et
923 4449 976 4502 in
1026 4448 1220 4502 umbra
1268 4448 1484 4514 mortis,
1541 4465 1637 4520 per
1665 4466 1799 4506 con-

220 4540 672 4610 temperationem
747 4554 871 4593 cum
933 4547 1125 4594 nostra
1178 4547 1396 4594 natura.
1458 4540 1620 4599 Prius
1666 4559 1795 4615 ergo

219 4633 539 4705 splendores
568 4632 1006 4702 propheticarum
1063 4633 1550 4704 intelligentiarum
1603 4637 1796 4691 anima:

221 4727 622 4793 illucescentes,
667 4741 761 4795 per
791 4740 822 4778 a
862 4727 1018 4782 nobis
1068 4734 1250 4782 mente
1301 4726 1602 4784 intellectas
1650 4727 1797 4807 fene-

218 4827 364 4877 stras
421 4826 476 4873 et
514 4819 811 4884 cancellos,
863 4817 1161 4873 immittunt
1214 4817 1545 4873 desiderium
1577 4817 1794 4874 videndi

217 4909 387 4966 solem
409 4909 511 4964 sub
543 4908 654 4962 dio.
695 4908 898 4964 Deinde
928 4907 1007 4962 sic
1034 4905 1088 4959 id
1120 4905 1267 4976 quod
1298 4905 1640 4976 desideratur
1669 4921 1794 4977 pro-

216 5002 358 5057 cedit
391 5001 456 5056 ad
481 5001 753 5056 effectum.

282 5182 582 5238 Audiamus
599 5175 778 5237 autem
800 5195 1046 5252 quaenam
1065 5179 1196 5234 dicit
1213 5179 1466 5236 Ecclesiae,
1482 5180 1527 5235 is
1545 5181 1635 5251 qui
1658 5197 1789 5236 non-

211 5274 340 5329 dum
356 5284 438 5329 est
454 5275 590 5330 intra
606 5273 986 5345 parietcm,sed
998 5280 1104 5328 stat
1121 5288 1211 5342 per
1228 5273 1489 5329 fenestras
1506 5275 1651 5327 illam
1667 5275 1793 5328 allo-

212 5380 404 5436 quens.
425 5362 717 5432 Respondet
732 5382 890 5431 enim,
919 5363 1382 5433 inquit,patruelis
1412 5381 1574 5431 meus,
1598 5365 1789 5420 etdicit

286 5566 331 5595 ⁸¹
354 5563 488 5617 Luc.
517 5577 581 5630 'x,
613 5563 694 5617 19.
1745 5586 1772 5599 ρ

1896 4363 2156 4433 ἀληθινοῦ
2189 4360 2365 4431 φωτὸς
2406 4360 2500 4412 ἐπὶ
2532 4359 2600 4412 τὰ
2653 4357 2801 4420 ἐντὸς
2857 4356 3260 4427 παρεισδύεται.
3316 4355 3474 4408 Μετὰ

1894 4454 2070 4508 ταῦτα
2123 4453 2180 4506 δὲ
2230 4454 2263 4524 ἡ
2321 4451 2501 4504 τελεία
2541 4449 2634 4502 τοῦ
2675 4448 2852 4517 φωτὸς
2906 4447 3170 4518 ἔλλαμψις
3231 4447 3470 4514 γίνεται,

1893 4550 2021 4602 ὅταν
2056 4547 2290 4616 ἐπιφανῇ
2320 4543 2381 4595 τὸ
2419 4543 2533 4612 φῶς
2558 4541 2618 4594 τὸ
2645 4541 2894 4612 ἀληθινὸν
2925 4544 3035 4602 τοῖς
3064 4541 3122 4592 ἐν
3165 4540 3344 4592 σκότει
3378 4540 3474 4592 καὶ

1898 4641 2024 4710 σκιᾷ
2051 4637 2400 4707 καθημένοις,
2424 4634 2510 4688 διὰ
2538 4634 2639 4704 τῆς
2672 4633 2807 4704 πρὸς
2832 4633 2930 4704 τὴν
2959 4633 3120 4702 φύσιν
3157 4633 3314 4703 ἡμῶν
3349 4650 3474 4685 συν-

1898 4730 2267 4801 ανακράσεως.
2319 4725 2589 4797 Πρότερον
2631 4719 2738 4792 οὖν,
2769 4725 2825 4776 αἱ
2866 4723 3028 4791 αὐγαὶ
3057 4722 3167 4775 τῶν
3203 4739 3473 4794 προφητι-

1897 4824 2006 4878 κῶν
2037 4841 2097 4875 τε
2126 4822 2218 4876 καὶ
2249 4817 2487 4888 νομικῶν
2518 4816 2800 4887 νοημάτων
2828 4816 3200 4886 ἐλλάμπουσαι
3230 4819 3293 4886 τῇ
3321 4815 3469 4886 ψυχῇ

1894 4914 1983 4969 διὰ
2028 4913 2134 4965 τῶν
2184 4909 2475 4980 νοηθεισῶν
2525 4909 2653 4978 ἡμῖν
2690 4907 2918 4975 θυρίδων
2967 4923 3025 4959 τε
3075 4906 3169 4959 xui.
3214 4906 3468 4970 δικτύων,

1897 5005 2189 5074 ἐπιθυμίαν
2213 4998 2501 5071 ἐμποιοῦσι
2531 4998 2622 5050 τοῦ
2655 4998 2781 5050 ἰδεῖν
2805 4999 2861 5048 ἐν
2893 4996 3141 5068 ὑπαίθρῳ
3171 4996 3260 5050 τὸν
3293 4998 3468 5068 ἥλιον.

1897 5093 2006 5150 Εἶθ’
2035 5095 2204 5157 οὕτως
2226 5093 2286 5146 τὸ
2316 5090 2644 5160 ποθούμενον
2683 5091 2760 5152 εἰς
2791 5087 2964 5159 ἔργον⁴¹
2981 5089 3326 5159 προέρχεται.

1984 5186 2322 5255 ’Λκούσωμεν
2357 5184 2414 5237 δὲ
2441 5179 2530 5235 οἶα
2578 5182 2714 5252 πρὸς
2745 5181 2843 5251 τὴν
2902 5181 3222 5250 Ἐκκλησίαν
3254 5181 3404 5234 λαλεῖ
3445 5185 3474 5235 6

1903 5281 2067 5351 μήπω
2098 5278 2245 5340 ἐντὸς
2275 5275 2366 5328 τοῦ
2389 5273 2566 5343 τοίχου
2592 5271 2879 5342 γενόμενος
2901 5313 2913 5335 ,
2945 5272 3058 5324 ἀλλ’
3090 5272 3217 5341 ἔστη
3249 5271 3340 5325 διὰ
3361 5271 3475 5324 τῶν

1899 5369 2244 5442 φωταγωγῶν
2293 5369 2430 5438 αὐτῇ
2484 5363 3013 5437 προσφθεγγόμενος.
3075 5363 3475 5446 ᾎποκρίνεται
