3752 5984
297 317 400 376 865

1349 327 1415 384 IN
1452 324 1751 384 CANTICA
1789 324 2056 382 CANTIC.
2111 327 2392 387 llOlllLlA
2439 334 2503 388 V.

3448 337 3550 393 866

294 449 425 516 γὰρ,
452 447 639 518 φησὶν,
673 451 705 502 ό
731 447 1052 519 ἀδελφιδός
1067 467 1215 520 μου,
1241 467 1338 506 και
1365 453 1525 520 λέγει
1541 451 1645 518 μοί
1659 465 1671 477 ⁸
1710 451 1776 502 Ἀλ

2068 449 2106 502 ’ti
2139 466 2156 503 .·
2184 450 2372 523 Surge,
2400 454 2532 516 reui,
2563 455 2856 523 propinqua
2881 471 3014 518 mea,
3039 455 3261 523 pulchra
3297 470 3430 520 mea,
3461 471 3550 507 co-

294 554 434 601 στα,
459 539 620 602 ἐλθὲ,
661 541 700 608 ἠ
735 541 1004 608 πλησίον
1027 559 1168 611 μου,
1193 542 1350 609 καλή
1385 561 1522 611 μου,
1551 538 1875 609 ⁴περιστερά

287 647 430 699 μου.
466 631 595 684 Ὀτι
630 631 759 684 ἰδοὺ
789 635 823 686 d
839 632 1058 700 χειμὼν
1077 631 1405 700 παρῆλθεν,
1431 635 1464 686 d
1484 631 1656 698 ὑετὸς
1675 629 1873 698 ἀπῆλ-

292 726 418 784 θεν,
440 723 734 790 ἐπορεύθη
757 722 948 788 ἑαυτῷ
969 761 983 775 .
1009 724 1085 777 Τὰ
1120 723 1271 790 ἄνθη
1299 718 1465 792 ὤφθη
1505 723 1574 775 ἐν
1610 720 1683 789 τῇ
1708 719 1806 789 τῇ,
1840 722 1874 774 ό

290 815 499 884 καιρὸς
548 814 660 884 τῆς
701 813 888 883 τομῆς
916 814 1157 882 ἔφθακε.
1208 815 1379 883 Φωνὴ
1423 815 1535 882 τῆς
1587 814 1872 882 τρυγόνος

287 905 564 972 ἠκούσθη
595 905 666 958 ὲν
701 903 776 972 τῇ
810 903 888 974 γῇ
912 903 1099 972 ήμῶν.
1139 905 1198 958 'H
1223 903 1383 972 συκῆ
1414 902 1698 972 ἐξήνεγκε
1727 901 1871 967 τοὺς

289 997 590 1062 ὀλύνθους
621 994 829 1063 αὐτῆς.
864 999 934 1048 Al
976 996 1232 1063 ἄμπελοι
1265 995 1433 1064 ἡμῶν
1461 991 1866 1061 κυπρίζουσιν,

289 1087 524 1141 ἔδωκαν
555 1087 776 1156 ὀσμήν.
825 1086 914 1148 Ὠς
947 1084 1238 1157 γλαφυρῶς
1274 1087 1406 1156 ἡμῖν
1435 1083 1740 1152 ὑπογράφει
1771 1081 1867 1152 τὴν

287 1179 385 1233 τοῦ
416 1179 577 1251 ἔαρος
606 1178 765 1248 χάριν
794 1179 822 1231 6
854 1176 1096 1246 πλάστης
1117 1176 1210 1229 τοῦ
1243 1176 1425 1246 ἔαρος,
1458 1175 1589 1245 πρὸς
1612 1175 1669 1226 ὃν
1701 1189 1865 1242 φησιν

285 1273 318 1324 6
343 1269 528 1333 Δαϐὶδ,
550 1272 634 1323 ὅτι
671 1269 850 1338 Θέρος
875 1269 973 1322 καί
1001 1270 1129 1337 ἔαρ,
1152 1268 1234 1321 σὺ
1255 1267 1528 1332 ἔπλασας
1556 1265 1726 1319 αὐτάο
1751 1265 1865 1316 λύει
1895 1332 1901 1338 .

284 1361 387 1434 τὴν
417 1360 510 1413 τοῦ
549 1361 818 1431 χειμῶνος
864 1360 1197 1429 κατήφειαν,
1230 1356 1660 1428 παρεληλυθέναι
1693 1354 1864 1422 λέγων

284 1455 389 1526 τὴν
425 1453 740 1524 χειμερινὴν
783 1450 1248 1522 σκυθρωπότητα,
1277 1451 1372 1502 καὶ
1420 1449 1520 1519 τὴν
1549 1449 1658 1500 τῶν
1695 1445 1864 1500 ὑετῶν

285 1548 501 1620 ἀηδίαν.
530 1545 817 1617 Λειμῶνας
844 1544 1082 1597 δείκνυσι
1125 1542 1386 1614 βρύοντας
1431 1542 1526 1594 καὶ
1561 1539 1864 1610 ὡραϊζομέ-

285 1658 414 1705 νους
452 1643 563 1702 τοῖς
601 1636 805 1692 ἄνθεσι.
839 1636 920 1688 Τά
968 1635 1024 1687 δὲ
1054 1633 1187 1704 ἄνθη
1223 1637 1280 1686 ἐν
1319 1633 1469 1703 ἀκμῇ
1514 1627 1649 1684 εἶναι
1694 1630 1861 1698 λέγει,

285 1735 383 1789 καὶ
415 1733 551 1804 πρὸς
582 1730 755 1801 τομὴν
806 1726 1123 1800 ἐπιτηδείως
1169 1726 1332 1796 ἔχειν,
1367 1726 1444 1788 ὡς
1490 1727 1547 1787 ἐς
1599 1723 1861 1792 στεφάνου

1975 541 2153 594 lumbo
2175 559 2308 598 mea.
2344 545 2605 610 Quoniam
2666 563 2781 600 ecce
2835 546 2996 599 hiems
3053 547 3330 614 praeteriit,
3383 546 3550 599 imber

1971 631 2123 691 abiit,
2155 642 2205 686 et
2227 650 2280 687 se
2310 637 2520 704 recepit.
2561 633 2750 688 Floras
2777 637 2873 689 visi
2901 644 3022 688 sunt
3059 637 3112 688 in
3141 646 3301 698 terra,
3341 645 3545 704 tempus

1970 724 2258 790 putationis
2306 725 2536 782 advenit.
2594 726 2706 780 Vox
2741 729 2962 782 turturis
3000 727 3186 780 audita
3219 735 3295 780 est
3324 727 3377 779 in
3404 737 3545 779 terra

1970 822 2172 868 nostra.
2199 813 2362 869 Ficus
2390 819 2610 886 protulit
2629 835 2838 888 grossos
2861 835 3005 872 suos.
3040 817 3180 871 Vites
3199 819 3414 884 ﬂorent,
3454 818 3541 871 de-

1969 905 2157 959 derunt
2200 907 2432 964 odorem.
2476 909 2521 964 O
2563 926 2724 979 quam
2765 912 3038 981 eleganter
3076 911 3235 965 nobis
3282 910 3546 965 describit

1971 998 2113 1050 veris
2141 1001 2511 1054 amoenitatem
2554 1001 2781 1057 Creator
2812 1002 2978 1065 veris,
3019 1001 3108 1054 cui
3149 1001 3286 1054 dicit
3325 999 3535 1054 David:

1968 1085 2231 1142 diritatem
2253 1099 2301 1143 et
2327 1107 2430 1157 ver,
2456 1101 2510 1143 tu
2539 1092 2739 1159 ﬁnxisti
2767 1108 2830 1146 ea
2849 1092 2915 1146 ⁸⁸.
2940 1093 3108 1146 Solvit
3139 1092 3337 1146 hiemis
3369 1091 3540 1146 tristi-

1966 1179 2121 1244 tiam,
2149 1181 2338 1236 dicens
2375 1183 2660 1238 transiisse
2691 1183 2969 1238 hibernam
2992 1184 3328 1247 maestitiam,
3355 1191 3407 1238 et
3436 1183 3540 1237 im-

1967 1269 2144 1324 brium
2173 1272 2499 1328 molestiam.
2531 1272 2778 1332 Ostendit
2811 1281 2962 1344 prata
2995 1275 3260 1328 scatentia
3293 1282 3347 1327 et
3377 1274 3542 1327 deco-

1964 1370 2083 1415 rata
2109 1361 2353 1419 ﬂoribus.
2376 1363 2563 1420 Flores
2593 1373 2774 1420 autem
2802 1365 2933 1420 dicit
2969 1381 3091 1420 esse
3127 1366 3180 1418 in
3210 1381 3310 1420 suo
3336 1367 3540 1436 vigore,

1964 1453 2150 1522 etiam
2180 1470 2304 1509 esse
2344 1456 2696 1525 tempestivos
2728 1457 2792 1510 ad
2826 1457 3126 1525 putandum
3161 1475 3174 1512 :
3212 1457 3441 1526 perinde
3477 1472 3542 1511 ac
3597 1489 3600 1492 η
3641 1520 3649 1527 ,

1964 1547 2011 1600 si
2074 1540 2292 1615 plexum
2345 1563 2561 1602 coronae
2617 1556 2710 1602 aut
2767 1549 3029 1618 unguenti
3086 1547 3539 1616 com‘positionem

1963 1637 2185 1692 omnino
2217 1638 2408 1692 tollant
2441 1638 2477 1692 ii
2512 1639 2602 1708 qui
2643 1640 2823 1710 legunt
2854 1638 3038 1695 ﬂores.
3076 1638 3315 1709 Tempus
3359 1647 3540 1694 autem

1963 1726 2138 1784 lanius
2167 1729 2344 1784 reddit
2382 1731 2579 1794 oratio,
2614 1731 2795 1784 avium
2826 1746 3044 1801 quoque
3068 1731 3322 1785 cantibus
3359 1730 3414 1784 in
3447 1729 3542 1784 sil-

284 1803 518 1897 πλοκὴν,
554 1825 586 1894 ἦ
625 1824 812 1894 μύρων
863 1821 1205 1892 κατασκευὴν
1252 1818 1591 1890 ἀναιρεῖσθαι
1649 1817 1766 1870 πάν·

2081 1821 2490 1885 resonantibus,
2551 1824 2704 1877 suavi
2731 1839 2865 1878 voce
2909 1831 3184 1876 turturum
3215 1835 3444 1878 sonante
3483 1825 3537 1879 in

282 1921 412 1982 τοὺς
449 1917 805 1986 ἀνθολόγους’
841 1915 1021 1985 ἡδύνει
1057 1913 1114 1966 δὲ
1147 1912 1238 1965 τὸν
1275 1911 1466 1980 καιρὸν
1494 1912 1522 1963 ὁ
1549 1910 1727 1977 λόγος,
1768 1907 1862 1960 καὶ

282 2013 408 2075 ταῖς
445 2009 552 2063 τῶν
581 2007 808 2080 ὀρνίθων
837 2006 1003 2075 ᾠδαῖς
1043 2005 1184 2059 κατὰ
1231 2003 1300 2056 τὰ
1326 2002 1462 2071 ἄλση
1496 1998 1862 2070 περιηχούμε-

283 2121 396 2167 νον,
444 2101 544 2171 τῆς
594 2099 775 2171 ἡδείας
822 2097 931 2150 τῶν
973 2096 1250 2168 τρυγόνων
1298 2092 1482 2162 φωνῆς
1513 2092 1633 2154 ταῖς
1674 2090 1863 2150 ἀκοαῖς

283 2193 688 2265 προσηκούσης.
721 2190 896 2259 Συκῆν
937 2189 992 2241 δὲ
1039 2187 1189 2255 λέγει
1219 2186 1312 2239 καὶ
1340 2182 1601 2253 ἄμπελον,
1633 2180 1731 2252 τὴν
1767 2180 1861 2233 ἀπ’

280 2283 464 2338 αὐτῶν
495 2279 864 2350 γενησομένην
891 2276 1121 2347 τρυφὴν,
1160 2276 1272 2335 τοῖς
1300 2272 1643 2341 φαινομένοις
1677 2286 1863 2340 προοι-

285 2373 609 2446 μιάζεσθαι·
668 2371 766 2440 τὴν
822 2371 920 2440 μὲν
971 2369 1096 2430 τοὺς
1170 2363 1423 2426 ὀλύνθους
1489 2361 1857 2432 ἐκφέρουσαν,

279 2467 384 2537 τὴν
421 2463 478 2518 δὲ
503 2461 582 2533 τῷ
627 2461 778 2516 ἄνθει
821 2458 1200 2529 κυπρίζουσαν
1224 2497 1239 2522 ,
1270 2455 1346 2520 ὡς
1387 2454 1737 2522 κατατρυφᾷν
1761 2451 1860 2522 τῆς

280 2555 514 2618 εὐωδίας
552 2553 650 2624 τὴν
696 2553 982 2622 ὄσφρησιν.
1018 2548 1175 2603 Οὕτω
1216 2549 1313 2619 μὲν
1345 2542 1437 2601 οὖν
1472 2545 1763 2616 ἁϐρύνεται
1791 2547 1857 2613 τῇ

282 2648 578 2717 ὑπογραφῇ
606 2645 704 2715 τῆς
734 2643 959 2714 ἐαρινῆς
995 2641 1139 2712 ὧρας
1168 2643 1196 2693 ὀ
1222 2641 1378 2708 λόγος
1401 2678 1415 2703 ,
1441 2637 1501 2691 τό
1519 2655 1578 2690 τε
1613 2635 1859 2706 σκυθρω-

282 2738 385 2791 πὸν
419 2734 758 2796 ἀποϐάλλων,
800 2733 892 2785 καὶ
932 2733 1046 2794 τοῖς
1091 2728 1444 2799 γλυκυτέροις
1471 2723 1860 2796 ἐμφιλοχωρῶν

279 2829 602 2898 διηγήμασι.
637 2824 757 2895 Χρὴ
795 2823 882 2886 δὲ,
915 2816 1102 2892 οἶμαι,
1139 2820 1214 2891 μὴ
1240 2820 1572 2889 παραμεῖναι
1614 2817 1712 2885 τὴν
1745 2816 1861 2869 διά-

277 2937 432 2972 νοιαν
467 2921 534 2990 τῇ
573 2918 684 2971 τῶν
722 2913 1016 2984 γλαφυρῶν
1049 2912 1252 2966 τούτων
1279 2911 1596 2980 ὑπογραφῇ,
1627 2908 1761 2961 ἀλλά
1793 2907 1860 2960 δι’

276 3011 460 3066 αὐτῶν
490 3009 820 3081 ὁδηγηθῐψαι
843 3007 979 3077 πρὸς
1011 3003 1080 3057 τὰ
1101 3002 1400 3073 δηλούμενα
1426 3001 1512 3055 διά
1536 3000 1642 3053 τῶν
1666 2999 1859 3068 λογίων

276 3104 483 3158 τούτων
516 3101 811 3173 μυστήρια,
836 3097 978 3150 ὥστε
1000 3093 1444 3163 ἀνακαλυφθῆναι
1470 3092 1560 3145 τὸν
1579 3090 1857 3195 ,θησαυρέν
1883 3137 1926 3195 C

274 3196 390 3250 τῶν
412 3193 724 3264 νοημάτων,
776 3189 866 3243 τὸν
902 3185 1353 3258 ἐγκεκρυμμένον
1391 3185 1502 3246 τοῖς
1534 3183 1763 3253 ῥήμασι.
1792 3183 1856 3235 Τί

277 3287 374 3346 οὖν
402 3292 549 3344 ἐστιν
587 3289 614 3342 ὅ
649 3301 860 3356 φαμεν;
895 3283 1138 3352 Πεπήγει
1184 3279 1313 3332 ποτὲ
1342 3277 1421 3349 τῷ
1453 3278 1550 3348 τῆς
1579 3275 1858 3329 εἰδωλολα-

275 3381 466 3454 τρείας
499 3377 695 3451 κρυμῷ
732 3376 792 3429 τὸ
819 3373 1176 3445 ἀνθρώπινον,
1206 3371 1303 3441 τῆς
1336 3370 1617 3439 εὐκινήτου
1643 3367 1857 3438 φύσεως

276 3474 392 3527 τῶν
433 3468 736 3541 ἀνθρώπων
762 3466 900 3538 πρὸς
938 3464 1039 3533 τὴν
1063 3461 1171 3516 τῶν
1199 3462 1470 3532 ἀκινήτων
1501 3458 1856 3528 σεϐασμάτων

237 3538 244 3546 ’
279 3565 442 3632 φύσιν
470 3538 917 3634 μεταϐληθείσης,
935 3555 1163 3624 Ὅμοιοι
1180 3553 1310 3622 γὰρ,
1334 3551 1486 3621 φησὶ,
1509 3549 1778 3618 γένοιντο
1804 3548 1856 3600 οί

279 3651 596 3717 ποιοῦντες
635 3648 788 3703 αὐτὰ
808 3689 822 3712 ,
876 3645 977 3700 καὶ
1019 3643 1241 3709 πάντες
1289 3645 1342 3697 οἱ
1386 3642 1732 3704 πεποιθότες
1763 3639 1856 3692 ἐπ’

277 3743 508 3808 αὐτοῖς.
545 3740 656 3793 Καὶ
681 3738 742 3791 τὸ
781 3737 928 3801 εἰκὸς
955 3739 1013 3789 ὲν
1051 3737 1164 3797 τοῖς
1189 3730 1501 3802 γενομένοις
1525 3727 1614 3802 ἦν.
1647 3730 1858 3800 ’Ὠσπερ

279 3835 391 3905 γάρ
437 3835 486 3886 οἱ
533 3832 633 3902 τὴν
693 3826 953 3900 ἀληθινὴν
992 3819 1233 3895 Θεότητα
1268 3821 1586 3893 βλέποντες,
1617 3822 1702 3890 ἐφ’
1733 3822 1858 3873 ἐαυ-

274 3927 388 3981 τῶν
424 3925 667 3994 δέχονται
703 3921 773 3974 τὰ
800 3920 898 3990 τῆς
923 3916 1071 3980 θείας
1110 3915 1323 3984 φύσεως
1351 3913 1642 3984 ἰδιώματα·
1687 3913 1858 3977 οὕτως

278 4021 307 4071 6
337 4020 407 4087 τῇ
440 4015 760 4086 ματαιότητι
782 4012 892 4065 τῶν
921 4009 1154 4063 εἰδώλων
1181 4006 1549 4078 προσανέχων,
1578 4022 1859 4076 μετεστοι-

279 4107 494 4179 χειοῦτο
521 4105 657 4176 πρὸς
679 4104 739 4157 τὸ
765 4101 1112 4174 βλεπόμενον,
1138 4097 1284 4161 λίθος
1307 4097 1367 4162 ἐξ
1390 4095 1679 4168 ἀνθρώπου
1714 4095 1858 4165 γινό-

283 4215 466 4270 μενος.
531 4195 746 4266 Ἐπειδὴ
794 4193 970 4247 τοίνυν
1014 4189 1410 4245 ἀπολιθωθεῖσα
1459 4187 1550 4240 διὰ
1599 4190 1700 4258 τῆς
1745 4186 1855 4240 τῶν

276 4289 514 4344 εἰδώλων
539 4288 795 4358 λατρείας
819 4327 833 4351 ,
868 4284 1124 4353 ἀκίνητος
1161 4277 1228 4351 ἦν
1258 4281 1395 4351 πρὸς
1433 4279 1496 4333 τὸ
1541 4283 1789 4351 κρεῖττον
1821 4281 1855 4350 ή

275 4375 474 4444 φύσις,
530 4377 809 4443 πεπηγυῖα
854 4371 932 4441 τῷ
982 4372 1082 4442 τῆς
1129 4368 1568 4440 είδωλολατρείας
1623 4368 1854 4440 κρυμῷ,

1962 1909 2206 1964 auribus.
2242 1908 2431 1965 Ficum
2483 1918 2665 1965 autem
2697 1913 2833 1966 dicit
2853 1922 2907 1967 et
2939 1913 3126 1979 vitem,
3189 1928 3310 1982 quae
3359 1928 3425 1968 ex
3457 1914 3538 1968 eis

1961 1999 2156 2056 futura:
2197 2011 2323 2056 sunt
2344 2001 2566 2058 delicias
2601 2005 2653 2056 in
2682 2002 2748 2056 iis
2771 2017 2890 2072 qua:
2940 2011 3204 2072 apparent
3252 2004 3534 2058 exordiis:

1963 2091 2109 2146 illam
2162 2092 2380 2162 quidem
2439 2108 2662 2163 grossos
2702 2094 3116 2163 producentem,
3181 2094 3323 2149 hanc
3355 2107 3535 2149 autem

1961 2180 2204 2235 edentem
2232 2180 2413 2246 ﬂores,
2452 2191 2510 2236 ut
2539 2199 2604 2236 ex
2635 2184 2776 2239 bono
2830 2184 2996 2239 odore
3045 2186 3376 2255 voluptatem
3406 2185 3538 2239 atl‘a-

1963 2272 2058 2326 tim
2085 2274 2345 2343 percipiat
2386 2274 2669 2330 odoratus.
2709 2276 2882 2345 Atque
2920 2278 3000 2333 sic
3050 2279 3267 2347 quidem
3296 2280 3538 2337 luxuriat

1961 2372 2138 2418 oratio
2165 2365 2220 2418 in
2254 2366 2618 2421 describendo
2661 2383 2832 2422 verno
2880 2377 3146 2439 tempore,
3179 2381 3232 2426 et
3259 2373 3533 2427 tristitiam

1960 2456 2250 2524 repellens,
2289 2465 2342 2511 et
2370 2457 2620 2513 lubenter
2670 2474 2896 2515 versans
2935 2460 2989 2514 in
3025 2461 3287 2529 jucundis
3341 2480 3537 2518 narra-

1961 2548 2222 2603 tionibus.
2256 2548 2375 2603 Non
2429 2557 2646 2619 oportet
2673 2561 2876 2617 autem,
2919 2561 2978 2606 ut
3030 2555 3293 2619 arbitror,
3321 2558 3536 2626 cogita-

1964 2639 2166 2692 tionem
2201 2654 2524 2708 permanere
2552 2641 2605 2694 in
2632 2641 2716 2695 his
2739 2643 3027 2698 luculentis
3051 2646 3533 2715 descriptionibus,

1960 2729 2055 2786 sed
2090 2746 2184 2799 per
2242 2745 2335 2786 eas
2364 2731 2558 2786 deduci
2595 2733 2660 2786 ad
2688 2748 2750 2787 ea
2781 2749 2900 2802 quae
2929 2750 3024 2803 per
3066 2736 3177 2790 haec
3209 2739 3424 2807 eloquia
3461 2741 3536 2794 si-

1961 2823 2290 2893 gniﬁcantur
2328 2825 2607 2896 mysteria,
2661 2833 2719 2879 ut
2767 2828 3044 2896 aperiatur
3105 2829 3403 2885 thesaurus
3449 2831 3536 2885 in-

1961 2914 2402 2984 telligentiarum,
2441 2915 2534 2985 qui
2590 2916 2900 2971 occultatur
2942 2918 2997 2972 in
3047 2919 3251 2974 verbis.
3273 2920 3414 2987 Quid
3449 2931 3534 2976 est

1961 3022 2091 3076 ergo
2120 3009 2264 3076 quod
2309 3007 2584 3062 dicimus?
2624 3009 2848 3078 Frigore
2876 3009 3197 3066 idololatria}
3240 3015 3535 3084 aliquando

1961 3107 2312 3153 concreverat
2341 3114 2510 3167 genus
2559 3099 2880 3164 humanum,
2915 3102 3099 3155 mobili
3126 3103 3405 3159 hominum
3434 3121 3536 3159 na-

1960 3198 2082 3242 tura
2109 3204 2372 3244 conversa
2407 3191 2473 3245 ad
2509 3193 2713 3246 cultum
2748 3209 2929 3248 rerum
2955 3194 3338 3250 immobilium.
3372 3196 3534 3251 Simi-

1957 3282 2028 3334 les
2060 3282 2228 3346 enim,
2263 3283 2464 3352 inquit,
2495 3283 2651 3350 ﬁant,
2688 3286 2778 3354 qui
2800 3285 3001 3353 faciunt
3029 3285 3414 3352 illa,etomnes
3443 3289 3532 3357 qui

1955 3375 2224 3442 conﬁdunt
2260 3376 2430 3428 in‘eis
2463 3376 2528 3428 ⁸⁵.
2591 3377 3032 3432 Consentaneum
3063 3389 3247 3434 autem
3274 3393 3390 3434 erat
3419 3380 3534 3434 haec

1957 3465 2027 3517 ita
2059 3463 2196 3518 ﬁeri.
2227 3463 2512 3529 Quomodo
2551 3466 2696 3518 enim
2748 3467 2840 3534 qui
2869 3482 3049 3520 veram
3088 3469 3533 3537 aspiciuntDivi-

1954 3556 2218 3622 nitatem,
2270 3556 2326 3609 in
2373 3571 2432 3610 se
2475 3557 2749 3626 accipiunt
2796 3557 2993 3611 divinae
3047 3567 3256 3613 naturae
3291 3561 3535 3630 proprie-

1957 3653 2099 3698 tates
2136 3663 2148 3698 :
2213 3643 2287 3697 ita
2313 3645 2407 3713 qui
2445 3644 2866 3698 simulacrorum
2913 3647 3230 3700 attendebat
3279 3650 3532 3711 vanitati,

1957 3733 2450 3788 transformabatur
2508 3735 2563 3787 in
2626 3734 2678 3787 id
2729 3734 2876 3804 quod
2929 3736 3336 3805 aspiciebatur,
3394 3741 3534 3811 lapis

1957 3823 2134 3878 iactus
2173 3839 2240 3878 ex
2277 3823 2512 3879 homine.
2552 3823 2821 3890 Quoniam
2863 3841 2993 3897 ergo
3024 3842 3151 3896 quae
3177 3843 3274 3896 per
3315 3831 3546 3900 cultum,

1955 3915 2224 3971 idolorum
2284 3915 2608 3985 lapiduerat,
2641 3917 2708 3970 ad
2761 3917 2814 3972 id
2866 3919 3015 3988 quod
3063 3927 3148 3974 est
3178 3920 3374 3976 melius
3410 3933 3532 3977 erat

1956 4007 2252 4063 immobilis
2303 4019 2523 4070 natura.
2577 4017 2832 4065 concreta
2882 4010 3083 4082 frigore
3127 4013 3452 4069 idololatriae
3516 4035 3532 4070 :

1955 4113 2018 4153 ea
2055 4099 2122 4153 de
2143 4115 2313 4154 causa
2349 4107 2572 4169 propter
2601 4115 2846 4169 asperam
2899 4101 3042 4157 hanc
3090 4103 3323 4159 hiemem
3361 4105 3536 4159 oritur

1957 4191 2038 4245 sol
2055 4191 2304 4260 iustitiae,
2335 4199 2387 4246 et
2412 4208 2507 4246 ver
2529 4191 2709 4256 eﬂicit,
2729 4193 3030 4248 meridiano
3060 4205 3225 4251 vento
3249 4197 3388 4251 hanc
3420 4198 3535 4252 sol-

1956 4291 2116 4338 vente
2152 4284 2408 4352 glaciem.
2461 4284 2622 4340 simul
2651 4299 2776 4338 cum
2824 4293 2946 4339 ortu
2993 4287 3273 4340 radiorum
3319 4288 3536 4345 fovente

1958 4373 2226 4444 quidquid
2250 4385 2336 4431 est
2363 4375 2694 4444 subjectum,
2725 4383 2784 4428 ut
2826 4376 3019 4444 spiritu
3050 4379 3419 4436 exealel‘actus
3439 4383 3533 4452 qui

277 4467 472 4521 τούτου
502 4466 662 4535 χάριν
698 4461 1048 4517 ἐπανατέλλει
1076 4459 1154 4530 τῷ
1176 4459 1398 4531 χαλεπῷ
1423 4459 1596 4529 τούτῳ
1626 4476 1759 4530 χειμ

2050 4484 2053 4494 ’
2101 4466 2222 4536 gelu
2291 4467 2454 4520 homo
2482 4464 2786 4534 lapitluerat
2810 4503 2826 4528 ,
2862 4475 2915 4521 et
2954 4465 3099 4524 fotus
3135 4469 3289 4524 radio
3324 4469 3489 4526 Verbi
3516 4513 3532 4534 ,

174 4621 176 4624 ν
277 4560 306 4610 6
347 4555 448 4626 τῆς
478 4553 822 4623 δικαιοσύνης
849 4551 1018 4622 ἥλιος,
1049 4551 1142 4602 καὶ
1167 4549 1266 4618 ἔαρ
1293 4551 1467 4612 ποιεῖ,
1500 4547 1594 4602 τοῦ
1637 4565 1852 4619 μεσημ-

279 4647 468 4720 ϐρινοῦ
490 4644 820 4716 πνεύματος,
843 4643 937 4696 τοῦ
954 4642 1053 4712 τὴν
1075 4641 1327 4710 τοιαύτην
1342 4640 1647 4704 διαλύοντος
1670 4637 1852 4711 πῆξιν,

279 4740 399 4809 ἅμα
429 4741 494 4809 τῇ
527 4735 754 4806 ἀνατολῇ
789 4734 896 4788 τῶν
934 4733 1166 4787 ἀκτίνων
1197 4731 1584 4795 ἐπιθάλποντος
1613 4734 1760 4786 ἅπαν
1793 4733 1855 4786 τὸ

279 4829 676 4898 ὑποκείμενονο
713 4827 798 4879 ἵνα
830 4823 1240 4895 διαθερμανθεὶς
1280 4820 1357 4891 τῷ
1393 4823 1661 4893 πνεύματι
1700 4824 1728 4875 6
1769 4822 1858 4878 διὰ

278 4921 376 4975 τοῦ
411 4918 610 4989 κρύους
643 4915 997 4979 ἀπολιθωθεὶς
1026 4914 1307 4988 ἄνθρωπος
1326 4955 1342 4979 ,
1373 4915 1466 4968 καὶ
1495 4915 1858 4985 ὑποθαλφθεὶς

279 5012 350 5078 τῇ
377 5011 556 5066 ἀκτῖνι
581 5009 676 5062 τοῦ
711 5009 885 5077 Λόγου
911 5049 925 5072 ,
955 5006 1116 5060 πάλιν
1144 5007 1369 5077 γένηται
1389 5008 1533 5078 ὕδωρ
1564 5008 1856 5078 ἀλλόμενον

282 5105 366 5166 είς
396 5102 541 5171 ζωὴν
573 5100 807 5155 αἰώνιον.
850 5100 1108 5164 Πνεύσει
1142 5099 1251 5170 γὰρ
1273 5139 1286 5163 ,
1321 5100 1452 5169 φησὶ
1472 5138 1487 5164 ,
1514 5101 1582 5154 τὸ
1623 5098 1858 5168 πνεῦμα

281 5193 492 5257 αὐτοῦ,
523 5193 619 5247 καί
639 5191 934 5261 ρυήσεται
955 5191 1142 5245 ὕδατα
1180 5191 1591 5261 στρεφομένης
1624 5190 1734 5260 τῆς
1756 5189 1858 5244 πέ-

282 5302 427 5354 τρας
456 5287 543 5350 είς
581 5285 801 5354 λίμνας
828 5283 1089 5348 ὑδάτων,
1126 5281 1361 5351 καὶτῆς
1403 5283 1736 5352 ἁκροτόμου
1772 5283 1861 5347 εις

283 5378 482 5445 πηγὰς
508 5374 765 5432 ὑδάτων.
801 5375 974 5446 Ὅπερ
1018 5374 1348 5446 γυμνότερον
1392 5374 1528 5446 πρὸς
1563 5375 1690 5437 τοὺς
1731 5375 1858 5427 Ἰου-

284 5465 468 5531 δαίους
507 5469 536 5520 ὁ
581 5465 890 5530 Βαπτιστῦπς
938 5465 1227 5537 ἀνεϐόησε,
1286 5466 1460 5536 λέγων
1505 5467 1631 5530 τοὺς
1681 5466 1861 5531 λίθους

360 5659 404 5689 ’³³
445 5666 592 5721 Psal.
627 5680 822 5731 Lxxm,
872 5665 957 5721 17.
1063 5666 1110 5700 ⁸⁸
1148 5664 1292 5724 Psal.
1330 5681 1491 5735 cxtn,
1545 5666 1598 5722 8.

295 5735 338 5766 ⁸⁸
373 5736 570 5794 Matth.
615 5751 697 5800 tu,
733 5736 789 5791 9.

1701 5666 1746 5700 ⁸⁸
1785 5665 1943 5722 Joan.
1993 5684 2065 5735 Iv,
2110 5670 2196 5724 14.

1959 4573 2154 4613 rursus
2186 4557 2278 4612 ﬁat
2305 4573 2446 4628 aqua
2473 4558 2676 4612 saliens
2709 4557 2765 4611 in
2785 4558 2950 4612 vitam
2970 4570 3229 4616 aeternam
3249 4564 3315 4619 ⁸⁸.
3355 4563 3536 4618 Flabit
3561 4573 3572 4579 ‘

1952 4649 2100 4705 enim
2133 4648 2349 4715 spiritus
2391 4646 2526 4716 ejus,
2572 4647 2771 4717 inquit,
2810 4655 2861 4701 et
2907 4649 3071 4716 ﬂuent
3114 4667 3265 4719 aquae
3304 4652 3372 4716 ⁸⁸,
3408 4669 3537 4705 con-

1953 4753 2102 4792 versa
2147 4749 2294 4805 petra
2344 4738 2398 4790 in
2441 4737 2588 4818 {acus
2639 4755 2922 4808 aquarum,
2973 4751 3022 4794 et
3066 4759 3192 4809 rupe
3243 4745 3298 4796 in
3354 4743 3525 4813 fomes

1954 4845 2216 4899 aquarum
2248 4827 2506 4894 ":Quod
2536 4829 2756 4898 quidem
2785 4833 3030 4905 apertius
3058 4831 3262 4889 Judaeis
3287 4836 3531 4906 Baptista

1965 4924 2238 4989 clamavit,
2260 4924 2468 4987 dicens,
2497 4924 2704 4993 lapides
2719 4938 2839 4978 esse
2860 4925 3233 4988 suscitandas.
3258 4934 3317 4982 ut
3345 4927 3538 4984 tierent

1965 5015 2060 5070 lilii
2118 5015 2438 5084 patriarchae
2473 5015 2703 5070 Abrahae
2739 5014 2784 5046 ⁸⁸
2815 5015 2864 5070 ei
2901 5015 3189 5070 assimilati
3231 5032 3328 5086 per
3359 5017 3538 5074 virtu-

1963 5113 2094 5162 tem.
2141 5105 2266 5161 Haec
2313 5122 2444 5176 ergo
2484 5122 2512 5160 a
2544 5105 2724 5162 Verbo
2751 5106 2900 5161 audit
2933 5107 3175 5161 Ecclesia
3199 5149 3212 5172 ,
3258 5124 3356 5178 per
3387 5109 3537 5164 fene-

1965 5202 2108 5250 stras
2168 5196 2514 5265 propheticas
2558 5204 2613 5251 et
2669 5198 2869 5268 legales
2931 5198 3203 5254 cancellos
3259 5202 3538 5271 accipiens

1967 5287 2310 5357 splendorem
2372 5287 2620 5342 veritatis
2660 5306 2673 5341 :
2723 5303 2846 5342 eum
2907 5289 3236 5345 consisteret
3275 5290 3538 5346 doctrinae

1966 5376 2148 5446 paries
2182 5377 2430 5446 typicus,
2483 5377 2567 5430 lex
2592 5417 2606 5439 ,
2671 5378 2926 5448 inquam.
2985 5395 3106 5449 qum
3150 5378 3383 5436 faciebat
3417 5399 3540 5436 um-

1967 5470 2117 5524 bram
2149 5468 2456 5525 l'uturorum
2505 5469 2797 5536 bonorum,
2841 5487 2951 5527 non
2989 5481 3170 5528 autem
3211 5473 3539 5528 ostendebat

2294 5671 2340 5703 ³⁸
2376 5669 2520 5727 Psal.
2565 5685 2767 5738 chvu,
2823 5670 2911 5727 18.
3015 5672 3058 5704 ⁸⁷
3097 5671 3242 5727 Psal.
3296 5683 3452 5734 cxtu,
3482 5665 3543 5759 81
