3752 5984
253 306 358 361 867
1501 313 1557 368 S.
1600 312 1934 372 GREGORll
1976 313 2271 370 NYSSENI
3409 313 3513 368 868

253 422 426 491 ipsam
467 438 646 477 rerum
675 423 990 494 imaginem,
1039 434 1356 497 postquam
1409 429 1589 484 stabat
1630 431 1735 484 veri

2023 432 2158 494 ὶτους
2189 429 2496 501 ἐγείρεσθαι
2521 469 2534 492 ,
2577 429 2655 493 εἰς
2688 431 2749 483 τὸ
2778 429 3030 498 γενέσθαι
3067 429 3234 486 τέκνα
3270 428 3366 484 τοῦ
3402 431 3505 482 ﬂa-

253 515 462 570 limrens
499 516 704 586 figurae,
741 517 978 587 primum
1006 520 1226 587 quidem
1254 536 1349 590 per
1378 523 1668 590 prophetas
1703 522 1735 574 ιτ

2033 524 2209 593 ἄρχου,
2230 523 2295 575 δι’
2319 521 2520 592 ἀρετῆς
2543 522 2891 592 ὁμοιούμενα.
2920 521 3102 573 Ταῦτα
3122 521 3298 574 τοίνυν
3327 519 3515 573 ἀκούει

252 608 380 661 bum
410 608 692 663 illustrans
715 608 968 663 Ecclesim
989 628 1001 662 :
1021 622 1206 679 postea
1223 621 1404 666 autem
1430 613 1703 685 Evangelii
1729 633 1734 668 ι

2060 614 2233 680 Λόγου
2278 614 2311 682 ὴ
2356 612 2672 681 Ἐκκλησία,
2709 611 2798 664 διὰ
2829 611 2935 664 τῶν
2977 610 3327 682 προφητικῶν
3364 610 3514 681 θυρί-

251 699 607 756 nifestatione
628 711 986 757 consumente
1018 719 1235 759 omnem
1261 707 1624 762 umbraticam
1651 708 1733 776 figi

2034 723 2040 751 ι
2087 705 2181 757 καὶ
2213 704 2320 757 τῶν
2375 703 2614 773 νομικῶν
2659 703 2894 758 δικτύων
2954 702 3218 772 δεχομένη
3262 703 3365 772 τὴν
3415 702 3516 772 τῆς

252 792 646 861 visioncm,per
663 811 819 863 quam
843 795 1144 850 destruitur
1157 799 1375 865 quidem
1395 801 1572 869 paries
1591 803 1729 857 inter

2033 798 2192 868 ιθείας
2226 798 2420 866 αὐγὴν,
2450 796 2528 848 ἔτι
2559 796 2888 859 συνεστῶτος
2913 795 3006 848 τοῦ
3049 795 3279 848 τυπικοῦ
3313 796 3416 863 τῆς
3439 795 3515 848 δι-

253 884 396 947 dius,
418 886 770 953 conjungitur
788 896 968 942 autem
985 890 1076 958 qui
1095 898 1178 945 est
1197 893 1249 945 in
1263 890 1425 945 domo
1441 907 1533 946 aer
1549 893 1653 947 luci
1673 906 1735 947 aet

2033 887 2236 948 ςκαλίας
2269 888 2474 956 τοίχου,
2516 886 2610 939 τοῦ
2657 886 2822 955 νόμου
2861 885 3037 952 λέγω,
3082 886 3177 938 τοῦ
3220 885 3322 956 τὴν
3358 886 3515 939 σκιάν

255 992 378 1036 rete,
413 977 549 1030 adeo
585 987 644 1031 ut
679 995 784 1032 non
818 981 1054 1049 amplius
1085 998 1222 1051 opus
1249 983 1463 1049 habeat,
1507 993 1566 1038 ut
1601 986 1653 1040 ei
1714 987 1832 1038 illu-

251 1075 434 1120 cescat
464 1083 558 1136 per
589 1067 880 1134 fenestras,
920 1086 1043 1124 cum
1083 1071 1197 1140 ipsa
1226 1074 1313 1125 lux
1347 1088 1472 1127 vera
1510 1089 1604 1142 per
1644 1075 1828 1129 radios

251 1160 600 1228 cvangelicos
631 1162 814 1214 omnia
855 1179 976 1232 qum
1008 1171 1137 1216 sunt
1190 1164 1479 1220 illnminet.
1537 1164 1827 1234 Propterea

256 1247 490 1304 Verbum
552 1252 750 1304 clamat
803 1254 1060 1308 Ecclesia:
1119 1271 1214 1324 per
1266 1255 1555 1318 fenestras,
1606 1255 1823 1324 erigens

252 1338 441 1402 elisos,
474 1347 527 1392 et
560 1340 750 1395 dicens
782 1360 794 1394 :
835 1341 1008 1412 Surge
1049 1359 1170 1412 quae
1206 1345 1355 1413 lapsa
1391 1359 1449 1398 es
1510 1344 1566 1396 in
1614 1343 1825 1398 lubrico

254 1432 462 1498 peccati
500 1447 684 1494 emno,
723 1449 843 1500 qua:
873 1449 902 1486 a
957 1443 1208 1503 serpente
1251 1434 1402 1488 fuisti
1451 1435 1729 1503 impedita,
1774 1443 1828 1488 et

253 1521 498 1575 cecidisti
535 1522 590 1576 in
621 1532 853 1590 terram,
887 1533 940 1578 et
967 1524 1118 1580 fuisti
1153 1525 1385 1593 inlapsu
1425 1524 1825 1591 idobedientiaz,

253 1627 436 1680 surge.

1940 979 2218 1042 ποιοῦντος
2252 978 2359 1030 τῶν
2380 979 2679 1048 μελλόντων
2713 979 2956 1047 ἀγαθῶν,
2987 979 3084 1031 οὐκ
3123 980 3293 1050 αὐτὴν
3321 981 3421 1050 τὴν
3448 983 3517 1032 εί-

1938 1070 2070 1123 κόνα
2103 1069 2209 1121 τῶν
2242 1069 2586 1138 πραγμάτων
2629 1068 2984 1133 δεικνύοντος,
3016 1064 3077 1123 οῦ
3106 1070 3334 1122 κατόπιν
3368 1071 3518 1122 ἵστα-

1932 1180 2021 1214 ται
2056 1163 2089 1231 ἡ
2128 1159 2353 1231 ἀλήθεια
2393 1159 2627 1230 ἐχομένη
2663 1158 2757 1212 τοῦ
2790 1158 2991 1211 τύπου’
3042 1158 3256 1229 πρῶτον
3291 1159 3392 1229 μὲν
3429 1159 3517 1212 διὰ

1931 1253 2037 1305 τῶν
2056 1252 2349 1324 προφητῶν
2370 1251 2743 1319 ὲναυγάζουσα
2765 1254 2830 1320 τῇ
2873 1250 3167 1320 Ἐκκλησία
3191 1251 3282 1302 τὸν
3311 1251 3486 1316 Λόγον
3501 1266 3514 1278 ·

1935 1346 2070 1415 μετά
2105 1345 2278 1396 ταῦτα
2320 1345 2377 1396 δὲ
2416 1347 2480 1414 τῇ
2533 1343 2836 1414 φανερώσει
2886 1343 2979 1395 τοῦ
3041 1343 3372 1410 Εύαγγελίου
3409 1343 3519 1394 πᾶ-

1934 1455 2032 1490 σαν
2057 1437 2151 1490 τοῦ
2169 1437 2338 1489 τύπου
2361 1437 2458 1506 τὴν
2477 1435 2713 1503 σκιοειδῆ
2743 1435 3040 1502 φαντασίαν
3062 1434 3514 1498 ἐξαναλίσκουσα,

1931 1528 1996 1580 δι’
2027 1523 2094 1597 ἦς
2127 1526 2472 1597 καθαιρεῖται
2524 1526 2620 1595 μὲν
2666 1523 2726 1576 τὸ
2783 1524 3125 1592 μεσότοιχονο
3182 1525 3517 1578 συνάπτεται

1937 1617 1992 1669 δὲ
2020 1620 2048 1670 ὁ
2085 1620 2141 1670 ὲν
2187 1617 2266 1686 τῷ
2299 1616 2430 1686 οἴκῳ
2458 1617 2564 1686 ἀὴρ
2594 1615 2728 1684 πρὸς
2755 1615 2816 1666 τὸ
2848 1614 3086 1685 αἰθέριον
3117 1616 3234 1683 φῶς
3257 1655 3270 1679 ,
3297 1615 3374 1678 ὡς
3411 1633 3516 1684 μη-

254 1703 372 1756 κέτι
415 1704 503 1757 διὰ
540 1704 648 1757 τῶν
682 1705 914 1775 θυρίδων
953 1708 1141 1778 χρείαν
1215 1707 1360 1778 ἔχειν
1426 1709 1915 1779 περιαυγάζεσθαι,
1956 1710 2122 1762 αὑτοῦ
2149 1710 2244 1763 τοῦ
2279 1709 2532 1777 ἀληθινοῦ
2565 1709 2738 1777 φωτὸς
2761 1707 2849 1761 διά
2887 1707 2995 1759 τῶν
3019 1708 3389 1776 εύαγγελικῶν
3423 1709 3516 1760 ἀκ-

249 1795 411 1849 τίνων
494 1798 562 1850 τὰ
609 1798 755 1852 ἔνδον
813 1801 988 1852 πάντα
1025 1802 1516 1868 καταφωτίζοντος.
1564 1801 1662 1854 Διὰ
1739 1802 1897 1854 τοῦτο
1937 1802 2112 1872 ἐμϐοᾷ
2133 1803 2220 1856 διὰ
2246 1803 2354 1872 τῶν
2383 1800 2732 1870 φωταγωγῶν
2757 1803 2821 1870 τῇ
2869 1801 3164 1871 Ἐκκλησία
3187 1804 3216 1853 ο
3244 1801 3419 1868 Λόγος
3443 1840 3459 1865 ,
3485 1798 3513 1847 ὁ

250 1889 490 1961 ἀνορθῶν
521 1892 646 1954 τοὺς
678 1893 1174 1970 κατερραγμένους,
1248 1894 1423 1962 λέγων
1448 1913 1459 1926 ·
1514 1897 1824 1968 Ἀνάστηθι,
1857 1898 2058 1968 δηλαδὴ
2086 1899 2151 1950 ὲκ
2184 1898 2280 1950 τοῦ
2311 1895 2632 1967 πτώματος,
2666 1897 2697 1965 ἡ
2728 1895 2805 1964 τῷ
2843 1895 3051 1965 αἰσχρῷ
3106 1895 3206 1963 τῆς
3239 1895 3511 1966 ἁμαρτίας

251 1980 641 2050 ἐνολισθήσασα
665 2023 679 2044 ,
723 1984 755 2050 ή
789 1984 1214 2053 συμποδισθεῖσα
1253 1986 1338 2040 διὰ
1368 1976 1462 2039 τοῦ
1494 1987 1668 2056 ὄφεως
1689 2027 1704 2051 ,
1735 1989 1829 2042 κα)⁸
1867 1991 1946 2053 εἰς
1985 1991 2088 2060 γῆν
2116 1989 2380 2053 πεσοῦσα,
2413 1989 2508 2042 καὶ
2541 1990 2599 2041 ὲν
2633 1986 2710 2056 τῷ
2738 1985 2990 2056 πτώματι
3059 1986 3159 2057 τῆς
3226 1986 3517 2057 παρακοῆς

253 2075 540 2146 γενομένη,
571 2076 800 2132 ἀνάστα.

319 2253 437 2309 Non
466 2266 645 2310 autem
683 2256 778 2312 tibi
832 2257 1052 2324 sufficit,
1104 2262 1302 2334 inquit,
1341 2281 1371 2319 a
1432 2267 1588 2338 lapsu
1646 2271 1801 2324 solun

2028 2264 2120 2316 )ὐκ
2167 2263 2326 2332 ἀρκεῖ
2357 2261 2413 2314 δέ
2459 2278 2540 2314 σοι
2570 2260 2630 2313 τὸ
2660 2259 3052 2332 ἀνορθωθῆναι,
3088 2261 3272 2330 φησιν,
3323 2261 3387 2313 ἐκ
3418 2261 3510 2315 τοῦ

250 2350 421 2419 erigi,
457 2349 553 2404 sed
601 2351 763 2404 etiam
811 2353 1142 2422 progredere
1191 2372 1288 2425 per
1330 2359 1596 2414 virtutum
1650 2362 1830 2432 profe-

251 2450 424 2503 ctum,
465 2456 689 2496 cursum
733 2459 1000 2514 peragens
1033 2446 1086 2500 in
1138 2446 1360 2504 virtute.
1404 2449 1558 2516 Quod
1607 2455 1827 2522 quidem

251 2533 551 2589 didicimus
578 2535 635 2588 in
682 2535 1006 2606 paralytico.
1064 2537 1184 2592 Non
1240 2541 1418 2594 solum
1469 2543 1614 2596 enirn
1668 2544 1830 2599 efficit

249 2623 485 2680 Verbum
530 2636 588 2678 ut
658 2628 816 2681 tollat
845 2643 985 2684 onus
1009 2629 1142 2683 illud
1165 2631 1313 2693 lecti,
1335 2632 1428 2687 sed
1453 2635 1618 2687 etiam
1651 2635 1828 2704 ipsum

246 2715 404 2787 jubet
441 2719 726 2773 ambulare
746 2721 814 2774 '9.
854 2719 973 2788 Quo
1031 2722 1162 2775 mihi
1221 2723 1442 2777 videtur
1497 2725 1825 2795 Scriptura,

251 2825 348 2880 per
377 2813 716 2865 transeuntis
751 2819 979 2877 motum,
1027 2813 1341 2882 significare
1393 2831 1743 2886 progressmn
1774 2827 1829 2872 et

250 2909 602 2970 augmentum
637 2903 690 2955 in
727 2904 873 2956 bono
896 2904 963 2958 '°.
1003 2904 1189 2975 Surge,
1224 2908 1424 2976 inquit,
1447 2919 1495 2962 et
1519 2911 1651 2964 veni.
1675 2908 1720 2964 Ο
1748 2911 1829 2966 vis

245 2991 440 3062 jussus
485 3002 538 3046 et
577 2993 790 3061 imperii
822 2993 898 3045 “l
937 2993 1032 3049 Est
1079 3012 1268 3052 revera
1305 3013 1409 3052 vox
1455 3000 1672 3054 virtutis
1724 3015 1827 3054 vox

251 3081 370 3146 Dei,
406 3089 465 3136 ut
493 3082 671 3150 inquit
693 3082 981 3138 Psalmista
1009 3103 1021 3136 τ
1049 3085 1314 3150 Quoniam
1339 3104 1455 3142 ecce
1483 3089 1632 3142 dabit
1656 3106 1827 3144 vocem

251 3191 427 3238 suam,
457 3190 629 3228 vocem
665 3175 873 3229 virtutis
899 3191 917 3228 :
956 3183 1032 3237 et,
1071 3175 1192 3244 Ipse
1241 3179 1378 3232 dixit
1404 3189 1454 3232 et
1495 3181 1643 3250 facta
1683 3194 1826 3248 sunt,

253 3270 362 3333 ipse
392 3267 666 3320 mandavit
712 3276 762 3321 et
803 3277 985 3320 creata
1005 3279 1150 3321 sunt.
1211 3272 1354 3325 Ecce
1403 3287 1553 3326 nunc
1608 3289 1829 3343 quoque

253 3358 395 3413 dixit
421 3358 667 3427 jacenti:
702 3358 869 3428 Surge
897 3369 946 3412 et
981 3361 1134 3412 veni:
1171 3368 1222 3414 et
1255 3361 1440 3415 statim
1473 3363 1540 3415 ad
1563 3378 1701 3431 opus
1734 3363 1829 3416 de-

253 3449 476 3502 ducitur
501 3448 647 3517 quod
675 3448 916 3514 jubetur.
939 3447 1071 3501 Nam
1107 3449 1270 3504 simul
1291 3458 1456 3520 atque
1479 3452 1690 3521 accepit
1720 3453 1827 3506 vim

254 3537 442 3599 Verbi,
478 3545 588 3592 stat
620 3546 675 3592 et
707 3537 941 3600 assistit,
975 3549 1026 3593 et
1061 3540 1126 3592 ad
1167 3539 1348 3594 lumen
1401 3555 1568 3610 prope
1595 3541 1826 3603 accedit,

1933 2354 2241 2424 πτώματος,
2286 2353 2422 2406 ἀλλὰ
2449 2355 2542 2406 καὶ
2575 2353 2836 2422 πρόσελθε
2869 2353 2958 2406 διὰ
3003 2356 3102 2422 τῆς
3145 2353 3252 2405 τῶν
3292 2354 3514 2421 ἀγαθῶν

1932 2446 2233 2516 προκοπῆς,
2269 2445 2362 2497 τὸν
2388 2447 2443 2497 ἐν
2473 2445 2638 2516 ἀρετῇ
2677 2443 2966 2497 διανύουσα
2991 2444 3209 2514 δρόμον.
3243 2444 3425 2514 ’Όπερ
3451 2445 3514 2515 δὴ

1932 2540 2026 2592 καὶ
2072 2538 2169 2589 ἐπὶ
2215 2536 2309 2589 τοῦ
2370 2536 2742 2608 παραλυτικοῦ
2797 2536 3219 2606 μεμαθήκαμεν.
3273 2536 3353 2590 Οὐ
3403 2537 3514 2607 γὰρ

1929 2632 2228 2702 διανίστησι
2292 2631 2450 2700 μόνον
2516 2633 2545 2683 ὁ
2597 2631 2770 2698 Λόγος
2823 2631 2882 2682 τὸ
2935 2629 3284 2682 ὲπικλινίδίον
3347 2629 3516 2699 ἄχθος

1931 2725 2125 2786 ἐκεῖνο,
2154 2721 2288 2776 ἀλλά
2325 2721 2419 2774 καὶ
2454 2723 2776 2791 περιπατεῖν
2803 2720 3173 2788 ὲγκελεύεται.
3201 2721 3378 2788 Ὅπερ
3424 2737 3514 2791 μοι

1929 2813 2075 2865 δοκεί
2109 2811 2208 2881 τὴν
2255 2810 2391 2882 πρὸς
2417 2811 2478 2863 τὸ
2508 2813 2754 2880 κρεῖττον
2783 2809 3012 2879 πρόοδόν
3041 2826 3101 2862 τε
3147 2809 3243 2862 καὶ
3284 2809 3515 2879 αῦξησιν

1929 2903 2014 2957 διὰ
2064 2903 2162 2972 τῆς
2195 2903 2567 2973 ’μεταϐατικῆς
2617 2903 2881 2972 κινήσεως
2933 2902 3219 2972 σημαίνειν
3262 2905 3290 2955 ὁ
3330 2897 3511 2969 λόγος.

1943 2993 2194 3047 Ἀνάστα
2234 2989 2347 3055 οῦν,
2392 2992 2544 3062 φησὶ,
2575 2992 2673 3046 καὶ
2717 2993 2944 3056 ἔξελθε.
3001 2993 3064 3044 "0
3094 2993 3514 3064 προστάγματος

1927 3085 2188 3154 δύναμιςί
2241 3085 2409 3148 ὅντως
2448 3083 2598 3154 φωνὴ
2649 3083 2930 3153 δυνάμεώς
2977 3080 3125 3138 ἐστιν
3161 3085 3193 3152 ὴ
3229 3083 3383 3153 φωνὴ
3415 3083 3512 3136 τοῦ

1928 3177 2084 3241 Θεοῦ,
2109 3176 2288 3239 καθὼς
2310 3178 2342 3246 ἡ
2364 3175 2652 3246 ψαλμῳδία
2677 3175 2838 3245 φησὶν
2860 3218 2874 3240 ,
2909 3175 2991 3227 ὅτι
3028 3174 3172 3228 Ἰδοὺ
3200 3175 3378 3228 δώσει
3398 3175 3517 3242 τὴν

1929 3269 2138 3337 φωνὴν
2165 3269 2371 3331 αὑτοῦ,
2397 3266 2606 3336 φωνὴν
2635 3265 2960 3333 δυνάμεως.
2993 3267 3122 3331 Καὶ,
3149 3268 3337 3332 Αὐτὸς
3360 3262 3513 3331 εἷπε,

1929 3362 2026 3414 καὶ
2091 3359 2507 3430 ἐγενήθησαν·
2560 3359 2738 3424 αὐτὸς
2788 3358 3144 3423 ἐνετείλατο,
3207 3358 3303 3411 καὶ
3355 3359 3515 3412 ἐκτί-

1929 3456 2193 3518 σθησαν.
2254 3451 2385 3504 Ἰδοὺ
2439 3450 2532 3504 καὶ
2579 3448 2676 3503 νῦν
2722 3445 2843 3502 εἷπε
2896 3449 3032 3519 πρὸς
3078 3448 3176 3520 τὴν
3214 3450 3515 3520 κειμένην,

1932 3544 2012 3596 ὅτι
2057 3542 2369 3610 Ἀνάστηθι
2388 3558 2401 3572 ο
2438 3543 2550 3607 καὶ,
2577 3542 2658 3595 ὅτι
2681 3543 3014 3609 Πρόσελθε·
3044 3544 3138 3596 καὶ
3161 3543 3320 3606 εὐθὺς
3353 3544 3515 3613 ἔργον

255 3639 314 3683 ut
346 3638 579 3684 testatus
611 3637 696 3684 est
739 3630 856 3697 ipse
904 3630 996 3699 qui
1027 3645 1144 3685 eam
1183 3631 1435 3698 vocavit,
1471 3647 1594 3686 cum
1632 3631 1712 3686 sic

2037 3607 2363 3704 πρόσταγμα
2413 3631 2642 3700 γίνεται.
2702 3607 2866 3701 Ὁμοῦ
2899 3632 3006 3704 γὰρ
3038 3634 3098 3686 τὸ
3130 3607 3510 3697 δέξασθαιτοῦ

255 3721 424 3776 xisset
447 3720 909 3790 Vcrbum:Surge,
939 3723 1074 3784 veni,
1103 3723 1398 3792 propinqua
1428 3739 1564 3790 mea,
1587 3721 1737 3776 colun

2031 3739 2100 3777 ὀυ
2120 3726 2220 3796 τὴν
2247 3725 2494 3794 δύναμιν,
2527 3725 2618 3778 καὶ
2649 3725 2882 3788 ἵσταται,
2911 3725 3005 3777 καὶ
3037 3726 3389 3796 παρίσταται,
3417 3726 3513 3779 καὶ

209 3878 222 3891 _
254 3831 389 3868 mea.
429 3813 563 3879 Quis
593 3822 678 3868 est
710 3814 799 3869 hic
833 3814 968 3868 ordo
1000 3815 1322 3868 sermonis?
1366 3814 1830 3883 quemadmodum

254 3909 491 3964 cohaeret
521 3909 754 3962 alterum
782 3908 939 3961 alteri
968 3907 992 3958 ?
1029 3907 1495 3976 quemadmodum
1535 3921 1832 3962 conserva-

255 4007 346 4050 tur
376 4012 472 4066 per
497 3995 717 4058 seriem,
742 4002 1004 4063 tanquam
1031 3996 1086 4048 in
1110 3997 1296 4064 aliquo
1322 4006 1537 4066 torque,
1569 4011 1830 4051 sensuum

255 4087 699 4156 consequentia?
739 4087 906 4139 Audit
949 4087 1205 4154 jussum:
1249 4088 1416 4142 verbo
1475 4088 1833 4141 confirmatur

257 4196 322 4236 ac
379 4180 689 4243 roboratur,
746 4177 1038 4239 excitatur,
1093 4178 1337 4243 accedit,
1397 4177 1828 4248 apprOpinquat,

259 4273 486 4343 pulchra
522 4269 791 4336 redditur,
853 4268 1108 4322 columba
1147 4271 1482 4323 nominatur.
1545 4268 1832 4335 Quomodo

257 4364 400 4418 enim
433 4369 612 4431 potest
647 4361 762 4414 fieri
811 4360 961 4427 utin
995 4361 1220 4430 speculo
1281 4361 1510 4431 pulcher
1543 4363 1615 4415 sit
1667 4375 1830 4428 aspe-

256 4465 400 4515 ctus,
433 4457 477 4508 si
516 4470 624 4507 non
655 4455 898 4522 pulchra!
929 4454 1165 4522 alicujus
1197 4453 1384 4510 forma:
1432 4453 1705 4522 acceperit
1750 4451 1831 4505 si-

257 4547 607 4603 mulae-rum?
636 4546 779 4616 Ergo
835 4546 1087 4600 humanae
1120 4561 1341 4616 quoque
1391 4553 1601 4599 natur-.e
1633 4558 1828 4612 specu-

255 4641 365 4694 lum
420 4652 530 4690 non
588 4637 741 4705 prius
775 4637 949 4690 evasit
1003 4637 1318 4706 pulchrum,
1380 4651 1542 4705 quam
1599 4633 1830 4704 pulchro

255 4728 735 4798 appropinquavit,
771 4734 824 4782 et
849 4725 1200 4781 informatum
1240 4725 1341 4780 fuit
1371 4726 1608 4796 imagine
1632 4725 1830 4779 divinae

254 4821 699 4892 pulchritudinis.
745 4821 1032 4886 Quomodo
1094 4820 1241 4875 enim
1304 4820 1576 4888 serpentis
1638 4817 1830 4872 habuit

253 4913 492 4983 speciem
533 4913 777 4982 quandiu
803 4912 953 4966 humi
983 4912 1176 4980 jacuit,
1209 4918 1264 4966 et
1287 4910 1356 4964 ad
1378 4911 1554 4980 ipsum
1577 4910 1824 4978 aspexit:
1862 4944 1900 4998 ι,

204 5017 208 5019 ’
252 5004 441 5057 eodem
469 5004 630 5058 modo
653 5012 941 5072 postquam
965 5003 1226 5065 surrexit,
1259 5009 1314 5055 et
1338 5001 1538 5054 bonum
1571 5001 1674 5055 sibi
1699 5009 1826 5055 ante

254 5094 447 5146 oculos
480 5094 682 5161 posuit,
708 5101 870 5162 atque
897 5092 1028 5146 vitio
1060 5098 1208 5160 terga
1237 5091 1419 5156 vertit,
1452 5090 1826 5144 conformatur

253 5184 419 5236 etiam
457 5183 532 5235 illi
561 5182 628 5236 ad
660 5182 806 5252 quod
844 5182 1060 5251 aspicit.
1093 5182 1301 5250 Aspicit
1327 5188 1506 5236 autem
1533 5181 1599 5236 ad
1623 5182 1826 5250 prima-

254 5277 391 5330 riam
450 5285 502 5328 et
561 5275 923 5343 exemplarem
987 5273 1499 5342 pulchritudinem:
1563 5282 1821 5326 caeterum

251 5366 505 5421 columba
539 5364 888 5432 pulchritudo
920 5373 1023 5418 est.
1057 5362 1350 5432 PrOpterea
1399 5379 1523 5417 cum
1576 5363 1682 5416 luci
1726 5377 1823 5432 ap-

251 5453 651 5526 propinquaril,
686 5455 775 5506 lux
809 5453 1057 5507 efficitur.
1088 5452 1146 5506 ln
1175 5454 1296 5508 luce
1335 5460 1514 5508 autem
1561 5461 1822 5520 tanquam

252 5546 431 5612 imago
460 5543 814 5610 efﬁngebatur
856 5544 1065 5611 species
1089 5544 1373 5608 columbae,
1405 5544 1574 5611 illius,
1601 5543 1822 5612 inquam

327 5718 368 5748 ’θ
415 5717 606 5773 Matth.
665 5732 741 5780 ιιι,
793 5717 859 5785 6;
907 5717 1069 5774 Marc.
1112 5735 1170 5784 II,
1230 5721 1311 5774 Η.
1385 5724 1430 5754 ὀ
1471 5720 1616 5778 Psal.
1651 5736 1816 5788 vau,
1872 5723 1961 5776 2i.

1933 3817 2159 3886 πλησίον
2185 3817 2391 3884 γίνεται
2425 3817 2518 3869 τοῦ
2567 3816 2764 3884 φωτὸς,
2802 3817 2876 3882 ὡς
2904 3818 2994 3870 ὑπ’
3027 3817 3193 3870 αὑτοῦ
3221 3819 3314 3871 τοῦ
3345 3818 3511 3872 καλέο

1933 3925 2122 3972 σαντος
2167 3907 2338 3978 αὐτὴν
2401 3907 2862 3978 μεμαρτύρηται,
2909 3908 3082 3972 οὕτως
3130 3909 3373 3970 εἰπόντος
3413 3909 3508 3961 τοῦ

1934 4000 2130 4067 Λόγου·
2170 3998 2438 4061 Ἀνάστα,
2469 3998 2631 4063 ἐλθὲ,
2666 3999 2703 4064 ἠ
2736 4000 3002 4064 πλησίον
3022 4018 3161 4068 μου,
3190 4001 3348 4065 καλή
3364 4019 3506 4070 μου,

1931 4091 2247 4160 περιστερά
2272 4109 2410 4159 μου.
2441 4090 2535 4153 Τίς
2576 4091 2610 4159 ή
2655 4089 2805 4154 τάξις
2839 4089 2974 4159 αὕτη
3008 4091 3100 4144 τοῦ
3142 4091 3333 4159 λόγους
3384 4093 3509 4156 Πῶς

1931 4182 2113 4251 ἔχεται
2157 4182 2218 4234 τὸ
2261 4181 2446 4251 ἕτερον
2494 4181 2588 4233 τοῦ
2635 4182 2870 4252 ἑτέρου;
2933 4183 3056 4245 Πῶς
3104 4183 3336 4247 σώζεται
3381 4185 3505 4237 καθ’

1931 4275 2121 4345 εἱρμὸν
2144 4275 2332 4346 ὥσπερ
2370 4275 2428 4326 ὲν
2467 4274 2655 4328 ἁλύσει
2685 4276 2793 4328 τινὶ
2825 4275 2886 4328 τὸ
2926 4273 3033 4327 τῶν
3065 4276 3354 4346 νοημάτων
3381 4276 3509 4328 ἀκόο

1931 4366 2146 4428 λουθονς
2181 4365 2394 4418 ’Λκούει
2415 4363 2512 4417 τοῦ
2539 4365 2960 4435 προστάγματος
2981 4384 2994 4397 ο
3016 4366 3408 4435 ὲνδυναμοῦται
3431 4365 3507 4436 τῷ

1930 4457 2105 4528 λόγῳ,
2158 4457 2464 4526 ἐγείρεται,
2514 4455 2916 4527 προσέρχεται,
2975 4455 3303 4526 πλησιάζει,
3368 4457 3508 4528 καλὴ

1929 4549 2156 4616 γίνεται,
2183 4547 2482 4618 περιστερὰ
2500 4547 2842 4616 ὀνομάζεται.
2873 4547 2995 4611 Πῶς
3017 4549 3124 4617 γάρ
3144 4550 3259 4600 ἐστι
3281 4547 3508 4600 δυνατὸν

1931 4637 2100 4706 καλὴν
2120 4637 2240 4704 δῲιν
2271 4638 2328 4689 ὲν
2373 4637 2662 4706 κατόπτρῳ
2697 4636 2821 4688 ἰδεῖν
2847 4677 2860 4696 ,
2895 4637 2968 4705 μὴ
3005 4635 3174 4706 καλῆς
3200 4651 3346 4698 τινος
3375 4654 3508 4708 μορ-

1931 4731 2037 4797 φῆς
2068 4726 2364 4796 δεξαμένου
2392 4725 2488 4796 τὴν
2523 4725 2796 4794 ἕμφασιν;
2835 4725 3041 4779 Ούκοῦν
3073 4727 3166 4778 καὶ
3192 4728 3250 4778 τὸ
3281 4728 3382 4795 τῆς
3411 4730 3508 4781 ἀν-

1932 4817 2207 4888 Θρωπίνης
2250 4816 2464 4886 φύσεως
2510 4817 2834 4888 κάτοπτρον,
2877 4818 2938 4870 οὐ
2985 4818 3248 4889 πρότερον
3290 4819 3508 4886 ἐγένετο

1931 4908 2112 4970 καλὸν,
2157 4908 2270 4960 ἀλλ’
2301 4909 2390 4960 ὅτε
2428 4907 2506 4977 τῷ
2539 4907 2689 4977 καλῷ
2736 4909 3054 4980 ἐπλησίασε,
3091 4911 3182 4962 καὶ
3227 4913 3293 4980 τῇ
3335 4911 3507 4962 εἰκόνι

1930 4996 2022 5051 τοῦ
2053 4996 2194 5050 θείου
2246 4997 2472 5060 κάλλους
2503 4999 2882 5070 ὲνεμοριρώθη.
2915 5001 3127 5071 Ὥσπερ
3158 5001 3268 5070 γὰρ
3308 5001 3369 5054 τὸ
3409 5002 3507 5056 τοῦ

1929 5089 2105 5156 ὄφεως
2137 5083 2280 5157 εἶχεν
2326 5084 2461 5151 εἶδος
2505 5089 2610 5153 ἕως
2638 5089 2814 5143 ἔκειτο
2842 5092 2933 5144 ὲπί
2961 5092 3060 5160 τῆς
3094 5092 3216 5160 γῆς.
3249 5093 3340 5144 καὶ
3372 5094 3509 5161 πρὸς

1931 5180 2093 5232 αὑτὸν
2129 5178 2384 5249 ἀφεώρα·
2430 5181 2570 5234 κατά
2611 5181 2700 5233 τὸν
2734 5183 2896 5235 αὑτὸν
2937 5183 3157 5251 τρόπον,
3196 5183 3384 5252 ἐπειδὴ
3414 5186 3508 5236 ἀν-

1931 5275 2082 5341 έστη,
2134 5271 2226 5325 καὶ
2271 5272 2572 5340 τὸάγαθὸν
2615 5273 2815 5339 ἔδειξεν
2847 5275 3046 5344 ἑαυτὴν
3070 5273 3504 5344 ἀντιπρόσωπον,

1931 5362 2072 5415 κατά
2100 5361 2266 5415 νώτου
2304 5362 2399 5432 τὴν
2437 5365 2634 5416 κακίαν
2664 5365 3029 5434 ποιησαμένη,
3069 5364 3202 5435 πρὸς
3234 5364 3264 5416 ὃ
3295 5363 3504 5434 βλέπει,
3585 5436 3588 5438 γ

1931 5453 2049 5505 κατ’
2093 5453 2266 5507 ἐκεῖνο
2311 5455 2405 5506 καὶ
2453 5453 2866 5524 σχηματίζεται.
2920 5455 3114 5508 Βλέπει
3163 5455 3219 5508 δὲ
3273 5452 3414 5528 πρὸς
3448 5456 3506 5508 τὸ

1933 5543 2234 5614 ἀρχέτυπον
2277 5544 2468 5607 κάλλος
2503 5563 2516 5574 -
2577 5545 2870 5615 περιστερὰ
2915 5545 2970 5598 δὲ
3021 5545 3080 5597 τὸ
3136 5546 3348 5608 κάλλος.
3405 5544 3505 5600 Διὰ

2040 5724 2080 5753 ⁹¹
2141 5722 2282 5779 Psal.
2326 5740 2494 5790 xxxii,
2529 5725 2578 5781 9.
