3752 5984
177 304 287 367 869

1236 303 1305 359 ΙΝ
1338 303 1642 362 CANTICA
1682 299 1957 359 CANTIC.
1997 300 2287 358 ilOMILlA
2324 300 2388 355 ν.

3342 299 3452 357 8'10

174 423 335 476 τοῦτο
382 421 462 491 τῷ
485 419 627 489 φωτὶ
672 416 1120 489 προσεγγίσασα,
1154 415 1272 486 φῶς
1309 417 1542 485 γίνεται.
1591 414 1683 487 Τῷ
1712 415 1768 470 δὲ

1949 413 2162 479 Iumhae,
2191 413 2353 485 cujus
2378 410 2590 483 species
2614 409 2940 483 signiﬁcavit
2954 411 3246 471 adventum
3271 406 3475 471 sancti‘

180 510 320 580 φωτὶ
346 509 411 563 τὸ
457 508 622 563 καλὸν
662 507 765 577 τῆς
811 507 1142 577 περιστερᾶς
1184 501 1323 571 εἶδος
1362 502 1765 571 ὲνεικονίζεται,

179 598 400 667 ἐκείνης
438 596 583 664 λέγω
623 595 724 665 τῆς
775 596 1128 665 περιστερᾶς,
1161 590 1229 667 ἦς
1275 594 1336 649 τὸ
1377 591 1516 659 εἶδος
1548 595 1643 667 τὴν
1674 594 1767 649 τοῦ

180 690 339 758 ἁγίου
372 688 693 760 Πνεύματος
724 689 1026 760 παρουσίαν
1054 688 1369 758 ἐγνώρισεν.

263 778 426 834 Οὕτω
471 780 650 835 τοίνυν
696 781 832 851 αὐτῇ
885 781 1291 851 προσφωνήσας
1341 781 1370 833 ό
1423 778 1579 848 λόγος
1602 819 1617 844 ,
1674 779 1770 833 καὶ

180 872 461 943 ὀνομάσας
505 872 697 943 αὐτὴν,
750 871 919 942 καλὴν
956 872 1054 941 μὲν
1103 871 1190 925 se:
1221 871 1282 925 τὸ
1331 871 1579 941 πλησίον,
1621 888 1772 943 περι-

183 961 388 1031 στερὰν
420 960 477 1013 δὲ
504 960 590 1013 διὰ
620 960 681 1013 τὸ
709 959 924 1025 κάλλος,
956 960 1052 1014 καὶ
1089 958 1158 1013 τά
1188 958 1387 1030 ἐφεξῆς
1414 959 1768 1030 διεξέρχεται,

180 1052 373 1107 οὐκέτι
402 1051 578 1121 λέγων
621 1053 844 1123 κρατεῖν
887 1051 980 1105 τοῦ
1018 1051 1284 1122 χειμῶνος
1310 1051 1418 1105 τῶν
1454 1051 1640 1122 ψυχῶν
1673 1050 1769 1122 τὴν

183 1145 513 1215 κατήφειαν.
576 1144 652 1197 Οὐ
702 1144 810 1216 γὰρ
863 1145 1080 1215 ἀντέχει
1134 1143 1270 1215 πρὸς
1317 1143 1414 1215 τὴν
1462 1145 1660 1199 ἀκτῖνα
1709 1143 1770 1196 τὸ

64 1236 71 1243 ’
184 1237 377 1307 κρύος.
428 1234 605 1298 Ἰδοὺ,
636 1234 819 1305 φησὶν,
852 1237 885 1289 ό
921 1235 1141 1304 χειμὼν
1169 1234 1498 1304 παρῆλθεν,
1535 1239 1568 1291 ὀ
1596 1238 1771 1305 ὑετὸς

182 1325 489 1394 ἀπῆλθεν,
534 1327 827 1395 ἐπορεύθη
869 1325 1079 1393 ἐαυτῷ.
1128 1327 1487 1400 Πολυώνυμον
1531 1333 1675 1384 ποιεῖ
1708 1330 1771 1384 τὸ

185 1420 385 1483 κακὸν,
414 1420 556 1473 κατά
576 1419 675 1483 τὰς
707 1419 968 1492 διαφορᾶς
997 1420 1106 1474 τῶν
1145 1422 1533 1494 ἐνεργημάτων
1574 1426 1772 1495 ὀνομα-

184 1510 437 1582 ζόμενον.
485 1513 544 1565 Ὀ
596 1511 757 1576 αὐτὸς
801 1512 908 1584 γὰρ
959 1513 1053 1566 καὶ
1084 1513 1313 1584 χειμὼν,
1345 1515 1439 1568 καὶ¹
1470 1516 1642 1580 ὑετὸς,
1676 1516 1771 1571 καὶ

186 1602 490 1672 σταγόνες,
522 1602 647 1657 καθ’
683 1604 912 1658 ἕκαστον
953 1603 1064 1657 τῶν
1118 1606 1399 1677 ὀνομάτων
1459 1607 1769 1679 πειρασμοῦ

183 1710 338 1756 τινος
382 1693 526 1748 κατά
574 1693 635 1748 τὸ
685 1694 886 1757 ἰδιάζον
938 1697 1361 1768 σημαινομένου.
1421 1698 1508 1751 Ἐν
1539 1698 1649 1769 γάρ
1692 1699 1771 1769 τῷ

185 1803 274 1856 χει
283 1785 442 1856 μῶνι.
464 1786 531 1840 τὰ
555 1786 817 1858 τεθηλότα
843 1787 1182 1861 μαραίνεται,
1209 1790 1271 1844 τὸ
1290 1790 1512 1844 ἐπὶτῶν
1536 1790 1772 1863 δένδρων

188 1878 410 1943 κάλλος,
439 1878 470 1931 ὃ
495 1878 584 1932 διά
612 1878 722 1933 τῶν
747 1879 961 1948 φύλλων
989 1882 1234 1951 φυσικῶς
1265 1882 1578 1948 ὡραῖζεται,
1608 1884 1775 1957 ἀπορ-

195 1972 281 2043 ρεῖ
302 1969 413 2023 τῶν
446 1968 678 2033 κλάδων,
708 1972 803 2024 καὶ
835 1974 902 2043 τῇ
934 1974 1005 2043 γῇ
1043 1972 1462 2044 καταμίγνυται.
1500 1975 1636 2046 Σιγᾷ
1664 1975 1773 2028 τῶν

196 2060 475 2131 μουσικῶν
505 2060 733 2131 ὀρνίθων
754 2063 788 2131 ἡ
814 2061 1066 2131 μελῳδία,
1102 2063 1292 2131 φεύγει
1318 2065 1351 2135 ή
1375 2061 1573 2135 ἀηδὼν,
1596 2066 1774 2136 ναρκᾷ

191 2156 225 2224 ἡ
252 2152 497 2224 χελιδὼν,
547 2153 899 2218 ἀποξενοῦται
938 2154 1036 2225 τῆς
1067 2154 1260 2218 καλιᾶς
1299 2157 1332 2226 ή
1378 2154 1591 2224 τρυγών
1617 2173 1632 2187 ’
1683 2174 1773 2226 μι-

196 2248 379 2317 μεῖται
410 2244 587 2299 πάντα
611 2245 711 2314 τὴν
741 2244 832 2299 τοῦ
856 2245 1094 2299 θανάτου
1128 2247 1451 2317 κατήφειαν,
1489 2245 1773 2317 νεκροῦται

191 2340 221 2390 ὁ
255 2337 504 2408 βλαστὸς,
541 2338 873 2409 ἀποθνήσκει
906 2340 939 2409 ή
966 2338 1091 2393 πόα.
1127 2336 1235 2393 Καὶ
1256 2338 1444 2409 ῶσπερ
1473 2340 1635 2393 ὀστέα
1668 2340 1775 2394 τῶν

194 2430 418 2502 σαρκῶν
463 2429 865 2500 κεχωρισμένα,
900 2428 1074 2493 οὕτως
1106 2432 1155 2483 oi
1202 2431 1386 2485 κλάδοι
1417 2431 1527 2485 τῶν
1562 2431 1775 2502 φύλλων

191 2520 597 2592 γυμνωθέντες,
660 2520 896 2590 εἰδεχθὲς
943 2520 1123 2591 θέαμα
1173 2522 1456 2589 γίνονται,
1508 2523 1629 2577 ἀντὶ
1676 2523 1775 2592 τῆς

191 2610 509 2683 προσούσης
537 2611 720 2675 αὐτοῖς
747 2612 813 2664 ὲκ
838 2611 946 2664 τῶν
975 2611 1219 2681 βλαστῶν
1255 2613 1505 2681 ἀγλαΐας.
1539 2613 1604 2665 Τί
1638 2612 1682 2665 δ’
1711 2612 1776 2667 ἄν

188 2722 278 2768 τις
309 2703 556 2773 λέγοιτά
584 2703 726 2757 κατά
770 2704 1044 2759 θάλασσαν
1072 2705 1241 2776 πάθη,
1284 2705 1354 2759 τά
1395 2705 1483 2760 διά
1524 2692 1617 2759 τοῦ
1660 2724 1775 2777 χει-

194 2796 378 2868 μῶνος
406 2797 697 2868 γινόμενα;
745 2796 869 2860 Πῶς
904 2798 970 2850 ἐκ
999 2796 1174 2867 βυθῶν
1212 2796 1659 2868 ἀναστρεφομένη
1683 2798 1779 2851 καὶ

190 2890 554 2945 διοιδαίνουσα
586 2888 881 2954 σκοπέλους
912 2890 1007 2943 καὶ
1050 2888 1151 2961 δρη
1201 2892 1479 2960 μιμεῖται,
1530 2888 1667 2960 πρὸς
1716 2887 1778 2942 τὸ

190 2981 380 3052 ὄρθιον
410 2981 595 3052 σχῆμα
639 2980 1019 3052 κορυφουμένη
1060 2979 1139 3051 τῷ
1173 2979 1360 3047 ὕδατι;
1401 2980 1527 3044 Πῶς
1561 2980 1778 3052 ἐφορμᾷ

1871 502 2133 575 Spiritus.

1940 777 2078 832 Cum
2109 793 2240 849 ergo
2267 778 2347 834 sic
2374 788 2491 832 eam
2519 778 2757 833 allocuta
2782 786 2933 835 esset
2960 778 3158 844 oratio,
3193 785 3247 834 et
3275 779 3448 850 ipsam

1871 869 2092 941 quidem
2127 870 2469 925 nominasset
2513 870 2798 940 pulchram
2846 879 3074 941 propter
3126 872 3450 942 prepinqui-

1869 968 2057 1025 tatem,
2090 961 2398 1015 columbam
2430 970 2610 1016 autem
2647 969 2871 1032 propter
2926 962 3391 1032 pulchritudinem
3430 1006 3445 1030 ,

1870 1052 2225 1123 persequitur
2253 1051 2306 1106 id
2339 1053 2484 1123 quod
2506 1051 2770 1121 deinceps
2802 1053 3069 1121 sequitur,
3107 1053 3297 1108 dicens
3340 1068 3449 1107 non

1871 1143 2106 1213 amplius
2137 1144 2410 1198 dominari
2440 1144 2636 1199 hiemis
2665 1144 2973 1198 animarum
3010 1143 3312 1199 tristitiam.
3346 1142 3451 1199 Ne-

1871 1248 1978 1304 que
2006 1233 2153 1287 enim
2186 1232 2362 1303 frigus
2405 1233 2615 1288 resistit
2655 1233 2833 1288 radio.
2868 1237 3003 1287 Ecce
3042 1226 3210 1294 enim,
3251 1234 3448 1304 inquit,

1870 1326 2036 1381 hiems
2058 1326 2338 1396 prteren'it,
2360 1323 2526 1378 imber
2549 1326 2679 1378 abiit
2702 1333 2752 1379 et
2783 1341 2838 1379 se
2866 1326 3077 1393 recepit.
3109 1325 3252 1380 Malo
3279 1328 3450 1380 multa

1873 1419 2067 1473 tribuit
2093 1419 2338 1479 nomina,
2379 1424 2439 1471 ut
2470 1416 2617 1487 quod
2653 1417 2968 1471 nominetur
3025 1432 3091 1471 ex
3132 1416 3451 1474 diil‘erentiis

1870 1510 2274 1580 operationum.
2296 1508 2437 1563 idem
2459 1508 2605 1564 enim
2634 1516 2689 1561 et
2716 1507 2890 1563 hiems
2908 1507 3153 1563 etimber
3185 1517 3239 1562 et
3268 1509 3449 1572 stilizc,

1871 1608 1927 1655 et
1949 1600 2336 1655 convenienter
2363 1598 2660 1668 unicuique
2686 1598 2897 1652 nomini
2934 1599 3235 1654 tentatione
3271 1599 3453 1670 aliqua

1871 1706 1939 1746 ex
1976 1690 2308 1763 proprietate
2346 1688 2673 1760 signiﬁcata,
2723 1687 2926 1742 dicitur
2963 1689 3160 1750 hiems,
3225 1697 3451 1760 propter

1875 1783 2229 1852 multiplicem
2263 1782 2528 1836 maiorum
2568 1781 3053 1852 signiﬁcationem.
3100 1779 3237 1834 Nam
3275 1781 3456 1836 hieme

1873 1881 1927 1928 et
1958 1889 2079 1943 quae
2107 1872 2484 1942 germinarant
2527 1878 2914 1936 marcescunt,
2947 1878 3001 1926 et
3036 1871 3294 1925 arborum
3328 1870 3452 1940 pul-

1874 1965 2152 2030 chritudo,
2181 1980 2302 2034 quae
2327 1965 2653 2020 naturaliter
2681 1979 2838 2020 suam
2880 1971 3224 2019 venustatem
3263 1978 3328 2018 ac
3360 1963 3455 2019 de-

1874 2067 2058 2108 corem
2090 2053 2302 2122 accepit
2335 2067 2366 2106 a
2405 2051 2584 2117 foliis,
2617 2051 2820 2108 excidit
2853 2067 2882 2104 a
2910 2050 3059 2107 foliis
3087 2060 3142 2105 et
3190 2052 3455 2107 miscetur

1876 2153 2071 2208 terrae;
2118 2144 2454 2198 musicarum
2509 2143 2692 2196 avium
2749 2142 2872 2198 si-let
2928 2148 3274 2198 concentus:
3318 2140 3455 2211 fugit
3498 2132 3505 2137 ’

1875 2233 2135 2297 luscinia,
2174 2238 2355 2303 torpet
2385 2231 2646 2299 hirundo,
2679 2247 2707 2286 a
2740 2232 2871 2286 nido
2918 2232 3302 2302 peregrinatur
3340 2239 3457 2286 tur-

1878 2326 2304 2389 tur;imitantur
2336 2326 2520 2380 omnia
2550 2324 2838 2381 tristitiam
2868 2324 3082 2402 mortis,
3112 2324 3303 2380 interit
3336 2340 3457 2395 ger—

1875 2431 2023 2476 men,
2056 2416 2292 2471 moritur
2320 2416 2483 2471 herba
2512 2430 2530 2469 :
2562 2423 2616 2470 et
2640 2430 2753 2486 quo
2777 2414 2940 2470 modo
2972 2431 3100 2470 ossa
3144 2424 3393 2487 separata
3428 2432 3454 2468 a

1876 2507 2159 2573 carnibus,
2192 2508 2266 2561 ita
2296 2508 2434 2561 rami
2464 2507 2658 2562 nudati
2715 2507 2861 2562 foliis
2910 2508 3156 2564 deforme
3219 2508 3458 2563 evadunt

1877 2600 2276 2670 spectaculum,
2320 2614 2419 2669 pro
2446 2599 2631 2669 specie
2670 2613 2737 2652 ac
2770 2598 2969 2654 decore
2999 2598 3093 2667 qui
3134 2599 3216 2653 eis
3269 2600 3459 2655 aderat

1876 2706 1943 2746 ex
1976 2690 2339 2761 germinibus.
2366 2689 2508 2756 Quid
2538 2700 2719 2745 autem
2764 2703 3201 2744 commemorare
3256 2692 3453 2747 attinet

1876 2798 1941 2838 ea
1974 2798 2096 2853 quae
2148 2782 2204 2836 in
2239 2783 2377 2836 mari
2421 2782 2597 2838 hieme
2661 2779 2957 2845 accidunt,‘
2996 2783 3457 2851 quemadmodum

1878 2876 1948 2931 ab
1981 2876 2091 2930 imo
2119 2890 2372 2930 eversum
2405 2882 2460 2930 et
2505 2873 2863 2928 tumefactum
2924 2875 3181 2943 scopulos
3214 2875 3456 2929 imitatur

1878 2974 1933 3023 et
1962 2975 2198 3029 montes,
2258 2965 2312 3020 in
2350 2973 2556 3020 rectam
2593 2964 2821 3034 ﬁguram
2854 2964 3031 3019 instar
3060 2965 3286 3020 verticis
3317 2980 3459 3037 aqua

193 3073 452 3143 καθάπερ
495 3072 729 3143 πολεμία
773 3074 840 3143 τῇ
887 3073 958 3143 γῇ
980 3113 995 3134 .
1040 3071 1180 3143 ὑπὲρ
1226 3072 1328 3136 τάς
1373 3073 1540 3144 μονάς
1583 3072 1776 3143 ἑαυτὴν

1949 3057 2205 3127 stigiata?
2254 3056 2716 3127 quemadmodum
2763 3056 2819 3110 in
2874 3064 3077 3111 terram
3113 3057 3293 3118 irruit.
3349 3072 3461 3112 non

198 3164 612 3219 ὲπεκὸάλλουσα
630 3204 645 3228 ,
691 3163 785 3217 καὶ
825 3165 945 3228 ταῖς
994 3162 1313 3235 ἐπαλλήλοις
1359 3163 1469 3217 τῶν
1516 3164 1777 3234 κυμάτων

198 3254 442 3327 πληγαῖς
474 3253 584 3310 οἷόν
633 3272 743 3309 τισι
788 3255 1197 3328 μηχανημάτων
1244 3255 1569 3327 προσϐολαῖς
1609 3255 1777 3328 αὐτὴν

199 3348 591 3407 κατασείουσα.
643 3348 805 3401 Ἀλλά
830 3364 918 3419 μοι
949 3348 1057 3401 νόει
1095 3348 1165 3401 τά
1191 3345 1284 3401 τοῦ
1315 3346 1580 3418 χειμῶνος
1605 3346 1775 3418 πάθη,

194 3442 375 3497 ταῦτα
410 3441 508 3495 καὶ
533 3440 604 3494 τά
630 3438 854 3493 τοιαῦτα
877 3438 1055 3493 πάντα
1077 3438 1519 3510 μεταλαμϐάνων
1544 3440 1624 3502 είς
1649 3455 1778 3510 τρο-

198 3531 371 3604 πικὴν
402 3530 699 3601 σημασίαν.
732 3529 798 3581 Τί
826 3530 974 3582 ἐστιν
999 3529 1056 3581 ὲν
1077 3527 1307 3598 χειμῶνι
1334 3527 1395 3581 τὸ
1421 3526 1694 3581 ἀπανθοῖω
1717 3543 1778 3579 τε

198 3622 299 3677 καὶ
330 3620 755 3692 μαραινόμενον;
804 3618 869 3672 Τί
899 3618 960 3672 τὸ
1002 3619 1081 3681 είς
1106 3618 1211 3689 γῆν
1236 3619 1302 3671 ὲκ
1325 3616 1434 3671 τῶν
1460 3617 1778 3689 ἀκρεμόνων

198 3713 607 3784 ἀναλυόμενον;
657 3711 753 3774 Τίς
798 3711 831 3781 ἡ
880 3708 1140 3763 σιωπῶσα
1170 3708 1279 3764 τῶν
1313 3708 1524 3780 ᾠδικῶν
1550 3708 1780 3780 ὀρνίθων

203 3804 389 3874 φωνή;
438 3802 535 3865 Τίς
557 3804 591 3870 ὴ
622 3799 867 3855 θάλασσα
898 3801 931 3870 ἡ
966 3784 1321 3871 ἐπωρυομένη
1346 3801 1457 3862 τοῖς
1486 3798 1676 3864 ὖδασι;
1715 3800 1780 3853 Τί

201 3896 300 3950 ὲπὶ
329 3893 542 3957 τούτοις
573 3894 602 3947 ό
632 3892 815 3957 ὑετός;
864 3891 1022 3955 Τίνες
1064 3889 1158 3944 τοῦ
1196 3889 1354 3945 ὑετοῦ
1389 3892 1444 3945 αί
1478 3892 1777 3960 σταγόνεςς

201 3988 333 4049 Πῶς
358 3984 537 4055 ἑαυτῷ
568 3982 862 4055 πορεύεται
890 3984 918 4036 ό
946 3981 1100 4044 ὑετός
1132 3999 1148 4049 ;
1200 3980 1299 4035 Διά
1338 3982 1530 4037 τούτου
1560 3982 1690 4055 γὰρ,
1719 3983 1780 4037 τὸ

204 4078 452 4148 ἔμψυχόν
478 4093 539 4129 τε
578 4076 673 4129 καὶ
698 4074 1080 4146 προαιρετικὸν
1106 4072 1202 4127 τοῦ
1234 4074 1476 4129 τοιούτου
1515 4075 1782 4147 χειμῶνος

206 4165 576 4237 ὑποσημαίνει
595 4165 659 4218 τὸ
683 4163 933 4233 αἴνιγμα.

278 4322 434 4392 Τάχα
465 4318 574 4390 γὰρ
602 4316 707 4372 κᾶν
739 4317 815 4389 μὴ
842 4316 985 4372 ’καθ’
1030 4317 1260 4371 ἕκαστον
1295 4318 1607 4393 διασαφήση
1636 4320 1665 4373 ό
1691 4318 1782 4373 λό-

203 4432 325 4486 γος,
355 4411 620 4485 πρόδηλός
656 4413 774 4464 ἐστι
805 4410 885 4481 τῷ
932 4409 1225 4464 ἀκούσαντι
1251 4412 1285 4482 ἡ
1314 4412 1545 4466 ἑκάστου
1579 4411 1784 4466 τούτων

206 4505 592 4578 ἐμφαινομένη
618 4502 827 4556 διάνοια
861 4518 876 4532 ο
929 4501 1046 4566 πῶς
1079 4501 1321 4573 ὲτεθήλει
1354 4502 1415 4556 τὸ
1440 4503 1720 4574 καταρχὰς
1752 4505 1786 4574 ή

206 4597 527 4669 ἀνθρωπίνη
562 4595 744 4665 φύσις,
778 4593 883 4657 ἕως
920 4594 977 4647 ὲν
1008 4593 1095 4675 τῷ.
1116 4594 1431 4668 παραδείσῳ
1457 4591 1546 4667 ἦν,
1584 4595 1663 4667 τῷ
1688 4596 1789 4667 τῆς

206 4687 395 4758 πηγῆς
444 4685 659 4755 ἐκείνης
707 4683 859 4737 ὕδατι
888 4685 1209 4758 πιαινομένη
1238 4686 1332 4740 καὶ
1360 4684 1625 4740 θάλλουσα
1648 4725 1664 4750 ,
1700 4686 1811 4745 ὅτε(

204 4776 278 4852 ἦν
327 4778 448 4832 ἀντὶ
498 4776 710 4847 φύλλων
741 4777 770 4828 ό
796 4775 893 4846 τῆς
920 4776 1218 4839 ἀθανασίας
1250 4776 1496 4846 βλαστὸς,
1536 4777 1789 4850 ὡραῖζων

207 4870 310 4941 τὴν
340 4869 532 4939 φύσιν·
571 4865 708 4921 ἀλλά
757 4866 852 4920 τοῦ
902 4867 1172 4938 χειμῶνος
1220 4873 1317 4941 τῆς
1358 4872 1646 4942 παρακοῆς
1689 4872 1789 4944 τὴν

211 4963 370 5034 ῥίζαν
401 4960 877 5031 ἀποξηράναντος,
926 4960 1256 5031 ἀπετινάχθη
1286 4962 1346 5014 τὸ
1375 4962 1551 5026 ἄνθος,
1584 4963 1680 5017 καὶ
1707 4964 1789 5027 είς

209 5055 315 5127 γῆν
379 5052 613 5123 ἀνελύθη
640 5091 655 5115 ,
729 5051 823 5105 καὶ
886 5050 1175 5122 ἐγυμνώθη
1243 5052 1335 5105 τοῦ
1401 5053 1629 5118 κάλλους
1687 5056 1788 5127 τῆς

211 5145 509 5208 ἀθανασίας
542 5145 572 5198 ό
604 5141 909 5213 ἄνθρωπος,
935 5144 1029 5196 καὶ
1070 5144 1103 5213 ή
1144 5141 1252 5196 τῶν
1289 5143 1500 5214 ἀρετῶν
1531 5145 1636 5198 πόα
1658 5161 1788 5198 κατ-

211 5234 484 5307 εξηράνθη
508 5272 523 5299 ,
569 5233 669 5304 τῆς
712 5234 848 5305 πρὸς
890 5234 980 5286 τὸν
1023 5233 1154 5287 θεὸν
1185 5233 1403 5304 ἀγάπης
1443 5233 1533 5287 διὰ
1564 5234 1626 5287 τὸ
1651 5235 1787 5307 πληο
1817 5215 1864 5274 υ

210 5327 474 5398 θυνθῆναι
519 5325 617 5397 τὴν
655 5326 884 5397 ἀνομίαν
928 5324 1369 5396 καταψυχούσης,
1415 5324 1536 5379 ὅθεν
1560 5326 1628 5381 τά
1662 5344 1783 5380 ποι-

209 5420 334 5477 κίλα
384 5417 536 5489 πάθη
596 5418 710 5480 τοῖς
773 5416 1166 5487 ἀντικειμένοις
1208 5415 1512 5485 πνεύμασιν
1554 5416 1612 5469 ὲν
1655 5416 1787 5487 ἡμῖν

209 5507 557 5584 έκορυφὼθη,
593 5507 663 5561 δι’
700 5499 774 5561 ὧν
818 5506 885 5560 τά
936 5507 1148 5598 πονηροά
1190 5506 1291 5576 τῆς
1334 5494 1511 5577 ψυχῆς
1555 5506 1788 5575 ναυάγια

207 5602 439 5672 γίνεται.
481 5599 621 5653 Ἀλλ’
648 5599 890 5663 ἐλθόντος
915 5597 1010 5651 τοῦ
1051 5595 1118 5649 τδ
1142 5595 1240 5668 ἔαρ
1265 5596 1374 5651 τῶν
1400 5596 1587 5668 ψυχῶν
1626 5597 1786 5668 ήμῶν

207 5694 635 5766 ἐμποιήσαντος,
663 5688 741 5755 ὃς,
778 5687 871 5742 τοῦ
898 5683 1136 5759 πονηροῦ
1159 5685 1363 5757 ἀνέμου
1395 5684 1493 5758 τὴν
1514 5685 1787 5742 θάλασσάν

1884 3162 2047 3203 secus
2074 3155 2243 3217 atque
2273 3146 2450 3202 hostis
2476 3160 2774 3216 erumpens
2807 3145 2952 3199 ultra
2985 3146 3119 3201 lines
3152 3161 3266 3200 suae
3300 3145 3461 3201 habi-

1884 3239 2132 3303 tationis,
2161 3245 2216 3293 et
2243 3236 2611 3307 frequentium
2646 3236 2915 3291 undarum
2952 3236 3177 3300 ictibus,
3200 3244 3475 3307 tanquam‘

1885 3330 2166 3401 aliquibus
2191 3329 2572 3383 machinarum
2611 3328 2933 3393 insultibus,
2962 3329 3136 3397 ipsam
3170 3328 3462 3399 quatiens?

1886 3421 1995 3477 Sed
2033 3421 2134 3475 has
2164 3427 2221 3475 et
2256 3434 2377 3489 qua:
2404 3428 2534 3474 sunt
2564 3417 2880 3487 huiusmodi
2915 3418 3114 3473 hiemis
3146 3419 3463 3475 aﬂ‘ectioncs

1884 3530 2080 3570 omnes
2096 3513 2229 3567 mihi
2251 3519 2434 3566 mente
2468 3524 2627 3565 versa
2666 3511 2733 3563 ad
2780 3510 3048 3580 tropicam
3081 3511 3358 3567 deducens
3387 3513 3463 3567 si-

1884 3603 2311 3674 gniﬁcationem.
2347 3598 2488 3665 Quid
2531 3599 2603 3652 sit
2643 3598 2788 3666 quod
2840 3598 3017 3651 hieme
3053 3598 3365 3654 deﬂorescit
3408 3608 3464 3654 ct

1885 3688 2213 3745 marcescit?
2234 3686 2375 3752 Quid
2404 3686 2476 3741 sit
2508 3686 2651 3755 quod
2688 3686 2741 3739 in
2764 3692 2966 3739 terram
2996 3700 3062 3739 ex
3094 3687 3263 3742 ramis
3293 3689 3466 3743 resol-

1886 3771 2341 3845 vitur?Quaent\m
2366 3777 2438 3833 sit
2456 3792 2560 3832 vox
2582 3791 2703 3846 quae
2731 3776 2857 3853 silet
2885 3790 3216 3831 canor-arum
3241 3780 3463 3834 avium?

1884 3872 2160 3944 quodnam
2204 3871 2278 3926 sit
2318 3883 2467 3925 mare
2514 3869 2660 3939 quod
2692 3870 2838 3938 rugit
2875 3867 3172 3925 ﬂuctibus?
3198 3868 3460 3936 Quisnam

1884 3965 2083 4022 deinde
2120 3965 2193 4020 sit
2224 3964 2442 4020 imber?
2466 3963 2599 4030 Qua:
2616 3964 2727 4019 sint
2748 3963 2941 4020 imbris
2966 3965 3165 4020 stillae?
3193 3964 3463 4033 Quemad-

1886 4056 2107 4112 modum
2145 4053 2323 4109 imber
2353 4054 2509 4110 abeat
2545 4063 2598 4109 et
2640 4068 2700 4110 se
2719 4052 3119 4123 recipiat?Per
3150 4054 3256 4111 hoc
3292 4058 3460 4122 enim,

1887 4149 1940 4202 id
1969 4145 2118 4217 quod
2152 4154 2237 4200 est
2272 4146 2573 4200 animatum
2605 4152 2659 4201 et
2692 4145 3121 4201 iiberozarbitrio
3150 4148 3458 4217 praeditum,

1887 4240 2055 4295 tacite
2088 4237 2361 4308 signiﬁcat
2399 4238 2632 4308 aenigma
2668 4238 2837 4309 hujus
2853 4237 3071 4292 hiemis.

1959 4328 2125 4384 Forte
2156 4327 2303 4384 enim
2355 4328 2460 4385 etsi
2513 4329 2727 4399 singula
2758 4343 2867 4383 non
2908 4326 3199 4396 explicarit
3251 4329 3459 4396 oratio,

1889 4417 2128 4475 auditori
2168 4419 2276 4472 erit
2308 4415 2602 4471 manifesta
2648 4415 2920 4472 sententia
2956 4429 3077 4485 quae
3128 4431 3189 4471 se
3224 4419 3466 4473 ostendit

1889 4511 1944 4565 in
1984 4522 2320 4579 unoquoque
2347 4521 2538 4562 eorum
2565 4524 2579 4559 :
2610 4506 3071 4576 quemadmodum
3102 4508 3155 4562 in
3184 4507 3338 4563 initio
3364 4509 3467 4563 hu-

1889 4614 2054 4656 mana
2086 4598 2416 4670 germinavit
2450 4605 2669 4662 natura,
2699 4598 2942 4668 quandiu
2979 4598 3080 4653 fuit
3102 4600 3155 4654 in
3187 4600 3461 4670 paradiso,

1889 4705 2032 4761 aqua
2082 4690 2248 4745 illius
2279 4688 2447 4744 fontis
2478 4688 2702 4758 irrigata
2736 4697 2791 4743 et
2845 4689 3210 4758 germinans:
3244 4690 3465 4760 quando

1872 4790 2009 4837 erat
2041 4796 2143 4853 pro
2174 4780 2324 4836 foliis
2359 4795 2580 4852 germen
2614 4779 3067 4846 immortalitatis,
3096 4787 3346 4834 naturam
3376 4782 3465 4837 de-

1889 4871 2233 4937 corans;sed
2273 4886 2399 4927 cum
2441 4870 2620 4926 hiems
2657 4868 3045 4925 inohedientim
3091 4869 3332 4922 radicem
3370 4884 3463 4925 ex-

1887 4964 2176 5027 siccassel,
2203 4960 2305 5017 ﬂos
2334 4962 2389 5016 in
2427 4970 2629 5018 terram
2666 4975 2936 5017 excussus
2989 4958 3462 5026 est,-dissolutus,

1870 5063 1941 5110 .et
1969 5054 2209 5110 nudatus
2247 5054 2355 5109 fuit
2383 5054 2548 5110 homo
2584 5069 2616 5109 a
2671 5051 3080 5125 pulchritudine
3139 5052 3462 5107 immortali-

1872 5145 2039 5210 .tatis,
2073 5153 2129 5199 et
2164 5144 2442 5200 exsiccata
2476 5144 2581 5199 fuit
2607 5145 2777 5199 herba
2819 5144 3107 5205 virtutum,
3140 5142 3461 5214 refrigerata

1890 5237 1948 5292 in
1981 5236 2150 5291 Deum
2222 5233 2523 5298 charitate,
2562 5242 2846 5303 propterea
2923 5233 3071 5304 quod
3126 5233 3462 5290 abundasset

1892 5326 2177 5397 iniquitas,
2211 5324 2355 5381 unde
2393 5324 2560 5379 variat
2588 5326 2903 5382 aﬂectiones
2949 5324 3198 5381 adversis
3241 5324 3462 5382 ﬂatibus

1891 5416 1948 5475 in
1979 5419 2139 5474 nobis
2195 5425 2326 5473 sunt
2360 5417 2416 5471 in
2448 5418 2618 5471 altum
2666 5417 2947 5483 excitatae,
3004 5432 3101 5487 per
3151 5432 3289 5487 quas
3330 5417 3465 5473 iiunt

1892 5509 2035 5565 mala
2070 5509 2265 5564 anima:
2297 5508 2605 5577 naufragia.
2642 5506 2748 5563 Sed
2776 5523 2901 5563 cum
2956 5510 3202 5565 venisset
3230 5510 3322 5580 qui
3369 5524 3466 5566 ver

1892 5600 1947 5655 in
1983 5600 2189 5656 nostris
2222 5600 2421 5655 animis
2461 5599 2661 5655 indidit
2713 5615 2778 5656 ac
2811 5602 3137 5672 procreavit,
3184 5601 3300 5672 qui,
3336 5614 3463 5654 cum

1892 5693 2068 5748 malus
2105 5700 2300 5749 ventus
2332 5707 2482 5749 mare
2518 5692 2814 5764 aliquando
2835 5694 3131 5751 excitasset
3186 5700 3238 5748 et
3272 5696 3463 5748 ventos
