3752 5984
333 295 431 350 871

1533 299 1590 354 S.
1621 299 1948 356 GREGORII
1980 299 2274 356 NYSSENI

3483 303 3594 360 872

336 413 614 480 increpat,
661 419 716 469 et
753 411 887 466 dicit
931 412 1110 468 mari:
1169 413 1336 480 Tace,
1377 415 1710 470 obmutesce:
1756 425 1809 472 et
1835 418 1891 473 ad

2079 435 2133 470 τε
2167 416 2551 487 διεγείραντος,
2585 415 2677 472 καὶ
2721 414 2840 481 τοῖς
2877 416 3180 488 πνεύμασιν
3208 419 3466 491 ἐπιτιμᾷ,
3499 429 3596 476 καὶ

332 503 679 558 serenitatem
708 511 762 557 et
793 505 1243 574 tranquillitatem
1283 507 1502 561 redacta
1532 515 1658 562 sunt
1694 509 1896 572 omnia,

329 600 383 645 et
425 607 620 646 rursus
684 592 876 662 incipit
933 602 1120 649 nostra
1174 603 1369 648 natura
1427 598 1662 667 propriis
1713 600 1897 654 ornari

329 681 599 747 ﬂoribus;
641 685 770 737 vitae
799 695 980 739 autem
1038 694 1239 740 nostra:
1270 686 1428 743 ﬂores
1463 689 1716 752 virtutes,
1753 706 1900 745 nunc

329 770 549 838 quidem
591 771 804 836 ﬂorent,
845 789 1003 827 suum
1036 783 1216 828 autem
1252 776 1489 831 fructum
1519 779 1760 848 praebent
1798 795 1899 836 suo

330 870 593 930 tempore.
648 863 945 933 Propterea
971 865 1105 920 dicit
1153 867 1454 937 Scriptura:
1486 877 1685 936 textus,
1716 873 1897 926 Hiems

327 953 607 1018 pra’teriit,
630 953 798 1006 imber
822 953 978 1018 abiit,
1007 972 1060 1009 se
1091 958 1300 1025 rerepit.
1327 956 1513 1012 Flores
1552 961 1648 1013 visi
1676 971 1797 1014 sunt
1843 961 1897 1014 in

330 1054 495 1106 terra,
521 1051 719 1110 tempus
747 1047 1041 1113 putationis
1077 1047 1305 1101 advenit.
1335 1047 1522 1115 Vides,
1555 1051 1748 1121 inquit,
1774 1066 1899 1121 pra-

328 1141 444 1187 tum
479 1134 680 1188 ﬂorens
713 1135 1050 1190 virtutibus?
1089 1136 1252 1192 Vides
1302 1141 1739 1208 temperantiam,
1794 1143 1898 1196 hoc

326 1233 411 1280 est
437 1226 779 1293 splendidum
811 1239 864 1281 et
905 1228 1042 1282 bene
1072 1231 1226 1285 olens
1266 1230 1438 1283 lilium
1467 1232 1490 1285 ?
1525 1232 1686 1288 Vides
1724 1233 1898 1302 pudo-

329 1331 464 1380 rem,
505 1317 729 1369 rosam?
753 1317 914 1372 Vides
933 1317 1154 1382 violam,
1175 1323 1376 1376 Christi
1407 1323 1609 1378 bonum
1637 1324 1898 1380 odorem?

326 1405 439 1459 Cur
497 1421 625 1476 ergo
685 1423 785 1477 per
831 1409 945 1464 lucc
981 1426 1086 1463 non
1135 1412 1276 1466 texis
1307 1415 1608 1468 coronam?
1661 1414 1775 1471 Hoc
1814 1423 1898 1471 est

288 1477 542 1565 'tempus
590 1499 643 1551 in
685 1513 794 1568 quo
857 1499 944 1554 his
1008 1501 1254 1557 collectis
1311 1512 1528 1572 oportet
1589 1506 1899 1575 hujusmodi

325 1590 547 1644 coronis
605 1592 812 1645 ornari.
880 1592 1104 1661 Tempus
1153 1597 1442 1664 putationis
1501 1597 1728 1653 advenit.
1786 1598 1899 1654 Hoc

325 1682 656 1737 testiﬁcatur
682 1699 784 1738 vox
823 1686 1075 1747 turturis.
1106 1687 1158 1740 id
1205 1695 1308 1752 est,
1348 1703 1452 1742 vox
1497 1691 1788 1746 clamantis
1840 1693 1896 1745 in

2004 511 2070 579 τῇ
2103 508 2342 578 θαλάσσῃ
2375 508 2541 576 λέγει,
2575 509 2791 575 Σιώπα,
2810 510 3138 579 πεφίμωσο,
3170 513 3349 565 πάντα
3378 515 3464 574 είς
3495 531 3597 582 γα-

2005 599 2192 669 λήνην,
2238 601 2332 653 καὶ
2367 600 2627 670 νηνεμίαν
2675 602 3100 672 μετεσκευάσθη,
3133 604 3226 656 καὶ
3253 605 3423 658 πάλιν
3459 607 3596 659 ἀνα-

2006 688 2217 742 θάλλειν
2265 689 2510 760 ἄρχεται,
2559 692 2652 743 καὶ
2700 693 2811 754 τοῖς
2857 691 3008 755 ἰδίοις
3072 692 3287 746 ἄνθεσιν
3346 697 3378 765 ὴ
3426 696 3593 764 φύσις

2005 781 2160 850 ἡμῶν
2189 781 2481 853 ὡραῖζεται
2503 797 2516 811 ·
2548 779 2680 852 ἄνθη
2709 782 2766 834 δὲ
2795 783 2892 853 τῆς
2922 783 3066 855 ζωῆς
3093 786 3250 855 ἡμῶν
3277 788 3334 838 αἱ
3367 789 3591 857 ἀρεταὶ,

2004 873 2099 927 νῦν
2127 872 2225 943 μὲν
2251 873 2530 936 άνθοῦσαι,
2558 875 2648 927 τὸν
2675 874 2730 926 δὲ
2757 876 2967 946 καρπὸν
2995 877 3174 931 αὐτῶν
3196 879 3272 948 τῷ
3302 880 3422 950 ἰδίῳ
3449 898 3594 950 παρ-

2004 963 2255 1033 εχόμεναι
2286 963 2480 1034 καιρῷ.
2516 964 2612 1017 Διὰ
2637 963 2793 1017 τοῦτό
2815 983 2978 1036 φησιν
3005 969 3033 1039 6
3062 967 3234 1036 λόγος,
3272 970 3329 1020 Ὁ
3361 971 3595 1039 χειμὼν

2003 1051 2332 1122 παρῆλθεν,
2367 1057 2399 1107 d
2431 1055 2602 1120 ὑετὸς
2629 1055 2922 1124 ἀπῆλθεν,
2951 1037 3242 1126 ἐπορεύθη
3265 1037 3490 1124 ἑαυτῷο
3520 1064 3593 1116 τὰ

2003 1143 2154 1212 ἄνθη
2179 1144 2344 1214 ὤφθη
2376 1147 2446 1199 ἐν
2475 1145 2550 1215 τῇ
2574 1145 2668 1215 γῇ,
2699 1148 2904 1216 καιρὸς
2935 1147 3047 1216 τῆς
3077 1149 3260 1218 τομῆς
3291 1151 3588 1218 ἔφθακεν.

2015 1233 2197 1305 Ὁρᾷς,
2247 1237 2398 1306 φησι,
2443 1237 2534 1289 τὸν
2567 1236 2805 1306 λειμῶνα
2855 1237 2945 1291 τὸν
2981 1239 3067 1291 διὰ
3099 1239 3208 1291 τῶν
3241 1240 3460 1309 ἀρετῶν
3496 1243 3592 1294 ἀν-

2003 1323 2231 1391 θοῦντα;
2272 1325 2432 1395 Ὁρᾷς
2459 1325 2555 1396 τὴν
2597 1327 2952 1398 σωφροσύνην
2971 1370 2985 1393 ,
3015 1329 3172 1382 τοῦτό
3199 1332 3314 1383 ἐστι
3344 1331 3407 1382 τὸ
3441 1331 3589 1400 λαμ-

2003 1415 2138 1484 πρόν
2163 1432 2220 1467 τε
2245 1416 2338 1468 καὶ
2361 1416 2557 1478 εὑῶδες
2578 1417 2760 1486 κρίνον
2782 1433 2796 1480 ;
2830 1419 2991 1489 Ὁρᾷς
3009 1419 3106 1490 τὴν
3128 1421 3276 1483 αῑδὼ,
3300 1421 3363 1472 τὸ
3387 1424 3548 1493 ῥόδον
3568 1438 3584 1487 ;

2001 1505 2060 1557 τὸ
2091 1507 2167 1558 ἴον
2186 1547 2200 1568 ,
2227 1505 2318 1558 τοῦ
2349 1508 2585 1577 Χριστοῦ
2620 1509 2993 1580 τὴνεὺωδίαν;
3022 1512 3086 1563 Τί
3112 1507 3203 1564 οὖν
3228 1513 3286 1564 ού
3316 1531 3585 1581 στεφανο-

2003 1594 2222 1658 πλοκείς
2254 1595 2341 1649 διὰ
2369 1597 2608 1663 τούτων;
2650 1592 2818 1662 Οὗτός
2851 1602 2997 1652 ἐστιν
3025 1601 3053 1653 6
3086 1603 3275 1671 καιρὸς
3300 1603 3358 1655 έν
3397 1597 3445 1670 ᾧ
3473 1605 3581 1675 χρὴ

2001 1683 2336 1754 δρεψάμενον
2359 1691 2424 1758 τῇ
2455 1687 2628 1760 πλοκῇ
2656 1690 2764 1743 τῶν
2791 1691 3041 1744 τοιούτων
3075 1693 3354 1761 στεφάνων
3375 1696 3584 1762 ἐγκαλ-

324 1774 543 1828 deserto
567 1776 634 1828 ⁸³.
663 1773 900 1830 Joannes
925 1779 1069 1831 enim
1104 1785 1186 1832 est
1215 1787 1416 1834 turtur.
1459 1780 1507 1836 Is
1541 1791 1624 1837 est
1654 1797 1891 1851 praecur-

2081 1779 2358 1834 πίσασθαι.
2415 1782 2471 1834 Ὁ
2500 1783 2702 1850 καιρὸς
2744 1785 2855 1853 τῆς
2893 1787 3080 1855 τομῆς
3108 1790 3351 1856 ἔφθακε.
3405 1790 3581 1843 Τοῦτό

323 1879 418 1918 sor
453 1866 700 1934 praeclari
741 1866 908 1934 hujus
957 1869 1124 1932 veris,
1164 1871 1257 1938 qui
1309 1872 1552 1926 ostendit
1584 1871 1895 1928 hominibus

323 1955 583 2024 pulchros
616 1955 776 2012 ﬂores
810 1957 1048 2023 virtutis,
1095 1966 1149 2013 et
1180 1961 1407 2030 porrigit
1441 1963 1509 2016 iis
1567 1962 1661 2030 qui
1700 1964 1897 2018 volunt

323 2042 483 2097 ﬂores
538 2044 834 2112 colligere:
894 2061 991 2115 per
1020 2063 1158 2116 quos
1219 2050 1544 2105 ostendebat
1573 2051 1761 2106 ﬂorem
1798 2053 1892 2122 qui

319 2137 431 2189 exit
465 2151 494 2190 e
525 2136 708 2191 radice
754 2134 930 2202 Jesse,
979 2155 1173 2208 nempe
1230 2140 1443 2211 Agnum
1485 2141 1581 2197 Dei
1636 2143 1730 2214 qui
1789 2143 1894 2197 tol-

323 2227 384 2279 lit
414 2235 633 2296 peccata
657 2229 876 2287 mundi.
907 2235 961 2284 et
987 2231 1311 2300 suggerebat
1340 2233 1405 2286 de
1438 2233 1598 2288 malis
1630 2233 1895 2303 paeniten-

323 2318 475 2382 tiam,
513 2327 566 2374 et
596 2321 764 2373 vitam
797 2319 1102 2390 degendam
1135 2337 1198 2376 ex
1236 2322 1468 2378 virtute.

2003 1885 2082 1920 σοι
2115 1869 2538 1940 διαμαρτύρεται
2577 1873 2608 1942 ἡ
2645 1872 2796 1942 φωνὴ
2823 1877 2923 1944 τῆς
2955 1875 3247 1943 τρυγόνος,
3292 1879 3579 1931 τουτέστιν

2001 1961 2035 2028 ἠ
2067 1961 2216 2031 φωνὴ
2240 1960 2333 2013 τοῦ
2370 1961 2597 2031 βοῶντος
2639 1964 2695 2016 ὲν
2725 1967 2790 2034 τῇ
2824 1965 3032 2036 ἐρήμῳ.
3078 1967 3332 2038 Ἰωάννης
3358 1971 3511 2022 ἐστὶν
3544 1973 3577 2039 ἡ

2000 2052 2232 2122 τρυγών.
2279 2048 2445 2116 Οὗτος
2474 2056 2502 2106 6
2527 2053 2620 2106 τοῦ
2648 2055 2871 2125 φαιδροῦ
2905 2056 3062 2126 ἔαρος
3090 2059 3416 2129 πρόδρομος,
3447 2063 3474 2113 6
3509 2061 3577 2114 τὰ

1999 2141 2138 2195 καλὰ
2160 2143 2260 2225 τῆς
2287 2144 2487 2213 ἀρετῆς
2527 2143 2660 2214 ἄνθη
2688 2147 2797 2206 τοῖς
2836 2145 3140 2216 ἀνθρώποις
3169 2147 3453 2213 δεικνύων,
3481 2150 3576 2202 καὶ

1997 2235 2109 2296 τοῖς
2180 2233 2521 2304 βουλομένοις
2581 2234 2886 2303 ἀνθολογεῖν
2957 2237 3250 2307 προτείνων
3289 2255 3301 2265 ·
3370 2240 3441 2291 δι’
3495 2233 3575 2293 ὧν

1998 2324 2315 2379 ὑπεδείκνυε
2357 2325 2418 2377 τὸ
2461 2327 2525 2378 ὲκ
2550 2326 2649 2396 τῆς
2677 2327 2828 2398 ῥίζης
2858 2326 2950 2380 τοῦ
3006 2329 3201 2381 Ἰεσσαὶ
3252 2329 3435 2396 ἄνθος,
3481 2332 3575 2385 τδν

321 2411 492 2480 ἀμνὸν
524 2409 618 2463 τοῦ
645 2410 778 2464 Θεοῦ
821 2411 910 2465 τὸν
938 2413 1160 2484 αίροντα
1202 2414 1299 2485 τὴν
1341 2414 1614 2486 ἁμαρτίαν
1645 2414 1738 2470 τοῦ
1800 2415 2030 2488 κόσμου,
2079 2419 2174 2472 καὶ
2223 2419 2508 2472 ὑπετίθετο
2557 2419 2655 2490 τὴν
2699 2421 2764 2472 ὲκ
2795 2419 2902 2474 τῶν
2932 2420 3115 2474 κακῶν
3153 2416 3444 2490 μετάνοιαν
3476 2425 3572 2477 καὶ

319 2502 416 2575 τὴν
442 2506 559 2557 κατ’
592 2506 791 2576 ἀρετὴν
822 2506 1116 2562 πολιτείαν.
1273 2561 1280 2565 .

389 2595 590 2649 Audita
636 2605 711 2649 est
751 2595 928 2662 enim,
991 2599 1186 2669 inquit,
1219 2616 1317 2653 vox
1376 2603 1597 2656 turturis
1653 2604 1708 2657 in
1749 2613 1891 2659 terra

323 2693 524 2738 nostra.
577 2683 803 2738 Terram
847 2683 987 2740 forte
1021 2687 1270 2741 nominat
1315 2704 1412 2744 eos
1467 2691 1560 2760 qui
1615 2701 1746 2747 sunt
1791 2694 1891 2748 da-

322 2775 490 2828 mnati
527 2775 579 2828 in
614 2775 766 2841 vitio,
800 2791 940 2846 quos
974 2778 1298 2847 publicanos
1327 2790 1380 2834 et
1410 2784 1734 2839 meretrices
1759 2784 1892 2840 dicit

322 2865 700 2934 Evangelium,
738 2881 766 2918 a
791 2867 994 2935 quibus
1017 2868 1264 2922 auditum
1289 2877 1372 2925 est
1393 2872 1615 2926 verbum
1640 2872 1889 2941 Joannis,

321 2971 444 3008 cum
494 2956 690 3025 reliqui
744 2957 968 3012 minime
1027 2959 1378 3014 admisissent
1424 2963 1887 3030 prmdicationem.

2079 2608 2368 2676 Ἠκούσθη
2399 2609 2527 2681 γὰρ,
2558 2611 2709 2682 φησὶ,
2738 2611 2905 2680 φωνὴ
2930 2613 3038 2682 τῆς
3071 2616 3358 2684 τρυγόνος
3392 2616 3464 2670 ἐν
3493 2617 3571 2686 τῇ

1997 2698 2072 2769 τῇ
2101 2699 2287 2768 ἡμῶν.
2334 2703 2484 2772 Τάχα
2513 2704 2616 2773 γῆν
2646 2705 2770 2766 τοὺς
2801 2707 3282 2776 κατεγνωσμένους
3311 2710 3369 2760 ἐν
3400 2711 3569 2782 κακίᾳ

1996 2792 2376 2863 κατονομάζει,
2425 2793 2519 2857 οὒς
2559 2795 2794 2858 τελώνας
2836 2814 2894 2849 τε
2937 2798 3030 2849 καὶ
3073 2799 3275 2870 πόρνας
3313 2799 3464 2867 λέγει
3507 2801 3569 2853 τὸ

1995 2883 2346 2951 Εὑαγγέλιον,
2382 2889 2438 2938 ἐν
2482 2883 2562 2948 οἷς
2594 2885 2832 2958 ⁴ἠκούσθη
2887 2886 2980 2940 τοῦ
3027 2888 3268 2942 Ἰωάννου
3317 2890 3346 2941 6
3385 2889 3566 2958 λόγος,

1994 2975 2102 3026 τῶν
2129 2974 2333 3028 λοιπῶν
2364 2978 2424 3029 ού
2458 2978 2918 3050 παραδεξαμένων
2957 2981 3017 3033 τὸ
3062 2982 3343 3050 κήρυγμα.
3397 2983 3469 3035 T6
3509 2983 3566 3036 δὲ

323 3045 476 3110 Quod
519 3054 698 3099 autem
733 3046 938 3101 dictum
970 3057 1055 3102 est
1110 3050 1176 3104 de
1207 3050 1311 3104 ﬁcu
1342 3069 1360 3107 :
1401 3051 1633 3108 Protulit
1679 3072 1889 3126 grossos

2079 3066 2124 3133 at
2172 3067 2272 3136 τῆς
2319 3069 2487 3138 συκῆς
2538 3045 2864 3140 εἰρημένον,
2926 3073 3006 3125 ὅτι
3064 3045 3378 3144 Ἐξήκεγκε
3424 3079 3568 3145 τοὺς

321 3151 466 3197 suos,
522 3134 738 3194 ratione
771 3139 853 3190 sic
907 3137 1312 3208 intelligamus:
1335 3140 1499 3198 Ficus
1528 3144 1599 3198 ob
1629 3148 1890 3214 calorem,

1995 3157 2292 3228 ὀλύνθους
2320 3159 2529 3227 αὐτῆς,
2572 3162 2768 3215 οὑτωσὶ
2817 3163 2893 3232 τῷ
2919 3163 3060 3234 λόγῳ
3101 3169 3526 3239 κατανοήσωμεν
3549 3187 3563 3202 ο

320 3235 405 3281 est
440 3226 666 3295 praedita
697 3228 749 3282 vi
786 3228 988 3298 insigni
1023 3232 1334 3286 attraliendi
1367 3233 1615 3292 humoris
1667 3253 1732 3291 ex
1762 3253 1891 3308 pro-

2007 3247 2257 3319 Ἑλκτικὴ
2300 3251 2400 3319 τῆς
2433 3253 2490 3302 ὲν
2521 3251 2600 3322 τῷ
2643 3252 2798 3321 βάθει
2826 3253 3026 3317 νοτίδος
3067 3257 3431 3328 διαφερόντως
3461 3259 3567 3312 ὑπὸ

322 3317 510 3372 fundo.
543 3319 678 3372 Cum
715 3327 896 3374 autem
927 3320 1136 3376 multus
1161 3322 1359 3378 humor
1384 3328 1652 3382 consistat
1689 3329 1743 3382 in
1776 3346 1891 3385 me-

2079 3317 2323 3411 ›μὸτητός
2357 3317 2503 3395 ἔστιν
2537 3317 2583 3414 ἡ-
2615 3317 2773 3415 συκῆ.
2823 3346 3030 3416 Πολλῆς
3079 3347 3136 3400 δὲ
3169 3317 3320 3402 ’κάτά
3349 3317 3447 3414 τάξ
3475 3355 3564 3404 ὲν-

320 3409 492 3471 dulla,
532 3411 850 3465 necessario
876 3420 1071 3466 natura
1117 3428 1212 3482 per
1253 3413 1545 3470 humorum
1579 3421 1891 3476 concoctio-

2079 3409 2251 3498 iidwan;
2297 3437 2395 3504 τῆς
2447 3409 2668 3506 ἰκμάδος
2715 3409 3146 3508 συνισταμένης,
3185 3441 3563 3515 ἀναγκαίωςή

320 3515 443 3553 nem
465 3503 520 3554 in
556 3502 758 3570 planta,
785 3503 1012 3572 expellit
1041 3520 1109 3559 ex
1142 3507 1310 3562 ramis
1347 3509 1593 3563 inutilem
1621 3517 1677 3564 et
1716 3521 1891 3570 terre-

2079 3542 2154 3588 τις
2186 3525 2272 3577 διά
2313 3502 2413 3594 τῆς
2458 3502 2564 3578 τῶν
2612 3526 2793 3598 ὑγρῶν
2827 3502 3040 3597 πέψεως
3067 3502 3185 3600 ’τῆς
3214 3530 3271 3583 ὲν
3301 3502 3386 3602 .τῷ
3411 3502 3564 3603 φυντῷ

321 3603 488 3646 strem
520 3593 824 3648 humorem.
857 3596 1025 3666 quue
1052 3613 1197 3668 smpe
1225 3599 1374 3666 facit,
1405 3600 1581 3657 donec
1609 3605 1890 3662 sincerum

2079 3617 2284 3688 opévqg
2317 3593 2378 3670 "r6
2410 3618 2627 3689 άχρείόν
2660 3593 2730 3671 τε
2775 3621 2870 3672 καὶ
2899 3593 3098 3688 γεῶδες
3123 3593 3221 3691 τῆς
3250 3593 3472 3693 ίκμάδδς
3499 3593 3563 3678 ὲκ

319 3675 372 3737 et
401 3684 468 3742 ad
511 3685 864 3739 nutriendum
906 3696 1088 3758 aptum
1148 3691 1432 3746 humorem
1485 3703 1613 3764 apto
1647 3696 1891 3764 proferat

2079 3727 2098 3761 ν
2116 3675 2883 3780 ’ἀκρεμόνωνσάποσκευάζετα
2964 3675 3095 3766 Καὶ-
3109 3675 3368 3777 πολλάκις

320 3784 586 3846 tempore,
645 3778 714 3832 ab
778 3779 959 3834 inutili
999 3791 1362 3853 expurgatum
1403 3789 1686 3856 qualitate.
1733 3789 1890 3854 Quod

2079 3803 2154 3865 Lai,
2180 3778 2254 3863 ὧς
2278 3801 2343 3855 ἂν
2373 3802 2432 3854 τὸ
2459 3801 2748 3873 εἰλικρινές
2775 3820 2832 3855 τε
2863 3805 2956 3857 καὶ
2985 3805 3247 3876 τρόφιμον
3277 3809 3335 3859 ὲν
3364 3809 3439 3877 τῷ
3463 3827 3554 3862 κα⁴

319 3883 449 3937 ergo
479 3881 606 3923 ante
634 3869 852 3924 dulcem
885 3880 939 3926 et
965 3871 1270 3940 perfectum
1304 3873 1566 3942 fructum,
1604 3893 1634 3930 a
1674 3878 1776 3934 ﬁcu
1809 3882 1891 3934 in-

2079 3904 2209 3940 ιοντι
2258 3887 2435 3958 καιρῷ
2477 3869 2776 3962 προϐάλλῃ,
2815 3869 3222 3963 κεκαθαρμένον
3257 3895 3351 3965 τῆς
3387 3869 3560 3968 άχρή-

320 3969 436 4014 star
482 3960 691 4014 fructus
749 3961 1103 4028 producitur,
1173 3980 1401 4033 grossus
1458 3967 1683 4033 dicitur,
1743 3969 1891 4039 quod

2079 3995 2116 4028 IU
2142 3979 2440 4049 ποιότητος.
2471 3979 2641 4033 Τοῦτο
2668 3960 2847 4035 τοίνυν
2877 3982 2981 4053 πρὸ
3005 3960 3097 4037 τοῦ
3122 3960 3367 4053 γλυκέως

321 4049 537 4118 quidem
592 4056 679 4104 est
727 4049 906 4118 ipsum
959 4068 1177 4122 quoque
1231 4057 1572 4111 esculentum
1635 4074 1891 4113 nonnun-

2079 4069 2194 4122 είου
2225 4069 2436 4141 καρποῦ
2470 4071 2574 4123 ὑπὸ
2603 4072 2700 4142 τῆς
2730 4074 2898 4143 συκῆς
2922 4049 2986 4126 *ὲν
3017 4049 3245 4146 καρπῶν
3275 4049 3405 4130 εῖδει
3432 4097 3562 4150 προ-

321 4153 481 4208 quam
512 4143 826 4198 volentibus
859 4161 873 4197 :
914 4159 1021 4197 non
1058 4152 1144 4200 est
1171 4157 1357 4202 tamen
1391 4149 1482 4204 ille
1516 4149 1748 4218 fructus,
1791 4151 1888 4207 sed

2079 4161 2348 4231 ιλόμενον,
2399 4162 2615 4226 ὀλυνθος
2667 4164 2920 4232 λέγεται·
2968 4143 3106 4238 ὅπερ
3142 4169 3236 4221 καὶ
3285 4171 3415 4224 αὐτὸ
3460 4143 3559 4240 μὲν

322 4234 532 4286 l‘i'uctus
564 4235 913 4304 prooemium.
937 4234 1041 4301 Qui
1069 4253 1199 4309 ergo
1223 4255 1288 4293 ea
1310 4239 1466 4304 vidit,
1497 4241 1731 4298 fructum
1762 4259 1888 4298 mox

2079 4250 2246 4318 ›διμον
2287 4252 2397 4304 ἔσθ’
2449 4253 2538 4306 ὅτε
2587 4257 2698 4317 τοῖς
2734 4234 3087 4326 βουλομένοις.
3122 4260 3301 4313 ἐστίν·
3349 4261 3408 4313 οὑ
3450 4234 3558 4333 μὴν

321 4322 565 4377 futurum
597 4325 822 4379 omnino
854 4335 1156 4397 exspectat.
1204 4327 1341 4384 Sunt
1383 4331 1526 4385 enim
1555 4333 1771 4402 signum
1823 4333 1888 4388 ﬁ-

2084 4343 2164 4395 ῖνό
2187 4345 2331 4396 ἐστιν
2359 4347 2387 4396 6
2422 4343 2650 4419 καρπὸς,
2703 4322 2839 4398 ἀλλὰ
2872 4322 2964 4400 τοῦ
3015 4351 3227 4419 καρποῦ
3275 4322 3556 4423 προοίμιόν

319 4428 483 4467 cuum
515 4417 921 4471 esculentarum
948 4419 1149 4488 grossi,
1188 4435 1327 4488 quos
1356 4421 1486 4476 dicit
1517 4421 1675 4477 ticum
1703 4437 1883 4493 protu-

320 4499 446 4520 κη,
1274 4509 1286 4520 .
1635 4512 1649 4520 .

2079 4453 2214 4488 εται.
2253 4437 2310 4488 Ὁ
2335 4437 2506 4492 ταῦτα
2531 4440 2708 4493 τοίνυν
2741 4441 3100 4514 θεασάμενος,
3116 4449 3209 4500 καὶ
3231 4449 3321 4500 τὸν
3349 4451 3556 4520 καρπὸν

320 4499 472 4554 lisse.
503 4499 642 4565 Quia
687 4503 832 4556 enim
893 4521 987 4558 ver
1037 4507 1323 4576 spirituale
1374 4526 1590 4580 sponsae
1617 4512 1882 4568 describit

318 4591 531 4646 oratio;
563 4601 648 4647 est
678 4602 862 4648 autem
893 4597 994 4651 hoc
1023 4607 1236 4668 tempus
1286 4601 1342 4655 in
1372 4604 1616 4660 confinio
1646 4606 1882 4664 duorum

318 4691 645 4752 temporum,
693 4700 886 4756 nempe
942 4696 994 4741 et
1037 4689 1274 4744 tristitiae
1336 4693 1621 4760 hiemalis,
1655 4707 1710 4752 et
1767 4697 1886 4752 fru-

317 4783 526 4841 ctuum,
581 4776 676 4844 qui
734 4778 1068 4848 colliguntur
1117 4788 1326 4845 aestate,
1396 4787 1878 4858 participationis:

316 4874 606 4935 propterea
632 4867 774 4922 mala
803 4871 1022 4938 quidem
1051 4873 1376 4939 praeteriisse
1405 4875 1647 4933 dilucide
1673 4895 1882 4934 annun-

316 4960 450 5023 tiat,
514 4958 786 5029 perfectos
849 4971 1031 5023 autem
1090 4963 1296 5020 fructus
1349 4967 1566 5026 virtutis
1636 4971 1882 5027 nondum

315 5060 502 5119 aperte
527 5051 786 5106 ostendit.
815 5050 920 5107 Sed
945 5054 1046 5109 hos
1078 5055 1298 5124 quidem
1324 5061 1573 5116 recondit
1607 5077 1671 5118 ac
1705 5079 1884 5119 reser-

313 5149 403 5194 vat
461 5141 517 5194 in
548 5149 766 5212 tempus
795 5152 1189 5213 opportunum,
1224 5150 1445 5216 quando
1475 5161 1638 5209 testas
1671 5155 1883 5211 instite-

314 5232 404 5286 rit.
447 5231 570 5287 Scis
601 5246 781 5288 autem
814 5237 1038 5291 omnino
1069 5238 1199 5306 quid
1225 5239 1566 5309 signiﬁcetur
1599 5261 1694 5312 per
1719 5255 1880 5302 testa-

315 5329 422 5377 tem
452 5337 515 5376 ex
543 5339 674 5378 voce
703 5325 944 5393 Domini,
979 5344 1174 5399 nempe
1220 5332 1369 5400 quod
1436 5331 1628 5388 Messis
1662 5344 1740 5389 est
1780 5352 1886 5392 ειε-

309 5411 416 5464 culi
434 5410 817 5465 consummatio
864 5417 948 5483 9';
983 5435 1129 5474 nunc
1156 5429 1336 5476 autem
1363 5424 1603 5477 ostendit
1627 5424 1882 5482 ﬂorentes

313 5519 442 5577 spes
469 5511 756 5570 virtutum,
787 5523 1018 5576 quarum
1045 5511 1278 5579 fructus,
1318 5523 1380 5568 ut
1426 5514 1560 5569 dicit
1588 5515 1882 5590 Propheta,

1993 4525 2116 4579 ὅσον
2157 4527 2368 4581 οὐδέπω
2418 4531 2633 4594 πάντως
2682 4533 2978 4604 ἐκδέχεται..
3029 4538 3260 4608 Σημεῖον
3299 4541 3407 4612 γὰρ
3448 4542 3555 4596 τῶν

1991 4616 2268 4685 ἐδωδίμων
2295 4618 2473 4673 σύκων
2497 4622 2546 4672 οἱ
2573 4622 2784 4675 ὀλυνθοι
2820 4625 3080 4692 γίνονται,
3121 4627 3214 4691 οὓς
3248 4629 3555 4702 ἐξενηνοχέο

1990 4725 2078 4761 ναι
2122 4710 2255 4780 φησὶ
2301 4713 2401 4781 τὴν
2448 4713 2638 4782 συκῆν.
2691 4716 2905 4787 Ἐπειδὴ
2938 4717 3046 4790 γὰρ
3095 4720 3156 4772 τὸ
3192 4725 3556 4793 πνευματικὶον

1991 4798 2090 4870 ἔαρ
2120 4799 2425 4871 ὑπογράφει
2451 4807 2515 4873 τῇ
2546 4804 2730 4876 νύμφῃ
2757 4809 2784 4859 6
2813 4806 2969 4875 λόγος
2989 4825 3001 4838 ⁸
3045 4811 3073 4862 6
3097 4811 3152 4863 δὲ
3185 4813 3374 4882 καιρὸς
3406 4809 3554 4880 οὗτος

1993 4890 2240 4961 μεθόριός
2285 4893 2401 4945 ἐστι
2438 4894 2530 4947 δύο
2559 4897 2787 4966 καιρῶν,
2825 4898 2926 4967 τῆς
2954 4917 3011 4952 τε
3044 4904 3358 4974 χειμερινῆς
3388 4921 3556 4975 κατη-

1988 4982 2163 5049 φείας,
2197 4983 2291 5036 καὶ
2323 4985 2423 5054 τῆς
2467 4987 2523 5038 ἐν
2560 4989 2636 5057 τῷ
2663 4987 2807 5058 θέρει
2833 4990 2938 5042 τῶν
2965 4992 3194 5062 καρπῶν
3229 4996 3512 5064 μετουσίας
3538 5014 3551 5026 ·

1985 5071 2074 5124 διὰ
2100 5071 2256 5125 τοῦτο
2301 5073 2362 5126 τὸ
2406 5076 2504 5145 μὲν
2536 5080 2920 5150 παρῳχηκέναι
2951 5081 3018 5134 τὰ
3058 5083 3222 5146 κακὰ,
3258 5085 3554 5158 διαρρήδην

1985 5161 2392 5229 εὐαγγελίζεται
2423 5183 2436 5196 ·
2490 5168 2616 5231 τοὺς
2661 5170 2716 5223 δὲ
2750 5175 2994 5243 καρποὺς
3040 5175 3137 5244 τῆς
3176 5177 3376 5246 ἀρετῆς
3405 5177 3552 5233 οὓπω

1984 5253 2202 5318 τελείως
2236 5258 2609 5326 προδείκνυσιν
2629 5303 2644 5327 ,
2691 5263 2828 5316 ἀλλὰ
2848 5265 3068 5330 τούτους
3115 5268 3215 5337 μὲν
3265 5270 3323 5322 έν
3355 5270 3432 5339 τῷ
3459 5289 3555 5324 κα-

1983 5345 2200 5417 θήκοντι
2231 5351 2406 5423 καιρῷ
2438 5355 2791 5424 ταμιεύεται,
2823 5359 2948 5412 ὅταν
2980 5362 3076 5430 στῇ
3102 5360 3162 5413 τὸ
3190 5361 3367 5431 θέρος.
3397 5361 3548 5428 Οἶδας

1979 5437 2037 5490 δὲ
2067 5439 2282 5504 πάντως
2314 5443 2374 5495 τὸ
2416 5443 2504 5496 διὰ
2543 5445 2638 5499 τοῦ
2672 5447 2862 5518 θέρους
2893 5449 3220 5520 δηλούμενον
3245 5454 3309 5506 ὲκ
3346 5455 3441 5526 τῆς
3461 5455 3548 5507 τοῦ

1979 5528 2185 5600 Κυρίου
2209 5533 2409 5603 φωνῆς,
2437 5534 2471 5603 ἢ
2507 5535 2662 5590 τοῦτό
2691 5555 2872 5609 φησιν,
2899 5542 2979 5594 ὅτι
3025 5541 3086 5594 Ὀ
3113 5545 3392 5613 θερισμὸς
3411 5563 3547 5600 σιν-ς

289 5726 308 5750 ι
379 5675 439 5715 -"
481 5678 671 5735 Matth.
713 5695 792 5748 ιιι,
833 5682 922 5749 ὃς
987 5683 1151 5740 Marc.
1189 5703 1228 5751 ι,
1260 5688 1314 5743 5.
1392 5690 1438 5723 ’³
1487 5689 1677 5748 Matth.
1721 5709 1844 5763 xm,
