3752 5984
83 263 212 325 813
352 252 363 253 ί
1135 258 1203 314 1N
1236 257 1538 315 CANTICA
1572 254 1845 316 CANTIC.
1904 257 2189 312 llOMlLlA
2233 257 2295 312 ιτ.
3269 252 3373 309 δτι

83 386 309 442 τέλεια
349 382 457 438 τοῦ
495 381 709 448 αἰῶνός
754 381 919 434 ἐοἰί⁸
977 378 1071 433 νῦν
1120 381 1177 435 δὲ
1218 382 1317 447 τὰς
1346 381 1566 446 ὲλπίδας
1594 381 1701 435 δεί-

1890 388 2030 449 oaret
2085 383 2137 435 in
2192 389 2438 450 tempore
2496 392 2597 434 suo
2623 378 2692 436 ’⁸.
2737 379 2874 435 Cum
2927 380 3091 452 igitur
3136 381 3379 438 humana

86 494 266 531 κνυσι
291 474 384 529 διά
407 473 516 527 τῶν
547 471 757 544 ἀρετῶν
786 471 1073 540 ἀνθούσας,
1101 464 1176 526 ὧν
1204 475 1232 527 6
1262 473 1493 544 καρπὸς,
1518 472 1701 538 καθώς

90 586 275 640 φησιν
294 570 324 622 6
348 566 664 637 Προφήτης,
693 566 752 616 ὲν
780 563 857 635 τῷ
880 562 1060 634 καιρῷ
1080 563 1158 634 τῷ
1186 563 1299 635 ίδίῳ
1322 563 1699 635 προφαίνεται.

92 660 225 731 Τῆς
253 660 441 720 τοίνυν
468 658 815 728 ἀνθρωπίνης
855 655 1069 725 φύσεως
1100 656 1243 721 κατὰ
1274 656 1372 729 τὴν
1407 672 1703 726 μνημονευ-

97 752 301 804 θεῖσαν
326 748 565 805 ἐνταῦθα
589 746 779 817 συκῆν,
813 746 1011 817 πολλὴν
1033 748 1123 801 διά
1151 748 1244 801 τοῦ
1268 748 1549 819 νοηθέντος
1570 740 1703 818 ἡμῖν

97 841 387 912 χειμῶνος
435 839 611 912 κακὴν
646 839 848 909 ἰκμάδα
891 836 1293 909 συλλεξαμένης
1319 879 1334 905 ,
1382 838 1616 899 καλῶς-ό
1646 840 1704 892 τὸ

97 932 347 1002 ψυχικὸν
371 931 471 1002 ἔαρ
494 928 1019 1003 ήμῖνὲργαζόμενος,
1044 929 1135 983 καὶ
1156 932 1220 999 τῇ
1245 929 1485 1001 καθηκού
1496 945 1562 1002 σῃ
1585 947 1724 998 γεω-

98 1024 279 1095 πονία
325 1022 656 1094 ῳυτηκομῶν
701 1023 761 1075 τὸ
805 1020 1164 1092 ἀνθρώπινον,
1217 1021 1433 1093 πρῶτον
1473 1022 1571 1092 μὲν
1610 1022 1704 1073 ὲκ-

101 1113 302 1167 sane:
324 1113 425 1181 τῆς
448 1112 661 1181 φύσεως
683 1112 790 1164 πᾶν
808 1111 931 1164 ὅσον
955 1111 1159 1180 γεῶδες
1178 1112 1271 1164 καὶ
1298 1111 1565 1183 ἄχρηστον
1586 1112 1706 1164 ἀντὶ

102 1204 462 1274 ἀκρεμόνων,
480 1202 547 1257 δι’
568 1200 1007 1272 ὲξομολογήσεως
1029 1201 1419 1266 ἀποσκευάζων
1442 1202 1508 1255 τὰ
1531 1218 1708 1273 περιτ-

102 1294 367 1365 τώματα.
395 1290 510 1347 Εἴθ’
532 1291 703 1355 οὕτως
723 1293 1049 1364 χαρακτῆρά
1070 1309 1191 1346 τινα
1224 1292 1322 1363 τῆς
1347 1292 1708 1367 ἐλπιζομένης

109 1386 551 1457 μακαριότητος,
590 1384 678 1438 διά
705 1382 805 1456 τῆς
849 1381 1197 1457 ἀστειοτέρας
1236 1384 1381 1456 ζωῆς
1407 1383 1708 1439 ἐπιϐάλλων

105 1475 192 1546 τῷ
224 1475 350 1546 βίῳ,
372 1470 483 1529 οἷόν
509 1491 650 1528 τισιν
678 1470 921 1538 ὀλύνθοις
949 1474 1046 1546 τὴν
1076 1473 1371 1545 μέλλουσαν
1399 1474 1710 1545 γλυκύτητα

107 1564 228 1616 τῶν
248 1563 434 1618 συκῶν
452 1564 882 1633 εὐαγγελίζεται.
899 1564 1009 1617 Καὶ
1020 1564 1176 1618 τοῦτό
1194 1566 1308 1619 ἐστι
1323 1566 1384 1619 τὸ
1398 1565 1706 1637 λεγόμενον,

1801 480 2017 535 natura,
2046 480 2411 542 congruenter
2454 470 2580 525 ﬂeui
2602 511 2618 537 ,
2652 470 2719 525 de
2750 486 2857 541 qua
2916 472 3007 526 hic
3043 473 3100 527 tit
3142 474 3375 542 intentio,

1801 581 1895 635 per
1929 563 2259 620 intellectam
2308 577 2336 616 a
2381 562 2542 619 nobis
2578 562 2809 618 hiemem
2849 563 3050 617 malum
3101 565 3381 638 collegerit

1803 657 2110 720 humorem,
2150 663 2297 709 recte
2326 655 2418 724 qui
2460 653 2656 708 anima:
2687 669 2783 709 ver
2826 653 2880 709 in
2920 653 3079 709 nobis
3110 654 3288 724 eﬂlcit,
3328 664 3384 713 et

1803 746 2151 801 convenienti
2206 746 2540 817 agricultura
2576 746 2630 800 in
2665 745 2826 803 nobis
2886 747 3096 817 plantat
3151 747 3202 803 id
3238 748 3385 818 quod

1804 847 1887 894 est
1920 838 2241 902 humanum,
2294 838 2528 908 primum
2570 839 2786 909 quidem
2845 854 2875 893 a
2912 847 3111 894 natura
3165 840 3386 911 expellit

1805 931 2075 1001 quidquid
2131 936 2217 985 est
2260 938 2539 985 terrenum
2573 939 2625 984 et
2659 930 2872 997 inutile,
2900 946 3179 985 ramorum
3239 932 3385 993 loco,

1807 1038 1904 1092 per
1951 1021 2356 1078 confessionem
2414 1023 2692 1092 expellens
2754 1034 3126 1078 excrementa.
3180 1022 3388 1081 Deinde

1808 1090 2168 1170 beatitudinis
2206 1129 2328 1184 qua:
2362 1090 2645 1184 Speratur,
2680 1114 2972 1184 quemdam
3012 1117 3389 1171 characterem

1808 1222 1905 1278 per
1932 1207 2305 1263 honestiorem
2346 1207 2564 1262 vivendi
2596 1207 2868 1262 rationem
2915 1206 3171 1278 injiciens
3216 1209 3390 1263 homi-

1809 1301 1994 1369 nibus,
2064 1302 2231 1356 veluti
2270 1302 2604 1373 quibusdam
2641 1303 2875 1373 gressis,
2918 1301 3199 1358 fructuum
3241 1304 3391 1360 futu-

1808 1410 1926 1449 ram
1966 1393 2254 1449 annuntiat
2286 1393 2652 1450 dulcedinem.
2694 1393 2759 1448 Et
2802 1396 2910 1450 hoc
2949 1406 3032 1451 est
3069 1396 3215 1466 quod
3256 1396 3392 1452 dici-

1810 1494 1921 1551 tur,
1952 1485 2116 1541 Ficus
2152 1486 2376 1555 protulit
2408 1501 2623 1556 grossos
2656 1503 2797 1541 suos.
2846 1485 2924 1541 Ita
2966 1488 3101 1542 mihi
3151 1488 3392 1561 intellige

1808 1581 1973 1635 etiam
2007 1579 2290 1635 ﬂorentem
2331 1579 2520 1646 vitem,
2558 1580 2717 1650 cujus
2761 1579 2947 1635 vinum
2994 1581 3213 1652 quidem
3248 1583 3392 1653 quod

107 1658 203 1710 ὅτι
244 1658 309 1711 Ἡ
335 1654 499 1726 συκῆ
519 1657 807 1727 ἐξήνεγκε
827 1656 970 1723 τοὺς
992 1657 1290 1723 ὀλύνθους
1316 1657 1527 1726 αὐτῆς.
1555 1658 1711 1711 Οὐτω

1890 1672 2058 1726 tilicat
2114 1685 2212 1725 cor
2262 1672 2530 1737 hominis,
2587 1672 2836 1743 implebit
2890 1673 3069 1744 ipsum
3121 1683 3391 1731 craterem

112 1745 217 1815 μοὶ
242 1748 437 1819 νόησον
459 1748 554 1801 καὶ
574 1749 674 1818 τὴν
698 1748 1073 1820 κυπρίζουσαν
1096 1748 1356 1820 ἄμπελον,
1376 1743 1443 1822 ἦς
1470 1752 1497 1804 6
1523 1750 1619 1820 μὲν
1642 1746 1713 1802 οἳ·

1890 1761 2139 1832 pientiaaz
2182 1770 2236 1818 et
2266 1770 2607 1834 proponetur
2656 1763 2903 1820 comivis
2959 1773 3019 1818 ut
3068 1781 3136 1820 ex
3173 1766 3396 1821 sublimi

107 1856 233 1902 νος,
258 1841 288 1893 6
307 1839 406 1911 τὴν
426 1836 652 1911 καρδίαν
675 1840 1003 1911 εὐφραίνων,
1038 1840 1316 1914 πληρώσει
1351 1843 1480 1895 ποτὲ
1509 1843 1598 1897 τὸν
1613 1845 1714 1911 τῆς

116 1930 321 2000 σοφίας
355 1932 629 2005 κρατῆρα·
661 1931 757 1985 καὶ
784 1932 1136 2004 προκείσεται
1168 1936 1281 1995 τοῖς
1314 1933 1618 2004 συμπόταις
1650 1934 1715 1986 ὲκ

112 2020 219 2075 τοῦ
255 2022 462 2093 ὐῂλοῦ
492 2021 847 2094 κηρύγματος
876 2023 998 2077 κατ’
1028 2024 1276 2090 ἐξουσίαν
1305 2024 1607 2094 ἀρύσασθαι
1637 2026 1715 2089 είς

114 2114 342 2186 ἀγαθήν
374 2131 432 2166 τε
469 2114 565 2167 καὶ
594 2114 853 2183 νηφάλιον
885 2114 1089 2186 μέθην,
1143 2112 1394 2184 Ἐκείνην
1432 2114 1573 2183 λέγω
1617 2115 1716 2186 τὴν

120 2204 325 2274 μέθην,
355 2205 422 2257 δι’
447 2200 516 2276 ἦς
553 2207 665 2268 τοῖς
689 2204 998 2275 ἀνθρώποις
1036 2206 1100 2259 ἐκ
1125 2204 1235 2258 τῶν
1262 2204 1461 2258 ὑλικῶν
1491 2203 1626 2275 πρὸς
1658 2202 1719 2257 1:6

118 2296 408 2366 θειότερον
435 2296 468 2366 ἡ
501 2294 723 2358 ἕκτασις
748 2296 975 2365 γίνεται.

196 2384 316 2439 Νῦν
365 2386 463 2456 μὲν
508 2386 761 2457 κυπρίζει
790 2386 878 2441 διά
900 2386 994 2440 τοῦ
1025 2386 1220 2452 ἄνθους
1248 2388 1281 2458 ἡ
1319 2387 1586 2459 ἄμπελος,
1622 2388 1716 2443 καί

119 2493 211 2539 τις
247 2476 516 2532 ἐκδίδοται
543 2479 674 2550 παρ’
703 2476 875 2547 αὐτῆς
902 2478 1078 2549 ἀτμὸς
1108 2479 1435 2547 εὐωδιάζων,
1470 2479 1603 2551 ἠδύς
1628 2481 1720 2535 καὶ

124 2566 443 2636 προσηνὴς,
482 2565 617 2633 πρὸς
644 2566 706 2619 τὸ
753 2566 1006 2639 περιέχον
1057 2568 1274 2638 πνεῦμα
1308 2569 1718 2640 κατακιρνάμε-

129 2673 242 2720 νος.
278 2650 441 2719 Οἶδας
472 2656 529 2709 δὲ
552 2654 613 2709 τὸ
639 2656 855 2727 πνεῦμα
879 2658 1117 2722 πάντως,
1149 2659 1177 2712 6
1206 2659 1304 2725 τὴν
1332 2659 1562 2714 εὐωδίαν
1584 2656 1718 2713 ταύο

126 2762 231 2815 την
273 2746 389 2807 τοῖς
434 2744 759 2815 σωζομένοις
803 2744 1093 2815 ἐργάζεται
1118 2786 1132 2810 ,
1171 2746 1322 2818 παρά
1359 2747 1452 2800 τοῦ
1503 2747 1719 2802 Παύλου

129 2837 347 2910 μαθών.
388 2834 571 2890 Ταῦτα
607 2836 952 2908 προδείκνυσι
996 2840 1063 2909 τῇ
1094 2838 1281 2912 νύμφῃ
1328 2841 1356 2892 6
1398 2840 1575 2909 λόγος,
1624 2839 1718 2894 τοῦ

127 2928 303 2983 καλοῦ
325 2928 436 2981 τῶν
455 2927 641 2999 ψυχῶν
664 2928 821 2999 ἔαρος
839 2927 909 2981 τά
934 2928 1312 2999 γνωρίσματα,
1339 2930 1432 2983 καὶ
1464 2930 1721 2985 ἐπισπεύ-

126 3018 212 3074 δει
248 3019 388 3093 πρὸς
420 3021 518 3090 τὴν
548 3020 655 3073 τῶν
686 3020 1064 3091 προκειμένων
1102 3019 1421 3082 ἀπόλαυσιν,
1442 3021 1719 3092 διεγείρων

128 3113 309 3185 αὐτὴν
334 3112 410 3183 τῷ
446 3111 609 3183 λόγῳ,
644 3111 898 3166 Ἀνάστα
923 3154 936 3178 ,
961 3111 1135 3179 λέγων
1155 3152 1169 3175 ,
1211 3111 1371 3173 ἐλθὲ,
1396 3114 1433 3181 ή
1456 3113 1723 3181 πλησίον

36 3204 43 3211 ’
125 3224 276 3275 μου,
309 3205 465 3274 καλή
489 3224 631 3275 μου,
684 3204 1003 3274 περιστερά
1026 3223 1167 3273 μου.
1201 3205 1342 3258 Ὅσα
1380 3204 1625 3277 δόγματα
1654 3205 1720 3260 δι’

130 3295 336 3364 ὀλίγων
365 3299 422 3349 ὲν
449 3299 560 3361 τοῖς
601 3297 807 3368 ῥήμασι
846 3296 1057 3359 τούτοις
1085 3298 1113 3347 6
1143 3296 1313 3365 Λόγος
1346 3297 1476 3367 ἡμῖν
1511 3297 1723 3351 ὑποδεί-

131 3388 361 3440 κνυσινί
395 3387 468 3439 Οὐ
493 3387 599 3458 γὰρ
623 3386 764 3440 κατά
791 3402 910 3438 τινα
938 3381 1313 3455 παρέλκουσαν
1338 3383 1719 3454 ματαιολογίαν

130 3479 251 3540 τοῖς
284 3477 467 3540 αὐτοῖς
519 3478 756 3548 ῥήμασιν
790 3474 1183 3547 ἐμφιλοχωρεῖν
1236 3475 1332 3545 τὴν
1367 3474 1720 3527 θεόπνευστον

128 3567 490 3621 διδασκαλίαν
522 3566 667 3620 ἐστὶν
696 3564 861 3628 είκός.
904 3564 1065 3618 Ἀλλά
1096 3582 1149 3618 τι
1187 3564 1329 3635 μέγα
1368 3565 1461 3617 καὶ
1494 3565 1722 3645 θεοπρε-

134 3658 239 3722 πὲς
276 3660 453 3729 νόημα
482 3658 568 3712 διὰ
614 3658 713 3730 τῆς
758 3656 1109 3726 παλιλλογίας
1152 3657 1282 3726 ἡμῖν
1322 3655 1719 3710 ὐποδείκνυται.

132 3751 209 3804 T6
236 3751 294 3803 δὲ
332 3749 621 3819 λεγόμενον
649 3749 888 3803 τοιοῦτόν
934 3750 1081 3801 ἐστιν
1100 3765 1112 3777 ο
1146 3748 1210 3800 Ἦ
1242 3747 1490 3819 μακαρία
1517 3747 1610 3801 καὶ
1637 3748 1723 3800 α’ίκ

134 3840 247 3903 ato;
273 3841 366 3893 καὶ
389 3840 564 3892 πάντα
591 3838 714 3892 νοῦν
737 3838 1082 3909 ὑπερέχουσα
1104 3836 1284 3905 φύσις,
1310 3836 1486 3889 πάντα
1504 3834 1572 3889 τὰ
1595 3836 1722 3890 οντα

136 3932 195 3983 ἐν
239 3932 404 4000 ἑαυτῇ
448 3929 802 4002 περιέχουσα,
836 3929 928 3981 ὐπ’
958 3928 1171 3991 οὐδενὸς
1221 3927 1535 3997 περιέχεται
1570 3928 1719 3998 ὅρου.

135 4023 306 4076 Οὐδὲν
337 4023 445 4093 γάρ
474 4023 590 4075 ἐστι
630 4020 759 4092 περὶ
791 4020 959 4091 αὐτὴν
993 4019 1385 4092 θεωρούμενον,
1414 4018 1476 4070 οὐ
1511 4019 1722 4089 χρόνος,

134 4114 199 4165 ού
225 4113 410 4173 τόπος,
433 4115 494 4165 οὐ
529 4112 750 4184 χρῶμα,
779 4113 840 4164 οὐ
872 4112 1076 4182 σχῆμα,
1109 4112 1207 4164 οὐκ
1228 4107 1385 4176 εἶδος,
1418 4110 1517 4164 οὐκ
1538 4110 1720 4180 ὄγκος,

136 4205 200 4257 οὐ
242 4205 571 4274 πηλικότης,
606 4205 665 4257 οὐ
698 4203 992 4273 διάστημα,
1028 4203 1148 4256 οὐδὲ
1183 4203 1313 4256 ἄλλο
1343 4219 1396 4254 τι
1424 4200 1532 4255 τῶν
1568 4218 1726 4273 περι-

138 4301 464 4372 γραπτικῶν
512 4300 702 4370 ὄνομα,
752 4298 785 4368 ἢ
834 4296 1156 4367 πρᾶγμα,ἣ
1207 4295 1404 4367 νόημα,
1449 4294 1586 4348 ἀλλά
1616 4297 1723 4349 πᾶν

139 4390 270 4464 περὶ
300 4392 466 4462 αὐτὴν
501 4388 789 4459 νοούμενον
818 4385 1023 4456 ἀγαθὸν
1068 4387 1146 4448 είς
1189 4385 1413 4454 ἄπειρόν
1442 4401 1501 4437 τε
1537 4385 1629 4439 καὶ
1657 4387 1717 4439 ἀο
1752 4405 1795 4459 D

138 4482 355 4552 όριστον
384 4481 649 4550 πρόεισιν.
687 4480 860 4533 Ὅπου
895 4477 1004 4550 γὰρ
1041 4477 1208 4531 κακία
1241 4475 1421 4548 χώραν
1455 4477 1554 4529 οὐκ
1586 4475 1717 4546 ἔχει,

140 4571 347 4643 ἀγαθοῦ
382 4572 551 4644 πέρας
588 4573 735 4625 ἐστὶν
769 4572 941 4625 οὐδέν.
985 4571 1108 4623 Ἑπὶ
1139 4569 1247 4640 γὰρ
1280 4570 1377 4639 τῆς
1422 4567 1720 4639 τρεπτικῆς

102 4674 111 4682 ’
142 4665 376 4734 φύσεως.
409 4664 494 4717 διὰ
514 4664 574 4717 τὸ
604 4664 724 4734 ῐσην
753 4662 1033 4731 ἐγκεῖσθαι
1062 4660 1158 4732 τὴν
1184 4660 1411 4729 δύναμιν
1438 4662 1505 4730 τῇ
1539 4676 1721 4731 προαι-

146 4756 292 4827 ρέσει
316 4756 452 4827 πρὸς
477 4756 575 4827 τὴν
602 4756 685 4824 ἐφ’
734 4756 969 4825 ἑκάτερα
998 4754 1105 4808 τῶν
1140 4752 1395 4806 ἐναντίων
1439 4749 1630 4822 ῥοπὴν,
1660 4750 1720 4803 τό

138 4862 198 4899 τε
236 4845 437 4913 ἀγαθὸν
477 4846 535 4899 τὸ
574 4848 632 4899 ὲν
665 4849 817 4918 ἡμῖν,
858 4846 949 4899 καὶ
985 4845 1043 4897 τὸ
1083 4843 1249 4898 κακον
1287 4846 1404 4907 ταῖς
1452 4842 1720 4913 διαδοχαῖς

142 4934 390 5005 ἀλλήλων
432 4934 755 5003 ὲναπολήγει
777 4974 791 4998 ,
827 4935 920 4986 καὶ
952 4932 1161 5001 γίνεται
1192 4929 1286 4983 τοῦ
1336 4928 1541 4998 ἀγαθοῦ
1596 4929 1718 4999 ὅρος

141 5024 175 5094 ἡ
215 5024 568 5094 ἐπιγινομένη
598 5023 783 5084 κακία,
807 5023 901 5076 καὶ
924 5022 1099 5074 πάντα
1120 5020 1187 5074 τὰ
1215 5020 1322 5072 τῶν
1350 5018 1537 5089 ψυχῶν
1562 5017 1718 5089 ἡμῶν

141 5113 573 5185 ἐπιτηδεύματα,
608 5114 708 5167 ὃσα
738 5111 879 5165 κατά
911 5112 971 5164 τὸ
1008 5111 1250 5164 ἐναντίον
1290 5108 1541 5178 ἀλλήλοις
1572 5110 1718 5162 ἀντι-

142 5207 504 5273 καθέστηκεν,
542 5206 628 5268 είς
650 5204 853 5274 ἄλληλα
878 5202 1054 5273 λήγει,
1092 5203 1183 5255 καὶ
1215 5201 1306 5253 ὐπ’
1340 5199 1584 5270 ἀλλήλων
1607 5199 1719 5270 όρί-

142 5296 312 5360 ζεται.
361 5293 423 5347 Ἦ
473 5295 528 5347 δὲ
572 5295 716 5366 ἀτιλῆ
757 5294 851 5347 καὶ
888 5292 1107 5364 καθαρά
1157 5291 1251 5345 καὶ
1303 5290 1579 5362 μονοειδὴς
1625 5290 1719 5343 καὶ

140 5387 410 5457 ἄτρεπτος
428 5386 520 5439 καὶ
542 5386 896 5450 ἀναλλοίωτος
915 5387 1094 5453 φύσις,
1121 5384 1207 5437 ἀεὶ
1220 5381 1478 5445 ὡσαύτως
1500 5382 1716 5452 ἔχουσα,

141 5476 235 5530 καὶ
266 5475 521 5528 οὐδέποτε
545 5474 737 5544 εαυτῆς
765 5472 1111 5545 ὲξισταμένη,
1145 5470 1235 5525 διὰ
1261 5470 1321 5524 το
1347 5470 1718 5541 ἀπαράδεκτος

207 5654 257 5685 ’⁸
311 5653 461 5710 Psal.
502 5670 540 5718 ι,
576 5654 631 5709 3.
708 5653 754 5684 ’⁵
806 5652 849 5706 ΙΙ
881 5652 1006 5705 Cor.
1064 5667 1122 5715 ιι,
1160 5651 1245 5705 16.

468 5742 740 5800 ΡΑΤιιοι..
777 5738 895 5798 (in.
944 5737 990 5795 Χ
1009 5737 1072 5794 LI
1089 5738 1128 5794 Υ
1144 5780 1167 5796 .›

1815 1855 2209 1925 prmdicatione
2266 1856 2437 1911 libere
2493 1857 2797 1911 misceatur
2843 1854 2912 1911 ad
2955 1856 3154 1912 bonam
3202 1866 3257 1913 et
3306 1874 3403 1915 so-

1816 1947 1993 2002 briam
2015 1947 2361 2014 ebrietatem.
2388 1946 2537 2003 Illam
2561 1949 2708 2010 dico.
2752 1965 2849 2021 per
2881 1965 3046 2022 quam
3078 1952 3397 2008 hominibus

1816 2056 1884 2096 ex
1925 2040 2091 2096 rebus
2123 2041 2504 2098 materialibus
2539 2044 2597 2096 tit
2635 2045 3025 2100 transmutatio
3056 2045 3123 2101 ad
3155 2046 3207 2101 id
3249 2049 3396 2118 quod

1819 2138 1900 2186 est
1929 2131 2190 2188 divinius.

1890 2384 2045 2440 Nunc
2084 2383 2302 2455 quidem
2355 2386 2511 2442 ﬂoret
2559 2389 2707 2452 vitis,
2751 2397 2803 2444 et
2836 2404 2903 2443 ex
2950 2404 3012 2444 ea
3063 2406 3158 2459 per
3205 2390 3396 2447 ﬂorem

1820 2478 2091 2531 emittitur
2117 2493 2285 2549 vapor
2316 2478 2537 2548 quidam
2566 2479 2703 2535 bene
2729 2480 2884 2536 olens
2928 2488 2983 2535 et
3028 2481 3236 2547 suavis,
3265 2497 3399 2538 con-

1823 2585 2155 2648 temperatus
2207 2593 2331 2633 cum
2388 2579 2661 2635 ambiente
2716 2581 2935 2651 spiritu.
2996 2580 3155 2637 Nosti
3214 2595 3395 2643 autem

1822 2672 2046 2724 omnino
2086 2670 2360 2740 spiritum,
2413 2673 2506 2742 qui
2538 2671 2700 2726 efﬁcit
2745 2673 2890 2729 hunc
2938 2674 3140 2730 bonum
3174 2679 3396 2734 odorem

1822 2762 1892 2817 iis
1920 2762 2013 2832 qui
2044 2762 2180 2818 salvi
2224 2762 2379 2827 (inut,
2415 2771 2474 2817 ut
2510 2765 2601 2833 qui
2641 2764 2744 2818 hoe
2788 2765 3047 2822 didiceris
3075 2782 3104 2821 a
3132 2768 3303 2825 Paulo
3328 2771 3403 2822 ⁸³.

1824 2854 1948 2910 llaec
1982 2872 2197 2928 sponsa:
2225 2858 2402 2911 oratio
2433 2860 2584 2927 prius
2622 2858 2859 2913 ostendit
2893 2859 3094 2914 indicia
3142 2871 3196 2916 et
3239 2870 3399 2918 notas

1824 2950 1951 3005 boni
1982 2949 2124 3007 veris
2154 2951 2485 3017 animarum,
2512 2963 2564 3005 et
2598 2966 2718 3006 eam
2754 2952 2946 3011 incitat
2972 2961 3029 3007 ut
3080 2953 3296 3009 fruatur
3333 2956 3399 3013 iis

1748 3072 1790 3127 ϐ
1824 3057 1944 3110 qua:
1974 3050 2102 3127 sunt
2144 3044 2446 3112 proposita,
2499 3043 2681 3099 verbis
2724 3059 2842 3098 eam
2892 3045 3166 3111 excitans,
3209 3045 3397 3118 Surge,

1823 3134 2038 3197 dicens,
2068 3136 2205 3195 veni,
2232 3134 2527 3205 propinqua
2552 3151 2690 3198 mea,
2730 3134 2954 3203 pulchra
2986 3152 3123 3202 mea,
3154 3136 3400 3193 columba

1824 3252 1961 3289 mea.
1988 3236 2160 3301 Quam
2193 3236 2364 3288 multa
2393 3247 2571 3290 autem
2604 3236 2859 3306 dogmata
2889 3238 3079 3307 paucis
3109 3238 3195 3294 his
3218 3240 3399 3295 verbis

1823 3333 1983 3389 nobis
2013 3333 2255 3388 ostendit
2281 3331 2552 3387 Verbum!
2606 3349 2714 3387 non
2758 3335 2904 3389 enim
2937 3334 3085 3390 inani
3133 3337 3316 3406 aliqua
3347 3343 3398 3391 et

1827 3436 2234 3495 supervacanea
2272 3426 2521 3479 oratione
2570 3427 2626 3479 in
2687 3426 2879 3481 iisdem
2917 3427 3101 3483 verbis
3149 3429 3397 3484 lubenter

1824 3517 2106 3572 immorari
2141 3516 2404 3572 divinitus
2437 3516 2760 3585 inspiratam
2793 3516 3100 3573 doctrinam
3146 3527 3230 3574 est
3262 3535 3400 3575 con-
3480 3540 3487 3546 '

1824 3624 2168 3674 sentaneum.
2207 3614 2313 3669 Sed
2369 3629 2566 3685 magna
2607 3616 2790 3685 aliqua
2821 3622 2877 3670 et
2924 3615 3035 3671 Deo
3063 3618 3400 3675 conveniens

1825 3708 2184 3779 intelligentia
2232 3707 2541 3762 ostenditur
2589 3705 2749 3760 nobis
2808 3720 2905 3775 per
2939 3706 3082 3760 hanc
3111 3709 3399 3779 repetitam

1825 3803 2174 3862 sententiam.
2230 3800 2386 3866 Quod
2452 3807 2634 3853 autem
2680 3798 2883 3854 dicitur
2939 3792 3398 3863 esthujusmodi:

1824 3895 1986 3950 Beata
2017 3902 2073 3949 et
2107 3904 2311 3949 aeterna
2343 3900 2398 3948 et
2433 3907 2649 3946 omnem
2686 3891 3098 3966 intelligentiam
3129 3892 3401 3947 excedens

1824 3998 2042 4049 natura,
2074 3986 2258 4040 omnia
2283 4000 2405 4053 quae
2434 3992 2564 4039 sunt
2593 3984 2649 4039 in
2675 3983 2854 4055 seipsa
2881 3999 3166 4049 coercens,
3195 4000 3225 4037 a
3253 3985 3400 4039 nullo

1824 4079 2058 4134 termino
2084 4076 2481 4133 circumdatur.
2531 4073 2680 4129 Nihil
2733 4084 2817 4132 est
2872 4075 3021 4131 enim
3079 4076 3223 4145 quod
3253 4076 3399 4131 circa

1825 4173 1998 4241 ipsam
2032 4171 2438 4231 consideratur,
2470 4184 2580 4223 non
2631 4179 2867 4239 tempus.
2897 4184 3004 4223 non
3064 4170 3238 4233 locus,
3290 4184 3399 4226 non

1824 4263 1998 4327 color,
2031 4277 2139 4317 non
2167 4262 2362 4331 ﬁgura,
2392 4275 2499 4314 non
2550 4260 2888 4331 magnitudo,
2933 4277 3044 4316 non
3098 4263 3399 4331 quantitas,

1826 4370 1933 4410 non
1957 4355 2326 4417 intervallum,
2345 4367 2523 4421 neque
2545 4353 2714 4406 ullum
2734 4353 2879 4406 aliud
2899 4367 3098 4407 nomen
3122 4369 3202 4422 per
3219 4353 3398 4409 tinens

1829 4449 1894 4503 ad
1927 4447 2532 4516 circumscriptionem,
2583 4453 2678 4499 aut
2711 4460 2800 4500 res
2823 4486 2837 4507 ,
2883 4457 2977 4500 aut
3019 4447 3397 4517 intelligentia,

1827 4543 1921 4598 sed
1953 4556 2118 4595 omne
2145 4541 2349 4594 bonum
2376 4538 2521 4607 quod
2548 4538 2695 4591 circa
2721 4538 2894 4607 ipsam
2929 4539 3252 4609 intelligitur
3275 4554 3397 4609 pro-

1827 4634 1974 4689 cedit
2000 4635 2055 4687 in
2087 4633 2383 4695 inﬁnitum,
2420 4639 2474 4685 et
2509 4629 2733 4684 minime
2766 4630 3265 4686 circumscribitur.
3294 4629 3398 4685 Ubi

1826 4726 1971 4780 enim
2006 4724 2141 4779 vitio
2173 4724 2360 4778 nullus
2389 4730 2475 4777 est
2514 4722 2687 4785 locus,
2715 4722 2901 4777 nullus
2950 4730 3035 4777 est
3080 4722 3205 4776 boni
3254 4723 3398 4776 linis.

1828 4818 1885 4872 In
1929 4818 2181 4871 mutabili
2209 4816 2355 4872 enim
2404 4824 2619 4880 natura,
2675 4823 2961 4883 propterea
3004 4813 3151 4881 quod
3196 4812 3398 4881 pariter

1827 4910 1970 4964 inest
1997 4915 2238 4977 potestas
2283 4915 2335 4962 et
2368 4906 2538 4960 libera
2572 4902 2808 4974 eligendi
2858 4902 3114 4957 voluntas
3144 4902 3211 4955 ad
3242 4901 3398 4955 incli-

1826 5002 2099 5054 nationem
2149 5013 2214 5053 ae
2261 4997 2680 5068 propensionem
2725 4994 2790 5047 ad
2822 5001 3053 5062 utraque
3098 4991 3398 5055 contraria,

1826 5097 1970 5169 quod
2004 5104 2090 5150 est
2126 5097 2179 5147 in
2214 5093 2370 5149 nobis
2420 5094 2622 5147 bonum
2666 5098 2719 5145 et
2765 5088 2964 5142 malum
3008 5087 3083 5140 ita
3116 5085 3399 5150 desinunt,

1828 5198 1886 5244 ut
1921 5188 2023 5243 sihi
2057 5186 2292 5240 invicem
2340 5188 2681 5239 succedant:
2730 5189 2784 5235 et
2822 5178 2951 5234 boni
2997 5183 3083 5232 est
3129 5174 3399 5231 terminus

1826 5282 2015 5337 vitium
2046 5277 2342 5332 adveniens
2378 5295 2390 5329 :
2425 5282 2481 5330 et
2508 5275 2694 5328 omnia
2733 5272 3041 5327 animarum
3083 5274 3399 5323 nostrarum

1826 5374 2007 5430 studia
2037 5381 2091 5426 et
2118 5368 2390 5429 instituta,
2428 5380 2550 5435 qua:
2591 5365 2693 5420 sibi
2730 5364 2961 5418 invicem
3016 5359 3397 5419 adversantur,

1826 5470 1879 5524 in
1911 5483 1969 5525 se
1993 5465 2226 5521 invicem
2248 5458 2531 5523 desinunt,
2553 5466 2606 5513 et
2627 5474 2655 5511 ιι
2680 5473 2738 5512 se
2759 5458 2993 5512 invicem
3010 5452 3397 5509 terminantur.

3074 5720 3151 5780 ‘28
