3752 5984
375 237 482 290 875
1599 233 1654 286 S.
1693 230 2022 288 GREGOilIl
2057 228 2354 284 NYSSENI
2691 242 2701 252 ’
3522 234 3616 289 876

369 347 606 418 Simplex
639 353 817 400 autem
849 354 900 400 et
931 360 1065 415 pura
1098 353 1152 399 et
1179 346 1468 404 uniformis
1499 355 1552 402 et
1582 347 1935 401 immutabilis

2122 363 2176 397 αι
2208 347 2306 416 τῆς
2339 345 2474 415 πρὸς
2503 342 2568 398 rb
2593 343 2760 398 κακον
2794 343 3097 410 κοινωνίας,
3144 346 3396 416 ἀόριστος
3444 347 3499 398 ἐν
3544 349 3612 417 τῷ

369 448 422 493 et
451 437 833 501 inalterabilis,
859 444 913 490 et
955 451 1076 507 qua:
1120 453 1334 507 semper
1364 435 1618 493 similiter
1661 445 1712 493 et
1743 437 1933 492 eodem

2117 436 2224 507 αθῷ
2275 437 2460 507 μένει,
2507 437 2628 489 οὑδὲ
2667 437 2836 506 αὑτῆς
2891 436 3163 506 βλέπουσα
3208 438 3404 508 πέρας,
3445 439 3535 493 διὰ
3559 447 3611 494 ri

369 529 530 584 modo
553 544 612 584 se
628 528 791 582 habet
813 535 1034 592 natura,
1053 536 1106 581 et
1128 543 1158 581 a
1178 529 1356 597 seipsa
1380 543 1657 598 nunquam
1681 526 1895 582 excedit
1919 545 1933 580 :

373 628 659 691 propterea
697 619 841 688 quod
872 634 979 673 non
1011 620 1077 673 sit
1108 634 1278 689 capax
1304 619 1585 674 societatis
1622 634 1743 674 cum
1770 618 1935 682 malo,

369 721 551 765 manet
577 710 629 763 in
663 711 806 764 bono
836 709 1060 763 minime
1083 709 1519 778 circumscripta,
1553 709 1604 762 ir:
1638 724 1696 764 se
1727 709 1937 762 nullum

365 802 555 853 videns
589 798 768 860 ﬁnem,
806 807 1092 867 propterea
1121 797 1264 864 quod
1302 799 1356 851 in
1411 814 1470 852 se
1500 798 1706 850 nullum
1758 797 1941 851 videat

367 892 727 945 contrarium.
763 889 992 954 Quando
1017 905 1146 960 ergo
1183 890 1350 943 trahit
1378 892 1669 944 humanam
1697 889 1938 941 animam

367 983 432 1036 ad
461 983 544 1037 sui
571 982 1068 1051 participationem,
1102 981 1297 1051 aequali
1329 996 1542 1050 semper
1581 993 1858 1042 mensura,
1881 977 1936 1032 in

365 1089 426 1128 ea
455 1089 574 1144 qua:
617 1073 683 1126 ad
719 1073 773 1126 id
820 1073 964 1142 quod
997 1079 1080 1127 est
1129 1073 1324 1126 melius
1367 1087 1431 1125 ac
1481 1070 1831 1140 praestantius
1878 1069 1935 1123 ﬁt

365 1165 808 1233 cxsuperatioue,
843 1163 1082 1232 assurgit
1111 1177 1276 1231 supra
1325 1175 1443 1216 eam
1472 1176 1593 1231 quae
1628 1169 1710 1215 est
1761 1159 1933 1229 parti-

365 1272 515 1326 ceps.
547 1255 678 1308 Nam
701 1256 882 1308 anima
913 1254 1133 1324 quidem
1169 1253 1350 1322 scipsa
1396 1265 1610 1320 semper
1648 1249 1706 1302 ﬁt
1737 1250 1930 1318 major,

2041 527 2207 597 μηδὲν
2235 527 2342 579 τῶν
2370 527 2626 580 ἐναντίων
2651 527 2887 596 βλέπειν.
2921 529 3086 581 Ὅταν
3111 528 3291 582 τοίνυν
3320 531 3610 601 ἐφέλκηται

2003 621 2022 634 ’
2040 616 2172 685 πρὸς
2205 615 2492 684 μετουσίαν
2522 618 2720 686 ἑαυτῆς
2738 616 2834 687 τὴν
2854 617 3200 687 ἀνθρωπίνην
3221 619 3422 688 ψυχὴν,
3443 620 3525 670 ἀεὶ
3541 621 3608 690 τῷ

2040 709 2139 777 ίσῳ
2160 708 2340 776 μέτρῳ
2357 707 2494 760 κατὰ.
2508 707 2607 781 τὴν
2632 709 2688 772 ἐς
2703 709 2761 761 rb
2779 711 3025 779 κρεῖττον
3044 711 3316 781 ὑπεροχὴν
3341 711 3442 781 τῆς
3462 729 3606 780 pers-

2044 797 2243 866 χούσης
2265 798 2720 869 ὑπερανέστηκεν.
2764 801 2827 852 Ἠ
2860 801 2959 870 μὲν
2985 801 3092 872 γὰρ
3118 802 3263 873 ψυχὴ
3295 802 3498 873 μείζων
3523 806 3608 856 ab-

2042 892 2138 962 τῆς
2167 892 2393 944 πάντοτε
2424 891 2512 944 διὰ
2535 892 2632 963 τῆς
2655 891 2750 945 τοῦ
2773 893 3128 965 ὑπερέχοντος
3153 896 3444 964 μετουσίας
3474 895 3609 962 γίνε-

2040 1001 2150 1046 ται,
2183 986 2276 1037 καὶ
2307 985 2646 1056 αὐξανομένη
2682 986 2779 1056 οὑχ
2827 986 3042 1040 ἵσταται
3069 1004 3082 1016 ο
3122 988 3182 1040 rb
3224 987 3281 1040 δὲ
3320 977 3629 1058 μετεχόμεέ

2040 1090 2128 1127 νον
2158 1073 2356 1142 ἀγαθὸν
2384 1077 2439 1128 ὲν
2466 1073 2565 1144 ἴσῳ
2593 1075 2738 1145 μένει
2762 1074 3041 1139 ὡσαύτως,
3072 1077 3175 1129 ὑπὸ
3193 1078 3291 1148 τῆς
3315 1077 3409 1129 ἐπὶ
3437 1079 3611 1130 πλεῖον

2041 1165 2126 1217 ἀεὶ
2161 1165 2492 1237 μετεχούσης
2528 1167 2586 1220 ἐν
2619 1167 2707 1238 ἴσῃ
2740 1167 2967 1222 πάντοτε
2995 1169 3062 1238 τῇ
3087 1168 3324 1239 ὑπεροχῇ
3362 1169 3612 1238 εὑρισκό-

2044 1268 2223 1321 μενον.

363 1361 417 1406 et
450 1357 680 1421 augetur
704 1365 797 1420 per
833 1347 1308 1418 participationem
1337 1341 1456 1414 ejus
1491 1345 1633 1416 quod
1669 1343 1979 1416 exsuperat,
2022 1346 2433 1416 neque‘desinit
2479 1347 2708 1419 augeri:
2741 1347 2943 1403 bonum
2996 1357 3174 1404 autem
3214 1347 3358 1419 quod
3394 1347 3612 1418 partici-

364 1449 543 1511 patur,
576 1455 788 1512 semper
815 1446 997 1494 manet
1027 1438 1081 1492 in
1108 1438 1436 1508 aequalitate,
1481 1445 1540 1490 ut
1594 1437 1737 1508 quod
1781 1439 1848 1491 ab
1915 1453 1977 1492 ca
2049 1454 2170 1508 quae
2194 1454 2408 1509 semper
2456 1447 2540 1496 est
2586 1440 2820 1510 amplius
2858 1440 3150 1512 particeps,
3201 1456 3420 1511 semper
3472 1442 3612 1494 iuve-

366 1537 548 1588 niatur
573 1535 622 1585 in
649 1531 842 1602 aequali
867 1530 1303 1599 exsuperatione.

402 1631 404 1634 ’
438 1625 698 1680 Videmus
729 1640 859 1695 ergo
887 1633 1151 1695 tanquam
1185 1623 1239 1676 in
1266 1622 1544 1678 scalarum
1578 1636 1811 1677 ascensu
1843 1635 1940 1687 per
1969 1628 2011 1682 B

365 1719 584 1773 virtutis
651 1717 1002 1771 ascensiones
1061 1730 1322 1785 sponsam
1389 1729 1420 1767 a
1485 1712 1664 1768 Verbo
1718 1711 1934 1767 deduci.

368 1810 609 1864 Immittit
642 1809 814 1878 primo
848 1805 1087 1861 Verbum
1119 1808 1329 1862 radium
1361 1822 1456 1877 per
1503 1805 1772 1860 fenestras
1814 1818 1938 1874 pro-

366 1904 634 1975 pheticus,
665 1909 758 1954 aut
789 1900 1061 1954 cancellos
1094 1907 1486 1969 praeceptorum
1539 1895 1696 1967 legis,
1741 1903 1794 1950 et
1817 1909 1937 1949 eam

367 1995 596 2048 advocat
626 2001 683 2045 ut
719 1991 1120 2061 appropinquet
1147 1989 1276 2052 luci,
1307 1997 1361 2043 et
1391 1987 1620 2058 pulchra
1646 1986 1738 2040 ﬁat
1764 1987 1938 2040 instar

367 2084 629 2138 columbae
654 2081 886 2136 formata
922 2079 975 2133 in
1013 2081 1153 2133 luce.
1189 2077 1394 2133 Deinde
1439 2093 1560 2133 cum
1605 2092 1785 2132 rerum
1823 2075 1939 2145 pul-

367 2177 624 2230 chrarum
655 2180 864 2227 tantum
913 2170 1129 2234 fuisset,
1179 2177 1449 2240 quantum
1496 2169 1671 2239 potuit
1719 2183 1934 2238 capere,

369 2268 660 2337 particeps,
676 2281 868 2322 rursus
883 2265 950 2320 de
986 2268 1217 2337 integro,
1242 2270 1301 2316 ut
1322 2278 1442 2332 qua:
1463 2262 1733 2316 bonorum
1757 2261 1935 2315 adhuc

368 2375 476 2414 non
499 2364 643 2412 esset
662 2355 952 2425 particeps,
975 2367 1096 2407 eam
1121 2353 1347 2407 attrahit
1370 2352 1435 2406 ad
1459 2351 1934 2423 participationem

368 2449 495 2504 boui
524 2446 1003 2517 supereminentis,
1027 2445 1162 2500 adeo
1187 2452 1245 2499 ut
1273 2445 1322 2499 id
1348 2445 1526 2513 ipsum
1548 2443 1692 2514 quod
1720 2459 1937 2513 semper

369 2547 594 2610 apparet
629 2544 994 2607 congruenter
1046 2535 1381 2606 proportioui
1435 2533 1736 2605 profectus,
1773 2534 1935 2590 simul

369 2633 536 2686 etiam
579 2631 816 2684 attrahat
845 2629 1197 2691 desiderium,
1233 2638 1287 2681 et
1314 2636 1534 2697 propter
1562 2626 1936 2696 exsuperatio—

369 2740 490 2779 nem
527 2725 792 2778 bonorum
863 2737 983 2791 qucc
1033 2736 1246 2790 semper
1298 2719 1724 2775 considerantur
1772 2720 1829 2773 in
1870 2733 1936 2774 eo

367 2814 511 2884 quod
531 2811 1173 2883 supereminet,vitlcatur
1193 2810 1368 2880 primo
1386 2818 1608 2882 tangere
1625 2825 1932 2867 ascensum.

369 2907 663 2975 Propterea
693 2919 826 2973 ergo
847 2905 894 2958 ei
943 2903 1192 2957 excitatae
1233 2917 1427 2956 rursus
1473 2902 1626 2967 dicit,
1666 2900 1854 2972 Surge,
1884 2910 1936 2956 et

373 2997 422 3050 ei
450 3010 572 3049 cum
604 2994 842 3048 venisset
869 2993 1019 3055 dicit,
1054 2991 1201 3046 Veni.
1229 2991 1415 3062 Neque
1437 2992 1580 3046 enim
1606 2993 1654 3046 ei
1685 2993 1776 3062 qui
1808 3007 1936 3047 vere

373 3087 549 3155 surgit
584 3098 822 3153 unquam
866 3082 1040 3136 deerit
1087 3097 1301 3152 semper
1346 3098 1610 3152 surgere;
1665 3098 1842 3154 neque
1885 3082 1936 3137 ei

367 3175 459 3243 qui
516 3173 690 3226 currit
752 3169 818 3224 ad
884 3169 1216 3234 Dominum,
1285 3186 1525 3240 unquam
1583 3178 1938 3226 consumetur

369 3265 608 3333 amplum
667 3271 720 3316 et
772 3261 942 3314 latum
1011 3261 1189 3331 campi
1256 3262 1491 3330 spatium
1555 3261 1624 3316 ad
1687 3261 1936 3316 divinum

371 3368 592 3408 cursum
617 3351 1037 3407 conﬁciendum.
1065 3353 1292 3422 Oportet
1311 3352 1453 3407 enim
1480 3368 1693 3422 semper
1713 3368 1938 3424 surgere

370 3452 422 3500 et
468 3443 715 3509 excitari,
761 3450 815 3499 et
862 3458 959 3513 per
999 3458 1222 3498 cursum
1269 3443 1754 3514 appropinquando
1795 3459 1939 3497 nun-

369 3551 531 3607 quam
559 3549 796 3590 ccssare.
829 3533 1193 3600 Quamobrem
1229 3533 1443 3601 quoties
1468 3533 1637 3587 dicit:
1691 3533 1857 3603 Surge
1879 3539 1935 3588 et

358 3627 520 3686 'l’em‘,
548 3625 709 3678 toties
741 3627 970 3694 largitur
1004 3623 1316 3678 facultatem
1357 3624 1425 3677 ad
1466 3624 1519 3679 id
1549 3625 1693 3694 quod
1739 3625 1937 3680 melius

367 3725 449 3773 est
504 3708 852 3771 ascendendi.
913 3713 1005 3770 Sic
1064 3716 1302 3786 intelligo
1357 3731 1477 3784 qua:
1539 3723 1842 3786 sequuntur
1880 3715 1937 3769 in

371 3817 537 3860 textu.
576 3805 708 3859 Nam
762 3805 854 3874 qui
892 3805 1176 3874 pulchram
1231 3821 1294 3860 ex
1332 3805 1558 3874 pulchra
1596 3805 1751 3875 jubet
1794 3807 1933 3872 ﬁeri,

355 3905 551 3966 aperte
597 3896 852 3950 admonet
909 3907 962 3950 et
1011 3896 1256 3966 suggerit
1317 3896 1449 3950 illud
1515 3897 1933 3966 Apostolicum,

365 3987 563 4057 jubens
593 3987 839 4042 earmlem
865 3986 1155 4055 imaginem
1187 4001 1217 4038 a
1270 3987 1440 4056 gloria
1472 3988 1850 4043 transformari
1880 3990 1934 4043 in

367 4078 593 4148 gloriam
617 4077 686 4141 ",
716 4075 850 4132 adeo
869 4085 936 4130 ut
960 4091 1178 4144 semper
1190 4075 1442 4131 videatur
1460 4093 1580 4133 esse
1601 4079 1771 4148 gloria
1789 4080 1934 4149 quod

370 4170 658 4238 accipitur,
687 4178 747 4228 et
769 4166 914 4235 quod
963 4181 1177 4236 semper
1231 4167 1530 4232 invenitur,
1564 4177 1618 4222 et
1678 4169 1807 4224 licet
1863 4170 1935 4226 sit

2123 1621 2366 1693 Ὀρῶμεν
2405 1623 2583 1676 τοίνυν
2616 1622 2803 1695 ὥσπερ
2842 1624 2900 1677 ἐν
2946 1622 3168 1694 βαθμῶν
3198 1624 3463 1677 ἀναϐάσει
3503 1642 3608 1694 χει-

2043 1713 2465 1784 ραγωγουμένην
2495 1713 2583 1767 διὰ
2626 1713 2733 1768 τῶν
2763 1714 2861 1784 τῆς
2917 1715 3116 1785 ἀρετῆς
3158 1713 3358 1768 ἀνόδων
3409 1714 3502 1766 ἐπὶ
3545 1716 3607 1768 τὰ

2039 1801 2147 1874 ὕψη
2179 1804 2328 1873 παρά
2351 1802 2446 1857 τοῦ
2465 1803 2636 1872 Λόγου
2665 1802 2764 1874 τὴν
2791 1797 3141 1874 νύμφην.Ἧν
3169 1804 3185 1825 ⁴
3204 1803 3375 1874 ἐνίησι
3398 1803 3607 1872 πρῶτον

2037 1895 2125 1949 διὰ
2165 1895 2273 1950 τῶν
2307 1880 2602 1966 προφητῶν
2641 1895 2893 1967 θυρίδων,
2942 1895 3038 1950 καὶ
3084 1895 3190 1950 τῶν
3231 1896 3468 1950 δικτύων
3507 1898 3606 1949 τῶν

2037 1979 2131 2034 τοῦ
2161 1981 2325 2051 νόμου
2356 1983 2834 2053 παραγγελμάτων
2858 1983 2955 2054 τὴν
2995 1983 3191 2039 ἀκτῖνα
3219 1987 3247 2038 ὁ
3292 1986 3485 2054 Λόγος,
3520 1989 3605 2038 καὶ

2040 2073 2384 2144 προσκαλεῖτ⁹
2408 2073 2576 2144 αὐτὴν
2605 2073 2818 2142 ἐγγίσαι
2848 2075 3008 2143 φωτὶ,
3037 2075 3132 2129 καὶ
3163 2076 3334 2146 καλὴν
3361 2076 3605 2145 γενέσθαι

2038 2165 2174 2236 πρὸς
2205 2164 2264 2216 rb
2292 2159 2430 2227 εἶδος
2458 2163 2557 2234 τῆς
2591 2166 2917 2236 περιστερᾶς
2944 2166 3002 2218 ἐν
3027 2165 3104 2235 τῷ
3139 2169 3276 2236 φωτὶ
3305 2167 3608 2237 μορφωθεῖ-

2039 2275 2158 2311 σαν.
2196 2252 2327 2308 Εἶτα
2360 2255 2736 2326 μετασχοῦσαν
2778 2257 2887 2310 τῶν
2936 2259 3135 2323 καλῶν,
3175 2260 3299 2312 ὅσον
3333 2259 3600 2332 ἐχώρησε,

2037 2349 2197 2401 πάλιν
2232 2347 2292 2411 ἐξ
2325 2348 2596 2417 ὑπαρχῆς,
2621 2346 2697 2411 ὡς
2731 2347 2809 2400 ἔτι
2841 2348 2948 2401 τῶν
2982 2349 3162 2404 καλῶν
3203 2345 3368 2404 οὖσαν
3407 2352 3605 2422 ἀμέτο-

2037 2456 2149 2509 χον,
2181 2437 2315 2508 πρὸς
2334 2436 2428 2489 τοῦ
2453 2437 2846 2508 ὑπερκειμένου
2873 2436 3102 2500 κάηλλους
3133 2438 3420 2508 μετουσίαν
3460 2439 3609 2507 ἐφέλ-

2038 2547 2210 2592 κεται,
2245 2527 2383 2580 ὥστε
2415 2527 2550 2597 αὑτῇ
2578 2525 2720 2580 κατά
2750 2525 2848 2598 τὴν
2880 2526 3170 2594 ἀναλογίαν
3204 2528 3301 2596 τῇς
3329 2528 3606 2598 προκοπῆς

2038 2619 2173 2690 πρὸς
2194 2618 2254 2671 rb
2286 2618 2374 2671 del.
2396 2618 2822 2688 προφαινόμενον
2853 2618 2944 2670 καὶ
2973 2617 3070 2688 τὴν
3092 2617 3385 2687 ἐπιθυμίαν
3417 2620 3608 2671 συναύ-

2039 2706 2243 2771 ξεσθαι,
2273 2706 2366 2759 καὶ
2389 2705 2477 2758 διά
2510 2707 2609 2776 τὴν
2635 2705 2940 2776 ὑπερϐολὴν
2966 2706 3074 2759 τῶν
3106 2707 3336 2760 πάντοτε
3376 2709 3519 2761 κατά
3551 2707 3609 2760 rb

2037 2796 2431 2868 ὑπερκείμενον
2469 2796 2870 2867 εὑρισκομένων
2909 2795 3147 2863 ἀγαθῶν,
3180 2788 3410 2868 πρώτως
3440 2797 3604 2850 ἄπτε-

2039 2891 2162 2944 σθαι
2196 2890 2296 2961 τῆς
2335 2889 2522 2943 ἀνόδου
2553 2889 2742 2942 δοκεῖν.
2780 2889 2877 2942 Διά
2905 2889 3062 2942 τοῦτό
3089 2905 3221 2958 φησι
3265 2889 3427 2942 πάλιν
3477 2888 3609 2959 πρὸς

2038 2983 2132 3054 τὴν
2154 2981 2529 3053 ἐγηγερμένην
2549 2983 2577 3033 ὁ
2592 2981 2778 3048 Λόγος,
2797 2981 2876 3032 ὅτι
2908 2979 3234 3048 Ἀνάστηθι,
3251 2981 3345 3032 καὶ
3361 2979 3496 3050 πρὸς
3513 2981 3609 3050 τὴν

2037 3074 2315 3138 ἐλθοῦσαν,
2341 3075 2422 3127 ὅτι
2459 3073 2642 3129 Ἐλθέ.
2672 3071 2809 3125 Οὑτε
2843 3073 2952 3142 γὰρ
2976 3071 3054 3141 τῷ
3073 3071 3241 3135 ὅντως
3267 3071 3611 3141 ἀνισταμένῳ

2035 3166 2208 3234 λείψει
2239 3165 2368 3217 ποτέ
2411 3164 2500 3218 ἀεὶ
2543 3163 2864 3216 ἀνίστασθαι
2887 3205 2899 3226 ,
2935 3161 3058 3214 οὔτε
3087 3161 3165 3232 τῷ
3200 3162 3446 3234 τρέχοντι
3479 3163 3613 3232 πρὸς

2035 3257 2127 3311 τὸν
2159 3257 2382 3328 Κύριον,
2417 3257 2449 3325 ή
2479 3255 2614 3326 πρὸς
2646 3255 2735 3307 τὸν
2767 3255 2908 3306 θεῖον
2936 3253 3134 3323 δρόμον
3177 3253 3487 3323 εὐρυχωρία
3517 3253 3612 3306 δα-

2039 3349 2430 3420 πανηθήσεται.
2480 3346 2590 3398 Ἀεί
2629 3362 2687 3398 τε
2731 3345 2840 3414 γὰρ
2876 3344 3189 3415 ἐγείρεσθαι
3223 3344 3349 3415 χρὴ,
3388 3346 3483 3397 καὶ
3513 3362 3621 3412 μη-

2037 3440 2227 3495 δέποτε
2263 3435 2352 3490 διὰ
2396 3434 2490 3488 τοῦ
2535 3435 2735 3505 δρόμου
2774 3431 3232 3503 προσεγγίζοντας
3277 3431 3614 3485 παύσασθαι.

2042 3534 2119 3597 ὼς
2175 3529 2362 3590 ὁσάκις
2403 3527 2469 3580 ἂν
2506 3527 2653 3593 λέγει
2686 3525 2746 3578 rb
2797 3523 3113 3592 Ἀνάστηθι
3137 3539 3151 3553 ⁸
3186 3525 3282 3577 καὶ
3313 3523 3374 3576 rb
3416 3524 3616 3577 Ἐλθέο

2037 3621 2258 3683 τοσάκις
2281 3619 2380 3689 τῆς
2405 3618 2539 3688 πρὸς
2563 3617 2622 3670 τὸ
2646 3618 2892 3687 κρεῖττον
2917 3614 3233 3677 ἀναϐάσεως
3260 3614 3358 3684 τὴν
3384 3614 3616 3684 δύναμιν

2035 3713 2267 3766 δίδωσιν.
2321 3709 2477 3763 Οὕτω
2520 3710 2628 3762 νόει
2668 3709 2761 3762 καὶ
2803 3707 2871 3761 τά
2916 3707 3112 3778 ἐφεξῆς
3145 3706 3480 3777 προκείμενα
3517 3706 3615 3759 τοῦ

2036 3803 2215 3871 λόγου.
2257 3802 2316 3854 Ὀ
2355 3800 2464 3870 γὰρ
2497 3799 2668 3870 καλὴν
2695 3800 2759 3852 ἐκ
2799 3798 2971 3868 καλῆς
2997 3797 3247 3866 γενέσθαι
3269 3796 3528 3858 κελεύων,
3554 3797 3616 3850 rb

2037 3891 2391 3946 ἀποστολικδν
2435 3891 2690 3959 ἄντικρυς
2723 3887 3060 3953 ὑποτίθεται,
3089 3887 3189 3956 τὴν
3231 3887 3399 3957 αὑτὴν
3429 3887 3618 3942 εἰκόνα

2038 3983 2394 4056 προστάσσων
2434 3982 2540 4035 ἀπὸ
2580 3981 2736 4048 δόξης
2772 3982 2851 4042 εἰς
2893 3979 3048 4043 δόξαν
3099 3978 3612 4050 μεταμορφοῦσθαιο

2045 4077 2120 4143 ὡς
2169 4074 2397 4129 πάντοτε
2441 4073 2598 4138 δόξαν
2650 4069 2786 4124 εἶναι
2837 4071 3250 4141 λαμϐανόμενον
3292 4070 3476 4122 καὶτὸ
3526 4071 3616 4122 ἀεὶ

2036 4168 2441 4238 εὑρισκόμενον,
2470 4166 2572 4218 κᾶν
2610 4165 2690 4218 ὅτι
2726 4164 2959 4233 μάλιστα
2995 4163 3137 4233 μέγα
3167 4178 3218 4215 τι
3264 4164 3356 4215 καὶ
3387 4162 3616 4233 ὑψηλὸν,

371 4271 624 4330 magnum
655 4269 706 4314 et
730 4259 1034 4330 excelsum,
1063 4257 1320 4312 credatur
1350 4273 1473 4314 esse
1495 4260 1766 4315 minusieo
1787 4274 1931 4330 quoa

2117 4259 2423 4328 ιικρότερον
2446 4255 2582 4310 εἶναι
2603 4255 2696 4308 τοῦ
2719 4253 3070 4324 ἐλπιζομένου
3101 4253 3429 4306 πιστεύεται.
3459 4254 3617 4308 Οὕτω

369 4358 639 4419 speratur.
670 4348 760 4403 Sic
782 4363 912 4418 ergo
937 4362 1060 4402 cum
1085 4356 1231 4402 esset
1259 4348 1510 4403 columba
1548 4349 1616 4405 iis
1642 4367 1760 4420 quae
1784 4352 1936 4421 prius

369 4449 516 4494 recte
542 4439 826 4509 gessisset,
856 4438 1217 4494 nihilominus
1246 4455 1366 4494 eam
1401 4456 1594 4496 rursus
1637 4441 1791 4510 jubet
1820 4443 1935 4497 fieri

366 4530 696 4591 columbam,
731 4543 826 4597 per
869 4529 1411 4586 transformationem
1449 4533 1504 4586 in
1553 4533 1606 4588 id
1659 4533 1805 4603 quod
1853 4543 1936 4590 est

368 4620 583 4674 melius.
617 4621 682 4673 Et
707 4620 752 4674 si
788 4620 890 4674 hoc
924 4620 1123 4675 factum
1163 4621 1350 4685 fuerit,
1393 4623 1652 4695 deinceps
1680 4625 1934 4680 ostendet

252 4739 268 4752 -
364 4711 541 4768 oratio
569 4726 666 4781 per
695 4725 890 4766 nomen
929 4711 980 4764 id
1007 4713 1152 4782 quod
1177 4723 1260 4769 est
1291 4714 1565 4784 superius.

437 4802 579 4856 Dicit
622 4803 806 4857 enim:
859 4801 922 4855 Et
961 4803 1059 4856 huc
1101 4804 1231 4869 veni,
1283 4805 1525 4860 columba
1578 4824 1714 4872 mea,
1762 4810 1818 4863 in
1860 4817 1935 4863 te-

362 4887 533 4964 gmine
567 4904 728 4961 petra:
765 4896 926 4962 juxta
980 4894 1453 4964 propugnaculum.
1505 4895 1638 4961 Quis
1683 4906 1767 4953 est
1804 4913 1934 4970 ergo

364 5001 626 5043 ascensus
676 4984 740 5038 ad
795 4984 1214 5053 perfectionem,
1254 4985 1351 5055 qui
1388 4987 1730 5056 signiﬁcetur
1776 4991 1828 5044 in
1873 4991 1940 5046 iis

363 5093 483 5147 qua:
538 5094 683 5130 nunc
735 5077 880 5130 dicta
927 5075 1100 5131 sunt?
1137 5073 1254 5129 Non
1299 5078 1534 5148 amplius
1581 5081 1827 5150 aspicere
1871 5081 1939 5136 ad

363 5166 606 5221 studium
638 5181 826 5219 eorum
864 5180 987 5234 quae
1021 5165 1331 5231 attrahunt,
1372 5168 1469 5223 sed
1501 5169 1566 5222 ad
1597 5169 1649 5223 id
1683 5170 1828 5239 quod
1855 5177 1939 5225 est

364 5257 562 5311 melius
602 5257 794 5310 ducem
830 5255 1031 5310 habere
1066 5256 1345 5326 propriam
1385 5259 1761 5328 cupiditatem.
1797 5259 1934 5324 Huc,

363 5347 537 5415 inquit
583 5347 706 5415 ipsi,
759 5347 924 5401 veni:
961 5365 1070 5403 non
1102 5365 1168 5404 ex
1203 5347 1544 5419 aegritudine,
1586 5361 1680 5404 aut
1727 5367 1789 5407 ex
1836 5367 1934 5407 ne-

357 5437 636 5500 cessitate,
690 5437 783 5492 sed
818 5439 1052 5507 propriis
1088 5440 1197 5496 tuis
1247 5440 1553 5498 rationibus
1601 5442 1933 5499 conﬁrmans

436 5608 478 5638 “'5
528 5604 574 5659 ιι
603 5606 753 5671 Con,
789 5620 871 5672 ιιι,
911 5608 996 5665 18.

2038 4351 2218 4404 τοίνυν
2246 4348 2572 4420 περιστερὰν
2597 4342 2762 4401 οὖσαν
2796 4348 2853 4400 ἐν
2883 4349 2995 4410 τοῖς
3028 4347 3611 4416 προκατωρθωμένοις.

2039 4441 2191 4494 οὐδὲν
2211 4436 2371 4511 ἦττον
2393 4437 2720 4510 περιστερὰν
2753 4436 2921 4506 αὑτὴν
2954 4437 3114 4490 πάλιν
3151 4437 3236 4489 διὰ
3265 4437 3364 4505 τῆς
3394 4438 3531 4506 πρὸς
3555 4438 3616 4490 rb

2040 4536 2286 4606 κρεῖττον
2307 4529 2782 4602 μεταμορφώσεως
2808 4528 3059 4596 γενέσθαι
3085 4529 3476 4582 διακελεύεται.
3505 4532 3618 4584 Καὶ

2041 4627 2090 4678 εἰ
2114 4623 2271 4677 τοῦτο
2293 4624 2522 4691 γένοιτο,
2542 4621 2600 4673 rb
2624 4621 2761 4690 ὑπὲρ
2783 4618 2940 4672 τοῦτο
2965 4618 3122 4671 πάλιν
3143 4620 3171 4670 ὁ
3195 4619 3349 4687 λόγος
3374 4620 3614 4690 καθεξῆς

2039 4717 2126 4770 διὰ
2163 4714 2256 4768 τοῦ
2286 4714 2547 4783 ὀνόματος
2577 4711 2861 4776 ὑποδείξει.

2111 4808 2272 4875 Λέγει
2305 4806 2433 4874 γάρ·
2471 4805 2652 4872 Δεῦρο
2693 4801 2950 4871 σεαυτὴ,
2990 4801 3307 4870 περιστερὰ
3343 4819 3492 4871 μου,
3542 4801 3616 4854 ἐν

2041 4899 2238 4967 σκέπῃ
2268 4897 2374 4964 τῆς
2403 4896 2623 4964 πέτρας
2667 4896 2922 4964 ἐχομένη
2954 4893 3059 4948 τοῦ
3097 4894 3614 4962 προτειχίσματος.

2039 4991 2135 5054 Τίς
2166 4986 2257 5043 οὖν
2286 4991 2318 5059 ἡ
2343 4988 2479 5059 πρὸς
2502 4987 2563 5040 rb
2589 4986 2791 5039 τέλειον
2813 4985 3020 5048 ἄνοδος,
3056 4985 3176 5054 ἥτις
3211 4988 3323 5048 τοῖς
3344 4985 3441 5039 νῦν
3469 4986 3617 5056 εἰρηο

2043 5081 2222 5151 μένοις
2250 5077 2606 5150 ἐμφαίνεται;
2634 5077 2708 5130 Τὸ
2740 5076 2936 5147 μηκέτι
2971 5076 3106 5147 πρὸς
3131 5075 3228 5145 τὴν
3252 5076 3360 5128 τῶν
3382 5077 3616 5145 ἐφελκο-

2042 5169 2218 5240 μένων
2247 5167 2464 5238 βλέπειν
2506 5165 2761 5236 σπουδὴν,
2788 5165 2901 5218 ἀλλ’
2933 5163 3122 5234 ὁδηγὸν
3153 5165 3290 5234 πρὸς
3328 5165 3388 5217 rb
3425 5168 3614 5235 κρεῖτ-

2036 5279 2126 5316 τον
2171 5261 2268 5330 τὴν
2314 5259 2449 5313 ἰδίαν
2507 5257 2800 5329 ἐπιθυμίαν
2847 5256 3011 5327 ἔχειν.
3057 5255 3226 5327 Δεῦρο
3269 5257 3398 5327 γὰρ,
3451 5257 3610 5326 φησὶ,

2043 5352 2265 5422 σεαυτὴ,
2325 5350 2398 5421 μὴ
2431 5351 2492 5403 ἐκ
2521 5349 2719 5419 λύπης,
2751 5348 2783 5419 ἢ
2819 5347 2875 5414 ἐξ
2916 5347 3178 5415 ἀνάγκης,
3222 5347 3357 5399 ἀλλὰ
3383 5349 3612 5420 σεαυτὴ,

2039 5447 2150 5508 τοῖς
2173 5444 2320 5506 ἰδίοις
2345 5442 2622 5512 λογισμοῖς
2646 5444 2744 5515 τὴν
2774 5438 3078 5512 προθυμίαν
3103 5439 3159 5491 ἐν
3180 5435 3258 5506 τῷ
3278 5433 3428 5504 καλῷ
3449 5435 3613 5504 ἐπιρ-
