  <div class='ocr_page' id='page_1' title='image "/cluster/home/n/w/nwhite01/storage/ocr_20150623/44/mdp.39015011915454/446.png"; bbox 0 0 3752 5984; ppageno 0'>
   <div class='ocr_carea' id='block_1_1' title="bbox 73 321 211 381">
    <p class='ocr_par' dir='ltr' id='par_1_1' title="bbox 73 321 211 381">
     <span class='ocr_line' id='line_1_1' title="bbox 73 321 211 381; baseline 0.022 -3"><span class='ocrx_word' id='word_1_1' title='bbox 73 321 211 381; x_wconf 81' lang='grc'><strong>877</strong></span> 
     </span>
    </p>
   </div>
   <div class='ocr_carea' id='block_1_2' title="bbox 1164 320 2325 385">
    <p class='ocr_par' dir='ltr' id='par_1_2' title="bbox 1164 320 2325 385">
     <span class='ocr_line' id='line_1_2' title="bbox 1164 320 2325 385; baseline 0.004 -5"><span class='ocrx_word' id='word_1_2' title='bbox 1164 322 1235 380; x_wconf 84' lang='grc' dir='ltr'><strong>ΙΝ</strong></span> <span class='ocrx_word' id='word_1_3' title='bbox 1272 322 1573 383; x_wconf 79' lang='lat' dir='ltr'><strong>CANTICA</strong></span> <span class='ocrx_word' id='word_1_4' title='bbox 1628 322 1894 384; x_wconf 77' lang='lat' dir='ltr'><strong>CANTIC.</strong></span> <span class='ocrx_word' id='word_1_5' title='bbox 1938 323 2222 385; x_wconf 78' lang='lat' dir='ltr'><strong>HOMILIA</strong></span> <span class='ocrx_word' id='word_1_6' title='bbox 2260 320 2325 385; x_wconf 65' lang='grc' dir='ltr'>ν.</span> 
     </span>
    </p>
   </div>
   <div class='ocr_carea' id='block_1_3' title="bbox 3264 333 3368 396">
    <p class='ocr_par' dir='ltr' id='par_1_3' title="bbox 3264 333 3368 396">
     <span class='ocr_line' id='line_1_3' title="bbox 3264 333 3368 396; baseline -0.019 0"><span class='ocrx_word' id='word_1_7' title='bbox 3264 333 3368 396; x_wconf 71' lang='grc' dir='ltr'><strong>ετε</strong></span> 
     </span>
    </p>
   </div>
   <div class='ocr_carea' id='block_1_4' title="bbox 77 435 1665 513">
    <p class='ocr_par' dir='ltr' id='par_1_4' title="bbox 77 435 1665 510">
     <span class='ocr_line' id='line_1_4' title="bbox 77 435 1665 510; baseline 0.002 -20"><span class='ocrx_word' id='word_1_8' title='bbox 77 435 368 504; x_wconf 77' lang='grc' dir='ltr'>ρὡασα,</span> <span class='ocrx_word' id='word_1_9' title='bbox 418 437 521 491; x_wconf 74' lang='grc' dir='ltr'>οὐκ</span> <span class='ocrx_word' id='word_1_10' title='bbox 575 437 823 509; x_wconf 79' lang='grc' dir='ltr'><strong>ἀνάγκης</strong></span> <span class='ocrx_word' id='word_1_11' title='bbox 875 436 1320 510; x_wconf 84' lang='grc' dir='ltr'>καθηγουμένης.</span> <span class='ocrx_word' id='word_1_12' title='bbox 1382 439 1665 493; x_wconf 78' lang='grc' dir='ltr'>Ἀδέσποτο</span> 
     </span>
    </p>
   </div>
   <div class='ocr_carea' id='block_1_5' title="bbox 1781 435 3369 513">
    <p class='ocr_par' dir='ltr' id='par_1_5' title="bbox 1798 439 3369 513">
     <span class='ocr_line' id='line_1_5' title="bbox 1798 439 3369 513; baseline 0.006 -19"><span class='ocrx_word' id='word_1_13' title='bbox 1798 439 2152 509; x_wconf 72' lang='lat' dir='ltr'><strong>cupiditatem</strong></span> <span class='ocrx_word' id='word_1_14' title='bbox 2182 441 2249 496; x_wconf 91' lang='lat' dir='ltr'><strong>ad</strong></span> <span class='ocrx_word' id='word_1_15' title='bbox 2279 440 2333 497; x_wconf 90' lang='lat' dir='ltr'><strong>id</strong></span> <span class='ocrx_word' id='word_1_16' title='bbox 2368 441 2513 513; x_wconf 90' lang='lat' dir='ltr'><strong>quod</strong></span> <span class='ocrx_word' id='word_1_17' title='bbox 2542 447 2629 498; x_wconf 87' lang='lat' dir='ltr'><strong>est</strong></span> <span class='ocrx_word' id='word_1_18' title='bbox 2651 442 2963 512; x_wconf 87' lang='lat' dir='ltr'><strong>honestum,</strong></span> <span class='ocrx_word' id='word_1_19' title='bbox 2993 452 3103 502; x_wconf 87' lang='lat' dir='ltr'><strong>non</strong></span> <span class='ocrx_word' id='word_1_20' title='bbox 3137 445 3369 503; x_wconf 89' lang='lat' dir='ltr'><strong>ducente</strong></span> 
     </span>
    </p>
   </div>
   <div class='ocr_carea' id='block_1_6' title="bbox 77 526 1693 600">
    <p class='ocr_par' dir='ltr' id='par_1_6' title="bbox 77 526 1693 600">
     <span class='ocr_line' id='line_1_6' title="bbox 77 526 1693 600; baseline 0.002 -20"><span class='ocrx_word' id='word_1_21' title='bbox 77 526 211 599; x_wconf 75' lang='grc' dir='ltr'>γὰρ</span> <span class='ocrx_word' id='word_1_22' title='bbox 238 531 275 599; x_wconf 82' lang='grc' dir='ltr'><strong>ή</strong></span> <span class='ocrx_word' id='word_1_23' title='bbox 303 529 498 600; x_wconf 85' lang='grc' dir='ltr'>ἀρετὴ.</span> <span class='ocrx_word' id='word_1_24' title='bbox 530 529 625 583; x_wconf 77' lang='grc' dir='ltr'><strong>καὶ</strong></span> <span class='ocrx_word' id='word_1_25' title='bbox 649 529 915 594; x_wconf 72' lang='grc' dir='ltr'>ἑκούσιον,</span> <span class='ocrx_word' id='word_1_26' title='bbox 948 530 1042 583; x_wconf 75' lang='grc' dir='ltr'>καὶ</span> <span class='ocrx_word' id='word_1_27' title='bbox 1065 529 1313 599; x_wconf 79' lang='grc' dir='ltr'><strong>ἀνάγκης</strong></span> <span class='ocrx_word' id='word_1_28' title='bbox 1339 530 1518 600; x_wconf 87' lang='grc' dir='ltr'>πάσης</span> <span class='ocrx_word' id='word_1_29' title='bbox 1543 528 1693 583; x_wconf 80' lang='grc' dir='ltr'>ἐλεύ-</span> 
     </span>
    </p>
   </div>
   <div class='ocr_carea' id='block_1_7' title="bbox 80 616 1692 692">
    <p class='ocr_par' dir='ltr' id='par_1_7' title="bbox 80 616 1692 692">
     <span class='ocr_line' id='line_1_7' title="bbox 80 616 1692 692; baseline -0.001 -19"><span class='ocrx_word' id='word_1_30' title='bbox 80 618 282 690; x_wconf 82' lang='grc' dir='ltr'>θερον.</span> <span class='ocrx_word' id='word_1_31' title='bbox 319 620 577 685; x_wconf 82' lang='grc' dir='ltr'>Τοιοῦτος</span> <span class='ocrx_word' id='word_1_32' title='bbox 615 616 686 692; x_wconf 81' lang='grc' dir='ltr'><strong>ἦν</strong></span> <span class='ocrx_word' id='word_1_33' title='bbox 722 619 919 683; x_wconf 73' lang='grc' dir='ltr'>Δαϐὶδ,</span> <span class='ocrx_word' id='word_1_34' title='bbox 960 622 990 673; x_wconf 86' lang='grc' dir='ltr'><strong>ό</strong></span> <span class='ocrx_word' id='word_1_35' title='bbox 1036 620 1104 673; x_wconf 89' lang='grc' dir='ltr'>τὰ</span> <span class='ocrx_word' id='word_1_36' title='bbox 1150 619 1377 674; x_wconf 82' lang='grc' dir='ltr'>ἑκούσια</span> <span class='ocrx_word' id='word_1_37' title='bbox 1418 620 1555 689; x_wconf 87' lang='grc' dir='ltr'>μόνα</span> <span class='ocrx_word' id='word_1_38' title='bbox 1584 620 1692 673; x_wconf 89' lang='grc' dir='ltr'><strong>τῶν</strong></span> 
     </span>
    </p>
   </div>
   <div class='ocr_carea' id='block_1_8' title="bbox 79 710 1692 783">
    <p class='ocr_par' dir='ltr' id='par_1_8' title="bbox 79 710 1692 783">
     <span class='ocr_line' id='line_1_8' title="bbox 79 710 1692 783; baseline 0.001 -20"><span class='ocrx_word' id='word_1_39' title='bbox 79 712 234 783; x_wconf 83' lang='grc' dir='ltr'>παρ’</span> <span class='ocrx_word' id='word_1_40' title='bbox 280 712 451 766; x_wconf 80' lang='grc' dir='ltr'>αὐτοῦ</span> <span class='ocrx_word' id='word_1_41' title='bbox 481 712 781 783; x_wconf 84' lang='grc' dir='ltr'><strong>γινομένων</strong></span> <span class='ocrx_word' id='word_1_42' title='bbox 820 710 1174 782; x_wconf 67' lang='grc' dir='ltr'>εὐῶκηθῆναι</span> <span class='ocrx_word' id='word_1_43' title='bbox 1201 710 1283 781; x_wconf 82' lang='grc' dir='ltr'>τῷ</span> <span class='ocrx_word' id='word_1_44' title='bbox 1314 710 1432 782; x_wconf 81' lang='grc' dir='ltr'>Θεῷ</span> <span class='ocrx_word' id='word_1_45' title='bbox 1460 727 1692 782; x_wconf 81' lang='grc' dir='ltr'>προσευ-</span> 
     </span>
    </p>
   </div>
   <div class='ocr_carea' id='block_1_9' title="bbox 82 800 1691 873">
    <p class='ocr_par' dir='ltr' id='par_1_9' title="bbox 82 800 1691 873">
     <span class='ocr_line' id='line_1_9' title="bbox 82 800 1691 873; baseline 0 -19"><span class='ocrx_word' id='word_1_46' title='bbox 82 802 360 873; x_wconf 85' lang='grc' dir='ltr'>χόμενος,</span> <span class='ocrx_word' id='word_1_47' title='bbox 385 803 482 856; x_wconf 81' lang='grc' dir='ltr'>καὶ</span> <span class='ocrx_word' id='word_1_48' title='bbox 507 802 769 866; x_wconf 81' lang='grc' dir='ltr'><strong>ἑκουσίως</strong></span> <span class='ocrx_word' id='word_1_49' title='bbox 801 802 950 855; x_wconf 84' lang='grc' dir='ltr'>θύειν</span> <span class='ocrx_word' id='word_1_50' title='bbox 981 801 1473 872; x_wconf 73' lang='grc' dir='ltr'>ἐπαγγελλόμενος.</span> <span class='ocrx_word' id='word_1_51' title='bbox 1506 800 1691 854; x_wconf 81' lang='grc' dir='ltr'>Τοιοῦ-</span> 
     </span>
    </p>
   </div>
   <div class='ocr_carea' id='block_1_10' title="bbox 78 891 1686 963">
    <p class='ocr_par' dir='ltr' id='par_1_10' title="bbox 78 891 1686 963">
     <span class='ocr_line' id='line_1_10' title="bbox 78 891 1686 963; baseline 0 -18"><span class='ocrx_word' id='word_1_52' title='bbox 78 910 189 957; x_wconf 80' lang='grc' dir='ltr'><strong>τος</strong></span> <span class='ocrx_word' id='word_1_53' title='bbox 217 894 458 957; x_wconf 73' lang='grc' dir='ltr'>ἕκαστος</span> <span class='ocrx_word' id='word_1_54' title='bbox 495 893 600 947; x_wconf 89' lang='grc' dir='ltr'><strong>τῶν</strong></span> <span class='ocrx_word' id='word_1_55' title='bbox 630 893 820 962; x_wconf 85' lang='grc' dir='ltr'>ἁγίων,</span> <span class='ocrx_word' id='word_1_56' title='bbox 852 892 1041 947; x_wconf 80' lang='grc' dir='ltr'>ἑαυτὸν</span> <span class='ocrx_word' id='word_1_57' title='bbox 1091 893 1171 961; x_wconf 85' lang='grc' dir='ltr'><strong>τῷ</strong></span> <span class='ocrx_word' id='word_1_58' title='bbox 1213 891 1333 963; x_wconf 88' lang='grc' dir='ltr'><strong>Θεῷ</strong></span> <span class='ocrx_word' id='word_1_59' title='bbox 1376 892 1686 963; x_wconf 82' lang='grc' dir='ltr'><strong>προσάγων,</strong></span> 
     </span>
    </p>
   </div>
   <div class='ocr_carea' id='block_1_11' title="bbox 80 981 1688 1054">
    <p class='ocr_par' dir='ltr' id='par_1_11' title="bbox 80 981 1688 1054">
     <span class='ocr_line' id='line_1_11' title="bbox 80 981 1688 1054; baseline -0.001 -17"><span class='ocrx_word' id='word_1_60' title='bbox 80 986 198 1037; x_wconf 73' lang='grc' dir='ltr'>οὐκ</span> <span class='ocrx_word' id='word_1_61' title='bbox 232 984 297 1049; x_wconf 71' lang='grc' dir='ltr'><strong>ἐξ</strong></span> <span class='ocrx_word' id='word_1_62' title='bbox 326 985 575 1054; x_wconf 78' lang='grc' dir='ltr'><strong>ἀνάγκης</strong></span> <span class='ocrx_word' id='word_1_63' title='bbox 607 984 892 1054; x_wconf 82' lang='grc' dir='ltr'>ἀγόμενος.</span> <span class='ocrx_word' id='word_1_64' title='bbox 931 983 1042 1037; x_wconf 78' lang='grc' dir='ltr'><strong>Καὶ</strong></span> <span class='ocrx_word' id='word_1_65' title='bbox 1073 984 1140 1036; x_wconf 81' lang='grc' dir='ltr'>σὺ</span> <span class='ocrx_word' id='word_1_66' title='bbox 1173 983 1354 1036; x_wconf 83' lang='grc' dir='ltr'><strong>τοίνυν</strong></span> <span class='ocrx_word' id='word_1_67' title='bbox 1380 982 1552 1047; x_wconf 77' lang='grc' dir='ltr'>δεῖξον</span> <span class='ocrx_word' id='word_1_68' title='bbox 1591 981 1688 1053; x_wconf 85' lang='grc' dir='ltr'>τὴν</span> 
     </span>
    </p>
   </div>
   <div class='ocr_carea' id='block_1_12' title="bbox 80 1073 1688 1145">
    <p class='ocr_par' dir='ltr' id='par_1_12' title="bbox 80 1073 1688 1145">
     <span class='ocr_line' id='line_1_12' title="bbox 80 1073 1688 1145; baseline -0.003 -16"><span class='ocrx_word' id='word_1_69' title='bbox 80 1076 318 1129; x_wconf 85' lang='grc' dir='ltr'>τελείαν</span> <span class='ocrx_word' id='word_1_70' title='bbox 342 1076 675 1129; x_wconf 87' lang='grc' dir='ltr'>κατάστασιν</span> <span class='ocrx_word' id='word_1_71' title='bbox 702 1073 795 1128; x_wconf 78' lang='grc' dir='ltr'>τοῦ</span> <span class='ocrx_word' id='word_1_72' title='bbox 830 1076 1029 1145; x_wconf 82' lang='grc' dir='ltr'><strong>σεαυτῇ</strong></span> <span class='ocrx_word' id='word_1_73' title='bbox 1064 1073 1166 1145; x_wconf 78' lang='grc' dir='ltr'>τῆς</span> <span class='ocrx_word' id='word_1_74' title='bbox 1200 1074 1333 1145; x_wconf 80' lang='grc' dir='ltr'>πρὸς</span> <span class='ocrx_word' id='word_1_75' title='bbox 1356 1073 1416 1126; x_wconf 84' lang='grc' dir='ltr'>τὸ</span> <span class='ocrx_word' id='word_1_76' title='bbox 1444 1076 1688 1144; x_wconf 79' lang='grc' dir='ltr'>κρεῖττον</span> 
     </span>
    </p>
   </div>
   <div class='ocr_carea' id='block_1_13' title="bbox 80 1164 1684 1236">
    <p class='ocr_par' dir='ltr' id='par_1_13' title="bbox 80 1164 1684 1236">
     <span class='ocr_line' id='line_1_13' title="bbox 80 1164 1684 1236; baseline -0.003 -15"><span class='ocrx_word' id='word_1_77' title='bbox 80 1168 290 1221; x_wconf 77' lang='grc' dir='ltr'>ἀνόδου</span> <span class='ocrx_word' id='word_1_78' title='bbox 327 1168 429 1236; x_wconf 86' lang='grc' dir='ltr'><strong>τὴν</strong></span> <span class='ocrx_word' id='word_1_79' title='bbox 466 1166 761 1236; x_wconf 76' lang='grc' dir='ltr'><strong>ἐπιθυμίαν</strong></span> <span class='ocrx_word' id='word_1_80' title='bbox 794 1165 996 1218; x_wconf 82' lang='grc' dir='ltr'>λαϐεῖν.</span> <span class='ocrx_word' id='word_1_81' title='bbox 1030 1164 1266 1235; x_wconf 82' lang='grc' dir='ltr'><strong>Τοιαύτη</strong></span> <span class='ocrx_word' id='word_1_82' title='bbox 1308 1164 1366 1217; x_wconf 82' lang='grc' dir='ltr'>δὲ</span> <span class='ocrx_word' id='word_1_83' title='bbox 1398 1164 1684 1234; x_wconf 80' lang='grc' dir='ltr'>γενομένη,</span> 
     </span>
    </p>
   </div>
   <div class='ocr_carea' id='block_1_14' title="bbox 82 1254 1684 1329">
    <p class='ocr_par' dir='ltr' id='par_1_14' title="bbox 82 1254 1684 1329">
     <span class='ocr_line' id='line_1_14' title="bbox 82 1254 1684 1329; baseline -0.002 -18"><span class='ocrx_word' id='word_1_84' title='bbox 82 1260 290 1328; x_wconf 69' lang='grc' dir='ltr'>φησιν.</span> <span class='ocrx_word' id='word_1_85' title='bbox 322 1260 475 1329; x_wconf 78' lang='grc' dir='ltr'>ἣξεις</span> <span class='ocrx_word' id='word_1_86' title='bbox 498 1259 589 1311; x_wconf 74' lang='grc' dir='ltr'><strong>ἐπὶ</strong></span> <span class='ocrx_word' id='word_1_87' title='bbox 610 1257 707 1327; x_wconf 86' lang='grc' dir='ltr'><strong>τὴν</strong></span> <span class='ocrx_word' id='word_1_88' title='bbox 733 1260 941 1326; x_wconf 80' lang='grc' dir='ltr'><strong>σκέπην</strong></span> <span class='ocrx_word' id='word_1_89' title='bbox 970 1256 1070 1325; x_wconf 82' lang='grc' dir='ltr'>τῆς</span> <span class='ocrx_word' id='word_1_90' title='bbox 1096 1256 1306 1323; x_wconf 79' lang='grc' dir='ltr'><strong>πέτρας</strong></span> <span class='ocrx_word' id='word_1_91' title='bbox 1330 1256 1562 1325; x_wconf 77' lang='grc' dir='ltr'>ἐχομένη</span> <span class='ocrx_word' id='word_1_92' title='bbox 1591 1254 1684 1307; x_wconf 80' lang='grc' dir='ltr'>τοῦ</span> 
     </span>
    </p>
   </div>
   <div class='ocr_carea' id='block_1_15' title="bbox 80 1343 1685 1421">
    <p class='ocr_par' dir='ltr' id='par_1_15' title="bbox 80 1343 1685 1421">
     <span class='ocr_line' id='line_1_15' title="bbox 80 1343 1685 1421; baseline -0.002 -20"><span class='ocrx_word' id='word_1_93' title='bbox 80 1349 582 1421; x_wconf 68' lang='grc' dir='ltr'>προτειχίσματος.</span> <span class='ocrx_word' id='word_1_94' title='bbox 614 1348 686 1400; x_wconf 85' lang='grc' dir='ltr'>Τὸ</span> <span class='ocrx_word' id='word_1_95' title='bbox 704 1347 760 1400; x_wconf 83' lang='grc' dir='ltr'>δὲ</span> <span class='ocrx_word' id='word_1_96' title='bbox 782 1346 1074 1417; x_wconf 85' lang='grc' dir='ltr'>λεγόμενον</span> <span class='ocrx_word' id='word_1_97' title='bbox 1104 1345 1344 1399; x_wconf 83' lang='grc' dir='ltr'>τοιοῦτόν</span> <span class='ocrx_word' id='word_1_98' title='bbox 1366 1345 1534 1399; x_wconf 73' lang='grc' dir='ltr'>ἐστιν.</span> <span class='ocrx_word' id='word_1_99' title='bbox 1563 1343 1685 1418; x_wconf 85' lang='grc' dir='ltr'><strong>Χρὴ</strong></span> 
     </span>
    </p>
   </div>
   <div class='ocr_carea' id='block_1_16' title="bbox 83 1434 1684 1511">
    <p class='ocr_par' dir='ltr' id='par_1_16' title="bbox 83 1434 1684 1511">
     <span class='ocr_line' id='line_1_16' title="bbox 83 1434 1684 1511; baseline -0.004 -17"><span class='ocrx_word' id='word_1_100' title='bbox 83 1441 205 1511; x_wconf 83' lang='grc' dir='ltr'><strong>γὰρ</strong></span> <span class='ocrx_word' id='word_1_101' title='bbox 239 1440 601 1511; x_wconf 84' lang='grc' dir='ltr'>μεταϐάλλειν</span> <span class='ocrx_word' id='word_1_102' title='bbox 622 1438 712 1492; x_wconf 75' lang='grc' dir='ltr'><strong>τὸν</strong></span> <span class='ocrx_word' id='word_1_103' title='bbox 737 1438 891 1506; x_wconf 87' lang='grc' dir='ltr'>λόγον</span> <span class='ocrx_word' id='word_1_104' title='bbox 913 1438 1020 1491; x_wconf 85' lang='grc' dir='ltr'>ἀπὸ</span> <span class='ocrx_word' id='word_1_105' title='bbox 1049 1437 1156 1492; x_wconf 87' lang='grc' dir='ltr'><strong>τῶν</strong></span> <span class='ocrx_word' id='word_1_106' title='bbox 1183 1436 1520 1507; x_wconf 81' lang='grc' dir='ltr'><strong>αἰνιγμάτων</strong></span> <span class='ocrx_word' id='word_1_107' title='bbox 1549 1434 1684 1507; x_wconf 83' lang='grc' dir='ltr'>πρὸς</span> 
     </span>
    </p>
   </div>
   <div class='ocr_carea' id='block_1_17' title="bbox 80 1516 1685 1602">
    <p class='ocr_par' dir='ltr' id='par_1_17' title="bbox 80 1516 1685 1602">
     <span class='ocr_line' id='line_1_17' title="bbox 80 1516 1685 1602; baseline -0.004 -17"><span class='ocrx_word' id='word_1_108' title='bbox 80 1535 149 1585; x_wconf 78' lang='grc' dir='ltr'>τὸ</span> <span class='ocrx_word' id='word_1_109' title='bbox 178 1534 541 1602; x_wconf 65' lang='grc' dir='ltr'>σαφέστερον.</span> <span class='ocrx_word' id='word_1_110' title='bbox 572 1531 687 1585; x_wconf 75' lang='grc' dir='ltr'>Μία</span> <span class='ocrx_word' id='word_1_111' title='bbox 718 1531 895 1601; x_wconf 83' lang='grc' dir='ltr'>σκέπη</span> <span class='ocrx_word' id='word_1_112' title='bbox 926 1530 1025 1600; x_wconf 81' lang='grc' dir='ltr'><strong>τῆς</strong></span> <span class='ocrx_word' id='word_1_113' title='bbox 1057 1528 1409 1601; x_wconf 66' lang='grc' dir='ltr'>άνθρωπίνης</span> <span class='ocrx_word' id='word_1_114' title='bbox 1438 1528 1554 1580; x_wconf 75' lang='grc' dir='ltr'>ἐστὶ</span> <span class='ocrx_word' id='word_1_115' title='bbox 1582 1516 1685 1596; x_wconf 75' lang='grc' dir='ltr'><strong>ψυ-</strong></span> 
     </span>
    </p>
   </div>
   <div class='ocr_carea' id='block_1_18' title="bbox 81 1610 1682 1692">
    <p class='ocr_par' dir='ltr' id='par_1_18' title="bbox 81 1610 1682 1692">
     <span class='ocr_line' id='line_1_18' title="bbox 81 1610 1682 1692; baseline -0.016 1"><span class='ocrx_word' id='word_1_116' title='bbox 81 1624 196 1692; x_wconf 74' lang='grc' dir='ltr'><strong>κῆς</strong></span> <span class='ocrx_word' id='word_1_117' title='bbox 220 1663 237 1681; x_wconf 68' lang='grc' dir='ltr'><strong>ο</strong></span> <span class='ocrx_word' id='word_1_118' title='bbox 284 1623 351 1675; x_wconf 79' lang='grc' dir='ltr'>τὸ</span> <span class='ocrx_word' id='word_1_119' title='bbox 403 1622 604 1691; x_wconf 67' lang='grc' dir='ltr'>ὑψηλὸν</span> <span class='ocrx_word' id='word_1_120' title='bbox 642 1616 992 1688; x_wconf 71' lang='grc' dir='ltr'>Εὑαγγέλιον,</span> <span class='ocrx_word' id='word_1_121' title='bbox 1041 1619 1099 1671; x_wconf 76' lang='grc' dir='ltr'><strong>ὲν</strong></span> <span class='ocrx_word' id='word_1_122' title='bbox 1128 1610 1173 1685; x_wconf 82' lang='grc' dir='ltr'><em>ᾧ</em></span> <span class='ocrx_word' id='word_1_123' title='bbox 1200 1620 1230 1670; x_wconf 83' lang='grc' dir='ltr'>ὁ</span> <span class='ocrx_word' id='word_1_124' title='bbox 1256 1616 1544 1687; x_wconf 81' lang='grc' dir='ltr'>γενόμενος</span> <span class='ocrx_word' id='word_1_125' title='bbox 1581 1614 1682 1685; x_wconf 82' lang='grc' dir='ltr'>τῆς</span> 
     </span>
    </p>
   </div>
   <div class='ocr_carea' id='block_1_19' title="bbox 84 1708 1682 1778">
    <p class='ocr_par' dir='ltr' id='par_1_19' title="bbox 84 1708 1682 1778">
     <span class='ocr_line' id='line_1_19' title="bbox 84 1708 1682 1778; baseline -0.006 -10"><span class='ocrx_word' id='word_1_126' title='bbox 84 1714 367 1777; x_wconf 82' lang='grc' dir='ltr'>σκιὼδους</span> <span class='ocrx_word' id='word_1_127' title='bbox 394 1712 736 1775; x_wconf 75' lang='grc' dir='ltr'><strong>διδασκαλίας</strong></span> <span class='ocrx_word' id='word_1_128' title='bbox 777 1711 864 1766; x_wconf 87' lang='grc' dir='ltr'><strong>διά</strong></span> <span class='ocrx_word' id='word_1_129' title='bbox 899 1710 1007 1764; x_wconf 90' lang='grc' dir='ltr'><strong>τῶν</strong></span> <span class='ocrx_word' id='word_1_130' title='bbox 1037 1709 1282 1764; x_wconf 87' lang='grc' dir='ltr'>τυπικῶν</span> <span class='ocrx_word' id='word_1_131' title='bbox 1311 1726 1372 1762; x_wconf 89' lang='grc' dir='ltr'><strong>τε</strong></span> <span class='ocrx_word' id='word_1_132' title='bbox 1421 1708 1517 1762; x_wconf 77' lang='grc' dir='ltr'><strong>καὶ</strong></span> <span class='ocrx_word' id='word_1_133' title='bbox 1546 1723 1682 1778; x_wconf 89' lang='grc' dir='ltr'>συμ-</span> 
     </span>
    </p>
   </div>
   <div class='ocr_carea' id='block_1_20' title="bbox 1798 529 3368 604">
    <p class='ocr_par' dir='ltr' id='par_1_20' title="bbox 1798 529 3368 604">
     <span class='ocr_line' id='line_1_20' title="bbox 1798 529 3368 604; baseline 0.007 -21"><span class='ocrx_word' id='word_1_134' title='bbox 1798 529 2147 586; x_wconf 89' lang='lat' dir='ltr'><strong>necessitate.</strong></span> <span class='ocrx_word' id='word_1_135' title='bbox 2195 529 2427 588; x_wconf 91' lang='lat' dir='ltr'><strong>Domino</strong></span> <span class='ocrx_word' id='word_1_136' title='bbox 2461 533 2608 589; x_wconf 88' lang='lat' dir='ltr'><strong>enim</strong></span> <span class='ocrx_word' id='word_1_137' title='bbox 2642 542 2793 590; x_wconf 80' lang='lat' dir='ltr'><strong>caret</strong></span> <span class='ocrx_word' id='word_1_138' title='bbox 2836 538 3033 604; x_wconf 82' lang='lat' dir='ltr'><strong>virtus,</strong></span> <span class='ocrx_word' id='word_1_139' title='bbox 3074 544 3130 593; x_wconf 92' lang='lat' dir='ltr'><strong>et</strong></span> <span class='ocrx_word' id='word_1_140' title='bbox 3157 545 3242 594; x_wconf 90' lang='lat' dir='ltr'><strong>est</strong></span> <span class='ocrx_word' id='word_1_141' title='bbox 3270 552 3368 594; x_wconf 69' lang='lat' dir='ltr'><strong>vo-</strong></span> 
     </span>
    </p>
   </div>
   <div class='ocr_carea' id='block_1_21' title="bbox 1796 618 3369 686">
    <p class='ocr_par' dir='ltr' id='par_1_21' title="bbox 1796 618 3369 686">
     <span class='ocr_line' id='line_1_21' title="bbox 1796 618 3369 686; baseline 0.008 -15"><span class='ocrx_word' id='word_1_142' title='bbox 1796 618 2057 686; x_wconf 88' lang='lat' dir='ltr'><strong>luntaria,</strong></span> <span class='ocrx_word' id='word_1_143' title='bbox 2086 628 2140 677; x_wconf 91' lang='lat' dir='ltr'><strong>et</strong></span> <span class='ocrx_word' id='word_1_144' title='bbox 2177 622 2246 677; x_wconf 91' lang='lat' dir='ltr'><strong>ab</strong></span> <span class='ocrx_word' id='word_1_145' title='bbox 2274 622 2425 677; x_wconf 90' lang='lat' dir='ltr'><strong>omni</strong></span> <span class='ocrx_word' id='word_1_146' title='bbox 2464 627 2793 683; x_wconf 88' lang='lat' dir='ltr'><strong>necessitate</strong></span> <span class='ocrx_word' id='word_1_147' title='bbox 2834 627 3025 683; x_wconf 88' lang='lat' dir='ltr'><strong>libera.</strong></span> <span class='ocrx_word' id='word_1_148' title='bbox 3063 628 3215 685; x_wconf 83' lang='lat' dir='ltr'><strong>Talis</strong></span> <span class='ocrx_word' id='word_1_149' title='bbox 3251 635 3369 685; x_wconf 87' lang='lat' dir='ltr'><strong>erat</strong></span> 
     </span>
    </p>
   </div>
   <div class='ocr_carea' id='block_1_22' title="bbox 1799 709 3367 788">
    <p class='ocr_par' dir='ltr' id='par_1_22' title="bbox 1799 709 3367 788">
     <span class='ocr_line' id='line_1_22' title="bbox 1799 709 3367 788; baseline 0.005 -25"><span class='ocrx_word' id='word_1_150' title='bbox 1799 709 1988 774; x_wconf 87' lang='lat' dir='ltr'><strong>David.</strong></span> <span class='ocrx_word' id='word_1_151' title='bbox 2020 712 2115 782; x_wconf 91' lang='lat' dir='ltr'><strong>qui</strong></span> <span class='ocrx_word' id='word_1_152' title='bbox 2143 728 2212 768; x_wconf 80' lang='lat' dir='ltr'><strong>ex</strong></span> <span class='ocrx_word' id='word_1_153' title='bbox 2252 714 2322 771; x_wconf 91' lang='lat' dir='ltr'><strong>iis</strong></span> <span class='ocrx_word' id='word_1_154' title='bbox 2351 730 2472 786; x_wconf 68' lang='lat' dir='ltr'><strong>quae</strong></span> <span class='ocrx_word' id='word_1_155' title='bbox 2501 719 2571 772; x_wconf 89' lang='lat' dir='ltr'><strong>ab</strong></span> <span class='ocrx_word' id='word_1_156' title='bbox 2612 718 2734 788; x_wconf 93' lang='lat' dir='ltr'><strong>ipso</strong></span> <span class='ocrx_word' id='word_1_157' title='bbox 2778 718 2919 775; x_wconf 84' lang='lat' dir='ltr'><strong>facta</strong></span> <span class='ocrx_word' id='word_1_158' title='bbox 2948 726 3125 784; x_wconf 90' lang='lat' dir='ltr'><strong>erant,</strong></span> <span class='ocrx_word' id='word_1_159' title='bbox 3156 733 3219 773; x_wconf 85' lang='lat' dir='ltr'><strong>ea</strong></span> <span class='ocrx_word' id='word_1_160' title='bbox 3251 720 3367 775; x_wconf 85' lang='lat' dir='ltr'><strong>sola</strong></span> 
     </span>
    </p>
   </div>
   <div class='ocr_carea' id='block_1_23' title="bbox 1794 799 3370 882">
    <p class='ocr_par' dir='ltr' id='par_1_23' title="bbox 1794 799 3370 882">
     <span class='ocr_line' id='line_1_23' title="bbox 1794 799 3370 882; baseline 0.008 -30"><span class='ocrx_word' id='word_1_161' title='bbox 1794 813 1916 855; x_wconf 76' lang='lat' dir='ltr'><strong>eSs-e</strong></span> <span class='ocrx_word' id='word_1_162' title='bbox 1958 799 2071 858; x_wconf 87' lang='lat' dir='ltr'><strong>Deo</strong></span> <span class='ocrx_word' id='word_1_163' title='bbox 2112 813 2265 873; x_wconf 87' lang='lat' dir='ltr'><strong>grata</strong></span> <span class='ocrx_word' id='word_1_164' title='bbox 2304 813 2359 860; x_wconf 91' lang='lat' dir='ltr'><strong>et</strong></span> <span class='ocrx_word' id='word_1_165' title='bbox 2424 807 2655 876; x_wconf 91' lang='lat' dir='ltr'><strong>probata</strong></span> <span class='ocrx_word' id='word_1_166' title='bbox 2701 809 3199 878; x_wconf 78' lang='lat' dir='ltr'><strong>animadvertebat,</strong></span> <span class='ocrx_word' id='word_1_167' title='bbox 3248 825 3370 882; x_wconf 65' lang='lat' dir='ltr'><strong>qua:</strong></span> 
     </span>
    </p>
   </div>
   <div class='ocr_carea' id='block_1_24' title="bbox 1794 892 3368 959">
    <p class='ocr_par' dir='ltr' id='par_1_24' title="bbox 1794 892 3368 959">
     <span class='ocr_line' id='line_1_24' title="bbox 1794 892 3368 959; baseline 0.009 -18"><span class='ocrx_word' id='word_1_168' title='bbox 1794 898 1951 943; x_wconf 90' lang='lat' dir='ltr'><strong>erant</strong></span> <span class='ocrx_word' id='word_1_169' title='bbox 2000 892 2328 959; x_wconf 83' lang='lat' dir='ltr'><strong>voluntaria,</strong></span> <span class='ocrx_word' id='word_1_170' title='bbox 2368 902 2424 950; x_wconf 90' lang='lat' dir='ltr'><strong>et</strong></span> <span class='ocrx_word' id='word_1_171' title='bbox 2481 910 2541 952; x_wconf 93' lang='lat' dir='ltr'><strong>se</strong></span> <span class='ocrx_word' id='word_1_172' title='bbox 2577 898 2884 956; x_wconf 81' lang='lat' dir='ltr'><strong>voluntarie</strong></span> <span class='ocrx_word' id='word_1_173' title='bbox 2931 902 3368 957; x_wconf 81' lang='lat' dir='ltr'><strong>sacriﬁcaturum</strong></span> 
     </span>
    </p>
   </div>
   <div class='ocr_carea' id='block_1_25' title="bbox 1794 983 3362 1065">
    <p class='ocr_par' dir='ltr' id='par_1_25' title="bbox 1794 983 3362 1065">
     <span class='ocr_line' id='line_1_25' title="bbox 1794 983 3362 1065; baseline 0.01 -32"><span class='ocrx_word' id='word_1_174' title='bbox 1794 983 2231 1051; x_wconf 82' lang='lat' dir='ltr'><strong>promittebat&quot;.</strong></span> <span class='ocrx_word' id='word_1_175' title='bbox 2275 988 2423 1045; x_wconf 84' lang='lat' dir='ltr'><strong>Talis</strong></span> <span class='ocrx_word' id='word_1_176' title='bbox 2461 1000 2547 1046; x_wconf 90' lang='lat' dir='ltr'><strong>est</strong></span> <span class='ocrx_word' id='word_1_177' title='bbox 2580 994 2960 1064; x_wconf 81' lang='lat' dir='ltr'><strong>unusquisque</strong></span> <span class='ocrx_word' id='word_1_178' title='bbox 3006 1001 3231 1051; x_wconf 88' lang='lat' dir='ltr'><strong>sanctus</strong></span> <span class='ocrx_word' id='word_1_179' title='bbox 3271 995 3362 1065; x_wconf 72' lang='lat' dir='ltr'><strong>qui</strong></span> 
     </span>
    </p>
   </div>
   <div class='ocr_carea' id='block_1_26' title="bbox 1794 1068 3365 1159">
    <p class='ocr_par' dir='ltr' id='par_1_26' title="bbox 1794 1068 3365 1159">
     <span class='ocr_line' id='line_1_26' title="bbox 1794 1068 3365 1159; baseline 0.011 -33"><span class='ocrx_word' id='word_1_180' title='bbox 1794 1085 1854 1126; x_wconf 90' lang='lat' dir='ltr'><strong>se</strong></span> <span class='ocrx_word' id='word_1_181' title='bbox 1887 1070 1998 1127; x_wconf 90' lang='lat' dir='ltr'><strong>Deo</strong></span> <span class='ocrx_word' id='word_1_182' title='bbox 2046 1072 2225 1139; x_wconf 85' lang='lat' dir='ltr'><strong>oﬁert,</strong></span> <span class='ocrx_word' id='word_1_183' title='bbox 2269 1092 2379 1133; x_wconf 88' lang='lat' dir='ltr'><strong>non</strong></span> <span class='ocrx_word' id='word_1_184' title='bbox 2432 1088 2590 1137; x_wconf 85' lang='lat' dir='ltr'><strong>actus</strong></span> <span class='ocrx_word' id='word_1_185' title='bbox 2635 1068 2987 1141; x_wconf 86' lang='lat' dir='ltr'><strong>necessitate.</strong></span> <span class='ocrx_word' id='word_1_186' title='bbox 3036 1086 3102 1142; x_wconf 89' lang='lat' dir='ltr'><strong>Et</strong></span> <span class='ocrx_word' id='word_1_187' title='bbox 3139 1096 3198 1141; x_wconf 92' lang='lat' dir='ltr'><strong>tu</strong></span> <span class='ocrx_word' id='word_1_188' title='bbox 3234 1102 3365 1159; x_wconf 88' lang='lat' dir='ltr'><strong>ergo</strong></span> 
     </span>
    </p>
   </div>
   <div class='ocr_carea' id='block_1_27' title="bbox 1792 1161 3363 1242">
    <p class='ocr_par' dir='ltr' id='par_1_27' title="bbox 1792 1161 3363 1242">
     <span class='ocr_line' id='line_1_27' title="bbox 1792 1161 3363 1242; baseline 0.01 -29"><span class='ocrx_word' id='word_1_189' title='bbox 1792 1161 2021 1217; x_wconf 83' lang='lat' dir='ltr'><strong>ostende</strong></span> <span class='ocrx_word' id='word_1_190' title='bbox 2047 1162 2345 1233; x_wconf 82' lang='lat' dir='ltr'><strong>perfectam</strong></span> <span class='ocrx_word' id='word_1_191' title='bbox 2392 1166 2448 1222; x_wconf 91' lang='lat' dir='ltr'><strong>in</strong></span> <span class='ocrx_word' id='word_1_192' title='bbox 2484 1176 2537 1225; x_wconf 89' lang='lat' dir='ltr'><strong>te</strong></span> <span class='ocrx_word' id='word_1_193' title='bbox 2575 1172 2857 1242; x_wconf 82' lang='lat' dir='ltr'><strong>accepisse</strong></span> <span class='ocrx_word' id='word_1_194' title='bbox 2894 1176 3363 1241; x_wconf 89' lang='lat' dir='ltr'><strong>constitutionem,</strong></span> 
     </span>
    </p>
   </div>
   <div class='ocr_carea' id='block_1_28' title="bbox 1791 1254 3363 1334">
    <p class='ocr_par' dir='ltr' id='par_1_28' title="bbox 1791 1254 3363 1334">
     <span class='ocr_line' id='line_1_28' title="bbox 1791 1254 3363 1334; baseline 0.008 -28"><span class='ocrx_word' id='word_1_195' title='bbox 1791 1254 2146 1323; x_wconf 88' lang='lat' dir='ltr'><strong>cupiditatem</strong></span> <span class='ocrx_word' id='word_1_196' title='bbox 2191 1272 2460 1316; x_wconf 82' lang='lat' dir='ltr'><strong>ascensus</strong></span> <span class='ocrx_word' id='word_1_197' title='bbox 2500 1261 2569 1316; x_wconf 89' lang='lat' dir='ltr'><strong>ad</strong></span> <span class='ocrx_word' id='word_1_198' title='bbox 2599 1262 2652 1316; x_wconf 92' lang='lat' dir='ltr'><strong>id</strong></span> <span class='ocrx_word' id='word_1_199' title='bbox 2696 1264 2843 1334; x_wconf 92' lang='lat' dir='ltr'><strong>quod</strong></span> <span class='ocrx_word' id='word_1_200' title='bbox 2873 1272 2959 1321; x_wconf 91' lang='lat' dir='ltr'><strong>est</strong></span> <span class='ocrx_word' id='word_1_201' title='bbox 2984 1266 3201 1321; x_wconf 75' lang='lat' dir='ltr'><strong>melius.</strong></span> <span class='ocrx_word' id='word_1_202' title='bbox 3227 1265 3363 1321; x_wconf 85' lang='lat' dir='ltr'><strong>Cum</strong></span> 
     </span>
    </p>
   </div>
   <div class='ocr_carea' id='block_1_29' title="bbox 1791 1346 3363 1425">
    <p class='ocr_par' dir='ltr' id='par_1_29' title="bbox 1791 1346 3363 1425">
     <span class='ocr_line' id='line_1_29' title="bbox 1791 1346 3363 1425; baseline 0.008 -28"><span class='ocrx_word' id='word_1_203' title='bbox 1791 1352 1969 1400; x_wconf 89' lang='lat' dir='ltr'><strong>autem</strong></span> <span class='ocrx_word' id='word_1_204' title='bbox 2022 1346 2168 1410; x_wconf 88' lang='lat' dir='ltr'><strong>talis,</strong></span> <span class='ocrx_word' id='word_1_205' title='bbox 2216 1348 2429 1419; x_wconf 78' lang='lat' dir='ltr'><strong>inquit,</strong></span> <span class='ocrx_word' id='word_1_206' title='bbox 2487 1354 2762 1419; x_wconf 85' lang='lat' dir='ltr'><strong>evaseris,</strong></span> <span class='ocrx_word' id='word_1_207' title='bbox 2808 1358 2992 1412; x_wconf 83' lang='lat' dir='ltr'><strong>venies</strong></span> <span class='ocrx_word' id='word_1_208' title='bbox 3035 1356 3104 1410; x_wconf 90' lang='lat' dir='ltr'><strong>ad</strong></span> <span class='ocrx_word' id='word_1_209' title='bbox 3150 1362 3363 1425; x_wconf 79' lang='lat' dir='ltr'><strong>petram</strong></span> 
     </span>
    </p>
   </div>
   <div class='ocr_carea' id='block_1_30' title="bbox 1789 1436 3366 1513">
    <p class='ocr_par' dir='ltr' id='par_1_30' title="bbox 1789 1436 3366 1513">
     <span class='ocr_line' id='line_1_30' title="bbox 1789 1436 3366 1513; baseline 0.006 -24"><span class='ocrx_word' id='word_1_210' title='bbox 1789 1436 2045 1506; x_wconf 77' lang='lat' dir='ltr'><strong>tegminis</strong></span> <span class='ocrx_word' id='word_1_211' title='bbox 2084 1437 2241 1506; x_wconf 79' lang='lat' dir='ltr'><strong>juxta</strong></span> <span class='ocrx_word' id='word_1_212' title='bbox 2288 1444 2782 1513; x_wconf 79' lang='lat' dir='ltr'><strong>propugnaculum.</strong></span> <span class='ocrx_word' id='word_1_213' title='bbox 2825 1445 2980 1512; x_wconf 86' lang='lat' dir='ltr'><strong>Quod</strong></span> <span class='ocrx_word' id='word_1_214' title='bbox 3016 1454 3196 1503; x_wconf 89' lang='lat' dir='ltr'><strong>autem</strong></span> <span class='ocrx_word' id='word_1_215' title='bbox 3231 1446 3366 1502; x_wconf 85' lang='lat' dir='ltr'><strong>dicit</strong></span> 
     </span>
    </p>
   </div>
   <div class='ocr_carea' id='block_1_31' title="bbox 1788 1526 3367 1609">
    <p class='ocr_par' dir='ltr' id='par_1_31' title="bbox 1788 1526 3367 1609">
     <span class='ocr_line' id='line_1_31' title="bbox 1788 1526 3367 1609; baseline 0.005 -28"><span class='ocrx_word' id='word_1_216' title='bbox 1788 1535 1871 1581; x_wconf 86' lang='lat' dir='ltr'><strong>est</strong></span> <span class='ocrx_word' id='word_1_217' title='bbox 1903 1526 2198 1597; x_wconf 87' lang='lat' dir='ltr'><strong>ejusmodi.</strong></span> <span class='ocrx_word' id='word_1_218' title='bbox 2234 1528 2464 1602; x_wconf 90' lang='lat' dir='ltr'><strong>Oportet</strong></span> <span class='ocrx_word' id='word_1_219' title='bbox 2500 1534 2645 1589; x_wconf 90' lang='lat' dir='ltr'><strong>enim</strong></span> <span class='ocrx_word' id='word_1_220' title='bbox 2688 1536 2755 1591; x_wconf 92' lang='lat' dir='ltr'><strong>ab</strong></span> <span class='ocrx_word' id='word_1_221' title='bbox 2784 1536 3164 1609; x_wconf 75' lang='lat' dir='ltr'><strong>aenigmatibus</strong></span> <span class='ocrx_word' id='word_1_222' title='bbox 3192 1537 3367 1592; x_wconf 84' lang='lat' dir='ltr'><strong>abdu-</strong></span> 
     </span>
    </p>
   </div>
   <div class='ocr_carea' id='block_1_32' title="bbox 1788 1618 3361 1701">
    <p class='ocr_par' dir='ltr' id='par_1_32' title="bbox 1788 1618 3361 1701">
     <span class='ocr_line' id='line_1_32' title="bbox 1788 1618 3361 1701; baseline 0.008 -31"><span class='ocrx_word' id='word_1_223' title='bbox 1788 1625 1932 1671; x_wconf 91' lang='lat' dir='ltr'><strong>ctam</strong></span> <span class='ocrx_word' id='word_1_224' title='bbox 1963 1618 2267 1675; x_wconf 88' lang='lat' dir='ltr'><strong>orationem</strong></span> <span class='ocrx_word' id='word_1_225' title='bbox 2303 1631 2543 1681; x_wconf 83' lang='lat' dir='ltr'><strong>tractare</strong></span> <span class='ocrx_word' id='word_1_226' title='bbox 2570 1626 2888 1685; x_wconf 89' lang='lat' dir='ltr'><strong>dilucidius.</strong></span> <span class='ocrx_word' id='word_1_227' title='bbox 2922 1629 3103 1685; x_wconf 87' lang='lat' dir='ltr'><strong>Unum</strong></span> <span class='ocrx_word' id='word_1_228' title='bbox 3144 1636 3361 1701; x_wconf 88' lang='lat' dir='ltr'><strong>tegmen</strong></span> 
     </span>
    </p>
   </div>
   <div class='ocr_carea' id='block_1_33' title="bbox 1787 1708 3361 1791">
    <p class='ocr_par' dir='ltr' id='par_1_33' title="bbox 1787 1708 3361 1791">
     <span class='ocr_line' id='line_1_33' title="bbox 1787 1708 3361 1791; baseline 0.008 -30"><span class='ocrx_word' id='word_1_229' title='bbox 1787 1708 2045 1766; x_wconf 85' lang='lat' dir='ltr'><strong>humanae</strong></span> <span class='ocrx_word' id='word_1_230' title='bbox 2094 1713 2291 1768; x_wconf 74' lang='lat' dir='ltr'><strong>anima:</strong></span> <span class='ocrx_word' id='word_1_231' title='bbox 2328 1722 2413 1772; x_wconf 92' lang='lat' dir='ltr'><strong>est</strong></span> <span class='ocrx_word' id='word_1_232' title='bbox 2460 1717 2693 1775; x_wconf 88' lang='lat' dir='ltr'><strong>sublime</strong></span> <span class='ocrx_word' id='word_1_233' title='bbox 2738 1719 3116 1791; x_wconf 82' lang='lat' dir='ltr'><strong>Evangelium,</strong></span> <span class='ocrx_word' id='word_1_234' title='bbox 3156 1721 3214 1775; x_wconf 91' lang='lat' dir='ltr'><strong>in</strong></span> <span class='ocrx_word' id='word_1_235' title='bbox 3250 1734 3361 1790; x_wconf 86' lang='lat' dir='ltr'><strong>quo</strong></span> 
     </span>
    </p>
   </div>
   <div class='ocr_carea' id='block_1_34' title="bbox 84 1786 1665 1882">
    <p class='ocr_par' dir='ltr' id='par_1_34' title="bbox 84 1796 1665 1873">
     <span class='ocr_line' id='line_1_34' title="bbox 84 1796 1665 1873; baseline -0.005 -17"><span class='ocrx_word' id='word_1_236' title='bbox 84 1803 337 1857; x_wconf 83' lang='grc' dir='ltr'>ϐολικῶν</span> <span class='ocrx_word' id='word_1_237' title='bbox 384 1804 671 1873; x_wconf 82' lang='grc' dir='ltr'>νοημάτων</span> <span class='ocrx_word' id='word_1_238' title='bbox 715 1801 899 1855; x_wconf 79' lang='grc' dir='ltr'>οὐκέτι</span> <span class='ocrx_word' id='word_1_239' title='bbox 952 1799 1306 1871; x_wconf 87' lang='grc' dir='ltr'>προσδέεται,</span> <span class='ocrx_word' id='word_1_240' title='bbox 1347 1796 1665 1869; x_wconf 76' lang='grc' dir='ltr'>φανερούση‹</span> 
     </span>
    </p>
   </div>
   <div class='ocr_carea' id='block_1_35' title="bbox 1781 1786 3360 1882">
    <p class='ocr_par' dir='ltr' id='par_1_35' title="bbox 1788 1786 3360 1882">
     <span class='ocr_line' id='line_1_35' title="bbox 1788 1786 3360 1882; baseline 0.006 -28"><span class='ocrx_word' id='word_1_241' title='bbox 1788 1814 1912 1854; x_wconf 87' lang='lat' dir='ltr'><strong>cum</strong></span> <span class='ocrx_word' id='word_1_242' title='bbox 1942 1797 2109 1855; x_wconf 81' lang='lat' dir='ltr'><strong>fuerit</strong></span> <span class='ocrx_word' id='word_1_243' title='bbox 2154 1804 2409 1860; x_wconf 84' lang='lat' dir='ltr'><strong>umbrosa</strong></span> <span class='ocrx_word' id='word_1_244' title='bbox 2458 1807 2711 1863; x_wconf 86' lang='lat' dir='ltr'><strong>doctrina</strong></span> <span class='ocrx_word' id='word_1_245' title='bbox 2744 1825 2842 1880; x_wconf 90' lang='lat' dir='ltr'><strong>per</strong></span> <span class='ocrx_word' id='word_1_246' title='bbox 2877 1786 3087 1880; x_wconf 50' lang='lat' dir='ltr'><strong>tj’picas</strong></span> <span class='ocrx_word' id='word_1_247' title='bbox 3128 1818 3183 1866; x_wconf 92' lang='lat' dir='ltr'><strong>et</strong></span> <span class='ocrx_word' id='word_1_248' title='bbox 3211 1786 3360 1882; x_wconf 73' lang='lat' dir='ltr'><strong>synt-</strong></span> 
     </span>
    </p>
   </div>
   <div class='ocr_carea' id='block_1_36' title="bbox 95 1890 1682 1965">
    <p class='ocr_par' dir='ltr' id='par_1_36' title="bbox 95 1890 1682 1965">
     <span class='ocr_line' id='line_1_36' title="bbox 95 1890 1682 1965; baseline -0.002 -18"><span class='ocrx_word' id='word_1_249' title='bbox 95 1896 195 1964; x_wconf 72' lang='grc' dir='ltr'>τῆς</span> <span class='ocrx_word' id='word_1_250' title='bbox 246 1894 510 1965; x_wconf 76' lang='grc' dir='ltr'><strong>ἀληθείας</strong></span> <span class='ocrx_word' id='word_1_251' title='bbox 556 1894 623 1948; x_wconf 84' lang='grc' dir='ltr'>τὰ</span> <span class='ocrx_word' id='word_1_252' title='bbox 671 1892 1062 1964; x_wconf 81' lang='grc' dir='ltr'>κεκαλυμμένα</span> <span class='ocrx_word' id='word_1_253' title='bbox 1104 1891 1211 1944; x_wconf 86' lang='grc' dir='ltr'><strong>τῶν</strong></span> <span class='ocrx_word' id='word_1_254' title='bbox 1246 1890 1682 1961; x_wconf 84' lang='grc' dir='ltr'>προσταγμάτων</span> 
     </span>
    </p>
   </div>
   <div class='ocr_carea' id='block_1_37' title="bbox 83 1980 1683 2056">
    <p class='ocr_par' dir='ltr' id='par_1_37' title="bbox 83 1980 1683 2056">
     <span class='ocr_line' id='line_1_37' title="bbox 83 1980 1683 2056; baseline -0.003 -18"><span class='ocrx_word' id='word_1_255' title='bbox 83 1986 420 2056; x_wconf 85' lang='grc' dir='ltr'>αἰνίγματα.</span> <span class='ocrx_word' id='word_1_256' title='bbox 459 1985 668 2056; x_wconf 77' lang='grc' dir='ltr'>Πέτραν</span> <span class='ocrx_word' id='word_1_257' title='bbox 695 1985 753 2037; x_wconf 81' lang='grc' dir='ltr'>δὲ</span> <span class='ocrx_word' id='word_1_258' title='bbox 795 1985 892 2055; x_wconf 84' lang='grc' dir='ltr'>τὴν</span> <span class='ocrx_word' id='word_1_259' title='bbox 923 1982 1281 2053; x_wconf 78' lang='grc' dir='ltr'>εὐαγγελικὴν</span> <span class='ocrx_word' id='word_1_260' title='bbox 1323 1980 1683 2052; x_wconf 77' lang='grc' dir='ltr'>ὀνομάζεσθαι</span> 
     </span>
    </p>
   </div>
   <div class='ocr_carea' id='block_1_38' title="bbox 83 2071 1681 2148">
    <p class='ocr_par' dir='ltr' id='par_1_38' title="bbox 83 2071 1681 2148">
     <span class='ocr_line' id='line_1_38' title="bbox 83 2071 1681 2148; baseline -0.003 -19"><span class='ocrx_word' id='word_1_261' title='bbox 83 2077 284 2148; x_wconf 86' lang='grc' dir='ltr'>χάριν,</span> <span class='ocrx_word' id='word_1_262' title='bbox 323 2076 500 2138; x_wconf 78' lang='grc' dir='ltr'>οὐδεὶς</span> <span class='ocrx_word' id='word_1_263' title='bbox 525 2076 767 2130; x_wconf 80' lang='grc' dir='ltr'>ἀντείποι</span> <span class='ocrx_word' id='word_1_264' title='bbox 798 2075 905 2129; x_wconf 91' lang='grc' dir='ltr'><strong>τῶν</strong></span> <span class='ocrx_word' id='word_1_265' title='bbox 930 2076 1023 2129; x_wconf 79' lang='grc' dir='ltr'><strong>καὶ</strong></span> <span class='ocrx_word' id='word_1_266' title='bbox 1057 2071 1306 2127; x_wconf 82' lang='grc' dir='ltr'>ὁπωσοῦν</span> <span class='ocrx_word' id='word_1_267' title='bbox 1344 2072 1681 2143; x_wconf 78' lang='grc' dir='ltr'>μετεχόντων</span> 
     </span>
    </p>
   </div>
   <div class='ocr_carea' id='block_1_39' title="bbox 82 2164 1684 2237">
    <p class='ocr_par' dir='ltr' id='par_1_39' title="bbox 82 2164 1684 2237">
     <span class='ocr_line' id='line_1_39' title="bbox 82 2164 1684 2237; baseline 0.021 -24"><span class='ocrx_word' id='word_1_268' title='bbox 82 2169 195 2237; x_wconf 80' lang='grc' dir='ltr'>τῆς</span> <span class='ocrx_word' id='word_1_269' title='bbox 225 2167 486 2230; x_wconf 81' lang='grc' dir='ltr'>πίστεως·</span> <span class='ocrx_word' id='word_1_270' title='bbox 526 2166 854 2236; x_wconf 81' lang='grc' dir='ltr'>πολλαχόθεν</span> <span class='ocrx_word' id='word_1_271' title='bbox 883 2169 992 2236; x_wconf 85' lang='grc' dir='ltr'><strong>γάρ</strong></span> <span class='ocrx_word' id='word_1_272' title='bbox 1026 2164 1173 2218; x_wconf 65' lang='grc' dir='ltr'>ἐστιν</span> <span class='ocrx_word' id='word_1_273' title='bbox 1218 2164 1286 2218; x_wconf 68' lang='grc' dir='ltr'><strong>ίκ</strong></span> <span class='ocrx_word' id='word_1_274' title='bbox 1319 2164 1418 2234; x_wconf 70' lang='grc' dir='ltr'><strong>τῆς</strong></span> <span class='ocrx_word' id='word_1_275' title='bbox 1461 2164 1684 2234; x_wconf 69' lang='grc' dir='ltr'><strong>Γραφῆς</strong></span> 
     </span>
    </p>
   </div>
   <div class='ocr_carea' id='block_1_40' title="bbox 83 2251 1683 2328">
    <p class='ocr_par' dir='ltr' id='par_1_40' title="bbox 83 2251 1683 2328">
     <span class='ocr_line' id='line_1_40' title="bbox 83 2251 1683 2328; baseline -0.003 -18"><span class='ocrx_word' id='word_1_276' title='bbox 83 2258 259 2310; x_wconf 81' lang='grc' dir='ltr'>τοῦτο</span> <span class='ocrx_word' id='word_1_277' title='bbox 290 2257 503 2326; x_wconf 83' lang='grc' dir='ltr'>μαθεῖν,</span> <span class='ocrx_word' id='word_1_278' title='bbox 533 2257 594 2310; x_wconf 88' lang='grc' dir='ltr'>τὸ</span> <span class='ocrx_word' id='word_1_279' title='bbox 619 2258 825 2328; x_wconf 84' lang='grc' dir='ltr'>πέτραν</span> <span class='ocrx_word' id='word_1_280' title='bbox 850 2251 991 2309; x_wconf 74' lang='grc' dir='ltr'>εἶναι</span> <span class='ocrx_word' id='word_1_281' title='bbox 1021 2254 1373 2323; x_wconf 82' lang='grc' dir='ltr'>Εὐαγγέλιον.</span> <span class='ocrx_word' id='word_1_282' title='bbox 1410 2254 1484 2307; x_wconf 84' lang='grc' dir='ltr'><strong>Τὸ</strong></span> <span class='ocrx_word' id='word_1_283' title='bbox 1504 2254 1683 2307; x_wconf 85' lang='grc' dir='ltr'>τοίνυν</span> 
     </span>
    </p>
   </div>
   <div class='ocr_carea' id='block_1_41' title="bbox 81 2340 1682 2417">
    <p class='ocr_par' dir='ltr' id='par_1_41' title="bbox 81 2340 1682 2417">
     <span class='ocr_line' id='line_1_41' title="bbox 81 2340 1682 2417; baseline 0.002 -19"><span class='ocrx_word' id='word_1_284' title='bbox 81 2345 393 2416; x_wconf 82' lang='grc' dir='ltr'>λεγόμενον</span> <span class='ocrx_word' id='word_1_285' title='bbox 431 2347 671 2400; x_wconf 80' lang='grc' dir='ltr'>τοιοῦτόν</span> <span class='ocrx_word' id='word_1_286' title='bbox 696 2349 841 2401; x_wconf 76' lang='grc' dir='ltr'>ἐστιν</span> <span class='ocrx_word' id='word_1_287' title='bbox 858 2361 875 2378; x_wconf 83' lang='grc'>⁶</span> <span class='ocrx_word' id='word_1_288' title='bbox 898 2348 962 2401; x_wconf 82' lang='lat' dir='ltr'><strong>El</strong></span> <span class='ocrx_word' id='word_1_289' title='bbox 990 2345 1417 2417; x_wconf 74' lang='grc' dir='ltr'>ὲνεγυμνάσθης,</span> <span class='ocrx_word' id='word_1_290' title='bbox 1442 2340 1487 2400; x_wconf 81' lang='grc' dir='ltr'><strong>ὦ</strong></span> <span class='ocrx_word' id='word_1_291' title='bbox 1513 2344 1682 2415; x_wconf 81' lang='grc' dir='ltr'>ψυχὴ,</span> 
     </span>
    </p>
   </div>
   <div class='ocr_carea' id='block_1_42' title="bbox 86 2436 1684 2509">
    <p class='ocr_par' dir='ltr' id='par_1_42' title="bbox 86 2436 1684 2509">
     <span class='ocr_line' id='line_1_42' title="bbox 86 2436 1684 2509; baseline 0 -20"><span class='ocrx_word' id='word_1_292' title='bbox 86 2437 174 2508; x_wconf 80' lang='grc' dir='ltr'>τῷ</span> <span class='ocrx_word' id='word_1_293' title='bbox 197 2438 375 2508; x_wconf 85' lang='grc' dir='ltr'>νόμῳ,</span> <span class='ocrx_word' id='word_1_294' title='bbox 412 2439 460 2490; x_wconf 85' lang='grc' dir='ltr'><strong>εί</strong></span> <span class='ocrx_word' id='word_1_295' title='bbox 486 2438 583 2501; x_wconf 77' lang='grc' dir='ltr'><strong>τάς</strong></span> <span class='ocrx_word' id='word_1_296' title='bbox 611 2438 698 2492; x_wconf 82' lang='grc' dir='ltr'><strong>διὰ</strong></span> <span class='ocrx_word' id='word_1_297' title='bbox 722 2438 832 2491; x_wconf 84' lang='grc' dir='ltr'><strong>τῶν</strong></span> <span class='ocrx_word' id='word_1_298' title='bbox 868 2437 1223 2509; x_wconf 78' lang='grc' dir='ltr'>προφητικῶν</span> <span class='ocrx_word' id='word_1_299' title='bbox 1249 2438 1482 2507; x_wconf 84' lang='grc' dir='ltr'>θυρίδων</span> <span class='ocrx_word' id='word_1_300' title='bbox 1511 2436 1684 2505; x_wconf 82' lang='grc' dir='ltr'>αὐγὰς</span> 
     </span>
    </p>
   </div>
   <div class='ocr_carea' id='block_1_43' title="bbox 85 2528 1685 2602">
    <p class='ocr_par' dir='ltr' id='par_1_43' title="bbox 85 2528 1685 2602">
     <span class='ocr_line' id='line_1_43' title="bbox 85 2528 1685 2602; baseline -0.001 -20"><span class='ocrx_word' id='word_1_301' title='bbox 85 2533 160 2601; x_wconf 79' lang='grc' dir='ltr'>τῇ</span> <span class='ocrx_word' id='word_1_302' title='bbox 192 2530 404 2600; x_wconf 74' lang='grc' dir='ltr'>διανοίᾳ</span> <span class='ocrx_word' id='word_1_303' title='bbox 426 2529 700 2593; x_wconf 86' lang='grc' dir='ltr'>τεθέασαι,</span> <span class='ocrx_word' id='word_1_304' title='bbox 726 2532 935 2602; x_wconf 82' lang='grc' dir='ltr'>μηκέτι</span> <span class='ocrx_word' id='word_1_305' title='bbox 959 2530 1065 2585; x_wconf 79' lang='grc' dir='ltr'><strong>ὑπὸ</strong></span> <span class='ocrx_word' id='word_1_306' title='bbox 1084 2530 1182 2602; x_wconf 80' lang='grc' dir='ltr'>τὴν</span> <span class='ocrx_word' id='word_1_307' title='bbox 1203 2529 1295 2584; x_wconf 82' lang='grc' dir='ltr'>τοῦ</span> <span class='ocrx_word' id='word_1_308' title='bbox 1320 2528 1544 2600; x_wconf 84' lang='grc' dir='ltr'>νομικοῦ</span> <span class='ocrx_word' id='word_1_309' title='bbox 1575 2528 1685 2582; x_wconf 82' lang='grc' dir='ltr'>τοί-</span> 
     </span>
    </p>
   </div>
   <div class='ocr_carea' id='block_1_44' title="bbox 88 2617 1683 2694">
    <p class='ocr_par' dir='ltr' id='par_1_44' title="bbox 88 2617 1683 2694">
     <span class='ocr_line' id='line_1_44' title="bbox 88 2617 1683 2694; baseline -0.001 -22"><span class='ocrx_word' id='word_1_310' title='bbox 88 2638 193 2690; x_wconf 91' lang='grc' dir='ltr'><strong>χου</strong></span> <span class='ocrx_word' id='word_1_311' title='bbox 231 2620 393 2675; x_wconf 83' lang='grc' dir='ltr'>σκιάν</span> <span class='ocrx_word' id='word_1_312' title='bbox 424 2621 573 2691; x_wconf 82' lang='grc' dir='ltr'>μένε.</span> <span class='ocrx_word' id='word_1_313' title='bbox 617 2622 784 2675; x_wconf 87' lang='grc' dir='ltr'>Σκιάν</span> <span class='ocrx_word' id='word_1_314' title='bbox 808 2622 917 2694; x_wconf 89' lang='grc' dir='ltr'><strong>γάρ</strong></span> <span class='ocrx_word' id='word_1_315' title='bbox 950 2623 979 2675; x_wconf 86' lang='grc' dir='ltr'><strong>ὁ</strong></span> <span class='ocrx_word' id='word_1_316' title='bbox 1017 2624 1196 2691; x_wconf 84' lang='grc' dir='ltr'>τοῖχος</span> <span class='ocrx_word' id='word_1_317' title='bbox 1226 2621 1370 2675; x_wconf 89' lang='grc' dir='ltr'>ποιεί</span> <span class='ocrx_word' id='word_1_318' title='bbox 1404 2619 1512 2673; x_wconf 87' lang='grc' dir='ltr'><strong>τῶν</strong></span> <span class='ocrx_word' id='word_1_319' title='bbox 1555 2617 1683 2690; x_wconf 85' lang='grc' dir='ltr'>μελ-</span> 
     </span>
    </p>
   </div>
   <div class='ocr_carea' id='block_1_45' title="bbox 89 2710 1682 2785">
    <p class='ocr_par' dir='ltr' id='par_1_45' title="bbox 89 2710 1682 2785">
     <span class='ocr_line' id='line_1_45' title="bbox 89 2710 1682 2785; baseline -0.001 -20"><span class='ocrx_word' id='word_1_320' title='bbox 89 2713 298 2766; x_wconf 88' lang='grc' dir='ltr'>λόντων</span> <span class='ocrx_word' id='word_1_321' title='bbox 329 2713 572 2781; x_wconf 85' lang='grc' dir='ltr'>ἀγαθῶν,</span> <span class='ocrx_word' id='word_1_322' title='bbox 604 2714 706 2767; x_wconf 86' lang='grc' dir='ltr'>οὐκ</span> <span class='ocrx_word' id='word_1_323' title='bbox 728 2712 898 2784; x_wconf 79' lang='grc' dir='ltr'>αὐτὴν</span> <span class='ocrx_word' id='word_1_324' title='bbox 937 2713 1037 2785; x_wconf 78' lang='grc' dir='ltr'>τὴν</span> <span class='ocrx_word' id='word_1_325' title='bbox 1071 2712 1253 2766; x_wconf 81' lang='grc' dir='ltr'>εἰκόνα</span> <span class='ocrx_word' id='word_1_326' title='bbox 1277 2711 1386 2765; x_wconf 91' lang='grc' dir='ltr'><strong>τῶν</strong></span> <span class='ocrx_word' id='word_1_327' title='bbox 1424 2710 1682 2782; x_wconf 90' lang='grc' dir='ltr'>πραγμά-</span> 
     </span>
    </p>
   </div>
   <div class='ocr_carea' id='block_1_46' title="bbox 87 2803 1679 2877">
    <p class='ocr_par' dir='ltr' id='par_1_46' title="bbox 87 2803 1679 2877">
     <span class='ocr_line' id='line_1_46' title="bbox 87 2803 1679 2877; baseline 0.001 -20"><span class='ocrx_word' id='word_1_328' title='bbox 87 2821 222 2857; x_wconf 70' lang='grc' dir='ltr'>τωνα</span> <span class='ocrx_word' id='word_1_329' title='bbox 251 2805 369 2858; x_wconf 84' lang='grc' dir='ltr'>ἀλλ’</span> <span class='ocrx_word' id='word_1_330' title='bbox 399 2807 492 2859; x_wconf 74' lang='grc' dir='ltr'><strong>ἐπὶ</strong></span> <span class='ocrx_word' id='word_1_331' title='bbox 532 2804 631 2877; x_wconf 79' lang='grc' dir='ltr'>τὴν</span> <span class='ocrx_word' id='word_1_332' title='bbox 670 2805 875 2875; x_wconf 82' lang='grc' dir='ltr'>πέτραν</span> <span class='ocrx_word' id='word_1_333' title='bbox 914 2807 986 2864; x_wconf 75' lang='grc' dir='ltr'>,ὲκ</span> <span class='ocrx_word' id='word_1_334' title='bbox 1025 2804 1120 2858; x_wconf 81' lang='grc' dir='ltr'><strong>τοῦ</strong></span> <span class='ocrx_word' id='word_1_335' title='bbox 1149 2804 1413 2873; x_wconf 82' lang='grc' dir='ltr'>σύνεγγυς</span> <span class='ocrx_word' id='word_1_336' title='bbox 1452 2804 1559 2858; x_wconf 81' lang='grc' dir='ltr'>ἀπὸ</span> <span class='ocrx_word' id='word_1_337' title='bbox 1585 2803 1679 2858; x_wconf 83' lang='grc' dir='ltr'><strong>τοῦ</strong></span> 
     </span>
    </p>
   </div>
   <div class='ocr_carea' id='block_1_47' title="bbox 86 2893 1681 2967">
    <p class='ocr_par' dir='ltr' id='par_1_47' title="bbox 86 2893 1681 2967">
     <span class='ocr_line' id='line_1_47' title="bbox 86 2893 1681 2967; baseline 0 -20"><span class='ocrx_word' id='word_1_338' title='bbox 86 2894 277 2964; x_wconf 83' lang='grc' dir='ltr'>τοίχου</span> <span class='ocrx_word' id='word_1_339' title='bbox 315 2894 604 2965; x_wconf 78' lang='grc' dir='ltr'>μετάϐηθι.</span> <span class='ocrx_word' id='word_1_340' title='bbox 643 2896 879 2967; x_wconf 28' lang='grc' dir='ltr'>Ἐχεται.</span> <span class='ocrx_word' id='word_1_341' title='bbox 904 2895 1077 2967; x_wconf 78' lang='grc' dir='ltr'>γάρή</span> <span class='ocrx_word' id='word_1_342' title='bbox 1123 2894 1297 2965; x_wconf 88' lang='grc' dir='ltr'>πέτρα</span> <span class='ocrx_word' id='word_1_343' title='bbox 1327 2893 1419 2948; x_wconf 84' lang='grc' dir='ltr'><strong>τοῦ</strong></span> <span class='ocrx_word' id='word_1_344' title='bbox 1465 2908 1681 2967; x_wconf 75' lang='grc' dir='ltr'>προτειο</span> 
     </span>
    </p>
   </div>
   <div class='ocr_carea' id='block_1_48' title="bbox 85 2980 1676 3057">
    <p class='ocr_par' dir='ltr' id='par_1_48' title="bbox 85 2980 1676 3057">
     <span class='ocr_line' id='line_1_48' title="bbox 85 2980 1676 3057; baseline 0.002 -19"><span class='ocrx_word' id='word_1_345' title='bbox 85 2987 379 3056; x_wconf 71' lang='grc' dir='ltr'>χίσματος·</span> <span class='ocrx_word' id='word_1_346' title='bbox 417 2986 602 3057; x_wconf 75' lang='grc' dir='ltr'>ἐπειδὴ</span> <span class='ocrx_word' id='word_1_347' title='bbox 643 2988 742 3056; x_wconf 79' lang='grc' dir='ltr'>τῆς</span> <span class='ocrx_word' id='word_1_348' title='bbox 777 2986 1138 3056; x_wconf 81' lang='grc' dir='ltr'>εὐαγγελικῆς</span> <span class='ocrx_word' id='word_1_349' title='bbox 1168 2980 1402 3050; x_wconf 70' lang='grc' dir='ltr'>πίπεῖυς</span> <span class='ocrx_word' id='word_1_350' title='bbox 1446 2989 1474 3040; x_wconf 88' lang='grc' dir='ltr'>ὁ</span> <span class='ocrx_word' id='word_1_351' title='bbox 1506 2988 1676 3057; x_wconf 83' lang='grc' dir='ltr'>νόμος</span> 
     </span>
    </p>
   </div>
   <div class='ocr_carea' id='block_1_49' title="bbox 64 3076 1672 3148">
    <p class='ocr_par' dir='ltr' id='par_1_49' title="bbox 64 3076 1672 3148">
     <span class='ocr_line' id='line_1_49' title="bbox 64 3076 1672 3148; baseline 0 -17"><span class='ocrx_word' id='word_1_352' title='bbox 64 3077 459 3148; x_wconf 79' lang='grc' dir='ltr'>προτείχισμα</span> <span class='ocrx_word' id='word_1_353' title='bbox 490 3078 699 3145; x_wconf 75' lang='grc' dir='ltr'>γέγονεο</span> <span class='ocrx_word' id='word_1_354' title='bbox 727 3077 823 3131; x_wconf 82' lang='grc' dir='ltr'>καὶ</span> <span class='ocrx_word' id='word_1_355' title='bbox 851 3077 1032 3146; x_wconf 76' lang='grc' dir='ltr'>ἔχεται</span> <span class='ocrx_word' id='word_1_356' title='bbox 1057 3076 1301 3146; x_wconf 80' lang='grc' dir='ltr'>ἀλλήλων</span> <span class='ocrx_word' id='word_1_357' title='bbox 1319 3076 1388 3129; x_wconf 84' lang='grc' dir='ltr'>τὰ</span> <span class='ocrx_word' id='word_1_358' title='bbox 1408 3077 1672 3147; x_wconf 86' lang='grc' dir='ltr'>δόγματα,</span> 
     </span>
    </p>
   </div>
   <div class='ocr_carea' id='block_1_50' title="bbox 83 3167 1670 3238">
    <p class='ocr_par' dir='ltr' id='par_1_50' title="bbox 83 3167 1670 3238">
     <span class='ocr_line' id='line_1_50' title="bbox 83 3167 1670 3238; baseline 0.002 -18"><span class='ocrx_word' id='word_1_359' title='bbox 83 3168 410 3236; x_wconf 82' lang='grc' dir='ltr'>γειτνιῶντα</span> <span class='ocrx_word' id='word_1_360' title='bbox 434 3168 576 3222; x_wconf 86' lang='grc' dir='ltr'><strong>κατά</strong></span> <span class='ocrx_word' id='word_1_361' title='bbox 603 3169 701 3238; x_wconf 87' lang='grc' dir='ltr'>τὴν</span> <span class='ocrx_word' id='word_1_362' title='bbox 726 3168 971 3237; x_wconf 83' lang='grc' dir='ltr'>δύναμιν.</span> <span class='ocrx_word' id='word_1_363' title='bbox 1001 3168 1065 3220; x_wconf 91' lang='grc' dir='ltr'>Τί</span> <span class='ocrx_word' id='word_1_364' title='bbox 1100 3168 1208 3238; x_wconf 82' lang='grc' dir='ltr'><strong>γὰρ</strong></span> <span class='ocrx_word' id='word_1_365' title='bbox 1248 3167 1546 3238; x_wconf 77' lang='grc' dir='ltr'>ἐγγύτερον</span> <span class='ocrx_word' id='word_1_366' title='bbox 1576 3169 1670 3223; x_wconf 78' lang='grc' dir='ltr'><strong>τοῦ</strong></span> 
     </span>
    </p>
   </div>
   <div class='ocr_carea' id='block_1_51' title="bbox 84 3258 1677 3330">
    <p class='ocr_par' dir='ltr' id='par_1_51' title="bbox 84 3258 1677 3330">
     <span class='ocr_line' id='line_1_51' title="bbox 84 3258 1677 3330; baseline 0.001 -17"><span class='ocrx_word' id='word_1_367' title='bbox 84 3259 185 3326; x_wconf 77' lang='grc' dir='ltr'><strong>Μὴ</strong></span> <span class='ocrx_word' id='word_1_368' title='bbox 203 3259 548 3328; x_wconf 81' lang='grc' dir='ltr'>μοιχεῦσαι,</span> <span class='ocrx_word' id='word_1_369' title='bbox 579 3259 641 3313; x_wconf 84' lang='grc' dir='ltr'>τὸ</span> <span class='ocrx_word' id='word_1_370' title='bbox 671 3260 744 3330; x_wconf 84' lang='grc' dir='ltr'>μὴ</span> <span class='ocrx_word' id='word_1_371' title='bbox 790 3258 1225 3327; x_wconf 78' lang='grc' dir='ltr'>Ἐπιθυμῆσαι;</span> <span class='ocrx_word' id='word_1_372' title='bbox 1255 3259 1350 3314; x_wconf 74' lang='grc' dir='ltr'>καὶ</span> <span class='ocrx_word' id='word_1_373' title='bbox 1380 3260 1474 3313; x_wconf 82' lang='grc' dir='ltr'><strong>τοῦ</strong></span> <span class='ocrx_word' id='word_1_374' title='bbox 1510 3260 1677 3314; x_wconf 89' lang='grc' dir='ltr'>καθα-</span> 
     </span>
    </p>
   </div>
   <div class='ocr_carea' id='block_1_52' title="bbox 86 3350 1678 3423">
    <p class='ocr_par' dir='ltr' id='par_1_52' title="bbox 86 3350 1678 3423">
     <span class='ocr_line' id='line_1_52' title="bbox 86 3350 1678 3423; baseline 0.003 -20"><span class='ocrx_word' id='word_1_375' title='bbox 86 3350 276 3420; x_wconf 81' lang='grc' dir='ltr'>ρεύειν</span> <span class='ocrx_word' id='word_1_376' title='bbox 309 3351 418 3404; x_wconf 87' lang='grc' dir='ltr'>ἀπὸ</span> <span class='ocrx_word' id='word_1_377' title='bbox 438 3351 622 3419; x_wconf 74' lang='grc' dir='ltr'>φόνου,</span> <span class='ocrx_word' id='word_1_378' title='bbox 653 3351 732 3414; x_wconf 82' lang='grc' dir='ltr'>τὸ,</span> <span class='ocrx_word' id='word_1_379' title='bbox 759 3351 894 3421; x_wconf 77' lang='grc' dir='ltr'>μηδὲ</span> <span class='ocrx_word' id='word_1_380' title='bbox 922 3353 1057 3421; x_wconf 80' lang='grc' dir='ltr'>ὀργῇ</span> <span class='ocrx_word' id='word_1_381' title='bbox 1079 3352 1178 3421; x_wconf 85' lang='grc' dir='ltr'>τὴν</span> <span class='ocrx_word' id='word_1_382' title='bbox 1202 3352 1426 3423; x_wconf 85' lang='grc' dir='ltr'>καρδίαν</span> <span class='ocrx_word' id='word_1_383' title='bbox 1462 3351 1678 3422; x_wconf 65' lang='grc' dir='ltr'>μολύνεα</span> 
     </span>
    </p>
   </div>
   <div class='ocr_carea' id='block_1_53' title="bbox 83 3436 1677 3513">
    <p class='ocr_par' dir='ltr' id='par_1_53' title="bbox 83 3436 1677 3513">
     <span class='ocr_line' id='line_1_53' title="bbox 83 3436 1677 3513; baseline -0.001 -17"><span class='ocrx_word' id='word_1_384' title='bbox 83 3442 244 3507; x_wconf 56' lang='lat' dir='ltr'><strong>«eat;</strong></span> <span class='ocrx_word' id='word_1_385' title='bbox 283 3436 538 3495; x_wconf 60' lang='grc' dir='ltr'>Ἐπειῶν</span> <span class='ocrx_word' id='word_1_386' title='bbox 557 3440 736 3510; x_wconf 75' lang='grc' dir='ltr'>ἔχεται</span> <span class='ocrx_word' id='word_1_387' title='bbox 751 3439 844 3493; x_wconf 76' lang='grc' dir='ltr'>τοῦ</span> <span class='ocrx_word' id='word_1_388' title='bbox 862 3441 1364 3511; x_wconf 86' lang='grc' dir='ltr'>προτειχίσματοςὴ</span> <span class='ocrx_word' id='word_1_389' title='bbox 1387 3442 1561 3511; x_wconf 84' lang='grc' dir='ltr'>σκέπη</span> <span class='ocrx_word' id='word_1_390' title='bbox 1579 3443 1677 3513; x_wconf 83' lang='grc' dir='ltr'>τῆς</span> 
     </span>
    </p>
   </div>
   <div class='ocr_carea' id='block_1_54' title="bbox 84 3530 1676 3603">
    <p class='ocr_par' dir='ltr' id='par_1_54' title="bbox 84 3530 1676 3603">
     <span class='ocr_line' id='line_1_54' title="bbox 84 3530 1676 3603; baseline 0 -18"><span class='ocrx_word' id='word_1_391' title='bbox 84 3533 322 3602; x_wconf 78' lang='grc' dir='ltr'>πέτρας,</span> <span class='ocrx_word' id='word_1_392' title='bbox 354 3532 673 3594; x_wconf 76' lang='grc' dir='ltr'>ἀδιάστατός</span> <span class='ocrx_word' id='word_1_393' title='bbox 702 3531 817 3583; x_wconf 86' lang='grc' dir='ltr'>ὲστί</span> <span class='ocrx_word' id='word_1_394' title='bbox 846 3542 928 3583; x_wconf 85' lang='grc' dir='ltr'><strong>σοι</strong></span> <span class='ocrx_word' id='word_1_395' title='bbox 955 3531 988 3601; x_wconf 81' lang='grc' dir='ltr'>ἠ</span> <span class='ocrx_word' id='word_1_396' title='bbox 1012 3530 1231 3584; x_wconf 77' lang='grc' dir='ltr'>ἀπὸτοῦ</span> <span class='ocrx_word' id='word_1_397' title='bbox 1250 3532 1431 3601; x_wconf 86' lang='grc' dir='ltr'>τοίχου</span> <span class='ocrx_word' id='word_1_398' title='bbox 1463 3532 1552 3584; x_wconf 72' lang='grc' dir='ltr'><strong>ἐπὶ</strong></span> <span class='ocrx_word' id='word_1_399' title='bbox 1577 3531 1676 3603; x_wconf 82' lang='grc' dir='ltr'><strong>τὴν</strong></span> 
     </span>
    </p>
   </div>
   <div class='ocr_carea' id='block_1_55' title="bbox 83 3621 1675 3695">
    <p class='ocr_par' dir='ltr' id='par_1_55' title="bbox 83 3621 1675 3695">
     <span class='ocr_line' id='line_1_55' title="bbox 83 3621 1675 3695; baseline 0.001 -20"><span class='ocrx_word' id='word_1_400' title='bbox 83 3622 304 3692; x_wconf 71' lang='grc' dir='ltr'>πέτραν</span> <span class='ocrx_word' id='word_1_401' title='bbox 340 3622 689 3690; x_wconf 85' lang='grc' dir='ltr'>μετάστασις.</span> <span class='ocrx_word' id='word_1_402' title='bbox 724 3623 1003 3693; x_wconf 83' lang='grc' dir='ltr'>Περιτομὴ</span> <span class='ocrx_word' id='word_1_403' title='bbox 1038 3623 1097 3674; x_wconf 86' lang='grc' dir='ltr'><strong>ὲν</strong></span> <span class='ocrx_word' id='word_1_404' title='bbox 1130 3621 1209 3691; x_wconf 83' lang='grc' dir='ltr'>τῷ</span> <span class='ocrx_word' id='word_1_405' title='bbox 1244 3623 1431 3695; x_wconf 79' lang='grc' dir='ltr'>τοίχῳ.</span> <span class='ocrx_word' id='word_1_406' title='bbox 1460 3624 1555 3677; x_wconf 59' lang='grc' dir='ltr'><strong>καὶ¹</strong></span> <span class='ocrx_word' id='word_1_407' title='bbox 1578 3641 1675 3677; x_wconf 88' lang='grc' dir='ltr'>πε-</span> 
     </span>
    </p>
   </div>
   <div class='ocr_carea' id='block_1_56' title="bbox 89 3708 1675 3785">
    <p class='ocr_par' dir='ltr' id='par_1_56' title="bbox 89 3708 1675 3785">
     <span class='ocr_line' id='line_1_56' title="bbox 89 3708 1675 3785; baseline -0.001 -18"><span class='ocrx_word' id='word_1_408' title='bbox 89 3714 295 3785; x_wconf 85' lang='grc' dir='ltr'>ριτομὴ</span> <span class='ocrx_word' id='word_1_409' title='bbox 325 3714 383 3765; x_wconf 77' lang='grc' dir='ltr'><strong>ὲν</strong></span> <span class='ocrx_word' id='word_1_410' title='bbox 410 3716 475 3785; x_wconf 83' lang='grc' dir='ltr'>τῇ</span> <span class='ocrx_word' id='word_1_411' title='bbox 505 3715 681 3784; x_wconf 76' lang='grc' dir='ltr'>πέτρᾳ</span> <span class='ocrx_word' id='word_1_412' title='bbox 700 3753 714 3776; x_wconf 92' lang='grc'><strong>,</strong></span> <span class='ocrx_word' id='word_1_413' title='bbox 749 3712 1019 3784; x_wconf 84' lang='grc' dir='ltr'>πρόϐατον</span> <span class='ocrx_word' id='word_1_414' title='bbox 1064 3715 1159 3766; x_wconf 76' lang='grc' dir='ltr'>καὶ</span> <span class='ocrx_word' id='word_1_415' title='bbox 1192 3712 1485 3783; x_wconf 84' lang='grc' dir='ltr'>πρόϐατον,</span> <span class='ocrx_word' id='word_1_416' title='bbox 1537 3708 1675 3784; x_wconf 78' lang='grc' dir='ltr'>αἷμα</span> 
     </span>
    </p>
   </div>
   <div class='ocr_carea' id='block_1_57' title="bbox 86 3800 1672 3878">
    <p class='ocr_par' dir='ltr' id='par_1_57' title="bbox 86 3800 1672 3878">
     <span class='ocr_line' id='line_1_57' title="bbox 86 3800 1672 3878; baseline -0.001 -19"><span class='ocrx_word' id='word_1_417' title='bbox 86 3806 185 3859; x_wconf 85' lang='grc' dir='ltr'><strong>καί</strong></span> <span class='ocrx_word' id='word_1_418' title='bbox 214 3800 392 3875; x_wconf 75' lang='grc' dir='ltr'>αἷμα,</span> <span class='ocrx_word' id='word_1_419' title='bbox 432 3804 618 3875; x_wconf 82' lang='grc' dir='ltr'>πάσχα</span> <span class='ocrx_word' id='word_1_420' title='bbox 654 3805 748 3858; x_wconf 73' lang='grc' dir='ltr'>καὶ</span> <span class='ocrx_word' id='word_1_421' title='bbox 780 3806 994 3878; x_wconf 71' lang='grc' dir='ltr'>πάσχα,</span> <span class='ocrx_word' id='word_1_422' title='bbox 1020 3804 1114 3857; x_wconf 77' lang='grc' dir='ltr'>καὶ</span> <span class='ocrx_word' id='word_1_423' title='bbox 1164 3805 1339 3857; x_wconf 83' lang='grc' dir='ltr'>πάντα</span> <span class='ocrx_word' id='word_1_424' title='bbox 1380 3805 1567 3874; x_wconf 76' lang='grc' dir='ltr'>σχεδὸν</span> <span class='ocrx_word' id='word_1_425' title='bbox 1600 3805 1672 3858; x_wconf 75' lang='grc' dir='ltr'>τὰ</span> 
     </span>
    </p>
   </div>
   <div class='ocr_carea' id='block_1_58' title="bbox 86 3892 1674 3964">
    <p class='ocr_par' dir='ltr' id='par_1_58' title="bbox 86 3892 1674 3964">
     <span class='ocr_line' id='line_1_58' title="bbox 86 3892 1674 3964; baseline -0.001 -16"><span class='ocrx_word' id='word_1_426' title='bbox 86 3896 253 3957; x_wconf 75' lang='grc' dir='ltr'>αὐτὰ,</span> <span class='ocrx_word' id='word_1_427' title='bbox 274 3897 368 3949; x_wconf 75' lang='grc' dir='ltr'><strong>καὶ</strong></span> <span class='ocrx_word' id='word_1_428' title='bbox 383 3894 471 3948; x_wconf 87' lang='grc' dir='ltr'><strong>διά</strong></span> <span class='ocrx_word' id='word_1_429' title='bbox 494 3894 604 3947; x_wconf 87' lang='grc' dir='ltr'><strong>τῶν</strong></span> <span class='ocrx_word' id='word_1_430' title='bbox 627 3894 810 3947; x_wconf 86' lang='grc' dir='ltr'>αὐτῶν</span> <span class='ocrx_word' id='word_1_431' title='bbox 836 3893 1080 3964; x_wconf 88' lang='grc' dir='ltr'>ἀλλήλων</span> <span class='ocrx_word' id='word_1_432' title='bbox 1105 3893 1358 3962; x_wconf 82' lang='grc' dir='ltr'>ἐχόμενα,</span> <span class='ocrx_word' id='word_1_433' title='bbox 1388 3892 1527 3963; x_wconf 80' lang='grc' dir='ltr'>πλὴν</span> <span class='ocrx_word' id='word_1_434' title='bbox 1552 3894 1674 3946; x_wconf 84' lang='grc' dir='ltr'>ὅσον</span> 
     </span>
    </p>
   </div>
   <div class='ocr_carea' id='block_1_59' title="bbox 86 3976 1674 4057">
    <p class='ocr_par' dir='ltr' id='par_1_59' title="bbox 86 3976 1674 4057">
     <span class='ocr_line' id='line_1_59' title="bbox 86 3976 1674 4057; baseline -0.003 -17"><span class='ocrx_word' id='word_1_435' title='bbox 86 3986 441 4057; x_wconf 81' lang='grc' dir='ltr'>πνευματικὴ</span> <span class='ocrx_word' id='word_1_436' title='bbox 478 3987 575 4056; x_wconf 82' lang='grc' dir='ltr'><strong>μὲν</strong></span> <span class='ocrx_word' id='word_1_437' title='bbox 605 3987 639 4056; x_wconf 82' lang='grc' dir='ltr'>ὴ</span> <span class='ocrx_word' id='word_1_438' title='bbox 666 3986 839 4055; x_wconf 85' lang='grc' dir='ltr'>πέτρα</span> <span class='ocrx_word' id='word_1_439' title='bbox 860 4023 876 4048; x_wconf 92' lang='grc'><strong>,</strong></span> <span class='ocrx_word' id='word_1_440' title='bbox 904 3984 1085 4055; x_wconf 76' lang='grc' dir='ltr'>χοϊκὸς</span> <span class='ocrx_word' id='word_1_441' title='bbox 1108 3984 1153 4036; x_wconf 81' lang='grc' dir='ltr'>δ’</span> <span class='ocrx_word' id='word_1_442' title='bbox 1189 3983 1217 4035; x_wconf 80' lang='grc' dir='ltr'><strong>ό</strong></span> <span class='ocrx_word' id='word_1_443' title='bbox 1241 3984 1438 4052; x_wconf 85' lang='grc' dir='ltr'>τοῖχος,</span> <span class='ocrx_word' id='word_1_444' title='bbox 1477 3976 1523 4051; x_wconf 88' lang='grc' dir='ltr'>ᾦ</span> <span class='ocrx_word' id='word_1_445' title='bbox 1549 4000 1674 4036; x_wconf 74' lang='grc' dir='ltr'>συν-ι</span> 
     </span>
    </p>
   </div>
   <div class='ocr_carea' id='block_1_60' title="bbox 85 4068 1673 4141">
    <p class='ocr_par' dir='ltr' id='par_1_60' title="bbox 85 4068 1673 4141">
     <span class='ocr_line' id='line_1_60' title="bbox 85 4068 1673 4141; baseline -0.007 -11"><span class='ocrx_word' id='word_1_446' title='bbox 85 4074 506 4130; x_wconf 85' lang='grc' dir='ltr'>αναπέπλασται</span> <span class='ocrx_word' id='word_1_447' title='bbox 544 4073 606 4125; x_wconf 83' lang='grc' dir='ltr'>τὸ</span> <span class='ocrx_word' id='word_1_448' title='bbox 646 4071 956 4141; x_wconf 87' lang='grc' dir='ltr'>σωματικὸν</span> <span class='ocrx_word' id='word_1_449' title='bbox 992 4070 1210 4138; x_wconf 86' lang='grc' dir='ltr'>γεῶδες.</span> <span class='ocrx_word' id='word_1_450' title='bbox 1276 4070 1337 4121; x_wconf 82' lang='grc' dir='ltr'><strong>Ἥ</strong></span> <span class='ocrx_word' id='word_1_451' title='bbox 1368 4068 1411 4121; x_wconf 86' lang='grc' dir='ltr'>δ’</span> <span class='ocrx_word' id='word_1_452' title='bbox 1441 4068 1673 4136; x_wconf 82' lang='grc' dir='ltr'>εὐαγγε-</span> 
     </span>
    </p>
   </div>
   <div class='ocr_carea' id='block_1_61' title="bbox 84 4158 1674 4236">
    <p class='ocr_par' dir='ltr' id='par_1_61' title="bbox 84 4158 1674 4236">
     <span class='ocr_line' id='line_1_61' title="bbox 84 4158 1674 4236; baseline -0.003 -19"><span class='ocrx_word' id='word_1_453' title='bbox 84 4165 216 4236; x_wconf 79' lang='grc' dir='ltr'>λικὴ</span> <span class='ocrx_word' id='word_1_454' title='bbox 247 4165 423 4235; x_wconf 84' lang='grc' dir='ltr'>πέτρα</span> <span class='ocrx_word' id='word_1_455' title='bbox 441 4204 457 4227; x_wconf 96' lang='grc'><strong>,</strong></span> <span class='ocrx_word' id='word_1_456' title='bbox 485 4163 576 4216; x_wconf 80' lang='grc' dir='ltr'>τὸν</span> <span class='ocrx_word' id='word_1_457' title='bbox 603 4161 856 4233; x_wconf 86' lang='grc' dir='ltr'>σαρκώδη</span> <span class='ocrx_word' id='word_1_458' title='bbox 905 4160 1014 4214; x_wconf 89' lang='grc' dir='ltr'><strong>τῶν</strong></span> <span class='ocrx_word' id='word_1_459' title='bbox 1039 4159 1323 4230; x_wconf 79' lang='grc' dir='ltr'>νοημάτων</span> <span class='ocrx_word' id='word_1_460' title='bbox 1369 4158 1538 4227; x_wconf 81' lang='grc' dir='ltr'>πηλὸν</span> <span class='ocrx_word' id='word_1_461' title='bbox 1574 4158 1674 4212; x_wconf 79' lang='grc' dir='ltr'>οὐκ</span> 
     </span>
    </p>
   </div>
   <div class='ocr_carea' id='block_1_62' title="bbox 84 4248 1672 4327">
    <p class='ocr_par' dir='ltr' id='par_1_62' title="bbox 84 4248 1672 4327">
     <span class='ocr_line' id='line_1_62' title="bbox 84 4248 1672 4327; baseline -0.004 -19"><span class='ocrx_word' id='word_1_462' title='bbox 84 4256 227 4327; x_wconf 78' lang='grc' dir='ltr'>ἔχει.</span> <span class='ocrx_word' id='word_1_463' title='bbox 270 4254 430 4307; x_wconf 81' lang='grc' dir='ltr'>Ἀλλὰ</span> <span class='ocrx_word' id='word_1_464' title='bbox 454 4253 549 4308; x_wconf 68' lang='grc' dir='ltr'>καὶ</span> <span class='ocrx_word' id='word_1_465' title='bbox 580 4253 876 4323; x_wconf 83' lang='grc' dir='ltr'>περιτομὴν</span> <span class='ocrx_word' id='word_1_466' title='bbox 897 4251 1165 4322; x_wconf 87' lang='grc' dir='ltr'>λαμϐάνει</span> <span class='ocrx_word' id='word_1_467' title='bbox 1188 4253 1216 4303; x_wconf 87' lang='grc' dir='ltr'><strong>ό</strong></span> <span class='ocrx_word' id='word_1_468' title='bbox 1244 4249 1547 4323; x_wconf 80' lang='grc' dir='ltr'>ἅνθρωπος,</span> <span class='ocrx_word' id='word_1_469' title='bbox 1580 4248 1672 4301; x_wconf 75' lang='grc' dir='ltr'><strong>καὶ</strong></span> 
     </span>
    </p>
   </div>
   <div class='ocr_carea' id='block_1_63' title="bbox 85 4338 1670 4416">
    <p class='ocr_par' dir='ltr' id='par_1_63' title="bbox 85 4338 1670 4416">
     <span class='ocr_line' id='line_1_63' title="bbox 85 4338 1670 4416; baseline -0.007 -15"><span class='ocrx_word' id='word_1_470' title='bbox 85 4349 213 4411; x_wconf 82' lang='grc' dir='ltr'>ὅλος</span> <span class='ocrx_word' id='word_1_471' title='bbox 249 4346 408 4416; x_wconf 76' lang='grc' dir='ltr'>ὑγιὴς</span> <span class='ocrx_word' id='word_1_472' title='bbox 449 4345 619 4416; x_wconf 87' lang='grc' dir='ltr'>μένει,</span> <span class='ocrx_word' id='word_1_473' title='bbox 657 4343 924 4414; x_wconf 82' lang='grc' dir='ltr'>μηδεμιᾶς</span> <span class='ocrx_word' id='word_1_474' title='bbox 953 4340 1134 4410; x_wconf 83' lang='grc' dir='ltr'>λώϐης</span> <span class='ocrx_word' id='word_1_475' title='bbox 1173 4338 1670 4409; x_wconf 81' lang='grc' dir='ltr'>ἀκροτηριαζούσης</span> 
     </span>
    </p>
   </div>
   <div class='ocr_carea' id='block_1_64' title="bbox 1784 1887 3359 1969">
    <p class='ocr_par' dir='ltr' id='par_1_64' title="bbox 1784 1887 3359 1969">
     <span class='ocr_line' id='line_1_64' title="bbox 1784 1887 3359 1969; baseline 0.006 -28"><span class='ocrx_word' id='word_1_476' title='bbox 1784 1887 1990 1944; x_wconf 85' lang='lat' dir='ltr'><strong>bolicas</strong></span> <span class='ocrx_word' id='word_1_477' title='bbox 2046 1891 2470 1964; x_wconf 89' lang='lat' dir='ltr'><strong>intelligentias,</strong></span> <span class='ocrx_word' id='word_1_478' title='bbox 2532 1912 2640 1952; x_wconf 92' lang='lat' dir='ltr'><strong>non</strong></span> <span class='ocrx_word' id='word_1_479' title='bbox 2703 1899 2941 1969; x_wconf 90' lang='lat' dir='ltr'><strong>amplius</strong></span> <span class='ocrx_word' id='word_1_480' title='bbox 2999 1914 3138 1969; x_wconf 89' lang='lat' dir='ltr'><strong>opus</strong></span> <span class='ocrx_word' id='word_1_481' title='bbox 3194 1899 3359 1954; x_wconf 81' lang='lat' dir='ltr'><strong>habet</strong></span> 
     </span>
    </p>
   </div>
   <div class='ocr_carea' id='block_1_65' title="bbox 1784 1982 3358 2059">
    <p class='ocr_par' dir='ltr' id='par_1_65' title="bbox 1784 1982 3358 2059">
     <span class='ocr_line' id='line_1_65' title="bbox 1784 1982 3358 2059; baseline 0.003 -23"><span class='ocrx_word' id='word_1_482' title='bbox 1784 1982 2033 2047; x_wconf 81' lang='lat' dir='ltr'><strong>veritate,</strong></span> <span class='ocrx_word' id='word_1_483' title='bbox 2095 1999 2217 2053; x_wconf 68' lang='lat' dir='ltr'><strong>qua:</strong></span> <span class='ocrx_word' id='word_1_484' title='bbox 2273 1985 2483 2054; x_wconf 86' lang='lat' dir='ltr'><strong>aperiat</strong></span> <span class='ocrx_word' id='word_1_485' title='bbox 2535 1998 2727 2057; x_wconf 87' lang='lat' dir='ltr'><strong>operta</strong></span> <span class='ocrx_word' id='word_1_486' title='bbox 2775 1996 3170 2059; x_wconf 77' lang='lat' dir='ltr'><strong>praeceptorum</strong></span> <span class='ocrx_word' id='word_1_487' title='bbox 3225 1989 3358 2042; x_wconf 82' lang='lat' dir='ltr'><strong>aeni-</strong></span> 
     </span>
    </p>
   </div>
   <div class='ocr_carea' id='block_1_66' title="bbox 1782 2072 3358 2149">
    <p class='ocr_par' dir='ltr' id='par_1_66' title="bbox 1782 2072 3358 2149">
     <span class='ocr_line' id='line_1_66' title="bbox 1782 2072 3358 2149; baseline 0.005 -24"><span class='ocrx_word' id='word_1_488' title='bbox 1782 2082 1984 2143; x_wconf 89' lang='lat' dir='ltr'><strong>gmata.</strong></span> <span class='ocrx_word' id='word_1_489' title='bbox 2026 2072 2242 2129; x_wconf 87' lang='lat' dir='ltr'><strong>Petram</strong></span> <span class='ocrx_word' id='word_1_490' title='bbox 2285 2084 2466 2132; x_wconf 89' lang='lat' dir='ltr'><strong>autem</strong></span> <span class='ocrx_word' id='word_1_491' title='bbox 2502 2079 2732 2148; x_wconf 77' lang='lat' dir='ltr'><strong>gratiam</strong></span> <span class='ocrx_word' id='word_1_492' title='bbox 2780 2080 3050 2134; x_wconf 90' lang='lat' dir='ltr'><strong>nominari</strong></span> <span class='ocrx_word' id='word_1_493' title='bbox 3082 2079 3358 2149; x_wconf 76' lang='lat' dir='ltr'><strong>evangeli-</strong></span> 
     </span>
    </p>
   </div>
   <div class='ocr_carea' id='block_1_67' title="bbox 1782 2165 3356 2239">
    <p class='ocr_par' dir='ltr' id='par_1_67' title="bbox 1782 2165 3356 2239">
     <span class='ocr_line' id='line_1_67' title="bbox 1782 2165 3356 2239; baseline 0.004 -22"><span class='ocrx_word' id='word_1_494' title='bbox 1782 2176 1923 2227; x_wconf 87' lang='lat' dir='ltr'><strong>cam,</strong></span> <span class='ocrx_word' id='word_1_495' title='bbox 1959 2179 2120 2219; x_wconf 90' lang='lat' dir='ltr'><strong>nemo</strong></span> <span class='ocrx_word' id='word_1_496' title='bbox 2164 2165 2561 2222; x_wconf 80' lang='lat' dir='ltr'><strong>contradixerit</strong></span> <span class='ocrx_word' id='word_1_497' title='bbox 2594 2183 2661 2223; x_wconf 81' lang='lat' dir='ltr'><strong>ex</strong></span> <span class='ocrx_word' id='word_1_498' title='bbox 2698 2168 2766 2223; x_wconf 89' lang='lat' dir='ltr'><strong>iis</strong></span> <span class='ocrx_word' id='word_1_499' title='bbox 2796 2169 2889 2239; x_wconf 89' lang='lat' dir='ltr'><strong>qui</strong></span> <span class='ocrx_word' id='word_1_500' title='bbox 2927 2176 3055 2225; x_wconf 90' lang='lat' dir='ltr'><strong>sunt</strong></span> <span class='ocrx_word' id='word_1_501' title='bbox 3078 2176 3356 2239; x_wconf 89' lang='lat' dir='ltr'><strong>utcunque</strong></span> 
     </span>
    </p>
   </div>
   <div class='ocr_carea' id='block_1_68' title="bbox 1782 2252 3356 2329">
    <p class='ocr_par' dir='ltr' id='par_1_68' title="bbox 1782 2252 3356 2329">
     <span class='ocr_line' id='line_1_68' title="bbox 1782 2252 3356 2329; baseline 0.004 -23"><span class='ocrx_word' id='word_1_502' title='bbox 1782 2252 1907 2307; x_wconf 91' lang='lat' dir='ltr'><strong>ﬁdei</strong></span> <span class='ocrx_word' id='word_1_503' title='bbox 1959 2253 2260 2324; x_wconf 70' lang='lat' dir='ltr'><strong>participes</strong></span> <span class='ocrx_word' id='word_1_504' title='bbox 2293 2271 2400 2311; x_wconf 74' lang='grc' dir='ltr'>εει</span> <span class='ocrx_word' id='word_1_505' title='bbox 2453 2257 2640 2313; x_wconf 90' lang='lat' dir='ltr'><strong>multis</strong></span> <span class='ocrx_word' id='word_1_506' title='bbox 2683 2258 2831 2313; x_wconf 87' lang='lat' dir='ltr'><strong>enim</strong></span> <span class='ocrx_word' id='word_1_507' title='bbox 2874 2259 3011 2316; x_wconf 88' lang='lat' dir='ltr'><strong>locis</strong></span> <span class='ocrx_word' id='word_1_508' title='bbox 3059 2257 3356 2329; x_wconf 71' lang='lat' dir='ltr'><strong>Scriptura:</strong></span> 
     </span>
    </p>
   </div>
   <div class='ocr_carea' id='block_1_69' title="bbox 1782 2344 3353 2423">
    <p class='ocr_par' dir='ltr' id='par_1_69' title="bbox 1782 2344 3353 2423">
     <span class='ocr_line' id='line_1_69' title="bbox 1782 2344 3353 2423; baseline 0.004 -25"><span class='ocrx_word' id='word_1_509' title='bbox 1782 2344 1890 2399; x_wconf 92' lang='lat' dir='ltr'><strong>dici</strong></span> <span class='ocrx_word' id='word_1_510' title='bbox 1939 2352 2120 2414; x_wconf 90' lang='lat' dir='ltr'><strong>potest</strong></span> <span class='ocrx_word' id='word_1_511' title='bbox 2161 2353 2375 2416; x_wconf 88' lang='lat' dir='ltr'><strong>petram</strong></span> <span class='ocrx_word' id='word_1_512' title='bbox 2425 2364 2550 2405; x_wconf 90' lang='lat' dir='ltr'><strong>esse</strong></span> <span class='ocrx_word' id='word_1_513' title='bbox 2600 2349 2994 2423; x_wconf 65' lang='lat' dir='ltr'><strong>Evangeliutn..</strong></span> <span class='ocrx_word' id='word_1_514' title='bbox 3022 2351 3177 2417; x_wconf 82' lang='lat' dir='ltr'><strong>Quod</strong></span> <span class='ocrx_word' id='word_1_515' title='bbox 3223 2364 3353 2421; x_wconf 90' lang='lat' dir='ltr'><strong>ergo</strong></span> 
     </span>
    </p>
   </div>
   <div class='ocr_carea' id='block_1_70' title="bbox 1780 2435 3350 2514">
    <p class='ocr_par' dir='ltr' id='par_1_70' title="bbox 1780 2435 3350 2514">
     <span class='ocr_line' id='line_1_70' title="bbox 1780 2435 3350 2514; baseline 0.003 -23"><span class='ocrx_word' id='word_1_516' title='bbox 1780 2435 1983 2492; x_wconf 88' lang='lat' dir='ltr'><strong>dicitur</strong></span> <span class='ocrx_word' id='word_1_517' title='bbox 2026 2446 2123 2495; x_wconf 62' lang='grc' dir='ltr'>εεις</span> <span class='ocrx_word' id='word_1_518' title='bbox 2150 2439 2454 2509; x_wconf 87' lang='lat' dir='ltr'><strong>ejusmodi:</strong></span> <span class='ocrx_word' id='word_1_519' title='bbox 2490 2438 2548 2495; x_wconf 90' lang='lat' dir='ltr'><strong>Si</strong></span> <span class='ocrx_word' id='word_1_520' title='bbox 2594 2442 2650 2496; x_wconf 94' lang='lat' dir='ltr'><strong>in</strong></span> <span class='ocrx_word' id='word_1_521' title='bbox 2687 2443 2819 2514; x_wconf 80' lang='lat' dir='ltr'><strong>lege&#39;</strong></span> <span class='ocrx_word' id='word_1_522' title='bbox 2844 2442 2998 2500; x_wconf 79' lang='lat' dir='ltr'><strong>fuisti</strong></span> <span class='ocrx_word' id='word_1_523' title='bbox 3030 2442 3350 2509; x_wconf 80' lang='lat' dir='ltr'><strong>exercitata,</strong></span> 
     </span>
    </p>
   </div>
   <div class='ocr_carea' id='block_1_71' title="bbox 1781 2528 3354 2604">
    <p class='ocr_par' dir='ltr' id='par_1_71' title="bbox 1781 2528 3354 2604">
     <span class='ocr_line' id='line_1_71' title="bbox 1781 2528 3354 2604; baseline 0.004 -23"><span class='ocrx_word' id='word_1_524' title='bbox 1781 2540 1815 2581; x_wconf 93' lang='grc' dir='ltr'><strong>ο</strong></span> <span class='ocrx_word' id='word_1_525' title='bbox 1844 2528 2048 2595; x_wconf 81' lang='lat' dir='ltr'><strong>anima,</strong></span> <span class='ocrx_word' id='word_1_526' title='bbox 2089 2536 2144 2585; x_wconf 92' lang='lat' dir='ltr'><strong>et</strong></span> <span class='ocrx_word' id='word_1_527' title='bbox 2186 2544 2283 2599; x_wconf 91' lang='lat' dir='ltr'><strong>per</strong></span> <span class='ocrx_word' id='word_1_528' title='bbox 2325 2530 2596 2589; x_wconf 83' lang='lat' dir='ltr'><strong>fenestras</strong></span> <span class='ocrx_word' id='word_1_529' title='bbox 2645 2535 2997 2604; x_wconf 88' lang='lat' dir='ltr'><strong>propheticas</strong></span> <span class='ocrx_word' id='word_1_530' title='bbox 3036 2534 3354 2604; x_wconf 87' lang='lat' dir='ltr'><strong>splendores</strong></span> 
     </span>
    </p>
   </div>
   <div class='ocr_carea' id='block_1_72' title="bbox 1780 2619 3353 2694">
    <p class='ocr_par' dir='ltr' id='par_1_72' title="bbox 1780 2619 3353 2694">
     <span class='ocr_line' id='line_1_72' title="bbox 1780 2619 3353 2694; baseline 0.004 -24"><span class='ocrx_word' id='word_1_531' title='bbox 1780 2626 1966 2672; x_wconf 87' lang='lat' dir='ltr'><strong>mente</strong></span> <span class='ocrx_word' id='word_1_532' title='bbox 2003 2619 2289 2688; x_wconf 83' lang='lat' dir='ltr'><strong>aspexisti,</strong></span> <span class='ocrx_word' id='word_1_533' title='bbox 2336 2634 2406 2674; x_wconf 88' lang='lat' dir='ltr'><strong>ne</strong></span> <span class='ocrx_word' id='word_1_534' title='bbox 2457 2634 2682 2679; x_wconf 87' lang='lat' dir='ltr'><strong>maneas</strong></span> <span class='ocrx_word' id='word_1_535' title='bbox 2729 2623 2965 2694; x_wconf 90' lang='lat' dir='ltr'><strong>amplius</strong></span> <span class='ocrx_word' id='word_1_536' title='bbox 3009 2624 3113 2681; x_wconf 87' lang='lat' dir='ltr'><strong>sub</strong></span> <span class='ocrx_word' id='word_1_537' title='bbox 3155 2623 3353 2678; x_wconf 81' lang='lat' dir='ltr'><strong>umbra</strong></span> 
     </span>
    </p>
   </div>
   <div class='ocr_carea' id='block_1_73' title="bbox 1780 2706 3352 2777">
    <p class='ocr_par' dir='ltr' id='par_1_73' title="bbox 1780 2706 3352 2777">
     <span class='ocr_line' id='line_1_73' title="bbox 1780 2706 3352 2777; baseline 0.007 -19"><span class='ocrx_word' id='word_1_538' title='bbox 1780 2706 1922 2760; x_wconf 90' lang='lat' dir='ltr'><strong>muri</strong></span> <span class='ocrx_word' id='word_1_539' title='bbox 1955 2707 2176 2777; x_wconf 87' lang='lat' dir='ltr'><strong>legalis;</strong></span> <span class='ocrx_word' id='word_1_540' title='bbox 2215 2724 2405 2765; x_wconf 92' lang='lat' dir='ltr'><strong>murus</strong></span> <span class='ocrx_word' id='word_1_541' title='bbox 2429 2711 2573 2765; x_wconf 91' lang='lat' dir='ltr'><strong>enim</strong></span> <span class='ocrx_word' id='word_1_542' title='bbox 2598 2712 2729 2767; x_wconf 81' lang='lat' dir='ltr'><strong>facit</strong></span> <span class='ocrx_word' id='word_1_543' title='bbox 2766 2715 3014 2770; x_wconf 89' lang='lat' dir='ltr'><strong>umbram</strong></span> <span class='ocrx_word' id='word_1_544' title='bbox 3040 2713 3352 2770; x_wconf 77' lang='lat' dir='ltr'><strong>futurorum</strong></span> 
     </span>
    </p>
   </div>
   <div class='ocr_carea' id='block_1_74' title="bbox 1777 2796 3353 2877">
    <p class='ocr_par' dir='ltr' id='par_1_74' title="bbox 1777 2796 3353 2877">
     <span class='ocr_line' id='line_1_74' title="bbox 1777 2796 3353 2877; baseline 0.006 -24"><span class='ocrx_word' id='word_1_545' title='bbox 1777 2796 2071 2864; x_wconf 85' lang='lat' dir='ltr'><strong>bonorum,</strong></span> <span class='ocrx_word' id='word_1_546' title='bbox 2108 2815 2220 2855; x_wconf 91' lang='lat' dir='ltr'><strong>non</strong></span> <span class='ocrx_word' id='word_1_547' title='bbox 2259 2800 2432 2870; x_wconf 86' lang='lat' dir='ltr'><strong>ipsam</strong></span> <span class='ocrx_word' id='word_1_548' title='bbox 2463 2817 2645 2858; x_wconf 88' lang='lat' dir='ltr'><strong>rerum</strong></span> <span class='ocrx_word' id='word_1_549' title='bbox 2687 2804 2978 2877; x_wconf 85' lang='lat' dir='ltr'><strong>imaginem</strong></span> <span class='ocrx_word' id='word_1_550' title='bbox 3007 2824 3023 2862; x_wconf 90' lang='lat'><strong>:</strong></span> <span class='ocrx_word' id='word_1_551' title='bbox 3059 2806 3154 2863; x_wconf 89' lang='lat' dir='ltr'><strong>sed</strong></span> <span class='ocrx_word' id='word_1_552' title='bbox 3184 2821 3251 2863; x_wconf 79' lang='lat' dir='ltr'><strong>ex</strong></span> <span class='ocrx_word' id='word_1_553' title='bbox 3283 2821 3353 2862; x_wconf 79' lang='lat' dir='ltr'><strong>eo</strong></span> 
     </span>
    </p>
   </div>
   <div class='ocr_carea' id='block_1_75' title="bbox 1778 2886 3352 2967">
    <p class='ocr_par' dir='ltr' id='par_1_75' title="bbox 1778 2886 3352 2967">
     <span class='ocr_line' id='line_1_75' title="bbox 1778 2886 3352 2967; baseline 0.008 -27"><span class='ocrx_word' id='word_1_554' title='bbox 1778 2886 1927 2957; x_wconf 91' lang='lat' dir='ltr'><strong>quod</strong></span> <span class='ocrx_word' id='word_1_555' title='bbox 1975 2898 2060 2943; x_wconf 90' lang='lat' dir='ltr'><strong>est</strong></span> <span class='ocrx_word' id='word_1_556' title='bbox 2096 2904 2266 2960; x_wconf 90' lang='lat' dir='ltr'><strong>prope</strong></span> <span class='ocrx_word' id='word_1_557' title='bbox 2321 2907 2537 2948; x_wconf 89' lang='lat' dir='ltr'><strong>murum</strong></span> <span class='ocrx_word' id='word_1_558' title='bbox 2586 2896 2757 2952; x_wconf 86' lang='lat' dir='ltr'><strong>transi</strong></span> <span class='ocrx_word' id='word_1_559' title='bbox 2800 2897 2867 2952; x_wconf 89' lang='lat' dir='ltr'><strong>ad</strong></span> <span class='ocrx_word' id='word_1_560' title='bbox 2909 2906 3141 2967; x_wconf 87' lang='lat' dir='ltr'><strong>petram.</strong></span> <span class='ocrx_word' id='word_1_561' title='bbox 3187 2897 3352 2954; x_wconf 88' lang='lat' dir='ltr'><strong>Petra</strong></span> 
     </span>
    </p>
   </div>
   <div class='ocr_carea' id='block_1_76' title="bbox 1776 2978 3349 3057">
    <p class='ocr_par' dir='ltr' id='par_1_76' title="bbox 1776 2978 3349 3057">
     <span class='ocr_line' id='line_1_76' title="bbox 1776 2978 3349 3057; baseline 0.006 -24"><span class='ocrx_word' id='word_1_562' title='bbox 1776 2978 1924 3033; x_wconf 81' lang='lat' dir='ltr'><strong>enim</strong></span> <span class='ocrx_word' id='word_1_563' title='bbox 1958 2986 2042 3035; x_wconf 92' lang='lat' dir='ltr'><strong>est</strong></span> <span class='ocrx_word' id='word_1_564' title='bbox 2070 2982 2377 3052; x_wconf 90' lang='lat' dir='ltr'><strong>propinqua</strong></span> <span class='ocrx_word' id='word_1_565' title='bbox 2405 2988 2816 3057; x_wconf 87' lang='lat' dir='ltr'><strong>propugnaculo</strong></span> <span class='ocrx_word' id='word_1_566' title='bbox 2854 3002 2951 3043; x_wconf 87' lang='lat' dir='ltr'><strong>seu</strong></span> <span class='ocrx_word' id='word_1_567' title='bbox 2981 2990 3305 3044; x_wconf 84' lang='lat' dir='ltr'><strong>antemurali</strong></span> <span class='ocrx_word' id='word_1_568' title='bbox 3332 3007 3349 3044; x_wconf 87' lang='lat'><strong>:</strong></span> 
     </span>
    </p>
   </div>
   <div class='ocr_carea' id='block_1_77' title="bbox 1777 3071 3351 3149">
    <p class='ocr_par' dir='ltr' id='par_1_77' title="bbox 1777 3071 3351 3149">
     <span class='ocr_line' id='line_1_77' title="bbox 1777 3071 3351 3149; baseline 0.01 -25"><span class='ocrx_word' id='word_1_569' title='bbox 1777 3071 2222 3142; x_wconf 83' lang='lat' dir='ltr'><strong>quandoquidem</strong></span> <span class='ocrx_word' id='word_1_570' title='bbox 2264 3074 2350 3149; x_wconf 59' lang='lat' dir='ltr'><strong>lea</strong></span> <span class='ocrx_word' id='word_1_571' title='bbox 2382 3075 2485 3130; x_wconf 81' lang='lat' dir='ltr'><strong>fuit</strong></span> <span class='ocrx_word' id='word_1_572' title='bbox 2532 3081 3001 3149; x_wconf 82' lang='lat' dir='ltr'><strong>propugnaculum</strong></span> <span class='ocrx_word' id='word_1_573' title='bbox 3052 3095 3149 3137; x_wconf 91' lang='lat' dir='ltr'><strong>seu</strong></span> <span class='ocrx_word' id='word_1_574' title='bbox 3195 3091 3351 3138; x_wconf 52' lang='lat' dir='ltr'><strong>ante.</strong></span> 
     </span>
    </p>
   </div>
   <div class='ocr_carea' id='block_1_78' title="bbox 1778 3161 3352 3237">
    <p class='ocr_par' dir='ltr' id='par_1_78' title="bbox 1778 3161 3352 3237">
     <span class='ocr_line' id='line_1_78' title="bbox 1778 3161 3352 3237; baseline 0.008 -22"><span class='ocrx_word' id='word_1_575' title='bbox 1778 3162 1986 3218; x_wconf 86' lang='lat' dir='ltr'><strong>murale</strong></span> <span class='ocrx_word' id='word_1_576' title='bbox 2016 3161 2140 3219; x_wconf 86' lang='lat' dir='ltr'><strong>ﬁdei</strong></span> <span class='ocrx_word' id='word_1_577' title='bbox 2182 3167 2548 3237; x_wconf 67' lang='lat' dir='ltr'><strong>evangelicae:</strong></span> <span class='ocrx_word' id='word_1_578' title='bbox 2574 3175 2630 3225; x_wconf 87' lang='lat' dir='ltr'><strong>et</strong></span> <span class='ocrx_word' id='word_1_579' title='bbox 2670 3170 2776 3225; x_wconf 89' lang='lat' dir='ltr'><strong>sibi</strong></span> <span class='ocrx_word' id='word_1_580' title='bbox 2804 3170 2948 3227; x_wconf 90' lang='lat' dir='ltr'><strong>inter</strong></span> <span class='ocrx_word' id='word_1_581' title='bbox 2976 3187 3035 3229; x_wconf 90' lang='lat' dir='ltr'><strong>se</strong></span> <span class='ocrx_word' id='word_1_582' title='bbox 3070 3173 3352 3229; x_wconf 71' lang='lat' dir='ltr'><strong>cohazrent</strong></span> 
     </span>
    </p>
   </div>
   <div class='ocr_carea' id='block_1_79' title="bbox 1776 3252 3350 3334">
    <p class='ocr_par' dir='ltr' id='par_1_79' title="bbox 1776 3252 3350 3334">
     <span class='ocr_line' id='line_1_79' title="bbox 1776 3252 3350 3334; baseline 0.009 -28"><span class='ocrx_word' id='word_1_583' title='bbox 1776 3252 2053 3323; x_wconf 84' lang='lat' dir='ltr'><strong>dogmata,</strong></span> <span class='ocrx_word' id='word_1_584' title='bbox 2110 3263 2171 3309; x_wconf 92' lang='lat' dir='ltr'><strong>ut</strong></span> <span class='ocrx_word' id='word_1_585' title='bbox 2217 3271 2339 3327; x_wconf 86' lang='lat' dir='ltr'><strong>quae</strong></span> <span class='ocrx_word' id='word_1_586' title='bbox 2387 3257 2590 3315; x_wconf 86' lang='lat' dir='ltr'><strong>virtute</strong></span> <span class='ocrx_word' id='word_1_587' title='bbox 2643 3268 2773 3315; x_wconf 86' lang='lat' dir='ltr'><strong>sunt</strong></span> <span class='ocrx_word' id='word_1_588' title='bbox 2813 3263 3140 3334; x_wconf 90' lang='lat' dir='ltr'><strong>propinqua.</strong></span> <span class='ocrx_word' id='word_1_589' title='bbox 3204 3263 3350 3331; x_wconf 83' lang='lat' dir='ltr'><strong>Quid</strong></span> 
     </span>
    </p>
   </div>
   <div class='ocr_carea' id='block_1_80' title="bbox 1774 3344 3347 3424">
    <p class='ocr_par' dir='ltr' id='par_1_80' title="bbox 1774 3344 3347 3424">
     <span class='ocr_line' id='line_1_80' title="bbox 1774 3344 3347 3424; baseline 0.008 -26"><span class='ocrx_word' id='word_1_590' title='bbox 1774 3344 1918 3398; x_wconf 91' lang='lat' dir='ltr'><strong>enim</strong></span> <span class='ocrx_word' id='word_1_591' title='bbox 1967 3354 2259 3416; x_wconf 62' lang='lat' dir='ltr'><strong>praecepto,</strong></span> <span class='ocrx_word' id='word_1_592' title='bbox 2292 3345 2417 3401; x_wconf 87' lang='lat' dir='ltr'><strong>Non</strong></span> <span class='ocrx_word' id='word_1_593' title='bbox 2455 3350 2817 3416; x_wconf 68' lang='lat' dir='ltr'><strong>machaberis,</strong></span> <span class='ocrx_word' id='word_1_594' title='bbox 2852 3362 2935 3408; x_wconf 87' lang='lat' dir='ltr'><strong>est</strong></span> <span class='ocrx_word' id='word_1_595' title='bbox 2965 3354 3347 3424; x_wconf 87' lang='lat' dir='ltr'><strong>propinquius,</strong></span> 
     </span>
    </p>
   </div>
   <div class='ocr_carea' id='block_1_81' title="bbox 1778 3432 3350 3510">
    <p class='ocr_par' dir='ltr' id='par_1_81' title="bbox 1778 3432 3350 3510">
     <span class='ocr_line' id='line_1_81' title="bbox 1778 3432 3350 3510; baseline 0.008 -24"><span class='ocrx_word' id='word_1_596' title='bbox 1778 3432 1904 3487; x_wconf 85' lang='lat' dir='ltr'><strong>Non</strong></span> <span class='ocrx_word' id='word_1_597' title='bbox 1939 3436 2317 3504; x_wconf 74' lang='lat' dir='ltr'><strong>concupisces?</strong></span> <span class='ocrx_word' id='word_1_598' title='bbox 2345 3444 2399 3491; x_wconf 91' lang='lat' dir='ltr'><strong>et</strong></span> <span class='ocrx_word' id='word_1_599' title='bbox 2427 3447 2720 3509; x_wconf 64' lang='lat' dir='ltr'><strong>praecepto,</strong></span> <span class='ocrx_word' id='word_1_600' title='bbox 2749 3441 2893 3509; x_wconf 90' lang='lat' dir='ltr'><strong>quod</strong></span> <span class='ocrx_word' id='word_1_601' title='bbox 2922 3441 3078 3510; x_wconf 88' lang='lat' dir='ltr'><strong>jubet</strong></span> <span class='ocrx_word' id='word_1_602' title='bbox 3108 3458 3168 3498; x_wconf 91' lang='lat' dir='ltr'><strong>se</strong></span> <span class='ocrx_word' id='word_1_603' title='bbox 3200 3444 3350 3498; x_wconf 69' lang='lat' dir='ltr'><strong>cazde</strong></span> 
     </span>
    </p>
   </div>
   <div class='ocr_carea' id='block_1_82' title="bbox 1776 3529 3346 3605">
    <p class='ocr_par' dir='ltr' id='par_1_82' title="bbox 1776 3529 3346 3605">
     <span class='ocr_line' id='line_1_82' title="bbox 1776 3529 3346 3605; baseline 0.006 -24"><span class='ocrx_word' id='word_1_604' title='bbox 1776 3543 1884 3582; x_wconf 88' lang='lat' dir='ltr'><strong>non</strong></span> <span class='ocrx_word' id='word_1_605' title='bbox 1929 3529 2327 3593; x_wconf 86' lang='lat' dir='ltr'><strong>contaminare,</strong></span> <span class='ocrx_word' id='word_1_606' title='bbox 2368 3544 2554 3605; x_wconf 70' lang='lat' dir='ltr'><strong>quam,</strong></span> <span class='ocrx_word' id='word_1_607' title='bbox 2582 3546 2651 3586; x_wconf 93' lang='lat' dir='ltr'><strong>ne</strong></span> <span class='ocrx_word' id='word_1_608' title='bbox 2698 3532 2778 3585; x_wconf 91' lang='lat' dir='ltr'><strong>ira</strong></span> <span class='ocrx_word' id='word_1_609' title='bbox 2823 3532 3043 3602; x_wconf 90' lang='lat' dir='ltr'><strong>quidem</strong></span> <span class='ocrx_word' id='word_1_610' title='bbox 3076 3549 3172 3590; x_wconf 88' lang='lat' dir='ltr'><strong>cor</strong></span> <span class='ocrx_word' id='word_1_611' title='bbox 3218 3535 3346 3590; x_wconf 84' lang='lat' dir='ltr'><strong>inﬁ-</strong></span> 
     </span>
    </p>
   </div>
   <div class='ocr_carea' id='block_1_83' title="bbox 1774 3618 3346 3694">
    <p class='ocr_par' dir='ltr' id='par_1_83' title="bbox 1774 3618 3346 3694">
     <span class='ocr_line' id='line_1_83' title="bbox 1774 3618 3346 3694; baseline 0.003 -19"><span class='ocrx_word' id='word_1_612' title='bbox 1774 3618 1938 3676; x_wconf 79' lang='lat' dir='ltr'><strong>cere?</strong></span> <span class='ocrx_word' id='word_1_613' title='bbox 1960 3619 2228 3685; x_wconf 89' lang='lat' dir='ltr'><strong>Quoniam</strong></span> <span class='ocrx_word' id='word_1_614' title='bbox 2260 3635 2392 3689; x_wconf 88' lang='lat' dir='ltr'><strong>ergo</strong></span> <span class='ocrx_word' id='word_1_615' title='bbox 2419 3621 2659 3677; x_wconf 82' lang='lat' dir='ltr'><strong>cohaeret</strong></span> <span class='ocrx_word' id='word_1_616' title='bbox 2690 3623 3102 3693; x_wconf 87' lang='lat' dir='ltr'><strong>propugnaculo</strong></span> <span class='ocrx_word' id='word_1_617' title='bbox 3133 3632 3346 3694; x_wconf 84' lang='lat' dir='ltr'><strong>tegmen</strong></span> 
     </span>
    </p>
   </div>
   <div class='ocr_carea' id='block_1_84' title="bbox 1774 3710 3348 3783">
    <p class='ocr_par' dir='ltr' id='par_1_84' title="bbox 1774 3710 3348 3783">
     <span class='ocr_line' id='line_1_84' title="bbox 1774 3710 3348 3783; baseline 0.001 -17"><span class='ocrx_word' id='word_1_618' title='bbox 1774 3719 1962 3783; x_wconf 58' lang='lat' dir='ltr'><strong>petra).</strong></span> <span class='ocrx_word' id='word_1_619' title='bbox 1992 3718 2074 3766; x_wconf 82' lang='grc' dir='ltr'><strong>εει</strong></span> <span class='ocrx_word' id='word_1_620' title='bbox 2100 3710 2200 3764; x_wconf 91' lang='lat' dir='ltr'><strong>tibi</strong></span> <span class='ocrx_word' id='word_1_621' title='bbox 2228 3710 2574 3783; x_wconf 79' lang='lat' dir='ltr'><strong>indubitatus</strong></span> <span class='ocrx_word' id='word_1_622' title='bbox 2604 3710 2873 3767; x_wconf 87' lang='lat' dir='ltr'><strong>transitus</strong></span> <span class='ocrx_word' id='word_1_623' title='bbox 2902 3725 2931 3766; x_wconf 92' lang='lat' dir='ltr'><strong>a</strong></span> <span class='ocrx_word' id='word_1_624' title='bbox 2971 3725 3131 3768; x_wconf 87' lang='lat' dir='ltr'><strong>muro</strong></span> <span class='ocrx_word' id='word_1_625' title='bbox 3154 3713 3221 3767; x_wconf 92' lang='lat' dir='ltr'><strong>ad</strong></span> <span class='ocrx_word' id='word_1_626' title='bbox 3252 3728 3348 3783; x_wconf 57' lang='lat' dir='ltr'><strong>pec</strong></span> 
     </span>
    </p>
   </div>
   <div class='ocr_carea' id='block_1_85' title="bbox 1774 3801 3346 3865">
    <p class='ocr_par' dir='ltr' id='par_1_85' title="bbox 1774 3801 3346 3865">
     <span class='ocr_line' id='line_1_85' title="bbox 1774 3801 3346 3865; baseline 0.001 -8"><span class='ocrx_word' id='word_1_627' title='bbox 1774 3811 1937 3859; x_wconf 88' lang='lat' dir='ltr'><strong>tram.</strong></span> <span class='ocrx_word' id='word_1_628' title='bbox 1971 3801 2333 3857; x_wconf 84' lang='lat' dir='ltr'><strong>Circumcisio</strong></span> <span class='ocrx_word' id='word_1_629' title='bbox 2356 3808 2443 3857; x_wconf 90' lang='lat' dir='ltr'><strong>est</strong></span> <span class='ocrx_word' id='word_1_630' title='bbox 2478 3802 2532 3855; x_wconf 92' lang='lat' dir='ltr'><strong>in</strong></span> <span class='ocrx_word' id='word_1_631' title='bbox 2558 3817 2739 3865; x_wconf 84' lang='lat' dir='ltr'><strong>muro,</strong></span> <span class='ocrx_word' id='word_1_632' title='bbox 2784 3809 2840 3857; x_wconf 83' lang='lat' dir='ltr'><strong>et</strong></span> <span class='ocrx_word' id='word_1_633' title='bbox 2867 3802 3224 3858; x_wconf 86' lang='lat' dir='ltr'><strong>circumcisio</strong></span> <span class='ocrx_word' id='word_1_634' title='bbox 3257 3813 3346 3858; x_wconf 84' lang='lat' dir='ltr'><strong>est</strong></span> 
     </span>
    </p>
   </div>
   <div class='ocr_carea' id='block_1_86' title="bbox 1774 3893 3339 3964">
    <p class='ocr_par' dir='ltr' id='par_1_86' title="bbox 1774 3893 3339 3964">
     <span class='ocr_line' id='line_1_86' title="bbox 1774 3893 3339 3964; baseline 0.001 -18"><span class='ocrx_word' id='word_1_635' title='bbox 1774 3894 1830 3947; x_wconf 91' lang='lat' dir='ltr'><strong>in</strong></span> <span class='ocrx_word' id='word_1_636' title='bbox 1869 3900 2046 3963; x_wconf 90' lang='lat' dir='ltr'><strong>petra,</strong></span> <span class='ocrx_word' id='word_1_637' title='bbox 2077 3893 2197 3948; x_wconf 83' lang='lat' dir='ltr'><strong>ovis</strong></span> <span class='ocrx_word' id='word_1_638' title='bbox 2230 3898 2286 3947; x_wconf 90' lang='lat' dir='ltr'><strong>et</strong></span> <span class='ocrx_word' id='word_1_639' title='bbox 2324 3893 2466 3959; x_wconf 83' lang='lat' dir='ltr'><strong>ovis,</strong></span> <span class='ocrx_word' id='word_1_640' title='bbox 2505 3893 2733 3962; x_wconf 90' lang='lat' dir='ltr'><strong>sanguis</strong></span> <span class='ocrx_word' id='word_1_641' title='bbox 2760 3900 2817 3948; x_wconf 89' lang='lat' dir='ltr'><strong>et</strong></span> <span class='ocrx_word' id='word_1_642' title='bbox 2851 3893 3096 3964; x_wconf 81' lang='lat' dir='ltr'><strong>sanguis,</strong></span> <span class='ocrx_word' id='word_1_643' title='bbox 3134 3894 3339 3963; x_wconf 82' lang='lat' dir='ltr'><strong>pascha</strong></span> 
     </span>
    </p>
   </div>
   <div class='ocr_carea' id='block_1_87' title="bbox 1772 3982 3346 4054">
    <p class='ocr_par' dir='ltr' id='par_1_87' title="bbox 1772 3982 3346 4054">
     <span class='ocr_line' id='line_1_87' title="bbox 1772 3982 3346 4054; baseline -0.001 -15"><span class='ocrx_word' id='word_1_644' title='bbox 1772 3992 1828 4039; x_wconf 91' lang='lat' dir='ltr'><strong>et</strong></span> <span class='ocrx_word' id='word_1_645' title='bbox 1861 3984 2085 4054; x_wconf 88' lang='lat' dir='ltr'><strong>pascha,</strong></span> <span class='ocrx_word' id='word_1_646' title='bbox 2117 3992 2174 4038; x_wconf 88' lang='lat' dir='ltr'><strong>et</strong></span> <span class='ocrx_word' id='word_1_647' title='bbox 2216 3982 2405 4039; x_wconf 91' lang='lat' dir='ltr'><strong>eadem</strong></span> <span class='ocrx_word' id='word_1_648' title='bbox 2444 3982 2558 4039; x_wconf 80' lang='lat' dir='ltr'><strong>fere</strong></span> <span class='ocrx_word' id='word_1_649' title='bbox 2596 3983 2802 4049; x_wconf 89' lang='lat' dir='ltr'><strong>omnia,</strong></span> <span class='ocrx_word' id='word_1_650' title='bbox 2841 3983 2945 4040; x_wconf 89' lang='lat' dir='ltr'><strong>sibi</strong></span> <span class='ocrx_word' id='word_1_651' title='bbox 2980 3983 3213 4040; x_wconf 83' lang='lat' dir='ltr'><strong>invicem</strong></span> <span class='ocrx_word' id='word_1_652' title='bbox 3246 3997 3346 4037; x_wconf 80' lang='lat' dir='ltr'><strong>co-</strong></span> 
     </span>
    </p>
   </div>
   <div class='ocr_carea' id='block_1_88' title="bbox 1774 4074 3341 4147">
    <p class='ocr_par' dir='ltr' id='par_1_88' title="bbox 1774 4074 3341 4147">
     <span class='ocr_line' id='line_1_88' title="bbox 1774 4074 3341 4147; baseline 0.001 -17"><span class='ocrx_word' id='word_1_653' title='bbox 1774 4076 2059 4139; x_wconf 61' lang='lat' dir='ltr'><strong>harentia,</strong></span> <span class='ocrx_word' id='word_1_654' title='bbox 2103 4075 2210 4130; x_wconf 90' lang='lat' dir='ltr'><strong>nisi</strong></span> <span class='ocrx_word' id='word_1_655' title='bbox 2240 4074 2385 4144; x_wconf 88' lang='lat' dir='ltr'><strong>quod</strong></span> <span class='ocrx_word' id='word_1_656' title='bbox 2433 4083 2587 4145; x_wconf 89' lang='lat' dir='ltr'><strong>petra</strong></span> <span class='ocrx_word' id='word_1_657' title='bbox 2638 4076 2859 4146; x_wconf 86' lang='lat' dir='ltr'><strong>quidem</strong></span> <span class='ocrx_word' id='word_1_658' title='bbox 2890 4084 2975 4132; x_wconf 84' lang='lat' dir='ltr'><strong>est</strong></span> <span class='ocrx_word' id='word_1_659' title='bbox 3017 4075 3341 4147; x_wconf 85' lang='lat' dir='ltr'><strong>spiritualis,</strong></span> 
     </span>
    </p>
   </div>
   <div class='ocr_carea' id='block_1_89' title="bbox 1773 4164 3343 4235">
    <p class='ocr_par' dir='ltr' id='par_1_89' title="bbox 1773 4164 3343 4235">
     <span class='ocr_line' id='line_1_89' title="bbox 1773 4164 3343 4235; baseline -0.001 -14"><span class='ocrx_word' id='word_1_660' title='bbox 1773 4182 1966 4223; x_wconf 89' lang='lat' dir='ltr'><strong>murus</strong></span> <span class='ocrx_word' id='word_1_661' title='bbox 1993 4173 2174 4221; x_wconf 90' lang='lat' dir='ltr'><strong>autem</strong></span> <span class='ocrx_word' id='word_1_662' title='bbox 2212 4171 2299 4221; x_wconf 90' lang='lat' dir='ltr'><strong>est</strong></span> <span class='ocrx_word' id='word_1_663' title='bbox 2339 4174 2615 4227; x_wconf 89' lang='lat' dir='ltr'><strong>terrenus,</strong></span> <span class='ocrx_word' id='word_1_664' title='bbox 2647 4166 2794 4235; x_wconf 89' lang='lat' dir='ltr'><strong>quod</strong></span> <span class='ocrx_word' id='word_1_665' title='bbox 2831 4164 2996 4223; x_wconf 89' lang='lat' dir='ltr'><strong>simul</strong></span> <span class='ocrx_word' id='word_1_666' title='bbox 3047 4178 3173 4220; x_wconf 89' lang='lat' dir='ltr'><strong>cum</strong></span> <span class='ocrx_word' id='word_1_667' title='bbox 3214 4179 3343 4220; x_wconf 89' lang='lat' dir='ltr'><strong>cor-</strong></span> 
     </span>
    </p>
   </div>
   <div class='ocr_carea' id='block_1_90' title="bbox 1771 4254 3342 4329">
    <p class='ocr_par' dir='ltr' id='par_1_90' title="bbox 1771 4254 3342 4329">
     <span class='ocr_line' id='line_1_90' title="bbox 1771 4254 3342 4329; baseline -0.003 -15"><span class='ocrx_word' id='word_1_668' title='bbox 1771 4259 1947 4329; x_wconf 89' lang='lat' dir='ltr'><strong>porali</strong></span> <span class='ocrx_word' id='word_1_669' title='bbox 1975 4266 2253 4313; x_wconf 88' lang='lat' dir='ltr'><strong>terrenum</strong></span> <span class='ocrx_word' id='word_1_670' title='bbox 2298 4271 2517 4327; x_wconf 88' lang='lat' dir='ltr'><strong>quoque</strong></span> <span class='ocrx_word' id='word_1_671' title='bbox 2550 4265 2637 4313; x_wconf 90' lang='lat' dir='ltr'><strong>est</strong></span> <span class='ocrx_word' id='word_1_672' title='bbox 2666 4255 2919 4311; x_wconf 83' lang='lat' dir='ltr'><strong>eﬂictum.</strong></span> <span class='ocrx_word' id='word_1_673' title='bbox 2961 4254 3120 4310; x_wconf 86' lang='lat' dir='ltr'><strong>Petra</strong></span> <span class='ocrx_word' id='word_1_674' title='bbox 3157 4262 3342 4310; x_wconf 85' lang='lat' dir='ltr'><strong>autem</strong></span> 
     </span>
    </p>
   </div>
   <div class='ocr_carea' id='block_1_91' title="bbox 1770 4343 3339 4420">
    <p class='ocr_par' dir='ltr' id='par_1_91' title="bbox 1770 4343 3339 4420">
     <span class='ocr_line' id='line_1_91' title="bbox 1770 4343 3339 4420; baseline -0.005 -16"><span class='ocrx_word' id='word_1_675' title='bbox 1770 4349 2085 4420; x_wconf 85' lang='lat' dir='ltr'><strong>evangelica</strong></span> <span class='ocrx_word' id='word_1_676' title='bbox 2116 4362 2225 4403; x_wconf 93' lang='lat' dir='ltr'><strong>non</strong></span> <span class='ocrx_word' id='word_1_677' title='bbox 2263 4347 2427 4402; x_wconf 87' lang='lat' dir='ltr'><strong>habet</strong></span> <span class='ocrx_word' id='word_1_678' title='bbox 2458 4347 2679 4401; x_wconf 88' lang='lat' dir='ltr'><strong>carnale</strong></span> <span class='ocrx_word' id='word_1_679' title='bbox 2715 4348 2889 4399; x_wconf 90' lang='lat' dir='ltr'><strong>lutum</strong></span> <span class='ocrx_word' id='word_1_680' title='bbox 2924 4343 3339 4400; x_wconf 89' lang='lat' dir='ltr'><strong>sententiarum.</strong></span> 
     </span>
    </p>
   </div>
   <div class='ocr_carea' id='block_1_92' title="bbox 86 4428 1665 4508">
    <p class='ocr_par' dir='ltr' id='par_1_92' title="bbox 86 4428 1665 4508">
     <span class='ocr_line' id='line_1_92' title="bbox 86 4428 1665 4508; baseline -0.008 -14"><span class='ocrx_word' id='word_1_681' title='bbox 86 4439 150 4494; x_wconf 84' lang='grc' dir='ltr'><strong>τδ</strong></span> <span class='ocrx_word' id='word_1_682' title='bbox 186 4438 414 4508; x_wconf 85' lang='grc' dir='ltr'>πλάσμα</span> <span class='ocrx_word' id='word_1_683' title='bbox 441 4437 538 4506; x_wconf 79' lang='grc' dir='ltr'>τῆς</span> <span class='ocrx_word' id='word_1_684' title='bbox 568 4434 801 4504; x_wconf 84' lang='grc' dir='ltr'>φύσεως.</span> <span class='ocrx_word' id='word_1_685' title='bbox 835 4433 946 4487; x_wconf 71' lang='grc' dir='ltr'><strong>Καὶ</strong></span> <span class='ocrx_word' id='word_1_686' title='bbox 969 4432 1232 4500; x_wconf 77' lang='grc' dir='ltr'>φυλάσσει</span> <span class='ocrx_word' id='word_1_687' title='bbox 1260 4433 1317 4482; x_wconf 79' lang='grc' dir='ltr'><strong>ὲν</strong></span> <span class='ocrx_word' id='word_1_688' title='bbox 1344 4432 1409 4499; x_wconf 83' lang='grc' dir='ltr'>τῇ</span> <span class='ocrx_word' id='word_1_689' title='bbox 1439 4428 1546 4481; x_wconf 88' lang='grc' dir='ltr'><strong>τῶν</strong></span> <span class='ocrx_word' id='word_1_690' title='bbox 1576 4445 1665 4482; x_wconf 87' lang='grc' dir='ltr'>κα-</span> 
     </span>
    </p>
   </div>
   <div class='ocr_carea' id='block_1_93' title="bbox 1781 4428 3342 4508">
    <p class='ocr_par' dir='ltr' id='par_1_93' title="bbox 1781 4434 3342 4508">
     <span class='ocr_line' id='line_1_93' title="bbox 1781 4434 3342 4508; baseline -0.004 -15"><span class='ocrx_word' id='word_1_691' title='bbox 1781 4440 2078 4507; x_wconf 81' lang='lat' dir='ltr'><strong>Quinetiam</strong></span> <span class='ocrx_word' id='word_1_692' title='bbox 2127 4438 2326 4508; x_wconf 89' lang='lat' dir='ltr'><strong>accipit</strong></span> <span class='ocrx_word' id='word_1_693' title='bbox 2364 4437 2531 4492; x_wconf 91' lang='lat' dir='ltr'><strong>homo</strong></span> <span class='ocrx_word' id='word_1_694' title='bbox 2564 4434 3063 4497; x_wconf 89' lang='lat' dir='ltr'><strong>circumcisionem,</strong></span> <span class='ocrx_word' id='word_1_695' title='bbox 3097 4442 3153 4489; x_wconf 91' lang='lat' dir='ltr'><strong>et</strong></span> <span class='ocrx_word' id='word_1_696' title='bbox 3193 4440 3342 4488; x_wconf 83' lang='lat' dir='ltr'><strong>totus</strong></span> 
     </span>
    </p>
   </div>
   <div class='ocr_carea' id='block_1_94' title="bbox 44 4517 1668 4600">
    <p class='ocr_par' dir='ltr' id='par_1_94' title="bbox 44 4517 1668 4600">
     <span class='ocr_line' id='line_1_94' title="bbox 44 4517 1668 4600; baseline -0.012 -12"><span class='ocrx_word' id='word_1_697' title='bbox 44 4570 53 4575; x_wconf 69' lang='lat'>~</span> <span class='ocrx_word' id='word_1_698' title='bbox 85 4532 205 4587; x_wconf 83' lang='grc' dir='ltr'><strong>κῶν</strong></span> <span class='ocrx_word' id='word_1_699' title='bbox 245 4528 488 4600; x_wconf 80' lang='grc' dir='ltr'>ἀπραξίᾳ</span> <span class='ocrx_word' id='word_1_700' title='bbox 530 4527 592 4580; x_wconf 89' lang='grc' dir='ltr'>τὺ</span> <span class='ocrx_word' id='word_1_701' title='bbox 629 4524 926 4587; x_wconf 86' lang='grc' dir='ltr'>Σάϐϐατον,</span> <span class='ocrx_word' id='word_1_702' title='bbox 968 4523 1061 4574; x_wconf 72' lang='grc' dir='ltr'><strong>καὶ</strong></span> <span class='ocrx_word' id='word_1_703' title='bbox 1105 4521 1203 4591; x_wconf 84' lang='grc' dir='ltr'><strong>τὴν</strong></span> <span class='ocrx_word' id='word_1_704' title='bbox 1237 4519 1368 4591; x_wconf 84' lang='grc' dir='ltr'>πρὸς</span> <span class='ocrx_word' id='word_1_705' title='bbox 1408 4518 1469 4570; x_wconf 79' lang='grc' dir='ltr'>τὸ</span> <span class='ocrx_word' id='word_1_706' title='bbox 1506 4517 1668 4571; x_wconf 81' lang='grc' dir='ltr'>καλὸν</span> 
     </span>
    </p>
   </div>
   <div class='ocr_carea' id='block_1_95' title="bbox 85 4609 1669 4694">
    <p class='ocr_par' dir='ltr' id='par_1_95' title="bbox 85 4609 1669 4694">
     <span class='ocr_line' id='line_1_95' title="bbox 85 4609 1669 4694; baseline -0.011 -16"><span class='ocrx_word' id='word_1_707' title='bbox 85 4622 287 4694; x_wconf 79' lang='grc' dir='ltr'>ἀργίαν</span> <span class='ocrx_word' id='word_1_708' title='bbox 308 4619 370 4674; x_wconf 76' lang='grc' dir='ltr'>οὐ</span> <span class='ocrx_word' id='word_1_709' title='bbox 394 4618 780 4690; x_wconf 83' lang='grc' dir='ltr'>παραδέχεται,</span> <span class='ocrx_word' id='word_1_710' title='bbox 803 4613 987 4685; x_wconf 87' lang='grc' dir='ltr'>μαθὼν</span> <span class='ocrx_word' id='word_1_711' title='bbox 1012 4614 1092 4667; x_wconf 84' lang='grc' dir='ltr'><strong>ὅτι</strong></span> <span class='ocrx_word' id='word_1_712' title='bbox 1115 4611 1288 4676; x_wconf 79' lang='grc' dir='ltr'>ἔξεστι</span> <span class='ocrx_word' id='word_1_713' title='bbox 1310 4610 1386 4681; x_wconf 82' lang='grc' dir='ltr'>τῷ</span> <span class='ocrx_word' id='word_1_714' title='bbox 1410 4609 1669 4678; x_wconf 86' lang='grc' dir='ltr'>Σαϐϐάτῳ</span> 
     </span>
    </p>
   </div>
   <div class='ocr_carea' id='block_1_96' title="bbox 89 4699 1669 4777">
    <p class='ocr_par' dir='ltr' id='par_1_96' title="bbox 89 4699 1669 4777">
     <span class='ocr_line' id='line_1_96' title="bbox 89 4699 1669 4777; baseline -0.011 -8"><span class='ocrx_word' id='word_1_715' title='bbox 89 4715 256 4770; x_wconf 80' lang='grc' dir='ltr'>καλὸν</span> <span class='ocrx_word' id='word_1_716' title='bbox 284 4714 480 4774; x_wconf 82' lang='grc' dir='ltr'>ποιεῖν,</span> <span class='ocrx_word' id='word_1_717' title='bbox 513 4711 608 4764; x_wconf 75' lang='grc' dir='ltr'>καὶ</span> <span class='ocrx_word' id='word_1_718' title='bbox 633 4709 941 4777; x_wconf 88' lang='grc' dir='ltr'>ἀδιάκριτον</span> <span class='ocrx_word' id='word_1_719' title='bbox 967 4707 1196 4758; x_wconf 82' lang='grc' dir='ltr'>ποιεῖται</span> <span class='ocrx_word' id='word_1_720' title='bbox 1218 4704 1316 4773; x_wconf 81' lang='grc' dir='ltr'>τῆς</span> <span class='ocrx_word' id='word_1_721' title='bbox 1340 4702 1543 4772; x_wconf 76' lang='grc' dir='ltr'>τροφῆς</span> <span class='ocrx_word' id='word_1_722' title='bbox 1572 4699 1669 4767; x_wconf 84' lang='grc' dir='ltr'>τὴν</span> 
     </span>
    </p>
   </div>
   <div class='ocr_carea' id='block_1_97' title="bbox 95 4783 1669 4877">
    <p class='ocr_par' dir='ltr' id='par_1_97' title="bbox 95 4783 1669 4877">
     <span class='ocr_line' id='line_1_97' title="bbox 95 4783 1669 4877; baseline -0.009 -20"><span class='ocrx_word' id='word_1_723' title='bbox 95 4804 407 4877; x_wconf 85' lang='grc' dir='ltr'>μετουσίαν,</span> <span class='ocrx_word' id='word_1_724' title='bbox 458 4803 553 4855; x_wconf 75' lang='grc' dir='ltr'>καὶ</span> <span class='ocrx_word' id='word_1_725' title='bbox 589 4799 897 4869; x_wconf 84' lang='grc' dir='ltr'>ἀκαθάρτου</span> <span class='ocrx_word' id='word_1_726' title='bbox 929 4798 1026 4866; x_wconf 74' lang='grc' dir='ltr'>οὐχ</span> <span class='ocrx_word' id='word_1_727' title='bbox 1073 4783 1322 4849; x_wconf 72' lang='grc' dir='ltr'>ἅπτεται.</span> <span class='ocrx_word' id='word_1_728' title='bbox 1361 4793 1527 4846; x_wconf 75' lang='grc' dir='ltr'>Οὐδὲν</span> <span class='ocrx_word' id='word_1_729' title='bbox 1562 4791 1669 4861; x_wconf 87' lang='grc' dir='ltr'>γὰρ</span> 
     </span>
    </p>
   </div>
   <div class='ocr_carea' id='block_1_98' title="bbox 89 4882 1669 4966">
    <p class='ocr_par' dir='ltr' id='par_1_98' title="bbox 89 4882 1669 4966">
     <span class='ocr_line' id='line_1_98' title="bbox 89 4882 1669 4966; baseline -0.008 -16"><span class='ocrx_word' id='word_1_730' title='bbox 89 4897 202 4952; x_wconf 85' lang='grc' dir='ltr'><strong>τῶν</strong></span> <span class='ocrx_word' id='word_1_731' title='bbox 221 4895 615 4966; x_wconf 81' lang='grc' dir='ltr'>είσερχομένων</span> <span class='ocrx_word' id='word_1_732' title='bbox 637 4892 725 4945; x_wconf 87' lang='grc' dir='ltr'><strong>διά</strong></span> <span class='ocrx_word' id='word_1_733' title='bbox 746 4890 840 4944; x_wconf 83' lang='grc' dir='ltr'><strong>τοῦ</strong></span> <span class='ocrx_word' id='word_1_734' title='bbox 866 4890 1131 4959; x_wconf 88' lang='grc' dir='ltr'>στόματος</span> <span class='ocrx_word' id='word_1_735' title='bbox 1153 4886 1327 4939; x_wconf 87' lang='grc' dir='ltr'>κοινὸν</span> <span class='ocrx_word' id='word_1_736' title='bbox 1353 4882 1486 4937; x_wconf 73' lang='grc' dir='ltr'>εἶναι</span> <span class='ocrx_word' id='word_1_737' title='bbox 1519 4884 1669 4954; x_wconf 86' lang='grc' dir='ltr'><strong>παρά</strong></span> 
     </span>
    </p>
   </div>
   <div class='ocr_carea' id='block_1_99' title="bbox 90 4978 1670 5058">
    <p class='ocr_par' dir='ltr' id='par_1_99' title="bbox 90 4978 1670 5058">
     <span class='ocr_line' id='line_1_99' title="bbox 90 4978 1670 5058; baseline -0.007 -17"><span class='ocrx_word' id='word_1_738' title='bbox 90 4988 192 5058; x_wconf 83' lang='grc' dir='ltr'>τῆς</span> <span class='ocrx_word' id='word_1_739' title='bbox 220 4988 424 5055; x_wconf 85' lang='grc' dir='ltr'>πέτρας</span> <span class='ocrx_word' id='word_1_740' title='bbox 452 4983 766 5038; x_wconf 85' lang='grc' dir='ltr'>παιδεύεται</span> <span class='ocrx_word' id='word_1_741' title='bbox 787 4997 800 5012; x_wconf 79' lang='grc'><strong><em>⁸</em></strong></span> <span class='ocrx_word' id='word_1_742' title='bbox 832 4982 969 5035; x_wconf 88' lang='grc' dir='ltr'><strong>ἀλλά</strong></span> <span class='ocrx_word' id='word_1_743' title='bbox 998 4980 1085 5033; x_wconf 78' lang='grc' dir='ltr'>διὰ</span> <span class='ocrx_word' id='word_1_744' title='bbox 1110 4981 1324 5032; x_wconf 83' lang='grc' dir='ltr'>πάντων</span> <span class='ocrx_word' id='word_1_745' title='bbox 1352 4978 1451 5041; x_wconf 77' lang='grc' dir='ltr'>τὰς</span> <span class='ocrx_word' id='word_1_746' title='bbox 1483 4995 1670 5048; x_wconf 88' lang='grc' dir='ltr'>σωμα-</span> 
     </span>
    </p>
   </div>
   <div class='ocr_carea' id='block_1_100' title="bbox 92 5067 1672 5144">
    <p class='ocr_par' dir='ltr' id='par_1_100' title="bbox 92 5067 1672 5144">
     <span class='ocr_line' id='line_1_100' title="bbox 92 5067 1672 5144; baseline -0.006 -15"><span class='ocrx_word' id='word_1_747' title='bbox 92 5076 250 5139; x_wconf 90' lang='grc' dir='ltr'>τικάς</span> <span class='ocrx_word' id='word_1_748' title='bbox 281 5074 375 5128; x_wconf 82' lang='grc' dir='ltr'><strong>τοῦ</strong></span> <span class='ocrx_word' id='word_1_749' title='bbox 411 5070 580 5144; x_wconf 86' lang='grc' dir='ltr'>νόμου</span> <span class='ocrx_word' id='word_1_750' title='bbox 624 5072 1036 5143; x_wconf 82' lang='grc' dir='ltr'>παρατηρήσεις</span> <span class='ocrx_word' id='word_1_751' title='bbox 1063 5067 1407 5138; x_wconf 86' lang='grc' dir='ltr'>ἀποθεμένη,</span> <span class='ocrx_word' id='word_1_752' title='bbox 1440 5068 1573 5139; x_wconf 81' lang='grc' dir='ltr'>πρὸς</span> <span class='ocrx_word' id='word_1_753' title='bbox 1611 5068 1672 5121; x_wconf 80' lang='grc' dir='ltr'>τὸ</span> 
     </span>
    </p>
   </div>
   <div class='ocr_carea' id='block_1_101' title="bbox 97 5159 1672 5238">
    <p class='ocr_par' dir='ltr' id='par_1_101' title="bbox 97 5159 1672 5238">
     <span class='ocr_line' id='line_1_101' title="bbox 97 5159 1672 5238; baseline -0.008 -15"><span class='ocrx_word' id='word_1_754' title='bbox 97 5167 466 5238; x_wconf 82' lang='grc' dir='ltr'>πνευματικόν</span> <span class='ocrx_word' id='word_1_755' title='bbox 491 5183 550 5219; x_wconf 91' lang='grc' dir='ltr'><strong>τε</strong></span> <span class='ocrx_word' id='word_1_756' title='bbox 578 5164 674 5219; x_wconf 78' lang='grc' dir='ltr'><strong>καὶ</strong></span> <span class='ocrx_word' id='word_1_757' title='bbox 705 5164 893 5235; x_wconf 80' lang='grc' dir='ltr'>νοητὸν</span> <span class='ocrx_word' id='word_1_758' title='bbox 926 5160 1329 5233; x_wconf 87' lang='grc' dir='ltr'>μεταλαμϐάνει</span> <span class='ocrx_word' id='word_1_759' title='bbox 1357 5159 1464 5212; x_wconf 86' lang='grc' dir='ltr'><strong>τῶν</strong></span> <span class='ocrx_word' id='word_1_760' title='bbox 1495 5162 1560 5231; x_wconf 78' lang='grc' dir='ltr'><strong>ρη</strong></span> <span class='ocrx_word' id='word_1_761' title='bbox 1571 5160 1672 5230; x_wconf 90' lang='grc' dir='ltr'>μά-</span> 
     </span>
    </p>
   </div>
   <div class='ocr_carea' id='block_1_102' title="bbox 95 5251 1666 5329">
    <p class='ocr_par' dir='ltr' id='par_1_102' title="bbox 95 5251 1666 5329">
     <span class='ocr_line' id='line_1_102' title="bbox 95 5251 1666 5329; baseline -0.005 -17"><span class='ocrx_word' id='word_1_762' title='bbox 95 5277 201 5314; x_wconf 84' lang='grc' dir='ltr'><strong>των</strong></span> <span class='ocrx_word' id='word_1_763' title='bbox 238 5261 336 5329; x_wconf 83' lang='grc' dir='ltr'>τὴν</span> <span class='ocrx_word' id='word_1_764' title='bbox 385 5258 645 5320; x_wconf 87' lang='grc' dir='ltr'>διάνοιαν,</span> <span class='ocrx_word' id='word_1_765' title='bbox 687 5255 860 5319; x_wconf 75' lang='grc' dir='ltr'>οὕτως</span> <span class='ocrx_word' id='word_1_766' title='bbox 895 5254 1139 5315; x_wconf 72' lang='grc' dir='ltr'>εἰπόντος</span> <span class='ocrx_word' id='word_1_767' title='bbox 1166 5251 1260 5305; x_wconf 78' lang='grc' dir='ltr'><strong>τοῦ</strong></span> <span class='ocrx_word' id='word_1_768' title='bbox 1292 5251 1532 5312; x_wconf 81' lang='grc' dir='ltr'>Παύλου,</span> <span class='ocrx_word' id='word_1_769' title='bbox 1586 5251 1666 5304; x_wconf 84' lang='grc' dir='ltr'>ὅτι</span> 
     </span>
    </p>
   </div>
   <div class='ocr_carea' id='block_1_103' title="bbox 110 5341 1665 5420">
    <p class='ocr_par' dir='ltr' id='par_1_103' title="bbox 110 5341 1665 5420">
     <span class='ocr_line' id='line_1_103' title="bbox 110 5341 1665 5420; baseline -0.006 -15"><span class='ocrx_word' id='word_1_770' title='bbox 110 5350 171 5404; x_wconf 86' lang='lat'><strong>&#39;0</strong></span> <span class='ocrx_word' id='word_1_771' title='bbox 196 5351 381 5420; x_wconf 78' lang='grc' dir='ltr'>νόμος</span> <span class='ocrx_word' id='word_1_772' title='bbox 422 5348 821 5417; x_wconf 81' lang='grc' dir='ltr'>πνευματικός</span> <span class='ocrx_word' id='word_1_773' title='bbox 842 5346 1033 5399; x_wconf 74' lang='grc' dir='ltr'>ἐστιν.</span> <span class='ocrx_word' id='word_1_774' title='bbox 1082 5345 1139 5397; x_wconf 86' lang='grc' dir='ltr'><strong>Ὀ</strong></span> <span class='ocrx_word' id='word_1_775' title='bbox 1168 5343 1277 5411; x_wconf 79' lang='grc' dir='ltr'>γὰρ</span> <span class='ocrx_word' id='word_1_776' title='bbox 1306 5342 1472 5404; x_wconf 76' lang='grc' dir='ltr'>ὅντως</span> <span class='ocrx_word' id='word_1_777' title='bbox 1498 5341 1665 5396; x_wconf 81' lang='grc' dir='ltr'>έκϐα·</span> 
     </span>
    </p>
   </div>
   <div class='ocr_carea' id='block_1_104' title="bbox 98 5428 1667 5511">
    <p class='ocr_par' dir='ltr' id='par_1_104' title="bbox 98 5428 1667 5511">
     <span class='ocr_line' id='line_1_104' title="bbox 98 5428 1667 5511; baseline -0.008 -15"><span class='ocrx_word' id='word_1_778' title='bbox 98 5442 201 5497; x_wconf 82' lang='grc' dir='ltr'><strong>λῶν</strong></span> <span class='ocrx_word' id='word_1_779' title='bbox 234 5442 323 5497; x_wconf 76' lang='grc' dir='ltr'>τὸν</span> <span class='ocrx_word' id='word_1_780' title='bbox 347 5442 533 5511; x_wconf 89' lang='grc' dir='ltr'>νόμον,</span> <span class='ocrx_word' id='word_1_781' title='bbox 570 5438 676 5493; x_wconf 79' lang='grc' dir='ltr'><strong>ὑπὸ</strong></span> <span class='ocrx_word' id='word_1_782' title='bbox 702 5434 801 5508; x_wconf 75' lang='grc' dir='ltr'><strong>τὴν</strong></span> <span class='ocrx_word' id='word_1_783' title='bbox 831 5437 1038 5507; x_wconf 86' lang='grc' dir='ltr'>σκέπην</span> <span class='ocrx_word' id='word_1_784' title='bbox 1070 5433 1171 5503; x_wconf 82' lang='grc' dir='ltr'>τῆς</span> <span class='ocrx_word' id='word_1_785' title='bbox 1202 5428 1559 5501; x_wconf 80' lang='grc' dir='ltr'>εὐαγγελικῆς</span> <span class='ocrx_word' id='word_1_786' title='bbox 1586 5434 1667 5500; x_wconf 71' lang='grc' dir='ltr'>γί-</span> 
     </span>
    </p>
   </div>
   <div class='ocr_carea' id='block_1_105' title="bbox 103 5522 1667 5603">
    <p class='ocr_par' dir='ltr' id='par_1_105' title="bbox 103 5522 1667 5603">
     <span class='ocr_line' id='line_1_105' title="bbox 103 5522 1667 5603; baseline -0.006 -18"><span class='ocrx_word' id='word_1_787' title='bbox 103 5549 245 5587; x_wconf 84' lang='grc' dir='ltr'>νεται</span> <span class='ocrx_word' id='word_1_788' title='bbox 271 5534 478 5603; x_wconf 87' lang='grc' dir='ltr'>πέτρας</span> <span class='ocrx_word' id='word_1_789' title='bbox 496 5571 511 5595; x_wconf 98' lang='grc'><strong>,</strong></span> <span class='ocrx_word' id='word_1_790' title='bbox 540 5531 639 5602; x_wconf 80' lang='grc' dir='ltr'>τὴν</span> <span class='ocrx_word' id='word_1_791' title='bbox 670 5530 936 5601; x_wconf 73' lang='grc' dir='ltr'>ἐχομένην</span> <span class='ocrx_word' id='word_1_792' title='bbox 965 5526 1058 5581; x_wconf 78' lang='grc' dir='ltr'><strong>τοῦ</strong></span> <span class='ocrx_word' id='word_1_793' title='bbox 1108 5522 1416 5596; x_wconf 82' lang='grc' dir='ltr'>σωματικοῦ</span> <span class='ocrx_word' id='word_1_794' title='bbox 1452 5541 1667 5594; x_wconf 78' lang='grc' dir='ltr'>προτει·</span> 
     </span>
    </p>
   </div>
   <div class='ocr_carea' id='block_1_106' title="bbox 101 5626 383 5699">
    <p class='ocr_par' dir='ltr' id='par_1_106' title="bbox 101 5626 383 5699">
     <span class='ocr_line' id='line_1_106' title="bbox 101 5626 383 5699; baseline -0.004 -19"><span class='ocrx_word' id='word_1_795' title='bbox 101 5626 383 5699; x_wconf 89' lang='grc' dir='ltr'>χίσματος.</span> 
     </span>
    </p>
   </div>
   <div class='ocr_carea' id='block_1_107' title="bbox 1770 4523 3343 4598">
    <p class='ocr_par' dir='ltr' id='par_1_107' title="bbox 1770 4523 3343 4598">
     <span class='ocr_line' id='line_1_107' title="bbox 1770 4523 3343 4598; baseline -0.006 -10"><span class='ocrx_word' id='word_1_796' title='bbox 1770 4545 1940 4588; x_wconf 88' lang='lat' dir='ltr'><strong>sanus</strong></span> <span class='ocrx_word' id='word_1_797' title='bbox 1965 4538 2270 4598; x_wconf 88' lang='lat' dir='ltr'><strong>permanet,</strong></span> <span class='ocrx_word' id='word_1_798' title='bbox 2298 4527 2554 4597; x_wconf 87' lang='lat' dir='ltr'><strong>ﬁgmento</strong></span> <span class='ocrx_word' id='word_1_799' title='bbox 2574 4533 2782 4579; x_wconf 71' lang='lat' dir='ltr'><strong>natura:</strong></span> <span class='ocrx_word' id='word_1_800' title='bbox 2806 4525 3013 4579; x_wconf 90' lang='lat' dir='ltr'><strong>nullam</strong></span> <span class='ocrx_word' id='word_1_801' title='bbox 3036 4523 3343 4594; x_wconf 89' lang='lat' dir='ltr'><strong>accipiente</strong></span> 
     </span>
    </p>
   </div>
   <div class='ocr_carea' id='block_1_108' title="bbox 1770 4614 3344 4686">
    <p class='ocr_par' dir='ltr' id='par_1_108' title="bbox 1770 4614 3344 4686">
     <span class='ocr_line' id='line_1_108' title="bbox 1770 4614 3344 4686; baseline -0.005 -9"><span class='ocrx_word' id='word_1_802' title='bbox 1770 4620 2195 4677; x_wconf 88' lang='lat' dir='ltr'><strong>mutilationem.</strong></span> <span class='ocrx_word' id='word_1_803' title='bbox 2238 4617 2507 4674; x_wconf 82' lang='lat' dir='ltr'><strong>Observat</strong></span> <span class='ocrx_word' id='word_1_804' title='bbox 2544 4631 2765 4686; x_wconf 89' lang='lat' dir='ltr'><strong>quoque</strong></span> <span class='ocrx_word' id='word_1_805' title='bbox 2795 4614 3092 4671; x_wconf 82' lang='lat' dir='ltr'><strong>Sabbatum</strong></span> <span class='ocrx_word' id='word_1_806' title='bbox 3124 4630 3155 4669; x_wconf 90' lang='lat' dir='ltr'><strong>a</strong></span> <span class='ocrx_word' id='word_1_807' title='bbox 3181 4615 3344 4670; x_wconf 87' lang='lat' dir='ltr'><strong>malis</strong></span> 
     </span>
    </p>
   </div>
   <div class='ocr_carea' id='block_1_109' title="bbox 1769 4707 3377 4777">
    <p class='ocr_par' dir='ltr' id='par_1_109' title="bbox 1769 4707 3377 4777">
     <span class='ocr_line' id='line_1_109' title="bbox 1769 4707 3377 4777; baseline -0.004 -9"><span class='ocrx_word' id='word_1_808' title='bbox 1769 4712 2116 4775; x_wconf 90' lang='lat' dir='ltr'><strong>cessatione,</strong></span> <span class='ocrx_word' id='word_1_809' title='bbox 2180 4719 2236 4765; x_wconf 91' lang='lat' dir='ltr'><strong>et</strong></span> <span class='ocrx_word' id='word_1_810' title='bbox 2297 4724 2409 4763; x_wconf 88' lang='lat' dir='ltr'><strong>non</strong></span> <span class='ocrx_word' id='word_1_811' title='bbox 2481 4707 2721 4762; x_wconf 90' lang='lat' dir='ltr'><strong>admittit</strong></span> <span class='ocrx_word' id='word_1_812' title='bbox 2783 4707 3025 4777; x_wconf 91' lang='lat' dir='ltr'><strong>quietem</strong></span> <span class='ocrx_word' id='word_1_813' title='bbox 3080 4720 3111 4760; x_wconf 91' lang='lat' dir='ltr'><strong>a</strong></span> <span class='ocrx_word' id='word_1_814' title='bbox 3159 4707 3377 4771; x_wconf 77' lang='lat' dir='ltr'><strong>bonis,-</strong></span> 
     </span>
    </p>
   </div>
   <div class='ocr_carea' id='block_1_110' title="bbox 1770 4794 3377 4869">
    <p class='ocr_par' dir='ltr' id='par_1_110' title="bbox 1770 4794 3377 4869">
     <span class='ocr_line' id='line_1_110' title="bbox 1770 4794 3377 4869; baseline -0.006 -11"><span class='ocrx_word' id='word_1_815' title='bbox 1770 4818 1896 4858; x_wconf 90' lang='lat' dir='ltr'><strong>cum</strong></span> <span class='ocrx_word' id='word_1_816' title='bbox 1939 4800 2193 4857; x_wconf 88' lang='lat' dir='ltr'><strong>didicerit</strong></span> <span class='ocrx_word' id='word_1_817' title='bbox 2223 4800 2370 4869; x_wconf 90' lang='lat' dir='ltr'><strong>quod</strong></span> <span class='ocrx_word' id='word_1_818' title='bbox 2411 4798 2653 4855; x_wconf 89' lang='lat' dir='ltr'><strong>Sabbato</strong></span> <span class='ocrx_word' id='word_1_819' title='bbox 2702 4798 2832 4853; x_wconf 87' lang='lat' dir='ltr'><strong>licet</strong></span> <span class='ocrx_word' id='word_1_820' title='bbox 2881 4798 3084 4852; x_wconf 89' lang='lat' dir='ltr'><strong>bonum</strong></span> <span class='ocrx_word' id='word_1_821' title='bbox 3136 4794 3377 4850; x_wconf 54' lang='lat' dir='ltr'><strong>facereu</strong></span> 
     </span>
    </p>
   </div>
   <div class='ocr_carea' id='block_1_111' title="bbox 1768 4887 3341 4960">
    <p class='ocr_par' dir='ltr' id='par_1_111' title="bbox 1768 4887 3341 4960">
     <span class='ocr_line' id='line_1_111' title="bbox 1768 4887 3341 4960; baseline -0.006 -13"><span class='ocrx_word' id='word_1_822' title='bbox 1768 4893 1923 4949; x_wconf 87' lang='lat' dir='ltr'><strong>Facit</strong></span> <span class='ocrx_word' id='word_1_823' title='bbox 1961 4893 2123 4948; x_wconf 90' lang='lat' dir='ltr'><strong>etiam</strong></span> <span class='ocrx_word' id='word_1_824' title='bbox 2173 4893 2545 4948; x_wconf 90' lang='lat' dir='ltr'><strong>indistinctam</strong></span> <span class='ocrx_word' id='word_1_825' title='bbox 2579 4890 2689 4946; x_wconf 91' lang='lat' dir='ltr'><strong>cibi</strong></span> <span class='ocrx_word' id='word_1_826' title='bbox 2738 4887 3243 4960; x_wconf 85' lang='lat' dir='ltr'><strong>participationem,</strong></span> <span class='ocrx_word' id='word_1_827' title='bbox 3283 4892 3341 4939; x_wconf 86' lang='lat' dir='ltr'><strong>et</strong></span> 
     </span>
    </p>
   </div>
   <div class='ocr_carea' id='block_1_112' title="bbox 1767 4976 3339 5052">
    <p class='ocr_par' dir='ltr' id='par_1_112' title="bbox 1767 4976 3339 5052">
     <span class='ocr_line' id='line_1_112' title="bbox 1767 4976 3339 5052; baseline -0.004 -16"><span class='ocrx_word' id='word_1_828' title='bbox 1767 4980 2127 5037; x_wconf 56' lang='lat' dir='ltr'><strong>immundum&quot;</strong></span> <span class='ocrx_word' id='word_1_829' title='bbox 2173 4997 2283 5036; x_wconf 93' lang='lat' dir='ltr'><strong>non</strong></span> <span class='ocrx_word' id='word_1_830' title='bbox 2336 4981 2530 5052; x_wconf 88' lang='lat' dir='ltr'><strong>tangit.</strong></span> <span class='ocrx_word' id='word_1_831' title='bbox 2582 4979 2755 5035; x_wconf 85' lang='lat' dir='ltr'><strong>Docet</strong></span> <span class='ocrx_word' id='word_1_832' title='bbox 2791 4979 2938 5034; x_wconf 90' lang='lat' dir='ltr'><strong>enim</strong></span> <span class='ocrx_word' id='word_1_833' title='bbox 2988 4987 3142 5046; x_wconf 88' lang='lat' dir='ltr'><strong>petra</strong></span> <span class='ocrx_word' id='word_1_834' title='bbox 3201 4976 3339 5030; x_wconf 91' lang='lat' dir='ltr'><strong>nihil</strong></span> 
     </span>
    </p>
   </div>
   <div class='ocr_carea' id='block_1_113' title="bbox 1766 5065 3336 5141">
    <p class='ocr_par' dir='ltr' id='par_1_113' title="bbox 1766 5065 3336 5141">
     <span class='ocr_line' id='line_1_113' title="bbox 1766 5065 3336 5141; baseline -0.005 -15"><span class='ocrx_word' id='word_1_835' title='bbox 1766 5087 1889 5127; x_wconf 89' lang='lat' dir='ltr'><strong>esse</strong></span> <span class='ocrx_word' id='word_1_836' title='bbox 1921 5070 2260 5124; x_wconf 90' lang='lat' dir='ltr'><strong>immundum</strong></span> <span class='ocrx_word' id='word_1_837' title='bbox 2292 5086 2356 5125; x_wconf 81' lang='lat' dir='ltr'><strong>ex</strong></span> <span class='ocrx_word' id='word_1_838' title='bbox 2393 5070 2460 5126; x_wconf 90' lang='lat' dir='ltr'><strong>iis</strong></span> <span class='ocrx_word' id='word_1_839' title='bbox 2483 5086 2604 5141; x_wconf 68' lang='lat' dir='ltr'><strong>qua:</strong></span> <span class='ocrx_word' id='word_1_840' title='bbox 2631 5085 2727 5141; x_wconf 90' lang='lat' dir='ltr'><strong>per</strong></span> <span class='ocrx_word' id='word_1_841' title='bbox 2754 5083 2817 5123; x_wconf 89' lang='lat' dir='ltr'><strong>os</strong></span> <span class='ocrx_word' id='word_1_842' title='bbox 2845 5066 3229 5138; x_wconf 86' lang='lat' dir='ltr'><strong>ingrediuntur</strong></span> <span class='ocrx_word' id='word_1_843' title='bbox 3248 5065 3294 5098; x_wconf 75' lang='grc'><strong>’⁸</strong></span> <span class='ocrx_word' id='word_1_844' title='bbox 3321 5079 3336 5119; x_wconf 91' lang='lat'><strong>:</strong></span> 
     </span>
    </p>
   </div>
   <div class='ocr_carea' id='block_1_114' title="bbox 1768 5157 3336 5230">
    <p class='ocr_par' dir='ltr' id='par_1_114' title="bbox 1768 5157 3336 5230">
     <span class='ocr_line' id='line_1_114' title="bbox 1768 5157 3336 5230; baseline -0.004 -13"><span class='ocrx_word' id='word_1_845' title='bbox 1768 5163 1861 5217; x_wconf 91' lang='lat' dir='ltr'><strong>sed</strong></span> <span class='ocrx_word' id='word_1_846' title='bbox 1891 5161 2269 5230; x_wconf 79' lang='lat' dir='ltr'><strong>corporalibus</strong></span> <span class='ocrx_word' id='word_1_847' title='bbox 2304 5162 2529 5227; x_wconf 83' lang='lat' dir='ltr'><strong>omnino</strong></span> <span class='ocrx_word' id='word_1_848' title='bbox 2571 5160 2791 5230; x_wconf 89' lang='lat' dir='ltr'><strong>rejectis</strong></span> <span class='ocrx_word' id='word_1_849' title='bbox 2834 5157 3336 5218; x_wconf 86' lang='lat' dir='ltr'><strong>observationibus,</strong></span> 
     </span>
    </p>
   </div>
   <div class='ocr_carea' id='block_1_115' title="bbox 1771 5248 3340 5323">
    <p class='ocr_par' dir='ltr' id='par_1_115' title="bbox 1771 5248 3340 5323">
     <span class='ocr_line' id='line_1_115' title="bbox 1771 5248 3340 5323; baseline -0.005 -15"><span class='ocrx_word' id='word_1_850' title='bbox 1771 5253 2011 5308; x_wconf 84' lang='lat' dir='ltr'><strong>traducit</strong></span> <span class='ocrx_word' id='word_1_851' title='bbox 2041 5252 2335 5307; x_wconf 78' lang='lat' dir='ltr'><strong>verborum</strong></span> <span class='ocrx_word' id='word_1_852' title='bbox 2388 5253 2716 5307; x_wconf 89' lang='lat' dir='ltr'><strong>sententiam</strong></span> <span class='ocrx_word' id='word_1_853' title='bbox 2749 5251 2815 5323; x_wconf 80' lang='lat' dir='ltr'><strong>ad</strong></span> <span class='ocrx_word' id='word_1_854' title='bbox 2870 5250 2921 5305; x_wconf 88' lang='lat' dir='ltr'><strong>id</strong></span> <span class='ocrx_word' id='word_1_855' title='bbox 2962 5249 3109 5320; x_wconf 91' lang='lat' dir='ltr'><strong>quod</strong></span> <span class='ocrx_word' id='word_1_856' title='bbox 3145 5256 3231 5303; x_wconf 89' lang='lat' dir='ltr'><strong>est</strong></span> <span class='ocrx_word' id='word_1_857' title='bbox 3264 5248 3340 5301; x_wconf 87' lang='lat' dir='ltr'><strong>in-</strong></span> 
     </span>
    </p>
   </div>
   <div class='ocr_carea' id='block_1_116' title="bbox 1771 5343 3338 5417">
    <p class='ocr_par' dir='ltr' id='par_1_116' title="bbox 1771 5343 3338 5417">
     <span class='ocr_line' id='line_1_116' title="bbox 1771 5343 3338 5417; baseline -0.004 -15"><span class='ocrx_word' id='word_1_858' title='bbox 1771 5363 2115 5417; x_wconf 84' lang='lat' dir='ltr'><strong>corporeum,</strong></span> <span class='ocrx_word' id='word_1_859' title='bbox 2163 5354 2218 5402; x_wconf 92' lang='lat' dir='ltr'><strong>et</strong></span> <span class='ocrx_word' id='word_1_860' title='bbox 2247 5347 2393 5416; x_wconf 87' lang='lat' dir='ltr'><strong>quod</strong></span> <span class='ocrx_word' id='word_1_861' title='bbox 2427 5346 2574 5401; x_wconf 85' lang='lat' dir='ltr'><strong>cadit</strong></span> <span class='ocrx_word' id='word_1_862' title='bbox 2621 5345 2727 5401; x_wconf 89' lang='lat' dir='ltr'><strong>sub</strong></span> <span class='ocrx_word' id='word_1_863' title='bbox 2766 5344 3207 5413; x_wconf 87' lang='lat' dir='ltr'><strong>intelligentiam,</strong></span> <span class='ocrx_word' id='word_1_864' title='bbox 3253 5343 3338 5399; x_wconf 86' lang='lat' dir='ltr'><strong>sic</strong></span> 
     </span>
    </p>
   </div>
   <div class='ocr_carea' id='block_1_117' title="bbox 1772 5432 3338 5504">
    <p class='ocr_par' dir='ltr' id='par_1_117' title="bbox 1772 5432 3338 5504">
     <span class='ocr_line' id='line_1_117' title="bbox 1772 5432 3338 5504; baseline -0.002 -14"><span class='ocrx_word' id='word_1_865' title='bbox 1772 5437 1987 5491; x_wconf 89' lang='lat' dir='ltr'><strong>dicente</strong></span> <span class='ocrx_word' id='word_1_866' title='bbox 2019 5434 2208 5498; x_wconf 87' lang='lat' dir='ltr'><strong>Paulo,</strong></span> <span class='ocrx_word' id='word_1_867' title='bbox 2244 5435 2350 5490; x_wconf 70' lang='lat' dir='ltr'><strong>Lex</strong></span> <span class='ocrx_word' id='word_1_868' title='bbox 2379 5443 2457 5490; x_wconf 80' lang='lat' dir='ltr'><strong>est</strong></span> <span class='ocrx_word' id='word_1_869' title='bbox 2496 5435 2791 5504; x_wconf 77' lang='lat' dir='ltr'><strong>spiritualis</strong></span> <span class='ocrx_word' id='word_1_870' title='bbox 2813 5435 2878 5488; x_wconf 75' lang='grc'><strong>’³.</strong></span> <span class='ocrx_word' id='word_1_871' title='bbox 2916 5432 3050 5488; x_wconf 86' lang='lat' dir='ltr'><strong>Nam</strong></span> <span class='ocrx_word' id='word_1_872' title='bbox 3083 5433 3176 5503; x_wconf 88' lang='lat' dir='ltr'><strong>qui</strong></span> <span class='ocrx_word' id='word_1_873' title='bbox 3208 5447 3338 5488; x_wconf 83' lang='lat' dir='ltr'><strong>vere</strong></span> 
     </span>
    </p>
   </div>
   <div class='ocr_carea' id='block_1_118' title="bbox 1778 5525 3337 5599">
    <p class='ocr_par' dir='ltr' id='par_1_118' title="bbox 1778 5525 3337 5599">
     <span class='ocr_line' id='line_1_118' title="bbox 1778 5525 3337 5599; baseline -0.003 -18"><span class='ocrx_word' id='word_1_874' title='bbox 1778 5528 1949 5597; x_wconf 85' lang='lat' dir='ltr'><strong>legem</strong></span> <span class='ocrx_word' id='word_1_875' title='bbox 1973 5527 2154 5596; x_wconf 86' lang='lat' dir='ltr'><strong>ejecit,</strong></span> <span class='ocrx_word' id='word_1_876' title='bbox 2188 5529 2234 5584; x_wconf 90' lang='lat' dir='ltr'><strong>is</strong></span> <span class='ocrx_word' id='word_1_877' title='bbox 2274 5528 2376 5583; x_wconf 90' lang='lat' dir='ltr'><strong>sub</strong></span> <span class='ocrx_word' id='word_1_878' title='bbox 2405 5537 2615 5599; x_wconf 88' lang='lat' dir='ltr'><strong>tegmen</strong></span> <span class='ocrx_word' id='word_1_879' title='bbox 2644 5534 2813 5599; x_wconf 68' lang='lat' dir='ltr'><strong>petra:</strong></span> <span class='ocrx_word' id='word_1_880' title='bbox 2833 5526 3162 5597; x_wconf 87' lang='lat' dir='ltr'><strong>evangelicae</strong></span> <span class='ocrx_word' id='word_1_881' title='bbox 3194 5525 3337 5579; x_wconf 82' lang='lat' dir='ltr'><strong>reci-</strong></span> 
     </span>
    </p>
   </div>
   <div class='ocr_carea' id='block_1_119' title="bbox 1781 5613 3331 5690">
    <p class='ocr_par' dir='ltr' id='par_1_119' title="bbox 1781 5613 3331 5690">
     <span class='ocr_line' id='line_1_119' title="bbox 1781 5613 3331 5690; baseline 0 -22"><span class='ocrx_word' id='word_1_882' title='bbox 1781 5618 1949 5686; x_wconf 90' lang='lat' dir='ltr'><strong>pitur,</strong></span> <span class='ocrx_word' id='word_1_883' title='bbox 1998 5632 2119 5688; x_wconf 80' lang='lat' dir='ltr'><strong>quae</strong></span> <span class='ocrx_word' id='word_1_884' title='bbox 2170 5626 2253 5676; x_wconf 91' lang='lat' dir='ltr'><strong>est</strong></span> <span class='ocrx_word' id='word_1_885' title='bbox 2289 5619 2534 5690; x_wconf 82' lang='lat' dir='ltr'><strong>proxima</strong></span> <span class='ocrx_word' id='word_1_886' title='bbox 2590 5617 2861 5690; x_wconf 89' lang='lat' dir='ltr'><strong>corporali</strong></span> <span class='ocrx_word' id='word_1_887' title='bbox 2900 5613 3331 5689; x_wconf 81' lang='lat' dir='ltr'><strong>propugnaculo.</strong></span> 
     </span>
    </p>
   </div>
   <div class='ocr_carea' id='block_1_120' title="bbox 168 5725 1665 5803">
    <p class='ocr_par' dir='ltr' id='par_1_120' title="bbox 168 5725 1663 5803">
     <span class='ocr_line' id='line_1_120' title="bbox 168 5725 1663 5803; baseline 0.002 -22"><span class='ocrx_word' id='word_1_888' title='bbox 168 5739 211 5770; x_wconf 70' lang='grc'><strong>’⁷</strong></span> <span class='ocrx_word' id='word_1_889' title='bbox 251 5725 398 5792; x_wconf 79' lang='lat' dir='ltr'><strong>psal.</strong></span> <span class='ocrx_word' id='word_1_890' title='bbox 462 5753 549 5803; x_wconf 70' lang='grc' dir='ltr'>ιγ,</span> <span class='ocrx_word' id='word_1_891' title='bbox 602 5735 655 5791; x_wconf 87' lang='lat'><strong>8.</strong></span> <span class='ocrx_word' id='word_1_892' title='bbox 731 5736 778 5768; x_wconf 75' lang='lat'><strong>&quot;‘</strong></span> <span class='ocrx_word' id='word_1_893' title='bbox 840 5731 1032 5787; x_wconf 80' lang='lat' dir='ltr'><strong>Matth.</strong></span> <span class='ocrx_word' id='word_1_894' title='bbox 1086 5747 1175 5793; x_wconf 76' lang='lat' dir='ltr'><strong>xv,</strong></span> <span class='ocrx_word' id='word_1_895' title='bbox 1232 5728 1323 5786; x_wconf 77' lang='grc'>18.</span> <span class='ocrx_word' id='word_1_896' title='bbox 1400 5727 1445 5760; x_wconf 85' lang='grc'>⁹⁹</span> <span class='ocrx_word' id='word_1_897' title='bbox 1506 5726 1663 5784; x_wconf 81' lang='lat' dir='ltr'><strong>Rom.</strong></span> 
     </span>
    </p>
   </div>
   <div class='ocr_carea' id='block_1_121' title="bbox 1781 5725 1941 5803">
    <p class='ocr_par' dir='ltr' id='par_1_121' title="bbox 1784 5727 1941 5797">
     <span class='ocr_line' id='line_1_121' title="bbox 1784 5727 1941 5797; baseline 0.019 -16"><span class='ocrx_word' id='word_1_898' title='bbox 1784 5743 1820 5797; x_wconf 85' lang='lat' dir='ltr'><strong>I,</strong></span> <span class='ocrx_word' id='word_1_899' title='bbox 1858 5727 1941 5784; x_wconf 70' lang='lat' dir='ltr'><strong>l4.</strong></span> 
     </span>
    </p>
   </div>
  </div>
