3752 5984
381 297 484 356 879

1624 284 1680 340 S.
1713 279 2035 337 GRECORII
2070 280 2359 339 NYSSENI

3558 285 3670 343 880

455 416 585 467 (Lutu
620 409 860 464 Verbum
893 410 971 466 sic
998 410 1046 463 ei
1086 410 1375 463 clamasset
1399 419 1494 475 per
1519 402 1805 463 fenestras,
1834 400 1953 469 pul-

2127 402 2308 455 Ταῦτα
2334 402 2427 455 τοῦ
2459 403 2630 471 Λόγου
2658 404 2744 458 διὰ
2770 404 2876 458 τῶν
2908 404 3304 475 θυρίδωνεαύτῇ
3329 403 3666 475 ἐμϐοήσαν-

381 506 513 559 chre
545 502 837 571 respondet
868 502 1143 565 columba,
1182 497 1484 551 illuminata
1534 493 1828 564 splendore
1867 492 1949 543 in-

383 594 830 662 telligentiarnm,
875 601 927 645 et
957 600 1160 659 petram
1190 588 1500 657 intelligens
1540 601 1661 655 qtne
1696 593 1780 638 est
1805 585 1954 636 Chri-

2053 508 2173 556 τος,
2209 492 2389 557 καλῶς
2421 495 2793 566 ’ἀποκρίνεται
2840 498 2873 567 ἡ
2919 496 3236 567 περιστερὰ,
3287 499 3322 567 ἡ
3360 496 3663 566 περιλαμ-

2056 581 2249 651 φθεῖσα
2278 584 2366 637 διά
2387 585 2487 655 τῆς
2509 586 2619 638 τῶν
2645 586 2935 657 νοημάτων
2961 587 3153 658 αὐγῆς,
3179 587 3275 641 καὶ
3307 587 3415 656 τὴν
3441 586 3663 657 πέτραν

386 693 526 741 stus.
556 683 693 736 Dicit
743 683 886 737 enim
926 701 937 735 :
979 678 1205 735 Ostende
1252 679 1380 732 mihi
1422 677 1612 746 [aciem
1669 685 1835 738 tuam,
1905 682 1953 727 et

2071 675 2314 745 νοήσασα,
2334 678 2456 746 ἥτις
2479 676 2677 733 ἐστὶνὸ
2695 679 2948 750 Χριστός.
2974 680 3137 747 Λέγει
3161 679 3299 749 γὰρ,
3314 676 3406 730 ὅτι
3436 679 3660 742 Δεῖξιὶν

385 774 474 842 [ac
504 790 584 828 me
618 774 802 827 audire
833 788 1004 826 vocem
1028 780 1197 824 tuam.
1238 769 1347 824 Vox
1374 769 1513 823 enim
1545 778 1637 821 tua
1659 776 1735 821 est
1758 766 1951 828 dulcis,

2071 783 2149 820 τοι
2176 766 2292 834 τὴν
2322 769 2465 838 ὄψιν
2495 786 2634 832 σου,
2667 746 2766 824 καί
2793 746 3121 825 ἀκούτισόν
3142 746 3251 840 μοι*
3276 746 3401 839 τὴν
3433 774 3662 839 φωνήν

384 875 433 920 et
473 866 635 935 facies
686 876 775 918 tua
812 865 1026 918 decora.
1075 861 1231 928 Quod
1272 868 1454 915 autem
1503 859 1635 914 dicit
1677 866 1758 911 est
1806 857 1953 926 ejus-

383 959 530 1013 modi
561 976 576 1013 :
607 956 722 1012 Non
777 957 1011 1026 amplius
1054 955 1183 1008 mihi
1230 955 1450 1023 loquere
1494 967 1589 1023 per
1635 964 1946 1006 sermonem

381 1049 833 1106 documentorum
868 1033 1312 1119 propheticorum
1344 1053 1399 1099 et
1441 1045 1722 1115 legalium,
1761 1042 1854 1097 sed
1894 1051 1953 1094 ut

381 1155 606 1210 possum
651 1140 856 1201 videre,
897 1139 970 1192 ita
1011 1138 1244 1208 teipsum
1285 1136 1416 1190 mihi
1467 1142 1654 1205 aperte
1701 1132 1950 1197 ostende,

381 1242 441 1285 ut
471 1232 575 1286 sim
611 1231 752 1287 intra
783 1240 987 1301 petram
1032 1230 1423 1300 evangelicam,
1457 1228 1651 1282 relicto
1695 1226 1829 1297 legis
1856 1241 1952 1279 an-

381 1324 653 1385 temurali,
687 1331 803 1389 aut,
838 1330 895 1377 nt
934 1338 1066 1378 mea:
1094 1322 1321 1391 capiunt
1360 1334 1544 1381 aures,
1587 1318 1661 1372 ita
1689 1317 1950 1383 concede,

383 1422 442 1465 ut
494 1428 599 1467 vox
650 1420 742 1467 tua
794 1413 931 1468 meis
977 1414 1204 1467 auribus
1261 1413 1497 1465 insonet.
1555 1407 1613 1462 Si
1655 1408 1801 1462 enim
1849 1422 1953 1463 vox

381 1515 502 1571 quae
533 1501 800 1555 emittitur
827 1514 922 1571 per
954 1500 1225 1555 fenestras
1260 1505 1345 1553 est
1380 1498 1513 1552 adeo
1543 1496 1742 1560 dulcis,
1780 1496 1954 1551 multo

381 1594 556 1664 magis
594 1606 682 1647 tua
730 1576 792 1646 “in
845 1603 1142 1661 conspectu
1192 1592 1483 1661 praesentia
1532 1590 1638 1645 erit
1676 1588 1948 1643 amabilis.

383 1683 505 1738 llaec
555 1684 689 1738 dicit
742 1698 964 1753 sponsa,
1037 1698 1161 1736 cum
1219 1681 1576 1736 intellexisset
1628 1680 1949 1750 mysterium

381 1775 524 1844 quod
557 1783 641 1829 est
670 1776 723 1828 in
759 1746 909 1843 petra
938 1775 1270 1844 evangelica,
1306 1772 1372 1827 ad
1408 1773 1550 1842 quod
1582 1746 1700 1828 eam
1729 1771 1954 1826 deduxit
1985 1746 2028 1801 Β

387 1863 644 1924 Verbum.
672 1864 817 1933 quod
861 1863 1214 1917 multifariam
1249 1864 1545 1933 multisque
1572 1861 1753 1917 modis
1783 1860 1956 1916 exsti-

384 1957 446 2009 tit
484 1956 538 2009 in
574 1955 864 2018 fenestris;
896 1966 948 2010 et
979 1964 1193 2016 tenetur
1220 1954 1494 2009 desiderio
1529 1952 1652 2022 ejus
1687 1951 1956 2007 adventus

382 2049 438 2102 in
479 2057 664 2111 carne,
706 2062 900 2118 nempe
931 2055 989 2101 ut
1028 2046 1262 2101 Verbum
1313 2047 1405 2100 ﬁat
1435 2061 1587 2106 caro,
1632 2052 1688 2099 et
1715 2043 1860 2098 Deus
1901 2044 1955 2097 in

382 2152 549 2194 carne
595 2148 874 2209 appareat,
913 2146 967 2194 et
1003 2137 1217 2192 divinas
1259 2152 1424 2193 voces
1475 2137 1686 2192 nostris
1731 2135 1956 2190 auribus

381 2228 672 2291 exhibeat,
732 2244 853 2298 quae
913 2228 1096 2299 dignis
1153 2229 1481 2298 promittunt
1534 2226 1954 2282 beatitudinem.

382 2315 550 2373 Vides
590 2318 1051 2388 quemadmodum
1080 2326 1208 2372 voto
1246 2334 1465 2388 sponsae
1497 2319 1834 2374 conveniunt
1860 2334 1957 2373 vo-

382 2422 475 2462 ces
507 2406 810 2471 Simeonis,
845 2407 1001 2463 Nunc
1028 2408 1254 2464 dimittis
1282 2427 1488 2465 servum
1515 2421 1686 2474 tuum,
1714 2411 1953 2473 Domine.

383 2498 667 2552 secundum
729 2499 938 2554 verbum
999 2508 1144 2553 tuum
1205 2501 1259 2554 in
1310 2517 1458 2569 pace.
1519 2501 1662 2567 Quia
1714 2501 1955 2555 viderunt

383 2590 524 2644 oculi
568 2592 671 2645 mei
713 2592 952 2645 salutare
1007 2600 1154 2644 tuum
1182 2591 1221 2643 ‘.
1262 2592 1359 2647 Ille
1401 2593 1546 2646 enim
1586 2591 1721 2647 vidit
1751 2593 1954 2664 ipsum,

384 2690 445 2736 ut
477 2681 809 2738 desideravit
854 2682 1062 2739 videre.
1114 2683 1335 2739 Dulcem
1384 2693 1567 2739 autem
1614 2685 1735 2754 ejus
1765 2701 1956 2741 vocem

384 2779 711 2840 agnoscunt,
740 2772 836 2847 qui
882 2780 1216 2843 acceperunt
1243 2773 1475 2841 gratiam
1526 2775 1827 2847 Evangelii,
1863 2779 1956 2846 qui

384 2863 660 2924 dixerunt.
713 2845 883 2919 Verba
916 2866 1037 2920 vita:
1070 2877 1282 2922 (eterna:
1315 2866 1474 2922 habes
1491 2868 1534 2922 ⁸.

457 3129 751 3200 Propterea
794 3130 1005 3201 justum
1038 3146 1255 3202 sponsae
1281 3140 1465 3187 votum
1497 3132 1730 3202 suscipit
1783 3149 1954 3202 purus

386 3236 649 3293 sponsus,
698 3229 752 3277 et
802 3222 1048 3293 seipsum
1082 3229 1271 3293 aperte
1306 3231 1657 3288 ostensurus,
1705 3225 1953 3296 “primum

387 3314 578 3370 incitat
606 3322 894 3395 venatores
943 3314 1011 3369 ad
1045 3314 1320 3370 venandas
1350 3316 1562 3384 vulpes,
1607 3331 1677 3371 ne
1726 3318 1958 3384 amplius

387 3406 456 3459 ab
481 3406 561 3462 eis
592 3405 920 3474 impediatur
936 3407 1113 3470 vinea,
1146 3422 1257 3477 quo
1276 3406 1458 3461 minus
1482 3406 1695 3470 floreat,
1724 3405 1954 3463 dicens:

388 3480 574 3565 capite
598 3495 747 3551 nobis
786 3497 980 3564 vulpes,
1012 3513 1129 3567 quae
1163 3506 1284 3552 sunt
1304 3497 1511 3567 quidem
1544 3513 1741 3567 parum,
1775 3498 1958 3552 demo-

388 3583 589 3653 liuntur
640 3594 814 3640 autem
852 3586 1048 3642 vineas.
1093 3586 1389 3642 Florebunt
1431 3587 1576 3640 enim
1611 3587 1801 3651 vineae,
1831 3587 1875 3641 si
1897 3601 1960 3642 ea

387 3675 672 3742 tollantur,
711 3692 741 3730 a
765 3678 966 3747 quibus
1004 3687 1310 3733 vastantur.
1370 3677 1554 3747 Capite
1590 3678 1738 3732 nobis
1781 3677 1960 3746 vulpes

386 3780 604 3833 parvas.
628 3782 745 3835 qua:
770 3766 1128 3821 demetiuntur
1158 3768 1356 3821 uineas.
1390 3766 1609 3821 Floreat
1637 3768 1776 3821 enim
1802 3767 1963 3821 vineta

388 3865 605 3912 nostris.
642 3856 858 3913 Fierine
883 3866 1065 3926 potest
1093 3867 1150 3912 ut
1190 3874 1287 3928 pro
1308 3860 1575 3929 dignitate
1603 3873 1964 3927 assequamur

389 3947 731 4016 majestatetn
753 3948 1172 4011 sententiarum,
1207 3955 1262 4003 et
1310 3948 1512 4003 divinae
1567 3949 1962 4018 magnitudinis

388 4036 716 4091 miraculum
749 4037 900 4107 quod
940 4039 1186 4100 continet
1215 4040 1414 4104 oratio,
1439 4048 1495 4095 et
1527 4047 1790 4109 quantam
1825 4041 1964 4095 divi-

388 4143 474 4184 nae
520 4128 742 4183 virtutis
775 4130 1151 4184 excellentiam
1205 4131 1476 4201 signiﬁcat
1535 4147 1733 4189 sensus
1772 4150 1960 4189 eorum

387 4238 510 4293 quae
546 4222 693 4278 dicta
722 4232 888 4288 sunt?
920 4234 1116 4294 nempe
1135 4226 1590 4294 quemadmodum
1614 4229 1702 4284 ille
1751 4229 1819 4285 de
1853 4247 1964 4301 quo

385 4312 505 4367 haec
537 4311 825 4387 dicuntur,
849 4313 1142 4379 homicida,
1170 4317 1260 4385 qui
1295 4328 1487 4386 potens
1512 4326 1597 4374 est
1637 4319 1694 4372 in
1733 4321 1960 4388 malitia,

2054 872 2190 912 σου·
2222 857 2312 911 ὅτι
2333 860 2372 926 ἡ
2402 859 2570 928 φωνή
2597 875 2715 915 σου
2762 860 2953 929 ἡδεῖα,
2976 862 3075 915 καὶ
3103 860 3245 929 ὄψις
3271 875 3396 914 σου
3433 861 3653 928 ὡραία.

2054 949 2127 1002 Τὸ
2159 950 2215 1003 δὲ
2251 951 2543 1021 λεγόμενον
2569 953 2812 1007 τοιοῦτόν
2843 955 2979 1007 ἐστι’
3015 953 3231 1024 Μηκέτι
3260 956 3354 1023 μοὶ
3381 953 3659 1020 διαλέγου

2051 1039 2142 1094 διὰ
2184 1041 2291 1094 τῶν
2327 1043 2681 1113 προφητικῶν
2727 1061 2787 1097 τε
2831 1046 2926 1097 καὶ
2972 1043 3212 1115 νομικῶν
3260 1044 3657 1114 αίνιγμάτων,

2054 1131 2170 1184 ἀλλ’
2222 1132 2299 1196 ὼς
2361 1134 2488 1187 ἰδεῖν
2535 1134 2772 1207 δύναμαι
2790 1177 2806 1203 ,
2857 1134 3000 1189 οὕτω
3055 1136 3147 1207 μοὶ
3200 1132 3377 1200 δεῖξον
3447 1133 3661 1187 σαυτὸν

2053 1221 2333 1291 ἐμφανῶς,
2355 1223 2442 1277 ἵνα
2460 1224 2611 1288 ἐντὸς
2631 1225 2878 1297 γένωμαι
2900 1226 2998 1296 τῆς
3019 1224 3382 1295 εύαγγελικῆς
3403 1223 3655 1294 πέτρας,

2053 1311 2424 1365 καταλιποῦσα
2453 1312 2515 1366 τὸ
2551 1312 2646 1367 τοῦ
2684 1314 2850 1385 νόμου
2881 1315 3263 1387 προτείχισμα·
3294 1313 3394 1368 καὶ
3420 1313 3512 1376 ὡς
3539 1331 3656 1383 χω-

2056 1402 2141 1470 ρεῖ
2163 1402 2197 1472 ἡ
2228 1401 2377 1472 ἀκοή
2395 1419 2516 1471 μου,
2548 1401 2691 1457 οὕτω
2720 1403 2810 1468 δὸς
2841 1405 2941 1475 τὴν
2965 1405 3150 1474 φωνήν
3183 1421 3277 1457 σου
3306 1405 3365 1456 ὲν
3397 1405 3526 1466 τοίς
3548 1402 3655 1456 ὠσί

2058 1508 2160 1560 μου
2186 1494 2461 1557 γενέσθαι.
2491 1495 2555 1548 Et
2583 1495 2691 1567 γὰρ
2723 1498 2757 1567 ἡ
2798 1496 2886 1551 διά
2925 1496 3032 1549 τῶν
3055 1495 3283 1568 θυρίδων
3314 1495 3481 1566 φωνὴ
3517 1511 3654 1547 ποσι-

2053 1583 2207 1637 οὗτόν
2245 1586 2392 1639 ἐστιν
2444 1586 2631 1656 ἡδεῖα,
2680 1589 2816 1641 πολὺ
2854 1588 3053 1659 μᾶλλον
3092 1588 3126 1657 ὴ
3163 1587 3307 1640 κατά
3338 1586 3654 1657 πρόσωπόν

2059 1692 2152 1729 σου
2178 1678 2203 1729 ἐ
2212 1679 2449 1748 μφάνεια
2467 1679 2527 1732 τὸ
2547 1680 2811 1751 ἐράσμιον
2830 1681 2963 1744 ἕξει.
2988 1679 3175 1734 Ταῦτα
3192 1680 3343 1749 λέγει
3365 1681 3403 1749 ἡ
3424 1678 3647 1749 νύμφη.

2058 1769 2297 1838 νοήσασα
2318 1770 2380 1822 τὸ
2399 1771 2540 1824 κατά
2567 1771 2665 1840 τὴν
2688 1771 3050 1842 εύαγγελικὴν
3078 1772 3282 1843 πέτραν
3312 1770 3647 1841 μυστήριον,

2056 1862 2138 1925 είς
2169 1863 2305 1932 ὅπερ
2332 1861 2500 1932 αὐτὴν
2521 1864 2550 1916 6
2575 1863 2897 1934 πολυμερῶς
2927 1865 3018 1916 καὶ
3052 1863 3411 1934 πολυτρόπως
3438 1864 3499 1915 ἐν
3524 1863 3649 1924 ταῖς

2058 1950 2238 2021 θυρίσι
2268 1952 2560 2022 γενόμενος
2596 1952 2765 2021 Λόγος
2831 1953 3262 2025 ἐχειραγώγησεο
3296 1953 3394 2005 καὶ
3424 1954 3484 2004 ἐν
3520 1952 3647 2002 ἐπι-

2059 2038 2226 2109 θυμίᾳ
2269 2040 2562 2110 γεγένηται
2593 2042 2693 2112 τῆς
2741 2042 2829 2095 διὰ
2864 2044 3065 2114 σαρκὸς
3109 2042 3468 2111 θεοφανείας,
3501 2039 3647 2093 ὥστε

2057 2131 2148 2183 τὸν
2179 2133 2349 2201 Λόγον
2374 2132 2627 2201 γενέσθαι
2674 2135 2883 2206 σάρκα,
2918 2137 3015 2189 καὶ
3052 2136 3147 2188 τὸν
3190 2136 3324 2189 Θεὸν
3365 2136 3428 2187 ἐν
3476 2135 3646 2206 σαρκὶ

2059 2221 2462 2291 φανερωθῆναι,
2499 2223 2592 2279 καὶ
2622 2224 2964 2294 παραθέσθαι
2988 2228 3109 2290 ταῖς
3137 2226 3328 2301 ἀκοαῖς
3352 2226 3517 2297 ἡμῶν
3546 2228 3646 2288 τὰς

2060 2310 2210 2372 θείας
2235 2312 2417 2381 φωνὰς
2444 2313 2542 2377 τὰς
2568 2314 3043 2386 ἐπαγγελλομένας
3061 2320 3172 2380 τοῖς
3188 2317 3359 2382 ἀξίοις
3381 2318 3483 2388 τὴν
3511 2319 3646 2370 αίὼο

2058 2418 2169 2456 νιον
2208 2407 2611 2477 μακαριότητα.
2640 2407 2765 2467 Πῶς
2789 2407 2846 2460 δὲ
2882 2408 3236 2478 συμϐαίνουσι
3274 2412 3338 2479 τῇ
3375 2410 3514 2478 εὐχῇ
3546 2410 3646 2478 τῆς

2060 2495 2278 2567 νύμφης
2301 2499 2358 2550 αἱ
2377 2498 2469 2551 τοῦ
2497 2499 2782 2569 Συμεῶνος
2799 2503 2995 2569 φωναὶ,
3012 2503 3071 2564 ὃς
3097 2518 3282 2572 φησιν’
3319 2504 3646 2566 Ἀπολύεις

2059 2586 2177 2641 νῦν
2202 2589 2309 2642 τὸν
2330 2589 2554 2643 δοῦλόν
2572 2606 2710 2656 σου,
2736 2592 3035 2655 Δέσποτα,
3051 2592 3203 2647 κατά
3235 2592 3302 2646 τὸ
3329 2590 3498 2662 ῥῆμά
3524 2608 3642 2646 σου

2059 2679 2128 2733 ἐν
2145 2679 2374 2749 ειρήνῃ.
2408 2681 2535 2734 ’Ότι
2551 2677 2715 2737 εἶδον
2728 2685 2782 2737 οι
2806 2685 3102 2754 ὀφθαλμοί
3113 2702 3234 2754 μου
3259 2685 3322 2737 τὸ
3341 2683 3647 2751 σωτήριόν

2059 2784 2199 2825 σου.
2236 2772 2341 2824 Ἴδε
2374 2773 2482 2840 γάρ
2514 2775 2750 2837 ἐκεῖνος,
2790 2774 2866 2838 ὼς
2909 2776 3038 2829 ίδεῖν
3087 2775 3429 2846 ἐπεπόθησεν
3475 2775 3637 2845 αὕτη.

2060 2862 2172 2931 Τὴν
2217 2861 2274 2915 δὲ
2322 2863 2505 2933 φωνὴν
2553 2864 2720 2917 αὐτοῦ
2766 2864 2864 2934 τὴν
2911 2865 3092 2937 ἡδεῖαν
3132 2868 3183 2919 οἱ
3219 2866 3506 2936 δεξάμενοι
3544 2866 3640 2918 τοῦ

2059 2955 2395 3023 Εύαγγελίου
2441 2956 2539 3026 τὴν
2591 2957 2751 3027 χάριν
2796 2958 3266 3027 ἐπιγινώσκουσιν,
3294 2958 3345 3011 oi.
3368 2951 3635 3010 εἰπόντες.

1984 3084 2028 3142 C
2063 3044 2145 3097 ὅτι
2186 3043 2445 3114 Ῥήματα
2481 3044 2629 3112 ζωῆς
2652 3047 2893 3101 αἰωνίου
2921 3046 3102 3116 ἔχεις.

2130 3136 2229 3188 Διά
2246 3136 2418 3190 ταΰτα
2440 3137 2652 3207 δέχεται
2671 3137 2835 3207 εὐχὴν
2865 3139 2965 3208 τῆς
2993 3138 3215 3208 νύμφης
3229 3139 3447 3194 δικαίαν
3473 3136 3643 3194 οὖσαν

2060 3227 2089 3279 6
2111 3225 2348 3295 καθαρὸς
2378 3227 2631 3297 νυμφίος.
2660 3230 2756 3281 καὶ
2797 3228 3006 3298 μέλλων
3035 3228 3301 3282 δεικνύειν
3327 3231 3519 3284 ἐαυτὸν
3543 3233 3640 3301 ἐμ-

2061 3316 2268 3385 φανῶς,
2302 3315 2516 3387 πρῶτον
2571 3317 2694 3379 τοὺς
2747 3316 3018 3386 θηρευτὰς
3049 3319 3310 3388 παρορμᾷ
3371 3318 3506 3390 πρὸς
3542 3319 3639 3389 τὴν

2061 3405 2237 3477 ἄγραν
2267 3405 2377 3458 τῶν
2409 3406 2728 3469 ἀλωπέκων,
2778 3406 2854 3469 ὡς
2885 3406 3084 3476 μηκέτι
3119 3407 3209 3460 τὸν
3243 3407 3543 3477 ἀμπελῶνα
3573 3410 3637 3461 δι’

2062 3497 2243 3550 αὐτῶν
2295 3497 2432 3567 πρὸς
2482 3496 2573 3549 τὸν
2614 3497 2926 3568 κυπρισμὸν
2969 3497 3387 3568 ἐμποδίζεσθαι,
3432 3497 3635 3567 λέγων’

2064 3586 2326 3643 Πιάσατε
2374 3588 2526 3662 ἡμῖν
2577 3590 2926 3657 ἀλώπεκας,
2979 3591 3233 3661 μικροὺς
3277 3592 3394 3660 μὲν
3437 3593 3632 3656 ὄντας.

2062 3679 2500 3748 ἀφανιστικοὺς
2526 3680 2596 3735 δὲ
2623 3681 2744 3735 τῶν
2763 3681 3150 3751 ἀμπελώνων.
3188 3683 3499 3754 Ἀνθήσουσι
3530 3685 3635 3755 γὰρ

2063 3773 2118 3825 αἱ
2150 3772 2405 3841 ἄμπελοι,
2439 3774 2489 3826 εἰ
2519 3779 2718 3845 μηκέτι
2748 3775 2835 3844 εἴη
2860 3774 2931 3828 τὰ
2958 3774 3350 3846 λυμαινόμενα.
3383 3774 3634 3829 Πιὰσατε

2064 3863 2211 3932 ἡμῖν
2245 3863 2560 3929 ἀλώπεκας
2588 3864 2877 3934 μικροὺς,
2927 3863 3323 3934 ἀφανίζοντας
3358 3864 3487 3930 τοὺς
3533 3866 3631 3933 ἀμ-

2064 3952 2361 4020 πελῶνας,
2390 3956 2489 4009 καὶ
2515 3959 2573 4011 αἱ
2600 3955 2856 4025 ἄμπελοι
2876 3954 3047 4024 ἡμῶν
3069 3955 3473 4024 κυπρίζουσιν.
3491 3952 3633 4026 Ἆρά

2064 4045 2181 4097 ἐστι
2212 4044 2437 4098 δυνατὸν
2479 4047 2598 4099 κατ’
2630 4047 2786 4111 ἀξίαν
2829 4047 3115 4115 ἐφικέσθαι
3140 4047 3239 4117 τῆς
3277 4047 3630 4117 μεγαλοφυῖας

2063 4134 2173 4188 τῶν
2197 4134 2517 4206 νοημάτων;
2568 4136 2734 4189 Ὅσον
2770 4136 2957 4206 θαῦμα
2984 4136 3083 4205 τῆς
3115 4135 3265 4200 θείας
3295 4136 3630 4207 μεγαλειότη-

2063 4244 2153 4291 τος
2176 4227 2420 4299 περιέχει
2459 4230 2487 4282 6
2521 4228 2713 4295 λόγος;
2763 4228 2935 4298 ’Ὀσην
2957 4226 3212 4298 ἐμφαίνει
3240 4226 3342 4296 τῆς
3365 4226 3627 4297 δυνάμεως

2064 4317 2158 4371 τοῦ
2197 4318 2331 4372 Θεοῦ
2379 4318 2477 4390 τὴν
2506 4317 2810 4389 ὑπερϐολὴν
2837 4320 2872 4387 ὴ
2918 4316 3029 4369 τῶν
3071 4317 3379 4387 εἰρημένων
3404 4317 3622 4382 διάνοιας

386 4402 547 4471 cujus
577 4403 759 4474 lingua
791 4414 1051 4474 tanquam
1082 4407 1349 4461 novacula
1379 4416 1559 4472 acuta,
1587 4408 1655 4464 de
1684 4424 1794 4479 quo
1825 4409 1954 4465 dicit

2071 4409 2192 4472 Πῶς
2220 4410 2446 4473 ἐκεῖνος.
2472 4409 2599 4477 περὶ
2626 4403 2686 4462 οὗ
2713 4408 2782 4461 τὰ
2799 4406 3103 4478 τηλικαῦτα
3123 4406 3363 4474 λέγεται,
3388 4409 3417 4460 6
3441 4406 3626 4478 ἀνθρω-

384 4491 677 4563 Propheta,
727 4494 950 4565 Sagitta:
1001 4498 1226 4566 potentis
1286 4509 1458 4555 acuta:
1486 4516 1603 4553 cum
1639 4501 1958 4557 carbonibus

384 4582 721 4639 desolatoriis
745 4585 796 4652 ³;
827 4594 903 4651 et,
931 4585 1226 4643 Insidiatur
1250 4600 1503 4660 tanquam
1527 4591 1606 4646 leo
1633 4593 1687 4646 in
1710 4593 1960 4660 spelunca

385 4690 486 4730 sua
500 4674 544 4738 ⁸,
563 4673 734 4731 Draco
754 4676 845 4732 ille
862 4691 1116 4747 magnus,
1132 4673 1680 4744 apostata,infernus;
1720 4682 1960 4742 dilatans

385 4781 450 4822 os
477 4780 660 4833 suum,
719 4776 904 4823 rector
957 4768 1121 4840 hujus
1157 4771 1448 4826 mundanae
1484 4772 1772 4842 potestatis
1810 4782 1960 4831 tene-

386 4858 633 4922 brarum,
667 4860 760 4928 qui
816 4860 980 4915 habet
1025 4861 1313 4930 imperium
1368 4864 1582 4928 mortis,
1616 4875 1668 4918 et
1700 4879 1961 4935 quascun-

387 4964 495 5018 que
525 4964 591 5004 ex
615 4963 846 5018 persona
898 4950 1019 5017 ejus
1068 4961 1254 5005 narrat
1284 4953 1590 5022 prophetia.
1645 4954 1749 5021 Qui
1784 4937 1983 5012 aufert

386 5039 653 5094 terminos
692 5040 958 5110 gentium,
997 5055 1135 5109 quos
1165 5043 1488 5109 constituit,
1519 5060 1712 5115 nempe
1748 5046 1964 5103 Altissi-

388 5144 511 5185 mus
530 5176 543 5195 ,
581 5145 680 5199 pro
709 5146 937 5187 numero
961 5132 1275 5200 angelorum
1297 5148 1557 5203 suorum;
1589 5137 1678 5206 qui
1710 5152 1963 5209 compre-r

391 5220 582 5276 hendit
615 5223 802 5278 orbem
834 5231 993 5278 terrae
1025 5225 1167 5280 sicut
1195 5227 1403 5291 nidum,
1427 5236 1480 5282 et
1517 5244 1638 5282 eam
1669 5231 1811 5284 tollit
1837 5237 1962 5284 tan-

391 5326 554 5379 quam
575 5326 677 5366 ova
700 5313 991 5377 derelicta:
1017 5319 1107 5386 qui
1135 5317 1268 5371 dicit
1294 5333 1354 5374 se
1374 5319 1679 5388 positurum
1703 5320 1962 5375 thronum

393 5414 555 5453 suum
589 5413 752 5469 super
779 5404 955 5459 nubes
978 5445 992 5469 ,
1052 5411 1107 5459 et
1126 5400 1366 5455 futurum
1383 5401 1616 5459 similem
1643 5409 1960 5477 Altissimo,

392 5497 448 5542 et
478 5502 822 5559 quaecunque
854 5492 1136 5564 Scriptura
1172 5496 1240 5552 de
1271 5511 1338 5553 eo
1365 5500 1717 5569 persequitur
1752 5502 1808 5556 in
1834 5500 1959 5568 Job,

2067 4501 2345 4565 ποκτόνος,
2399 4502 2429 4553 6
2469 4502 2526 4553 ἐν
2572 4501 2741 4569 κακίᾳ
2775 4501 3033 4563 δυνατὸς,
3076 4493 3137 4554 οὗ
3177 4501 3212 4569 ἠ
3256 4498 3468 4567 γλῶσσα
3501 4498 3622 4550 ὡσεὶ

2068 4590 2227 4662 ξυρὸν
2241 4595 2409 4662 ὴκονη
2417 4594 2576 4662 μένον
2592 4591 2745 4663 [περὶ
2761 4586 2821 4644 οὗ
2844 4608 2977 4661 φησι
2997 4593 3026 4644 6
3048 4591 3361 4662 Προφήτης·
3392 4588 3461 4643 Τὰ
3474 4587 3619 4655 ,ϐέλη

2065 4684 2172 4738 τοῦ
2217 4683 2480 4737 δυνατοῦ
2516 4683 2882 4755 ἠκονημένα]
2922 4683 3045 4738 σὺν
3072 4682 3198 4748 τοῖς
3221 4682 3466 4748 ἄνθραξι
3507 4682 3620 4746 τοῖς

2063 4776 2378 4845 ἐρημικοῖς·
2409 4777 2525 4838 καὶ,
2561 4776 2887 4845 Ἕνεδρεύει
2911 4778 2991 4842 ὡς
3023 4776 3179 4830 λέων
3208 4776 3279 4829 ἐν
3311 4772 3389 4843 τῇ
3408 4773 3619 4843 μάνδρᾳ

2068 4868 2274 4931 αὐτοῦ,
2309 4869 2338 4920 6
2379 4868 2626 4939 Δράκων.
2667 4870 2696 4920 6
2739 4867 2928 4939 μέγας,
2959 4871 2987 4920 6
3019 4867 3353 4937 ἀποστάτης,
3385 4868 3414 4918 6
3435 4865 3572 4937 ᾅδης,
3592 4867 3620 4918 6

2069 4958 2354 5012 πλατύνων
2394 4960 2460 5012 τὸ
2502 4959 2676 5030 στόμα
2713 4959 2897 5024 αὐτοῦ,
2929 4961 2958 5012 6
2989 4959 3385 5030 κοσμοκράτωρ
3415 4961 3505 5030 τῆς
3537 4957 3617 5022 ἐξ·

2066 5051 2254 5114 ουσίας
2291 5050 2386 5103 τοῦ
2432 5050 2695 5116 σκότους,
2724 5054 2753 5105 6
2800 5051 2938 5122 ἔχων
2978 5051 3073 5105 τοῦ
3120 5052 3351 5106 θανάτου
3403 5052 3457 5105 τὸ
3495 5053 3615 5125 κρά·

2066 5159 2156 5205 τος
2180 5181 2196 5205 ,
2267 5144 2361 5195 καὶ
2419 5143 2523 5196 ὃσα
2581 5144 2647 5198 ἐκ
2707 5142 2997 5212 προσώπου
3064 5142 3229 5196 αὐτοῦ
3288 5145 3610 5215 διηγεῖταιή

2068 5233 2391 5304 προφητεία.
2430 5233 2484 5287 Ὀ
2515 5232 2913 5305 ἀφαιρούμενος
2957 5214 3079 5305 ὅρια
3126 5233 3293 5287 ἐθνῶν
3422 5214 3607 5303 ἔστησε,

2067 5324 2311 5395 δηλονότι
2368 5326 2398 5377 6
2439 5324 2732 5393 ’Υψιστος,
2781 5324 2905 5377 κατ’
2972 5323 3205 5396 ἀριθμὸν
3248 5324 3482 5393 ἀλλήλων
3520 5331 3610 5383 αὺ-

2066 5414 2161 5469 τοῦ
2194 5453 2210 5478 ,
2274 5416 2304 5468 ὁ
2366 5412 2795 5482 καταλαμϐάνων
2857 5412 2954 5483 τὴν
3006 5413 3328 5483 οἰκουμένην
3377 5413 3450 5477 ὡς
3492 5429 3607 5466 νοσ-

2072 5504 2215 5567 σιὰν,
2249 5504 2343 5558 καὶ
2388 5504 2465 5566 ὼς
2512 5501 2940 5573 καταλελειμένα
2997 5501 3080 5558 ea
3172 5511 3346 5576 αἴρων
3376 5503 3516 5559 αὐτὰ·
3581 5508 3607 5557 6

340 5660 365 5700 τ
470 5664 493 5724 ξ
526 5662 662 5719 Luc.
701 5663 873 5732 11,29,
926 5665 1014 5719 50.
1088 5670 1109 5700 ί
1138 5666 1295 5723 Joan.
1323 5685 1400 5739 vi,
1433 5671 1520 5728 69.
1600 5674 1622 5707 ³
1655 5672 1803 5734 Psal.
1845 5690 1954 5735 οτι]

2071 5721 2080 5736 .
2140 5679 2179 5712 νδ
2206 5678 2354 5735 Psal.
2387 5696 2444 5747 κ,
2472 5678 2505 5733 9
2534 5692 2644 5734 sec.
2678 5673 2842 5731 llebr.
