3752 5984
83 147 182 205 88!

1185 155 1250 209 m
1282 134 1573 213 caunos
1602 152 1873 211 easne.
1912 157 2201 214 nonius
2243 155 2303 213 γ.

3224 147 3330 204 83‘2

82 266 255 334 λέγων
327 269 537 322 τιθέναι
604 270 790 326 ἐπάνω
842 269 949 324 τῶν
1002 275 1241 343 νεφελῶν
1305 278 1396 330 τὸν
1468 276 1690 348 θρόνον,

1821 291 1876 330 ιω
1947 277 2107 347 plane
2146 283 2285 332 sunt
2346 272 2633 333 terribilia,
2692 262 2849 339 cuius
2881 268 3048 322 latera
3109 263 3329 335 quidem

79 358 263 421 αὐτοῦ,
327 361 423 414 καὶ
479 362 661 431 ὅμοιος
717 361 961 429 γίνεσθαι
1012 363 1382 436 τῷΎψίστῳ,
1422 369 1514 421 καὶ
1555 369 1654 420 ὅσα

77 449 133 501 ἐν
158 449 232 520 τῷ
249 449 368 503 Ἰὼὸ
391 454 420 505 δ
456 451 617 521 λόγος
643 455 770 525 περὶ
799 455 962 507 αὑτοῦ
982 455 1333 528 διεξέρχεται,
1359 459 1427 512 τά
1451 460 1578 529 φοὸε
1589 460 1655 530 ρὰ

77 540 168 592 καὶ
200 541 468 614 φρικώδη,
513 538 574 597 οῦ
608 546 804 614 χαλκαῖ
832 544 932 615 μὲν
974 548 1030 601 ai
1060 547 1312 619 πλευραὶ,
1358 549 1571 620 σίδηρος
1600 550 1655 603 δὲ

78 632 232 701 χυτδς
264 634 297 702 ἡ
332 633 512 703 ῥάχις,
543 634 745 703 ἔγκατα
767 635 823 689 δὲ
855 634 1020 690 αὑτοῦ
1051 639 1319 709 σμυρίτης
1346 638 1489 702 λίθος
1514 657 1528 671 ·
1562 641 1655 692 καὶ

80 723 253 775 πάντα
299 724 546 790 τοιαῦτα,
593 725 659 778 δι’
700 718 774 778 ὦν
806 726 905 796 τὴν
948 726 1184 797 φοϐερὰν
1227 727 1388 796 φύσιν
1441 730 1656 800 ἐκείνην

79 812 385 883 ὑπογράφει
418 818 446 867 ὁ
495 813 673 883 λόγος.
700 807 868 879 Οὗτος
895 811 988 868 οὖν
1009 817 1037 868 ό
1061 817 1318 880 τοιοῦτος,
1336 822 1363 872 ὁ
1380 818 1656 883 τοσοῦτος,

76 906 103 956 δ
132 906 438 975 στρατηγὸς
468 906 577 959 τῶν
606 909 662 960 ἐν
693 906 1045 977 τοῑς’δαίμοσι
1071 907 1371 975 λεγεώνων,
1394 888 1517 972 ἱπῶς
1535 912 1652 963 dvo-

56 995 307 1063 Δμάζεται
343 997 494 1067 παρὰ
522 996 620 1066 τῆς
649 997 910 1067 ἀληθινῆς
937 1014 996 1050 τε
1022 999 1115 1051 καὶ
1144 999 1310 1069 μόνης
1339 1000 1654 1069 δυνάμεως;

76 1083 631 1152 Μικρὸνάλωπέκιον.
666 1086 775 1138 Καὶ
799 1088 848 1138 oi
876 1086 1004 1157 περὶ
1032 1087 1193 1139 αὑτὸν
1218 1088 1438 1153 πάντες,
1470 1091 1502 1158 ἡ
1527 1091 1657 1143 ὑπο-

80 1174 281 1244 χείριος
326 1173 476 1243 αὐτῷ
511 1174 758 1246 στρατιὰ,
805 1176 1005 1239 πάντες
1034 1176 1171 1229 κατὰ
1202 1179 1261 1230 τὸ
1296 1178 1408 1231 ἴσον
1446 1179 1655 1243 ἐξευτεο

78 1264 355 1328 λισθέντες
407 1268 863 1337 κατονομάζονται
917 1269 1067 1339 παρά
1111 1267 1205 1322 τοῦ
1263 1271 1657 1341 παρορμῶντος

76 1354 213 1423 πρὸς
260 1355 364 1424 τὴν
402 1355 522 1410 κατ’
550 1357 729 1410 αὐτῶν
763 1357 937 1428 ἄγραν
966 1360 1089 1421 τοὺς
1124 1358 1411 1429 θηρευτὰς.
1456 1358 1577 1414 Εἶεν
1599 1363 1655 1416 δὲ

75 1445 139 1495 ἂν
164 1439 316 1498 οὗτοι
341 1445 484 1517 τάχα
523 1448 621 1518 μὲν
654 1449 710 1501 αί
738 1449 1028 1517 ἀγγελικα)⁸
1056 1450 1331 1520 δυνάμεις,
1360 1453 1419 1506 αί
1444 1454 1540 1524 τῆς
1574 1455 1656 1508 δε-

74 1537 343 1606 σποτικῆς
362 1540 661 1610 παρουσίας
681 1540 772 1592 ἐπὶ
789 1540 885 1613 τὴν
906 1541 1009 1611 γῆν
1030 1543 1540 1612 προπομπεύουσαι,
1559 1550 1656 1602 καὶ

1754 377 1881 422 ευηι
1938 383 2107 431 amca,
2167 382 2360 420 aurum
2415 371 2595 417 autem
2630 362 2788 417 fusile
2821 362 3010 431 spina;
3071 355 3332 413 intestina

1753 468 1934 515 autem
1955 461 2073 531 ejus
2126 460 2265 529 lapis
2298 457 2553 527 smyritcs
2580 474 2591 509 :
2627 464 2680 509 et
2702 467 3037 524 quaecunque
3063 456 3190 505 sunt
3225 448 3330 502 bu-

1749 549 2013 618 jusmodi,
2057 565 2152 618 per
2179 564 2299 618 quae
2355 547 2654 600 terribilem
2715 544 2865 598 illam
2928 549 3179 595 naturam
3232 538 3330 593 de-

1753 640 1944 694 scribit
1977 638 2280 710 Scriptura.
2314 636 2412 691 llic
2446 652 2578 707 ergo
2609 636 2736 690 talis
2774 643 2828 689 et
2860 640 3052 686 tantus
3087 631 3330 699 impera-

1755 740 1840 784 tor
1874 732 2145 802 legionum
2172 732 2500 791 daeunonum,
2532 724 2992 796 quemadmodum
3024 737 3052 774 a
3104 734 3239 805 vera.
3280 725 3333 772 et

1754 823 1870 877 sola
1901 829 2167 893 potestate
2197 820 2551 876 nominatur?
2579 833 2742 888 parva
2773 817 2965 886 vulpes
3005 833 3017 868 :
3050 825 3103 866 et
3142 826 3333 866 omnes

1755 915 1846 984 qui
1869 928 1993 968 eum
2015 913 2446 971 circumsistunt,
2471 916 2523 963 et
2552 906 2843 961 universus
2866 904 2957 974 qui
2981 913 3064 957 est
3084 900 3188 955 sub
3213 899 3332 967 ejus

1754 1009 2023 1076 potestate
2050 1003 2345 1063 exercitus,
2393 1013 2585 1054 oumes
2615 1013 2688 1052 ex
2722 1012 2878 1066 aequo
2912 992 3191 1062 despectui
3230 989 3332 1043 ha-

1756 1096 1854 1152 biti
1888 1095 2239 1149 nominantur
2272 1091 2572 1161 vulpeculae
2617 1089 2685 1143 ab
2730 1103 2796 1142 eo
2827 1086 2919 1156 qui
2949 1085 3139 1138 incitat
3168 1094 3335 1135 vena-
3390 1134 3395 1141 ,

1752 1198 1901 1243 tores
1928 1188 1993 1242 ad
2022 1203 2118 1243 eos
2148 1187 2447 1241 venandos.
2480 1182 2518 1236 li
2554 1189 2734 1235 autem
2774 1179 2914 1234 forte
2945 1176 3147 1231 fuerint
3172 1187 3334 1253 ange-

1758 1279 1876 1333 lica:
1910 1285 2235 1349 potestates,
2277 1291 2398 1346 qua:
2451 1275 2505 1327 in
2536 1274 2768 1327 adventu
2800 1268 3007 1323 Domini
3042 1267 3093 1319 in
3136 1273 3336 1318 terram

1755 1369 2030 1425 deducunt
2070 1367 2248 1439 ipsum
2300 1380 2478 1437 regem
2520 1364 2726 1434 gloriae,
2774 1363 2829 1415 in
2865 1359 3128 1414 mundum
3168 1353 3337 1408 addu-

1756 1467 1974 1521 centes,
2025 1465 2081 1512 et
2139 1457 2319 1525 ipsum
2353 1452 2704 1511 ostendentes
2740 1448 3161 1521 ignorantibus:
3204 1442 3336 1509 Quis

1756 1560 1832 1606 est
1869 1550 1969 1603 iste
1992 1546 2102 1603 Rea:
2114 1547 2341 1618 glorise?
2365 1542 2548 1600 Fortis
2572 1552 2620 1598 et
2650 1552 2829 1611 potens
2864 1540 2918 1593 in
2948 1537 3131 1607 prwlio
3154 1536 3197 1591 ⁸.

74 1628 163 1680 τὸν
207 1627 432 1697 βασιλέα
468 1629 568 1698 τῆς
615 1629 774 1700 δόξης
822 1630 972 1694 ὲντδς
1024 1632 1118 1684 τοῦ
1167 1631 1283 1701 βίου
1323 1636 1688 1708 παράγουσαι,
1726 1643 1818 1696 καὶ
1855 1642 1968 1703 τοῖς
2005 1637 2290 1707 ἀγνοοῦσιν
2320 1633 2774 1689 ἐπιδεικνύουσαι.
2828 1631 2922 1697 Τίς
2952 1630 3119 1682 ἐστιν
3159 1620 3338 1687 οὗτος

77 1722 107 1773 ό
137 1721 445 1788 βασιλεὺς
474 1721 583 1789 τῆς
611 1722 797 1791 δόξης
820 1740 840 1787 ;
881 1724 936 1776 Ὀ
960 1726 1238 1792 κραταιὸς
1272 1728 1369 1781 καί
1403 1727 1661 1799 δυνατὸς
1696 1736 1765 1790 ἐν
1789 1734 2045 1803 πολέμῳ.
3182 1778 3185 1781 μ

150 1815 312 1875 Ἴσως
339 1813 383 1867 δ’
406 1815 470 1869 ἄν
491 1833 574 1877 τις
602 1817 744 1868 εἴποι
776 1817 871 1870 καὶ
898 1817 964 1870 τὰ
995 1818 1342 1889 λειτουργικὰ
1373 1821 1658 1894 πνεύματα

1830 1828 1992 1883 Forte
2012 1832 2193 1881 autem
2231 1824 2429 1879 dixerit
2465 1820 2735 1891 quispiam
2764 1817 2928 1873 etiam
2979 1813 3207 1884 spiritus
3241 1824 3332 1865 au-

75 1904 141 1957 τά
177 1907 258 1967 είς
289 1905 566 1959 διακονίαν
608 1906 1046 1977 ἀποστελλόμενα
1082 1909 1169 1962 διὰ
1204 1912 1329 1971 τοὺς
1369 1912 1660 1981 μέλλοντας

75 1994 432 2065 κληρονομεῖν
466 1997 757 2066 σωτηρίαν.
812 1998 961 2067 Τάχα
991 1998 1046 2050 δὲ
1081 1999 1349 2070 θηρευτὰς
1393 2003 1536 2056 εἴποι
1573 2022 1657 2069 τις

74 2084 142 2137 ἂν
178 2085 272 2139 καὶ
304 2085 432 2149 τοὺς
471 2087 798 2151 ἀποστόλους
836 2083 1008 2152 εἶναι,
1058 2092 1183 2154 τοὺς
1227 2095 1305 2155 είς
1338 2093 1435 2163 τὴν
1485 2096 1658 2166 ἄγραν

72 2175 185 2228 τῶν
220 2174 426 2246 Θηρίων
461 2177 665 2230 τούτων
695 2181 1167 2250 ἐκπεμπομένους,
1198 2183 1333 2253 πρὸς
1367 2183 1459 2246 οὓς
1485 2183 1656 2250 εἶπεν,

71 2266 157 2317 ὅτι
190 2266 433 2333 Ποιήσω
460 2266 613 2335 ὑμᾶς
635 2268 823 2334 ἁλιεῖς
851 2268 969 2322 τῶν
991 2271 1336 2337 ἀνθρώπων.
1363 2275 1436 2326 Οὐ
1462 2275 1569 2346 γὰρ
1594 2275 1659 2328 ἂν

74 2355 393 2423 ἐνήργησαν
434 2355 532 2424 τὴν
574 2356 920 2428 ἀνθρωπίνην
973 2357 1160 2412 ἁλείαν
1207 2364 1274 2431 τῇ
1314 2361 1422 2414 τῶν
1465 2362 1662 2431 λογίων

75 2446 341 2516 περιϐολῇ
394 2445 492 2509 τὰς
534 2448 641 2499 τῶν
680 2448 1003 2519 σωζομένων
1041 2450 1218 2521 ψυχὰς
1249 2453 1658 2522 σαγηνεύοντες,

78 2539 128 2590 εἰ
162 2538 237 2609 μὴ
282 2540 545 2610 πρότερον
585 2542 651 2594 ἐκ
681 2540 789 2593 τῶν
832 2543 1057 2611 φωλεῶν
1084 2545 1152 2598 τά
1180 2545 1344 2616 θηρία
1379 2545 1550 2600 ταῦτα
1582 2548 1662 2614 ἐξ-

81 2626 298 2689 έόαλον,
314 2630 441 2692 τοὺς
471 2632 698 2701 μικροὺς
721 2631 963 2695 ἐκείνους
983 2632 1294 2699 ἀλώπεκας,
1321 2636 1385 2690 ἐκ
1404 2636 1509 2689 τῶν
1531 2653 1664 2709 καρ-

78 2716 211 2771 διῶν
239 2717 405 2787 λέγω,
436 2714 523 2783 αἷς
566 2720 915 2790 ἐνεφώλευον,
951 2722 1089 2776 ὥστε
1125 2725 1348 2794 ποιῆσαι
1391 2726 1555 2780 τόπον
1585 2726 1664 2798 τῷ

78 2808 196 2879 ΥΞῷ
226 2809 321 2863 τοῦ
355 2810 510 2875 Θεοῦ,
540 2811 674 2864 ὅπου
709 2812 807 2883 τὴν
836 2811 1032 2868 ἐαυτοῦ
1064 2815 1304 2887 κεφαλὴν
1352 2817 1663 2889 ἀναπαύσῃ,

80 2901 283 2971 μηκέτι
326 2901 426 2954 τοῦ
464 2902 656 2970 γένους
685 2902 792 2956 τῶν
841 2905 1143 2960 ἀλωπέκων
1176 2908 1234 2960 ἐν
1270 2910 1395 2972 ταῖς·
1418 2908 1664 2980 καρδίαις

79 2990 441 3060 φωλεύοντος.
464 2992 632 3064 ’Πλὴν
669 2993 876 3066 οὕσπερ
910 2995 977 3049 ἂν
1008 2995 1271 3067 ὑπόθηται
1299 3000 1428 3063 τοὺς
1465 3000 1664 3071 θηρευ-

78 3084 179 3146 τὰς
221 3080 362 3136 εἶναι
405 3086 433 3139 ὁ
464 3083 646 3152 λόγος,
695 3085 757 3137 τὸ
798 3085 1083 3156 μεγαλεῖον
1124 3090 1219 3142 καὶ
1246 3091 1524 3161 ἄφραστον
1566 3090 1666 3161 τῆς

1763 1918 2208 1979 ministratorios,
2230 1916 2322 1984 qui
2347 1913 2637 1968 mittuntur
2653 1910 2718 1965 ad
2740 1907 3099 1963 ministerium
3120 1911 3340 1974 propter

1762 2025 1856 2065 eos
1891 2010 1982 2080 qui
2050 2016 2180 2063 sunt
2237 2005 2405 2059 futuri
2471 2002 2714 2057 lueredes
2749 1999 2943 2055 salutis
2977 1997 3018 2051 °.
3081 1995 3338 2050 Fortasse

1762 2099 1921 2155 etiam
1960 2104 2138 2152 autem
2195 2094 2394 2150 dixerit
2421 2093 2696 2164 quispiam
2745 2096 3034 2142 venatores
3055 2100 3179 2141 esse
3212 2100 3336 2140 sau-

1764 2198 1882 2245 ctos
1922 2187 2219 2259 apostolos,
2260 2184 2353 2256 qui
2388 2185 2680 2238 mittuntur
2732 2180 2796 2235 ad
2829 2181 2927 2235 has
2967 2178 3108 2233 feras
3138 2191 3339 2231 venan-

1765 2280 1884 2334 das.
1941 2276 2151 2344 Quibus
2203 2276 2381 2331 dixit:
2418 2273 2642 2327 Faciam
2690 2288 2777 2325 vos
2828 2272 3117 2339 piscatores
3172 2266 3341 2322 Itami-

1766 2385 1890 2425 uum
1917 2370 1960 2423 ".
2001 2367 2119 2422 Non
2151 2367 2295 2422 enim
2337 2364 2596 2421 fecissent
2624 2363 2982 2434 piscationem
3034 2359 3340 2422 hominum,

1765 2455 2108 2527 eloquiorum
2151 2469 2349 2525 sagena
2413 2467 2604 2508 eorum
2644 2451 2736 2522 qui
2778 2451 2914 2513 salvi
2972 2449 3106 2503 fiunt
3131 2447 3342 2502 animas

1766 2550 2100 2614 irretientes,
2134 2547 2240 2603 nisi
2264 2546 2419 2618 prius
2452 2560 2483 2601 e
2505 2542 2783 2615 speluncis
2812 2540 3022 2596 belluas
3058 2538 3348 2609 ejicerent,

1767 2656 1961 2711 nempe
1990 2654 2186 2711 parvas
2226 2638 2416 2708 vulpes
2448 2651 2514 2691 ex
2540 2630 2802 2689 cordibus
2831 2632 3108 2702 inquibus
3157 2629 3344 2685 delite-

1769 2732 2017 2795 scebant,
2054 2737 2112 2784 ut
2168 2727 2308 2783 Filio
2363 2735 2417 2783 et
2465 2728 2575 2781 Deo
2629 2726 2808 2779 locum
2852 2723 3115 2786 facerent,
3153 2722 3204 2775 in
3237 2735 3345 2790 quo

1768 2830 1932 2891 caput
1959 2836 2119 2876 suum
2167 2818 2481 2883 reclinaret,
2534 2816 2686 2870 nullo
2718 2829 2917 2886 genere
2948 2812 3187 2884 vulpium
3214 2813 3347 2867 deli-

1769 2918 2011 2968 tescente
2063 2911 2298 2981 amplius
2346 2908 2400 2963 in
2434 2906 2714 2963 cordibus.
2768 2907 3036 2962 Caterum
3085 2920 3194 2959 non
3226 2917 3349 2958 esse

1769 3019 1908 3073 quos
1931 3004 2080 3074 ponit
2131 3002 2408 3071 Scriptura
2453 3007 2764 3064 venatores,
2830 3011 3082 3068 magnam
3125 3005 3180 3051 et
3214 2994 3351 3049 inef~

1773 3091 1991 3146 fabilem
2035 3092 2275 3147 divinam
2340 3092 2618 3152 virtutem,
2673 3088 2937 3144 discimus
2980 3103 3077 3158 per
3120 3101 3183 3141 ea
3230 3102 3351 3156 qua:

79 3171 236 3236 θείας
265 3172 550 3242 δυνάμεως
582 3173 670 3226 διὰ
711 3173 819 3226 τῶν
858 3179 1348 3249 προστεταγμένων
1376 3180 1556 3243 αὐτοῖς
1586 3180 1666 3233 δι·

1821 3184 1904 3239 .sis
1958 3183 2241 3253 jubentur.
2296 3183 2417 3237 Non
2454 3183 2599 3239 enim
2636 3180 2797 3248 dixit,
2820 3180 3110 3235 Venamini
3158 3194 3350 3249 aprum

76 3263 421 3334 δασκόμεθα.
479 3264 557 3320 Οὐ
589 3266 695 3335 γάρ
745 3262 920 3330 εἶπεν,
972 3268 1053 3321 ὅτι
1102 3270 1414 3340 Θηρεύσατε
1462 3265 1527 3325 ῦν
1576 3270 1667 3325 τὸν

80 3356 148 3406 ἐκ
192 3354 292 3407 τοῦ
342 3354 572 3425 δρυμοῦ,
631 3354 730 3426 τὴν
780 3356 1025 3427 ἄμπελον
1077 3360 1170 3412 τοῦ
1222 3360 1357 3413 Θεοῦ
1415 3361 1670 3430 λυμαινό-

84 3463 275 3517 μενον,
326 3446 358 3517 ἢ
398 3446 489 3498 τὸν
534 3447 715 3516 μονιὺν
756 3448 848 3501 τὸν
889 3449 1101 3519 ἄγριον,
1141 3451 1174 3520 ἢ
1213 3452 1304 3504 τὸν
1359 3452 1670 3523 ῶρυόμενον

84 3537 355 3608 λέοντα,ἢ
390 3537 452 3590 τὸ
474 3537 617 3607 μέγα
640 3537 825 3607 κῆτος,
846 3539 879 3609 ἢ
904 3540 996 3592 τὸν
1031 3541 1357 3612 ὑποϐρύχιον
1381 3542 1667 3612 δράκοντα.

86 3623 168 3681 Ἦ
204 3628 322 3699 γὰρ
349 3628 413 3680 ἄν
438 3644 560 3680 τινα
583 3624 813 3696 δύναμιν
844 3626 952 3680 τῶν
984 3629 1429 3699 ἀντιμαχούντων
1454 3631 1541 3684 διὰ
1564 3631 1673 3684 τῶν

87 3719 355 3775 τοιούτων
386 3723 414 3774 ό
438 3720 593 3791 λόγος
624 3725 737 3785 τοῖς
771 3721 1065 3791 θηρευταῖς
1105 3719 1460 3773 ἐνεδείκνυτο.
1515 3720 1675 3775 Ἀλλὰ

90 3814 294 3878 πᾶσαι,
327 3814 511 3884 φησὶν,
542 3816 748 3866 ἐκεῖναι
781 3814 840 3866 αἱ
873 3811 1138 3882 περίγειοι
1170 3810 1503 3875 δυναστεῖαι,
1540 3813 1674 3883 πρὸς

85 3905 157 3970 ἃς
190 3908 225 3974 ἡ
255 3905 405 3975 πάλη
434 3910 547 3970 τοῖς
576 3906 883 3978 ἀνθρώποις
917 3905 1086 3967 ἐστὶν,
1115 3903 1283 3974 ἀρχαί
1321 3921 1383 3956 τε
1408 3904 1500 3956 καὶ
1527 3904 1676 3968 ἐξου-

91 4000 232 4063 σίαι,
266 4000 366 4053 καὶ
404 4001 841 4071 κοσμοκράτορες
869 3999 1115 4061 σκότους,
1144 3997 1239 4051 καὶ
1267 3995 1552 4066 πνεύματα
1580 4013 1676 4049 πο-

88 4090 319 4161 νηρίας,
348 4088 629 4143 ἀλωπεκία
648 4090 766 4142 ἐστὶ
793 4088 985 4159 μικρά,
1002 4086 1193 4157 δολερά
1220 4103 1278 4138 τε
1303 4086 1397 4140 καὶ
1422 4086 1676 4154 δύστηνα,

88 4181 238 4253 πρὸς
283 4181 382 4252 τὴν
422 4180 696 4251 ἡμετέραν
730 4176 1028 4250 κρινόμενα
1058 4176 1308 4247 δύναμιν.
1372 4176 1499 4229 Ἐὰν
1539 4176 1682 4229 ἐκεί-

1773 3274 2102 3340 silvestrem,
2150 3273 2245 3344 qui
2287 3275 2499 3329 vineam
2532 3271 2627 3327 Dei
2667 3272 3054 3342 depopulatur,
3093 3277 3186 3324 aut
3237 3270 3354 3323 sin-

1770 3366 2010 3435 gularem
2065 3366 2271 3429 ferum,
2319 3375 2413 3419 aut
2461 3365 2758 3434 rugientem
2806 3364 3038 3429 leonem,
3094 3370 3188 3415 aut
3239 3375 3352 3414 ma-

1773 3473 1930 3529 gnam
1949 3459 2235 3521 balaenam,
2280 3466 2371 3510 aut
2404 3438 2676 3509 marinum
2717 3459 3035 3509 draconem.
3065 3451 3183 3506 Vim
3205 3453 3351 3505 enim

1773 3549 2008 3618 aliquam
2063 3561 2249 3603 eorum
2303 3561 2424 3616 quae
2476 3553 2665 3599 contra
2728 3545 3081 3616 depugnant,
3143 3556 3239 3613 per
3288 3557 3353 3595 ea

1774 3638 2086 3693 ostenderet
2144 3638 2319 3692 oratio
2370 3636 2763 3707 venatoribus.‘
2804 3634 2907 3689 Sed
2959 3635 3064 3688 illac
3121 3648 3353 3697 omnes,

1775 3729 1983 3799 inquit,
2031 3735 2322 3783 terrestres
2379 3734 2714 3797 potestates,
2772 3729 3032 3780 adversus
3081 3738 3218 3793 quas
3273 3732 3355 3779 est

1775 3821 2088 3875 colluctatio
2139 3820 2477 3882 hominibus,
2537 3819 2894 3889 principatus,
2949 3823 3247 3887 potestates
3304 3821 3357 3869 et

1779 3919 2018 3966 rectores
2061 3912 2406 3968 tenebrarum
2468 3909 2657 3964 mundi
2692 3910 2879 3979 hujus,
2920 3917 2973 3963 et
3000 3908 3230 3978 spiritus
3260 3921 3357 3961 ne-

1776 4002 1981 4073 quitiae,
2026 4013 2153 4057 sunt
2197 4017 2379 4072 parva:
2428 4002 2615 4071 vulpes
2660 4001 2862 4057 dolosa:
2901 4012 2954 4056 et
2998 3999 3263 4062 infelices,
3311 3999 3356 4054 si

1780 4109 1902 4149 cum
1955 4094 2158 4150 nostris
2215 4092 2570 4148 conferantur
2627 4094 2855 4148 viribus.
2923 4091 2979 4147 Si
3037 4091 3161 4145 illas
3207 4090 3357 4145 devi-

1781 4183 2000 4248 ceritis,
2059 4184 2337 4256 propriam
2400 4185 2680 4256 accipietis
2733 4185 2982 4255 gratiam.
3049 4181 3216 4237 Vinea
3264 4197 3361 4234 no-

91 4292 209 4329 νων
246 4273 727 4343 κατακρατήσητε,
762 4269 1071 4341 ἀπολήψετε
1102 4269 1204 4340 τὴν
1231 4268 1368 4322 ἰδίαν
1400 4268 1580 4339 χάριν.
1621 4268 1681 4321 ὐ

1821 4283 1896 4326 Lra
1942 4280 2028 4328 est
2072 4273 2309 4327 humana
2368 4279 2603 4336 natura,
2675 4286 2795 4342 quae
2854 4269 2956 4324 fert
3016 4269 3203 4322 botros
3268 4281 3362 4334 per

86 4363 369 4436 ἀμπελὼν
413 4365 443 4417 ὁ
473 4363 762 4435 ἡμέτερος,
806 4363 845 4432 ἡ
890 4360 1207 4432 ἀνθρωπίνη
1236 4358 1418 4429 φύσις,
1448 4360 1543 4412 καὶ
1586 4359 1682 4429 τὴν

1821 4376 1942 4417 ores
1988 4362 2109 4417 vitae
2163 4378 2284 4434 quae
2334 4362 2514 4432 agitur
2565 4377 2630 4416 ex
2670 4362 2890 4415 virtute.
2952 4357 3140 4427 Capite
3198 4356 3364 4425 igitur

85 4455 206 4509 τῶν
232 4453 478 4526 βοτρύων
509 4453 681 4525 φοράν
696 4452 785 4506 δή
801 4450 897 4505 τοῦ
911 4451 1116 4521 ,ἄνθους
1137 4449 1237 4521 τῆς
1261 4450 1518 4522 ἐναρέτου
1541 4450 1683 4502 πολι-

1821 4450 1933 4504 abis
1968 4465 2158 4519 parvas
2214 4450 2412 4520 vulpes,
2475 4467 2592 4521 qua:
2647 4449 3005 4502 demetiuntur
3061 4448 3262 4509 vineas,
3314 4456 3363 4500 et

85 4547 255 4608 τείας
293 4543 732 4616 προοιμιάζεται.
801 4541 1063 4596 Πιάσατε
1106 4535 1200 4594 οὖν
1245 4539 1391 4608 ἡμῖν
1435 4538 1688 4607 μικροὺς

1821 4541 1951 4595 iners
1978 4550 2176 4596 nostra!
2197 4543 2412 4611 ﬂorent.
2439 4540 2688 4595 Divinum
2707 4539 2927 4610 jussum
2953 4540 3161 4595 audivit
3183 4539 3362 4603 vinea,

86 4636 423 4702 ἀλώπεκας
450 4634 844 4705 ἀφανίζοντας
866 4630 1209 4702 ἀμπελῶνα,
1238 4631 1333 4684 καὶ
1358 4633 1417 4683 αἱ
1433 4630 1688 4698 ἄμπελοι

1826 4648 1982 4703 empe
2007 4635 2200 4689 mulier
2231 4635 2299 4689 de
2326 4649 2434 4705 qua
2479 4633 2615 4688 dicit
2639 4632 2830 4700 David,
2900 4632 3049 4687 Uxor
3092 4640 3185 4686 tua
3229 4633 3365 4685 sicut

89 4727 276 4797 ἡμῶν
290 4744 347 4780 κτ
357 4725 882 4794 ·πρίζουσιν.Ἤκου
890 4739 949 4777 σε
1007 4719 1097 4773 τοῦ
1111 4720 1256 4773 θείου
1272 4717 1688 4789 προστάγματος

1821 4726 1904 4780 itis
1928 4726 2205 4781 abundans
2237 4727 2278 4779 ⁸.
2313 4725 2378 4779 Ει
2413 4725 2547 4779 vidit
2576 4740 2715 4788 eam,
2743 4724 2943 4777 virtute
2964 4723 3083 4793 ejus
3115 4722 3209 4790 qui
3255 4720 3369 4791 jus-

88 4820 126 4888 ἡ
167 4814 438 4887 ἄμπελος.
482 4817 515 4886 ή
554 4813 714 4884 γυνὴ,
749 4813 878 4883 περὶ⁵
911 4805 982 4884 ἦς
1016 4828 1181 4882 φησιν
1219 4813 1247 4865 ὁ
1289 4812 1471 4875 Δαὸὶδ,
1508 4813 1587 4864 ὅτι
1629 4813 1691 4867 Ἡ

91 4909 264 4978 τυνή
284 4922 403 4961 σου
424 4905 505 4970 ὡς
526 4907 799 4981 ἄμπελος
818 4904 1181 4970 εὐθηνοῦσα.
1216 4905 1324 4957 Καὶ
1348 4905 1459 4959 ἴδεν
1486 4907 1689 4977 ἑαυτὴν

92 5002 159 5051 ἐν
197 4998 270 5067 τῇ
304 4995 534 5066 δυνάμει
575 4994 669 5048 τοῦ
700 4993 1057 5057 κελεύσαντος
1094 4994 1194 5065 τῆς
1227 4996 1291 5048 ἐκ
1323 4994 1430 5048 τῶν
1474 4996 1679 5068 θηρίων

92 5087 318 5145 τούτων
339 5088 517 5159 λύμης
543 5086 982 5157 κεκαθαρμένην,
1017 5086 1112 5138 καὶ
1145 5086 1305 5150 εὐθὺς
1327 5086 1540 5139 δίδωσιν
1564 5090 1684 5141 ἐαυ-

94 5179 205 5251 τὴν
235 5177 317 5250 τῷ
345 5176 579 5248 γεωργῷ
612 5174 690 5247 τῷ
717 5176 777 5229 τὸ
810 5176 1119 5246 μεσότοιχον
1158 5174 1253 5227 τοῦ
1296 5175 1549 5245 φραγμοῦ
1587 5176 1682 5230 λύ-

1788 4816 1881 4879 sit,
1938 4816 2005 4871 ab
2052 4818 2220 4872 exitio
2272 4828 2325 4873 et
2396 4817 2819 4887 depopulatione
2874 4814 3067 4868 barum
3128 4813 3364 4867 ferarum

1789 4916 2163 4978 expurgatam,
2220 4919 2273 4963 et
2319 4910 2501 4963 statim
2560 4908 2653 4962 dat
2698 4907 2933 4976 seipsam
2977 4903 3230 4974 agricolae
3272 4903 3365 4972 qui

1787 4999 1932 5068 sepis
1954 4998 2339 5052 intermedium
2367 4998 2534 5052 diruit
2560 4998 2841 5067 parietem.
2866 4993 3051 5062 Neque
3078 4993 3221 5047 enim
3253 5007 3368 5044 am-

1793 5089 1935 5159 plius
1965 5095 2182 5147 arcetur
2216 5090 2420 5158 pariete
2449 5088 2607 5159 legis,
2653 5103 2760 5157 quo
2794 5086 2975 5141 minus
3006 5085 3369 5154 conjungatur

1790 5195 1912 5233 eum
1937 5192 2004 5231 eo
2027 5178 2119 5247 qui
2154 5176 2516 5232 desideratur.

98 5288 287 5328 σαντι.
328 5268 530 5323 Οὐκέτι·
558 5267 665 5337 γὰρ
707 5264 784 5336 τῷ
833 5264 998 5336 τοίχῳ
1028 5265 1123 5318 τοῦ
1165 5265 1330 5335 νόμου
1377 5267 1512 5336 πρὸς
1551 5266 1649 5337 τὴν
1691 5268 1981 5337 συνάφειαν
2014 5266 2108 5319 τοῦ
2138 5265 2474 5337 ποθουμένου
2508 5265 2911 5336 διατειχίςεται.

193 5365 398 5429 Ἀλλὰ,
425 5362 611 5432 φησὶν,
630 5359 745 5429 ἐγὼ
766 5358 848 5424 τῷ
873 5357 1172 5427 ἀδελφιδῷ
1185 5376 1325 5429 μου,
1343 5360 1441 5413 καὶ
1468 5363 1500 5413 ό
1524 5359 1690 5415 ἀδελ.

102 5454 289 5527 φιδός
300 5472 422 5525 μου
442 5453 594 5522 ἐμοὶ,
607 5455 640 5506 ό
661 5450 990 5521 ποιμαίνων
1003 5450 1073 5504 ἐν
1091 5450 1215 5518 τοῖς
1234 5450 1603 5521 κρίνοις-,ἓως
1618 5448 1692 5513 οὗ

1887 5360 1986 5415 Sed
2041 5377 2164 5431 ego,
2223 5360 2430 5431 inquit,
2495 5361 2725 5431 patrueli
2798 5376 2945 5425 meo,
3003 5370 3052 5413 et
3116 5365 3369 5427 patruelis

1800 5469 1942 5508 meus
1975 5453 2138 5521 mihi,
2168 5452 2257 5523 qui
2286 5454 2453 5523 pascit
2490 5454 2626 5510 inter
2668 5452 2816 5522 lilia,
2858 5452 3019 5506 donec
3063 5450 3370 5523 perspirarit

180 5567 204 5602 '
252 5565 405 5624 Psal.
444 5581 601 5631 mu,
639 5565 671 5619 8
769 5566 788 5596 ⁸
815 5562 976 5619 llcbr.
1011 5581 1049 5631 ι,
1100 5566 1184 5621 li.
1260 5568 1281 5600 '-'
1330 5568 1524 5623 Matth.
1555 5584 1627 5634 Iv,
1664 5568 1727 5645 i9
1822 5571 1843 5603 ⁸
1890 5569 2034 5627 Psal.
2068 5584 2273 5639 cxxvu,
2313 5571 2367 5626 5.
