3752 5984
400 135 503 195 εἷῆ

1614 144 1670 200 S.
1713 146 2038 204 CREGORI!
2078 149 2399 218 NYSSENI,

3462 209 3479 224 ,
3536 154 3644 207 νει

395 252 504 308 dies
534 262 582 304 et
629 261 783 305 mota:
813 251 1010 320 fuerint
1048 253 1269 310 umbrae.
1322 255 1435 311 Hoc
1479 267 1661 315 autem
1699 270 1782 317 est
1813 276 1828 316 :
1857 260 1971 318 Vidi

2145 270 2418 336 ιιπνεύσῃ
2445 269 2484 336 ἡ
2506 266 2713 336 ἡμέρα,
2738 267 2833 320 καὶ
2854 265 3180 335 κιηθῶσιν
3194 270 3255 321 al
3277 268 3464 323 σκιαί.
3488 272 3648 324 ’τουτο

398 341 535 403 facie
561 340 636 394 ad
658 337 853 394 faciem
885 357 1007 396 eum
1038 342 1131 413 qui
1163 358 1377 415 semper
1404 358 1605 413 manet,
1638 358 1692 406 et
1720 353 1811 420 qui
1844 368 1970 423 pro-

396 442 517 503 pter
541 448 627 488 me
653 448 717 487 ex
747 448 940 489 sorore
963 450 1081 489 mea
1111 435 1398 508 Synagoga
1428 439 1483 493 in
1514 440 1748 496 humana
1777 453 1972 499 natura

395 530 481 580 est
515 531 774 586 exortus,
813 534 866 578 et
901 524 956 578 in
990 540 1055 580 eo
1091 526 1414 595 requiesco,
1451 537 1505 583 et
1545 530 1615 584 lio
1650 536 1771 601 ejus
1807 534 1966 588 babi—

395 615 659 675 taeulum.
706 613 804 669 Hic
832 615 975 670 enim
1009 625 1094 671 est
1124 625 1314 687 pastor
1341 618 1520 675 bonus
1541 660 1555 682 ,
1587 623 1679 691 qui
1712 638 1817 677 non
1849 623 1973 679 feno

397 704 575 775 pascit
617 720 868 774 gregem,
918 706 1011 761 sed
1061 722 1200 776 puro
1234 708 1352 762 lilio
1400 711 1578 779 pascit
1610 727 1759 767 oves.
1801 712 1850 770 Is
1881 726 1965 772 est

396 797 541 852 enim
588 810 776 850 revera
823 796 918 866 qui
971 797 1094 854 leno
1124 813 1234 853 non
1272 801 1509 870 amplius
1548 804 1719 857 nutrit
1764 803 1970 860 fenum.

395 886 614 941 Naturae
648 889 794 942 enim
826 891 1037 960 experti
1071 891 1302 947 rationis
1332 895 1616 964 proprium
1663 899 1974 953 nutrimen-

397 988 508 1032 tum
546 987 629 1034 est
661 978 867 1035 fenum.
903 979 1077 1036 Homo
1108 989 1291 1037 autem
1325 999 1450 1039 cum
1483 987 1555 1041 sit
1584 988 1855 1058 particeps
1884 1004 1972 1042 ra-

395 1070 598 1133 tionis,
636 1087 765 1125 vero
809 1072 1052 1126 nutritur
1105 1074 1297 1130 verbo.
1349 1074 1506 1140 Quod
1561 1078 1607 1132 si
1655 1078 1971 1148 hujusmodi

396 1161 521 1215 feno
556 1160 723 1216 fuerit
756 1170 1072 1228 saturatas,
1102 1163 1220 1232 ipse
1247 1180 1470 1234 quoque
1507 1167 1563 1220 [it
1596 1166 1800 1224 fenum.
1844 1169 1972 1225 0m-

397 1252 478 1308 nis
514 1253 659 1307 enim
683 1291 697 1317 ,
737 1252 956 1323 inquit,
984 1271 1108 1308 caro
1145 1264 1222 1309 est
1264 1256 1441 1325 fenum
1475 1260 1516 1323 ³,
1556 1260 1800 1328 quandiu
1841 1276 1971 1316 caro

392 1349 498 1399 est.
550 1340 645 1396 Sin
694 1351 875 1398 autem
911 1344 1003 1398 fiat
1040 1346 1273 1417 spiritus
1303 1348 1397 1418 qui
1434 1360 1599 1405 natus
1635 1360 1718 1407 est
1749 1368 1816 1408 ex
1856 1353 1971 1423 spi-

394 1434 544 1497 ritu,
592 1448 700 1488 non
751 1436 986 1504 amplius
1033 1438 1218 1492 cibum
1260 1439 1518 1509 depascet
1572 1458 1636 1497 ex
1679 1442 1836 1509 feno,
1874 1444 1969 1499 sed

395 1523 623 1594 spiritus
651 1524 756 1579 erit
785 1525 904 1594 ejus
936 1526 1254 1582 alimentum
1279 1571 1293 1596 ,
1344 1530 1489 1600 quod
1533 1533 1755 1601 quidem
1800 1535 1966 1591 tacite

393 1593 667 1684 significat
722 1593 823 1668 lilii
880 1617 1094 1687 puritas
1144 1626 1200 1672 et
1248 1593 1426 1676 bonus
1476 1593 1634 1677 odor.
1678 1622 1797 1678 Erit
1835 1641 1965 1695 ergo
1994 1593 2038 1651 Β

392 1704 508 1773 ipse
538 1719 756 1774 quoque
799 1702 972 1760 lilium
1016 1724 1213 1777 purum
1242 1717 1295 1764 et
1327 1711 1465 1766 bene
1496 1713 1651 1768 olens
1673 1753 1687 1777 ,
1723 1724 1966 1771 mutatus

391 1801 446 1849 et
476 1796 743 1853 alteratus
776 1811 841 1851 ex
878 1797 1122 1852 alimenti
1157 1808 1374 1855 natura.
1407 1801 1521 1856 Hoc
1565 1810 1650 1858 est
1700 1803 1815 1861 dies
1864 1806 1961 1875 qui

390 1886 565 1942 radiis
597 1887 924 1943 diffunditur
958 1903 1055 1943 seu
1097 1892 1408 1962 perspirat,
1457 1894 1599 1949 sicut
1644 1894 1826 1949 divina
1865 1912 1963 1951 no-

392 1978 620 2047 minavit
655 1977 974 2048 Scriptura,
1023 1994 1142 2034 eam
1190 1998 1312 2051 qua:
1356 1999 1453 2053 per
1504 1986 1690 2042 radios
1736 1989 1965 2057 spiritus

274 2126 279 2135 ,
340 2109 342 2112 μ
394 2066 535 2131 facta
588 2077 672 2131 est
726 2068 1073 2125 dimisionem
1128 2075 1420 2129 nominans
1468 2077 1961 2145 perspirationem,

393 2158 540 2213 unde
591 2166 878 2219 moventur
911 2161 1119 2215 umbrae
1170 2162 1338 2215 vitae:
1396 2178 1533 2231 quas
1581 2166 1868 2236 diligenter
1912 2176 1966 2223 et

394 2250 640 2305 studiose
672 2249 978 2333 intuentur,
1009 2250 1101 2321 qui
1137 2251 1258 2311 luce
1288 2253 1536 2309 veritatis
1592 2256 1786 2311 anima:
1831 2272 1962 2311 ocu-

393 2341 507 2395 lum
540 2355 650 2394 non
689 2341 1039 2395 illustrarunt
1067 2381 1081 2407 ,
1114 2342 1364 2398 umbram
1399 2352 1453 2398 et
1487 2344 1539 2400 id
1576 2346 1720 2415 quod
1765 2355 1849 2401 est
1874 2361 1965 2401 va-

394 2446 527 2497 num
557 2445 621 2485 ac
648 2432 830 2495 inane,
859 2441 1113 2499 tanquam
1139 2432 1282 2502 quod
1305 2435 1590 2501 consistat,
1615 2437 1962 2505 aspicientes,

392 2532 448 2579 et
481 2523 630 2594 quod
663 2539 794 2579 vere
823 2532 942 2591 est,
980 2531 1242 2594 tanquam
1277 2525 1423 2595 quod
1456 2541 1563 2582 non
1596 2528 1697 2595 sit,
1735 2544 1844 2584 non
1879 2539 1987 2585 re-‘

392 2616 500 2675 ctis
532 2623 825 2681 cernentes
855 2616 1053 2671 oculis.
1087 2614 1193 2672 Sed
1226 2617 1319 2686 qui
1351 2617 1674 2673 nutriuntur
1703 2635 1797 2691 per
1826 2621 1962 2690 lilia,

2071 359 2126 412 δέ
2139 362 2285 412 ἐστιν
2299 376 2312 390 ·
2331 354 2502 421 Εἶδον,
2518 376 2589 428 φη
2599 359 2670 423 σι,
2687 359 2975 430 πρόσωπον
2993 359 3129 428 πρὸς
3147 359 3445 429 πρόσωπον
3462 362 3552 413 τὶν
3568 363 3651 415 ἀεὶ

2069 450 2199 503 ὄντα
2220 452 2357 520 ὅπερ
2375 448 2508 514 ἐστὶ,
2528 449 2597 501 δι’
2613 448 2711 517 ἐμὲ
2734 448 2788 500 δὲ
2810 450 2873 501 ὲκ
2889 449 2986 518 τῆς
3015 448 3248 518 ἀδελφῆς
3275 467 3378 519 μου
3407 450 3506 519 τῆς
3530 468 3650 505 ςυν-

2072 541 2294 611 αγωγῆς
2316 539 2676 611 ἀνθρωπικῶς
2704 540 3077 604 ἀνατείλαντα,
3121 541 3216 593 καὶ
3245 544 3303 594 ἐν
3336 543 3486 613 σὺτῷ
3518 543 3649 597 ἁνα-

2072 633 2336 702 παύομαι,
2381 632 2474 685 καὶ
2518 632 2736 701 γίνομαι
2779 630 2927 701 αὐτῷ
2956 631 3293 702 οἰκητήριον.
3343 629 3514 697 Οὗτος
3542 637 3648 707 γάρ

2070 725 2218 775 ἐστιν
2241 723 2270 774 6
2303 720 2506 790 ποιμὴν
2541 721 2571 772 6
2595 719 2779 783 καλὸς,
2811 720 2870 784 ὃς
2905 720 3026 789 οὐχὶ
3053 721 3245 790 χόρτον
3282 727 3517 776 ποιεῖται
3555 727 3648 795 τὴν
3702 742 3721 753 ν

2049 872 2051 874 η
2083 813 2177 868 ,ῶν
2207 813 2469 883 ποιμνίων
2495 812 2686 882 νομὴν,
2735 811 2870 865 ἀλλά
2917 812 3177 884 καθαροῖς
3208 814 3418 884 κρίνοις
3456 817 3649 886 τρέφει

2069 901 2138 955 τά
2168 901 2433 971 πρόϐατα.
2476 901 2550 954 Οὐ
2589 900 2785 970 μηκέτι
2830 900 3008 972 χόρτῳ
3051 900 3269 971 τρέφων
3311 902 3403 953 τὸν
3432 903 3648 973 χόρτον.

2084 992 2212 1045 ’ἰδία
2241 991 2349 1062 γὰρ
2388 989 2560 1061 τροφὴ
2597 990 2697 1058 τῆς
2724 989 2918 1056 ἀλόγου
2960 988 3175 1058 φύσεως
3203 990 3231 1040 ό
3263 981 3455 1059 χόρτος
3483 991 3650 1042 ἐστίν.

2084 1084 2142 1137 '0
2166 1084 2210 1136 δ’
2256 1083 2541 1151 ἄνθρωπος
2589 1082 2806 1150 λογικὸς
2843 1080 2949 1145 ὢν,
2997 1081 3074 1151 τῷ
3113 1080 3351 1150 ἀληθινῷ
3390 1079 3654 1151 τρέφεται

2069 1175 2232 1246 λόγῳ.
2276 1174 2339 1228 Εἰ
2364 1175 2420 1228 δὲ
2463 1174 2702 1239 τοιούτου
2742 1174 3099 1246 ἐμφορηθείη,
3147 1175 3240 1228 καὶ
3271 1173 3435 1237 αὐτὸς
3460 1175 3655 1243 χόρτος

2069 1265 2296 1335 γίνεται.
2330 1265 2506 1320 Πᾶσα
2530 1264 2639 1336 γὰρ
2666 1264 2844 1331 σὰρξ,
2878 1266 3033 1336 φησι,
3081 1267 3293 1333 χόρτος
3323 1267 3519 1329 ἐστὶν,
3550 1266 3653 1328 ἕως

2071 1357 2136 1412 ἂν
2170 1356 2305 1428 σὰρξ
2425 1358 2487 1409 Εἰ
2512 1355 2568 1408 δέ
2596 1373 2678 1418 τις
2718 1354 2939 1426 πνεῦμα
2995 1353 3223 1423 γένοιτο,
3257 1353 3548 1424 γεννηθεὶς
3591 1357 3653 1407 ἐκ

2070 1450 2164 1506 τοῦ
2213 1457 2544 1520 πνεύματος,
2594 1448 2778 1501 οὐκέτι
2810 1448 2902 1502 τὸν
2933 1447 3177 1520 χορτώδη
3219 1448 3654 1517 ὲπιϐοσκηθήσε-

2068 1558 2158 1596 ται
2198 1540 2330 1610 βίον,
2366 1538 2501 1592 ἀλλά
2532 1539 2594 1592 τὸ
2637 1539 2853 1609 πνεῦμα
2892 1537 3058 1592 αὐτοῦ
3101 1538 3253 1592 ἐσται
3281 1540 3477 1609 τροφὴ,
3516 1541 3653 1607 ὅπερ

2066 1637 2099 1703 ἡ
2139 1631 2449 1703 καθαρότης
2487 1632 2580 1683 καὶ
2619 1632 2651 1700 ἡ
2696 1630 2918 1684 εὖπνοια
2962 1630 3056 1683 τοῦ
3098 1630 3284 1701 κρίνου
3326 1631 3648 1685 αἰνίσσεται.

2069 1719 2262 1777 Ἔσται
2289 1719 2382 1775 οὖν
2417 1722 2509 1774 καὶ
2545 1721 2727 1785 αὐτὸς,
2767 1720 3007 1790 καθαρὸν
3050 1721 3232 1792 κρίνον
3274 1723 3365 1772 καὶ
3394 1721 3648 1785 εὔπνουν,

2066 1816 2204 1887 πρὸς
2224 1814 2319 1885 τὴν
2338 1816 2539 1884 τροφῆς
2559 1812 2719 1881 φύσιν
2744 1811 3140 1882 ἀλλοιούμενος.
3166 1812 3457 1865 Τουτέστιν
3491 1813 3527 1881 ἡ
3548 1811 3652 1863 δια-

2064 1892 2333 1979 δεχομένη
2352 1908 2472 1969 ταῖς
2491 1908 2703 1959 ἀκτῖσιν
2720 1905 2922 1975 ἡμέρα,
2955 1905 3073 1974 ἦτοι
3090 1904 3341 1957 διαπνέου
3351 1921 3439 1964 σα,
3464 1902 3652 1965 καθὼς

2065 1997 2345 2067 ὠνόμασεν
2362 1997 2394 2065 ἡ
2415 1993 2531 2047 θεία
2550 1993 2699 2062 φωνὴ
2712 1992 2808 2063 τὴν
2827 1990 2914 2044 διά
2931 1991 3023 2044 τοῦ
3043 1989 3347 2060 πνεύματος
3368 1990 3482 2042 τῶν
3500 1989 3644 2041 ἀκτί-

2065 2105 2171 2142 νων
2196 2086 2484 2156 γινομένην
2512 2084 2774 2153 διάχυσιν,
2797 2082 3056 2153 διαπνοὴν
3080 2082 3391 2151 ὀνομάσασα
3407 2121 3421 2141 ,
3444 2081 3576 2134 ὃθεν
3598 2083 3648 2133 1!

2065 2177 2160 2232 τοῦ
2194 2177 2309 2246 βίου
2344 2174 2760 2247 μετακινοῦνται
2789 2173 2937 2226 σκιαί
2965 2189 2979 2203 ο
3012 2172 3138 2242 περὶ
3157 2171 3225 2234 ἃς
3241 2171 3382 2224 κατά
3408 2171 3653 2239 σπουδὴν

2064 2268 2284 2341 ὁρῶσιν,
2319 2266 2370 2319 οἱ
2407 2265 2573 2335 μήπω
2602 2261 2679 2333 τῷ
2708 2253 2857 2328 φωτῖ
2872 2262 2971 2333 τῆς
2996 2261 3251 2330 ἀληθείας
3279 2260 3371 2314 τὸν
3406 2261 3517 2331 τῆς
3550 2262 3652 2330 ψυ-

2065 2361 2165 2430 χῆς
2192 2355 2467 2427 ὀφθαλμὸν
2519 2352 2985 2421 καταυγὰσαντες.
3027 2353 3075 2405 οἱ
3116 2351 3215 2422 τὴν
3248 2350 3407 2404 σκιὰν
3446 2351 3557 2403 καὶ
3595 2351 3652 2402 τὸ

2069 2451 2294 2522 μάταιον
2329 2447 2404 2509 ὡς
2431 2443 2677 2514 ὑφεστὼς
2716 2443 2966 2515 ὁρῶντες,
3017 2443 3113 2495 καλ⁵
3144 2441 3203 2495 τὸ
3230 2440 3446 2512 ἀληθῶς
3487 2440 3555 2493 δν
3580 2441 3652 2504 ὡς

2069 2541 2144 2613 μὴ
2164 2541 2222 2595 ὃν
2246 2539 2700 2613 παραϐλέποντες.
2740 2536 2876 2591 Ἀλλ’
2902 2538 2949 2589 oi
2968 2536 3056 2588 διά
3084 2534 3189 2587 τῶν
3211 2535 3411 2605 κρίνων
3438 2536 3648 2604 τρεψό-

2070 2650 2250 2703 μενοι,
2299 2630 2606 2692 τουτέστιν,
2653 2630 2705 2683 οί
2739 2633 2813 2699 τῇ
2842 2627 3058 2699 καθαρᾷ
3096 2644 3156 2680 τε
3199 2627 3293 2680 καὶ
3338 2627 3655 2699 εὐπνοούση

391 2707 499 2762 hoc
528 2717 908 2778 est,,quorum
937 2723 1077 2778 puro
1128 2714 1182 2762 et
1233 2708 1374 2763 bene
1414 2709 1580 2763 olenti
1631 2713 1967 2769 nutrimento

2145 2723 2237 2791 σφῇ
2261 2720 2360 2791 τὴν
2383 2719 2557 2790 ψυχὴν
2582 2719 2943 2788 πιαινόμενοι,
2964 2719 3144 2771 πᾶσαν
3160 2716 3443 2787 ἀπατηλήν
3468 2734 3533 2769 τε
3563 2718 3655 2769 καὶ

393 2799 774 2870 impinguatur
804 2799 988 2854 anima
1011 2838 1025 2863 ,
1056 2814 1182 2854 cum
1204 2799 1282 2853 ab
1323 2799 1472 2857 omni
1523 2799 1703 2856 fallaci
1750 2810 1804 2857 et
1841 2819 1965 2858 um-

2146 2811 2307 2883 ιοειδῆ
2328 2809 2625 2880 φαντασίαν
2651 2808 2759 2862 τῶν
2780 2808 2920 2862 κατά
2947 2807 3040 2861 τὸν
3076 2807 3185 2877 βίον
3206 2807 3394 2861 τοῦτον
3411 2808 3657 2861 σπουδα-

392 2890 560 2948 brosa
610 2891 825 2947 visione
865 2906 1054 2947 eorum
1107 2890 1163 2946 in
1202 2905 1324 2961 qum
1357 2890 1597 2946 studium
1634 2892 1691 2945 in
1723 2892 1826 2948 bac
1855 2894 1966 2949 vita

2145 2901 2307 2969 μένων
2345 2899 2553 2954 ἑαυτῶν
2588 2898 3019 2967 ἀποστήσαντες,
3053 2895 3189 2967 πρὸς
3226 2895 3328 2964 τὴν
3381 2894 3659 2967 ἀληθινὴν

393 2982 700 3047 confertur,
737 2997 797 3038 se
828 2983 1192 3045 abduxerint,
1223 2982 1289 3036 ad
1341 2996 1524 3038 rerum
1579 2997 1763 3038 veram
1820 2985 1968 3057 aspi-

393 3072 544 3133 cient
577 3073 941 3128 substantiam
967 3058 991 3138 ,’
1013 3072 1187 3128 eﬂ‘ecti
1221 3060 1479 3126 lilii'lucis
1512 3081 1566 3127 et
1592 3073 1719 3129 diei.

465 3160 594 3216 Haec
630 3162 828 3231 aspicit
867 3176 1071 3231 sponsa
1093 3200 1109 3224 ,
1143 3170 1198 3216 et
1239 3171 1398 3232 urget
1429 3162 1669 3219 Verbum
1703 3170 1765 3218 ut
1804 3178 1966 3235 quam

395 3254 663 3317 citissime
702 3268 854 3323 spem
884 3254 1150 3308 bonorum
1183 3253 1425 3309 deducat
1453 3256 1520 3309 ad
1551 3254 1805 3311 eﬂ‘ectum
1827 3299 1840 3323 ,
1878 3256 1966 3311 di-

395 3361 528 3401 cens
559 3364 570 3399 :
601 3343 870 3399 Revertere
898 3345 1000 3398 cito
1023 3385 1037 3410 ,
1067 3362 1097 3399 ο
1126 3345 1380 3414 patruelis
1399 3385 1414 3411 ,
1444 3347 1520 3401 sis
1547 3347 1737 3401 similis
1767 3364 1968 3414 caprea:

397 3444 493 3498 aut
534 3435 752 3490 [tinnula
798 3452 1065 3492 cervorum
1111 3452 1273 3506 supra
1319 3446 1518 3493 montes
1563 3441 1964 3495 concavitatum.

397 3528 533 3586 Vide
561 3540 621 3582 ut
655 3543 851 3598 caprea
878 3569 892 3586 .
939 3538 996 3583 tu
1028 3529 1124 3598 qui
1156 3530 1357 3598 aspicis
1397 3529 1759 3600 cogitationes
1791 3532 1970 3588 homi-

394 3637 565 3685 num,
611 3628 669 3675 tu
717 3621 814 3691 qui
859 3620 1110 3676 eordium
1161 3620 1297 3691 legis
1346 3620 1793 3692 disceptationes.
1841 3620 1969 3677 Dele

395 3712 605 3781 peccati
656 3712 1100 3779 generationem,
1158 3711 1303 3767 sicut
1356 3711 1618 3769 hinnulus
1682 3727 1969 3768 cervorum

396 3803 541 3862 delet
598 3818 769 3872 genus
829 3810 1162 3873 serpentum.
1217 3802 1383 3860 Vides
1430 3819 1701 3859 concavos
1756 3810 1970 3859 montes

395 3893 520 3947 vitae
568 3892 850 3958 humanae,
896 3908 1130 3963 quorum
1179 3909 1242 3949 ea
1292 3911 1413 3964 qua:
1467 3902 1800 3965 assurgunt,
1860 3910 1971 3949 non

398 3968 547 4051 sunt
575 3983 830 4047 vertices,
875 3983 968 4039 sed
1003 3983 1211 4039 valles?
1236 3985 1421 4039 Currit
1460 4001 1589 4055 ergo
1614 4000 1773 4055 quam
1800 3986 1972 4040 celer-

396 4072 537 4125 rime
561 4071 797 4133 Verbum
831 4073 895 4127 ad
931 4079 1143 4128 montes
1172 4088 1460 4130 coneavos.
1507 4074 1781 4144 Quidquid
1823 4076 1970 4131 enim

398 4161 678 4224 extollitur
735 4162 999 4221 adversus
1066 4164 1373 4229 veritatem,
1409 4175 1490 4219 est
1542 4164 1859 4221 barathrum
1914 4171 1971 4221 et

2064 2991 2174 3047 τῶν
2212 2992 2547 3063 πραγμάτων
2577 2991 2873 3043 ὑπόστασιν
2905 2989 3161 3059 ὄψονται,
3207 2989 3311 3043 υἱοὶ
3339 2988 3529 3058 φωτὸς
3562 2991 3655 3043 καὶ

2068 3084 2175 3139 υἱοὶ
2201 3081 2412 3153 ἡμέρας
2440 3081 2735 3151 γινόμενοι.

2136 3170 2322 3226 Ταῦτα
2356 3169 2543 3241 βλέπει
2573 3170 2607 3239 ή
2637 3167 2846 3238 νύμφη,
2878 3165 2973 3221 καὶ
3011 3164 3323 3232 κατεπείγει
3348 3163 3438 3217 τδν
3470 3165 3653 3233 Λόγον

2065 3263 2154 3318 διά
2181 3264 2379 3333 τάχους
2419 3262 2500 3325 εἰς
2531 3259 2691 3331 ἔργον
2722 3258 3004 3328 διαγαγεῖν
3050 3257 3156 3311 τῶν
3184 3252 3403 3323 ἀγαθῶν
3430 3254 3545 3325 τὴν
3573 3255 3654 3307 ὲλ-

2067 3354 2216 3417 πίδα,
2233 3352 2652 3418 Ἀπόστρεψον,
2667 3348 2921 3417 λέγουσα,
2957 3342 3006 3401 ὦ
3022 3343 3325 3414 ἁδελφιδὲ,
3344 3345 3657 3415 duoch

2066 3441 2310 3511 δορκάδι
2346 3442 2385 3509 ἢ
2411 3438 2599 3508 νεϐρῷ
2624 3439 2867 3508 ἐλάφων
2896 3436 2996 3491 ἐπὶ
3031 3437 3105 3491 τὰ
3132 3436 3238 3505 ὄρη
3275 3434 3397 3488 τῶν
3428 3438 3653 3488 κοιλω-

2060 3533 2283 3604 μάτων.
2330 3531 2436 3583 Ἴδε
2480 3529 2556 3593 ὡς
2596 3527 2815 3599 ὼρκάς,
2850 3528 2878 3580 6
2915 3528 3014 3591 τὰς
3046 3525 3372 3596 ἐνθυμήσεις
3412 3523 3529 3577 τῶν
3556 3525 3655 3578 ἀν-

2068 3623 2300 3695 θρώπων
2347 3620 2579 3692 βλέπων,
2609 3620 2637 3673 6
2679 3619 2806 3683 τοὺς
2840 3618 3223 3688 διαλογισμοὺς
3252 3614 3363 3668 τῶν
3407 3615 3654 3687 καρδιιῖιν

2067 3709 2472 3780 ἀναγινώσκων.
2534 3708 2822 3778 Ἀφάνισον
2853 3707 2954 3778 τὴν
2983 3706 3146 3777 γονὴν
3178 3707 3277 3776 τῆς
3300 3704 3529 3770 κακίας,
3575 3704 3653 3769 ὡς

2068 3801 2257 3873 νεϐρὸς
2306 3799 2521 3869 ἐλάφων
2562 3798 2930 3864 ἐξαναλίσκων
2981 3797 3042 3850 τὸ
3096 3796 3251 3864 γένος
3291 3795 3401 3848 τῶν
3442 3794 3649 3863 ὄφεων.

2080 3892 2242 3964 Ὁρᾷς
2270 3890 2339 3944 τὰ
2367 3889 2523 3944 κοῖλα
2551 3889 2651 3960 ὅρη
2684 3885 2779 3942 τοῦ
2808 3887 3149 3958 ἀνθρωπίνου
3184 3886 3321 3955 βίου,
3356 3880 3433 3939 ὧν
3453 3886 3526 3939 τὰ
3552 3888 3653 3939 ὲπ-

2068 3983 2445 4052 αναστήματα,
2474 3979 2598 4050 οὐχὶ
2632 3978 2935 4052 ἀκρώρειαί
2967 3979 3125 4044 εἰσιν,
3159 3975 3294 4031 ἀλλὰ
3322 3978 3650 4047 φάραγγεςς

2069 4074 2264 4143 Τρέχει
2303 4071 2483 4126 τοίνυν
2510 4071 2616 4134 ἕως
2639 4071 2838 4141 τάχους
2857 4072 2886 4124 6
2915 4069 3088 4137 Λόγος
3113 4069 3207 4121 ἐπὶ
3234 4067 3304 4121 τά
3329 4067 3491 4120 κοῖλα
3524 4068 3648 4138 ὅρη.

2068 4164 2186 4217 Πᾶν
2218 4162 2326 4234 γὰρ
2345 4161 2407 4216 τὺ
2430 4160 2574 4216 κατὰ
2591 4161 2692 4231 τῆς
2721 4161 2979 4232 ἀληθείας
3003 4159 3139 4230 ὑψού
3148 4175 3329 4230 μενον,
3372 4159 3653 4230 βάραθρόν

400 4268 506 4314 non
559 4268 753 4317 mons,
827 4255 1144 4310 concavitas
1196 4263 1249 4309 et
1302 4270 1411 4309 non
1468 4271 1762 4327 assurgens
1815 4257 1967 4313 lasti-

2145 4270 2184 4307 ιι
2219 4254 2315 4307 καὶ
2355 4252 2477 4322 οὐχὶ
2525 4251 2669 4322 ὅρος.
2719 4250 3017 4321 Κοίλωμα,
3067 4249 3162 4302 καὶ
3208 4249 3308 4302 οὐκ
3336 4249 3647 4318 ἀνάστημα.

397 4345 568 4415 gimn.
620 4342 679 4397 Si
723 4358 883 4415 ergo,
929 4344 1135 4415 inquit,
1168 4345 1236 4399 ad
1272 4345 1384 4399 haec
1413 4347 1743 4411 accurreris,
1783 4347 1968 4419 Omnis

398 4434 551 4492 vallis
602 4433 905 4501 implebitur
960 4443 1010 4490 et
1058 4435 1230 4492 omnis
1276 4450 1425 4489 mons
1458 4435 1758 4505 hujusmodi
1793 4438 1970 4491 Immi-

403 4525 622 4579 liabimr
652 4525 715 4576 ια.
771 4524 835 4578 Et
885 4525 1000 4581 haec
1050 4526 1183 4581 dicit
1227 4527 1404 4582 anima
1435 4543 1597 4597 quam
1630 4530 1803 4598 pascit
1837 4528 1972 4584 Ver-

398 4611 566 4677 bum,
617 4628 729 4675 non
774 4614 1050 4685 aliquibus
1091 4617 1267 4685 spinis
1321 4627 1415 4671 aut
1459 4619 1616 4683 l‘eno,
1678 4620 1772 4673 sed
1826 4620 1971 4674 bono

399 4703 570 4759 odore
612 4703 850 4766 liliorum
894 4721 1042 4773 purae
1096 4707 1221 4763 vitae
1268 4707 1779 4764 administrationis.
1840 4709 1974 4775 Qui-

400 4795 506 4859 bus
553 4798 717 4851 etiam
765 4796 926 4851 nobis
956 4797 1343 4865 deturysatiari
1392 4797 1564 4866 pastis
1604 4813 1632 4852 a
1672 4797 1871 4866 Verbo,
1916 4800 1973 4854 in

401 4886 622 4947 Christo
649 4885 777 4942 Jesu
806 4886 1039 4942 Domino
1066 4895 1291 4953 nostro,
1321 4889 1408 4941 cui
1441 4889 1614 4958 gloria
1647 4897 1701 4943 et
1732 4890 1971 4960 potentia

402 4991 528 5045 eum
566 4985 760 5032 sancto
789 4977 1032 5047 Spiritu,
1066 4993 1212 5037 nunc
1240 4985 1294 5037 et
1328 4994 1566 5049 semper,
1598 4988 1651 5035 et
1687 4980 1742 5035 in
1778 4982 1974 5037 saecula

402 5067 753 5133 sucularum.
781 5065 976 5132 Amen.

976 5200 1259 5259 HOMILIA
1292 5202 1380 5259 Vl.

473 5311 608 5369 Cu.
638 5330 720 5384 In,
737 5329 883 5371 vers.
903 5316 967 5371 1.’
983 5314 1048 5371 In
1069 5314 1201 5371 lecto
1223 5328 1381 5370 noctu
1402 5319 1617 5387 quwsiui
1633 5334 1783 5388 quem
1804 5316 1976 5387 diligit

476 5495 498 5533 θ
536 5492 664 5561 lsai.
700 5511 790 5563 ιιι,
821 5496 876 5566 6,
953 5497 997 5529 “
1036 5496 1162 5553 lsai.
1216 5513 1305 5563 xc,
1338 5496 1407 5563 ις
1441 5496 1573 5553 Luc.
1635 5513 1717 5567 ιιι,
1769 5498 1803 5552 4

2089 4342 2216 4399 Ἐἀν
2270 4338 2364 4395 οὖν
2412 4339 2724 4414 ὲπιδράμῃς
2773 4341 2867 4395 ἐπὶ
2915 4340 3108 4410 ταῦτα,
3192 4337 3356 4409 φησὶ,
3389 4337 3578 4392 Πᾶσα
3612 4340 3648 4405 ἠ

2069 4424 2309 4498 τοιαύτη
2348 4429 2581 4500 φάραγξ
2622 4429 3108 4498 πληρωθήσεται,
3141 4430 3240 4484 καὶ
3282 4426 3408 4484 πᾶν
3432 4429 3504 4481 τὸ
3534 4447 3648 4483 τοι-

2070 4521 2252 4575 οῦτον
2286 4520 2423 4590 ὄρος
2464 4520 2991 4587 ταπεινωθήσεται.
3032 4519 3216 4574 Ταῦτα
3270 4518 3576 4589 φθέγγεται
3614 4520 3648 4588 ὴ

2070 4610 2237 4683 ψυχὴ,
2266 4613 2333 4684 ἢν
2357 4611 2635 4681 ποιμαίνει
2662 4613 2691 4664 6
2722 4613 2916 4681 Λόγος,
2950 4612 3050 4665 οὐκ
3074 4613 3130 4664 ἐν
3157 4609 3425 4673 ἀκάνθαις
3449 4611 3592 4663 τισὶν
3616 4608 3649 4678 ἦ

2071 4702 2306 4772 χόρτοις,
2339 4701 2452 4755 ἀλλ’
2478 4703 2536 4755 ὲν
2562 4703 2631 4772 τῇ
2652 4700 2876 4771 εὺοδμίᾳ
2901 4701 3011 4754 τῶν
3033 4700 3235 4771 κρίνων
3260 4700 3360 4769 τῆς
3396 4698 3649 4768 καθαρᾶς

2074 4792 2367 4856 πολιτείας.
2411 4785 2512 4845 Ὧν
2552 4792 2762 4860 γένοιτο
2806 4793 2901 4845 καὶ
2933 4793 3080 4862 ἡμᾶς
3121 4788 3509 4860 ἐμφορηθῆναι
3540 4806 3655 4841 ποι-ι

2080 4882 2436 4955 μαινομένους
2474 4883 2580 4937 ὑπὸ
2621 4882 2713 4936 τοῦ
2746 4883 2941 4951 Λόγου,
2991 4882 3049 4935 ὲν
3081 4879 3302 4952 Χριστῷ
3358 4878 3541 4948 Ἰησοῦ
3579 4878 3654 4947 τῷ

2074 4975 2263 5046 Κυρίῳ
2291 4974 2468 5045 ήμῶν,
2579 4975 2779 5045 πρέπει
2820 4977 2853 5045 ἡ
2881 4975 3008 5041 δόξα
3031 4974 3124 5028 καὶ
3157 4972 3380 5044 κράτος,
3422 4973 3506 5035 είς
3529 4970 3652 5032 τοὺς

2076 5066 2275 5131 αἰῶνας
2302 5065 2410 5119 τῶν
2436 5064 2666 5121 αἰώνων.
2720 5067 2919 5137 Ἀμήν.

2681 5199 2917 5254 υΜιΑιΑ
2959 5200 3049 5265 εῖν.

2155 5315 2281 5377 Ἐπί
2307 5316 2515 5384 κοίτην
2548 5332 2669 5385 μου
2695 5290 2777 5369 ἓν
2820 5312 3000 5379 νυξὶν
3034 5306 3297 5382 ἐζήτησα
3323 5308 3402 5365 ὃν
3425 5305 3653 5380 ἠγάπη-
