3752 5984
68 219 175 278 885

1108 219 1175 275 IN
1209 219 1503 277 CANTICA
1540 218 1811 276 CANTIC.
1857 214 2140 273 HOMILIA
2185 214 2272 270 Vl.

3231 205 3335 263 886

68 350 181 389 σεν
205 333 247 400 ἠ
278 333 452 403 ψυχή
482 350 624 403 μου.
673 333 960 404 Ἐζήτησα
987 337 1193 403 αὐτὸν,
1213 338 1311 393 καί
1334 341 1447 409 οὐχ
1479 332 1659 407 εὗρον

1797 335 1938 389 m'ma
1954 349 2086 386 mea.
2107 328 2338 397 Qua’sisi
2356 342 2472 382 eum
2488 334 2537 379 et
2556 340 2659 378 non
2675 323 2974 378 invenieum
2993 336 3010 376 ;
3031 322 3208 376 vocavi
3218 336 3335 375 eum

68 423 290 477 αὐτόν·
329 424 602 477 ἐκάλεσα
635 425 843 491 αὑτὸν,
885 426 986 480 καὶ
1008 429 1121 498 οὐχ
1158 429 1482 498 ὑπήκουσέ
1513 446 1654 498 μου.

82 513 529 583 Ἁναστήσομαι
549 514 619 567 δὲ
633 515 733 570 καὶ
753 516 1044 571 κυκλώσω
1063 519 1135 573 ἐν
1147 517 1224 588 τῇ
1238 521 1430 582 πόλει,
1443 520 1514 574 ἐν
1532 519 1661 586 ταῖς

69 604 317 675 ἀγοραῖς
338 605 437 660 καί
457 606 530 660 ἐν
545 606 677 672 ταῖς
695 609 1027 676 πλατείαις,
1048 610 1146 665 καί
1164 610 1396 679 ζητήσω
1424 611 1499 666 ὃν
1523 612 1660 681 11rd-

73 708 281 762 πησεν
300 695 342 763 ἡ
360 694 533 764 ψυχή
555 712 697 765 μου.
717 695 1000 768 Ἐ’ζήτησα
1022 699 1208 754 αὐτὸν
1227 704 1454 772 καὶούχ
1479 698 1661 770 εὗρον

73 788 285 840 αὐτόν.
313 786 684 844 Ἑπεκάλεσα
704 789 911 856 αὐτὸν,
934 792 1031 845 καὶ
1056 794 1168 862 οὐχ
1186 793 1503 861 ὑπήκουσέ
1516 812 1655 864 μου.

74 876 364 944 Εὖροσάν
375 895 451 948 με
471 882 527 934 ot
546 880 892 950 τηροῦντες,
908 886 962 938 οἱ
986 883 1359 952 κυκλοῦντες
1377 886 1447 941 ἐν
1464 885 1540 955 τῇ
1554 889 1634 941 πό
1641 917 1658 926 -

70 971 182 1023 λει.
213 969 316 1038 Μὴ
337 969 412 1024 ὃν
440 972 758 1041 ἠγάπησεν
777 974 817 1042 ἡ
844 974 1013 1045 ψυχή
1026 978 1416 1046 μου,·ειδετε;
1457 979 1554 1044 Ὠς
1573 994 1662 1047 μι-

72 1059 223 1127 κρὸν
236 1060 339 1114 ὅτε
351 1060 669 1129 παρῆλθον
680 1063 783 1117 ἀπ’
794 1062 1013 1128 αὐτῶν,
1027 1064 1144 1131 ἕως
1161 1062 1232 1122 οὗ
1249 1061 1430 1136 εὖρον
1445 1066 1511 1120 ὃν
1525 1069 1564 1139 ὴ
1573 1064 1662 1135 rd—

72 1152 330 1219 αησενὴ
347 1151 518 1220 ψυχή
533 1169 669 1222 μου.
707 1153 1034 1223 Ἑκράτησα
1045 1156 1256 1222 αὑτὸν,
1275 1156 1374 1211 καὶ
1385 1157 1496 1211 οὐκ
1509 1154 1661 1224 ἀφῆ-

70 1255 146 1293 κα
162 1239 383 1303 αὑτὸν,
400 1240 513 1307 ἕως
526 1237 598 1297 οὗ
615 1241 942 1312 εἰσήγαγον
956 1244 1145 1298 αὐτὸν
1157 1246 1245 1311 είς
1258 1241 1428 1300 οἷκον
1435 1246 1662 1315 μητρός

64 1348 211 1399 μου,
246 1331 351 1384 καί
392 1334 481 1398 εις
521 1332 788 1403 ταμιεῖον
813 1333 923 1403 τῆς
946 1337 1381 1405 συλλαϐούσης
1400 1353 1496 1405 με.
1532 1335 1662 1404 Ὧρ-

69 1439 223 1477 κισα
243 1421 425 1493 ὑμᾶς,
450 1424 770 1495 θυγατέρες
807 1425 1215 1497 Ἰερουσαλὴμ,
1239 1427 1309 1482 ἐν
1326 1426 1455 1493 ταῖς
1476 1426 1657 1481 δυνάο

64 1529 233 1581 μεσι.
273 1515 373 1568 καί
403 1515 474 1569 ἐν
503 1514 632 1581 ταῖς
676 1517 964 1586 ίσχύσεσι
994 1517 1103 1573 τοῦ
1129 1517 1337 1588 ἁπροῦ,
1379 1518 1489 1573 ἐὰν
1514 1517 1663 1588 eral-

61 1620 217 1673 ρητε
244 1604 349 1660 καί
371 1606 708 1676 ἐξεγείρητε
738 1607 854 1677 τὴν
879 1608 1140 1678 ἀγάπην,
1165 1609 1276 1675 ἕως
1302 1609 1380 1664 ἂν
1402 1608 1656 1679 θελήσῃ.

1757 433 1805 480 et
1837 440 1939 479 non
1968 422 2168 476 audivit
2194 436 2295 474 me.
2318 417 2373 472 2.
2395 415 2622 487 Surgam
2641 423 2815 468 autem
2835 421 2883 467 et
2900 411 3132 467 circuibo
3155 413 3336 466 civita-

1762 530 1861 575 tem
1875 517 1931 570 in
1948 512 2078 585 [oris
2092 520 2141 564 et
2158 511 2213 564 in
2226 508 2412 577 plateis
2428 524 2443 563 :
2459 513 2509 563 et
2523 520 2763 577 quteram
2777 524 2926 579 quem
2940 510 3114 581 diligit
3130 511 3311 565 anima

1759 621 1893 658 mea.
1927 603 1981 658 3.
2010 602 2245 669 Quctsivi
2279 617 2399 656 eum
2425 610 2476 657 et
2514 618 2618 667 non
2645 601 2817 656 inueni
2849 615 2988 654 eum.
3022 598 3347 663 Invenerunt

1758 712 1838 750 me
1851 696 1942 767 qui
1961 693 2265 749 custodiunt
2289 694 2672 751 circumeuntes
2703 693 2991 747 civitatem.
3023 690 3167 743 Num
3187 706 3339 760 quem

1757 786 1935 857 diligit
1968 786 2149 840 anima
2185 802 2301 840 mea
2329 785 2576 840 vidistis?
2609 786 2664 841 4.
2702 785 3110 852 Quamprimum
3150 798 3340 850 parum

1759 877 1824 930 ab
1861 878 1937 931 eis
1971 875 2184 942 transii,
2214 874 2378 930 donec
2418 876 2587 930 inveni
2616 891 2734 929 eum
2765 890 2915 944 quem
2949 874 3122 943 diligit
3144 873 3340 925 'anima

1761 982 1900 1033 mea,
1936 968 2082 1023 tenui
2118 984 2259 1031 eum,
2297 976 2346 1022 et
2381 984 2485 1022 non
2518 966 2699 1020 dimisi
2743 981 2889 1030 eum,
2915 965 3077 1018 donec
3106 980 3222 1017 eum
3256 964 3340 1017 in-

1762 1059 1976 1114 troduxi
2004 1060 2060 1115 in
2086 1058 2303 1114 domum
2350 1060 2541 1113 matris
2580 1074 2729 1121 mete,
2765 1067 2812 1111 et
2842 1058 2894 1111 in
2931 1057 3176 1111 conclave
3222 1055 3338 1125 ejus

1760 1168 1877 1224 quo:
1903 1169 1984 1207 me
2032 1152 2286 1220 concepit.
2317 1151 2371 1205 5.
2410 1150 2668 1221 Adjuravi
2714 1168 2822 1215 vos,
2860 1149 2988 1220 filiae
3018 1148 3335 1211 Jerusalem,

1761 1245 1818 1299 in
1849 1245 2202 1314 potestatibus
2234 1254 2285 1299 et
2314 1244 2597 1300 virtutibus
2630 1245 2765 1315 agri,
2819 1243 2866 1298 si
2897 1244 3133 1298 excitetis
3168 1251 3215 1296 et
3245 1257 3339 1295 ea;-

1761 1339 1987 1409 pergisci
2015 1339 2236 1409 faciatis
2280 1339 2615 1404 charitatem,
2650 1336 2813 1391 donec
2840 1336 2983 1391 uelit.
3017 1334 3068 1390 6.
3109 1333 3240 1399 Quae
3265 1342 3344 1387 est
3407 1353 3411 1358 “

1763 1428 1869 1485 ista
1913 1446 2030 1500 quae
2075 1428 2312 1486 ascendit
2359 1432 2419 1485 in
2463 1430 2732 1484 desertum
2777 1428 2914 1483 sicut
2949 1437 3163 1479 truncus
3210 1424 3343 1493 fumi

1762 1535 2053 1590 euaporans
2103 1521 2375 1591 myrrham
2416 1531 2466 1576 et
2499 1521 2640 1586 thus,
2668 1535 2735 1574 es:
2777 1520 3018 1573 omnibus
3046 1515 3343 1587 pulveribus

1766 1612 2120 1668 aromatorii?
2166 1612 2218 1670 7.
2250 1612 2385 1668 Ecce
2432 1612 2655 1667 lectulus
2701 1611 3035 1667 Salomonis:
3069 1609 3346 1678 sexaginta

70 1692 180 1759 Τίς
208 1694 364 1763 αὕτη
395 1698 435 1764 ὴ
466 1698 883 1754 ἀναϐαίνουσα
916 1699 985 1753 ἐκ
1016 1699 1127 1769 τῆς
1150 1699 1397 1769 ἐρήμου,
1419 1700 1500 1765 ὡς
1518 1714 1656 1754 areo

1797 1711 1923 1757 artes
1953 1696 2097 1759 circa
2135 1720 2251 1759 eum
2277 1720 2343 1758 ea:
2376 1704 2604 1775 fortibus
2635 1701 2829 1759 Israel.
2864 1703 2918 1759 8.
2952 1701 3143 1757 Omnes
3172 1710 3346 1754 tenen—

40 1785 230 1853 ’λέχη
271 1788 667 1857 τεθυμιαμένη
708 1791 989 1860 σμύρναν
1034 1791 1135 1846 καὶ
1184 1791 1438 1846 λίϐανον
1456 1832 1470 1858 ,
1536 1791 1658 1847 ἀπὸ

68 1875 326 1930 πάντων
364 1876 690 1947 κονιορτῶν
714 1881 1028 1950 nupsit-oi);
1077 1882 1224 1937 Ἰδοὺ
1261 1884 1300 1953 ἢ
1336 1883 1516 1950 κλίνη
1550 1881 1658 1936 τοῦ

1763 1801 1839 1848 tes
1873 1793 2137 1865 gladium,
2170 1796 2331 1865 periti
2356 1811 2568 1867 pugnae,
2614 1796 2694 1849 vir
2722 1793 2960 1865 gladium
2988 1808 3146 1862 super
3176 1791 3345 1861 femur

1764 1901 1919 1939 suum
1943 1895 2155 1957 propter
2180 1895 2445 1957 stuporem
2472 1893 2809 1942 nocturnum.

68 1971 504 2042 Σολομῶντος;
574 1974 873 2043 ἐξήκοντα
915 1977 1161 2034 δυνατοὶ
1203 1980 1408 2044 κύκλῳ
1458 1976 1651 2047 αὐτῆς
1688 1978 1809 2033 ἀπὸ
1876 1981 2157 2037 δυνατῶν
2187 1983 2450 2051 Ἰσραήλ.
2516 1980 2749 2047 Πάντες
2788 1979 3143 2049 κατέχοντες
3193 1977 3340 2046 ῥομ-

66 2062 286 2130 φαίαν,
326 2061 734 2133 δεδιδαγμένοι
775 2067 1076 2137 πολέμων.
1137 2069 1320 2139 Ἀνὴρ
1344 2067 1650 2138 ῥομφαίαν
1684 2070 1872 2125 αὐτοῦ
1903 2071 2001 2126 ἐπὶ
2021 2073 2221 2143 μηρόν
2244 2069 2435 2127 αὑτοῦ
2463 2070 2584 2127 ἀπὸ
2605 2069 2868 2141 θάμϐους
2899 2068 2968 2122 ἐν
3000 2062 3199 2132 νυξίν.

142 2151 320 2205 Πάλιν
346 2153 418 2206 τὰ
447 2154 665 2224 μεγάλα
691 2173 753 2210 τε
783 2157 879 2212 καὶ
906 2158 1087 2228 ὑψηλὰ
1114 2159 1362 2230 δόγματα
1384 2158 1537 2231 παρὰ
1565 2158 1660 2214 τοῦ

69 2242 360 2313 ’ᾼσματος
391 2244 501 2298 τῶν
526 2246 790 2318 ᾀσμάτων
831 2249 921 2304 διὰ
950 2250 1053 2322 τῆς
1095 2251 1380 2323 παρούσης
1417 2251 1663 2320 ἀναγνώ-

67 2350 215 2398 σεως
245 2335 637 2406 παιδευόμεθα.
676 2338 970 2409 Φιλοσοφία
1009 2341 1121 2413 γάρ
1160 2344 1276 2396 ἐστι
1309 2342 1371 2396 τὸ
1393 2342 1493 2413 τῆς
1526 2343 1664 2413 νύμ-

66 2443 187 2496 φης
229 2426 512 2498 διήγημα,
562 2428 630 2481 δι’
656 2420 732 2483 ὧν
771 2430 842 2484 τά
885 2433 1260 2505 περὶ.ἐαυτῆς
1305 2432 1659 2504 διεξέρχεται,

66 2516 224 2578 ὅπως
242 2517 353 2588 χρὴ
378 2518 504 2589 περὶ
522 2517 584 2571 τὸ
612 2517 767 2573 Θεῖον
792 2519 936 2591 ἔχειν
966 2524 1091 2586 τοὺς
1113 2524 1346 2595 ὲραστάς
1372 2523 1467 2577 τοῦ
1495 2525 1663 2594 ὑπερ-

66 2606 309 2678 κοσμὶου
341 2609 572 2673 κάλλους
616 2610 1071 2683 δογματιζούσης.
1133 2616 1198 2668 Ὅ
1227 2613 1285 2668 δὲ
1318 2614 1662 2688 μανθάνομεν

66 2700 158 2753 διὰ
189 2698 304 2754 τῶν
330 2703 715 2783 προκειμένων
734 2704 934 2774 λογίων
954 2706 1194 2760 τοιοῦτόν
1216 2707 1353 2761 ἐστι.
1384 2709 1505 2779 Χρὴ
1531 2709 1656 2781 γάρ,

66 2790 251 2863 οἶμαι,
285 2793 652 2864 προεκθέσθαι
683 2796 950 2869 πρότερον
978 2797 1078 2870 τὴν
1108 2799 1223 2861 τοῖς
1263 2800 1446 2869 ῥητοῖς
1477 2800 1661 2867 ἔγκειο

69 2881 250 2953 μένην
274 2882 549 2937 διάνοιαν’
586 2880 687 2939 εἷθ’
713 2885 889 2950 οὕτως
924 2887 1237 2959 ἐφαρμόσαι
1280 2888 1393 2951 τοῖς
1422 2887 1663 2959 προθεω-

1832 2158 2047 2219 Rursus
2108 2178 2305 2234 magna
2362 2169 2418 2217 et
2468 2162 2684 2219 excelsa
2729 2162 2987 2232 dogmata
3033 2174 3063 2213 a
3114 2156 3343 2213 Cantico

1765 2238 2106 2307 canticorum
2136 2267 2234 2323 per
2273 2252 2416 2309 hanc
2446 2252 2707 2309 docemur
2746 2251 3056 2307 lectionem.
3095 2250 3344 2305 Philoso-

1766 2339 1892 2409 phia
1923 2342 2070 2396 enim
2109 2351 2195 2400 est
2233 2359 2451 2413 sponsa:
2492 2343 2740 2399 narratio
2789 2358 2885 2412 per
2918 2358 2983 2398 ea
3019 2358 3142 2413 quae
3175 2342 3242 2398 de
3283 2357 3344 2398 se

1741 2440 2039 2506 recenset,
2102 2435 2391 2492 statuendo
2442 2435 2904 2506 quemadmodum
2962 2435 3017 2489 in
3064 2433 3344 2490 Deumlse

1764 2536 1956 2592 gerere
2000 2531 2252 2594 oporteat
2284 2533 2559 2582 amatores
2587 2525 3048 2595 supramundanae
3094 2524 3339 2595 pulchri-

1768 2612 1998 2669 tudinis.
2027 2613 2182 2680 Quod
2209 2623 2390 2671 autem
2422 2615 2689 2672 discimus
2716 2630 2814 2684 per
2843 2628 2906 2670 ea
2933 2629 3054 2685 qua:
3069 2623 3198 2670 sunt
3217 2628 3343 2684 pro-

1767 2705 1970 2776 pOsita,
2007 2721 2180 2777 prope
2212 2714 2298 2763 est
2345 2705 2639 2776 ejusmodi.
2685 2704 2911 2776 Oportet
2943 2707 3113 2769 enim,
3165 2712 3225 2760 ut
3253 2719 3342 2759 ar-

1767 2798 1965 2863 bitror,
1997 2798 2150 2868 prius
2183 2813 2459 2868 exponere
2482 2812 2703 2854 sensum
2731 2797 2822 2869 qui
2856 2796 2999 2852 inest
3037 2797 3089 2851 in
3126 2794 3338 2852 verbis:

1766 2889 1966 2946 deinde
2007 2889 2173 2945 verba
2205 2891 2473 2947 divinitus
2520 2889 2791 2961 inspirata
2821 2888 3238 2945 accommodare
3271 2888 3341 2944 iis

68 2974 292 3043 ρηθείσι
319 2980 391 3027 τα
419 2972 755 3029 θεόπνευστα
792 2977 1031 3047 ῥήματα.
1087 2976 1243 3030 Ἔστι
1268 2976 1468 3043 τοίνυν,
1499 2977 1576 3041 ὡς
1598 2979 1656 3032 ὲν

1800 2997 1883 3036 uie
1912 2989 2042 3037 sunt
2092 2980 2247 3051 prius
2293 2982 2664 3039 considerata.
2718 2983 2821 3038 Est
2843 2996 2996 3053 ergo,
3046 2990 3103 3035 ut
3150 2980 3342 3052 paucis

64 3063 241 3135 ὀλίγῳ
287 3064 578 3119 συνελόντα
617 3065 842 3137 φράσαι,
869 3064 1114 3122 τοιοῦτόν
1156 3083 1206 3120 τι
1233 3066 1409 3138 δόγμα
1439 3067 1527 3121 διὰ
1553 3066 1661 3121 τῶν

63 3152 384 3223 εἰρημένων
422 3154 883 3225 ἀναφαινόμενον
921 3158 1055 3227 Διχῇ
1084 3154 1353 3227 τέτμηται
1393 3158 1534 3211 κατὰ
1564 3158 1661 3230 τὴν

65 3245 344 3299 ἀνωτάτω
376 3243 640 3314 διαίρεσιν
665 3246 700 3315 ή
726 3244 837 3298 τῶν
871 3243 1042 3298 όντων
1074 3245 1257 3315 φύσις.
1306 3248 1380 3301 To
1423 3249 1520 3318 μὲν
1551 3249 1661 3321 γάρ

65 3338 224 3389 ἐστιν
253 3335 520 3405 αἰσθητὸν
552 3336 645 3390 καὶ
678 3336 878 3399 ὑλῶδες
900 3351 914 3366 ·
962 3336 1026 3389 τὸ
1055 3337 1114 3391 δὲ
1134 3338 1323 3409 νοητὸν
1352 3339 1448 3392 καὶ
1477 3339 1657 3396 ἀῦλον.

64 3426 348 3496 Δίσθητὸν
381 3426 479 3497 μὲν
519 3421 612 3481 οὖν
645 3426 897 3498 λέγομεν,
922 3428 1045 3482 ὅσον
1085 3431 1155 3501 τῇ
1200 3429 1452 3502 αἰσθήσει
1486 3447 1660 3483 κατα-

62 3515 427 3588 λαμϐάνομεν
450 3533 465 3548 ·
515 3517 703 3590 νοητὸν
725 3518 784 3571 δὲ
823 3518 885 3571 τὸ
918 3519 1260 3592 ὑπερπίπτον
1286 3520 1389 3591 τὴν
1415 3520 1662 3591 αἰσθητιο

67 3609 178 3679 κὴν
231 3608 592 3680 κατανόησινθ
643 3610 709 3663 ὲκ
740 3610 946 3665 τούτων
975 3611 1038 3665 τὸ
1086 3611 1186 3683 μὲν
1214 3611 1403 3682 νοητὸν
1435 3610 1661 3679 ἀπειρόν

67 3704 193 3755 ἐστι
212 3701 321 3754 καὶ
349 3700 603 3772 ἀόριστον
624 3720 638 3734 ·
668 3703 728 3757 τὸ
754 3703 813 3758 δὲ
843 3703 1028 3775 ἕτερον
1051 3687 1271 3757 πάντων
1288 3701 1411 3772 τισὶ
1430 3701 1660 3772 διαλαμ-

67 3792 303 3846 ϐάνεται
345 3793 567 3863 πέρασι.
619 3794 809 3869 Πάσης
852 3794 963 3867 γὰρ
1010 3793 1145 3866 ὕλης
1180 3793 1258 3865 τῷ
1295 3792 1447 3864 ποσῷ
1475 3810 1535 3845 τε
1567 3793 1660 3846 καὶ

64 3884 149 3954 τῷ
179 3882 326 3954 ποιῷ
354 3883 776 3958 διειλημμένης,
826 3887 886 3940 ὲν
917 3886 1067 3957 ὄγκῳ
1095 3886 1190 3940 καὶ
1232 3883 1362 3937 εῖδει
1403 3884 1498 3938 καὶ
1541 3884 1662 3937 ἐπι-

65 3976 277 4048 φανείᾳ
314 3977 408 4030 καὶ
448 3980 687 4049 σχήματι
740 3977 915 4050 πέρας
938 3978 1144 4047 γίνεται
1187 3975 1289 4047 τῆς
1319 3977 1446 4047 περὶ
1491 3974 1658 4047 αὐτὴν

62 4068 464 4139 κατανοήσεως
501 4070 572 4123 τὰ
616 4070 744 4139 περὶ
784 4068 954 4140 αὐτὴν
997 4067 1377 4140 θεωρούμενα,
1430 4067 1505 4131 ὡς
1551 4084 1658 4138 μη-

61 4160 158 4213 δὲν
202 4158 354 4230 ἔχειν
395 4160 486 4213 τὸν
530 4160 631 4230 τὴν
677 4159 808 4231 ὕλην
841 4158 1285 4231 διερευνώμενον,
1323 4156 1428 4223 ἔξω
1456 4156 1659 4210 τούτων

61 4253 128 4304 ὲν
161 4250 442 4321 φαντασίᾳ
484 4250 687 4306 λαϐεῖν.
744 4250 818 4304 Τὸ
849 4249 907 4304 δὲ
936 4249 1125 4321 νοητόν
1155 4266 1216 4302 τε
1242 4248 1336 4302 καὶ
1371 4237 1530 4301 ἀῦλόν
1559 4246 1659 4317 τῆς

1764 3070 1965 3139 dicam,
2004 3071 2323 3142 hujusmodi
2366 3070 2564 3143 dogma
2598 3086 2696 3143 per
2743 3087 2808 3128 ea
2843 3088 2963 3143 quae
2997 3072 3143 3127 dicta
3176 3080 3337 3128 sunt:

1764 3160 2022 3216 Bil‘ariam
2052 3161 2317 3217 dividitur
2345 3176 2529 3217 rerum
2570 3170 2882 3217 creatarum
2916 3168 3115 3216 natura
3146 3176 3213 3216 ex
3245 3176 3341 3215 su-

1762 3264 1951 3320 prema
1981 3249 2273 3305 divisione.
2305 3248 2442 3304 Nam
2475 3249 2623 3305 aliud
2659 3251 2881 3321 quidem
2923 3259 3011 3307 est
3054 3252 3256 3308 sensile
3287 3260 3343 3306 et

1764 3340 2081 3396 materiale:
2120 3339 2268 3396 aliud
2303 3350 2485 3396 autem
2521 3341 2671 3411 quod
2704 3342 3064 3412 intelligentia
3105 3342 3335 3412 percipi-

1761 3438 1874 3497 tur,
1905 3438 1963 3485 et
2000 3438 2083 3487 est
2115 3446 2313 3502 expers
2360 3432 2629 3486 materiae.
2682 3433 2863 3502 Atque
2891 3432 3092 3487 sensile
3120 3432 3340 3501 quidem

1762 3521 1997 3578 dicimus
2025 3522 2293 3593 quidquid
2322 3537 2487 3579 sensu
2519 3523 3025 3593 comprehenditur.
3059 3523 3218 3591 Quod
3259 3525 3343 3578 in-

1761 3612 2059 3682 telligentia
2097 3619 2278 3667 autem
2320 3612 2641 3682 percipitur,
2695 3613 2750 3667 id
2784 3613 2930 3684 quod
2978 3627 3199 3667 omnem
3239 3629 3336 3669 su-

1762 3707 1916 3767 perat
1937 3711 2136 3753 sensus
2158 3698 2728 3768 comprehensionem,
2753 3715 2855 3757 nec
2883 3700 3008 3755 ullis
3028 3701 3341 3757 continetur

1762 3788 1985 3844 ﬁnibus.
2014 3786 2148 3842 Nam
2181 3803 2306 3843 cum
2334 3789 2517 3845 omnis
2551 3789 2777 3844 materia
2808 3804 2838 3844 a
2872 3798 3077 3859 quanto
3102 3798 3156 3846 et
3188 3792 3341 3861 quali

1762 3879 1832 3934 sit
1852 3877 2268 3949 comprehensa,
2292 3878 2458 3933 unius
2479 3886 2562 3934 est
2586 3879 2784 3935 mentis
2808 3879 3336 3949 comprehensionis,

1760 3983 1823 4024 ea
1845 3983 1965 4038 quae
1985 3977 2113 4023 sunt
2134 3968 2190 4022 in
2218 3967 2337 4038 ipsa
2363 3966 2789 4034 considerantis,
2816 3968 2940 4024 linis
2957 3968 3011 4022 in
3029 3967 3269 4038 pondere
3283 3976 3338 4023 et

1760 4059 1936 4115 forma
1966 4067 2025 4115 et
2065 4058 2356 4129 superﬁcie
2382 4064 2437 4113 et
2471 4058 2682 4129 ﬁgura:
2726 4058 2861 4113 adeo
2893 4065 2951 4114 ut
2979 4060 3074 4130 qui
3122 4068 3339 4116 scruta-

1760 4161 1851 4206 tur
1886 4150 2197 4215 materiam,
2232 4149 2371 4204 nihil
2414 4149 2591 4219 possit
2615 4158 2771 4205 extra
2818 4150 2934 4205 haec
2981 4151 3338 4221 comprehen-

1761 4240 1891 4296 dere
1914 4241 1968 4295 in
2002 4241 2319 4311 phantasia;
2352 4239 2408 4295 id
2441 4249 2623 4297 autem
2659 4240 2806 4311 quod
2843 4241 3144 4312 percipitur
3175 4243 3336 4297 intel-

60 4315 331 4410 τοιαύτης
358 4315 620 4423 περιοχῆς
649 4340 952 4412 καθαρεῦον
982 4315 1236 4409 ἐκφεύγει
1270 4339 1362 4392 τὸν
1399 4340 1524 4408 ὅρον
1543 4379 1558 4403 ,
1598 4315 1656 4391 ἐν

1801 4334 2004 4403 gentis,
2043 4340 2100 4388 et
2142 4339 2228 4389 est
2258 4346 2455 4402 expers
2500 4334 2767 4397 materiae,
2817 4347 3015 4402 purum
3067 4333 3135 4388 ab
3184 4335 3333 4389 omni

60 4434 255 4487 οὐδενὶ
292 4433 718 4504 περατούμενον.
772 4432 943 4487 Πάλιν
970 4430 1029 4485 δὲ
1064 4431 1158 4484 καὶ
1186 4431 1286 4502 τῆς
1312 4430 1509 4501 νοητῆς
1556 4428 1661 4497 φύ-

60 4542 216 4587 σεως
253 4523 618 4596 διῃρημένης,
643 4525 677 4594 ή
713 4523 810 4594 μὲν
831 4523 1084 4587 ἀκτιστός
1116 4522 1251 4586 ἐστι,
1277 4520 1374 4575 καὶ
1407 4519 1661 4596 ποιητικὴ

54 4616 183 4670 τῶν
215 4594 407 4678 ὄντων,
441 4615 528 4667 ἀεὶ
553 4609 690 4668 οὖσα
714 4614 852 4685 ὅπερ
885 4612 1002 4667 ἐστι
1029 4627 1043 4641 ⁸
1086 4612 1181 4665 καὶ
1217 4610 1448 4664 πάντοτε
1483 4594 1663 4662 ὼσαῦ-

58 4723 182 4768 τως
218 4705 439 4775 ἔχουσα,
471 4704 737 4776 κρείττων
764 4721 824 4757 τε
856 4702 1173 4774 προσθήκης
1204 4702 1425 4773 ἀπάσης
1447 4702 1657 4772 καὶτῆς

56 4797 447 4859 ἐλαττώσεως,
476 4797 587 4850 τῶν
608 4795 831 4865 ἀγαθῶν
863 4796 1242 4859 ἀνεπίδεκτοςο
1274 4797 1307 4866 ὴ
1340 4794 1398 4848 δὲ
1424 4794 1513 4849 διὰ
1537 4794 1654 4848 nri-

58 4906 213 4951 σεως
238 4888 580 4961 παραχθεῖσα
626 4888 685 4950 ὲς
724 4886 938 4956 γένεσιν
979 4887 1118 4957 πρὸς
1147 4886 1210 4939 τὸ
1239 4885 1454 4958 πρῶτον
1481 4886 1651 4940 αἴτιον

56 4980 160 5033 ἀεὶ
195 4977 420 5048 βλέπει,
469 4978 562 5030 καὶ
598 4979 665 5048 τῇ
715 4977 978 5050 μετουσίᾳ
1018 4975 1112 5030 τοῦ
1152 4975 1495 5047 περιέχοντος
1533 4975 1651 5029 δια-

56 5069 274 5132 παντὸς
304 5050 375 5121 ’ὲν
418 5067 499 5139 τῷ
529 5067 719 5138 ἀγαθῷ
760 5069 1105 5139 συντηρεῖται
1123 5106 1139 5131 ,
1191 5066 1285 5119 καὶ
1310 5067 1508 5137 τρόπον
1532 5066 1652 5120 τινὰ

56 5161 306 5213 πάντοτε
345 5159 609 5224 κτίζεται,
655 5158 746 5212 διὰ
774 5160 875 5229 τῆς
915 5161 975 5213 ὲν
1019 5160 1130 5221 τοῖς
1160 5157 1383 5226 ἀγαθοῖς
1412 5155 1651 5228 ἐπαυξη-

60 5267 212 5313 σεως
230 5239 390 5320 ’πρὸς
416 5247 478 5301 τὸ
506 5248 690 5319 μεῖζον
713 5248 1092 5320 ἀλλοιουμένη2
1128 5246 1203 5310 ὡς
1236 5246 1368 5318 μηδὲ
1394 5246 1565 5316 ταύτῃ
1597 5263 1650 5300 τι

58 5311 248 5411 πέρας
264 5311 672 5423 ξνθεωρείσθαι,
698 5340 835 5412 μηδὲ
853 5311 963 5412 δρῶ
987 5311 1094 5394 τινί
1113 5340 1213 5411 τὴν
1237 5311 1376 5411 πρὸς
1390 5339 1451 5392 τὸ
1479 5311 1654 5410 κρεῖτ-

58 5448 160 5485 τον
189 5431 420 5503 αὔξησιν
452 5430 625 5501 αὐτῆς
670 5430 1107 5503 περιγράφεσθαι
1127 5447 1142 5463 ⁸
1184 5431 1298 5484 ἀλλ’
1334 5426 1475 5483 εἶναι
1511 5430 1651 5484 πάν-

62 5537 190 5575 τοτε
215 5521 305 5575 ἀεὶ
342 5520 407 5575 τὸ
436 5520 612 5591 παρὸν
639 5520 863 5590 ἀγαθὸν,
909 5520 1013 5575 κάν
1038 5520 1119 5574 ὅτι
1158 5518 1388 5590 μάλιστα
1415 5518 1557 5591 μέγα
1587 5534 1649 5571 τε

70 5614 167 5666 καὶ
196 5612 408 5668 τέλειον
437 5606 579 5666 εἶναι
607 5612 774 5678 δοκεῖ,
805 5611 979 5684 ἀρχὴν
1007 5610 1100 5666 τοῦ
1129 5609 1529 5683 ὑπερκειμένου
1554 5608 1651 5665 καὶ

1756 4420 2028 4495 ρῇυὶπιοὰί
2076 4423 2591 4493 comprehensione,
2658 4422 2848 4495 eﬂ'ugit
2901 4424 3214 4488 terminum,
3275 4434 3339 4481 ut

1756 4516 1902 4588 quod
1934 4516 1993 4570 in
2016 4514 2168 4570 nullo
2196 4515 2438 4569 ﬁniatur.
2478 4512 2693 4570 Rursus
2724 4521 2908 4570 autem
2932 4529 3055 4571 cum
3091 4531 3214 4586 quas
3248 4516 3332 4571 in-

1756 4607 2059 4678 telligentia
2107 4597 2410 4677 percipiiur
2445 4612 2664 4670 natura,
2713 4604 2977 4661 bifariam
3017 4606 3090 4663 sit
3133 4607 3327 4671 divisa,

1756 4698 1862 4753 alia
1892 4696 2111 4768 quidem
2142 4704 2227 4760 est
2252 4695 2520 4762 increata,
2552 4705 2607 4750 et
2630 4709 2820 4750 eorum
2860 4710 2982 4768 quae
3018 4704 3147 4752 sunt
3173 4711 3330 4750 erea-

1761 4782 1890 4855 t'l-ix,
1944 4794 2002 4844 et
2044 4802 2167 4859 quas
2198 4801 2413 4858 semper
2443 4793 2529 4843 est
2576 4785 2631 4841 id
2676 4785 2975 4857 quod-est:
3030 4793 3085 4842 et
3115 4802 3331 4858 semper

1729 4881 2012 4939 similiter
2058 4886 2113 4936 et
2145 4878 2340 4935 eodem
2374 4878 2538 4933 modo
2582 4892 2644 4934 se
2684 4877 2870 4942 habet,
2915 4885 2968 4933 et
3008 4878 3201 4948 quavis
3231 4880 3329 4933 ad-

1758 4973 1969 5029 ditione
1995 4976 2051 5027 et
2069 4969 2437 5025 diminutione
2472 4976 2557 5025 est
2582 4968 2854 5039 superior,
2891 4982 2990 5022 nec
3018 4967 3158 5022 bona
3185 4970 3329 5024 valet

1758 5065 2034 5135 accipere:
2071 5062 2178 5116 alia
2208 5068 2393 5118 autem
2444 5074 2567 5130 quae
2602 5075 2700 5130 per
2724 5059 3055 5115 creationem
3093 5058 3325 5112 deducta

1756 5159 1823 5213 ad
1856 5153 2285 5227 generationem,
2313 5166 2528 5221 semper
2553 5150 2752 5220 sepicit
2776 5149 2844 5204 ad
2876 5148 3105 5220 primam
3135 5163 3322 5202 eorum

1755 5264 1887 5321 quae:
1907 5253 2037 5302 sunt
2065 5257 2312 5306 causam,
2365 5249 2420 5298 et
2450 5240 2867 5311 participatione
2897 5241 3019 5309 ejus
3051 5239 3195 5308 quod
3230 5255 3325 5292 su-

1756 5336 2057 5411 pereminet
2081 5347 2297 5402 semper
2317 5337 2677 5386 conservatur
2702 5330 2755 5383 in
2777 5329 2945 5393 bono,
2974 5338 3029 5384 et
3057 5329 3319 5399 quodam-

1755 5428 1918 5485 modo
1962 5431 2203 5492 creatur,
2246 5438 2344 5494 per
2381 5422 2779 5477 incrementum
2812 5418 2867 5475 in
2921 5418 3081 5474 bonis
3112 5428 3322 5475 mutata

1754 5521 1821 5574 ad
1849 5517 1904 5572 id
1937 5515 2083 5587 quod
2112 5522 2198 5571 est
2237 5513 2439 5583 majus,
2489 5510 2625 5567 adeo
2668 5517 2727 5565 ut
2766 5525 2835 5566 ne
2863 5511 2917 5565 in
2967 5510 3068 5566 hac
3099 5511 3319 5583 quidem

1755 5607 2137 5666 consideretur
2166 5603 2312 5671 linis,
2342 5615 2521 5675 neque
2557 5600 2669 5657 ullo
2700 5600 2935 5658 termino
2968 5600 3319 5659 circumscri-
