3730 5980
386 144 491 204 887

1622 162 1678 219 s.
1715 165 2043 251 Gueqonn
2076 170 2363 225 NYSSENI

3528 156 3618 234 883

391 267 545 324 batur
569 270 691 340 ejus
715 273 1112 331 incrementum
1142 277 1210 333 ad
1238 278 1290 332 id
1313 280 1455 350 quod
1479 290 1564 338 est
1597 286 1791 343 melius
1815 306 1829 342 :
1862 288 1957 345 sed

2144 292 2340 355 [ζονος’
2376 292 2451 355 ὡς
2474 293 2565 345 καὶ
2594 293 2650 345 ἐν
2681 292 2771 345 τού
2785 309 2851 362 εῳ
2874 292 2966 345 τὸν
2996 293 3355 347 ἀποστολικὸν
3381 294 3620 367 ἀληθεύεο

384 360 458 417 sit
490 376 707 433 semper
744 366 890 435 quod
923 383 1164 437 praesens
1200 378 1283 425 est
1321 372 1550 438 bonum,
1591 377 1691 431 etsi
1729 382 1962 437 maxime

383 452 640 508 videatur
672 471 797 512 esse
851 474 1110 530 magnum
1160 469 1216 517 et
1258 465 1589 532 praestabile,
1630 470 1960 540 principium

383 546 505 618 ejus
539 550 684 619 quod
735 556 1124 623 supereminet,
1156 563 1210 611 et
1252 566 1338 613 est
1365 559 1584 631 majus:
1632 562 1769 627 adeo
1803 572 1861 618 ut
1904 564 1959 619 in

384 639 489 695 hoc
516 657 703 698 verum
753 645 826 701 sit
854 647 999 717 quod
1034 647 1167 703 dicit
1201 650 1500 719 Apostolus
1528 638 1599 716 ¹¹ἷ
1628 669 1724 723 per
1765 664 1959 709 exten-

386 735 595 790 sionem
626 738 692 791 ad
723 737 775 791 id
804 740 947 809 quod
976 748 1059 795 est
1093 750 1238 807 ante,
1272 742 1532 797 oblivioni
1565 746 1706 800 datis
1744 747 1809 803 iis
1840 762 1961 816 quae

386 827 539 896 prius
570 839 697 884 sunt
741 832 1002 901 perfecta.
1040 832 1172 888 Nam
1206 835 1351 904 quod
1389 850 1607 905 semper
1646 845 1730 891 est
1761 837 1960 907 majus,

312 914 315 917 ’
385 924 440 972 et
474 920 619 989 quod
657 920 932 978 invenitur
966 925 1020 977 in
1053 925 1319 980 bonorum
1349 927 1789 996 exsuperatione,
1820 928 1962 998 apud

386 1025 445 1064 se
478 1011 729 1067 detinens
762 1012 1103 1071 affectionem
1141 1032 1331 1071 eorum
1364 1017 1458 1088 qui
1488 1023 1617 1071 sunt
1646 1018 1941 1087 participes

384 1118 495 1157 non
528 1103 661 1159 sinit
692 1106 941 1176 aspicere
971 1107 1039 1162 ad
1073 1123 1134 1163 ea
1175 1124 1296 1178 quae
1324 1117 1452 1163 sunt
1487 1110 1782 1180 praeterita,
1816 1112 1869 1163 in
1900 1110 1972 1169 iis

2069 382 2193 435 σθαι
2230 380 2405 449 λόγον,
2451 381 2539 434 διὰ
2567 382 2665 452 τῆς
2702 383 2810 435 τῶν
2837 381 3142 452 ἔμπροσθεν
3186 385 3547 453 ἐπεκτάσεως,
3572 393 3625 445 ὲν

2067 470 2205 542 λήθῃ
2232 472 2530 543 γινομένων
2559 473 2668 526 τῶν
2696 474 3191 544 προδιηνυσμένιυν.
3243 475 3316 527 Τὸ
3344 476 3453 547 γὰρ
3484 480 3627 534 ἀείτι

2071 558 2283 629 μεῖζον,
2329 560 2423 613 καὶ
2460 559 2585 614 καθ’
2635 561 2939 631 ὑπερϐολὴν
2984 562 3192 632 ἀγαθὸν
3228 565 3626 635 εὑρισκόμενον,
3728 558 3730 627 Ι

2068 651 2197 722 περὶ
2240 652 2399 706 ἑαυτὸ
2438 652 2663 722 κατέχον
2703 652 2800 723 τὴν
2844 653 2953 706 τῶν
2998 654 3332 724 μετεχόντων
3382 656 3626 725 διάθεσιν,

2068 744 2167 796 οὐκ
2193 744 2255 814 ἐᾷ
2285 744 2419 814 πρὸς
2450 744 2519 797 τὰ
2549 745 2914 815 παρῳχηκότα
2939 744 3180 815 βλέπειν,
3211 747 3280 814 τῇ
3318 747 3432 800 τῶν
3460 766 3629 820 προτι-

2072 834 2312 906 μοτέρων
2341 835 2634 889 ἀπολαύσει
2671 835 2778 888 τῶν
2809 836 3247 906 καταδεεστέρων
3292 836 3392 907 τὴν
3426 841 3630 910 μνήμην

2074 926 2566 998 παρακρουόμενον.
2616 926 2690 979 Τὸ
2721 928 2817 996 μὲν
2847 922 2938 980 οὖν
2966 927 3141 998 νόημα
3166 928 3224 980 τὸ
3251 930 3319 998 τῇ
3353 928 3633 999 φιλοσοφίᾳ

2068 1019 2161 1072 τοῦ
2191 1017 2463 1088 νυμφικοῦ
2497 1017 2833 1089 διηγήματος
2865 1020 2999 1089 ἡμῖν
3024 1017 3510 1090 δογματιζόμενον,
3534 1038 3633 1074 τοι-

2074 1109 2230 1162 οῢτον
2257 1109 2394 1163 εἶναι
2430 1109 2738 1181 νομίζομεν.
3728 1108 3730 1163 ἶ

387 1191 639 1249 fruendis
676 1211 799 1265 qua:
833 1206 963 1251 sunt
1001 1198 1404 1268 prmstantiora,
1476 1200 1763 1253 excutiens
1830 1199 2148 1254 memoriam
2201 1214 2390 1253 eorum
2445 1215 2567 1268 quae
2645 1207 2776 1256 sunt
2830 1198 3120 1255 deteriora.
3191 1199 3377 1271 Atque
3422 1214 3634 1255 sertsum

387 1286 606 1357 quidem
637 1290 731 1358 qui
762 1305 790 1343 a
821 1290 1167 1362 philosophia
1195 1307 1410 1362 sponsae
1439 1295 1772 1349 narrationis
1802 1293 1959 1348 nobis
1996 1293 2282 1356 statuitur,
2338 1294 2500 1349 talem
2544 1308 2668 1348 esse
2728 1292 3116 1351 existimantis.

457 1377 697 1450 Tempus
741 1391 925 1438 autem
973 1393 1058 1439 est
1109 1386 1344 1455 primum
1392 1387 1609 1457 quidem
1647 1386 1964 1442 meminisse

388 1481 676 1530 contextus
700 1477 991 1531 verborum
1019 1476 1331 1532 divinorum
1356 1477 1731 1547 eloquiorum:
1764 1474 1963 1530 deinde

2138 1387 2342 1456 Καιρὸς
2383 1386 2428 1439 δ’
2462 1386 2527 1440 ἂν
2557 1385 2639 1454 εἴη
2670 1384 2883 1455 πρῶτον
2917 1384 3013 1454 μὲν
3044 1384 3214 1456 αὐτῆς
3238 1381 3637 1454 ἐπιμνησθῆναι
3728 1414 3730 1447 ε

2066 1477 2166 1549 τῆς
2188 1470 2385 1544 λέξεως
2407 1477 2515 1533 τῶν
2549 1476 2920 1531 θεοπνεύστων
2942 1475 3137 1544 λογίων
3160 1492 3174 1506 ·
3212 1470 3312 1529 εἷθ’
3341 1474 3524 1538 οὕτως
3553 1476 3638 1542 ἐς·

388 1567 459 1622 iis
493 1582 615 1638 qua
657 1568 811 1637 prius
847 1575 976 1625 sunt
1025 1569 1373 1625 considerata
1427 1568 1688 1638 adaptare
1739 1582 1959 1624 sensum

2144 1569 2303 1638 μόσαι
2332 1570 2445 1632 τοῖς
2492 1567 2919 1638 προθεωρηθεῖσι
2961 1567 3062 1638 τὴν
3092 1568 3205 1629 τοῖς
3239 1567 3429 1636 ῥητοῖς
3463 1567 3639 1633 ὲγκει-
3728 1572 3730 1633 ε

387 1656 482 1725 qui
549 1657 689 1713 situs
754 1667 837 1713 est
897 1658 952 1712 in
1014 1658 1216 1714 verbis.
1254 1656 1318 1711 In
1371 1657 1505 1711 lecto
1546 1669 1701 1712 noctu
1748 1656 1965 1726 quaesivi

2144 1676 2238 1731 νην
2264 1659 2520 1713 διάνοιαν.
2556 1658 2678 1711 Ἐπὶ
2711 1658 2920 1725 κοίτην
2935 1673 3055 1726 μου
3085 1657 3155 1710 ἐν
3181 1655 3363 1720 νυξὶν
3381 1653 3636 1723 ἐζήτησα

389 1750 582 1816 ipsum,
620 1759 668 1803 et
707 1764 808 1803 non
839 1749 1049 1803 inveni:
1101 1750 1271 1816 ipsum
1301 1750 1499 1812 vocavi,
1536 1757 1586 1803 et
1630 1764 1734 1802 non
1765 1747 1968 1801 audivit

389 1851 488 1892 me.
539 1836 765 1907 Surgunt
821 1846 995 1893 autem
1037 1847 1086 1893 et
1123 1840 1353 1893 circuibo
1387 1839 1688 1904 civitatem,
1723 1840 1777 1892 in
1834 1838 1967 1907 foris

394 1936 443 1980 et
478 1929 531 1980 in
572 1928 799 1996 plateis,
846 1937 895 1983 et
926 1944 1162 1998 quwram
1205 1945 1353 1999 quem
1387 1929 1560 1999 diligit
1602 1930 1780 1983 anima
1831 1944 1966 1983 mea.

393 2021 627 2088 Quaesivi
664 2036 781 2074 eum
815 2028 865 2074 et
894 2036 998 2073 non
1021 2020 1195 2074 inveni
1231 2037 1369 2075 eum.
1407 2019 1722 2075 Invenerunt
1764 2038 1845 2075 me
1880 2023 1970 2091 qui

392 2112 697 2168 custodiunt
720 2112 1103 2166 circumeuntes
1131 2113 1416 2168 civitatem.
1447 2111 1592 2166 Num
1621 2129 1771 2182 quem
1797 2113 1970 2184 diligit

394 2205 575 2261 anima
620 2220 736 2258 mea
787 2203 1029 2259 uidistis?
1071 2204 1474 2274 Quamprimum
1522 2214 1713 2272 parum
1775 2203 1841 2257 ab
1894 2206 1969 2260 eis

394 2295 610 2358 transii,
659 2293 822 2347 donec
849 2288 1021 2347 inveni
1063 2309 1180 2347 eum
1213 2309 1364 2362 quem
1397 2293 1572 2363 diligit
1604 2293 1781 2345 anima
1819 2310 1968 2347 mea:

397 2385 541 2439 tenui
576 2400 694 2438 eum
734 2394 784 2437 et
825 2400 927 2438 non
960 2382 1140 2438 dimisi
1181 2399 1316 2450 eum,
1354 2382 1521 2438 donec
1553 2400 1669 2437 eum
1701 2384 1972 2438 introduxi

395 2477 450 2528 in
478 2474 691 2529 domum
721 2477 907 2530 matris
946 2491 1094 2540 mete,
1139 2484 1185 2529 et
1217 2475 1270 2529 in
1312 2474 1554 2530 conclave
1596 2475 1709 2545 ejus
1745 2491 1860 2545 qua:
1894 2492 1972 2530 me

395 2567 651 2636 concepit.

470 2842 757 2911 Quomodo
795 2858 927 2914 ergo
969 2843 1023 2897 in
1060 2843 1126 2898 iis
1163 2857 1284 2912 quae
1317 2842 1462 2896 dicta
1507 2848 1636 2896 sunt
1666 2840 1972 2898 invenimus

2067 1748 2140 1803 ὃν
2166 1749 2483 1818 ἠγάπησεν
2510 1749 2549 1817 ἡ
2588 1747 2757 1817 ψυχή
2792 1763 2935 1815 μου·
2975 1744 3236 1813 ἐζήτησα
3274 1744 3496 1809 αὑτὸν,
3550 1747 3641 1799 καὶ

2031 1854 2034 1875 ³
2067 1843 2180 1909 οὐχ
2210 1835 2391 1908 εὗρον
2418 1839 2631 1893 αὐτόν’
2670 1837 2934 1892 ἐκάλεσα
2961 1836 3165 1901 αὐτὸν,
3203 1835 3301 1890 καὶ
3344 1837 3460 1904 οὐχ
3496 1836 3643 1899 ὑπή·
3728 1864 3730 1875 ι

2067 1931 2256 1987 κουσὲ
2281 1950 2421 2001 μου.
2457 1929 2901 1999 Ἀναστήσομαι
2931 1928 2999 1982 δὲ
3030 1928 3130 1982 καὶ
3156 1926 3452 1982 κυκλώσω
3478 1926 3552 1980 ἐν
3576 1925 3641 1993 τῇ

2068 2022 2241 2076 πόλει
2261 2063 2274 2086 ,
2319 2023 2390 2075 ἐν
2426 2020 2555 2087 ταῖς
2580 2021 2855 2091 ἀγοραῖς,
2904 2018 3004 2073 καί
3035 2019 3105 2073 ἐν
3135 2017 3264 2084 ταῖς
3310 2019 3643 2082 πλατείαις,

2069 2115 2167 2169 καὶ
2194 2114 2424 2183 ζητήσω
2453 2114 2525 2167 ὃν
2560 2114 2881 2182 ἠγάπησεν
2909 2113 2948 2180 ἡ
2979 2111 3148 2181 ψυχή
3178 2128 3318 2180 μου.
3363 2109 3649 2177 Ἐζήτησα

2069 2206 2275 2269 αὑτὸν,
2309 2205 2408 2259 καὶ
2440 2206 2553 2273 οὐχ
2576 2199 2757 2271 εὗρον
2784 2204 2987 2259 αὐτόν.
3042 2200 3322 2269 Εὔροσάν
3341 2219 3421 2270 με
3464 2204 3523 2255 οι
3550 2219 3649 2268 την

2062 2298 2335 2367 ροῦντες,
2361 2300 2413 2351 οι
2439 2295 2813 2361 κυκλοῦντες
2835 2296 2905 2348 ἐν
2933 2292 3007 2363 τῇ
3038 2295 3229 2349 πόλει.
3261 2292 3357 2360 Μὴ
3398 2292 3475 2347 ὃν
3512 2294 3652 2361 ἠτά-

2070 2403 2272 2458 πησεν
2308 2389 2346 2456 ἠ
2388 2385 2558 2456 ψυχή
2583 2404 2701 2455 μου
2728 2386 2920 2449 were;
2968 2386 3046 2450 ὡς
3070 2383 3330 2452 σμικρὸν
3358 2383 3458 2435 ὅτε
3504 2397 3654 2451 παρ-
3728 2383 3730 2433 !

2070 2478 2264 2547 ἦλθον
2301 2477 2402 2532 ἀπ’
2435 2475 2654 2540 αὐτῶν,
2692 2475 2803 2540 ἕως
2843 2475 2914 2529 οὗ
2953 2469 3135 2541 εὖρον
3162 2472 3234 2527 ὃν
3262 2471 3592 2542 ἠγάπησεν
3617 2473 3655 2537 ἠ

2070 2568 2239 2639 ψυχή
2252 2585 2373 2638 μου
2397 2583 2410 2595 ·
2434 2566 2736 2634 ἐκράτησα
2753 2564 2957 2627 αὐτὸν,
2972 2564 3071 2618 καὶ
3090 2565 3199 2617 οὐκ
3219 2562 3427 2631 ἀφῆκα
3442 2560 3654 2622 αὑτὸν,

2071 2659 2181 2725 ἕως
2213 2654 2284 2715 οὗ
2314 2658 2640 2728 εἰσήγαγον
2684 2656 2870 2711 αὑτὸν
2901 2657 2988 2720 εὶς
3028 2651 3196 2709 οἷκον
3235 2653 3465 2722 μητρός
3508 2669 3655 2721 μου,

2073 2749 2171 2803 καὶ
2198 2751 2284 2815 εὶς
2306 2748 2566 2817 ταμιεῖον
2586 2747 2692 2815 τῆς
2719 2746 3159 2812 συλλαϐούσης
3180 2761 3273 2813 με.

2144 2841 2270 2904 Πῶς
2299 2840 2475 2895 τοίνυν
2519 2841 2576 2893 ὲν
2612 2842 2723 2903 τοῖς
2763 2839 3072 2909 εἰρημένοις
3096 2836 3424 2908 εὑρίσκομεν
3464 2834 3539 2889 τὰ
3570 2835 3661 2887 δο-

400 2951 597 2993 sensus
623 2935 714 3005 qui
747 2935 1052 3005 dogmatice
1086 2949 1181 3004 per
1212 2931 1572 3003 periphrasim
1600 2947 1629 2985 a
1656 2932 1814 2987 nobis
1844 2939 1968 2987 sunt

2144 2931 2360 2994 ιατικῶς
2401 2932 2533 3000 ἡμῖν
2580 2927 3032 3003 προθεωρηθέντα
3081 2927 3368 2997 νοήματα;
3433 2924 3664 2992 γέγονεν

399 3027 678 3098 expositi?
711 3014 769 3080 In
799 3026 1235 3096 praecedentibus
1268 3023 1708 3087 ascensionibus,
1745 3022 1844 3077 fuit
1878 3037 1977 3093 pro

403 3120 616 3174 ratione
660 3119 782 3188 ejus
828 3117 973 3187 quod
1029 3131 1243 3187 semper
1281 3114 1338 3169 fit
1382 3115 1724 3180 incrementi,
1764 3130 1979 3186 semper

405 3216 615 3264 mutata
649 3209 715 3264 ad
751 3210 806 3263 id
835 3208 979 3279 quod
1012 3216 1097 3263 est
1136 3209 1356 3270 melius,
1387 3216 1439 3262 et
1471 3208 1523 3262 in
1553 3207 1695 3263 bono
1727 3222 1978 3280 compre-

408 3301 580 3355 henso
634 3314 913 3368 nunquam
967 3300 1192 3365 sistens,
1247 3313 1394 3353 nunc
1436 3298 1594 3368 equis
1639 3308 1977 3369 comparata,

408 3390 498 3458 qui
531 3387 850 3461 Egyptium
885 3396 1139 3444 evertunt
1182 3397 1498 3461 tyrannum,
1555 3405 1748 3446 rursus
1794 3400 1976 3446 autem

410 3478 702 3548 torquibus
749 3487 802 3533 et
849 3476 1159 3532 turtur-ibus
1207 3476 1508 3532 assimilata
1551 3478 1605 3532 in
1645 3478 1769 3533 colli
1810 3492 1978 3532 orna-

409 3577 614 3624 mento.
635 3567 837 3623 Deinde
860 3568 945 3623 his
974 3583 1081 3623 non
1112 3576 1368 3623 contenta
1402 3569 1649 3638 procedit
1680 3569 1859 3624 adhuc
1886 3585 1980 3624 su-

410 3661 615 3730 perius.
646 3659 779 3715 Nam
813 3672 910 3730 per
939 3672 1161 3713 suavem
1189 3660 1418 3714 nardum
1443 3661 1685 3719 divinum
1735 3662 1981 3733 agnoscit

411 3756 610 3809 bonum
638 3753 859 3809 odorem
880 3795 896 3819 ,
925 3761 979 3809 et
1009 3768 1111 3809 nec
1156 3754 1210 3808 in
1246 3754 1330 3810 his
1372 3754 1592 3824 quidem
1626 3763 1845 3820 manet,
1883 3753 1980 3810 sed

412 3860 605 3900 rursus
637 3859 760 3899 eum
789 3859 951 3915 quem
994 3845 1294 3910 desiderat,
1333 3845 1497 3900 veluti
1533 3844 1806 3915 quoddam
1845 3845 1981 3900 bene

411 3934 565 3989 olens
596 3948 803 3997 aroma,
856 3934 1143 4003 suspendit
1192 3935 1335 3987 inter
1382 3948 1479 3988 sua
1516 3934 1727 3988 ratione
1758 3934 1982 4003 praedita

414 4028 608 4092 ubera,
656 4026 803 4081 unde
836 4034 1047 4081 scatent
1072 4027 1257 4081 divina
1299 4026 1647 4091 documenta,
1693 4027 1749 4081 in
1802 4027 1982 4097 amplo

415 4115 600 4172 cordis
626 4117 801 4186 spatio
826 4131 950 4171 eum
978 4116 1232 4171 induens.
1257 4116 1385 4172 Post
1416 4119 1529 4171 haec
1557 4116 1789 4171 fructum
1821 4134 1981 4173 suum

416 4209 548 4265 facit
572 4207 902 4280 Agricolam,
939 4196 1116 4278 ipsum
1152 4207 1365 4260 botrum
1406 4209 1710 4274 nominans,
1756 4224 1980 4264 suavem

414 4308 472 4358 et
518 4308 729 4372 gratum
765 4299 986 4353 odorem
1023 4299 1359 4352 emittentem
1409 4314 1503 4368 per
1544 4298 1750 4352 ﬂorem.
1802 4298 1867 4352 Et
1900 4301 1986 4355 his

419 4394 834 4448 ascensionibus
871 4391 952 4446 sic
979 4401 1161 4452 aucta,
1193 4391 1421 4459 pulchra
1447 4390 1668 4455 dicitur,
1699 4397 1753 4445 et
1776 4391 1833 4445 lit
1861 4406 1989 4463 puo-

420 4484 656 4553 pinqua:
713 4491 767 4537 et
802 4498 922 4553 qua:
969 4494 1054 4538 est
1103 4482 1155 4535 in
1212 4482 1384 4551 ipsius
1424 4481 1599 4537 oculis
1646 4482 1990 4552 pulchritudo

346 4592 353 4601 ε
421 4571 760 4627 assimilatnr
804 4572 1092 4629 columbis.
1132 4557 1335 4626 Deinde
1383 4571 1628 4642 procedit
1662 4573 1728 4627 ad
1762 4573 1814 4627 id
1847 4573 1991 4642 quod

421 4671 506 4720 est
540 4663 737 4733 majus.
777 4661 938 4717 Facta
990 4665 1136 4717 enim
1192 4663 1561 4733 perspicacior
1622 4664 1712 4718 illa
1771 4680 1991 4735 quoque

426 4754 585 4815 Verbi
630 4757 796 4814 discit
831 4758 1110 4828 decorem,
1159 4767 1211 4811 et
1262 4757 1489 4810 miratur
1532 4756 2010 4827 quemadmodum

425 4848 784 4905 adumbratus
834 4847 1119 4904 descendit
1162 4847 1226 4901 ad
1281 4848 1477 4902 lectum
1524 4849 1647 4903 vita:
1694 4847 1989 4912 inferioris,

424 4940 693 5001 materiali
739 4949 935 4995 natura
970 4939 1217 5009 corporis
1264 4937 1483 4992 humani
1515 4940 1842 4993 occultatus.
1896 4938 1992 4994 His

426 5035 638 5090 accedit
666 5033 813 5104 quod
842 5031 1060 5087 virtutis
1089 5032 1306 5085 domum
1326 5030 1506 5088 verbis
1525 5030 1805 5095 describit,
1834 5031 1993 5101 cujus

427 5139 535 5193 qua
566 5123 772 5195 tegitur
812 5121 1042 5177 materia
1079 5128 1161 5175 est
1203 5119 1399 5175 cedrus
1428 5124 1484 5174 et
1530 5136 1845 5191 cupressus,
1876 5135 1996 5190 qua:

429 5219 771 5289 putredinem
801 5233 911 5273 non
936 5217 1166 5288 suscipit
1195 5224 1251 5272 et
1275 5215 1680 5286 corruptionem
1700 5255 1715 5279 ,
1753 5231 1847 5286 per
1879 5230 2000 5287 quae

430 5310 612 5365 verbis
636 5300 878 5380 explicat
905 5309 1259 5366 stabilitatem
1292 5316 1348 5363 et
1372 5308 1865 5363 immutabilitatem
1905 5308 1999 5360 ba-

432 5398 701 5459 bitudinis
732 5398 800 5452 ad
838 5388 1061 5455 bonum.
1099 5399 1364 5456 Praeterea
1396 5415 1490 5472 per
1536 5399 1999 5469 comparationem

508 5575 577 5664 ξ-
602 5573 834 5652 Philipp.
878 5589 958 5641 ut,
1016 5576 1099 5631 15.

2078 3023 2137 3075 ὲν
2162 3024 2280 3085 ταῖς
2327 3020 2722 3094 προλαϐούσαις
2755 3018 2964 3080 ἀνόδοις
3013 3017 3147 3088 πρὸς
3191 3016 3347 3084 λόγον
3385 3016 3488 3086 τῆς
3534 3017 3669 3068 ὲκάο

2080 3131 2231 3169 στοτε
2254 3112 2546 3183 γινομένης
2567 3111 2866 3181 αὐξήσεως.
2899 3111 3009 3163 Ἀεὶ
3031 3110 3139 3180 γὰρ
3168 3108 3302 3178 πρὸς
3327 3107 3385 3160 τὸ
3408 3110 3666 3178 κρεῖττον

2080 3205 2471 3276 ἀλλοιουμένη,
2512 3203 2610 3255 καὶ
2657 3201 2912 3255 οὐδέποτε
2960 3201 3052 3253 ἐπὶ
3084 3199 3176 3253 τοῦ
3221 3197 3668 3269 καταληφθέντος

2079 3297 2283 3367 ἀγαθοῦ
2322 3294 2608 3366 ἱσταμένη,
2643 3293 2738 3348 νῦν
2783 3292 3071 3363 μὲν-ἵππῳ
3104 3288 3568 3361 παραϐαλλομένη
3599 3292 3665 3357 τῇ

2080 3387 2572 3460 καταστρεψαμένη
2598 3387 2689 3440 τὸν
2721 3384 3018 3453 Αίγύπτιον
3059 3383 3318 3455 τύραννον
3339 3397 3353 3411 ο
3414 3379 3583 3433 πάλιν
3616 3378 3669 3432 δὲ

2081 3481 2364 3552 ὁρμίσκοις
2405 3478 2499 3532 καὶ
2534 3476 2788 3547 τρυγόσιν
2830 3474 3155 3544 εἰκαζομένη
3192 3471 3333 3525 κατὰ
3369 3470 3465 3523 τὸν
3510 3486 3671 3540 περι·

2085 3571 2331 3642 αυχένιον
2369 3570 2591 3639 κόσμον.
2658 3562 2793 3620 Εἶτα
2819 3565 2893 3628 ὡς
2923 3565 3022 3617 οὐκ
3054 3560 3383 3634 ἀρκεσθεῖσα
3425 3559 3668 3623 τούτοις,

2083 3660 2163 3714 ἔτι
2189 3659 2323 3731 πρὸς
2353 3657 2621 3728 ἀνώτερον
2652 3657 2884 3727 πρόεισι.
2930 3655 3029 3707 Διὰ
3059 3652 3167 3722 γὰρ
3195 3652 3292 3721 τῆς
3320 3649 3509 3720 ἡδείας
3532 3650 3669 3721 νὰρσ

2081 3752 2193 3818 δου,
2214 3750 2311 3822 τὴν
2334 3749 2483 3803 θείαν
2502 3747 2850 3817 ἐπιγινώσκει
2875 3745 3122 3811 εὐωδίαν,
3145 3743 3241 3796 καὶ
3260 3741 3383 3795 οὐδὲ
3403 3743 3462 3793 ὲν
3491 3740 3671 3810 τούτῳ

2087 3843 2256 3915 μένει,
2284 3841 2420 3895 ἀλλά
2437 3840 2596 3895 πάλιν
2617 3839 2778 3893 αὐτὸν
2796 3838 2885 3891 τὸν
2910 3836 3239 3905 ποθούμενον
3259 3828 3369 3887 οἷόν
3390 3850 3444 3886 τι
3464 3836 3671 3903 ἄρωμα

2084 3933 2316 3989 εὔπνουν
2332 3933 2498 4002 ἑαυτῇ
2528 3930 2816 4001 περιάπτει
2836 3928 3035 4000 μεταξύ
3058 3927 3165 3979 τῶν
3190 3924 3422 3994 λογικῶν
3453 3922 3669 3994 μαζῶν,

2083 4024 2204 4079 ὅθεν
2234 4022 2386 4095 βρύει
2410 4021 2479 4076 τὰ
2502 4020 2620 4075 θεῖα
2651 4017 3073 4090 διδάγματα,τῷ
3095 4019 3383 4089 χωρήματι
3406 4015 3510 4085 τῆς
3541 4032 3673 4085 καρ-

2084 4115 2200 4177 δίας
2227 4113 2585 4183 ὲνδυσαμένη.
2639 4111 2795 4166 Μετὰ
2822 4109 2981 4164 τοῦτο
3017 4110 3227 4180 καρπὸν
3261 4107 3462 4178 ἑαυτῆς
3499 4110 3673 4160 πυιεῖ-

2085 4215 2177 4261 ται
2210 4205 2299 4259 τὸν
2329 4202 2596 4276 γεωργὸν,
2647 4202 2838 4273 βότρυν
2872 4202 3034 4254 αὐτὸν
3072 4197 3432 4269 όνομάζουσα,
3482 4197 3585 4268 ἡδύ
3624 4213 3673 4249 τι

2089 4297 2185 4350 καὶ
2212 4294 2480 4366 προσηνὲς
2503 4293 2593 4347 διὰ
2614 4292 2706 4345 τοῦ
2729 4290 2923 4354 ἄνθους
2948 4289 3311 4352 εὐωδιάζοντα
3336 4305 3349 4317 ·
3375 4288 3475 4346 καὶ
3497 4286 3673 4349 οὕτως

2089 4388 2380 4458 αὐξηθεῖσα
2409 4385 2497 4439 διὰ
2530 4384 2637 4438 τῶν
2664 4383 2919 4439 τοιούτων
2971 4382 3201 4443 ἀνόδων,
3254 4379 3396 4449 καλὴ
3430 4379 3670 4446 λέγεται,

2090 4480 2183 4533 καὶ
2210 4478 2433 4548 πλησίον
2461 4476 2689 4546 γίνεται,
2733 4476 2825 4528 καὶ
2868 4475 3217 4544 περιστεραῖς
3248 4471 3310 4524 τὸ
3340 4472 3398 4523 ὲν
3426 4473 3543 4533 τοῖς
3575 4469 3672 4539 δμ-

2096 4589 2259 4640 μασιν
2284 4570 2454 4641 αὐτῆς
2474 4567 2866 4639 παρεικάζεται
2884 4565 3096 4626 κάλλος.
3117 4559 3248 4616 Εἶτα
3268 4561 3431 4615 πάλιν
3452 4560 3596 4630 πρὸς
3616 4560 3675 4612 τὸ

2095 4663 2275 4735 μεῖζον
2304 4662 2491 4733 χωρεῖ.
2537 4657 2973 4730 Διορατικωτέρα
2996 4656 3103 4725 γὰρ
3125 4652 3392 4723 γενομένη
3416 4650 3670 4721 κάκείνη,

2096 4756 2190 4810 τοῦ
2217 4756 2391 4823 Λόγου
2415 4751 2820 4822 καταμανθάνει
2840 4750 2933 4820 τὴν
2959 4747 3126 4819 ὥραν·
3149 4745 3242 4799 καὶ
3262 4744 3539 4814 θαυμάζει
3561 4744 3676 4805 πῶς

2098 4849 2312 4911 εὐσκιος
2344 4847 2435 4900 ἐπὶ
2478 4845 2574 4916 τὴν
2613 4843 2800 4913 κλίνην
2843 4842 2942 4912 τῆς
2979 4840 3129 4894 κάτω
3161 4837 3306 4906 ζωῆς
3332 4834 3675 4897 καταϐαίνει,

2098 4944 2164 5012 τῇ
2195 4940 2352 5011 ὑλικῇ
2386 4938 2480 4991 τοῦ
2522 4934 2860 5005 ἀνθρωπίνου
2902 4931 3152 5001 σώματος
3185 4927 3346 4997 φύσει
3388 4925 3676 4989 συσκιαζόο

2103 5050 2280 5103 μενος.
2332 5029 2476 5101 Πρὸς
2504 5027 2713 5089 τούτοις
2753 5025 2844 5078 τὸν
2873 5022 2973 5093 τῆς
3001 5021 3200 5091 ἀρετῆς
3238 5013 3386 5070 οἷκον
3417 5015 3499 5085 τῷ
3538 5016 3675 5084 λόγῳ

2101 5120 2412 5191 διαγράφει,
2440 5111 2501 5172 οὐ
2533 5115 2739 5185 γίνεται
2777 5114 2811 5184 ἡ
2839 5110 3101 5182 ὲρέψιμος
3130 5105 3253 5179 ὕλη,
3284 5104 3479 5174 κέδρος
3505 5121 3569 5157 τε
3589 5104 3676 5158 καὶ

2104 5216 2455 5284 κυπάρισσος,
2476 5207 2766 5280 σηπεδόνος
2788 5222 2848 5258 τε
2866 5203 2961 5256 καὶ
2983 5198 3275 5269 διαφθορᾶς
3300 5194 3673 5257 ἀνεπίδεκτος,

2104 5306 2169 5359 δι’
2204 5296 2278 5358 ὧν
2322 5303 2384 5355 τὸ
2418 5299 2640 5372 μόνιμόν
2684 5304 2744 5350 τε
2780 5294 2873 5349 καὶ
2910 5289 3285 5363 ἀμετάὁλητον
3315 5285 3420 5356 τῆς
3459 5285 3601 5357 πρὸς
3622 5285 3674 5336 τὸ

2106 5397 2308 5467 ἀγαθὸν
2349 5395 2584 5469 σχέσεως
2610 5386 2952 5461 διερμηνεύει
2988 5382 3066 5455 τῷ
3090 5382 3253 5453 λόγῳ.
3308 5377 3439 5433 Ἐπὶ
3470 5377 3672 5437 τούτοις
