3730 5980
165 183 279 242 889

1256 183 1323 238 ΙΝ
1362 181 1659 239 CANTICA
1691 179 1956 238 CANTIC.
2005 185 2282 243 HOMILIA
2324 189 2413 242 Vl.

3333 181 3438 242 890

167 304 260 359 8εά
283 303 626 374 συγκρίσεως
652 302 686 370 ἡ
717 300 851 372 πρὸς
878 300 937 354 τὸ
968 300 1214 370 κρεῖττον
1239 299 1408 362 αὐτῆς
1433 297 1640 369 παραλλ

1961 302 2165 355 εηιίἱιυιο
2198 302 2318 372 ejus
2363 303 2431 356 ab
2461 315 2528 355 eo
2560 299 2704 371 quod
2740 310 2823 355 est
2872 301 3069 356 melius
3110 297 3434 363 diﬂerentia,

165 394 470 461 δείκνυται,
497 394 592 448 καὶ
629 392 810 463 κρίνον
851 393 909 444 ἐν
950 390 1212 453 ἀκάνθαις
1244 389 1428 442 δοκεῖ·
1471 389 1564 442 καὶ
1600 388 1759 441 πάλιν

169 487 269 541 καὶ
316 489 450 557 παρ’
501 485 717 554 ἐκείνης
760 483 1062 555 καθορᾶται
1110 480 1204 534 τοῦ
1253 481 1487 552 νυμφίου
1536 481 1596 534 τὸ
1627 482 1760 546 πρὸς

169 577 300 641 τοὺς
330 577 528 639 ἄλλους
558 575 833 648 διάφορον.
869 575 1048 644 Μῆλον
1072 573 1180 644 γὰρ
1204 573 1529 644 ὀνομάζεται
1556 573 1758 644 μεταξὺ

169 669 458 740 δρυμῶνος
487 667 763 738 ἀκάρπου,
803 669 868 736 τῇ
906 667 1128 736 εὐχροία
1156 668 1254 737 τῆς
1283 664 1504 736 ὀπώρας
1537 663 1760 734 ὡραϊζο-

175 776 361 830 μενον,
389 753 450 813 οὑ
475 759 574 830 τὴν
607 749 766 812 σκιὰν
785 757 1091 811 ὑπελθοῦσα
1105 760 1162 810 ἐν
1180 757 1254 827 τῷ
1271 758 1401 826 οἴκῳ
1420 756 1644 824 γίνεται,
1667 756 1761 809 καὶ

172 851 377 924 μύροις
409 843 740 922 στηρίζεται,
767 851 860 902 καὶ
889 852 999 912 τοῖς
1028 851 1263 918 καρποῖς
1288 848 1382 901 τοῦ
1413 848 1584 918 μήλου
1622 865 1762 901 στοι-

169 944 424 1008 ϐἀζεται,
445 943 538 996 καὶ
565 943 621 994 τὸ
649 941 906 996 ἐκλεκτὸν
938 941 1090 1011 βέλος
1111 944 1168 994 ἐν
1187 945 1254 1011 τῇ
1281 940 1474 1011 καρδίᾳ
1495 939 1760 1011 δεξαμένη

169 1036 264 1090 διὰ
284 1038 386 1106 τῆς
409 1035 669 1104 γλυκείας
699 1035 934 1103 πληγῆς,
958 1034 1119 1088 πάλιν
1143 1035 1237 1087 καὶ
1267 1033 1406 1102 αὑτὴ
1443 1032 1594 1102 βέλος
1625 1032 1765 1100 γίνε-

167 1143 264 1179 ται
299 1129 359 1178 ἐν
386 1129 507 1188 ταῖς
534 1130 689 1196 χερσὶ
714 1124 809 1178 τοῦ
839 1125 1078 1191 τοξότου,
1106 1128 1204 1196 τῆς
1236 1125 1333 1196 μὲν
1357 1125 1637 1195 εὐωνύμου
1664 1126 1763 1195 τὴν

169 1215 423 1284 κεφαλὴν
452 1216 588 1286 πρὸς
616 1216 707 1267 τὸν
744 1215 856 1268 ἄνω
883 1214 1084 1267 σκοπὸν
1133 1213 1460 1283 εὑθυνούσης
1487 1233 1500 1245 ·
1555 1215 1656 1284 τῆς
1674 1215 1761 1268 δε-

169 1305 296 1372 ξιᾶς
326 1307 386 1360 δὲ
412 1307 548 1377 πρὸς
577 1308 778 1376 ἑαυτὴν
810 1305 1286 1377 διαλαμϐανούσης
1316 1306 1376 1358 τὺ
1403 1307 1573 1376 βέλος.
1611 1310 1764 1364 Μετά

166 1399 352 1454 ταῦτα
400 1400 475 1462 ὡς
510 1400 609 1470 ἤδη
664 1398 801 1470 πρὸς
838 1399 899 1450 τὸ
935 1398 1137 1450 τέλειον
1179 1397 1467 1465 φθάσασα,
1508 1401 1602 1453 καὶ
1645 1404 1764 1464 ταῖς

167 1490 394 1554 λοιπαῖς
426 1490 525 1560 τὴν
562 1491 655 1544 ἐπὶ
686 1490 778 1542 τὸν
812 1491 1146 1561 ποθούμενον
1191 1491 1500 1561 προθυμίαν
1543 1493 1767 1562 ὑφηγεῖ-

167 1596 265 1634 ται
293 1579 372 1650 τῷ
407 1580 570 1650 λόγῳ,
612 1580 678 1632 δι’
714 1581 980 1651 ὁρκισμοῦ
1022 1599 1168 1644 τινος
1199 1582 1297 1653 τὴν
1333 1583 1554 1653 ἀγάπην
1584 1584 1763 1638 αὑτῶν

169 1673 565 1742 ἐπεγείρουσα.
608 1672 704 1735 Τίς
736 1667 828 1727 οὖν
858 1673 958 1726 οὑκ
994 1672 1060 1727 ἂν
1095 1673 1237 1727 εῐποι
1266 1675 1365 1745 τὴν
1388 1677 1478 1728 ἐπὶ
1511 1676 1762 1733 τοσοῦτον

169 1761 489 1829 ὑψωθεῖσαν
516 1762 694 1832 ψυχὴν
727 1763 784 1816 ἐν
824 1762 904 1832 τῷ
949 1763 1235 1834 ἀκροτάτῳ
1282 1766 1611 1835 γεγενῆσθαι
1652 1768 1764 1838 ὅρῳ

168 1851 280 1921 τῆς
306 1853 675 1923 τελειότητοςς
715 1853 855 1906 Ἀλλ’
885 1855 1034 1924 ὅμως
1063 1855 1123 1908 τὸ
1147 1855 1320 1926 πέρας
1345 1856 1452 1910 τῶν
1481 1858 1766 1930 προδιηνυ-

173 1944 399 2014 σμένων
431 1945 573 2016 ἀρχὴ
615 1945 824 2014 γίνεται
855 1947 954 2016 τῆς
985 1947 1074 2000 ἐπὶ
1105 1947 1174 2000 τὰ
1210 1949 1579 2019 ὑπερκείμενα
1621 1967 1765 2022 χειρ-

170 2036 449 2104 αγωγίας.
505 2037 691 2091 Πάντα
721 2039 828 2108 γάρ
861 2040 1046 2092 ἐκεῖνα
1081 2041 1267 2109 φωνῆς
1300 2036 1433 2112 ἦχος
1481 2041 1762 2114 ἐνομίσθη,

170 2125 320 2195 πρὸς
353 2127 452 2196 τὴν
494 2127 603 2178 τῶν
629 2127 906 2196 μυστικῶν
945 2127 1176 2198 θεωρίαν
1205 2129 1302 2200 τὴν
1335 2128 1510 2202 ψυχὴν
1540 2131 1628 2184 διὰ
1668 2131 1767 2202 τῆς

171 2218 351 2286 ἀκοῆς
374 2218 826 2289 επιστρεφούσης,
845 2221 937 2272 καὶ
961 2219 1178 2289 βλέπειν
1199 2221 1421 2291 ἄρχεται
1453 2223 1543 2276 τὸν
1577 2224 1768 2277 ποθού-

177 2325 366 2379 μενον,
398 2308 542 2379 ἄλλῳ
566 2309 694 2362 εῖδει
722 2312 836 2373 τοῖς
858 2311 1155 2382 ὀφθαλμοῖς
1183 2314 1607 2385 ἐμφαινόμενον.
1637 2321 1769 2387 Δορ-

174 2401 307 2454 κάδι
335 2401 444 2472 γὰρ
483 2400 788 2472 ὁμοιοῦται,
831 2405 928 2456 καὶ
954 2404 1130 2476 νεϐρῷ
1175 2407 1571 2477 παρεικάζεται
1595 2426 1608 2440 ’
1675 2411 1769 2463 καὶ

173 2491 281 2561 οὑχ
301 2491 553 2562 ἕστηκεν,
583 2491 708 2546 οὗτε
742 2495 835 2549 ἐπὶ
863 2496 962 2568 τῆς
990 2498 1265 2570 ἡμετέρας
1299 2499 1494 2568 ὂψεως,
1528 2499 1652 2554 οὕτε
1678 2503 1770 2554 ἐπὶ⁹

173 2579 278 2633 τοῦ
319 2580 488 2634 τόπου
523 2582 686 2635 αὑτοῦ
728 2585 789 2637 τὸ
833 2585 1159 2655 φαινόμενον
1181 2605 1194 2617 ³
1227 2587 1341 2640 ἀλλ’
1391 2589 1628 2660 ἐπιπηδᾷ
1658 2593 1769 2653 τοῖς

175 2670 388 2741 ὄρεσιν,
429 2671 536 2723 ἀπὸ
557 2671 666 2723 τῶν
692 2671 1035 2743 ἀκροτηρίων
1063 2673 1156 2726 ἐπὶ
1181 2674 1276 2737 τὰς
1301 2673 1410 2726 τῶν
1441 2675 1643 2745 βουνῶν
1665 2675 1771 2741 ἐξο-

177 2767 286 2834 χὰς
319 2763 735 2833 μεθαλλόμενος.
782 2765 892 2818 Καὶ
929 2765 1089 2820 πάλιν
1123 2769 1179 2819 ἐν
1212 2767 1418 2836 μείζονι
1439 2769 1768 2822 καταστάσει

177 2857 218 2924 ἡ
248 2855 437 2925 νύμφη
471 2856 701 2923 γίνεται,
732 2858 917 2927 φωνῆς
939 2857 1195 2927 δευτέρας
1225 2859 1361 2929 πρὸς
1388 2858 1557 2930 αὑτὴν
1588 2860 1769 2914 ἐλθού-

1862 405 1915 448 et
1960 394 2174 447 videtur
2213 409 2334 450 esse
2377 395 2550 448 lilium
2588 392 2733 447 inter
2783 393 2973 461 spinas
3011 410 3023 445 :
3059 399 3114 446 et
3149 406 3344 446 rursus
3382 391 3438 445 in

1863 485 1952 537 illa
1986 486 2228 538 cernitur
2261 485 2450 554 sponsi
2499 483 2566 537 ab
2603 483 2723 537 aliis
2751 482 3068 536 discrimen.
3116 481 3440 536 Nominatur

1863 575 2005 627 enim
2051 589 2271 644 pomum
2327 575 2381 629 in
2434 574 2586 645 sylva
2619 572 2794 628 sterili
2842 571 3236 642 bono_fructus
3273 573 3440 628 odore

1862 665 2199 732 decoratum,
2228 665 2387 735 cujus
2425 666 2673 721 umbram
2706 666 2824 735 ipsa
2869 665 3115 727 subiens,
3145 663 3362 720 exsistit
3386 665 3438 718 in

1864 756 2024 810 domo
2057 757 2179 820 viri,
2210 766 2265 812 et
2297 756 2525 810 fulcitur
2555 757 2872 827 unguentis,
2903 763 2959 811 et
2988 755 3131 826 pomi
3171 755 3441 811 fructibus

1865 847 2119 916 stipatur,
2147 856 2199 902 et
2226 848 2398 902 electa
2431 848 2628 919 sagitta
2661 849 2715 902 in
2743 848 2909 903 corde
2938 863 3040 902 suo
3074 853 3319 916 accepta,
3346 861 3444 915 per

1865 937 2078 991 dulcem
2119 938 2332 1008 plagam
2369 939 2486 1008 ipsa
2537 953 2730 993 rursus
2766 939 2823 991 lit
2852 937 3046 1008 sagitta
3092 937 3149 990 in
3189 935 3444 990 manibus

1867 1029 2152 1101 sagittarii,
2189 1030 2412 1086 sinistra
2451 1030 2670 1100 quidem
2703 1030 2969 1100 dirigente
3015 1037 3179 1098 caput
3221 1027 3290 1081 ad
3319 1041 3444 1081 sco-

1865 1138 1992 1192 pum
2022 1138 2319 1192 supermun
2348 1139 2360 1173 :
2393 1123 2586 1178 dextra
2620 1128 2801 1177 autem
2831 1120 2897 1175 ad
2928 1119 3164 1188 seipsam
3189 1120 3440 1189 sagittam

1867 1221 2240 1268 convertente.
2292 1212 2422 1268 Post
2453 1213 2586 1275 hac,
2624 1220 2682 1265 ut
2716 1226 2838 1282 quae
2874 1211 2988 1281 jam
3018 1209 3327 1280 pervenerit
3373 1207 3445 1262 ad

1868 1304 1920 1358 id
1952 1304 2096 1374 quod
2124 1312 2208 1358 est
2242 1303 2570 1373 perfccutm,
2613 1302 2829 1356 caeteris
2858 1315 3013 1356 suam
3041 1301 3097 1353 in
3125 1315 3250 1354 eum
3281 1313 3444 1369 quem

1867 1397 2166 1460 desiderat,
2210 1404 2430 1451 enarrat
2483 1395 2832 1458 charitatem,
2889 1392 3102 1447 ratione
3155 1390 3445 1462 cujusdam

1870 1487 2230 1557 adjurationis
2257 1502 2350 1541 eas
2377 1487 2624 1541 excitans
2652 1484 2718 1538 ad
2749 1482 3121 1537 dilectionem.
3154 1480 3289 1546 Quis
3313 1495 3446 1550 ergo

1868 1595 1976 1634 non
2008 1578 2208 1634 dixerit
2237 1577 2476 1632 animam
2509 1591 2630 1646 qua:
2658 1582 2742 1629 est
2766 1572 2902 1628 adeo
2930 1573 3147 1628 sublata
3177 1575 3233 1629 in
3257 1574 3448 1636 altum,

1866 1672 2181 1740 pervenisse
2206 1670 2271 1724 ad
2309 1685 2583 1724 summum
2608 1667 2902 1723 terminum
2929 1662 3319 1736 perfectionis?
3341 1660 3445 1715 Sed

1867 1773 2048 1818 tamen
2095 1763 2215 1818 finis
2261 1777 2451 1817 eorum
2505 1775 2628 1830 qua:
2681 1743 2832 1830 prius
2889 1767 3017 1814 sunt
3065 1755 3338 1818 confecta,
3389 1753 3447 1806 fit

1868 1854 2202 1924 principium
2248 1853 2590 1912 deductionis
2656 1849 2722 1904 ad
2753 1864 2815 1904 ea
2861 1864 2982 1919 quae
3016 1845 3444 1917 supereminent.

1865 1945 1998 2000 Nam
2029 1946 2121 1999 illa
2155 1943 2382 2000 omnino
2430 1952 2559 1996 sunt
2606 1941 2917 1996 existimata
2959 1954 3129 1994 sonus
3159 1936 3308 1990 vocis
3353 1949 3449 2004 per

1866 2041 2112 2095 auditum
2138 2038 2379 2092 animam
2405 2035 2782 2091 convertentis
2803 2033 2869 2088 ad
2899 2031 3228 2085 naturallum
3261 2041 3446 2084 rerum

1867 2131 2415 2200 contemplationem,
2452 2141 2506 2183 et
2535 2126 2726 2196 incipit
2747 2125 2931 2179 videre
2961 2138 3085 2178 eum
3112 2136 3270 2192 quem
3305 2119 3451 2174 desi-

1867 2223 2043 2289 derat,
2072 2224 2127 2276 in
2177 2222 2282 2276 alia
2329 2221 2510 2292 specie
2545 2226 2898 2290 apparentem
2941 2213 3143 2270 oculis.
3176 2211 3311 2265 Nam
3355 2225 3449 2265 ca-

1869 2332 2010 2388 prea:
2037 2314 2218 2372 evadit
2257 2314 2475 2379 similis,
2517 2322 2572 2368 et
2619 2310 2955 2366 assimilatur
3003 2308 3230 2363 hinnulo
3271 2303 3448 2370 cervi;

1869 2424 1971 2464 nec
2024 2415 2109 2464 est
2155 2408 2210 2462 in
2243 2414 2433 2463 nostro
2487 2406 2628 2470 visu,
2680 2417 2784 2458 nec
2821 2403 2874 2456 in
2911 2400 3102 2457 eodem
3141 2399 3265 2454 loco
3305 2395 3449 2467 quod

1870 2509 2128 2573 apparet;
2179 2499 2272 2556 sed
2306 2498 2434 2555 salit
2473 2497 2529 2550 in
2576 2502 2822 2558 montes,
2857 2508 2886 2546 a
2920 2491 3311 2562 promontoriis
3345 2489 3446 2545 sal-~

1870 2602 1993 2650 tans
2035 2607 2201 2662 super
2235 2591 2472 2646 vertices
2512 2588 2759 2644 collium.
2802 2583 2866 2639 Et
2897 2598 3096 2640 rursus
3134 2583 3188 2636 in
3238 2580 3452 2636 meliori

1871 2692 2018 2739 statu
2047 2697 2250 2754 sponsa
2283 2680 2660 2743 constituitur,
2698 2691 2824 2732 cum
2857 2674 2924 2730 ad
2955 2689 3075 2730 eam
3109 2672 3321 2728 venerit
3347 2685 3454 2724 vox

1871 2774 2135 2840 secunda,
2174 2790 2271 2844 per
2303 2787 2464 2843 quam
2507 2770 2770 2825 incitatur
2799 2775 2858 2822 ut
2896 2767 3171 2835 relinquat
3206 2763 3453 2817 umbram

1871 2882 1991 2937 qua:
2024 2864 2275 2936 procedit
2307 2879 2376 2919 ex
2407 2862 2637 2934 pariete,
2664 2869 2718 2915 et
2746 2861 2817 2915 sit
2847 2858 2948 2913 sub
2974 2857 3086 2922 dio,
3124 2863 3183 2908 ut
3209 2852 3457 2923 quiescat

180 2965 322 3018 σης,
369 2949 438 3000 δι’
476 2944 545 3021 ἧς
578 2952 929 3020 παρορμᾶται
971 2951 1293 3004 καταλιπεῖν
1325 2953 1421 3022 τὴν
1458 2953 1552 3006 τοῦ
1589 2971 1648 3007 το

2001 2956 2242 3027 tegmine
2276 2963 2468 3026 petrae,
2521 2968 2641 3024 qua:
2666 2961 2750 3008 est
2780 2951 2936 3022 juxta
2961 2946 3452 3019 pr0pugnaculum,

180 3035 370 3099 σκιὰν,
396 3037 489 3089 καὶ
519 3040 577 3091 ἐν
607 3037 856 3108 ὑπαίθρῳ
896 3040 1180 3108 γενέσθαι,
1223 3043 1316 3095 καὶ
1361 3046 1424 3113 τῇ
1459 3043 1637 3117 σκέπῃ
1672 3046 1768 3115 τῆς

178 3128 392 3200 πέτρας
427 3130 938 3196 συναναπαύεσθαι,
983 3133 1082 3202 τῆς
1124 3135 1389 3205 ἐχομένης
1421 3137 1516 3189 τοῦ
1551 3155 1768 3208 προτει-

180 3221 472 3292 χίσματος,
498 3224 590 3276 καὶ
622 3224 720 3294 τῆς
755 3226 977 3296 ἐαρινῆς
1007 3226 1156 3300 ὠρας
1178 3231 1614 3300 κατατρυφῆσαι,
1649 3233 1796 3302 δρευ

181 3314 400 3384 πομένη
427 3314 522 3368 τοῦ
553 3316 746 3387 καιροῦ
773 3316 841 3369 τὰ
881 3317 1016 3389 ἄνθη
1051 3320 1259 3388 ἀκμαῖα
1290 3320 1419 3374 ὄντα
1449 3323 1544 3375 καὶ
1574 3321 1768 3393 ὡραῖα,

183 3407 284 3459 καὶ
309 3406 446 3476 πρὸς
474 3407 646 3478 τομὴν
675 3409 984 3480 ἐπιτήδεια,
1037 3413 1132 3466 καὶ
1165 3412 1266 3466 ὅσα
1311 3413 1444 3467 ἄλλα
1480 3413 1617 3484 πρὸς
1639 3416 1773 3469 ἀπό⁴

184 3495 382 3549 λαυσιν
405 3498 433 3549 ὁ
461 3499 651 3568 καιρὸς
679 3502 791 3562 τοῖς
818 3501 1064 3571 τρυφῶσι
1100 3503 1406 3574 χαρίζεται,
1430 3506 1488 3558 ὲν
1520 3507 1639 3568 ταῖς
1665 3505 1773 3559 τῶν

189 3587 469 3658 μουσικῶν
502 3587 728 3658 ὀρνίθων
760 3593 964 3658 φωναῖς
987 3608 1000 3621 ·
1057 3591 1125 3644 δι’
1159 3587 1235 3646 ὧν
1265 3592 1428 3646 πάλιν
1463 3593 1774 3665 τελειοτέρα

187 3677 453 3746 γινομένη
477 3679 510 3749 ἡ
535 3679 742 3750 νύμφη,
771 3682 941 3752 αὑτὴν
975 3682 1117 3749 ἀξιοῖ
1150 3683 1244 3736 τού
1277 3683 1649 3755 φθεγγομένου
1673 3688 1774 3758 τὴν

181 3766 313 3837 δψιν
340 3769 469 3822 ἰδεῖν
499 3771 786 3839 ἐμφανῶς,
820 3773 912 3826 καὶ
947 3775 1039 3826 τὸν
1069 3775 1226 3843 λόγον
1258 3777 1387 3847 παρ’
1428 3777 1594 3830 αὑτοῦ
1618 3778 1775 3844 δέξα-

189 3859 342 3924 σθαι,
390 3861 587 3930 μηκέτι
629 3862 696 3915 δι’
744 3863 945 3932 ἐτέρων
976 3864 1366 3935 φθεγγόμενον.
1419 3866 1588 3922 Πάλιν
1633 3869 1777 3932 εἰκός

188 3950 344 4004 ἐστιν
369 3951 462 4003 ἐπὶ
484 3952 693 4016 τούτοις
728 3955 1134 4025 μακαρισθῆναι
1164 3958 1262 4027 τὴν
1291 3958 1489 4029 ψυχὴν,
1516 3959 1614 4030 τῆς
1641 3959 1779 4030 ὑψη-

187 4039 296 4113 λῆς
316 4042 635 4107 ἀναϐάσεως
653 4043 747 4097 τοῦ
768 4046 1070 4116 ἀκροτάτου
1090 4047 1197 4102 τῶν
1223 4049 1389 4102 ποθου
1397 4051 1572 4119 μένων
1597 4053 1778 4121 ἐφικοο

195 4133 387 4203 μένην.
429 4134 493 4185 Τί
518 4134 625 4204 γὰρ
655 4134 719 4188 ἄν
771 4152 854 4198 τις
886 4135 1070 4205 μεῖζον
1112 4139 1189 4195 είς
1222 4142 1570 4212 μακαρισμὸν
1597 4143 1783 4215 ἐννοή-

194 4241 363 4286 σειεν,
388 4225 482 4278 τοῦ
518 4226 680 4279 είδεῖν
700 4225 790 4279 τὸν
825 4227 958 4280 Θεόν
983 4245 997 4290 ;
1041 4229 1200 4283 Ἀλλά
1222 4232 1514 4297 καὶτοῦτο,
1541 4233 1648 4288 τῶν
1684 4237 1782 4308 μὲν

1871 3059 1926 3106 et
1961 3065 2022 3105 se
2063 3048 2215 3104 verni
2243 3045 2506 3116 temporis
2539 3045 2755 3115 expleat
2791 3042 3024 3101 deliciis,
3057 3039 3324 3107 colligens
3355 3035 3457 3090 ﬂo-

1872 3158 1962 3198 res
2003 3141 2169 3211 hujus
2199 3139 2486 3210 temporis,
2521 3138 2616 3209 qui
2648 3144 2778 3193 sunt
2817 3134 3036 3206 pulchri
3070 3139 3124 3188 et
3153 3131 3455 3200 elegantes,

1873 3241 1926 3287 et
1953 3231 2063 3301 apti
2104 3230 2170 3285 ad
2215 3230 2538 3296 secandum,
2581 3235 2636 3284 et
2684 3241 3024 3298 quaecunque
3088 3224 3196 3278 alia
3242 3231 3459 3292 tempus

1875 3322 2107 3379 fruenda
2129 3323 2352 3377 exhibet
2380 3321 2448 3377 iis
2485 3320 2581 3391 qui
2609 3336 2669 3376 se
2694 3321 2915 3390 explent
2947 3317 3159 3373 deliciis
3189 3317 3242 3370 in
3279 3315 3455 3369 mnsi-

1875 3431 2061 3470 carum
2090 3415 2273 3470 avium
2314 3414 2545 3470 vocibus
2569 3430 2582 3467 :
2620 3428 2715 3482 per
2740 3426 2862 3482 quae
2885 3424 3088 3478 sponsa
3123 3423 3314 3463 rursus
3335 3420 3460 3461 eva-

1874 3507 2010 3562 dens
2061 3506 2382 3578 perfectior,
2445 3519 2506 3559 se
2557 3503 2780 3573 dignam
2833 3509 3021 3555 censet
3064 3507 3122 3552 ut
3170 3497 3458 3552 manifeste

1876 3601 2151 3654 intueatur
2193 3596 2394 3651 faciem
2437 3595 2578 3663 ejus,
2633 3601 2688 3648 et
2730 3593 2850 3663 ejus
2879 3595 3186 3646 orationem
3221 3590 3458 3658 excipiat

1878 3689 1944 3744 ab
1977 3689 2119 3758 ipso,
2154 3687 2247 3756 qui
2287 3699 2396 3741 non
2442 3683 2676 3753 amplius
2722 3696 2820 3752 per
2862 3681 3029 3735 alium
3073 3679 3238 3734 verba
3268 3677 3455 3733 faciat.

1879 3779 2093 3834 Rursus
2123 3787 2208 3834 est
2235 3784 2665 3832 consentaneum
2705 3781 2929 3844 propter
2958 3772 3073 3827 haec
3097 3771 3310 3827 beatam
3340 3773 3460 3827 exi-

1879 3872 2092 3929 stimari
2139 3871 2400 3936 animam,
2447 3882 2569 3938 qua:
2615 3867 2671 3920 in
2719 3866 2826 3919 alta
2858 3863 3184 3920 ascensione
3213 3865 3459 3933 pervenit

1881 3965 1947 4018 ad
1980 3976 2252 4018 summum
2295 3974 2484 4016 eorum
2519 3973 2642 4026 quae
2678 3957 3081 4012 desiderantur.
3132 3954 3274 4021 Quid
3311 3955 3460 4008 enim

1882 4054 1949 4109 ad
1979 4052 2377 4109 beatitudinem
2417 4051 2598 4121 majus
2632 4056 2808 4120 potest
2841 4047 3142 4118 excogitari
3182 4061 3346 4116 quam
3379 4046 3461 4099 vi-

1882 4145 2012 4199 dere
2027 4142 2237 4198 Deum?
2266 4139 2370 4196 Sed
2398 4140 2504 4195 hoc
2529 4155 2749 4211 quoque
2775 4147 2861 4194 est
2881 4138 3102 4209 quidem
3130 4138 3252 4191 linis
3271 4151 3460 4190 eorum

1884 4251 2005 4306 qua:
2030 4244 2248 4304 peracta
2277 4243 2425 4296 sunt,
2456 4233 2675 4288 initium
2699 4247 2828 4288 vero
2868 4233 2983 4300 spei
3007 4245 3197 4284 eorum
3227 4243 3349 4298 quae
3375 4243 3462 4282 su-

191 4315 674 4386 προδιηνυσμένων
698 4317 870 4388 πέρας
907 4319 1044 4384 ἐστὶ,
1079 4321 1175 4391 τῆς
1205 4322 1263 4374 δὲ
1303 4322 1412 4375 τῶν
1452 4325 1664 4395 ὑπερκεη

1988 4328 2243 4381 eminent.
2280 4323 2495 4380 Rursus
2523 4317 2688 4379 enim‘
2721 4321 2874 4377 audit
2911 4336 3124 4383 vocem,
3159 4334 3279 4388 qua:
3307 4319 3461 4387 jubet

194 4425 306 4460 νων
349 4407 560 4472 ἐλπίδος
602 4409 746 4479 ἀρχὴ
790 4411 1016 4477 γίνεται.
1077 4413 1246 4466 Πάλιν
1288 4414 1396 4484 γὰρ
1444 4419 1543 4486 τῆς
1593 4420 1781 4490 φωνῆς

195 4499 388 4554 ἀκούει
413 4500 515 4570 τῆς
544 4502 998 4574 διακελευομένης
1030 4506 1142 4567 τοῖς
1165 4504 1452 4576 θηρευταῖς
1489 4508 1580 4561 ἐπὶ
1606 4527 1781 4581 σωτη-

201 4591 295 4663 ρίᾳ,
325 4591 434 4645 τῶν
466 4592 804 4663 ἀμπελώνων
832 4594 940 4647 τῶν
972 4594 1228 4663 λογικῶν,
1259 4597 1525 4668 ἀγρεῦσαι
1551 4599 1619 4652 τὰ
1648 4600 1778 4670 βλα-

198 4682 372 4738 πτικά
393 4683 500 4738 τῶν
521 4685 748 4754 καρπῶν
771 4685 954 4756 θηρία,
975 4688 1100 4750 τοὺς
1128 4690 1354 4759 μικροὺς
1377 4689 1618 4754 ἐκείνους
1646 4691 1786 4746 ἀλώ-

200 4794 380 4840 πεκας
404 4793 418 4807 '
459 4778 554 4831 καὶ
577 4778 768 4832 τούτου
794 4779 1104 4849 γενομένου,
1153 4785 1464 4853 μεταχωρεῖ
1489 4785 1556 4837 τὰ
1585 4787 1678 4841 δύο
1705 4791 1786 4854 είς

201 4867 430 4937 ἄλληλα,
468 4869 573 4921 ὅτε
597 4869 729 4932 Θεὸς
753 4871 810 4922 ἐν
848 4873 914 4940 τῇ
955 4870 1098 4940 ψυχῇ
1140 4873 1442 4943 γινόμενος,
1491 4880 1584 4932 καὶ
1625 4881 1787 4935 πάλιν

203 4961 284 5022 εἰς
319 4959 413 5012 τὸν
441 4959 574 5013 Θεὸν
624 4963 656 5031 ή
692 4961 834 5030 ψυχὴ
881 4963 1265 5031 μετοικίζεται.
1313 4967 1475 5034 Λέγει
1516 4973 1653 5042 γὰρ,
1705 4973 1789 5026 ὅτι

208 5050 554 5120 Ἀδελφιδός
609 5071 728 5122 μου
786 5055 954 5123 ἐμοί’
1025 5055 1179 5124 κάγὼ
1229 5059 1288 5110 ἐν
1345 5059 1526 5129 αὑτῷ,
1600 5063 1680 5131 τῷ
1729 5066 1788 5117 ἐν

201 5146 317 5206 τοῖς
343 5149 545 5214 κρίνοις
579 5145 944 5214 ποιμαίνοντι,
977 5147 1072 5199 καὶ
1107 5146 1396 5217 μεταθέντι
1443 5150 1541 5219 τὴν
1575 5151 1787 5223 ἀνθρω-

204 5231 368 5300 πίνην
385 5232 530 5303 ζωὴν
574 5233 683 5287 ἀπὸ
711 5233 820 5286 τῶν
843 5235 1118 5290 σκιοειδῶν
1137 5237 1540 5307 φαντασμάτων
1565 5241 1659 5295 ἐπὶ
1687 5240 1785 5312 τὴν

204 5322 312 5375 τῶν
335 5324 504 5377 ὄντων
531 5323 806 5394 ἀλήθειαν.
844 5326 1006 5397 Ὁρᾷς
1037 5329 1118 5391 είς
1137 5328 1261 5382 ὅσον
1291 5329 1630 5401 ἀναϐέϐηκεν
1651 5333 1786 5402 ὕφος

203 5417 240 5486 ἡ
269 5415 333 5468 ἐκ
359 5414 640 5485 δυνάμεως
671 5417 750 5479 εἰς
777 5416 1003 5489 δύναμιν
1032 5420 1172 5474 κατά
1200 5420 1290 5474 τὸν
1322 5424 1657 5494 προφητικὸν
1685 5443 1786 5479 πο-

287 5600 331 5630 “
384 5595 528 5652 Psal.
580 5613 803 5665 Lxxxnt,
855 5598 910 5653 8.

1885 4417 2241 4484 venatoribus
2273 4425 2334 4472 ut
2365 4431 2468 4487 pro
2499 4415 2677 4471 salute
2713 4414 2992 4468 vinearum
3023 4413 3232 4466 ratione
3263 4411 3459 4480 praedi-

1885 4520 2086 4573 tarum,
2142 4516 2409 4564 venentur
2462 4506 2724 4561 animalia
2776 4520 2898 4575 qum
2955 4505 3168 4560 fructus
3234 4503 3458 4567 lzedunt,

1885 4615 2080 4670 nempe
2105 4614 2301 4670 parvas
2345 4599 2467 4653 illas
2509 4597 2721 4665 vulpes.
2758 4595 2836 4651 Eo
2877 4604 3057 4651 autem
3096 4596 3237 4650 facto
3264 4595 3373 4649 duo
3406 4596 3462 4648 in

1885 4707 1946 4748 se
1981 4693 2216 4746 invicem
2244 4695 2552 4746 transeunt.
2600 4686 2734 4741 Nam
2766 4697 2819 4743 et
2864 4687 3006 4744 Deus
3047 4697 3132 4742 est
3169 4689 3222 4740 in
3254 4688 3459 4749 anima,

1884 4794 1938 4842 et
1970 4799 2168 4840 rursus
2199 4783 2383 4838 anima
2411 4781 2608 4852 migrat
2631 4781 2684 4834 in
2710 4781 2901 4834 Deum.
2931 4780 3022 4834 Ait
3043 4779 3210 4841 enim,
3237 4778 3462 4832 Patrue.-

1887 4876 1952 4930 lis
1984 4890 2128 4930 meus
2164 4874 2328 4938 mihi,
2366 4880 2420 4928 et
2449 4886 2549 4942 ego
2577 4871 2655 4926 illi
2696 4869 2938 4940 pascenti
2965 4869 3260 4934 interlilia,
3281 4878 3335 4923 et
3364 4868 3464 4922 ltu-

1888 4982 2106 5023 manam
2139 4966 2307 5020 vitam
2333 4964 2686 5019 transferenti
2718 4978 2748 5016 a
2772 4961 2906 5017 visis
2935 4961 3215 5015 umbrosis
3243 4960 3308 5014 ad
3341 4975 3462 5015 eam

1893 5074 2014 5128 qua:
2038 5073 2165 5113 vere
2186 5067 2270 5112 est
2300 5057 2604 5112 veritatem.
2642 5054 2806 5109 Vides
2828 5055 2882 5108 in
2908 5061 3170 5122 quantam
3200 5051 3464 5107 ascende--

1894 5152 1966 5205 rit
1993 5148 2335 5204 altitudinem
2372 5150 2554 5202 anima
2581 5163 2704 5215 quae
2727 5147 2885 5215 juxta
2911 5145 2962 5199 id
2993 5143 3139 5214 quod
3169 5142 3305 5198 dicit
3333 5142 3466 5198 Pro;

1892 5242 2053 5312 pheta
2081 5241 2124 5271 “
2147 5279 2163 5304 ,
2191 5239 2434 5294 ambulat
2453 5254 2485 5292 a
2516 5238 2718 5292 virtute
2751 5237 2807 5291 in
2837 5236 3112 5300 virtutem,
3137 5241 3195 5288 ut
3219 5235 3468 5290 videatur

1891 5349 2013 5390 esse
2042 5339 2292 5387 assecuta
2334 5343 2609 5386 summum
2659 5328 2775 5398 spei
2815 5328 3106 5383 bonorum.
3142 5325 3284 5392 Quid
3315 5326 3464 5381 enim

1894 5434 1976 5482 est
2008 5423 2191 5487 altius,
2219 5436 2382 5492 quam
2423 5435 2546 5476 esse
2583 5421 2638 5473 in
2675 5420 2794 5489 ipso
2833 5419 2928 5490 qui
2960 5417 3329 5484 desideratur,
3368 5424 3466 5471 aut
