3742 5986
269 197 365 255 891

1504 206 1558 261 S.
1602 204 1929 262 CREGORII
1967 205 2257 261 NYSSENI

3417 204 3525 260 892

269 328 395 369 eum
435 314 527 386 qui
558 314 903 373 desideratur
933 318 987 374 in
1029 320 1269 390 seips’um
1308 324 1620 394 suscipere?
1649 323 1713 377 Et
1748 334 1832 379 ta-

2017 326 2213 395 υομένη
2241 323 2419 392 λόγον,
2454 324 2530 386 ὡς
2562 321 2655 375 τοῦ
2683 322 2982 394 ἀκροτάτου
3022 323 3118 393 τῆς
3160 322 3268 375 τῶν
3302 322 3528 391 ἀγαθῶν

272 421 395 460 men
425 422 549 461 cum
592 409 645 463 in
672 424 740 464 eo
767 409 955 473 fuerit,
1004 426 1197 466 rursus
1236 414 1582 475 lamentatur,
1637 425 1695 469 ut
1724 430 1846 485 quae

272 498 398 552 boni
437 499 508 554 sit
532 500 815 571 indigens:
867 508 921 556 et
962 511 1017 556 ut
1061 519 1183 573 qua:
1214 505 1452 559 nondum
1486 506 1683 560 habeat
1716 521 1844 575 pro-

271 592 508 661 positum
538 592 817 659 desiderii,
860 594 1077 666 angitur
1106 606 1265 652 etest
1298 599 1575 667 perplexa,
1614 612 1845 667 eamque

272 682 684 750 perplexitatem
743 685 939 741 animas
988 680 1305 743 narratione
1359 704 1456 745 sua
1520 688 1740 760 profert-
1788 689 1843 742 in

1948 415 2159 477 ἐλπίδος
2203 413 2557 484 τετυχηκέναι
2589 413 2803 479 δοκεῖν;
2846 413 2912 465 Τί
2945 415 3053 484 γάρ
3083 412 3356 485 ἀνώτερον
3425 420 3530 470 τοῦ

1947 507 2007 559 ἐν
2048 503 2194 574 αὑτῷ
2240 501 2490 572 γενέσθαι
2531 501 2608 571 τῷ
2646 500 2998 575 ποθουμένῳ,
3044 502 3138 555 καὶ
3166 503 3224 555 ἐν
3253 500 3403 572 αύτῷ
3432 500 3529 556 τὸν

1949 595 2280 665 ποθούμενον
2299 592 2551 659 δέξασθαι
2571 609 2586 658 ;
2620 592 2759 645 Ἀλλ’
2780 593 2930 663 ὅμως
2956 595 3014 645 ἐν
3042 593 3215 663 τούτῳ
3232 591 3525 662 γενομένη,

1948 686 2110 739 πάλιν
2135 685 2211 748 ὡς
2254 683 2437 753 ἐνδεὴς
2481 677 2617 735 οὖσα
2644 681 2740 735 τοῦ
2769 681 2973 751 ἀγαθοῦ
2989 682 3347 753 ,ἀποδύρεται
3367 699 3380 712 ·
3429 683 3526 735 καὶ

271 773 570 841 publicum.
1948 776 2023 840 ῶς
2060 776 2226 845 μήπω
2251 773 2449 845 ἔχουσα
2477 773 2538 826 τὸ
2575 775 2640 844 τῇ
2679 772 2940 843 ἐπιθυμίᾳ
2964 773 3344 843 προκείμενον,
3380 774 3528 844 ἁμη-

268 865 422 930 χανεί
447 879 504 915 τε
536 865 630 917 καὶ
652 863 988 937 δυσχεραίνει
1018 867 1112 921 καὶ
1141 868 1238 940 τὴν
1270 871 1523 940 τοιαύτην
1550 871 1649 940 τῆς
1667 867 1845 939 ψυχῆς
1916 866 2233 938 ἀμηχανίαν
2289 864 2602 935 δημοσιεύει
2634 862 2710 933 τῷ
2751 864 3046 934 διηγήματι
3093 864 3187 918 καὶ
3219 864 3370 926 ὅπως
3398 861 3526 936 εὗρε

266 954 328 1008 τδ
357 953 706 1027 ζητούμενον,
737 957 1140 1030 ὑπογράφειτῷ
1171 962 1331 1033 λόγῳ.

341 1046 464 1102 [iam
499 1054 677 1102 autem
716 1051 899 1103 omnia
919 1052 1182 1107 discimus
1211 1069 1304 1122 per
1327 1056 1832 1126 contemplationem

2017 1043 2196 1099 Ταῦτα
2240 1043 2298 1097 δέ
2344 1042 2531 1103 πάντα,
2562 1043 2652 1097 διὰ
2691 1044 2790 1114 τῆς
2826 1044 2933 1097 τῶν
2972 1047 3349 1117 προκειμένων
3388 1053 3523 1121 ἡμῖν

174 1164 182 1170 ι
267 1139 563 1192 verborum
599 1138 654 1192 in
683 1148 941 1194 contextu
973 1141 1130 1196 nobis
1156 1146 1583 1213 propositorum,
1605 1162 1700 1215 per
1718 1163 1832 1217 qua:

2017 1138 2121 1189 τῶν
2164 1134 2397 1206 Θεωρίας
2428 1135 2789 1205 μανθάνομεν,
2823 1135 2890 1187 δι’
2932 1129 3007 1189 ὧν
3038 1138 3228 1206 σαφῶς
3266 1139 3522 1195 διδασκό-

267 1240 450 1299 aperte
478 1229 759 1296 docemur,
792 1232 938 1301 quod
969 1248 1147 1303 neque
1198 1235 1306 1289 ullo
1364 1236 1466 1290 ﬁne
1516 1239 1832 1293 terminatur

2017 1229 2103 1291 θα,
2147 1226 2206 1280 τὸ
2253 1228 2391 1297 μήτε
2420 1227 2526 1279 τινὶ
2570 1226 2765 1297 πέρατι
2811 1225 2872 1278 τὸ
2909 1228 3193 1297 μεγαλεῖον
3237 1233 3338 1301 τῆς
3370 1233 3527 1295 θείας

266 1320 589 1389 magnitudo
614 1320 813 1375 divina:
845 1332 1072 1389 natum,
1111 1341 1288 1395 neque
1321 1327 1466 1383 ullus
1513 1329 1708 1385 modus
1738 1344 1832 1384 co-

266 1411 527 1479 gnitiouis
589 1410 656 1468 fit
710 1416 979 1472 terminus
1042 1418 1426 1474 intellectionis
1475 1435 1662 1474 eorum
1717 1436 1836 1491 qua!

266 1511 610 1570 quaeruntur,
641 1519 755 1573 quo
786 1515 1035 1576 oporteat
1067 1525 1126 1563 se
1157 1510 1373 1578 sistere,
1406 1527 1474 1566 ue
1521 1513 1836 1583 progredia-

1935 1317 2211 1390 ὁρίζεσθαι
2259 1315 2507 1384 φύσεως,
2557 1318 2691 1387 μήτε
2739 1333 2791 1369 τι
2841 1315 3094 1385 γνώσεως
3148 1319 3348 1392 μέτρον
3389 1322 3520 1394 ὅρον

1940 1407 2181 1478 γίνεσθαι
2213 1407 2311 1475 τῆς
2348 1405 2458 1458 τῶν
2492 1404 2840 1476 ζητουμένων
2873 1410 3285 1479 κατανοήσεως,
3330 1411 3452 1481 μεθ’
3495 1414 3526 1467 δ

1944 1499 2132 1569 στῆναι
2161 1499 2264 1568 χρὴ
2286 1499 2385 1566 τῆς
2413 1498 2505 1549 ἐπὶ
2529 1497 2591 1549 τὸ
2621 1498 2807 1568 πρόσω
2833 1500 3025 1570 φορᾶς,
3048 1499 3139 1552 τὸν
3160 1500 3269 1555 τῶν
3296 1502 3526 1573 ὑψηλῶν

284 1559 299 1570 .
596 1559 606 1565 ν
658 1559 674 1573 .
823 1559 843 1576 ι
870 1559 905 1561 μ
1158 1559 1373 1578 "ww,
1406 1559 1473 1566 --ν
1521 1559 1807 1583 ,μηνυμ-

268 1601 359 1645 tur
389 1607 452 1647 ac
484 1605 873 1663 promoveatur
903 1599 1133 1654 ulterius
1165 1601 1212 1655 is
1242 1602 1335 1672 qui
1367 1602 1620 1657 sublimia
1656 1617 1832 1672 perse-

2017 1559 2264 1657 ε’γόμένον
2296 1603 2309 1618 ·
2342 1559 2476 1639 ’ἀλλ’
2511 1559 2682 1650 οὕτως
2714 1559 2857 1657 ἔχειν
2885 1559 3087 1642 τὸν-διά
3127 1590 3228 1660 τῆς
3263 1559 3525 1663 ὑπερκει-

266 1687 499 1753 quitur:
529 1687 623 1740 sed
653 1687 728 1742 ita
760 1704 818 1744 se
848 1702 1000 1761 gerat
1049 1691 1096 1748 is
1138 1693 1231 1762 qui
1279 1709 1377 1764 per
1431 1695 1841 1763 supereminen-

266 1777 402 1830 tium
446 1776 871 1835 intellectionem
929 1782 995 1836 ad
1056 1798 1344 1853 supernam
1378 1785 1550 1838 currit
1584 1794 1838 1848 intentem,

268 1876 325 1921 ut
355 1867 534 1923 omnis
566 1868 829 1939 perfectio
853 1873 1187 1941 cognitionis
1207 1890 1367 1945 quam
1393 1875 1628 1929 humana
1665 1884 1842 1945 potest

268 1961 486 2030 assequi
524 1970 743 2029 natura,
772 1964 842 2019 sit
862 1966 1197 2034 principium
1229 1965 1483 2021 desiderii
1506 1983 1694 2021 eorum
1721 1985 1841 2038 quae

269 2060 398 2104 sunt
423 2054 746 2107 excelsiora.
780 2054 910 2108 Mihi
955 2063 1136 2109 autem
1200 2057 1491 2127 diligenter
1552 2060 1839 2114 considera

267 2139 321 2194 id
353 2143 497 2211 quod
530 2150 613 2198 est
646 2145 983 2214 propositum
1021 2146 1086 2199 ad
1119 2151 1617 2218 contemplandum,
1661 2152 1705 2207 si
1736 2153 1839 2207 hoc

267 2235 419 2299 prius
451 2244 631 2289 mente
679 2237 1179 2305 comprehenderis,
1238 2240 1384 2308 quod
1449 2241 1719 2295 thalamus
1755 2251 1839 2296 est

268 2323 558 2391 scriptura:
582 2328 883 2395 corporalis
912 2328 1229 2398 descriptio,
1263 2338 1317 2383 et
1361 2332 1623 2398 nuptialis
1671 2348 1840 2403 appa-

266 2421 421 2468 ratus
453 2417 734 2470 materiam
761 2417 855 2471 dat
879 2422 1347 2490 contemplationi,
1379 2437 1408 2475 a
1437 2424 1636 2492 quibus
1672 2426 1841 2492 philo-

266 2504 480 2571 sophia,
518 2507 585 2561 ad
619 2508 673 2562 id
725 2510 868 2578 quod
903 2517 988 2564 est
1019 2526 1214 2580 purum
1247 2521 1301 2565 et
1356 2527 1552 2581 expers
1602 2514 1839 2568 materiae

267 2597 663 2652 sententiarum
692 2607 746 2654 et
777 2599 977 2656 mentis
1020 2601 1442 2671 conceptionum
1496 2603 1838 2659 transferens

266 2690 718 2760 signiﬁcationes,
767 2706 864 2761 per
908 2707 971 2747 ea
1031 2708 1153 2763 quae
1205 2695 1259 2748 in
1312 2695 1447 2765 ipsis
1504 2706 1840 2766 peraguntur

265 2783 517 2853 producit
542 2782 820 2854 dogmata,
857 2791 1015 2840 utens
1046 2784 1116 2840 iis
1150 2800 1271 2855 quae
1303 2786 1439 2839 liunt
1483 2786 1538 2840 in
1573 2788 1838 2857 aenigma-

265 2870 415 2927 tibus
445 2873 513 2926 ad
542 2872 868 2939 declaranda
894 2888 958 2929 ea
984 2889 1106 2943 qua:
1136 2874 1535 2945 signiﬁcantur.
1567 2875 1834 2942 Quoniam
1863 2902 1905 2959 ο

265 2976 395 3032 ergo
428 2962 712 3033 Scriptura
740 2965 976 3018 animam
1008 2965 1195 3034 posuit
1239 2981 1362 3022 esse
1410 2983 1665 3038 sponsam
1693 2987 1706 3023 :
1742 2970 1836 3039 qui

265 3061 450 3107 autem
479 3068 546 3107 ex
582 3060 696 3106 toto
729 3052 918 3116 corde,
956 3065 1010 3108 et
1037 3057 1240 3119 anima,
1269 3066 1320 3111 et
1365 3057 1564 3112 virtute
1598 3059 1666 3112 ab
1719 3061 1836 3128 ipsa

266 3143 513 3213 diligitur
544 3142 707 3204 Deus,
734 3152 963 3198 vocatur
983 3158 1242 3213 sponsus,
1269 3155 1687 3216 consequenter,
1716 3163 1838 3217 quae

264 3233 417 3289 venit
447 3232 514 3286 ad
546 3247 843 3297 summum,
871 3239 932 3287 ut
957 3235 1327 3300 existimabat,
1349 3251 1537 3291 eorum
1572 3252 1692 3306 quas
1713 3252 1838 3306 spe—

264 3334 480 3384 rantur.
529 3334 583 3380 et
613 3322 724 3394 jam
760 3341 819 3380 se
864 3334 1326 3397 eontemperatam
1367 3328 1664 3383 arbitratur
1710 3345 1833 3385 cum

263 3435 330 3474 eo
359 3418 453 3486 qui
499 3418 862 3485 desideratur,
896 3418 1095 3473 lectum
1157 3421 1395 3490 appellat
1440 3420 1834 3490 perfectiorem

264 3509 395 3563 boni
427 3508 923 3578 participationem,
958 3517 1013 3564 et
1064 3519 1279 3565 noctem
1314 3511 1448 3566 dicit
1501 3520 1714 3582 tempus
1750 3522 1832 3568 te-

264 3600 561 3654 nebrarum
589 3618 602 3656 :
635 3615 731 3669 per
763 3615 958 3655 nomen
991 3609 1174 3657 autem
1203 3604 1403 3667 noctis,
1435 3603 1676 3658 ostendit
1703 3619 1834 3659 con-

264 3691 669 3760 templationem
706 3706 895 3747 eorum
946 3708 1069 3762 quae
1121 3708 1229 3747 non
1267 3692 1473 3748 cadunt
1539 3694 1641 3748 sub
1677 3708 1835 3762 aspe-

262 3790 436 3847 ctum,
471 3782 536 3835 ad
576 3782 991 3837 similitudinem
1022 3782 1191 3837 Mosis
1220 3784 1313 3853 qui
1362 3783 1464 3836 fuit
1493 3784 1548 3837 in
1600 3783 1833 3852 caligine

262 3873 318 3927 in
342 3888 448 3943 qua
487 3882 604 3928 erat
635 3857 945 3942 Deusaqui,
979 3881 1038 3928 ut
1069 3875 1145 3928 ait
1179 3873 1447 3944 PrOpheta
1473 3874 1538 3938 ι’,
1577 3875 1832 3931 tenebras

262 3968 445 4038 posuit
469 3967 752 4022 latibulum
781 3983 938 4022 suum
976 3969 1029 4021 in
1066 3968 1299 4023 circuitu
1327 3983 1446 4023 suo.

333 4058 391 4112 In
423 4073 530 4128 qua
557 4073 680 4111 cum
716 4058 900 4122 fuerit,
935 4058 1163 4112 docetur
1209 4060 1353 4128 quod
1404 4068 1615 4116 tantum
1678 4062 1832 4119 abest

1945 1680 2110 1751 μένης
2157 1680 2537 1749 κατανοήσεως
2567 1678 2658 1731 ἐπὶ
2689 1679 2779 1732 τὸν
2810 1680 2922 1733 ἄνω
2959 1681 3227 1751 τρέχοντα
3252 1681 3401 1748 νοῦν,
3446 1685 3526 1748 ῶς

1941 1775 2120 1827 πᾶσαν
2167 1771 2476 1842 τελειότητα
2517 1771 2767 1839 γνώσεως
2816 1772 2914 1842 τὴν
2947 1775 3173 1845 ἐφικτὴν
3203 1778 3268 1846 τῇ
3304 1776 3523 1848 ἀνθρω-

1942 1864 2071 1934 πίνῃ
2124 1863 2314 1931 φύσει,
2362 1864 2537 1934 ἀρχὴν
2583 1862 2827 1930 γίνεσθαι
2875 1862 2974 1933 τῆς
3018 1865 3127 1919 τῶν
3172 1865 3526 1937 ὑψηλοτέρων

1939 1956 2252 2026 ἐπιθυμίας.
2283 1955 2392 2008 Καί
2415 1971 2505 2024 μοι
2541 1955 2729 2007 σκόπει
2756 1955 2822 2007 δι’
2850 1955 3135 2026 ἀκρίϐειαν
3170 1957 3261 2011 τὸν
3296 1960 3527 2029 προκείο

1943 2064 2102 2118 μενον
2144 2049 2207 2117 τῇ
2261 2045 2462 2117 θεωρίᾳ
2506 2044 2681 2113 λόγον,
2728 2045 2886 2099 τοῦτο
2931 2050 3400 2120 προκατανοήσας,
3440 2052 3527 2105 ὅτι

1940 2135 2178 2206 θάλαμός
2207 2139 2354 2189 ἐστιν
2384 2137 2416 2206 ἡ
2448 2135 2733 2207 σωματικὴ
2766 2137 2859 2190 τοῦ
2891 2138 3052 2206 λόγου
3079 2140 3393 2212 ὑπογραφὴ,
3427 2144 3529 2197 καὶ

1938 2229 2147 2297 γαμική
2182 2244 2266 2290 τις
2291 2227 2571 2298 διασκευὴ,
2601 2228 2784 2281 δίδωσι
2813 2232 2878 2300 τῇ
2913 2229 3113 2303 θεωρίᾳ
3140 2232 3239 2295 τὰς
3267 2233 3421 2297 ὔλας,
3446 2228 3527 2289 ὧν

1939 2318 1973 2387 ἡ
2002 2316 2306 2386 φιλοσοφία,
2340 2317 2476 2386 πρὸς
2504 2319 2562 2369 τὸ
2588 2318 2825 2389 καθαρόν
2856 2337 2913 2372 τε
2942 2321 3032 2373 καὶ
3064 2322 3224 2375 άῦλον
3265 2341 3527 2394 μετενεγ-

1939 2405 2111 2460 κοῦσα
2150 2405 2247 2469 τὰς
2294 2405 2399 2458 τῶν
2441 2408 2726 2477 νοημάτων
2759 2411 3043 2477 ἐμφάσεις,
3078 2411 3167 2465 διὰ
3199 2413 3308 2465 τῶν
3338 2415 3527 2479 αὐτοῖς

1940 2495 2367 2565 ἐπιτελουμένων
2400 2497 2629 2567 προάγει
2661 2497 2731 2551 τὰ
2762 2499 3024 2569 δόγματα,
3064 2505 3174 2564 τοῖς
3218 2486 3327 2556 τῶν
3371 2522 3525 2573 γινο-

1942 2587 2116 2658 μένων
2137 2588 2418 2657 αἰνίγμασι
2448 2589 2873 2660 συγχρησαμένη
2910 2590 3045 2661 πρὸς
3072 2592 3170 2664 τὴν
3196 2592 3305 2647 τῶν
3335 2595 3529 2666 δηλου-

1942 2679 2117 2748 μένων
2170 2679 2484 2749 σαφήνειαν.
2531 2681 2746 2750 Ἐπειδὴ
2796 2682 2976 2736 τοίνυν
3022 2683 3240 2755 νύμφην
3276 2687 3376 2756 μέν
3420 2688 3527 2741 ὑπ·
3578 2684 3587 2691 ’

1939 2768 2092 2823 έθετο
2123 2770 2221 2841 τὴν
2251 2768 2427 2842 ψυχὴν
2455 2772 2483 2822 ὁ
2530 2762 2704 2838 λόγος,
2728 2775 2756 2825 ό
2774 2772 2831 2825 δὲ
2855 2773 2913 2839 ἐξ
2941 2774 3069 2844 ὅλης
3089 2776 3319 2847 καρδίας
3344 2795 3405 2831 τε
3428 2780 3527 2833 καὶ

1937 2861 2114 2931 ψυχῆς
2163 2862 2255 2914 καὶ
2289 2861 2572 2929 δυνάμεως
2613 2863 2743 2932 παρ’
2775 2865 2944 2933 αὐτῆς
2972 2866 3334 2936 ἀγαπώμενος
3364 2870 3524 2937 Θεὸς,

1943 2954 2172 3024 νυμφίος
2198 2956 2642 3026 κατονομάζεται,
2666 2958 2968 3023 ἀκολούθως
2993 2961 3086 3014 ἐπὶ
3112 2963 3173 3015 τὸ
3196 2963 3520 3034 ἀκρότατον,

1900 3070 1909 3083 ~
1942 3044 2017 3106 ὡς
2049 3045 2204 3114 ᾤετο,
2248 3046 2357 3099 τῶν
2404 3046 2771 3117 ἐλπιζομένων
2817 3050 3063 3116 ἐλθοῦσα,
3097 3055 3193 3108 καί⁸
3233 3055 3333 3125 ήδη
3382 3056 3524 3127 πρὸς

1940 3134 2032 3188 τὸν
2099 3136 2429 3207 ποθούμενον
2489 3140 2892 3211 ἀνακεκρᾶσθαι
2952 3144 3256 3213 νομίσασα,
3332 3147 3526 3216 κοίτην

1940 3225 2193 3296 ὀνομάζει
2225 3229 2324 3299 τὴν
2361 3229 2699 3303 τελειοτέραν
2722 3232 2816 3285 τοῦ
2842 3234 3048 3302 ἀγαθοῦ
3082 3237 3394 3306 μετουσίαν,
3428 3240 3524 3293 καὶ

1941 3316 2108 3369 νύκτα
2154 3318 2318 3386 λέγει,
2361 3320 2450 3374 τὸν
2504 3320 2599 3374 τοῦ
2657 3323 2879 3387 σκότους
2911 3326 3139 3396 καιρόνι
3181 3326 3270 3379 διὰ
3318 3328 3375 3382 δὲ
3420 3329 3520 3383 τοῦ

1938 3408 2197 3479 ὀνόματος
2242 3410 2339 3481 τῆς
2376 3411 2587 3478 νυκτὸς,
2634 3413 2966 3468 ἐνδείκνυται
3007 3415 3115 3469 τῶν
3147 3417 3394 3488 ἀοράτων
3419 3418 3521 3490 τὴν

1940 3497 2171 3570 θεωρίαν
2192 3540 2205 3564 ,
2238 3501 2360 3555 καθ’
2385 3504 2674 3575 ὁμοιότητα
2713 3504 2808 3558 τοῦ
2854 3507 3131 3570 Μωῢσέως
3153 3548 3169 3574 ,
3216 3506 3311 3561 τοῦ
3345 3511 3404 3563 ἐν
3439 3510 3521 3580 τῷ

1939 3590 2121 3659 γνόφῳ
2151 3592 2431 3658 γεγονότος
2458 3596 2515 3646 ἐν
2548 3587 2592 3662 ᾧ
2638 3589 2705 3664 ἦν
2732 3596 2760 3646 ὁ
2799 3595 2966 3657 Θεός’
3017 3597 3077 3659 ὃς
3120 3597 3290 3658 ἔθετο,
3333 3598 3522 3663 καθώς

1940 3697 2102 3749 φησιν
2130 3683 2158 3734 ὁ
2187 3684 2495 3755 Προφήτης,
2546 3684 2735 3748 σκότος
2774 3687 3098 3758 ἀποκρυφὴν
3132 3689 3297 3742 αὑτοῦ
3331 3674 3543 3764 κύκλῳ-

1938 3772 2123 3826 αὑτοῦ.

2017 4056 2105 4110 Ἐν
2152 4049 2196 4125 ᾧ
2247 4060 2580 4124 καταστᾶσα,
2614 4060 2730 4112 τότε
2768 4057 3094 4123 διδάσκεται,
3131 4059 3214 4135 ὅτι
3257 4054 3522 4110 τοσοῦτον

263 4159 325 4208 ut
356 4149 668 4206 ascenderit
721 4149 787 4203 ad
826 4149 1240 4219 perfectionem,
1278 4158 1339 4203 ut
1382 4165 1451 4204 ne
1504 4151 1827 4221 principium

2018 4150 2140 4218 έσχε
2167 4148 2261 4201 τοῦ
2309 4150 2561 4219 ἐπιϐῆναι
2604 4150 2704 4220 τῆς
2748 4151 3106 4221 τελειότητος,
3140 4150 3256 4202 ὅσοι
3291 4149 3338 4200 oi
3376 4147 3514 4218 μηδέ

262 4244 482 4314 quidem
516 4242 779 4313 attigerit.
811 4240 930 4295 Jam
964 4241 1133 4305 enim,
1175 4240 1376 4311 inquit,
1435 4242 1502 4297 iis
1536 4258 1654 4313 qua:
1702 4250 1832 4298 sunt

2017 4257 2033 4292 ν
2062 4239 2235 4310 ἀρχὴν
2262 4241 2700 4311 ἐγχειρήσαντες.
2752 4242 2891 4313 Ἤδη
2920 4241 3050 4313 γάρ,
3082 4239 3267 4311 φησὶν,
3299 4239 3373 4301 ὡς
3402 4238 3513 4290 τῶν

267 4336 528 4407 perfecta,
561 4335 804 4405 dignata,
836 4340 890 4388 et
925 4340 1184 4402 tanquam
1215 4331 1270 4385 in
1293 4333 1434 4388 lecto
1460 4335 1716 4403 quopiam
1744 4350 1832 4391 eo-

2017 4329 2158 4382 taiuw
2192 4328 2522 4393 ἀξιωθεῖσα,
2567 4329 2817 4401 καθάπερ
2851 4331 2943 4383 ἐπὶ
2990 4330 3176 4401 κοίτης
3219 4327 3364 4391 τινὸς
3409 4327 3513 4397 τῆς

267 4441 388 4479 rum
404 4441 523 4494 quae
543 4435 666 4479 sunt
680 4423 897 4493 cognita
917 4421 1427 4491 comprehensionis
1456 4423 1829 4492 requiescens,

2017 4436 2044 4472 ν
2070 4418 2425 4488 ἐγνωσμένων
2454 4418 2810 4490 καταλήψεως
2849 4420 3092 4490 ἐμαυτὴν
3130 4417 3508 4479 ἀναπαύουσα,

194 4541 204 4569 ,ν
266 4514 488 4585 quando
520 4527 669 4566 eram
716 4512 861 4565 intra
893 4526 957 4565 ea
986 4524 1110 4580 quas
1154 4524 1263 4563 non
1289 4509 1493 4564 cadunt
1537 4511 1640 4565 sub
1674 4526 1832 4581 aspe-

2017 4526 2029 4561 ε
2060 4508 2168 4562 τῶν
2199 4509 2444 4579 ἀοράτων
2489 4510 2640 4573 ἐντὸς
2683 4510 2950 4582 ἐγενόμην
2973 4548 2987 4573 ,
3038 4507 3412 4563 καταλιποῦσα
3443 4505 3513 4558 τὰ

266 4617 435 4669 ctum,
467 4603 675 4658 relictis
720 4602 993 4667 sensibus,
1028 4603 1247 4673 quando
1279 4603 1603 4658 continebar
1646 4603 1832 4657 divina

2017 4599 2287 4671 ςθητήρια,
2318 4603 2407 4654 ὅτε
2456 4601 2815 4672 περιεσχέθην
2839 4603 2906 4671 τῇ
2938 4599 3058 4671 θείᾳ.
3100 4600 3285 4661 νυκτὶ,
3325 4597 3418 4650 τὸν
3451 4598 3517 4650 ἐν

266 4706 453 4763 nocte,
494 4708 745 4765 quaerens
779 4709 902 4749 eum
939 4695 1031 4764 qui
1066 4695 1267 4749 latebat
1297 4695 1351 4748 in
1387 4694 1618 4764 caligine
1651 4712 1663 4748 :
1701 4702 1832 4749 tunc

2017 4722 2018 4733 ι
2049 4692 2233 4763 γνόφῳ
2274 4692 2655 4763 κεκρυμμένον
2704 4690 3050 4763 ἀναζητοῦσα
3071 4729 3088 4755 ,
3135 4691 3256 4743 τότε
3284 4691 3384 4760 τὴν
3410 4689 3510 4759 μὲν

267 4790 491 4860 quidem
531 4787 796 4842 habebam
829 4786 1176 4842 dilectionem
1215 4786 1270 4840 in
1310 4800 1436 4840 eum
1479 4785 1573 4854 qui
1619 4783 1832 4840 deside-

2017 4784 2156 4855 άπην
2178 4785 2313 4855 πρὸς
2336 4785 2396 4838 τὸ
2416 4785 2745 4854 ποθούμενον
2765 4782 2910 4855 εῑχον
2931 4799 2944 4813 ·
2975 4782 3107 4838 αὐτὸ
3124 4783 3181 4835 δὲ
3200 4781 3261 4835 τὸ
3284 4779 3511 4848 ἀγαπώ-

267 4880 529 4945 rabatur;
567 4879 804 4949 idipsum
837 4887 1016 4934 autem
1042 4878 1188 4947 quod
1211 4877 1542 4947 diligebatur
1563 4877 1832 4940 evolabat,

2017 4891 2098 4928 νον
2123 4874 2312 4943 διέπτη
2332 4874 2440 4927 τῶν
2466 4874 2742 4945 λογισμῶν
2771 4875 2870 4944 τὴν
2893 4874 3086 4944 λαϐήν.
3129 4871 3379 4942 Ἐζήτουν
3400 4870 3513 4939 γάρη

268 4976 328 5022 ut
358 4968 410 5022 id
439 4969 847 5039 apprehendere
872 4982 979 5021 non
1010 4972 1234 5036 possent
1265 4964 1642 5034 cogitationes.
1674 4964 1832 5030 Qum-

2017 4966 2097 5019 τὺν
2134 4965 2227 5018 ἐπὶ
2266 4967 2332 5037 τῇ
2377 4965 2532 5038 κοίτῃ
2566 4982 2670 5036 μου
2702 4966 2760 5018 ἐν
2787 4968 2906 5028 ταῖς
2935 4963 3104 5029 νυξὶν,
3137 4963 3276 5015 ὥστε
3305 4961 3508 5030 γνῶναι

267 5064 450 5115 rcham
484 5061 629 5114 enim
678 5060 858 5128 ipsum
896 5058 949 5112 in
986 5058 1128 5112 lecto
1154 5069 1276 5110 meo
1307 5066 1493 5121 noctu,
1532 5062 1590 5111 ut
1618 5071 1832 5112 nossem

2052 5060 2086 5129 ὴ
2114 5057 2291 5124 ούσία,
2329 5057 2491 5111 πόθεν
2518 5058 2767 5129 ἄρχεται,
2794 5058 2875 5120 είς
2905 5056 2958 5109 τί
2985 5055 3301 5126 καταλήγει,
3329 5055 3423 5106 καὶ
3450 5054 3509 5104 ἐν

267 5167 390 5220 quae
420 5152 492 5206 sit
529 5151 649 5221 ejus
677 5150 940 5213 essentia,
977 5149 1123 5204 unde
1160 5147 1406 5218 incipiat,
1441 5162 1551 5217 quo
1596 5148 1832 5214 desinat,

2017 5169 2040 5204 ἰ
2072 5149 2135 5203 τὸ
2162 5144 2300 5202 εἶναι
2336 5149 2469 5219 ἔχει.
2516 5148 2652 5201 Ἀλλ’
2695 5149 2792 5218 οὐχ
2841 5142 2996 5218 εὗρον
3025 5147 3186 5199 αὐτόν
3217 5163 3230 5176 ·
3279 5144 3513 5197 ἐκάλουν

266 5241 326 5296 in
355 5257 595 5312 quonam
625 5256 780 5298 suam
817 5242 1015 5297 habeat
1042 5240 1357 5296 essentiam.
1389 5239 1495 5295 Sed
1514 5229 1626 5295 non
1651 5239 1832 5296 inveni

2017 5242 2099 5297 τὸν
2130 5239 2192 5306 ἐξ
2226 5240 2506 5312 ὀνόματος,
2550 5240 2627 5303 ὡς
2664 5236 2734 5311 ἦν
2776 5256 2864 5310 μοι
2891 5239 3114 5293 δυνατὸν
3151 5237 3391 5309 ἐξευρεῖν
3416 5235 3507 5288 ἐπὶ

267 5333 487 5403 ipsum:
517 5332 710 5387 vocavi
748 5332 929 5403 ipsum
964 5332 1309 5398 nominatim,
1340 5341 1605 5402 quantum
1662 5346 1693 5386 a
1748 5346 1832 5387 me

2017 5332 2033 5384 3
2059 5329 2501 5399 ἀκατονομάστου
2535 5328 2817 5398 ὀνόματος.
2861 5327 3001 5381 Ἀλλ’
3026 5328 3127 5380 οὐκ
3155 5322 3222 5396 ἦν
3248 5325 3507 5395 ὀνόματος

267 5422 385 5480 ﬁeri
415 5423 613 5493 potuit,
642 5430 703 5477 ut
728 5422 1029 5479 invenirem
1079 5423 1133 5479 in
1168 5423 1390 5481 nomine
1442 5425 1562 5496 ejus
1589 5422 1684 5495 qui
1723 5436 1832 5479 non

2017 5439 2176 5494 φασις
2224 5423 2258 5491 ή
2303 5419 2704 5508 καθικνουμένη
2747 5417 3102 5501 ζητουμένου.
3163 5418 3288 5482 Πῶς
3329 5414 3438 5486 γὰρ
3476 5413 3508 5467 ὁ

341 5592 385 5626 ³³
454 5598 601 5656 Psai.
661 5601 918 5666 “11,12.
