3742 5986
124 191 438 245 '803'

1288 180 1352 235 IN
1389 179 1680 236 CANTICA
1720 181 1987 237 C.\.\'TEC.
2038 179 2315 235 llOSillJ/t
2360 180 2445 236 Vl.

3363 182 3465 242 81:5

224 298 363 364 ὑπὲρ
386 296 492 347 πᾶν
521 295 691 365 ὄνομα
714 294 791 349 ὢν
818 295 907 350 διὰ
928 296 1025 368 τῆς
1047 297 1406 369 ὀνομαστικῆς
1439 300 1682 369 κλήσεως
1713 300 1766 365 ἐξ

1922 306 2077 351 totest
2106 298 2394 351 nominari.
2435 295 2539 350 Sed
2573 312 2679 349 non
2716 304 2833 353 erat
2865 298 3107 355 nominis
3137 299 3469 372 signiﬁcatio

221 384 470 455 ευοεθείη
494 401 508 447 ;
535 380 609 438 Ob
638 385 795 455 χάριν
821 386 1004 455 φησιν,
1040 386 1123 439 ὅτι
1158 385 1452 440 Ἐκὰλεσα
1470 390 1674 448 αὑτὸν,
1696 388 1793 437 καὶ

220 476 332 542 οὐχ
360 474 675 538 ὑπήκουσέ
697 495 836 544 μου.
871 478 1002 530 Τότε
1028 479 1197 545 ἔγνων
1226 480 1306 530 ὅτι
1334 479 1432 547 τῆς
1456 478 1795 547 μεγαλοπρε-

222 565 400 626 πείας,
434 570 534 636 τῆς
564 567 741 637 δόξης,
773 569 870 638 τῆς
901 569 1208 639 ἁγιωσύνης
1236 570 1396 622 αὑτοῦ
1424 572 1521 622 οὐκ
1552 571 1665 622 ἔστι
1695 571 1791 621 πέ-

227 672 343 723 ρας.
396 657 488 709 Διὸ
532 658 694 711 πάλιν
735 659 1067 729 διανίστησιν
1103 660 1331 730 ἑαυτὴν,
1373 662 1465 713 καὶ
1513 661 1791 731 περιπολεῖ

217 749 285 817 τῇ
314 747 525 817 διανοίᾳ.
549 749 648 818 τὴν
674 750 869 818 νοητήν
899 766 957 801 τε
992 750 1085 801 καὶ
1114 750 1481 821 ὑπερκόςμιον
1516 751 1695 819 φύσιν,
1729 753 1790 819 ἣν

220 837 374 890 πόλιν
399 838 779 907 κατονομάζει,
805 839 864 890 ὲν
960 842 1015 892 αἱ
1050 840 1213 909 ἀρχαί
1245 856 1300 892 τε
1329 841 1421 892 καὶ
1451 844 1788 911 κυριότητες,

219 926 313 981 καὶ
333 928 382 977 οἱ
406 928 526 988 ταῖς
552 925 820 990 ἐξουσίαις
845 928 1273 996 ἀποτεταγμένοι
1300 927 1476 999 θρόνοι
1496 945 1508 961 ε
1545 928 1580 997 ἧ
1606 946 1663 980 τε
1686 929 1791 983 τῶν

220 1019 559 1089 ἐπουρανίων
588 1022 894 1091 πανήγυρις
916 1060 930 1081 ,
978 1022 1043 1089 ἦν
1071 1021 1275 1090 ἀγορὰν
1301 1020 1575 1090 ὀνομάζει,
1612 1024 1703 1074 καὶ
1733 1022 1792 1074 τὸ

217 1110 592 1181 ἀπερίληπτον
641 1111 859 1181 ἀριθμῷ
909 1110 1153 1181 πλῆθος,
1206 1112 1234 1164 ὃ
1270 1112 1347 1181 τῷ
1386 1113 1485 1182 τῆς
1531 1113 1791 1176 πλατείας

214 1200 562 1270 διασημαίνει
595 1202 836 1270 ὀνόματι,
871 1204 918 1254 εί
964 1203 1071 1273 ἄρα
1117 1205 1174 1256 ὲν
1216 1202 1423 1267 τούτοις
1452 1205 1698 1275 εὑρεθείη
1730 1204 1791 1256 τὸ

214 1293 601 1363 ἀγαπώμενον.
631 1296 696 1348 Ἢ
720 1296 815 1365 μὲν
834 1292 925 1348 οὖν
947 1313 1011 1347 πε
1022 1296 1175 1366 ριῆκε
1196 1296 1589 1367 διερευνωμένη
1612 1298 1791 1349 πᾶσαν

1894 404 2014 456 qua:
2052 390 2383 457 pertingeret
2420 402 2591 455 usque
2625 386 2689 439 ad
2719 387 2771 447 id
2807 391 2951 456 quod
2982 392 3269 460 quaeritur.
3319 392 3465 461 Quo—-

1896 479 2055 530 moiio
2086 479 2228 531 enim
2264 478 2355 547 qui
2385 484 2468 530 est
2495 492 2658 546 supra
2686 492 2847 533 omne
2873 496 3091 554 nomen,
3121 483 3300 539 cﬁ‘erri
3338 500 3463 554 pos-

1895 568 1963 618 sit
1998 584 2089 634 per
2144 570 2485 620 vacationem
2543 570 2826 623 nominis?
2875 552 3235 635 Quamobrem
3292 575 3459 641 dicit,

1910 658 2098 711 νοτηιιεί
2129 662 2380 724 ipsmn,et
2405 676 2504 710 mm
2536 661 2706 711 audiit
2741 677 2839 713 me.
2870 660 3025 716 Tunc
3058 666 3283 734 cognovi
3313 665 3459 735 quod

1895 750 2329 817 magniﬁcentim,
2358 750 2565 817 gloriaz,
2587 752 2892 804 sanctitatis
2911 752 3030 822 ejus
3055 769 3161 807 non
3190 763 3268 810 est
3308 757 3455 813 linis.

1893 838 2254 901 Quamobrem
2298 840 2413 907 ipsa
2452 855 2644 893 rursus
2695 844 2960 912 exsurgit,
3021 850 3076 898 et
3105 846 3219 899 obit
3249 848 3457 917 cogita-

1895 930 2039 983 tione
2068 929 2588 997 supramundanam,
2618 939 2669 984 et
2700 948 2819 1001 quae
2846 934 3199 1004 intelligentia
3224 938 3457 1006 percipi-

1891 1026 1998 1082 tur,
2035 1030 2306 1084 naturam,
2346 1036 2507 1089 quam
2542 1031 2697 1075 vocat
2736 1023 3035 1091 civitatem,
3074 1026 3128 1080 in
3192 1044 3298 1097 qua
3327 1038 3456 1084 sunt

1890 1110 2227 1178 principatus
2257 1119 2309 1164 et
2338 1111 2754 1171 dominationes.
2802 1129 2865 1167 ac
2909 1117 3266 1184 potestatibus
3315 1122 3456 1175 assi-

1889 1202 2034 1267 gnati
2070 1201 2270 1261 throni,
2307 1213 2360 1254 et
2390 1203 2691 1254 cmlestium
2725 1213 3045 1266 conventus,
3081 1220 3239 1274 quem
3276 1209 3451 1262 lorum

1889 1291 2152 1354 nominat,
2185 1298 2238 1344 et
2263 1291 2834 1360 incomprehensibilis
2879 1310 3108 1349 numero
3142 1296 3452 1365 multitudo,

1888 1394 2047 1448 quam
2084 1380 2351 1448 signiﬁcat
2381 1382 2599 1434 nomine
2634 1381 2843 1449 plateae,
2877 1398 2946 1435 an
2988 1384 3041 1436 in
3077 1385 3156 1438 eis
3207 1386 3453 1439 invenia-

214 1384 518 1456 ἀγγελικὴν
555 1385 945 1457 διακόσμησιν,
993 1389 1083 1441 καὶ
1132 1388 1207 1451 ὡς
1251 1390 1349 1441 οὑκ
1395 1386 1531 1441 εἶδεν
1578 1391 1634 1441 ὲν
1678 1392 1789 1452 τοῖς

1889 1479 1977 1522 tur
2007 1470 2057 1523 id
2085 1471 2229 1539 quod
2259 1471 2523 1539 diligitur.
2581 1471 2759 1541 Atque
2797 1475 2885 1526 illa
2920 1475 3140 1543 quidem
3197 1489 3452 1534 scrutans

213 1476 520 1546 εὑρεθεῖσιν
542 1478 764 1544 ἀγαθοῖς
787 1479 846 1531 τὸ
879 1477 1228 1549 ζητούμενον,
1258 1480 1416 1533 τοῦτο
1445 1480 1565 1533 καθ’
1590 1481 1789 1550 ἑαυτὴν

211 1566 517 1634 ἐλογίσατοσ
544 1562 695 1637 Ἀρα
745 1566 847 1623 γᾶν
889 1569 1118 1632 ἐκείνοις
1156 1570 1516 1639 ληπτὸν-ἐστι
1561 1571 1621 1622 τὸ
1658 1588 1766 1639 παρ

1927 1561 2001 1613 hit
2033 1576 2247 1614 onmem
2288 1562 2592 1631 angelicum
2623 1564 2948 1629 exercitum,
2974 1571 3027 1619 et
3056 1580 3179 1619 cum
3210 1567 3262 1620 in
3297 1569 3451 1624 bonis

209 1655 348 1726 ιμοῦ
377 1655 773 1725 ἀγαπώμενον;
813 1659 921 1712 Καί
951 1677 1084 1731 φησι
1116 1661 1252 1730 πρὸς
1276 1661 1467 1724 αύτούς
1489 1678 1503 1695 ο
1549 1661 1643 1726 Μὴ
1670 1659 1766 1713 κᾶν

1922 1653 2124 1705 οννιιῑὶε
2153 1669 2257 1705 non
2286 1653 2514 1707 vidisset
2542 1654 2592 1707 id
2624 1655 2770 1723 quod
2794 1656 3157 1724 quaerebatur,
3188 1658 3288 1712 hoc
3310 1659 3450 1727 apud

208 1747 382 1816 ὑμεῖς
431 1748 506 1801 ὃν
546 1748 864 1816 ἠγάπησεν
914 1751 953 1817 ἡ
998 1751 1168 1819 ψυχή
1209 1770 1350 1820 μου,
1394 1752 1601 1815 lbere;
1648 1754 1766 1805 Σιω·

1922 1760 1944 1797 e
1970 1742 2414 1813 cogitavit:Num
2447 1745 2834 1814 comprehendi
2864 1754 3045 1817 potest
3077 1748 3207 1801 illud
3240 1750 3382 1819 quod
3417 1766 3448 1805 a

209 1838 504 1908 στησάντων
542 1838 599 1891 δὲ
647 1837 785 1907 πρὸς
811 1839 910 1908 τὴν
935 1841 1193 1909 τοιαύτην
1240 1841 1527 1911 ἐρώτησιν,
1577 1843 1670 1895 καὶ
1697 1842 1766 1895 διέ

1922 1848 1969 1886 ie
1994 1832 2272 1902 diligitur?
2296 1842 2349 1887 et
2387 1832 2519 1887 dicit
2548 1834 2627 1887 eis
2659 1853 2674 1889 :
2704 1833 2959 1904 Nunquid
2984 1853 3070 1890 vos
3102 1853 3250 1906 quem
3276 1839 3447 1911 diligit

207 1929 306 1996 τῆς
338 1929 552 1998 σιωπῆς
585 1929 969 1998 ἐνδειξαμένων
1000 1930 1059 1982 τὸ
1089 1931 1357 1995 κάκείνοις
1386 1932 1623 2001 ἄληπτον
1646 1929 1759 1985 είνα

1922 1924 2061 1974 nium
2093 1939 2230 1984 mea,
2260 1923 2504 1979 uidistis?
2549 1924 2683 1977 Cum
2732 1933 2911 1979 autem
2948 1927 3025 1980 illi
3054 1929 3351 1983 tacuissent
3380 1931 3446 1983 ad

205 2018 268 2071 τὸ
315 2020 451 2090 παρ’
497 2020 667 2089 αὐτῆς
701 2019 1058 2090 ζητούμενον,
1104 2022 1178 2086 ὡς
1223 2022 1462 2091 διεξῆλθε
1502 2027 1568 2094 τῇ
1616 2024 1778 2076 πολυ-

206 2109 575 2181 πραγμοσύνῃ
607 2111 706 2179 τῆς
737 2110 976 2173 διανοίας
1008 2114 1188 2166 πᾶσαν
1230 2114 1444 2183 ἐκείνην
1473 2114 1570 2184 τὴν
1612 2115 1780 2185 ὑπερ-

205 2200 437 2267 κόσμιον
480 2201 651 2261 πόλιν,
683 2202 775 2253 καὶ
804 2202 923 2254 οὐδὲ
949 2204 1007 2254 ὲν
1034 2205 1146 2264 τοῖς
1177 2206 1384 2273 νοητοῖς
1415 2221 1472 2256 τε
1510 2206 1603 2257 καὶ
1634 2207 1777 2258 ἀσω-

207 2292 402 2355 μάτοις
427 2287 568 2344 οἶδεν
596 2291 654 2344 δν
678 2292 942 2362 ἐπόθησεν
969 2310 983 2323 ο
1023 2292 1144 2346 τότε
1186 2293 1555 2348 καταλιποῦσα
1585 2298 1692 2349 πᾶν
1718 2298 1780 2350 τὸ

203 2381 613 2453 εὑρισκόμενον,
634 2382 803 2435 οὑτως
825 2382 1083 2456 ἐγνώρισε
1103 2383 1164 2436 τὸ
1188 2385 1534 2455 ζητούμενον,
1554 2389 1612 2439 ὲν
1636 2388 1779 2457 μόνῳ

203 2471 285 2540 τῷ
312 2473 388 2540 μὴ
426 2471 941 2541 καταλαμϐάνεσθαι
969 2474 1023 2525 τί
1056 2474 1223 2538 ἐστιν,
1258 2476 1341 2527 ὃτι
1371 2476 1486 2527 ἐστὶ
1519 2479 1778 2543 γινωσκό-

205 2577 400 2630 μενον,
445 2556 509 2613 ob
550 2562 658 2613 πᾶν
703 2560 988 2631 γνώρισμα
1032 2563 1469 2633 καταληπτικδν,
1516 2567 1772 2634 ἐμπόδιον

199 2652 315 2714 τοῖς
345 2651 677 2723 ἀναζητοῦσι
702 2653 839 2724 πρὸς
862 2652 961 2724 τὴν
990 2654 1204 2725 εὕρεσιν
1227 2655 1455 2723 γίνεται.
1494 2658 1590 2709 Διὰ
1619 2657 1776 2709 τοῦτό

200 2759 337 2812 φησι
355 2759 367 2773 ’
403 2743 613 2817 Μικρὸν
631 2745 718 2798 ὅτε
739 2742 1012 2813 παρῆλθον
1036 2744 1131 2798 ἀπ’
1162 2745 1358 2809 αὑτῶν,
1380 2747 1575 2814 ἀφεῖσα
1597 2750 1774 2800 πᾶσαν

196 2833 299 2902 τὴν
328 2830 524 2891 κτίσιν,
559 2833 653 2884 καὶ
687 2832 1030 2903 παρελθοῦσα
1065 2836 1172 2888 πᾶν
1197 2836 1257 2889 τὺ
1288 2838 1346 2889 ὲν
1382 2839 1447 2907 τῇ
1475 2837 1650 2889 κτίσει
1687 2854 1774 2890 νο-

196 2923 449 2993 ούμενον,
487 2923 579 2976 καὶ
625 2924 803 2976 πᾶσαν
850 2925 1262 2996 καταληπτικὴν
1309 2925 1494 2996 ἔφοδον
1544 2928 1769 2980 καταλι-

1880 2026 1997 2065 eam
2049 2013 2549 2083 interrogationem,
2602 2023 2655 2068 et
2695 2015 2912 2069 silentio
2961 2018 3295 2074 iudicassent
3341 2019 3446 2078 illis

1880 2117 2094 2171 quoque
2121 2118 2242 2157 esse
2290 2103 2844 2173 incomprehensibile
2909 2106 2962 2161 id
3018 2108 3164 2176 quod
3200 2110 3269 2163 ab
3328 2111 3446 2179 ipsa

1879 2194 2167 2260 quarritur;
2200 2202 2489 2263 postquam
2527 2194 2689 2248 nimis
2746 2195 2965 2249 curioso
3021 2199 3201 2253 studio
3234 2201 3446 2270 cogita-

1880 2285 2044 2337 tionis
2074 2284 2379 2352 peragravit
2412 2284 2559 2336 illam
2591 2285 3093 2354 supramundanam
3128 2289 3402 2345 civitatem
3427 2332 3442 2357 ,

1879 2382 2007 2427 tunc
2070 2374 2261 2427 relicto
2296 2374 2549 2429 universo
2595 2379 2738 2444 quod
2807 2376 3207 2442 inveniebatur,
3242 2381 3317 2434 ita
3352 2395 3445 2436 co-

1879 2465 2065 2532 guovit
2097 2464 2149 2517 id
2179 2463 2325 2533 quod
2365 2466 2733 2534 quaerebatur,
2767 2476 2826 2521 ut
2849 2467 2899 2521 ei
2934 2470 3130 2536 solum,
3175 2472 3317 2542 quod
3361 2472 3445 2528 ia-

1877 2555 2206 2623 telligeretur
2234 2571 2339 2609 non
2375 2571 2535 2625 posse
2566 2558 2975 2627 comprehendi,
3020 2571 3445 2631 cognosceretur

1874 2659 2015 2710 esse,
2047 2645 2206 2712 cujus
2246 2661 2407 2701 omne
2442 2648 2655 2716 signum
2688 2664 2751 2703 ac
2783 2649 3044 2705 indicium
3083 2655 3445 2723 comprehen-

1874 2730 2029 2795 dens,
2079 2730 2137 2783 ﬁt
2172 2732 2618 2802 impedimentum
2658 2736 2723 2790 iis
2768 2737 2858 2805 qui
2909 2749 3161 2808 quaerunt
3206 2743 3270 2795 ad
3322 2744 3442 2813 ejus

1874 2819 2262 2875 inventionem.
2296 2820 2586 2893 Propterea
2617 2825 2749 2879 dicit
2775 2845 2787 2880 :
2814 2827 3223 2898 Quamprimum
3251 2848 3440 2902 parum

1877 2911 1945 2964 ab
1968 2912 2049 2967 eis
2087 2914 2301 2976 transii,
2357 2915 2545 2971 relicta
2596 2918 2743 2971 omni
2810 2931 3079 2982 creatura,
3113 2930 3167 2977 et
3224 2935 3443 2993 prreter-

194 3014 396 3079 ποῦσα,
427 3017 493 3085 τῇ
530 3014 709 3067 πίστει
742 3009 900 3085 εὗρον
928 3014 988 3068 τὸ
1019 3015 1380 3086 ἀγαπώμενον
1399 3034 1412 3047 ο
1462 3018 1558 3071 καὶ
1585 3019 1766 3071 οὐκέτι

1931 3005 2041 3059 isso
2073 3006 2328 3059 universo
2371 3006 2517 3076 quod
2569 3005 2894 3078 intelligitur
2959 3010 3014 3063 in
3052 3023 3347 3080 creatura;
3388 3023 3443 3069 et

198 3103 422 3174 μεθήσω
450 3107 517 3175 τῇ
551 3104 651 3174 τῆς
668 3105 921 3177 κπίστεως
956 3105 1095 3176 λαδῇ
1140 3106 1233 3160 τοῦ
1264 3107 1578 3178 εὑρεθέντος
1617 3109 1770 3162 ἀντε-

194 3194 423 3265 χομένη,
470 3194 576 3257 ἕως
619 3194 686 3248 ἂν
732 3194 885 3259 ὲντὺς
925 3195 1150 3267 γένηται
1173 3195 1266 3250 τοῦ
1306 3196 1439 3268 ἐμοῦ
1480 3200 1727 3269 ταμιείου
1752 3216 1766 3230 ·

192 3286 390 3357 καρδία
420 3287 477 3340 δὲ
504 3288 721 3350 πάντως
748 3287 810 3341 τὸ
829 3289 1074 3357 ταμιεῖόν
1106 3291 1271 3353 ἐστιν,
1322 3291 1357 3362 ἡ
1409 3291 1529 3344 τότε
1561 3293 1767 3361 γίνεται

189 3379 416 3452 δεκτικὴ
444 3380 546 3450 τῆς
591 3380 741 3444 θείας
770 3383 1114 3454 ἐνοικήσεως,
1155 3384 1283 3438 ὅταν
1328 3386 1596 3457 ἐπανέλθῃ
1632 3388 1769 3459 πρὸς

189 3473 290 3543 τὴν
334 3474 669 3527 κατάστασιν
702 3473 938 3544 εκείνην,
973 3475 1032 3527 ἐν
1154 3475 1216 3528 τὸ
1256 3477 1535 3549 καταρχὰς
1561 3475 1649 3550 ἦν,
1679 3481 1766 3533 ὅτε

191 3561 439 3631 ἐπλάσθη
471 3562 579 3617 ὑπὸ
618 3562 720 3633 τῆς
759 3562 1147 3635 συλλαϐούσης.
1192 3564 1418 3637 Μητέρα
1459 3567 1516 3619 δὲ
1550 3568 1767 3631 πάντως

190 3652 290 3722 τὴν
331 3651 557 3723 πρώτην
598 3651 700 3721 τῆς
743 3652 1053 3715 συστάσεως
1090 3653 1245 3723 ἡμῶν
1289 3654 1469 3707 αἰτίαν
1499 3655 1634 3710 νοῶν
1661 3672 1763 3719 τις,

189 3744 287 3813 οὐχ
314 3743 711 3814 ἁμαρτήσεται.

255 3910 465 3982 Καιρδς
502 3910 549 3962 δ’
596 3909 663 3963 ἂν
704 3911 790 3981 εἴη
844 3910 1005 3965 πάλιν
1059 3912 1146 3965 ἐπ’
1196 3913 1365 3983 αὐτῆς
1421 3913 1521 3984 τῆς
1567 3913 1766 3979 λέξεως

190 3998 533 4070 παραθέσθαι
562 3999 661 4065 τὰς
691 4000 841 4065 θείας
871 4001 1071 4071 φωνὰς,
1103 4002 1242 4057 ὥστε
1273 4006 1384 4067 τοῖς
1414 4004 1765 4075 θεωρηθετσιν
1791 4030 1799 4061 ι

186 4096 607 4167 ιεραρμοσθῆναι
659 4096 728 4150 τὰ
790 4098 1032 4167 ῥήματα.
1096 4099 1217 4153 Ἐπὶ
1265 4088 1475 4169 κοίτην
1517 4119 1636 4171 μου
1693 4103 1765 4155 ἐν

185 4186 366 4250 νυξὶν
398 4185 659 4254 ἐζήτησα
700 4186 774 4241 ὃν
810 4188 1130 4258 ἠγάπησεν
1154 4193 1191 4259 ἡ
1218 4192 1388 4261 ψυχή
1425 4210 1565 4262 μου.
1605 4190 1761 4261 Ἐζή-

184 4291 342 4343 τησα
391 4278 602 4342 αὑτὸν,
660 4278 759 4331 καί
816 4280 929 4347 οὐχ
992 4276 1172 4349 εὗρον
1220 4284 1407 4336 αὐτόν
1429 4300 1444 4315 ’
1496 4282 1761 4337 ἐκάλεσα
1790 4318 1835 4374 D

182 4369 395 4431 αὐτὸν,
421 4367 519 4422 καὶ
551 4370 665 4438 οὐχ
694 4368 1014 4435 ὑπήκουσέ
1035 4389 1175 4441 μου.
1214 4373 1653 4444 Ἀναστήσομαι
1681 4375 1758 4444 δὴ

180 4462 282 4515 καὶ
323 4458 623 4521 κυκλώσω
664 4459 734 4512 ἐν
774 4459 850 4529 τῇ
881 4462 1051 4515 πόλει
1072 4500 1087 4525 ,
1134 4462 1203 4515 ἐν
1233 4463 1362 4529 ταῖς
1392 4465 1634 4533 ἀγοραῖς
1660 4465 1761 4519 καί

180 4550 252 4603 ἐν
284 4548 420 4615 ταῖς
449 4549 762 4615 πλατείαις
783 4589 797 4614 ,
852 4550 951 4603 καὶ
994 4548 1225 4619 ζητήσω
1264 4552 1337 4605 ὃν
1373 4553 1692 4622 ἠγάπησεν
1716 4556 1757 4623 ἠ

180 4640 353 4709 ψυχή
376 4656 520 4708 μου.
555 4636 847 4706 Ἐζιξτησα
870 4640 1075 4705 αὐτὸν,
1101 4641 1198 4695 καί
1217 4644 1329 4711 οὐχ
1356 4640 1537 4711 εὗρον
1550 4646 1755 4700 αὐτόν.

180 4730 464 4800 Εὗροσάν
502 4747 580 4799 με
618 4733 672 4784 ol
708 4731 1031 4799 τηροῦντες
1080 4735 1134 4787 οἱ
1180 4735 1548 4799 κυκλοῦντες
1581 4736 1652 4789 ἐν
1683 4735 1760 4805 τῇ

181 4824 377 4877 πόλει.
412 4821 511 4888 Μὴ
541 4820 615 4874 ὃν
639 4820 957 4889 ἠγάπησεν
993 4823 1031 4890 ἡ
1064 4823 1234 4891 ψυχή
1259 4840 1399 4893 μου,
1431 4823 1622 4888 were;
1661 4826 1758 4890 Ὠς

176 4914 393 4981 μικρὸν
421 4913 522 4966 ὅτε
547 4912 858 4981 παρῆλθον
876 4914 978 4968 ἀπ’
996 4913 1213 4979 αὐτῶν,
1246 4914 1358 4981 ἕως
1388 4911 1459 4972 οὔ
1484 4912 1665 4984 εὗρον
1686 4917 1759 4970 ὃν

181 5005 503 5072 ἠγάπησε-ν
544 5004 584 5070 ἠ
618 5005 787 5074 ψυχή
830 5022 977 5074 μου.
1037 5005 1373 5074 Ἐκράτησα
1410 5007 1615 5072 αὐτὸν,
1659 5007 1757 5061 καὶ

182 5098 291 5150 οὐκ
328 5094 539 5164 ἀφῆκα
593 5096 811 5159 αὑτὸν,
857 5095 968 5163 ἕως
999 5092 1070 5153 οὗ
1117 5096 1440 5167 εἰσήγαγον
1478 5099 1664 5153 αὑτὸν
1692 5101 1758 5166 ἐς

183 5182 348 5240 οἷκον
372 5186 603 5255 μητρός
635 5203 776 5255 μου,
818 5186 919 5240 καὶ
956 5189 1044 5253 είς
1078 5187 1342 5257 ταμιεῖον
1377 5189 1489 5257 τῆς
1526 5197 1758 5247 συλλα-

185 5276 412 5341 ϐούσης
444 5291 543 5344 με.
591 5275 715 5328 Ἐπὶ
744 5274 952 5338 τούτοις
992 5275 1156 5329 πάλιν
1184 5276 1290 5329 ὑπὸ
1328 5277 1754 5351 φιλανθρωπίας,

184 5367 276 5419 καὶ
312 5368 438 5429 ταῖς
481 5365 818 5436 θυγατράσιν
855 5366 1210 5438 Ἰερουσαλὴμ
1248 5366 1573 5436 διαλέγεται,
1603 5370 1670 5434 ἃς
1701 5374 1758 5425 ὲν

181 5454 289 5516 τοῖς
319 5452 635 5524 ἔμπροσθεν
666 5454 725 5506 ιν
763 5455 1047 5524 συγκρίσει
1090 5455 1185 5509 τοῦ
1226 5455 1326 5527 τῆς
1370 5456 1586 5528 νύμφης
1625 5458 1757 5511 κά).-

181 5540 307 5608 λσυς
337 5543 430 5600 τοῦ
458 5542 919 5615 παρεικασθέντος
962 5542 1040 5615 τῷ
1086 5546 1254 5618 κρίνῳ
1276 5586 1291 5612 ,
1339 5548 1581 5614 ἀκάνθας
1620 5549 1756 5614 ὅλως

1870 3096 2094 3150 dimissa
2118 3097 2263 3149 omni
2294 3096 2377 3148 via
2404 3105 2459 3151 et
2497 3097 2712 3152 ratione
2732 3100 3441 3169 comprehendendi,inveni

1872 3183 1972 3239 ﬁde
2021 3200 2144 3239 eum
2180 3174 2281 3253 qui
2312 3185 2594 3255 diligitur:
2631 3195 2683 3241 et
2741 3202 2848 3241 non
2902 3190 3137 3259 amplius
3171 3191 3440 3247 dimittam

1867 3288 1989 3327 eum
2039 3288 2168 3328 ansa
2227 3272 2349 3327 ﬁdei
2403 3276 2827 3343 apprehensmn,
2864 3276 3039 3333 donec
3100 3278 3260 3335 fuerit
3294 3281 3439 3335 intra

1869 3379 2049 3417 meum
2085 3364 2377 3418 conclave:
2413 3379 2510 3417 cor
2557 3376 2736 3420 autem
2769 3368 2991 3421 omnino
3037 3359 3121 3423 est
3155 3372 3437 3439 conclave,

1871 3456 2013 3523 quod
2040 3465 2167 3509 tunc
2194 3456 2251 3508 ﬁt
2284 3470 2454 3523 capax
2488 3456 2684 3509 divina:
2712 3457 2832 3524 ejus
2864 3458 3241 3521 habitationis.
3268 3478 3439 3533 quan-

1867 3545 1938 3597 do
1971 3546 2189 3598 redierit
2230 3548 2297 3598 ad
2333 3545 2483 3597 illum
2521 3552 2722 3619 statum
2782 3547 2834 3599 in
2870 3562 2978 3616 quo
3030 3548 3129 3602 fuit
3160 3551 3225 3603 ab
3257 3553 3433 3618 initio,

1866 3637 2082 3706 quando
2116 3636 2212 3695 l‘uit
2239 3636 2471 3690 eﬁietum
2500 3636 2567 3689 ab
2593 3652 2653 3690 ea
2670 3644 2807 3705 'qute
2856 3643 3125 3707 concepit.
3162 3639 3279 3695 Non
3337 3644 3434 3699 ab-

1865 3727 2066 3781 errahit
2107 3734 2286 3780 autem
2332 3726 2555 3780 omnino
2609 3726 2857 3795 quisquis
2892 3728 3152 3799 intelliget
3187 3742 3435 3802 matrem,

1866 3818 2092 3887 primam
2124 3831 2341 3871 causam
2368 3824 2569 3871 nostra:
2597 3818 3026 3874 constitutionis.

1935 3904 2170 3975 Tempus
2203 3912 2287 3960 est
2328 3913 2507 3959 autem
2538 3905 2855 3976 exponendi
2904 3923 3065 3963 voces
3116 3909 3330 3966 divinas
3378 3913 3433 3968 in

1864 4000 1984 4070 ipso
2015 4000 2301 4054 verborum
2335 4005 2616 4064 contextu,
2673 4007 2730 4053 ut
2767 4001 2930 4055 verba
2975 4004 3302 4058 conveniant
3356 4005 3424 4061 iis
3465 4045 3476 4058 .

1862 4107 1982 4160 quae
2043 4099 2168 4144 sunt
2224 4089 2589 4145 considerata.
2642 4089 2707 4143 In
2766 4091 2897 4145 lecto
2937 4109 3049 4146 meo
3086 4104 3239 4147 noctu
3293 4111 3434 4165 qua:-

1862 4184 1960 4236 sivi
1988 4198 2139 4251 quem
2171 4180 2343 4251 diligit
2389 4182 2570 4234 anima
2622 4190 2755 4235 mea.
2789 4182 3024 4249 Quwsivi
3065 4185 3209 4237 enim'
3233 4201 3350 4238 eum
3381 4195 3432 4241 et

1863 4291 1965 4328 non
2015 4276 2184 4328 inveni
2219 4290 2357 4337 eum,
2403 4275 2581 4328 vocavi
2633 4290 2750 4328 eum
2812 4285 2861 4327 et
2925 4292 3025 4329 non
3076 4277 3274 4330 audivit
3329 4294 3429 4333 me.

1863 4365 2091 4437 Surgam
2111 4373 2287 4419 autem
2315 4372 2364 4417 et
2386 4363 2617 4417 circuibo
2636 4365 2897 4417 civitatem
2925 4366 2978 4417 in
3001 4364 3134 4433 foris
3151 4376 3200 4419 et
3220 4366 3429 4433 plateis,

1859 4468 1908 4513 et
1956 4474 2191 4527 quwram
2239 4474 2388 4526 quem
2422 4457 2595 4524 diligit
2636 4456 2816 4508 anima
2860 4472 2994 4508 mea.
3040 4457 3271 4522 Quiesivi
3313 4474 3430 4512 eum

1858 4558 1907 4604 et
1954 4566 2057 4603 non
2092 4549 2264 4602 iuveni
2313 4562 2449 4599 eum.
2509 4543 2823 4597 Invenerunt
2884 4561 2963 4599 me
3007 4548 3097 4615 qui
3128 4546 3432 4602 custodiunt

1859 4642 2237 4694 circumeuntes
2259 4639 2541 4691 civitatem.
2570 4633 2711 4687 Num
2733 4651 2881 4704 quem
2902 4635 3074 4707 diligit
3094 4639 3273 4691 anima
3292 4653 3426 4701 mea,

1858 4731 2106 4786 uidistis?
2165 4728 2563 4796 Quamprimum
2620 4740 2807 4792 parum
2856 4724 2921 4777 ab
2968 4727 3041 4779 eis
3080 4728 3291 4790 transii,
3321 4725 3422 4779 do-

1858 4840 1949 4878 nec
1970 4823 2142 4878 inveni
2163 4838 2278 4875 eum
2303 4835 2452 4889 quem
2482 4817 2656 4886 diligit
2706 4817 2886 4868 anima
2918 4832 3055 4869 mea.
3093 4816 3258 4871 Tenui
3308 4833 3427 4870 eum

1856 4924 1906 4969 et
1937 4932 2040 4968 non
2070 4913 2251 4967 dimisi
2280 4926 2420 4971 eum,
2450 4908 2612 4962 donec
2645 4923 2761 4960 eum
2793 4908 3068 4960 introduxi
3098 4908 3154 4961 in
3210 4907 3423 4962 domum

1857 5006 2044 5059 matris
2070 5020 2216 5067 metu,
2256 5013 2306 5056 et
2354 5000 2406 5055 in
2429 5000 2671 5053 conclave
2713 4998 2826 5067 ejus
2874 5013 2992 5067 quin
3044 5014 3123 5051 nte
3166 5000 3421 5066 concepit.

1858 5097 1987 5151 Post
2020 5096 2134 5150 hinc
2173 5107 2368 5149 rursus
2420 5098 2639 5161 propter
2695 5089 3080 5159 benignitatem
3131 5091 3425 5160 alloquitur

1857 5188 1996 5243 ﬁlias
2028 5185 2328 5240 Jerusalem
2350 5225 2363 5244 ,
2405 5197 2547 5253 quas
2587 5192 2747 5236 antea
2779 5181 3185 5250 comparatione
3212 5198 3425 5251 sponsae

1859 5276 2306 5349 pulchritudinis,
2358 5290 2523 5345 quam
2578 5275 2692 5328 lilio
2751 5273 3183 5334 assimilaverat,
3236 5274 3423 5344 spinas

1856 5369 2164 5440 appellavit,
2213 5374 2269 5421 et
2321 5382 2418 5437 per
2472 5365 2877 5435 adjurationem
2926 5373 3262 5437 potestatum
3300 5383 3423 5441 quae

1855 5468 1984 5516 sunt
2013 5460 2064 5512 in
2093 5455 2316 5520 mundo,
2350 5455 2475 5509 facit
2508 5470 2799 5525 assurgere
2831 5455 2897 5511 ad
2955 5471 3140 5526 parem
3201 5459 3420 5513 modum

1856 5550 2159 5614 charitatis,
2186 5554 2246 5601 ut
2280 5546 2529 5601 voluntas
2554 5546 2742 5615 sponsi
2768 5548 2841 5602 sit
2860 5547 3023 5602 etiam
3053 5549 3106 5603 in
3130 5546 3213 5604 eis
3243 5547 3416 5603 fortis.
