  <div class='ocr_page' id='page_1' title='image "/cluster/home/n/w/nwhite01/storage/ocr_20150623/44/mdp.39015011915454/455.png"; bbox 0 0 3742 5986; ppageno 0'>
   <div class='ocr_carea' id='block_1_1' title="bbox 263 144 366 201">
    <p class='ocr_par' dir='ltr' id='par_1_1' title="bbox 263 144 366 201">
     <span class='ocr_line' id='line_1_1' title="bbox 263 144 366 201; baseline 0.019 -2"><span class='ocrx_word' id='word_1_1' title='bbox 263 144 366 201; x_wconf 81' lang='lat'><strong>895</strong></span> 
     </span>
    </p>
   </div>
   <div class='ocr_carea' id='block_1_2' title="bbox 1498 122 2248 197">
    <p class='ocr_par' dir='ltr' id='par_1_2' title="bbox 1498 122 2248 197">
     <span class='ocr_line' id='line_1_2' title="bbox 1498 122 2248 197; baseline -0.001 -1"><span class='ocrx_word' id='word_1_2' title='bbox 1498 140 1556 196; x_wconf 87' lang='lat' dir='ltr'><strong>s.</strong></span> <span class='ocrx_word' id='word_1_3' title='bbox 1597 134 1922 197; x_wconf 72' lang='lat' dir='ltr'><strong>casaonu</strong></span> <span class='ocrx_word' id='word_1_4' title='bbox 1963 122 2248 196; x_wconf 66' lang='lat' dir='ltr'><strong>NYSSENI</strong></span> 
     </span>
    </p>
   </div>
   <div class='ocr_carea' id='block_1_3' title="bbox 3412 128 3515 186">
    <p class='ocr_par' dir='ltr' id='par_1_3' title="bbox 3412 128 3515 186">
     <span class='ocr_line' id='line_1_3' title="bbox 3412 128 3515 186; baseline -0.029 0"><span class='ocrx_word' id='word_1_5' title='bbox 3412 128 3515 186; x_wconf 84' lang='lat'><strong>896</strong></span> 
     </span>
    </p>
   </div>
   <div class='ocr_carea' id='block_1_4' title="bbox 246 249 1852 327">
    <p class='ocr_par' dir='ltr' id='par_1_4' title="bbox 246 256 1836 327">
     <span class='ocr_line' id='line_1_4' title="bbox 246 256 1836 327; baseline -0.003 -13"><span class='ocrx_word' id='word_1_6' title='bbox 246 259 476 327; x_wconf 45' lang='lat' dir='ltr'><strong>,Dictum</strong></span> <span class='ocrx_word' id='word_1_7' title='bbox 505 264 589 311; x_wconf 88' lang='lat' dir='ltr'><strong>est</strong></span> <span class='ocrx_word' id='word_1_8' title='bbox 625 264 804 311; x_wconf 92' lang='lat' dir='ltr'><strong>autem</strong></span> <span class='ocrx_word' id='word_1_9' title='bbox 855 257 910 310; x_wconf 92' lang='lat' dir='ltr'><strong>in</strong></span> <span class='ocrx_word' id='word_1_10' title='bbox 969 256 1035 311; x_wconf 91' lang='lat' dir='ltr'><strong>iis</strong></span> <span class='ocrx_word' id='word_1_11' title='bbox 1092 271 1213 327; x_wconf 83' lang='lat' dir='ltr'><strong>quae</strong></span> <span class='ocrx_word' id='word_1_12' title='bbox 1251 265 1672 326; x_wconf 69' lang='lat' dir='ltr'><strong>praecesserunt,</strong></span> <span class='ocrx_word' id='word_1_13' title='bbox 1712 256 1836 327; x_wconf 90' lang='lat' dir='ltr'><strong>quis</strong></span> 
     </span>
    </p>
   </div>
   <div class='ocr_carea' id='block_1_5' title="bbox 2030 249 3519 327">
    <p class='ocr_par' dir='ltr' id='par_1_5' title="bbox 2030 249 3519 327">
     <span class='ocr_line' id='line_1_5' title="bbox 2030 249 3519 327; baseline -0.005 -19"><span class='ocrx_word' id='word_1_14' title='bbox 2030 256 2208 327; x_wconf 66' lang='grc' dir='ltr'>ίμασε,</span> <span class='ocrx_word' id='word_1_15' title='bbox 2242 256 2333 309; x_wconf 75' lang='grc' dir='ltr'><strong>καὶ</strong></span> <span class='ocrx_word' id='word_1_16' title='bbox 2363 255 2450 310; x_wconf 81' lang='grc' dir='ltr'><strong>διὰ</strong></span> <span class='ocrx_word' id='word_1_17' title='bbox 2495 254 2586 308; x_wconf 79' lang='grc' dir='ltr'>τοῦ</span> <span class='ocrx_word' id='word_1_18' title='bbox 2630 255 2792 325; x_wconf 85' lang='grc' dir='ltr'>ὅρκου</span> <span class='ocrx_word' id='word_1_19' title='bbox 2837 252 2943 305; x_wconf 85' lang='grc' dir='ltr'><strong>τῶν</strong></span> <span class='ocrx_word' id='word_1_20' title='bbox 2983 251 3039 305; x_wconf 87' lang='grc' dir='ltr'>ἐν</span> <span class='ocrx_word' id='word_1_21' title='bbox 3077 250 3152 320; x_wconf 83' lang='grc' dir='ltr'>τῷ</span> <span class='ocrx_word' id='word_1_22' title='bbox 3196 249 3388 320; x_wconf 80' lang='grc' dir='ltr'>κόσμῳ</span> <span class='ocrx_word' id='word_1_23' title='bbox 3426 249 3519 303; x_wconf 80' lang='grc' dir='ltr'>δυ-</span> 
     </span>
    </p>
   </div>
   <div class='ocr_carea' id='block_1_6' title="bbox 264 348 1844 419">
    <p class='ocr_par' dir='ltr' id='par_1_6' title="bbox 264 348 1844 419">
     <span class='ocr_line' id='line_1_6' title="bbox 264 348 1844 419; baseline -0.001 -14"><span class='ocrx_word' id='word_1_24' title='bbox 264 350 335 405; x_wconf 90' lang='lat' dir='ltr'><strong>sit</strong></span> <span class='ocrx_word' id='word_1_25' title='bbox 370 348 609 404; x_wconf 88' lang='lat' dir='ltr'><strong>mundus</strong></span> <span class='ocrx_word' id='word_1_26' title='bbox 655 348 707 402; x_wconf 92' lang='lat' dir='ltr'><strong>in</strong></span> <span class='ocrx_word' id='word_1_27' title='bbox 740 364 847 419; x_wconf 91' lang='lat' dir='ltr'><strong>quo</strong></span> <span class='ocrx_word' id='word_1_28' title='bbox 878 357 1005 405; x_wconf 90' lang='lat' dir='ltr'><strong>sunt</strong></span> <span class='ocrx_word' id='word_1_29' title='bbox 1044 350 1272 403; x_wconf 74' lang='lat' dir='ltr'><strong>virtutes</strong></span> <span class='ocrx_word' id='word_1_30' title='bbox 1304 365 1365 404; x_wconf 84' lang='lat' dir='ltr'><strong>ac</strong></span> <span class='ocrx_word' id='word_1_31' title='bbox 1415 357 1736 417; x_wconf 75' lang='lat' dir='ltr'><strong>potestates,</strong></span> <span class='ocrx_word' id='word_1_32' title='bbox 1790 362 1844 403; x_wconf 88' lang='lat' dir='ltr'><strong>et</strong></span> 
     </span>
    </p>
   </div>
   <div class='ocr_carea' id='block_1_7' title="bbox 265 439 1840 512">
    <p class='ocr_par' dir='ltr' id='par_1_7' title="bbox 265 439 1840 512">
     <span class='ocr_line' id='line_1_7' title="bbox 265 439 1840 512; baseline 0 -18"><span class='ocrx_word' id='word_1_33' title='bbox 265 455 389 512; x_wconf 65' lang='lat' dir='ltr'><strong>quae</strong></span> <span class='ocrx_word' id='word_1_34' title='bbox 423 439 495 495; x_wconf 86' lang='lat' dir='ltr'><strong>sit</strong></span> <span class='ocrx_word' id='word_1_35' title='bbox 535 441 789 495; x_wconf 92' lang='lat' dir='ltr'><strong>voluntas</strong></span> <span class='ocrx_word' id='word_1_36' title='bbox 816 440 935 509; x_wconf 85' lang='lat' dir='ltr'><strong>ejus</strong></span> <span class='ocrx_word' id='word_1_37' title='bbox 968 441 1061 508; x_wconf 86' lang='lat' dir='ltr'><strong>qui</strong></span> <span class='ocrx_word' id='word_1_38' title='bbox 1112 455 1176 494; x_wconf 67' lang='lat' dir='ltr'><strong>ex</strong></span> <span class='ocrx_word' id='word_1_39' title='bbox 1211 446 1326 493; x_wconf 85' lang='lat' dir='ltr'><strong>toto</strong></span> <span class='ocrx_word' id='word_1_40' title='bbox 1363 440 1529 495; x_wconf 85' lang='lat' dir='ltr'><strong>corde</strong></span> <span class='ocrx_word' id='word_1_41' title='bbox 1571 440 1840 510; x_wconf 80' lang='lat' dir='ltr'><strong>diligitur,</strong></span> 
     </span>
    </p>
   </div>
   <div class='ocr_carea' id='block_1_8' title="bbox 266 528 1841 599">
    <p class='ocr_par' dir='ltr' id='par_1_8' title="bbox 266 528 1841 599">
     <span class='ocr_line' id='line_1_8' title="bbox 266 528 1841 599; baseline 0 -16"><span class='ocrx_word' id='word_1_42' title='bbox 266 530 405 587; x_wconf 90' lang='lat' dir='ltr'><strong>adeo</strong></span> <span class='ocrx_word' id='word_1_43' title='bbox 430 538 489 585; x_wconf 87' lang='lat' dir='ltr'><strong>ut</strong></span> <span class='ocrx_word' id='word_1_44' title='bbox 525 544 635 584; x_wconf 92' lang='lat' dir='ltr'><strong>non</strong></span> <span class='ocrx_word' id='word_1_45' title='bbox 673 531 745 585; x_wconf 88' lang='lat' dir='ltr'><strong>sit</strong></span> <span class='ocrx_word' id='word_1_46' title='bbox 790 545 930 599; x_wconf 90' lang='lat' dir='ltr'><strong>opus</strong></span> <span class='ocrx_word' id='word_1_47' title='bbox 960 529 1028 583; x_wconf 92' lang='lat' dir='ltr'><strong>de</strong></span> <span class='ocrx_word' id='word_1_48' title='bbox 1076 529 1269 584; x_wconf 83' lang='lat' dir='ltr'><strong>iisdem</strong></span> <span class='ocrx_word' id='word_1_49' title='bbox 1317 528 1588 599; x_wconf 81' lang='lat' dir='ltr'><strong>prolixius</strong></span> <span class='ocrx_word' id='word_1_50' title='bbox 1637 528 1841 594; x_wconf 86' lang='lat' dir='ltr'><strong>dicere,</strong></span> 
     </span>
    </p>
   </div>
   <div class='ocr_carea' id='block_1_9' title="bbox 266 620 1846 692">
    <p class='ocr_par' dir='ltr' id='par_1_9' title="bbox 266 620 1846 692">
     <span class='ocr_line' id='line_1_9' title="bbox 266 620 1846 692; baseline -0.003 -16"><span class='ocrx_word' id='word_1_51' title='bbox 266 637 393 677; x_wconf 88' lang='lat' dir='ltr'><strong>cum</strong></span> <span class='ocrx_word' id='word_1_52' title='bbox 423 637 547 692; x_wconf 76' lang='lat' dir='ltr'><strong>quae</strong></span> <span class='ocrx_word' id='word_1_53' title='bbox 582 622 637 675; x_wconf 92' lang='lat' dir='ltr'><strong>in</strong></span> <span class='ocrx_word' id='word_1_54' title='bbox 669 621 852 677; x_wconf 83' lang='lat' dir='ltr'><strong>verbis</strong></span> <span class='ocrx_word' id='word_1_55' title='bbox 888 621 1039 690; x_wconf 89' lang='lat' dir='ltr'><strong>prius</strong></span> <span class='ocrx_word' id='word_1_56' title='bbox 1078 620 1177 673; x_wconf 81' lang='lat' dir='ltr'><strong>fuit</strong></span> <span class='ocrx_word' id='word_1_57' title='bbox 1227 620 1572 674; x_wconf 83' lang='lat' dir='ltr'><strong>considerata</strong></span> <span class='ocrx_word' id='word_1_58' title='bbox 1625 626 1846 673; x_wconf 76' lang='lat' dir='ltr'><strong>sentcn-</strong></span> 
     </span>
    </p>
   </div>
   <div class='ocr_carea' id='block_1_10' title="bbox 270 710 1877 781">
    <p class='ocr_par' dir='ltr' id='par_1_10' title="bbox 270 710 1877 781">
     <span class='ocr_line' id='line_1_10' title="bbox 270 710 1877 781; baseline -0.002 -15"><span class='ocrx_word' id='word_1_59' title='bbox 270 713 371 781; x_wconf 85' lang='lat' dir='ltr'><strong>tia,</strong></span> <span class='ocrx_word' id='word_1_60' title='bbox 398 712 536 768; x_wconf 80' lang='lat' dir='ltr'><strong>satis</strong></span> <span class='ocrx_word' id='word_1_61' title='bbox 566 710 807 767; x_wconf 84' lang='lat' dir='ltr'><strong>declaret</strong></span> <span class='ocrx_word' id='word_1_62' title='bbox 837 711 890 765; x_wconf 87' lang='lat' dir='ltr'><strong>id</strong></span> <span class='ocrx_word' id='word_1_63' title='bbox 926 711 1070 780; x_wconf 90' lang='lat' dir='ltr'><strong>quod</strong></span> <span class='ocrx_word' id='word_1_64' title='bbox 1103 711 1156 764; x_wconf 93' lang='lat' dir='ltr'><strong>in</strong></span> <span class='ocrx_word' id='word_1_65' title='bbox 1189 710 1292 764; x_wconf 89' lang='lat' dir='ltr'><strong>hoc</strong></span> <span class='ocrx_word' id='word_1_66' title='bbox 1331 710 1455 764; x_wconf 84' lang='lat' dir='ltr'><strong>loco</strong></span> <span class='ocrx_word' id='word_1_67' title='bbox 1501 710 1841 779; x_wconf 77' lang='lat' dir='ltr'><strong>intelligitur.</strong></span> <span class='ocrx_word' id='word_1_68' title='bbox 1872 768 1877 779; x_wconf 40' lang='grc' dir='ltr'>ι</span> 
     </span>
    </p>
   </div>
   <div class='ocr_carea' id='block_1_11' title="bbox 272 800 1846 872">
    <p class='ocr_par' dir='ltr' id='par_1_11' title="bbox 272 800 1846 872">
     <span class='ocr_line' id='line_1_11' title="bbox 272 800 1846 872; baseline -0.002 -15"><span class='ocrx_word' id='word_1_69' title='bbox 272 800 377 858; x_wconf 88' lang='lat' dir='ltr'><strong>Sed</strong></span> <span class='ocrx_word' id='word_1_70' title='bbox 408 801 770 872; x_wconf 83' lang='lat' dir='ltr'><strong>procedamus</strong></span> <span class='ocrx_word' id='word_1_71' title='bbox 816 801 881 855; x_wconf 91' lang='lat' dir='ltr'><strong>ad</strong></span> <span class='ocrx_word' id='word_1_72' title='bbox 917 801 967 855; x_wconf 89' lang='lat' dir='ltr'><strong>id</strong></span> <span class='ocrx_word' id='word_1_73' title='bbox 998 801 1140 871; x_wconf 79' lang='lat' dir='ltr'><strong>quod</strong></span> <span class='ocrx_word' id='word_1_74' title='bbox 1170 800 1430 870; x_wconf 78' lang='lat' dir='ltr'><strong>deinceps</strong></span> <span class='ocrx_word' id='word_1_75' title='bbox 1465 800 1737 869; x_wconf 86' lang='lat' dir='ltr'><strong>sequitur,</strong></span> <span class='ocrx_word' id='word_1_76' title='bbox 1787 808 1846 854; x_wconf 88' lang='lat' dir='ltr'><strong>ut</strong></span> 
     </span>
    </p>
   </div>
   <div class='ocr_carea' id='block_1_12' title="bbox 272 889 1844 975">
    <p class='ocr_par' dir='ltr' id='par_1_12' title="bbox 272 889 1844 975">
     <span class='ocr_line' id='line_1_12' title="bbox 272 889 1844 975; baseline 0.001 -30"><span class='ocrx_word' id='word_1_77' title='bbox 272 890 574 953; x_wconf 86' lang='lat' dir='ltr'><strong>videamus.</strong></span> <span class='ocrx_word' id='word_1_78' title='bbox 617 907 745 944; x_wconf 90' lang='lat' dir='ltr'><strong>num</strong></span> <span class='ocrx_word' id='word_1_79' title='bbox 796 889 909 946; x_wconf 79' lang='lat' dir='ltr'><strong>ﬁeri</strong></span> <span class='ocrx_word' id='word_1_80' title='bbox 949 891 1123 961; x_wconf 85' lang='lat' dir='ltr'><strong>possit</strong></span> <span class='ocrx_word' id='word_1_81' title='bbox 1180 900 1238 943; x_wconf 92' lang='lat' dir='ltr'><strong>nt</strong></span> <span class='ocrx_word' id='word_1_82' title='bbox 1299 908 1401 946; x_wconf 91' lang='lat' dir='ltr'><strong>nos</strong></span> <span class='ocrx_word' id='word_1_83' title='bbox 1452 907 1670 975; x_wconf 75' lang='lat' dir='ltr'><strong>quoque</strong></span> <span class='ocrx_word' id='word_1_84' title='bbox 1721 909 1844 947; x_wconf 90' lang='lat' dir='ltr'><strong>cum</strong></span> 
     </span>
    </p>
   </div>
   <div class='ocr_carea' id='block_1_13' title="bbox 273 978 1846 1051">
    <p class='ocr_par' dir='ltr' id='par_1_13' title="bbox 273 978 1846 1051">
     <span class='ocr_line' id='line_1_13' title="bbox 273 978 1846 1051; baseline 0.003 -18"><span class='ocrx_word' id='word_1_85' title='bbox 273 978 513 1051; x_wconf 82' lang='lat' dir='ltr'><strong>perfecta</strong></span> <span class='ocrx_word' id='word_1_86' title='bbox 542 980 820 1043; x_wconf 90' lang='lat' dir='ltr'><strong>columba,</strong></span> <span class='ocrx_word' id='word_1_87' title='bbox 863 997 984 1051; x_wconf 68' lang='lat' dir='ltr'><strong>quae</strong></span> <span class='ocrx_word' id='word_1_88' title='bbox 1025 982 1078 1034; x_wconf 89' lang='lat' dir='ltr'><strong>in</strong></span> <span class='ocrx_word' id='word_1_89' title='bbox 1112 982 1284 1034; x_wconf 87' lang='lat' dir='ltr'><strong>altum</strong></span> <span class='ocrx_word' id='word_1_90' title='bbox 1327 982 1527 1042; x_wconf 88' lang='lat' dir='ltr'><strong>evolat,</strong></span> <span class='ocrx_word' id='word_1_91' title='bbox 1582 984 1846 1037; x_wconf 88' lang='lat' dir='ltr'><strong>ascenda-</strong></span> 
     </span>
    </p>
   </div>
   <div class='ocr_carea' id='block_1_14' title="bbox 275 1073 1845 1144">
    <p class='ocr_par' dir='ltr' id='par_1_14' title="bbox 275 1073 1845 1144">
     <span class='ocr_line' id='line_1_14' title="bbox 275 1073 1845 1144; baseline 0.003 -19"><span class='ocrx_word' id='word_1_92' title='bbox 275 1087 417 1138; x_wconf 93' lang='lat' dir='ltr'><strong>mus,</strong></span> <span class='ocrx_word' id='word_1_93' title='bbox 446 1080 501 1127; x_wconf 85' lang='lat' dir='ltr'><strong>et</strong></span> <span class='ocrx_word' id='word_1_94' title='bbox 559 1073 859 1126; x_wconf 83' lang='lat' dir='ltr'><strong>amicorum</strong></span> <span class='ocrx_word' id='word_1_95' title='bbox 906 1074 1093 1142; x_wconf 89' lang='lat' dir='ltr'><strong>sponsi</strong></span> <span class='ocrx_word' id='word_1_96' title='bbox 1129 1088 1315 1127; x_wconf 84' lang='lat' dir='ltr'><strong>vocem</strong></span> <span class='ocrx_word' id='word_1_97' title='bbox 1366 1074 1679 1137; x_wconf 78' lang='lat' dir='ltr'><strong>audiamus,</strong></span> <span class='ocrx_word' id='word_1_98' title='bbox 1748 1076 1845 1144; x_wconf 84' lang='lat' dir='ltr'><strong>qui</strong></span> 
     </span>
    </p>
   </div>
   <div class='ocr_carea' id='block_1_15' title="bbox 271 1161 1846 1237">
    <p class='ocr_par' dir='ltr' id='par_1_15' title="bbox 271 1161 1846 1237">
     <span class='ocr_line' id='line_1_15' title="bbox 271 1161 1846 1237; baseline 0.004 -21"><span class='ocrx_word' id='word_1_99' title='bbox 271 1161 392 1229; x_wconf 88' lang='lat' dir='ltr'><strong>ejus</strong></span> <span class='ocrx_word' id='word_1_100' title='bbox 419 1177 707 1216; x_wconf 87' lang='lat' dir='ltr'><strong>ascensum</strong></span> <span class='ocrx_word' id='word_1_101' title='bbox 743 1178 810 1217; x_wconf 79' lang='lat' dir='ltr'><strong>ex</strong></span> <span class='ocrx_word' id='word_1_102' title='bbox 846 1163 1066 1219; x_wconf 91' lang='lat' dir='ltr'><strong>deserto</strong></span> <span class='ocrx_word' id='word_1_103' title='bbox 1115 1166 1404 1229; x_wconf 81' lang='lat' dir='ltr'><strong>mirantur,</strong></span> <span class='ocrx_word' id='word_1_104' title='bbox 1449 1167 1594 1235; x_wconf 91' lang='lat' dir='ltr'><strong>quod</strong></span> <span class='ocrx_word' id='word_1_105' title='bbox 1628 1168 1846 1237; x_wconf 86' lang='lat' dir='ltr'><strong>quidem</strong></span> 
     </span>
    </p>
   </div>
   <div class='ocr_carea' id='block_1_16' title="bbox 275 1252 1846 1327">
    <p class='ocr_par' dir='ltr' id='par_1_16' title="bbox 275 1252 1846 1327">
     <span class='ocr_line' id='line_1_16' title="bbox 275 1252 1846 1327; baseline 0.005 -23"><span class='ocrx_word' id='word_1_106' title='bbox 275 1252 544 1322; x_wconf 68' lang='lat' dir='ltr'><strong>praecipue</strong></span> <span class='ocrx_word' id='word_1_107' title='bbox 574 1261 912 1321; x_wconf 85' lang='lat' dir='ltr'><strong>spectatores</strong></span> <span class='ocrx_word' id='word_1_108' title='bbox 943 1256 998 1308; x_wconf 90' lang='lat' dir='ltr'><strong>in</strong></span> <span class='ocrx_word' id='word_1_109' title='bbox 1030 1262 1310 1324; x_wconf 89' lang='lat' dir='ltr'><strong>stuporem</strong></span> <span class='ocrx_word' id='word_1_110' title='bbox 1366 1257 1553 1323; x_wconf 87' lang='lat' dir='ltr'><strong>trahit,</strong></span> <span class='ocrx_word' id='word_1_111' title='bbox 1601 1259 1846 1327; x_wconf 88' lang='lat' dir='ltr'><strong>quando-</strong></span> 
     </span>
    </p>
   </div>
   <div class='ocr_carea' id='block_1_17' title="bbox 275 1339 1846 1412">
    <p class='ocr_par' dir='ltr' id='par_1_17' title="bbox 275 1339 1846 1412">
     <span class='ocr_line' id='line_1_17' title="bbox 275 1339 1846 1412; baseline 0.006 -20"><span class='ocrx_word' id='word_1_112' title='bbox 275 1339 497 1410; x_wconf 88' lang='lat' dir='ltr'><strong>quidem</strong></span> <span class='ocrx_word' id='word_1_113' title='bbox 543 1341 704 1395; x_wconf 86' lang='lat' dir='ltr'><strong>talem</strong></span> <span class='ocrx_word' id='word_1_114' title='bbox 740 1343 996 1412; x_wconf 82' lang='lat' dir='ltr'><strong>producit</strong></span> <span class='ocrx_word' id='word_1_115' title='bbox 1025 1345 1324 1408; x_wconf 87' lang='lat' dir='ltr'><strong>desertum,</strong></span> <span class='ocrx_word' id='word_1_116' title='bbox 1362 1347 1442 1402; x_wconf 86' lang='lat' dir='ltr'><strong>sic</strong></span> <span class='ocrx_word' id='word_1_117' title='bbox 1502 1359 1559 1400; x_wconf 90' lang='lat' dir='ltr'><strong>ut</strong></span> <span class='ocrx_word' id='word_1_118' title='bbox 1593 1348 1846 1402; x_wconf 83' lang='lat' dir='ltr'><strong>arborum</strong></span> 
     </span>
    </p>
   </div>
   <div class='ocr_carea' id='block_1_18' title="bbox 277 1424 1845 1508">
    <p class='ocr_par' dir='ltr' id='par_1_18' title="bbox 277 1424 1845 1508">
     <span class='ocr_line' id='line_1_18' title="bbox 277 1424 1845 1508; baseline 0.006 -24"><span class='ocrx_word' id='word_1_119' title='bbox 277 1431 739 1501; x_wconf 81' lang='lat' dir='ltr'><strong>pulchritudinem</strong></span> <span class='ocrx_word' id='word_1_120' title='bbox 804 1434 1069 1498; x_wconf 85' lang='lat' dir='ltr'><strong>imitetur,</strong></span> <span class='ocrx_word' id='word_1_121' title='bbox 1108 1451 1228 1504; x_wconf 74' lang='lat' dir='ltr'><strong>qua:</strong></span> <span class='ocrx_word' id='word_1_122' title='bbox 1264 1436 1316 1489; x_wconf 95' lang='lat' dir='ltr'><strong>in</strong></span> <span class='ocrx_word' id='word_1_123' title='bbox 1367 1424 1589 1492; x_wconf 76' lang='lat' dir='ltr'><strong>deserto</strong></span> <span class='ocrx_word' id='word_1_124' title='bbox 1646 1454 1845 1508; x_wconf 81' lang='lat' dir='ltr'><strong>vapore</strong></span> 
     </span>
    </p>
   </div>
   <div class='ocr_carea' id='block_1_19' title="bbox 277 1521 1847 1599">
    <p class='ocr_par' dir='ltr' id='par_1_19' title="bbox 277 1521 1847 1599">
     <span class='ocr_line' id='line_1_19' title="bbox 277 1521 1847 1599; baseline 0.004 -23"><span class='ocrx_word' id='word_1_125' title='bbox 277 1521 489 1576; x_wconf 84' lang='lat' dir='ltr'><strong>sul&#39;ﬁtus</strong></span> <span class='ocrx_word' id='word_1_126' title='bbox 522 1525 866 1580; x_wconf 79' lang='lat' dir='ltr'><strong>excoluntur.</strong></span> <span class='ocrx_word' id='word_1_127' title='bbox 905 1523 1128 1580; x_wconf 82' lang='lat' dir='ltr'><strong>Suﬁitus</strong></span> <span class='ocrx_word' id='word_1_128' title='bbox 1160 1538 1340 1581; x_wconf 87' lang='lat' dir='ltr'><strong>autem</strong></span> <span class='ocrx_word' id='word_1_129' title='bbox 1365 1538 1521 1581; x_wconf 86' lang='lat' dir='ltr'><strong>erant</strong></span> <span class='ocrx_word' id='word_1_130' title='bbox 1554 1531 1768 1599; x_wconf 86' lang='lat' dir='ltr'><strong>myrrha</strong></span> <span class='ocrx_word' id='word_1_131' title='bbox 1795 1540 1847 1583; x_wconf 89' lang='lat' dir='ltr'><strong>et</strong></span> 
     </span>
    </p>
   </div>
   <div class='ocr_carea' id='block_1_20' title="bbox 1943 339 3514 415">
    <p class='ocr_par' dir='ltr' id='par_1_20' title="bbox 1943 339 3514 415">
     <span class='ocr_line' id='line_1_20' title="bbox 1943 339 3514 415; baseline -0.003 -18"><span class='ocrx_word' id='word_1_132' title='bbox 1943 345 2158 414; x_wconf 87' lang='grc' dir='ltr'>νάμεων</span> <span class='ocrx_word' id='word_1_133' title='bbox 2191 345 2324 415; x_wconf 74' lang='grc' dir='ltr'>πρὸς</span> <span class='ocrx_word' id='word_1_134' title='bbox 2359 344 2421 396; x_wconf 83' lang='grc' dir='ltr'>τὸ</span> <span class='ocrx_word' id='word_1_135' title='bbox 2455 344 2565 396; x_wconf 83' lang='grc' dir='ltr'>ἴσον</span> <span class='ocrx_word' id='word_1_136' title='bbox 2595 342 2693 413; x_wconf 84' lang='grc' dir='ltr'>τῆς</span> <span class='ocrx_word' id='word_1_137' title='bbox 2720 342 2937 412; x_wconf 81' lang='grc' dir='ltr'><strong>ἀγάπης</strong></span> <span class='ocrx_word' id='word_1_138' title='bbox 2961 340 3260 411; x_wconf 86' lang='grc' dir='ltr'>διανίστησι</span> <span class='ocrx_word' id='word_1_139' title='bbox 3295 339 3514 410; x_wconf 79' lang='grc' dir='ltr'><strong>μέτρον,</strong></span> 
     </span>
    </p>
   </div>
   <div class='ocr_carea' id='block_1_21' title="bbox 1944 429 3519 504">
    <p class='ocr_par' dir='ltr' id='par_1_21' title="bbox 1944 429 3519 504">
     <span class='ocr_line' id='line_1_21' title="bbox 1944 429 3519 504; baseline -0.003 -17"><span class='ocrx_word' id='word_1_140' title='bbox 1944 433 2083 487; x_wconf 81' lang='grc' dir='ltr'>ὥστε</span> <span class='ocrx_word' id='word_1_141' title='bbox 2113 434 2172 486; x_wconf 68' lang='grc' dir='ltr'>τὸ</span> <span class='ocrx_word' id='word_1_142' title='bbox 2198 433 2406 504; x_wconf 86' lang='grc' dir='ltr'>θέλημα</span> <span class='ocrx_word' id='word_1_143' title='bbox 2448 432 2541 486; x_wconf 81' lang='grc' dir='ltr'>τοῦ</span> <span class='ocrx_word' id='word_1_144' title='bbox 2573 432 2806 502; x_wconf 78' lang='grc' dir='ltr'><strong>νυμφίου</strong></span> <span class='ocrx_word' id='word_1_145' title='bbox 2837 432 2931 485; x_wconf 70' lang='grc' dir='ltr'><strong>καὶ</strong></span> <span class='ocrx_word' id='word_1_146' title='bbox 2960 431 3047 484; x_wconf 79' lang='grc' dir='ltr'>ἐπ’</span> <span class='ocrx_word' id='word_1_147' title='bbox 3082 429 3263 483; x_wconf 69' lang='grc' dir='ltr'>αὑτῶν</span> <span class='ocrx_word' id='word_1_148' title='bbox 3291 429 3519 499; x_wconf 81' lang='grc' dir='ltr'>ἐνεργὸν</span> 
     </span>
    </p>
   </div>
   <div class='ocr_carea' id='block_1_22' title="bbox 1944 520 3518 595">
    <p class='ocr_par' dir='ltr' id='par_1_22' title="bbox 1944 520 3518 595">
     <span class='ocr_line' id='line_1_22' title="bbox 1944 520 3518 595; baseline -0.004 -17"><span class='ocrx_word' id='word_1_149' title='bbox 1944 525 2210 593; x_wconf 88' lang='grc' dir='ltr'>γίνεσθαι.</span> <span class='ocrx_word' id='word_1_150' title='bbox 2274 526 2497 595; x_wconf 70' lang='grc' dir='ltr'>Εἴρηται</span> <span class='ocrx_word' id='word_1_151' title='bbox 2553 526 2610 578; x_wconf 83' lang='grc' dir='ltr'>δὲ</span> <span class='ocrx_word' id='word_1_152' title='bbox 2673 527 2748 577; x_wconf 81' lang='grc' dir='ltr'><strong>ἐν’</strong></span> <span class='ocrx_word' id='word_1_153' title='bbox 2788 526 2899 586; x_wconf 83' lang='grc' dir='ltr'>τοῖς</span> <span class='ocrx_word' id='word_1_154' title='bbox 2946 523 3204 590; x_wconf 83' lang='grc' dir='ltr'>φθάσασι,</span> <span class='ocrx_word' id='word_1_155' title='bbox 3254 521 3338 583; x_wconf 86' lang='grc' dir='ltr'><strong>τίς</strong></span> <span class='ocrx_word' id='word_1_156' title='bbox 3382 538 3443 573; x_wconf 89' lang='grc' dir='ltr'>τε</span> <span class='ocrx_word' id='word_1_157' title='bbox 3487 520 3518 573; x_wconf 86' lang='grc' dir='ltr'><strong>ό</strong></span> 
     </span>
    </p>
   </div>
   <div class='ocr_carea' id='block_1_23' title="bbox 1944 608 3519 685">
    <p class='ocr_par' dir='ltr' id='par_1_23' title="bbox 1944 608 3519 685">
     <span class='ocr_line' id='line_1_23' title="bbox 1944 608 3519 685; baseline -0.003 -18"><span class='ocrx_word' id='word_1_158' title='bbox 1944 616 2151 684; x_wconf 89' lang='grc' dir='ltr'>κόσμος</span> <span class='ocrx_word' id='word_1_159' title='bbox 2195 616 2253 667; x_wconf 87' lang='grc' dir='ltr'><strong>ἐν</strong></span> <span class='ocrx_word' id='word_1_160' title='bbox 2360 616 2416 667; x_wconf 82' lang='lat' dir='ltr'><strong>ai</strong></span> <span class='ocrx_word' id='word_1_161' title='bbox 2453 615 2633 685; x_wconf 75' lang='grc' dir='ltr'>ἰσχύες</span> <span class='ocrx_word' id='word_1_162' title='bbox 2681 615 2774 667; x_wconf 78' lang='grc' dir='ltr'>καὶ</span> <span class='ocrx_word' id='word_1_163' title='bbox 2816 616 2870 667; x_wconf 77' lang='grc' dir='ltr'>αἱ</span> <span class='ocrx_word' id='word_1_164' title='bbox 2918 613 3194 683; x_wconf 84' lang='grc' dir='ltr'>δυνάμεις,</span> <span class='ocrx_word' id='word_1_165' title='bbox 3242 612 3337 665; x_wconf 68' lang='grc' dir='ltr'>καὶ</span> <span class='ocrx_word' id='word_1_166' title='bbox 3366 610 3419 663; x_wconf 91' lang='grc' dir='ltr'><strong>τί</strong></span> <span class='ocrx_word' id='word_1_167' title='bbox 3457 611 3519 662; x_wconf 81' lang='grc' dir='ltr'>τὸ</span> 
     </span>
    </p>
   </div>
   <div class='ocr_carea' id='block_1_24' title="bbox 1946 704 3519 777">
    <p class='ocr_par' dir='ltr' id='par_1_24' title="bbox 1946 704 3519 777">
     <span class='ocr_line' id='line_1_24' title="bbox 1946 704 3519 777; baseline -0.003 -17"><span class='ocrx_word' id='word_1_168' title='bbox 1946 706 2159 777; x_wconf 83' lang='grc' dir='ltr'>θέλημα</span> <span class='ocrx_word' id='word_1_169' title='bbox 2184 705 2278 759; x_wconf 82' lang='grc' dir='ltr'><strong>τοῦ</strong></span> <span class='ocrx_word' id='word_1_170' title='bbox 2312 704 2372 771; x_wconf 84' lang='grc' dir='ltr'>ἐξ</span> <span class='ocrx_word' id='word_1_171' title='bbox 2414 706 2540 776; x_wconf 83' lang='grc' dir='ltr'>ὅλης</span> <span class='ocrx_word' id='word_1_172' title='bbox 2587 707 2811 777; x_wconf 84' lang='grc' dir='ltr'><strong>καρδίας</strong></span> <span class='ocrx_word' id='word_1_173' title='bbox 2857 723 2915 758; x_wconf 82' lang='grc' dir='ltr'><strong>τε</strong></span> <span class='ocrx_word' id='word_1_174' title='bbox 2954 706 3047 758; x_wconf 77' lang='grc' dir='ltr'><strong>καὶ</strong></span> <span class='ocrx_word' id='word_1_175' title='bbox 3079 705 3256 774; x_wconf 70' lang='grc' dir='ltr'>ψυχῆς</span> <span class='ocrx_word' id='word_1_176' title='bbox 3292 705 3519 771; x_wconf 73' lang='grc' dir='ltr'>ἀγαπω-</span> 
     </span>
    </p>
   </div>
   <div class='ocr_carea' id='block_1_25' title="bbox 1949 794 3519 871">
    <p class='ocr_par' dir='ltr' id='par_1_25' title="bbox 1949 794 3519 871">
     <span class='ocr_line' id='line_1_25' title="bbox 1949 794 3519 871; baseline -0.004 -18"><span class='ocrx_word' id='word_1_177' title='bbox 1949 800 2135 871; x_wconf 80' lang='grc' dir='ltr'>μένου,</span> <span class='ocrx_word' id='word_1_178' title='bbox 2164 799 2239 862; x_wconf 85' lang='grc' dir='ltr'><strong>ὼς</strong></span> <span class='ocrx_word' id='word_1_179' title='bbox 2265 798 2339 871; x_wconf 81' lang='grc' dir='ltr'><strong>μὴ</strong></span> <span class='ocrx_word' id='word_1_180' title='bbox 2369 799 2558 870; x_wconf 79' lang='grc' dir='ltr'>χρείαν</span> <span class='ocrx_word' id='word_1_181' title='bbox 2586 794 2723 851; x_wconf 76' lang='grc' dir='ltr'>εἶναι</span> <span class='ocrx_word' id='word_1_182' title='bbox 2751 797 2911 851; x_wconf 85' lang='grc' dir='ltr'>πάλιν</span> <span class='ocrx_word' id='word_1_183' title='bbox 2935 797 3002 849; x_wconf 75' lang='grc' dir='ltr'>δι’</span> <span class='ocrx_word' id='word_1_184' title='bbox 3040 795 3217 849; x_wconf 84' lang='grc' dir='ltr'>αὐτῶν</span> <span class='ocrx_word' id='word_1_185' title='bbox 3245 795 3336 849; x_wconf 71' lang='grc' dir='ltr'>τὸν</span> <span class='ocrx_word' id='word_1_186' title='bbox 3362 794 3519 862; x_wconf 83' lang='grc' dir='ltr'>λόγον</span> 
     </span>
    </p>
   </div>
   <div class='ocr_carea' id='block_1_26' title="bbox 1948 886 3523 961">
    <p class='ocr_par' dir='ltr' id='par_1_26' title="bbox 1948 886 3523 961">
     <span class='ocr_line' id='line_1_26' title="bbox 1948 886 3523 961; baseline -0.007 -16"><span class='ocrx_word' id='word_1_187' title='bbox 1948 890 2301 961; x_wconf 84' lang='grc' dir='ltr'>μηκύνεσθαι,</span> <span class='ocrx_word' id='word_1_188' title='bbox 2332 889 2431 959; x_wconf 81' lang='grc' dir='ltr'><strong>τῆς</strong></span> <span class='ocrx_word' id='word_1_189' title='bbox 2474 887 2947 960; x_wconf 86' lang='grc' dir='ltr'>προθεωρηθείσης</span> <span class='ocrx_word' id='word_1_190' title='bbox 2993 889 3124 958; x_wconf 81' lang='grc' dir='ltr'>ἡμῖν</span> <span class='ocrx_word' id='word_1_191' title='bbox 3160 886 3220 939; x_wconf 88' lang='grc' dir='ltr'>ἐν</span> <span class='ocrx_word' id='word_1_192' title='bbox 3264 889 3378 948; x_wconf 82' lang='grc' dir='ltr'>τοῖς</span> <span class='ocrx_word' id='word_1_193' title='bbox 3423 886 3523 957; x_wconf 61' lang='lat' dir='ltr'><strong>pir-</strong></span> 
     </span>
    </p>
   </div>
   <div class='ocr_carea' id='block_1_27' title="bbox 1950 975 3521 1051">
    <p class='ocr_par' dir='ltr' id='par_1_27' title="bbox 1950 975 3521 1051">
     <span class='ocr_line' id='line_1_27' title="bbox 1950 975 3521 1051; baseline -0.004 -17"><span class='ocrx_word' id='word_1_194' title='bbox 1950 999 2080 1051; x_wconf 83' lang='grc' dir='ltr'>μασι</span> <span class='ocrx_word' id='word_1_195' title='bbox 2101 980 2358 1044; x_wconf 82' lang='grc' dir='ltr'>διανοίας,</span> <span class='ocrx_word' id='word_1_196' title='bbox 2378 982 2440 1033; x_wconf 86' lang='grc' dir='ltr'>τὸ</span> <span class='ocrx_word' id='word_1_197' title='bbox 2463 982 2520 1033; x_wconf 89' lang='grc' dir='ltr'>ἐν</span> <span class='ocrx_word' id='word_1_198' title='bbox 2543 979 2620 1051; x_wconf 83' lang='grc' dir='ltr'>τῷ</span> <span class='ocrx_word' id='word_1_199' title='bbox 2640 980 2788 1049; x_wconf 82' lang='grc' dir='ltr'>τόπῳ</span> <span class='ocrx_word' id='word_1_200' title='bbox 2816 978 2989 1050; x_wconf 86' lang='grc' dir='ltr'>τούτῳ</span> <span class='ocrx_word' id='word_1_201' title='bbox 3008 977 3294 1047; x_wconf 80' lang='grc' dir='ltr'>νοούμενον</span> <span class='ocrx_word' id='word_1_202' title='bbox 3319 975 3521 1037; x_wconf 76' lang='grc' dir='ltr'>ἱκανῶς</span> 
     </span>
    </p>
   </div>
   <div class='ocr_carea' id='block_1_28' title="bbox 1948 1067 3520 1143">
    <p class='ocr_par' dir='ltr' id='par_1_28' title="bbox 1948 1067 3520 1143">
     <span class='ocr_line' id='line_1_28' title="bbox 1948 1067 3520 1143; baseline -0.004 -18"><span class='ocrx_word' id='word_1_203' title='bbox 1948 1071 2305 1143; x_wconf 82' lang='grc' dir='ltr'>φανερούσης.</span> <span class='ocrx_word' id='word_1_204' title='bbox 2360 1070 2521 1124; x_wconf 86' lang='grc' dir='ltr'>’Δλλά</span> <span class='ocrx_word' id='word_1_205' title='bbox 2554 1070 2689 1141; x_wconf 81' lang='grc' dir='ltr'>πρὸς</span> <span class='ocrx_word' id='word_1_206' title='bbox 2712 1070 2772 1123; x_wconf 85' lang='grc' dir='ltr'>τὸ</span> <span class='ocrx_word' id='word_1_207' title='bbox 2802 1068 2996 1140; x_wconf 78' lang='grc' dir='ltr'>ἐφεξῆς</span> <span class='ocrx_word' id='word_1_208' title='bbox 3038 1067 3134 1121; x_wconf 79' lang='grc' dir='ltr'>τοῦ</span> <span class='ocrx_word' id='word_1_209' title='bbox 3179 1067 3337 1135; x_wconf 84' lang='grc' dir='ltr'>λόγου</span> <span class='ocrx_word' id='word_1_210' title='bbox 3382 1083 3520 1137; x_wconf 87' lang='grc' dir='ltr'>προ-</span> 
     </span>
    </p>
   </div>
   <div class='ocr_carea' id='block_1_29' title="bbox 1942 1157 3525 1234">
    <p class='ocr_par' dir='ltr' id='par_1_29' title="bbox 1942 1157 3525 1234">
     <span class='ocr_line' id='line_1_29' title="bbox 1942 1157 3525 1234; baseline -0.004 -19"><span class='ocrx_word' id='word_1_211' title='bbox 1942 1164 2138 1234; x_wconf 79' lang='grc' dir='ltr'>ΐωμεν,</span> <span class='ocrx_word' id='word_1_212' title='bbox 2172 1164 2331 1233; x_wconf 79' lang='grc' dir='ltr'>εἴπερ</span> <span class='ocrx_word' id='word_1_213' title='bbox 2369 1161 2580 1231; x_wconf 85' lang='grc' dir='ltr'>γένοιτο</span> <span class='ocrx_word' id='word_1_214' title='bbox 2617 1161 2838 1214; x_wconf 79' lang='grc' dir='ltr'>δυνατὸν</span> <span class='ocrx_word' id='word_1_215' title='bbox 2870 1161 2963 1213; x_wconf 71' lang='grc' dir='ltr'><strong>καὶ</strong></span> <span class='ocrx_word' id='word_1_216' title='bbox 2991 1161 3125 1230; x_wconf 80' lang='grc' dir='ltr'>ἡμῖν</span> <span class='ocrx_word' id='word_1_217' title='bbox 3154 1157 3525 1228; x_wconf 81' lang='grc' dir='ltr'>συναναϐἧναι</span> 
     </span>
    </p>
   </div>
   <div class='ocr_carea' id='block_1_30' title="bbox 1947 1248 3525 1326">
    <p class='ocr_par' dir='ltr' id='par_1_30' title="bbox 1947 1248 3525 1326">
     <span class='ocr_line' id='line_1_30' title="bbox 1947 1248 3525 1326; baseline -0.004 -18"><span class='ocrx_word' id='word_1_218' title='bbox 1947 1257 2010 1325; x_wconf 80' lang='grc' dir='ltr'><strong>τῇ</strong></span> <span class='ocrx_word' id='word_1_219' title='bbox 2041 1254 2221 1326; x_wconf 75' lang='grc' dir='ltr'>τελείᾳ</span> <span class='ocrx_word' id='word_1_220' title='bbox 2253 1255 2554 1324; x_wconf 76' lang='grc' dir='ltr'><strong>περιστερᾷ</strong></span> <span class='ocrx_word' id='word_1_221' title='bbox 2595 1252 2731 1324; x_wconf 83' lang='grc' dir='ltr'>πρὸς</span> <span class='ocrx_word' id='word_1_222' title='bbox 2762 1252 2823 1304; x_wconf 79' lang='grc' dir='ltr'>τὸ</span> <span class='ocrx_word' id='word_1_223' title='bbox 2870 1251 3003 1321; x_wconf 76' lang='grc' dir='ltr'>ὕψος</span> <span class='ocrx_word' id='word_1_224' title='bbox 3035 1250 3399 1321; x_wconf 81' lang='grc' dir='ltr'>ἀνιπταμένῃ.</span> <span class='ocrx_word' id='word_1_225' title='bbox 3430 1248 3525 1302; x_wconf 73' lang='grc' dir='ltr'><strong>καὶ</strong></span> 
     </span>
    </p>
   </div>
   <div class='ocr_carea' id='block_1_31' title="bbox 1948 1340 3528 1415">
    <p class='ocr_par' dir='ltr' id='par_1_31' title="bbox 1948 1340 3528 1415">
     <span class='ocr_line' id='line_1_31' title="bbox 1948 1340 3528 1415; baseline -0.004 -15"><span class='ocrx_word' id='word_1_226' title='bbox 1948 1344 2177 1400; x_wconf 81' lang='grc' dir='ltr'>ἀκοῦσαι</span> <span class='ocrx_word' id='word_1_227' title='bbox 2207 1345 2306 1415; x_wconf 82' lang='grc' dir='ltr'>τῆς</span> <span class='ocrx_word' id='word_1_228' title='bbox 2345 1344 2454 1398; x_wconf 86' lang='grc' dir='ltr'><strong>τῶν</strong></span> <span class='ocrx_word' id='word_1_229' title='bbox 2492 1344 2660 1413; x_wconf 86' lang='grc' dir='ltr'>φίλων</span> <span class='ocrx_word' id='word_1_230' title='bbox 2686 1342 2778 1396; x_wconf 81' lang='grc' dir='ltr'>τοῦ</span> <span class='ocrx_word' id='word_1_231' title='bbox 2809 1344 3041 1414; x_wconf 80' lang='grc' dir='ltr'>νυμφίου</span> <span class='ocrx_word' id='word_1_232' title='bbox 3069 1342 3272 1414; x_wconf 81' lang='grc' dir='ltr'><strong>φωνῆς,</strong></span> <span class='ocrx_word' id='word_1_233' title='bbox 3305 1342 3365 1394; x_wconf 84' lang='grc' dir='ltr'>ἐν</span> <span class='ocrx_word' id='word_1_234' title='bbox 3393 1340 3528 1394; x_wconf 81' lang='grc' dir='ltr'>θαύ-</span> 
     </span>
    </p>
   </div>
   <div class='ocr_carea' id='block_1_32' title="bbox 1952 1430 3527 1507">
    <p class='ocr_par' dir='ltr' id='par_1_32' title="bbox 1952 1430 3527 1507">
     <span class='ocr_line' id='line_1_32' title="bbox 1952 1430 3527 1507; baseline -0.004 -18"><span class='ocrx_word' id='word_1_235' title='bbox 1952 1452 2080 1507; x_wconf 90' lang='grc' dir='ltr'>ματι</span> <span class='ocrx_word' id='word_1_236' title='bbox 2119 1436 2458 1506; x_wconf 79' lang='grc' dir='ltr'>ποιουμένων</span> <span class='ocrx_word' id='word_1_237' title='bbox 2502 1435 2601 1505; x_wconf 82' lang='grc' dir='ltr'>τὴν</span> <span class='ocrx_word' id='word_1_238' title='bbox 2635 1433 2899 1488; x_wconf 81' lang='grc' dir='ltr'>ἀνάϐασιν</span> <span class='ocrx_word' id='word_1_239' title='bbox 2949 1433 3119 1503; x_wconf 76' lang='grc' dir='ltr'>αὐτῆς</span> <span class='ocrx_word' id='word_1_240' title='bbox 3165 1431 3266 1502; x_wconf 81' lang='grc' dir='ltr'><strong>τὴν</strong></span> <span class='ocrx_word' id='word_1_241' title='bbox 3315 1432 3380 1484; x_wconf 87' lang='grc' dir='ltr'><strong>ἐκ</strong></span> <span class='ocrx_word' id='word_1_242' title='bbox 3426 1430 3527 1500; x_wconf 81' lang='grc' dir='ltr'>τῆς</span> 
     </span>
    </p>
   </div>
   <div class='ocr_carea' id='block_1_33' title="bbox 1950 1519 3528 1599">
    <p class='ocr_par' dir='ltr' id='par_1_33' title="bbox 1950 1519 3528 1599">
     <span class='ocr_line' id='line_1_33' title="bbox 1950 1519 3528 1599; baseline -0.006 -19"><span class='ocrx_word' id='word_1_243' title='bbox 1950 1529 2180 1599; x_wconf 86' lang='grc' dir='ltr'>ἐρήμου,</span> <span class='ocrx_word' id='word_1_244' title='bbox 2209 1527 2237 1580; x_wconf 81' lang='grc' dir='ltr'><strong>ὃ</strong></span> <span class='ocrx_word' id='word_1_245' title='bbox 2265 1525 2327 1597; x_wconf 88' lang='grc' dir='ltr'>δὴ</span> <span class='ocrx_word' id='word_1_246' title='bbox 2361 1527 2454 1579; x_wconf 81' lang='grc' dir='ltr'><strong>καὶ</strong></span> <span class='ocrx_word' id='word_1_247' title='bbox 2485 1524 2684 1595; x_wconf 81' lang='grc' dir='ltr'>μᾶλλον</span> <span class='ocrx_word' id='word_1_248' title='bbox 2716 1522 2995 1588; x_wconf 76' lang='grc' dir='ltr'><strong>πλεονάζει</strong></span> <span class='ocrx_word' id='word_1_249' title='bbox 3037 1525 3149 1585; x_wconf 87' lang='grc' dir='ltr'>τοῖς</span> <span class='ocrx_word' id='word_1_250' title='bbox 3179 1522 3394 1583; x_wconf 79' lang='grc' dir='ltr'>θεαταῖς</span> <span class='ocrx_word' id='word_1_251' title='bbox 3428 1519 3528 1589; x_wconf 78' lang='grc' dir='ltr'><strong>τὴν</strong></span> 
     </span>
    </p>
   </div>
   <div class='ocr_carea' id='block_1_34' title="bbox 279 1587 1852 1691">
    <p class='ocr_par' dir='ltr' id='par_1_34' title="bbox 279 1613 1850 1690">
     <span class='ocr_line' id='line_1_34' title="bbox 279 1613 1850 1690; baseline 0.006 -23"><span class='ocrx_word' id='word_1_252' title='bbox 279 1613 424 1669; x_wconf 88' lang='lat' dir='ltr'><strong>thus.</strong></span> <span class='ocrx_word' id='word_1_253' title='bbox 452 1613 718 1669; x_wconf 75' lang='lat' dir='ltr'><strong>Caeterum</strong></span> <span class='ocrx_word' id='word_1_254' title='bbox 761 1631 868 1670; x_wconf 92' lang='lat' dir='ltr'><strong>una</strong></span> <span class='ocrx_word' id='word_1_255' title='bbox 900 1632 1019 1670; x_wconf 92' lang='lat' dir='ltr'><strong>cum</strong></span> <span class='ocrx_word' id='word_1_256' title='bbox 1054 1633 1255 1688; x_wconf 78' lang='lat' dir='ltr'><strong>vapore</strong></span> <span class='ocrx_word' id='word_1_257' title='bbox 1286 1634 1352 1673; x_wconf 79' lang='lat' dir='ltr'><strong>ex</strong></span> <span class='ocrx_word' id='word_1_258' title='bbox 1409 1619 1493 1673; x_wconf 91' lang='lat' dir='ltr'><strong>his</strong></span> <span class='ocrx_word' id='word_1_259' title='bbox 1548 1623 1850 1690; x_wconf 80' lang='lat' dir='ltr'><strong>prodeunte</strong></span> 
     </span>
    </p>
   </div>
   <div class='ocr_carea' id='block_1_35' title="bbox 2030 1587 3532 1691">
    <p class='ocr_par' dir='ltr' id='par_1_35' title="bbox 2030 1587 3532 1691">
     <span class='ocr_line' id='line_1_35' title="bbox 2030 1587 3532 1691; baseline -0.007 -18"><span class='ocrx_word' id='word_1_260' title='bbox 2030 1587 2232 1691; x_wconf 67' lang='grc' dir='ltr'>πληξιν,</span> <span class='ocrx_word' id='word_1_261' title='bbox 2267 1587 2327 1671; x_wconf 46' lang='grc' dir='ltr'><strong>εί.</strong></span> <span class='ocrx_word' id='word_1_262' title='bbox 2361 1587 2616 1685; x_wconf 62' lang='grc' dir='ltr'>τοιαίῦτην</span> <span class='ocrx_word' id='word_1_263' title='bbox 2648 1618 2680 1687; x_wconf 83' lang='grc' dir='ltr'><strong>ἡ</strong></span> <span class='ocrx_word' id='word_1_264' title='bbox 2713 1612 3283 1686; x_wconf 78' lang='grc' dir='ltr'>ἐρημοςάναδίδωσιν,</span> <span class='ocrx_word' id='word_1_265' title='bbox 3332 1612 3411 1674; x_wconf 84' lang='grc' dir='ltr'><strong>ὡς</strong></span> <span class='ocrx_word' id='word_1_266' title='bbox 3441 1587 3532 1680; x_wconf 84' lang='grc' dir='ltr'><strong>μι-</strong></span> 
     </span>
    </p>
   </div>
   <div class='ocr_carea' id='block_1_36' title="bbox 280 1702 1850 1772">
    <p class='ocr_par' dir='ltr' id='par_1_36' title="bbox 280 1702 1850 1772">
     <span class='ocr_line' id='line_1_36' title="bbox 280 1702 1850 1772; baseline 0.006 -17"><span class='ocrx_word' id='word_1_267' title='bbox 280 1702 458 1771; x_wconf 86' lang='lat' dir='ltr'><strong>pulvis</strong></span> <span class='ocrx_word' id='word_1_268' title='bbox 483 1703 756 1772; x_wconf 87' lang='lat' dir='ltr'><strong>quispiam</strong></span> <span class='ocrx_word' id='word_1_269' title='bbox 796 1706 1139 1759; x_wconf 81' lang='lat' dir='ltr'><strong>excitabatur</strong></span> <span class='ocrx_word' id='word_1_270' title='bbox 1168 1713 1224 1760; x_wconf 89' lang='lat' dir='ltr'><strong>et</strong></span> <span class='ocrx_word' id='word_1_271' title='bbox 1269 1707 1599 1761; x_wconf 86' lang='lat' dir='ltr'><strong>ascendebat</strong></span> <span class='ocrx_word' id='word_1_272' title='bbox 1629 1725 1694 1763; x_wconf 82' lang='lat' dir='ltr'><strong>ex</strong></span> <span class='ocrx_word' id='word_1_273' title='bbox 1728 1726 1850 1763; x_wconf 88' lang='lat' dir='ltr'><strong>aro-</strong></span> 
     </span>
    </p>
   </div>
   <div class='ocr_carea' id='block_1_37' title="bbox 279 1792 1850 1866">
    <p class='ocr_par' dir='ltr' id='par_1_37' title="bbox 279 1792 1850 1866">
     <span class='ocr_line' id='line_1_37' title="bbox 279 1792 1850 1866; baseline 0.008 -21"><span class='ocrx_word' id='word_1_274' title='bbox 279 1792 518 1849; x_wconf 89' lang='lat' dir='ltr'><strong>tnatibus</strong></span> <span class='ocrx_word' id='word_1_275' title='bbox 556 1795 928 1847; x_wconf 88' lang='lat' dir='ltr'><strong>comminutis.</strong></span> <span class='ocrx_word' id='word_1_276' title='bbox 964 1794 1042 1848; x_wconf 89' lang='lat' dir='ltr'><strong>lta</strong></span> <span class='ocrx_word' id='word_1_277' title='bbox 1072 1805 1129 1851; x_wconf 88' lang='lat' dir='ltr'><strong>ut</strong></span> <span class='ocrx_word' id='word_1_278' title='bbox 1162 1796 1284 1849; x_wconf 87' lang='lat' dir='ltr'><strong>loco</strong></span> <span class='ocrx_word' id='word_1_279' title='bbox 1315 1798 1555 1866; x_wconf 85' lang='lat' dir='ltr'><strong>pulveris</strong></span> <span class='ocrx_word' id='word_1_280' title='bbox 1577 1815 1699 1853; x_wconf 76' lang='lat' dir='ltr'><strong>cum</strong></span> <span class='ocrx_word' id='word_1_281' title='bbox 1727 1817 1850 1858; x_wconf 87' lang='lat' dir='ltr'><strong>aere</strong></span> 
     </span>
    </p>
   </div>
   <div class='ocr_carea' id='block_1_38' title="bbox 279 1885 1843 1961">
    <p class='ocr_par' dir='ltr' id='par_1_38' title="bbox 279 1885 1843 1961">
     <span class='ocr_line' id='line_1_38' title="bbox 279 1885 1843 1961; baseline 0.006 -23"><span class='ocrx_word' id='word_1_282' title='bbox 279 1885 424 1939; x_wconf 89' lang='lat' dir='ltr'><strong>misti</strong></span> <span class='ocrx_word' id='word_1_283' title='bbox 484 1885 703 1939; x_wconf 88' lang='lat' dir='ltr'><strong>subtilis</strong></span> <span class='ocrx_word' id='word_1_284' title='bbox 751 1886 996 1955; x_wconf 65' lang='lat' dir='ltr'><strong>quaedam</strong></span> <span class='ocrx_word' id='word_1_285' title='bbox 1044 1896 1348 1942; x_wconf 89' lang='lat' dir='ltr'><strong>aromatum</strong></span> <span class='ocrx_word' id='word_1_286' title='bbox 1411 1901 1558 1945; x_wconf 81' lang='lat' dir='ltr'><strong>esset</strong></span> <span class='ocrx_word' id='word_1_287' title='bbox 1608 1893 1843 1961; x_wconf 78' lang='lat' dir='ltr'><strong>dill‘usiu,</strong></span> 
     </span>
    </p>
   </div>
   <div class='ocr_carea' id='block_1_39' title="bbox 278 1972 1675 2050">
    <p class='ocr_par' dir='ltr' id='par_1_39' title="bbox 278 1972 1675 2050">
     <span class='ocr_line' id='line_1_39' title="bbox 278 1972 1675 2050; baseline 0.006 -24"><span class='ocrx_word' id='word_1_288' title='bbox 278 1972 437 2041; x_wconf 84' lang='lat' dir='ltr'><strong>cujus</strong></span> <span class='ocrx_word' id='word_1_289' title='bbox 471 1976 519 2029; x_wconf 91' lang='lat' dir='ltr'><strong>vi</strong></span> <span class='ocrx_word' id='word_1_290' title='bbox 555 1984 737 2031; x_wconf 91' lang='lat' dir='ltr'><strong>rectus</strong></span> <span class='ocrx_word' id='word_1_291' title='bbox 759 1983 813 2031; x_wconf 87' lang='lat' dir='ltr'><strong>et</strong></span> <span class='ocrx_word' id='word_1_292' title='bbox 843 1977 1095 2031; x_wconf 90' lang='lat' dir='ltr'><strong>sublimis</strong></span> <span class='ocrx_word' id='word_1_293' title='bbox 1124 1978 1301 2046; x_wconf 87' lang='lat' dir='ltr'><strong>pulvis</strong></span> <span class='ocrx_word' id='word_1_294' title='bbox 1336 1982 1675 2050; x_wconf 89' lang='lat' dir='ltr'><strong>erumpebat.</strong></span> 
     </span>
    </p>
   </div>
   <div class='ocr_carea' id='block_1_40' title="bbox 1957 1699 3531 1783">
    <p class='ocr_par' dir='ltr' id='par_1_40' title="bbox 1957 1699 3531 1783">
     <span class='ocr_line' id='line_1_40' title="bbox 1957 1699 3531 1783; baseline -0.008 -19"><span class='ocrx_word' id='word_1_295' title='bbox 1957 1710 2174 1783; x_wconf 81' lang='grc' dir='ltr'>μεῖσθαι</span> <span class='ocrx_word' id='word_1_296' title='bbox 2217 1708 2468 1779; x_wconf 89' lang='grc' dir='ltr'>δένδρων</span> <span class='ocrx_word' id='word_1_297' title='bbox 2493 1707 2705 1769; x_wconf 86' lang='grc' dir='ltr'>κάλλος,</span> <span class='ocrx_word' id='word_1_298' title='bbox 2745 1705 2854 1757; x_wconf 89' lang='grc' dir='ltr'><strong>τῶν</strong></span> <span class='ocrx_word' id='word_1_299' title='bbox 2885 1707 2944 1757; x_wconf 82' lang='grc' dir='ltr'><strong>ἐν</strong></span> <span class='ocrx_word' id='word_1_300' title='bbox 2975 1706 3040 1774; x_wconf 77' lang='grc' dir='ltr'><strong>τῇ</strong></span> <span class='ocrx_word' id='word_1_301' title='bbox 3074 1704 3266 1774; x_wconf 80' lang='grc' dir='ltr'>ἐρήμῳ</span> <span class='ocrx_word' id='word_1_302' title='bbox 3292 1701 3381 1753; x_wconf 75' lang='grc' dir='ltr'><strong>διὰ</strong></span> <span class='ocrx_word' id='word_1_303' title='bbox 3420 1699 3531 1752; x_wconf 85' lang='grc' dir='ltr'><strong>τῶν</strong></span> 
     </span>
    </p>
   </div>
   <div class='ocr_carea' id='block_1_41' title="bbox 1954 1790 3532 1872">
    <p class='ocr_par' dir='ltr' id='par_1_41' title="bbox 1954 1790 3532 1872">
     <span class='ocr_line' id='line_1_41' title="bbox 1954 1790 3532 1872; baseline -0.009 -16"><span class='ocrx_word' id='word_1_304' title='bbox 1954 1801 2141 1872; x_wconf 83' lang='grc' dir='ltr'>ἀτμῶν</span> <span class='ocrx_word' id='word_1_305' title='bbox 2168 1799 2262 1852; x_wconf 80' lang='grc' dir='ltr'>τοῦ</span> <span class='ocrx_word' id='word_1_306' title='bbox 2295 1799 2634 1868; x_wconf 82' lang='grc' dir='ltr'><strong>θυμιάματος</strong></span> <span class='ocrx_word' id='word_1_307' title='bbox 2662 1794 3109 1866; x_wconf 84' lang='grc' dir='ltr'>γεωργουμένων.</span> <span class='ocrx_word' id='word_1_308' title='bbox 3141 1792 3222 1844; x_wconf 82' lang='grc' dir='ltr'>Τἀ</span> <span class='ocrx_word' id='word_1_309' title='bbox 3246 1791 3302 1843; x_wconf 85' lang='grc' dir='ltr'><strong>δέ</strong></span> <span class='ocrx_word' id='word_1_310' title='bbox 3333 1790 3532 1859; x_wconf 65' lang='grc' dir='ltr'>θυμιάη</span> 
     </span>
    </p>
   </div>
   <div class='ocr_carea' id='block_1_42' title="bbox 1958 1880 3535 1965">
    <p class='ocr_par' dir='ltr' id='par_1_42' title="bbox 1958 1880 3535 1965">
     <span class='ocr_line' id='line_1_42' title="bbox 1958 1880 3535 1965; baseline -0.01 -19"><span class='ocrx_word' id='word_1_311' title='bbox 1958 1911 2101 1965; x_wconf 86' lang='grc' dir='ltr'>ματα</span> <span class='ocrx_word' id='word_1_312' title='bbox 2133 1890 2344 1961; x_wconf 81' lang='grc' dir='ltr'>σμύρνα</span> <span class='ocrx_word' id='word_1_313' title='bbox 2387 1889 2482 1942; x_wconf 78' lang='grc' dir='ltr'><strong>καὶ</strong></span> <span class='ocrx_word' id='word_1_314' title='bbox 2529 1887 2743 1950; x_wconf 77' lang='grc' dir='ltr'>λίϐανος</span> <span class='ocrx_word' id='word_1_315' title='bbox 2774 1882 2842 1956; x_wconf 75' lang='grc' dir='ltr'><strong>ἦν</strong></span> <span class='ocrx_word' id='word_1_316' title='bbox 2872 1903 2887 1916; x_wconf 66' lang='grc' dir='ltr'>θ</span> <span class='ocrx_word' id='word_1_317' title='bbox 2940 1884 3020 1954; x_wconf 83' lang='grc' dir='ltr'><strong>τῷ</strong></span> <span class='ocrx_word' id='word_1_318' title='bbox 3066 1883 3125 1936; x_wconf 83' lang='grc' dir='ltr'><strong>δέ</strong></span> <span class='ocrx_word' id='word_1_319' title='bbox 3173 1881 3281 1936; x_wconf 75' lang='grc' dir='ltr'><strong>ἀπὸ</strong></span> <span class='ocrx_word' id='word_1_320' title='bbox 3326 1880 3535 1933; x_wconf 80' lang='grc' dir='ltr'>τούτων</span> 
     </span>
    </p>
   </div>
   <div class='ocr_carea' id='block_1_43' title="bbox 1954 1974 3534 2055">
    <p class='ocr_par' dir='ltr' id='par_1_43' title="bbox 1954 1974 3534 2055">
     <span class='ocr_line' id='line_1_43' title="bbox 1954 1974 3534 2055; baseline -0.01 -16"><span class='ocrx_word' id='word_1_321' title='bbox 1954 1984 2112 2055; x_wconf 82' lang='grc' dir='ltr'>ἀτμῷ</span> <span class='ocrx_word' id='word_1_322' title='bbox 2155 1983 2247 2036; x_wconf 57' lang='grc' dir='ltr'><strong>καὶ⁹</strong></span> <span class='ocrx_word' id='word_1_323' title='bbox 2304 1981 2577 2051; x_wconf 75' lang='grc' dir='ltr'>κονιορτός</span> <span class='ocrx_word' id='word_1_324' title='bbox 2626 1995 2710 2040; x_wconf 86' lang='grc' dir='ltr'><strong>τις</strong></span> <span class='ocrx_word' id='word_1_325' title='bbox 2758 1978 2846 2031; x_wconf 86' lang='grc' dir='ltr'>διά</span> <span class='ocrx_word' id='word_1_326' title='bbox 2891 1977 2999 2031; x_wconf 89' lang='grc' dir='ltr'><strong>τῶν</strong></span> <span class='ocrx_word' id='word_1_327' title='bbox 3030 1974 3534 2044; x_wconf 84' lang='grc' dir='ltr'>λεπτοποιηθέντων</span> 
     </span>
    </p>
   </div>
   <div class='ocr_carea' id='block_1_44' title="bbox 278 2063 3535 2147">
    <p class='ocr_par' dir='ltr' id='par_1_44' title="bbox 278 2063 3535 2147">
     <span class='ocr_line' id='line_1_44' title="bbox 278 2063 3535 2147; baseline -0.002 -26"><span class='ocrx_word' id='word_1_328' title='bbox 278 2065 585 2136; x_wconf 79' lang='grc' dir='ltr'>ἀρωμάτων</span> <span class='ocrx_word' id='word_1_329' title='bbox 610 2067 959 2138; x_wconf 84' lang='grc' dir='ltr'>συνηγείρετό</span> <span class='ocrx_word' id='word_1_330' title='bbox 984 2084 1041 2121; x_wconf 90' lang='grc' dir='ltr'><strong>τε</strong></span> <span class='ocrx_word' id='word_1_331' title='bbox 1067 2068 1160 2121; x_wconf 75' lang='grc' dir='ltr'>καὶ</span> <span class='ocrx_word' id='word_1_332' title='bbox 1188 2069 1565 2147; x_wconf 70' lang='grc' dir='ltr'>ωνανέὸαινεν</span> <span class='ocrx_word' id='word_1_333' title='bbox 1590 2090 1603 2103; x_wconf 90' lang='grc'><strong>·</strong></span> <span class='ocrx_word' id='word_1_334' title='bbox 1637 2073 1710 2136; x_wconf 86' lang='grc' dir='ltr'><strong>ὼς</strong></span> <span class='ocrx_word' id='word_1_335' title='bbox 1732 2075 1850 2128; x_wconf 79' lang='grc' dir='ltr'>ἀντὶ</span> <span class='ocrx_word' id='word_1_336' title='bbox 1889 2076 2092 2138; x_wconf 84' lang='grc' dir='ltr'>κόνεως</span> <span class='ocrx_word' id='word_1_337' title='bbox 2117 2071 2254 2127; x_wconf 86' lang='grc' dir='ltr'>εἶναι</span> <span class='ocrx_word' id='word_1_338' title='bbox 2280 2074 2377 2142; x_wconf 82' lang='grc' dir='ltr'>τῆς</span> <span class='ocrx_word' id='word_1_339' title='bbox 2402 2068 2855 2140; x_wconf 74' lang='grc' dir='ltr'><strong>ἀνακεκραμένης</strong></span> <span class='ocrx_word' id='word_1_340' title='bbox 2911 2068 3046 2138; x_wconf 84' lang='grc' dir='ltr'>πρὸς</span> <span class='ocrx_word' id='word_1_341' title='bbox 3107 2065 3198 2120; x_wconf 79' lang='grc' dir='ltr'>τὸν</span> <span class='ocrx_word' id='word_1_342' title='bbox 3230 2065 3389 2134; x_wconf 87' lang='grc' dir='ltr'>ἀέρα,</span> <span class='ocrx_word' id='word_1_343' title='bbox 3437 2063 3535 2133; x_wconf 74' lang='grc' dir='ltr'><strong>τὴν</strong></span> 
     </span>
    </p>
   </div>
   <div class='ocr_carea' id='block_1_45' title="bbox 278 2155 2701 2237">
    <p class='ocr_par' dir='ltr' id='par_1_45' title="bbox 278 2155 2701 2237">
     <span class='ocr_line' id='line_1_45' title="bbox 278 2155 2701 2237; baseline 0.002 -29"><span class='ocrx_word' id='word_1_344' title='bbox 278 2156 584 2227; x_wconf 82' lang='grc' dir='ltr'>λεπτομερῆ</span> <span class='ocrx_word' id='word_1_345' title='bbox 620 2155 725 2210; x_wconf 90' lang='grc' dir='ltr'><strong>τῶν</strong></span> <span class='ocrx_word' id='word_1_346' title='bbox 752 2157 1057 2227; x_wconf 82' lang='grc' dir='ltr'>ἀρωμάτων</span> <span class='ocrx_word' id='word_1_347' title='bbox 1088 2158 1355 2227; x_wconf 88' lang='grc' dir='ltr'>διάχυσιν,</span> <span class='ocrx_word' id='word_1_348' title='bbox 1400 2160 1469 2212; x_wconf 83' lang='grc' dir='ltr'><strong>δι’</strong></span> <span class='ocrx_word' id='word_1_349' title='bbox 1500 2156 1567 2232; x_wconf 79' lang='grc' dir='ltr'><strong>ἦς</strong></span> <span class='ocrx_word' id='word_1_350' title='bbox 1609 2162 1788 2233; x_wconf 77' lang='grc' dir='ltr'>ὄρθιος</span> <span class='ocrx_word' id='word_1_351' title='bbox 1820 2163 1848 2214; x_wconf 84' lang='grc' dir='ltr'><strong>ὀ</strong></span> <span class='ocrx_word' id='word_1_352' title='bbox 1887 2165 2161 2237; x_wconf 78' lang='grc' dir='ltr'>κονιορτὸς</span> <span class='ocrx_word' id='word_1_353' title='bbox 2191 2161 2258 2235; x_wconf 82' lang='grc' dir='ltr'><strong>ἧν</strong></span> <span class='ocrx_word' id='word_1_354' title='bbox 2286 2164 2378 2216; x_wconf 77' lang='grc' dir='ltr'>καὶ</span> <span class='ocrx_word' id='word_1_355' title='bbox 2412 2162 2701 2232; x_wconf 87' lang='grc' dir='ltr'>μετέωρος.</span> 
     </span>
    </p>
   </div>
   <div class='ocr_carea' id='block_1_46' title="bbox 352 2248 1852 2322">
    <p class='ocr_par' dir='ltr' id='par_1_46' title="bbox 352 2248 1852 2322">
     <span class='ocr_line' id='line_1_46' title="bbox 352 2248 1852 2322; baseline 0.004 -19"><span class='ocrx_word' id='word_1_356' title='bbox 352 2248 521 2303; x_wconf 91' lang='lat' dir='ltr'><strong>Porro</strong></span> <span class='ocrx_word' id='word_1_357' title='bbox 551 2257 733 2304; x_wconf 74' lang='lat' dir='ltr'><strong>textus</strong></span> <span class='ocrx_word' id='word_1_358' title='bbox 766 2250 847 2304; x_wconf 89' lang='lat' dir='ltr'><strong>sic</strong></span> <span class='ocrx_word' id='word_1_359' title='bbox 873 2249 1033 2303; x_wconf 87' lang='lat' dir='ltr'><strong>habet</strong></span> <span class='ocrx_word' id='word_1_360' title='bbox 1055 2268 1068 2303; x_wconf 88' lang='lat'><strong>:</strong></span> <span class='ocrx_word' id='word_1_361' title='bbox 1090 2249 1221 2316; x_wconf 70' lang='lat' dir='ltr'><strong>Quae</strong></span> <span class='ocrx_word' id='word_1_362' title='bbox 1239 2262 1316 2305; x_wconf 84' lang='lat' dir='ltr'><strong>est</strong></span> <span class='ocrx_word' id='word_1_363' title='bbox 1339 2252 1445 2306; x_wconf 83' lang='lat' dir='ltr'><strong>ista</strong></span> <span class='ocrx_word' id='word_1_364' title='bbox 1470 2268 1586 2322; x_wconf 77' lang='lat' dir='ltr'><strong>qua:</strong></span> <span class='ocrx_word' id='word_1_365' title='bbox 1615 2256 1852 2309; x_wconf 69' lang='lat' dir='ltr'><strong>ascendit</strong></span> 
     </span>
    </p>
   </div>
   <div class='ocr_carea' id='block_1_47' title="bbox 280 2340 1853 2414">
    <p class='ocr_par' dir='ltr' id='par_1_47' title="bbox 280 2340 1853 2414">
     <span class='ocr_line' id='line_1_47' title="bbox 280 2340 1853 2414; baseline 0.004 -21"><span class='ocrx_word' id='word_1_366' title='bbox 280 2340 345 2396; x_wconf 81' lang='lat' dir='ltr'><strong>de</strong></span> <span class='ocrx_word' id='word_1_367' title='bbox 362 2340 567 2395; x_wconf 81' lang='lat' dir='ltr'><strong>deserto</strong></span> <span class='ocrx_word' id='word_1_368' title='bbox 582 2341 717 2394; x_wconf 84' lang='lat' dir='ltr'><strong>sicut</strong></span> <span class='ocrx_word' id='word_1_369' title='bbox 749 2341 922 2394; x_wconf 81' lang='lat' dir='ltr'><strong>trunci</strong></span> <span class='ocrx_word' id='word_1_370' title='bbox 936 2341 1091 2410; x_wconf 77' lang='lat' dir='ltr'><strong>fumi,</strong></span> <span class='ocrx_word' id='word_1_371' title='bbox 1106 2344 1318 2397; x_wconf 82' lang='lat' dir='ltr'><strong>incensa</strong></span> <span class='ocrx_word' id='word_1_372' title='bbox 1346 2344 1561 2414; x_wconf 84' lang='lat' dir='ltr'><strong>myrrha</strong></span> <span class='ocrx_word' id='word_1_373' title='bbox 1578 2355 1627 2397; x_wconf 85' lang='lat' dir='ltr'><strong>et</strong></span> <span class='ocrx_word' id='word_1_374' title='bbox 1649 2346 1763 2401; x_wconf 76' lang='lat' dir='ltr'><strong>titus</strong></span> <span class='ocrx_word' id='word_1_375' title='bbox 1788 2346 1853 2400; x_wconf 86' lang='lat' dir='ltr'><strong>ab</strong></span> 
     </span>
    </p>
   </div>
   <div class='ocr_carea' id='block_1_48' title="bbox 284 2429 1854 2505">
    <p class='ocr_par' dir='ltr' id='par_1_48' title="bbox 284 2429 1854 2505">
     <span class='ocr_line' id='line_1_48' title="bbox 284 2429 1854 2505; baseline 0.003 -19"><span class='ocrx_word' id='word_1_376' title='bbox 284 2429 523 2505; x_wconf 70' lang='lat' dir='ltr'><strong>omnibus</strong></span> <span class='ocrx_word' id='word_1_377' title='bbox 552 2430 853 2498; x_wconf 68' lang='lat' dir='ltr'><strong>palearibus</strong></span> <span class='ocrx_word' id='word_1_378' title='bbox 886 2431 1335 2501; x_wconf 84' lang='lat' dir='ltr'><strong>unguentarii?Si</strong></span> <span class='ocrx_word' id='word_1_379' title='bbox 1366 2435 1491 2503; x_wconf 85' lang='lat' dir='ltr'><strong>quis</strong></span> <span class='ocrx_word' id='word_1_380' title='bbox 1518 2436 1760 2489; x_wconf 88' lang='lat' dir='ltr'><strong>animum</strong></span> <span class='ocrx_word' id='word_1_381' title='bbox 1788 2437 1854 2490; x_wconf 83' lang='lat' dir='ltr'><strong>ad</strong></span> 
     </span>
    </p>
   </div>
   <div class='ocr_carea' id='block_1_49' title="bbox 281 2519 1854 2591">
    <p class='ocr_par' dir='ltr' id='par_1_49' title="bbox 281 2519 1854 2591">
     <span class='ocr_line' id='line_1_49' title="bbox 281 2519 1854 2591; baseline 0.002 -17"><span class='ocrx_word' id='word_1_382' title='bbox 281 2533 345 2574; x_wconf 86' lang='lat' dir='ltr'><strong>ea</strong></span> <span class='ocrx_word' id='word_1_383' title='bbox 376 2534 497 2591; x_wconf 71' lang='lat' dir='ltr'><strong>qua:</strong></span> <span class='ocrx_word' id='word_1_384' title='bbox 538 2519 684 2574; x_wconf 86' lang='lat' dir='ltr'><strong>dicta</strong></span> <span class='ocrx_word' id='word_1_385' title='bbox 739 2526 869 2573; x_wconf 91' lang='lat' dir='ltr'><strong>sunt</strong></span> <span class='ocrx_word' id='word_1_386' title='bbox 903 2519 1192 2590; x_wconf 80' lang='lat' dir='ltr'><strong>diligenter</strong></span> <span class='ocrx_word' id='word_1_387' title='bbox 1245 2522 1511 2586; x_wconf 84' lang='lat' dir='ltr'><strong>attendat,</strong></span> <span class='ocrx_word' id='word_1_388' title='bbox 1573 2525 1854 2578; x_wconf 75' lang='lat' dir='ltr'><strong>veritatem</strong></span> 
     </span>
    </p>
   </div>
   <div class='ocr_carea' id='block_1_50' title="bbox 283 2606 1859 2678">
    <p class='ocr_par' dir='ltr' id='par_1_50' title="bbox 283 2606 1859 2678">
     <span class='ocr_line' id='line_1_50' title="bbox 283 2606 1859 2678; baseline 0.002 -17"><span class='ocrx_word' id='word_1_389' title='bbox 283 2606 580 2675; x_wconf 81' lang='lat' dir='ltr'><strong>dogmatis,</strong></span> <span class='ocrx_word' id='word_1_390' title='bbox 616 2608 762 2678; x_wconf 87' lang='lat' dir='ltr'><strong>quod</strong></span> <span class='ocrx_word' id='word_1_391' title='bbox 805 2623 833 2660; x_wconf 76' lang='grc' dir='ltr'>ιι</span> <span class='ocrx_word' id='word_1_392' title='bbox 865 2607 1025 2662; x_wconf 89' lang='lat' dir='ltr'><strong>nobis</strong></span> <span class='ocrx_word' id='word_1_393' title='bbox 1066 2608 1219 2676; x_wconf 88' lang='lat' dir='ltr'><strong>prius</strong></span> <span class='ocrx_word' id='word_1_394' title='bbox 1251 2609 1585 2664; x_wconf 76' lang='lat' dir='ltr'><strong>intelleetnm</strong></span> <span class='ocrx_word' id='word_1_395' title='bbox 1631 2619 1736 2674; x_wconf 87' lang='lat' dir='ltr'><strong>est,</strong></span> <span class='ocrx_word' id='word_1_396' title='bbox 1773 2612 1859 2665; x_wconf 90' lang='lat' dir='ltr'><strong>in-</strong></span> 
     </span>
    </p>
   </div>
   <div class='ocr_carea' id='block_1_51' title="bbox 285 2696 1852 2771">
    <p class='ocr_par' dir='ltr' id='par_1_51' title="bbox 285 2696 1852 2771">
     <span class='ocr_line' id='line_1_51' title="bbox 285 2696 1852 2771; baseline 0.003 -18"><span class='ocrx_word' id='word_1_397' title='bbox 285 2700 484 2753; x_wconf 84' lang='lat' dir='ltr'><strong>veniet.</strong></span> <span class='ocrx_word' id='word_1_398' title='bbox 514 2696 651 2753; x_wconf 87' lang='lat' dir='ltr'><strong>Nam</strong></span> <span class='ocrx_word' id='word_1_399' title='bbox 682 2698 1140 2768; x_wconf 86' lang='lat' dir='ltr'><strong>quemadmodum</strong></span> <span class='ocrx_word' id='word_1_400' title='bbox 1173 2701 1228 2752; x_wconf 90' lang='lat' dir='ltr'><strong>in</strong></span> <span class='ocrx_word' id='word_1_401' title='bbox 1255 2700 1591 2755; x_wconf 88' lang='lat' dir='ltr'><strong>theatrorum</strong></span> <span class='ocrx_word' id='word_1_402' title='bbox 1621 2703 1852 2771; x_wconf 84' lang='lat' dir='ltr'><strong>pompis,</strong></span> 
     </span>
    </p>
   </div>
   <div class='ocr_carea' id='block_1_52' title="bbox 288 2786 1855 2859">
    <p class='ocr_par' dir='ltr' id='par_1_52' title="bbox 288 2786 1855 2859">
     <span class='ocr_line' id='line_1_52' title="bbox 288 2786 1855 2859; baseline 0.005 -21"><span class='ocrx_word' id='word_1_403' title='bbox 288 2787 414 2842; x_wconf 86' lang='lat' dir='ltr'><strong>licet</strong></span> <span class='ocrx_word' id='word_1_404' title='bbox 436 2787 598 2841; x_wconf 90' lang='lat' dir='ltr'><strong>iidem</strong></span> <span class='ocrx_word' id='word_1_405' title='bbox 625 2788 755 2851; x_wconf 88' lang='lat' dir='ltr'><strong>sint,</strong></span> <span class='ocrx_word' id='word_1_406' title='bbox 780 2786 874 2856; x_wconf 90' lang='lat' dir='ltr'><strong>qui</strong></span> <span class='ocrx_word' id='word_1_407' title='bbox 898 2788 1236 2857; x_wconf 88' lang='lat' dir='ltr'><strong>propositam</strong></span> <span class='ocrx_word' id='word_1_408' title='bbox 1281 2790 1418 2859; x_wconf 82' lang='lat' dir='ltr'><strong>ipsis</strong></span> <span class='ocrx_word' id='word_1_409' title='bbox 1442 2790 1727 2845; x_wconf 90' lang='lat' dir='ltr'><strong>historiam</strong></span> <span class='ocrx_word' id='word_1_410' title='bbox 1758 2808 1855 2845; x_wconf 81' lang='lat' dir='ltr'><strong>ex-</strong></span> 
     </span>
    </p>
   </div>
   <div class='ocr_carea' id='block_1_53' title="bbox 288 2876 1852 2956">
    <p class='ocr_par' dir='ltr' id='par_1_53' title="bbox 288 2876 1852 2951">
     <span class='ocr_line' id='line_1_53' title="bbox 288 2876 1852 2951; baseline 0.006 -22"><span class='ocrx_word' id='word_1_411' title='bbox 288 2876 493 2943; x_wconf 87' lang='lat' dir='ltr'><strong>hibent,</strong></span> <span class='ocrx_word' id='word_1_412' title='bbox 530 2892 677 2932; x_wconf 90' lang='lat' dir='ltr'><strong>nunc</strong></span> <span class='ocrx_word' id='word_1_413' title='bbox 712 2877 789 2940; x_wconf 89' lang='lat' dir='ltr'><strong>hi,</strong></span> <span class='ocrx_word' id='word_1_414' title='bbox 821 2892 968 2932; x_wconf 89' lang='lat' dir='ltr'><strong>nunc</strong></span> <span class='ocrx_word' id='word_1_415' title='bbox 999 2879 1078 2932; x_wconf 94' lang='lat' dir='ltr'><strong>illi</strong></span> <span class='ocrx_word' id='word_1_416' title='bbox 1110 2893 1407 2934; x_wconf 86' lang='lat' dir='ltr'><strong>censentur</strong></span> <span class='ocrx_word' id='word_1_417' title='bbox 1437 2896 1722 2951; x_wconf 87' lang='lat' dir='ltr'><strong>apparere,</strong></span> <span class='ocrx_word' id='word_1_418' title='bbox 1760 2883 1852 2951; x_wconf 92' lang='lat' dir='ltr'><strong>qui</strong></span> 
     </span>
    </p>
   </div>
   <div class='ocr_carea' id='block_1_54' title="bbox 2030 2876 2921 2956">
    <p class='ocr_par' dir='ltr' id='par_1_54' title="bbox 2030 2882 2921 2956">
     <span class='ocr_line' id='line_1_54' title="bbox 2030 2882 2921 2956; baseline -0.004 -18"><span class='ocrx_word' id='word_1_419' title='bbox 2030 2889 2137 2949; x_wconf 86' lang='grc' dir='ltr'>τοῖς</span> <span class='ocrx_word' id='word_1_420' title='bbox 2206 2887 2446 2956; x_wconf 79' lang='grc' dir='ltr'>ἱστορίαν</span> <span class='ocrx_word' id='word_1_421' title='bbox 2506 2882 2921 2953; x_wconf 82' lang='grc' dir='ltr'>ὑποκρινόμενοι</span> 
     </span>
    </p>
   </div>
   <div class='ocr_carea' id='block_1_55' title="bbox 290 2960 1860 3042">
    <p class='ocr_par' dir='ltr' id='par_1_55' title="bbox 290 2960 1860 3042">
     <span class='ocr_line' id='line_1_55' title="bbox 290 2960 1860 3042; baseline 0.005 -23"><span class='ocrx_word' id='word_1_422' title='bbox 290 2982 390 3035; x_wconf 85' lang='lat' dir='ltr'><strong>pro</strong></span> <span class='ocrx_word' id='word_1_423' title='bbox 422 2969 683 3023; x_wconf 78' lang='lat' dir='ltr'><strong>varietate</strong></span> <span class='ocrx_word' id='word_1_424' title='bbox 716 2960 1075 3039; x_wconf 59' lang='lat' dir='ltr'><strong>personarum</strong></span> <span class='ocrx_word' id='word_1_425' title='bbox 1107 2970 1344 3039; x_wconf 89' lang='lat' dir='ltr'><strong>speciem</strong></span> <span class='ocrx_word' id='word_1_426' title='bbox 1379 2981 1613 3036; x_wconf 88' lang='lat' dir='ltr'><strong>mutant,</strong></span> <span class='ocrx_word' id='word_1_427' title='bbox 1648 2982 1702 3027; x_wconf 93' lang='lat' dir='ltr'><strong>et</strong></span> <span class='ocrx_word' id='word_1_428' title='bbox 1765 2974 1860 3042; x_wconf 91' lang='lat' dir='ltr'><strong>qui</strong></span> 
     </span>
    </p>
   </div>
   <div class='ocr_carea' id='block_1_56' title="bbox 293 3059 1862 3131">
    <p class='ocr_par' dir='ltr' id='par_1_56' title="bbox 293 3059 1862 3131">
     <span class='ocr_line' id='line_1_56' title="bbox 293 3059 1862 3131; baseline 0.003 -20"><span class='ocrx_word' id='word_1_429' title='bbox 293 3073 439 3112; x_wconf 90' lang='lat' dir='ltr'><strong>nunc</strong></span> <span class='ocrx_word' id='word_1_430' title='bbox 472 3073 667 3112; x_wconf 72' lang='lat' dir='ltr'><strong>servus</strong></span> <span class='ocrx_word' id='word_1_431' title='bbox 694 3070 785 3112; x_wconf 90' lang='lat' dir='ltr'><strong>aut</strong></span> <span class='ocrx_word' id='word_1_432' title='bbox 812 3059 974 3112; x_wconf 92' lang='lat' dir='ltr'><strong>homo</strong></span> <span class='ocrx_word' id='word_1_433' title='bbox 994 3061 1239 3128; x_wconf 84' lang='lat' dir='ltr'><strong>privatus</strong></span> <span class='ocrx_word' id='word_1_434' title='bbox 1269 3069 1516 3129; x_wconf 89' lang='lat' dir='ltr'><strong>apparet,</strong></span> <span class='ocrx_word' id='word_1_435' title='bbox 1552 3062 1714 3130; x_wconf 89' lang='lat' dir='ltr'><strong>paulo</strong></span> <span class='ocrx_word' id='word_1_436' title='bbox 1741 3070 1862 3131; x_wconf 91' lang='lat' dir='ltr'><strong>post</strong></span> 
     </span>
    </p>
   </div>
   <div class='ocr_carea' id='block_1_57' title="bbox 294 3149 1862 3213">
    <p class='ocr_par' dir='ltr' id='par_1_57' title="bbox 294 3149 1862 3213">
     <span class='ocr_line' id='line_1_57' title="bbox 294 3149 1862 3213; baseline 0.002 -9"><span class='ocrx_word' id='word_1_437' title='bbox 294 3150 523 3204; x_wconf 86' lang='lat' dir='ltr'><strong>bellator</strong></span> <span class='ocrx_word' id='word_1_438' title='bbox 554 3157 649 3203; x_wconf 89' lang='lat' dir='ltr'><strong>aut</strong></span> <span class='ocrx_word' id='word_1_439' title='bbox 676 3149 832 3205; x_wconf 88' lang='lat' dir='ltr'><strong>miles</strong></span> <span class='ocrx_word' id='word_1_440' title='bbox 858 3152 1124 3213; x_wconf 88' lang='lat' dir='ltr'><strong>cernitur,</strong></span> <span class='ocrx_word' id='word_1_441' title='bbox 1153 3159 1207 3205; x_wconf 92' lang='lat' dir='ltr'><strong>et</strong></span> <span class='ocrx_word' id='word_1_442' title='bbox 1235 3166 1425 3206; x_wconf 90' lang='lat' dir='ltr'><strong>rursus</strong></span> <span class='ocrx_word' id='word_1_443' title='bbox 1457 3152 1702 3209; x_wconf 87' lang='lat' dir='ltr'><strong>habitum</strong></span> <span class='ocrx_word' id='word_1_444' title='bbox 1734 3154 1862 3207; x_wconf 86' lang='lat' dir='ltr'><strong>sub-</strong></span> 
     </span>
    </p>
   </div>
   <div class='ocr_carea' id='block_1_58' title="bbox 292 3239 1862 3309">
    <p class='ocr_par' dir='ltr' id='par_1_58' title="bbox 292 3239 1862 3309">
     <span class='ocr_line' id='line_1_58' title="bbox 292 3239 1862 3309; baseline 0.001 -16"><span class='ocrx_word' id='word_1_445' title='bbox 292 3240 393 3294; x_wconf 86' lang='lat' dir='ltr'><strong>diti</strong></span> <span class='ocrx_word' id='word_1_446' title='bbox 445 3241 742 3308; x_wconf 83' lang='lat' dir='ltr'><strong>deponens,</strong></span> <span class='ocrx_word' id='word_1_447' title='bbox 806 3239 1151 3309; x_wconf 89' lang='lat' dir='ltr'><strong>imperatoris</strong></span> <span class='ocrx_word' id='word_1_448' title='bbox 1207 3256 1495 3309; x_wconf 89' lang='lat' dir='ltr'><strong>personam</strong></span> <span class='ocrx_word' id='word_1_449' title='bbox 1562 3253 1616 3297; x_wconf 90' lang='lat' dir='ltr'><strong>et</strong></span> <span class='ocrx_word' id='word_1_450' title='bbox 1656 3243 1862 3297; x_wconf 89' lang='lat' dir='ltr'><strong>cultum</strong></span> 
     </span>
    </p>
   </div>
   <div class='ocr_carea' id='block_1_59' title="bbox 297 3330 1865 3409">
    <p class='ocr_par' dir='ltr' id='par_1_59' title="bbox 297 3330 1865 3409">
     <span class='ocr_line' id='line_1_59' title="bbox 297 3330 1865 3409; baseline 0.001 -24"><span class='ocrx_word' id='word_1_451' title='bbox 297 3332 558 3395; x_wconf 84' lang='lat' dir='ltr'><strong>assumit,</strong></span> <span class='ocrx_word' id='word_1_452' title='bbox 591 3340 685 3385; x_wconf 88' lang='lat' dir='ltr'><strong>aut</strong></span> <span class='ocrx_word' id='word_1_453' title='bbox 716 3330 861 3401; x_wconf 87' lang='lat' dir='ltr'><strong>regis</strong></span> <span class='ocrx_word' id='word_1_454' title='bbox 893 3331 1129 3409; x_wconf 83' lang='lat' dir='ltr'><strong>speciem</strong></span> <span class='ocrx_word' id='word_1_455' title='bbox 1163 3331 1337 3386; x_wconf 81' lang='lat' dir='ltr'><strong>induit</strong></span> <span class='ocrx_word' id='word_1_456' title='bbox 1378 3352 1391 3387; x_wconf 92' lang='lat'><strong>:</strong></span> <span class='ocrx_word' id='word_1_457' title='bbox 1437 3334 1515 3388; x_wconf 89' lang='lat' dir='ltr'><strong>sic</strong></span> <span class='ocrx_word' id='word_1_458' title='bbox 1545 3342 1597 3389; x_wconf 92' lang='lat' dir='ltr'><strong>et</strong></span> <span class='ocrx_word' id='word_1_459' title='bbox 1641 3334 1697 3387; x_wconf 89' lang='lat' dir='ltr'><strong>in</strong></span> <span class='ocrx_word' id='word_1_460' title='bbox 1757 3335 1865 3387; x_wconf 90' lang='lat' dir='ltr'><strong>vir-</strong></span> 
     </span>
    </p>
   </div>
   <div class='ocr_carea' id='block_1_60' title="bbox 298 3421 1867 3493">
    <p class='ocr_par' dir='ltr' id='par_1_60' title="bbox 298 3421 1867 3493">
     <span class='ocr_line' id='line_1_60' title="bbox 298 3421 1867 3493; baseline -0.001 -16"><span class='ocrx_word' id='word_1_461' title='bbox 298 3423 432 3478; x_wconf 84' lang='lat' dir='ltr'><strong>tutis</strong></span> <span class='ocrx_word' id='word_1_462' title='bbox 464 3421 846 3493; x_wconf 74' lang='lat' dir='ltr'><strong>progressibus</strong></span> <span class='ocrx_word' id='word_1_463' title='bbox 892 3436 1002 3477; x_wconf 91' lang='lat' dir='ltr'><strong>non</strong></span> <span class='ocrx_word' id='word_1_464' title='bbox 1060 3438 1277 3492; x_wconf 90' lang='lat' dir='ltr'><strong>semper</strong></span> <span class='ocrx_word' id='word_1_465' title='bbox 1330 3423 1575 3478; x_wconf 89' lang='lat' dir='ltr'><strong>eamdem</strong></span> <span class='ocrx_word' id='word_1_466' title='bbox 1634 3424 1867 3479; x_wconf 88' lang='lat' dir='ltr'><strong>retinent</strong></span> 
     </span>
    </p>
   </div>
   <div class='ocr_carea' id='block_1_61' title="bbox 301 3513 1869 3584">
    <p class='ocr_par' dir='ltr' id='par_1_61' title="bbox 301 3513 1869 3584">
     <span class='ocr_line' id='line_1_61' title="bbox 301 3513 1869 3584; baseline -0.001 -17"><span class='ocrx_word' id='word_1_467' title='bbox 301 3514 529 3568; x_wconf 82' lang='lat' dir='ltr'><strong>formam</strong></span> <span class='ocrx_word' id='word_1_468' title='bbox 558 3515 650 3584; x_wconf 85' lang='lat' dir='ltr'><strong>qui</strong></span> <span class='ocrx_word' id='word_1_469' title='bbox 680 3528 711 3566; x_wconf 90' lang='lat' dir='ltr'><strong>a</strong></span> <span class='ocrx_word' id='word_1_470' title='bbox 735 3513 987 3569; x_wconf 84' lang='lat' dir='ltr'><strong>claritate</strong></span> <span class='ocrx_word' id='word_1_471' title='bbox 1029 3514 1494 3569; x_wconf 74' lang='lat' dir='ltr'><strong>tran&#39;slormantur</strong></span> <span class='ocrx_word' id='word_1_472' title='bbox 1555 3515 1609 3569; x_wconf 93' lang='lat' dir='ltr'><strong>in</strong></span> <span class='ocrx_word' id='word_1_473' title='bbox 1646 3515 1869 3569; x_wconf 87' lang='lat' dir='ltr'><strong>clarita-</strong></span> 
     </span>
    </p>
   </div>
   <div class='ocr_carea' id='block_1_62' title="bbox 300 3605 1870 3676">
    <p class='ocr_par' dir='ltr' id='par_1_62' title="bbox 300 3605 1870 3676">
     <span class='ocr_line' id='line_1_62' title="bbox 300 3605 1870 3676; baseline -0.001 -15"><span class='ocrx_word' id='word_1_474' title='bbox 300 3615 431 3671; x_wconf 86' lang='lat' dir='ltr'><strong>tem,</strong></span> <span class='ocrx_word' id='word_1_475' title='bbox 465 3607 559 3661; x_wconf 86' lang='lat' dir='ltr'><strong>sed</strong></span> <span class='ocrx_word' id='word_1_476' title='bbox 590 3619 690 3675; x_wconf 89' lang='lat' dir='ltr'><strong>pro</strong></span> <span class='ocrx_word' id='word_1_477' title='bbox 722 3606 934 3660; x_wconf 88' lang='lat' dir='ltr'><strong>ratione</strong></span> <span class='ocrx_word' id='word_1_478' title='bbox 962 3606 1228 3660; x_wconf 88' lang='lat' dir='ltr'><strong>bonorum</strong></span> <span class='ocrx_word' id='word_1_479' title='bbox 1261 3605 1639 3676; x_wconf 81' lang='lat' dir='ltr'><strong>perfectionis,</strong></span> <span class='ocrx_word' id='word_1_480' title='bbox 1670 3606 1870 3675; x_wconf 87' lang='lat' dir='ltr'><strong>quibus</strong></span> 
     </span>
    </p>
   </div>
   <div class='ocr_carea' id='block_1_63' title="bbox 200 3695 1869 3767">
    <p class='ocr_par' dir='ltr' id='par_1_63' title="bbox 200 3695 1869 3767">
     <span class='ocr_line' id='line_1_63' title="bbox 200 3695 1869 3767; baseline -0.002 -14"><span class='ocrx_word' id='word_1_481' title='bbox 200 3704 217 3717; x_wconf 78' lang='lat'>‘</span> <span class='ocrx_word' id='word_1_482' title='bbox 302 3712 362 3753; x_wconf 89' lang='lat' dir='ltr'><strong>se</strong></span> <span class='ocrx_word' id='word_1_483' title='bbox 412 3696 644 3767; x_wconf 89' lang='lat' dir='ltr'><strong>quisque</strong></span> <span class='ocrx_word' id='word_1_484' title='bbox 697 3696 985 3765; x_wconf 68' lang='lat' dir='ltr'><strong>praeditum</strong></span> <span class='ocrx_word' id='word_1_485' title='bbox 1035 3696 1297 3761; x_wconf 88' lang='lat' dir='ltr'><strong>ostendit,</strong></span> <span class='ocrx_word' id='word_1_486' title='bbox 1356 3698 1610 3767; x_wconf 88' lang='lat' dir='ltr'><strong>pr0prius</strong></span> <span class='ocrx_word' id='word_1_487' title='bbox 1646 3695 1869 3767; x_wconf 90' lang='lat' dir='ltr'><strong>quidam</strong></span> 
     </span>
    </p>
   </div>
   <div class='ocr_carea' id='block_1_64' title="bbox 301 3787 1873 3858">
    <p class='ocr_par' dir='ltr' id='par_1_64' title="bbox 301 3787 1873 3858">
     <span class='ocr_line' id='line_1_64' title="bbox 301 3787 1873 3858; baseline 0.003 -16"><span class='ocrx_word' id='word_1_488' title='bbox 301 3788 426 3843; x_wconf 68' lang='lat' dir='ltr'><strong>vitae</strong></span> <span class='ocrx_word' id='word_1_489' title='bbox 456 3789 725 3843; x_wconf 83' lang='lat' dir='ltr'><strong>illucescit</strong></span> <span class='ocrx_word' id='word_1_490' title='bbox 755 3787 1065 3851; x_wconf 79' lang='lat' dir='ltr'><strong>character,</strong></span> <span class='ocrx_word' id='word_1_491' title='bbox 1112 3788 1254 3844; x_wconf 90' lang='lat' dir='ltr'><strong>alius</strong></span> <span class='ocrx_word' id='word_1_492' title='bbox 1301 3788 1479 3843; x_wconf 80' lang='lat' dir='ltr'><strong>factus</strong></span> <span class='ocrx_word' id='word_1_493' title='bbox 1527 3804 1592 3843; x_wconf 81' lang='lat' dir='ltr'><strong>ex</strong></span> <span class='ocrx_word' id='word_1_494' title='bbox 1631 3791 1757 3858; x_wconf 92' lang='lat' dir='ltr'><strong>alio,</strong></span> <span class='ocrx_word' id='word_1_495' title='bbox 1818 3801 1873 3848; x_wconf 88' lang='lat' dir='ltr'><strong>et</strong></span> 
     </span>
    </p>
   </div>
   <div class='ocr_carea' id='block_1_65' title="bbox 301 3879 1865 3949">
    <p class='ocr_par' dir='ltr' id='par_1_65' title="bbox 301 3879 1865 3949">
     <span class='ocr_line' id='line_1_65' title="bbox 301 3879 1865 3949; baseline 0.002 -16"><span class='ocrx_word' id='word_1_496' title='bbox 301 3893 569 3949; x_wconf 83' lang='lat' dir='ltr'><strong>apparens</strong></span> <span class='ocrx_word' id='word_1_497' title='bbox 618 3893 715 3949; x_wconf 90' lang='lat' dir='ltr'><strong>per</strong></span> <span class='ocrx_word' id='word_1_498' title='bbox 750 3885 1103 3949; x_wconf 83' lang='lat' dir='ltr'><strong>augmentum</strong></span> <span class='ocrx_word' id='word_1_499' title='bbox 1152 3880 1443 3933; x_wconf 87' lang='lat' dir='ltr'><strong>bonorum.</strong></span> <span class='ocrx_word' id='word_1_500' title='bbox 1499 3879 1865 3945; x_wconf 86' lang='lat' dir='ltr'><strong>Quamobrem</strong></span> 
     </span>
    </p>
   </div>
   <div class='ocr_carea' id='block_1_66' title="bbox 303 3966 1872 4037">
    <p class='ocr_par' dir='ltr' id='par_1_66' title="bbox 303 3966 1872 4037">
     <span class='ocr_line' id='line_1_66' title="bbox 303 3966 1872 4037; baseline 0.003 -15"><span class='ocrx_word' id='word_1_501' title='bbox 303 3968 434 4023; x_wconf 91' lang='lat' dir='ltr'><strong>mihi</strong></span> <span class='ocrx_word' id='word_1_502' title='bbox 467 3968 723 4023; x_wconf 85' lang='lat' dir='ltr'><strong>videntur</strong></span> <span class='ocrx_word' id='word_1_503' title='bbox 751 3966 916 4022; x_wconf 88' lang='lat' dir='ltr'><strong>amici</strong></span> <span class='ocrx_word' id='word_1_504' title='bbox 964 3967 1153 4037; x_wconf 85' lang='lat' dir='ltr'><strong>sponsi</strong></span> <span class='ocrx_word' id='word_1_505' title='bbox 1203 3976 1466 4036; x_wconf 88' lang='lat' dir='ltr'><strong>tanquam</strong></span> <span class='ocrx_word' id='word_1_506' title='bbox 1534 3984 1648 4024; x_wconf 89' lang='lat' dir='ltr'><strong>rem</strong></span> <span class='ocrx_word' id='word_1_507' title='bbox 1678 3987 1872 4026; x_wconf 69' lang='lat' dir='ltr'><strong>novam</strong></span> 
     </span>
    </p>
   </div>
   <div class='ocr_carea' id='block_1_67' title="bbox 303 4056 1871 4127">
    <p class='ocr_par' dir='ltr' id='par_1_67' title="bbox 303 4056 1871 4127">
     <span class='ocr_line' id='line_1_67' title="bbox 303 4056 1871 4127; baseline 0.001 -14"><span class='ocrx_word' id='word_1_508' title='bbox 303 4058 562 4113; x_wconf 89' lang='lat' dir='ltr'><strong>admirari</strong></span> <span class='ocrx_word' id='word_1_509' title='bbox 598 4057 651 4110; x_wconf 92' lang='lat' dir='ltr'><strong>id</strong></span> <span class='ocrx_word' id='word_1_510' title='bbox 680 4056 827 4127; x_wconf 88' lang='lat' dir='ltr'><strong>quod</strong></span> <span class='ocrx_word' id='word_1_511' title='bbox 854 4064 1099 4127; x_wconf 86' lang='lat' dir='ltr'><strong>apparet,</strong></span> <span class='ocrx_word' id='word_1_512' title='bbox 1133 4056 1227 4126; x_wconf 90' lang='lat' dir='ltr'><strong>qui</strong></span> <span class='ocrx_word' id='word_1_513' title='bbox 1262 4058 1417 4126; x_wconf 88' lang='lat' dir='ltr'><strong>prius</strong></span> <span class='ocrx_word' id='word_1_514' title='bbox 1471 4058 1691 4127; x_wconf 91' lang='lat' dir='ltr'><strong>quidem</strong></span> <span class='ocrx_word' id='word_1_515' title='bbox 1750 4077 1871 4116; x_wconf 91' lang='lat' dir='ltr'><strong>eam</strong></span> 
     </span>
    </p>
   </div>
   <div class='ocr_carea' id='block_1_68' title="bbox 304 4146 1875 4221">
    <p class='ocr_par' dir='ltr' id='par_1_68' title="bbox 304 4146 1875 4221">
     <span class='ocr_line' id='line_1_68' title="bbox 304 4146 1875 4221; baseline 0.001 -15"><span class='ocrx_word' id='word_1_516' title='bbox 304 4154 676 4221; x_wconf 82' lang='lat' dir='ltr'><strong>cognoverunt</strong></span> <span class='ocrx_word' id='word_1_517' title='bbox 720 4148 1035 4218; x_wconf 86' lang='lat' dir='ltr'><strong>pulchram;</strong></span> <span class='ocrx_word' id='word_1_518' title='bbox 1075 4146 1391 4216; x_wconf 88' lang='lat' dir='ltr'><strong>pulchram,</strong></span> <span class='ocrx_word' id='word_1_519' title='bbox 1442 4148 1697 4217; x_wconf 90' lang='lat' dir='ltr'><strong>inquam,</strong></span> <span class='ocrx_word' id='word_1_520' title='bbox 1731 4152 1875 4208; x_wconf 87' lang='lat' dir='ltr'><strong>inter</strong></span> 
     </span>
    </p>
   </div>
   <div class='ocr_carea' id='block_1_69' title="bbox 306 4239 1873 4313">
    <p class='ocr_par' dir='ltr' id='par_1_69' title="bbox 306 4239 1873 4313">
     <span class='ocr_line' id='line_1_69' title="bbox 306 4239 1873 4313; baseline 0.006 -21"><span class='ocrx_word' id='word_1_521' title='bbox 306 4239 442 4295; x_wconf 88' lang='lat' dir='ltr'><strong>alias</strong></span> <span class='ocrx_word' id='word_1_522' title='bbox 467 4239 761 4294; x_wconf 87' lang='lat' dir='ltr'><strong>mulieres:</strong></span> <span class='ocrx_word' id='word_1_523' title='bbox 794 4247 981 4308; x_wconf 89' lang='lat' dir='ltr'><strong>postea</strong></span> <span class='ocrx_word' id='word_1_524' title='bbox 1033 4247 1215 4293; x_wconf 89' lang='lat' dir='ltr'><strong>autem</strong></span> <span class='ocrx_word' id='word_1_525' title='bbox 1257 4240 1377 4293; x_wconf 89' lang='lat' dir='ltr'><strong>auri</strong></span> <span class='ocrx_word' id='word_1_526' title='bbox 1408 4257 1626 4313; x_wconf 84' lang='lat' dir='ltr'><strong>quoque</strong></span> <span class='ocrx_word' id='word_1_527' title='bbox 1676 4260 1873 4300; x_wconf 74' lang='lat' dir='ltr'><strong>mura:-</strong></span> 
     </span>
    </p>
   </div>
   <div class='ocr_carea' id='block_1_70' title="bbox 307 4329 1877 4404">
    <p class='ocr_par' dir='ltr' id='par_1_70' title="bbox 307 4329 1877 4404">
     <span class='ocr_line' id='line_1_70' title="bbox 307 4329 1877 4404; baseline 0.004 -20"><span class='ocrx_word' id='word_1_528' title='bbox 307 4329 452 4387; x_wconf 88' lang='lat' dir='ltr'><strong>nulis</strong></span> <span class='ocrx_word' id='word_1_529' title='bbox 476 4345 599 4385; x_wconf 88' lang='lat' dir='ltr'><strong>cum</strong></span> <span class='ocrx_word' id='word_1_530' title='bbox 636 4330 781 4387; x_wconf 83' lang='lat' dir='ltr'><strong>natis</strong></span> <span class='ocrx_word' id='word_1_531' title='bbox 815 4329 1029 4401; x_wconf 87' lang='lat' dir='ltr'><strong>argenti</strong></span> <span class='ocrx_word' id='word_1_532' title='bbox 1061 4329 1183 4399; x_wconf 88' lang='lat' dir='ltr'><strong>ejus</strong></span> <span class='ocrx_word' id='word_1_533' title='bbox 1238 4330 1568 4388; x_wconf 89' lang='lat' dir='ltr'><strong>decorarunt</strong></span> <span class='ocrx_word' id='word_1_534' title='bbox 1630 4336 1877 4404; x_wconf 88' lang='lat' dir='ltr'><strong>pulchri-</strong></span> 
     </span>
    </p>
   </div>
   <div class='ocr_carea' id='block_1_71' title="bbox 308 4419 1877 4490">
    <p class='ocr_par' dir='ltr' id='par_1_71' title="bbox 308 4419 1877 4490">
     <span class='ocr_line' id='line_1_71' title="bbox 308 4419 1877 4490; baseline 0.004 -15"><span class='ocrx_word' id='word_1_535' title='bbox 308 4420 576 4476; x_wconf 88' lang='lat' dir='ltr'><strong>tudinem.</strong></span> <span class='ocrx_word' id='word_1_536' title='bbox 610 4419 770 4476; x_wconf 87' lang='lat' dir='ltr'><strong>Nune</strong></span> <span class='ocrx_word' id='word_1_537' title='bbox 801 4431 984 4475; x_wconf 89' lang='lat' dir='ltr'><strong>autem</strong></span> <span class='ocrx_word' id='word_1_538' title='bbox 1016 4421 1438 4490; x_wconf 64' lang='lat' dir='ltr'><strong>praecedentium</strong></span> <span class='ocrx_word' id='word_1_539' title='bbox 1469 4434 1722 4480; x_wconf 88' lang='lat' dir='ltr'><strong>notarum</strong></span> <span class='ocrx_word' id='word_1_540' title='bbox 1756 4427 1877 4482; x_wconf 85' lang='lat' dir='ltr'><strong>nul-</strong></span> 
     </span>
    </p>
   </div>
   <div class='ocr_carea' id='block_1_72' title="bbox 309 4510 1879 4586">
    <p class='ocr_par' dir='ltr' id='par_1_72' title="bbox 309 4510 1879 4586">
     <span class='ocr_line' id='line_1_72' title="bbox 309 4510 1879 4586; baseline 0.002 -20"><span class='ocrx_word' id='word_1_541' title='bbox 309 4514 415 4566; x_wconf 85' lang='lat' dir='ltr'><strong>lam</strong></span> <span class='ocrx_word' id='word_1_542' title='bbox 439 4512 734 4577; x_wconf 86' lang='lat' dir='ltr'><strong>intuentes,</strong></span> <span class='ocrx_word' id='word_1_543' title='bbox 758 4510 856 4566; x_wconf 89' lang='lat' dir='ltr'><strong>sed</strong></span> <span class='ocrx_word' id='word_1_544' title='bbox 885 4526 915 4565; x_wconf 93' lang='lat' dir='ltr'><strong>a</strong></span> <span class='ocrx_word' id='word_1_545' title='bbox 947 4511 1368 4568; x_wconf 86' lang='lat' dir='ltr'><strong>sublimioribus</strong></span> <span class='ocrx_word' id='word_1_546' title='bbox 1402 4513 1553 4567; x_wconf 86' lang='lat' dir='ltr'><strong>illam</strong></span> <span class='ocrx_word' id='word_1_547' title='bbox 1587 4515 1879 4586; x_wconf 85' lang='lat' dir='ltr'><strong>iusignien-</strong></span> 
     </span>
    </p>
   </div>
   <div class='ocr_carea' id='block_1_73' title="bbox 310 4603 1879 4667">
    <p class='ocr_par' dir='ltr' id='par_1_73' title="bbox 310 4603 1879 4667">
     <span class='ocr_line' id='line_1_73' title="bbox 310 4603 1879 4667; baseline 0.003 -11"><span class='ocrx_word' id='word_1_548' title='bbox 310 4612 416 4667; x_wconf 88' lang='lat' dir='ltr'><strong>tes,</strong></span> <span class='ocrx_word' id='word_1_549' title='bbox 443 4603 713 4656; x_wconf 89' lang='lat' dir='ltr'><strong>mirantur</strong></span> <span class='ocrx_word' id='word_1_550' title='bbox 737 4617 845 4656; x_wconf 91' lang='lat' dir='ltr'><strong>non</strong></span> <span class='ocrx_word' id='word_1_551' title='bbox 874 4603 1051 4657; x_wconf 91' lang='lat' dir='ltr'><strong>solum</strong></span> <span class='ocrx_word' id='word_1_552' title='bbox 1071 4617 1388 4667; x_wconf 84' lang='lat' dir='ltr'><strong>ascensum,</strong></span> <span class='ocrx_word' id='word_1_553' title='bbox 1421 4604 1516 4659; x_wconf 89' lang='lat' dir='ltr'><strong>scd</strong></span> <span class='ocrx_word' id='word_1_554' title='bbox 1537 4606 1702 4659; x_wconf 90' lang='lat' dir='ltr'><strong>etiam</strong></span> <span class='ocrx_word' id='word_1_555' title='bbox 1736 4605 1879 4661; x_wconf 89' lang='lat' dir='ltr'><strong>unde</strong></span> 
     </span>
    </p>
   </div>
   <div class='ocr_carea' id='block_1_74' title="bbox 311 4692 1876 4765">
    <p class='ocr_par' dir='ltr' id='par_1_74' title="bbox 311 4692 1876 4765">
     <span class='ocr_line' id='line_1_74' title="bbox 311 4692 1876 4765; baseline 0.002 -17"><span class='ocrx_word' id='word_1_556' title='bbox 311 4694 635 4750; x_wconf 88' lang='lat' dir='ltr'><strong>ascenderit.</strong></span> <span class='ocrx_word' id='word_1_557' title='bbox 671 4692 782 4749; x_wconf 86' lang='lat' dir='ltr'><strong>Hoc</strong></span> <span class='ocrx_word' id='word_1_558' title='bbox 814 4706 898 4751; x_wconf 87' lang='lat' dir='ltr'><strong>est</strong></span> <span class='ocrx_word' id='word_1_559' title='bbox 926 4695 1072 4749; x_wconf 91' lang='lat' dir='ltr'><strong>enim</strong></span> <span class='ocrx_word' id='word_1_560' title='bbox 1105 4696 1251 4765; x_wconf 89' lang='lat' dir='ltr'><strong>quod</strong></span> <span class='ocrx_word' id='word_1_561' title='bbox 1289 4696 1547 4765; x_wconf 90' lang='lat' dir='ltr'><strong>majorem</strong></span> <span class='ocrx_word' id='word_1_562' title='bbox 1576 4695 1733 4751; x_wconf 73' lang='lat' dir='ltr'><strong>alfert</strong></span> <span class='ocrx_word' id='word_1_563' title='bbox 1762 4708 1876 4753; x_wconf 88' lang='lat' dir='ltr'><strong>stu-</strong></span> 
     </span>
    </p>
   </div>
   <div class='ocr_carea' id='block_1_75' title="bbox 310 4784 1880 4857">
    <p class='ocr_par' dir='ltr' id='par_1_75' title="bbox 310 4784 1880 4857">
     <span class='ocr_line' id='line_1_75' title="bbox 310 4784 1880 4857; baseline 0.001 -17"><span class='ocrx_word' id='word_1_564' title='bbox 310 4801 518 4856; x_wconf 86' lang='lat' dir='ltr'><strong>porem,</strong></span> <span class='ocrx_word' id='word_1_565' title='bbox 543 4784 691 4857; x_wconf 88' lang='lat' dir='ltr'><strong>quod</strong></span> <span class='ocrx_word' id='word_1_566' title='bbox 738 4802 845 4841; x_wconf 88' lang='lat' dir='ltr'><strong>una</strong></span> <span class='ocrx_word' id='word_1_567' title='bbox 880 4788 996 4842; x_wconf 88' lang='lat' dir='ltr'><strong>sola</strong></span> <span class='ocrx_word' id='word_1_568' title='bbox 1035 4795 1294 4842; x_wconf 87' lang='lat' dir='ltr'><strong>cernatur</strong></span> <span class='ocrx_word' id='word_1_569' title='bbox 1334 4786 1629 4842; x_wconf 88' lang='lat' dir='ltr'><strong>ascendere</strong></span> <span class='ocrx_word' id='word_1_570' title='bbox 1661 4802 1880 4857; x_wconf 89' lang='lat' dir='ltr'><strong>compa-</strong></span> 
     </span>
    </p>
   </div>
   <div class='ocr_carea' id='block_1_76' title="bbox 310 4877 1879 4948">
    <p class='ocr_par' dir='ltr' id='par_1_76' title="bbox 310 4877 1879 4948">
     <span class='ocr_line' id='line_1_76' title="bbox 310 4877 1879 4948; baseline 0 -15"><span class='ocrx_word' id='word_1_571' title='bbox 310 4885 426 4933; x_wconf 87' lang='lat' dir='ltr'><strong>rata</strong></span> <span class='ocrx_word' id='word_1_572' title='bbox 450 4877 661 4933; x_wconf 89' lang='lat' dir='ltr'><strong>nemori</strong></span> <span class='ocrx_word' id='word_1_573' title='bbox 691 4892 1044 4948; x_wconf 87' lang='lat' dir='ltr'><strong>procerarum</strong></span> <span class='ocrx_word' id='word_1_574' title='bbox 1079 4878 1338 4932; x_wconf 84' lang='lat' dir='ltr'><strong>arborum</strong></span> <span class='ocrx_word' id='word_1_575' title='bbox 1367 4897 1380 4931; x_wconf 91' lang='lat'><strong>:</strong></span> <span class='ocrx_word' id='word_1_576' title='bbox 1426 4886 1685 4946; x_wconf 86' lang='lat' dir='ltr'><strong>putantur</strong></span> <span class='ocrx_word' id='word_1_577' title='bbox 1734 4879 1879 4933; x_wconf 90' lang='lat' dir='ltr'><strong>enim</strong></span> 
     </span>
    </p>
   </div>
   <div class='ocr_carea' id='block_1_77' title="bbox 288 4966 1880 5035">
    <p class='ocr_par' dir='ltr' id='par_1_77' title="bbox 288 4966 1880 5035">
     <span class='ocr_line' id='line_1_77' title="bbox 288 4966 1880 5035; baseline -0.003 -8"><span class='ocrx_word' id='word_1_578' title='bbox 288 4966 565 5027; x_wconf 63' lang='lat' dir='ltr'><strong>.caudices</strong></span> <span class='ocrx_word' id='word_1_579' title='bbox 600 4967 656 5021; x_wconf 91' lang='lat' dir='ltr'><strong>in</strong></span> <span class='ocrx_word' id='word_1_580' title='bbox 712 4968 882 5022; x_wconf 90' lang='lat' dir='ltr'><strong>altum</strong></span> <span class='ocrx_word' id='word_1_581' title='bbox 932 4966 1228 5023; x_wconf 87' lang='lat' dir='ltr'><strong>ascendere</strong></span> <span class='ocrx_word' id='word_1_582' title='bbox 1280 4974 1336 5021; x_wconf 89' lang='lat' dir='ltr'><strong>et</strong></span> <span class='ocrx_word' id='word_1_583' title='bbox 1392 4981 1660 5023; x_wconf 89' lang='lat' dir='ltr'><strong>crescere.</strong></span> <span class='ocrx_word' id='word_1_584' title='bbox 1724 4969 1880 5035; x_wconf 81' lang='lat' dir='ltr'><strong>Quod</strong></span> 
     </span>
    </p>
   </div>
   <div class='ocr_carea' id='block_1_78' title="bbox 310 5056 1880 5131">
    <p class='ocr_par' dir='ltr' id='par_1_78' title="bbox 310 5056 1880 5131">
     <span class='ocr_line' id='line_1_78' title="bbox 310 5056 1880 5131; baseline 0.003 -18"><span class='ocrx_word' id='word_1_585' title='bbox 310 5064 494 5113; x_wconf 87' lang='lat' dir='ltr'><strong>autem</strong></span> <span class='ocrx_word' id='word_1_586' title='bbox 520 5057 617 5112; x_wconf 85' lang='lat' dir='ltr'><strong>alit</strong></span> <span class='ocrx_word' id='word_1_587' title='bbox 646 5056 927 5121; x_wconf 89' lang='lat' dir='ltr'><strong>caudices,</strong></span> <span class='ocrx_word' id='word_1_588' title='bbox 961 5071 1071 5111; x_wconf 91' lang='lat' dir='ltr'><strong>non</strong></span> <span class='ocrx_word' id='word_1_589' title='bbox 1117 5067 1202 5112; x_wconf 91' lang='lat' dir='ltr'><strong>est</strong></span> <span class='ocrx_word' id='word_1_590' title='bbox 1249 5058 1430 5127; x_wconf 90' lang='lat' dir='ltr'><strong>aliqua</strong></span> <span class='ocrx_word' id='word_1_591' title='bbox 1479 5066 1626 5113; x_wconf 83' lang='lat' dir='ltr'><strong>terra</strong></span> <span class='ocrx_word' id='word_1_592' title='bbox 1662 5061 1880 5131; x_wconf 89' lang='lat' dir='ltr'><strong>pinguis</strong></span> 
     </span>
    </p>
   </div>
   <div class='ocr_carea' id='block_1_79' title="bbox 310 5145 1881 5221">
    <p class='ocr_par' dir='ltr' id='par_1_79' title="bbox 310 5145 1881 5221">
     <span class='ocr_line' id='line_1_79' title="bbox 310 5145 1881 5221; baseline 0.001 -17"><span class='ocrx_word' id='word_1_593' title='bbox 310 5153 369 5204; x_wconf 75' lang='lat' dir='ltr'><strong>et</strong></span> <span class='ocrx_word' id='word_1_594' title='bbox 401 5148 632 5219; x_wconf 88' lang='lat' dir='ltr'><strong>irrigua,</strong></span> <span class='ocrx_word' id='word_1_595' title='bbox 670 5148 764 5204; x_wconf 88' lang='lat' dir='ltr'><strong>sed</strong></span> <span class='ocrx_word' id='word_1_596' title='bbox 795 5145 1063 5216; x_wconf 87' lang='lat' dir='ltr'><strong>squalida,</strong></span> <span class='ocrx_word' id='word_1_597' title='bbox 1124 5146 1277 5201; x_wconf 87' lang='lat' dir='ltr'><strong>arida</strong></span> <span class='ocrx_word' id='word_1_598' title='bbox 1314 5156 1368 5202; x_wconf 89' lang='lat' dir='ltr'><strong>et</strong></span> <span class='ocrx_word' id='word_1_599' title='bbox 1393 5147 1632 5204; x_wconf 84' lang='lat' dir='ltr'><strong>deserta.</strong></span> <span class='ocrx_word' id='word_1_600' title='bbox 1662 5150 1717 5204; x_wconf 93' lang='lat' dir='ltr'><strong>In</strong></span> <span class='ocrx_word' id='word_1_601' title='bbox 1744 5167 1881 5221; x_wconf 79' lang='lat' dir='ltr'><strong>quo-</strong></span> 
     </span>
    </p>
   </div>
   <div class='ocr_carea' id='block_1_80' title="bbox 311 5237 1881 5310">
    <p class='ocr_par' dir='ltr' id='par_1_80' title="bbox 311 5237 1881 5310">
     <span class='ocr_line' id='line_1_80' title="bbox 311 5237 1881 5310; baseline 0 -15"><span class='ocrx_word' id='word_1_602' title='bbox 311 5254 437 5295; x_wconf 88' lang='lat' dir='ltr'><strong>nam</strong></span> <span class='ocrx_word' id='word_1_603' title='bbox 475 5255 608 5310; x_wconf 85' lang='lat' dir='ltr'><strong>crgo</strong></span> <span class='ocrx_word' id='word_1_604' title='bbox 656 5240 873 5294; x_wconf 89' lang='lat' dir='ltr'><strong>radices</strong></span> <span class='ocrx_word' id='word_1_605' title='bbox 906 5248 1077 5307; x_wconf 72' lang='lat' dir='ltr'><strong>agunt</strong></span> <span class='ocrx_word' id='word_1_606' title='bbox 1120 5237 1175 5291; x_wconf 93' lang='lat' dir='ltr'><strong>hi</strong></span> <span class='ocrx_word' id='word_1_607' title='bbox 1225 5239 1443 5304; x_wconf 89' lang='lat' dir='ltr'><strong>trunci,</strong></span> <span class='ocrx_word' id='word_1_608' title='bbox 1489 5249 1544 5295; x_wconf 90' lang='lat' dir='ltr'><strong>et</strong></span> <span class='ocrx_word' id='word_1_609' title='bbox 1593 5242 1735 5297; x_wconf 90' lang='lat' dir='ltr'><strong>unde</strong></span> <span class='ocrx_word' id='word_1_610' title='bbox 1778 5257 1881 5296; x_wconf 87' lang='lat' dir='ltr'><strong>an-</strong></span> 
     </span>
    </p>
   </div>
   <div class='ocr_carea' id='block_1_81' title="bbox 312 5328 1881 5400">
    <p class='ocr_par' dir='ltr' id='par_1_81' title="bbox 312 5328 1881 5400">
     <span class='ocr_line' id='line_1_81' title="bbox 312 5328 1881 5400; baseline 0 -16"><span class='ocrx_word' id='word_1_611' title='bbox 312 5331 550 5400; x_wconf 82' lang='lat' dir='ltr'><strong>gentnr?</strong></span> <span class='ocrx_word' id='word_1_612' title='bbox 580 5328 758 5384; x_wconf 74' lang='lat' dir='ltr'><strong>Radix</strong></span> <span class='ocrx_word' id='word_1_613' title='bbox 783 5330 1005 5400; x_wconf 89' lang='lat' dir='ltr'><strong>quidem</strong></span> <span class='ocrx_word' id='word_1_614' title='bbox 1032 5336 1116 5384; x_wconf 87' lang='lat' dir='ltr'><strong>est</strong></span> <span class='ocrx_word' id='word_1_615' title='bbox 1141 5329 1323 5398; x_wconf 87' lang='lat' dir='ltr'><strong>pulvis</strong></span> <span class='ocrx_word' id='word_1_616' title='bbox 1376 5338 1707 5385; x_wconf 88' lang='lat' dir='ltr'><strong>aromatum.</strong></span> <span class='ocrx_word' id='word_1_617' title='bbox 1750 5331 1881 5384; x_wconf 89' lang='lat' dir='ltr'><strong>Irri-</strong></span> 
     </span>
    </p>
   </div>
   <div class='ocr_carea' id='block_1_82' title="bbox 312 5419 1879 5492">
    <p class='ocr_par' dir='ltr' id='par_1_82' title="bbox 312 5419 1879 5492">
     <span class='ocr_line' id='line_1_82' title="bbox 312 5419 1879 5492; baseline 0.001 -18"><span class='ocrx_word' id='word_1_618' title='bbox 312 5419 461 5492; x_wconf 83' lang='lat' dir='ltr'><strong>gatio</strong></span> <span class='ocrx_word' id='word_1_619' title='bbox 491 5429 669 5475; x_wconf 91' lang='lat' dir='ltr'><strong>autem</strong></span> <span class='ocrx_word' id='word_1_620' title='bbox 709 5431 793 5477; x_wconf 89' lang='lat' dir='ltr'><strong>est</strong></span> <span class='ocrx_word' id='word_1_621' title='bbox 845 5436 1011 5491; x_wconf 86' lang='lat' dir='ltr'><strong>vapor</strong></span> <span class='ocrx_word' id='word_1_622' title='bbox 1064 5436 1132 5477; x_wconf 77' lang='lat' dir='ltr'><strong>ex</strong></span> <span class='ocrx_word' id='word_1_623' title='bbox 1165 5420 1457 5489; x_wconf 85' lang='lat' dir='ltr'><strong>suﬂitihus,</strong></span> <span class='ocrx_word' id='word_1_624' title='bbox 1500 5422 1745 5478; x_wconf 86' lang='lat' dir='ltr'><strong>irrorans</strong></span> <span class='ocrx_word' id='word_1_625' title='bbox 1776 5422 1879 5477; x_wconf 92' lang='lat' dir='ltr'><strong>hoc</strong></span> 
     </span>
    </p>
   </div>
   <div class='ocr_carea' id='block_1_83' title="bbox 315 5511 1877 5581">
    <p class='ocr_par' dir='ltr' id='par_1_83' title="bbox 315 5511 1877 5581">
     <span class='ocr_line' id='line_1_83' title="bbox 315 5511 1877 5581; baseline 0.003 -15"><span class='ocrx_word' id='word_1_626' title='bbox 315 5523 511 5567; x_wconf 86' lang='lat' dir='ltr'><strong>nemus</strong></span> <span class='ocrx_word' id='word_1_627' title='bbox 538 5525 632 5579; x_wconf 87' lang='lat' dir='ltr'><strong>per</strong></span> <span class='ocrx_word' id='word_1_628' title='bbox 657 5511 860 5566; x_wconf 90' lang='lat' dir='ltr'><strong>bonum</strong></span> <span class='ocrx_word' id='word_1_629' title='bbox 892 5512 1137 5577; x_wconf 88' lang='lat' dir='ltr'><strong>odorem,</strong></span> <span class='ocrx_word' id='word_1_630' title='bbox 1167 5519 1424 5581; x_wconf 82' lang='lat' dir='ltr'><strong>quantam</strong></span> <span class='ocrx_word' id='word_1_631' title='bbox 1471 5513 1631 5568; x_wconf 87' lang='lat' dir='ltr'><strong>habet</strong></span> <span class='ocrx_word' id='word_1_632' title='bbox 1662 5513 1877 5570; x_wconf 88' lang='lat' dir='ltr'><strong>laudem</strong></span> 
     </span>
    </p>
   </div>
   <div class='ocr_carea' id='block_1_84' title="bbox 2030 2249 3538 2327">
    <p class='ocr_par' dir='ltr' id='par_1_84' title="bbox 2030 2249 3538 2327">
     <span class='ocr_line' id='line_1_84' title="bbox 2030 2249 3538 2327; baseline -0.005 -16"><span class='ocrx_word' id='word_1_633' title='bbox 2030 2257 2184 2327; x_wconf 84' lang='grc' dir='ltr'><strong>Ἔχει</strong></span> <span class='ocrx_word' id='word_1_634' title='bbox 2214 2255 2271 2309; x_wconf 83' lang='grc' dir='ltr'>δὲ</span> <span class='ocrx_word' id='word_1_635' title='bbox 2298 2253 2469 2317; x_wconf 76' lang='grc' dir='ltr'>οὕτως</span> <span class='ocrx_word' id='word_1_636' title='bbox 2501 2255 2535 2322; x_wconf 82' lang='grc' dir='ltr'>ἡ</span> <span class='ocrx_word' id='word_1_637' title='bbox 2564 2250 2726 2316; x_wconf 77' lang='grc' dir='ltr'>λέξιςο</span> <span class='ocrx_word' id='word_1_638' title='bbox 2770 2252 2861 2317; x_wconf 78' lang='grc' dir='ltr'><strong>Τίς</strong></span> <span class='ocrx_word' id='word_1_639' title='bbox 2881 2249 3032 2316; x_wconf 77' lang='grc' dir='ltr'>αὕτη</span> <span class='ocrx_word' id='word_1_640' title='bbox 3055 2250 3092 2315; x_wconf 75' lang='grc' dir='ltr'>ἡ</span> <span class='ocrx_word' id='word_1_641' title='bbox 3118 2249 3538 2303; x_wconf 57' lang='grc' dir='ltr'>ἁναϐαἶνουσα</span> 
     </span>
    </p>
   </div>
   <div class='ocr_carea' id='block_1_85' title="bbox 1957 2338 3536 2413">
    <p class='ocr_par' dir='ltr' id='par_1_85' title="bbox 1957 2338 3536 2413">
     <span class='ocr_line' id='line_1_85' title="bbox 1957 2338 3536 2413; baseline -0.004 -14"><span class='ocrx_word' id='word_1_642' title='bbox 1957 2347 2024 2399; x_wconf 80' lang='grc' dir='ltr'><strong>ἐκ</strong></span> <span class='ocrx_word' id='word_1_643' title='bbox 2061 2345 2170 2413; x_wconf 84' lang='grc' dir='ltr'><strong>τῆς</strong></span> <span class='ocrx_word' id='word_1_644' title='bbox 2207 2344 2428 2413; x_wconf 82' lang='grc' dir='ltr'>ἐρήμου</span> <span class='ocrx_word' id='word_1_645' title='bbox 2448 2344 2527 2407; x_wconf 85' lang='grc' dir='ltr'><strong>ὡς</strong></span> <span class='ocrx_word' id='word_1_646' title='bbox 2555 2339 2813 2409; x_wconf 77' lang='grc' dir='ltr'><strong>στελέχη</strong></span> <span class='ocrx_word' id='word_1_647' title='bbox 2853 2338 3104 2399; x_wconf 79' lang='grc' dir='ltr'><strong>καπνοῦ,</strong></span> <span class='ocrx_word' id='word_1_648' title='bbox 3134 2340 3536 2407; x_wconf 75' lang='grc' dir='ltr'>τεθυμιαμένη</span> 
     </span>
    </p>
   </div>
   <div class='ocr_carea' id='block_1_86' title="bbox 1960 2428 3540 2504">
    <p class='ocr_par' dir='ltr' id='par_1_86' title="bbox 1960 2428 3540 2504">
     <span class='ocr_line' id='line_1_86' title="bbox 1960 2428 3540 2504; baseline -0.005 -14"><span class='ocrx_word' id='word_1_649' title='bbox 1960 2438 2198 2504; x_wconf 75' lang='grc' dir='ltr'>σμύρνα</span> <span class='ocrx_word' id='word_1_650' title='bbox 2259 2433 2357 2487; x_wconf 74' lang='grc' dir='ltr'>καὶ</span> <span class='ocrx_word' id='word_1_651' title='bbox 2414 2434 2661 2498; x_wconf 75' lang='grc' dir='ltr'>λίϐανος</span> <span class='ocrx_word' id='word_1_652' title='bbox 2721 2431 2840 2485; x_wconf 75' lang='grc' dir='ltr'>ἀπὸ</span> <span class='ocrx_word' id='word_1_653' title='bbox 2900 2429 3142 2483; x_wconf 79' lang='grc' dir='ltr'>πάντων</span> <span class='ocrx_word' id='word_1_654' title='bbox 3208 2428 3540 2497; x_wconf 73' lang='grc' dir='ltr'>κογιορτῶγ</span> 
     </span>
    </p>
   </div>
   <div class='ocr_carea' id='block_1_87' title="bbox 1954 2523 3540 2594">
    <p class='ocr_par' dir='ltr' id='par_1_87' title="bbox 1954 2523 3540 2594">
     <span class='ocr_line' id='line_1_87' title="bbox 1954 2523 3540 2594; baseline -0.003 -16"><span class='ocrx_word' id='word_1_655' title='bbox 1954 2525 2255 2594; x_wconf 72' lang='grc' dir='ltr'>μυρεψοῦς</span> <span class='ocrx_word' id='word_1_656' title='bbox 2312 2524 2380 2577; x_wconf 79' lang='grc' dir='ltr'>Εἴ</span> <span class='ocrx_word' id='word_1_657' title='bbox 2415 2541 2497 2586; x_wconf 88' lang='grc' dir='ltr'><strong>τις</strong></span> <span class='ocrx_word' id='word_1_658' title='bbox 2528 2524 2771 2593; x_wconf 77' lang='grc' dir='ltr'>ἀκριϐῶς</span> <span class='ocrx_word' id='word_1_659' title='bbox 2815 2523 3124 2592; x_wconf 73' lang='grc' dir='ltr'>ἐπιστήσειε</span> <span class='ocrx_word' id='word_1_660' title='bbox 3159 2524 3272 2584; x_wconf 87' lang='grc' dir='ltr'>τοῖς</span> <span class='ocrx_word' id='word_1_661' title='bbox 3309 2523 3540 2593; x_wconf 76' lang='grc' dir='ltr'>εἰρημέ-</span> 
     </span>
    </p>
   </div>
   <div class='ocr_carea' id='block_1_88' title="bbox 1960 2612 3540 2687">
    <p class='ocr_par' dir='ltr' id='par_1_88' title="bbox 1960 2612 3540 2687">
     <span class='ocr_line' id='line_1_88' title="bbox 1960 2612 3540 2687; baseline -0.002 -17"><span class='ocrx_word' id='word_1_662' title='bbox 1960 2634 2071 2681; x_wconf 89' lang='grc' dir='ltr'>νοις</span> <span class='ocrx_word' id='word_1_663' title='bbox 2102 2616 2192 2669; x_wconf 85' lang='grc' dir='ltr'><strong>τὸν</strong></span> <span class='ocrx_word' id='word_1_664' title='bbox 2223 2615 2378 2678; x_wconf 76' lang='grc' dir='ltr'>νοῦν,</span> <span class='ocrx_word' id='word_1_665' title='bbox 2422 2615 2646 2687; x_wconf 82' lang='grc' dir='ltr'>εὑρήσει</span> <span class='ocrx_word' id='word_1_666' title='bbox 2690 2612 2783 2666; x_wconf 80' lang='grc' dir='ltr'>τοῦ</span> <span class='ocrx_word' id='word_1_667' title='bbox 2831 2612 3362 2683; x_wconf 83' lang='grc' dir='ltr'>προκατανοηθέντος</span> <span class='ocrx_word' id='word_1_668' title='bbox 3402 2615 3540 2683; x_wconf 79' lang='grc' dir='ltr'>ἡμῖν</span> 
     </span>
    </p>
   </div>
   <div class='ocr_carea' id='block_1_89' title="bbox 1958 2697 3539 2776">
    <p class='ocr_par' dir='ltr' id='par_1_89' title="bbox 1958 2697 3539 2776">
     <span class='ocr_line' id='line_1_89' title="bbox 1958 2697 3539 2776; baseline -0.003 -17"><span class='ocrx_word' id='word_1_669' title='bbox 1958 2706 2224 2775; x_wconf 88' lang='grc' dir='ltr'>δόγματος</span> <span class='ocrx_word' id='word_1_670' title='bbox 2251 2704 2349 2776; x_wconf 81' lang='grc' dir='ltr'><strong>τὴν</strong></span> <span class='ocrx_word' id='word_1_671' title='bbox 2371 2704 2646 2774; x_wconf 82' lang='grc' dir='ltr'>ἀλήθειαν.</span> <span class='ocrx_word' id='word_1_672' title='bbox 2681 2697 2897 2772; x_wconf 75' lang='grc' dir='ltr'>’Ὥσπερ</span> <span class='ocrx_word' id='word_1_673' title='bbox 2925 2700 3034 2771; x_wconf 81' lang='grc' dir='ltr'>γὰρ</span> <span class='ocrx_word' id='word_1_674' title='bbox 3062 2702 3119 2754; x_wconf 92' lang='grc' dir='ltr'><strong>ἐν</strong></span> <span class='ocrx_word' id='word_1_675' title='bbox 3136 2704 3255 2765; x_wconf 87' lang='grc' dir='ltr'>ταῖς</span> <span class='ocrx_word' id='word_1_676' title='bbox 3287 2705 3539 2772; x_wconf 84' lang='grc' dir='ltr'>πομπαῖς</span> 
     </span>
    </p>
   </div>
   <div class='ocr_carea' id='block_1_90' title="bbox 1959 2786 3542 2864">
    <p class='ocr_par' dir='ltr' id='par_1_90' title="bbox 1959 2786 3542 2864">
     <span class='ocr_line' id='line_1_90' title="bbox 1959 2786 3542 2864; baseline -0.003 -15"><span class='ocrx_word' id='word_1_677' title='bbox 1959 2796 2065 2849; x_wconf 90' lang='grc' dir='ltr'><strong>τῶν</strong></span> <span class='ocrx_word' id='word_1_678' title='bbox 2090 2794 2331 2864; x_wconf 85' lang='grc' dir='ltr'>θεάτρων</span> <span class='ocrx_word' id='word_1_679' title='bbox 2372 2793 2476 2846; x_wconf 79' lang='grc' dir='ltr'><strong>κᾶν</strong></span> <span class='ocrx_word' id='word_1_680' title='bbox 2513 2794 2559 2846; x_wconf 80' lang='lat' dir='ltr'><strong>oi</strong></span> <span class='ocrx_word' id='word_1_681' title='bbox 2601 2792 2754 2845; x_wconf 74' lang='grc' dir='ltr'>αὐτοὶ</span> <span class='ocrx_word' id='word_1_682' title='bbox 2790 2786 2924 2844; x_wconf 80' lang='grc' dir='ltr'>ὦσιν</span> <span class='ocrx_word' id='word_1_683' title='bbox 2959 2792 3009 2844; x_wconf 89' lang='grc' dir='ltr'><strong>οί</strong></span> <span class='ocrx_word' id='word_1_684' title='bbox 3056 2790 3151 2861; x_wconf 81' lang='grc' dir='ltr'><strong>τὴν</strong></span> <span class='ocrx_word' id='word_1_685' title='bbox 3179 2790 3542 2861; x_wconf 80' lang='grc' dir='ltr'>προτεθεῖσαν</span> 
     </span>
    </p>
   </div>
   <div class='ocr_carea' id='block_1_91' title="bbox 2960 2880 3544 2951">
    <p class='ocr_par' dir='ltr' id='par_1_91' title="bbox 2960 2880 3544 2951">
     <span class='ocr_line' id='line_1_91' title="bbox 2960 2880 3544 2951; baseline -0.007 -16"><span class='ocrx_word' id='word_1_686' title='bbox 2960 2922 2974 2944; x_wconf 85' lang='grc'><strong>,</strong></span> <span class='ocrx_word' id='word_1_687' title='bbox 3033 2885 3180 2951; x_wconf 83' lang='grc' dir='ltr'>ὅμως</span> <span class='ocrx_word' id='word_1_688' title='bbox 3236 2880 3415 2951; x_wconf 79' lang='grc' dir='ltr'>ἕτεροι</span> <span class='ocrx_word' id='word_1_689' title='bbox 3480 2880 3544 2944; x_wconf 84' lang='grc' dir='ltr'>ἐξ</span> 
     </span>
    </p>
   </div>
   <div class='ocr_carea' id='block_1_92' title="bbox 1962 2971 3542 3048">
    <p class='ocr_par' dir='ltr' id='par_1_92' title="bbox 1962 2971 3542 3048">
     <span class='ocr_line' id='line_1_92' title="bbox 1962 2971 3542 3048; baseline -0.003 -18"><span class='ocrx_word' id='word_1_690' title='bbox 1962 2978 2161 3048; x_wconf 86' lang='grc' dir='ltr'>ἐτέρων</span> <span class='ocrx_word' id='word_1_691' title='bbox 2221 2976 2526 3046; x_wconf 72' lang='grc' dir='ltr'>νομίζονται</span> <span class='ocrx_word' id='word_1_692' title='bbox 2579 2973 2862 3043; x_wconf 81' lang='grc' dir='ltr'>φαίνεσθαι</span> <span class='ocrx_word' id='word_1_693' title='bbox 2924 2975 2972 3027; x_wconf 82' lang='grc' dir='ltr'>οἱ</span> <span class='ocrx_word' id='word_1_694' title='bbox 3027 2976 3091 3042; x_wconf 84' lang='grc' dir='ltr'>τῇ</span> <span class='ocrx_word' id='word_1_695' title='bbox 3143 2972 3378 3042; x_wconf 56' lang='grc' dir='ltr'>διατορᾷ</span> <span class='ocrx_word' id='word_1_696' title='bbox 3426 2971 3542 3025; x_wconf 89' lang='grc' dir='ltr'><strong>τῶν</strong></span> 
     </span>
    </p>
   </div>
   <div class='ocr_carea' id='block_1_93' title="bbox 1965 3059 3542 3137">
    <p class='ocr_par' dir='ltr' id='par_1_93' title="bbox 1965 3059 3542 3137">
     <span class='ocr_line' id='line_1_93' title="bbox 1965 3059 3542 3137; baseline -0.004 -17"><span class='ocrx_word' id='word_1_697' title='bbox 1965 3066 2320 3137; x_wconf 84' lang='grc' dir='ltr'>προσωπείων</span> <span class='ocrx_word' id='word_1_698' title='bbox 2359 3066 2419 3118; x_wconf 86' lang='grc' dir='ltr'>τὸ</span> <span class='ocrx_word' id='word_1_699' title='bbox 2459 3059 2597 3127; x_wconf 75' lang='grc' dir='ltr'>εἶδος</span> <span class='ocrx_word' id='word_1_700' title='bbox 2641 3062 2701 3116; x_wconf 82' lang='grc' dir='ltr'>τὸ</span> <span class='ocrx_word' id='word_1_701' title='bbox 2736 3065 2862 3133; x_wconf 74' lang='grc' dir='ltr'>περὶ</span> <span class='ocrx_word' id='word_1_702' title='bbox 2901 3064 3096 3124; x_wconf 77' lang='grc' dir='ltr'>αὐτοὺς</span> <span class='ocrx_word' id='word_1_703' title='bbox 3133 3062 3542 3131; x_wconf 76' lang='grc' dir='ltr'>ἐναμείεοντες,</span> 
     </span>
    </p>
   </div>
   <div class='ocr_carea' id='block_1_94' title="bbox 1966 3152 3543 3224">
    <p class='ocr_par' dir='ltr' id='par_1_94' title="bbox 1966 3152 3543 3224">
     <span class='ocr_line' id='line_1_94' title="bbox 1966 3152 3543 3224; baseline -0.005 -13"><span class='ocrx_word' id='word_1_704' title='bbox 1966 3159 2059 3211; x_wconf 75' lang='grc' dir='ltr'><strong>καὶ</strong></span> <span class='ocrx_word' id='word_1_705' title='bbox 2082 3157 2175 3210; x_wconf 81' lang='grc' dir='ltr'><strong>νῦν</strong></span> <span class='ocrx_word' id='word_1_706' title='bbox 2212 3157 2395 3219; x_wconf 80' lang='grc' dir='ltr'>δοῦλος</span> <span class='ocrx_word' id='word_1_707' title='bbox 2440 3156 2535 3209; x_wconf 79' lang='grc' dir='ltr'><strong>καὶ</strong></span> <span class='ocrx_word' id='word_1_708' title='bbox 2587 3153 2799 3224; x_wconf 77' lang='grc' dir='ltr'><strong>ἰδιώτης</strong></span> <span class='ocrx_word' id='word_1_709' title='bbox 2847 3153 3166 3223; x_wconf 81' lang='grc' dir='ltr'>φαινόμενος</span> <span class='ocrx_word' id='word_1_710' title='bbox 3205 3152 3320 3221; x_wconf 80' lang='grc' dir='ltr'>μετ’</span> <span class='ocrx_word' id='word_1_711' title='bbox 3359 3152 3543 3219; x_wconf 79' lang='grc' dir='ltr'>ὀλίγον</span> 
     </span>
    </p>
   </div>
   <div class='ocr_carea' id='block_1_95' title="bbox 1966 3242 3545 3320">
    <p class='ocr_par' dir='ltr' id='par_1_95' title="bbox 1966 3242 3545 3320">
     <span class='ocr_line' id='line_1_95' title="bbox 1966 3242 3545 3320; baseline -0.005 -17"><span class='ocrx_word' id='word_1_712' title='bbox 1966 3247 2219 3320; x_wconf 82' lang='grc' dir='ltr'>ἀριστεύς</span> <span class='ocrx_word' id='word_1_713' title='bbox 2238 3265 2293 3300; x_wconf 88' lang='grc' dir='ltr'>τε</span> <span class='ocrx_word' id='word_1_714' title='bbox 2315 3249 2409 3300; x_wconf 74' lang='grc' dir='ltr'><strong>καὶ</strong></span> <span class='ocrx_word' id='word_1_715' title='bbox 2443 3246 2781 3318; x_wconf 80' lang='grc' dir='ltr'>στρατιώτης</span> <span class='ocrx_word' id='word_1_716' title='bbox 2810 3246 3021 3315; x_wconf 77' lang='grc' dir='ltr'>ὁρᾶται.</span> <span class='ocrx_word' id='word_1_717' title='bbox 3061 3242 3153 3295; x_wconf 79' lang='grc' dir='ltr'><strong>καὶ</strong></span> <span class='ocrx_word' id='word_1_718' title='bbox 3188 3242 3350 3295; x_wconf 85' lang='grc' dir='ltr'>πάλιν</span> <span class='ocrx_word' id='word_1_719' title='bbox 3372 3258 3545 3296; x_wconf 84' lang='grc' dir='ltr'>κατα-</span> 
     </span>
    </p>
   </div>
   <div class='ocr_carea' id='block_1_96' title="bbox 1967 3328 3547 3411">
    <p class='ocr_par' dir='ltr' id='par_1_96' title="bbox 1967 3328 3547 3411">
     <span class='ocr_line' id='line_1_96' title="bbox 1967 3328 3547 3411; baseline -0.004 -18"><span class='ocrx_word' id='word_1_720' title='bbox 1967 3340 2135 3394; x_wconf 88' lang='grc' dir='ltr'>λιπὼν</span> <span class='ocrx_word' id='word_1_721' title='bbox 2179 3341 2240 3393; x_wconf 84' lang='grc' dir='ltr'>τὸ</span> <span class='ocrx_word' id='word_1_722' title='bbox 2270 3339 2574 3411; x_wconf 85' lang='grc' dir='ltr'>ὑποχείριον</span> <span class='ocrx_word' id='word_1_723' title='bbox 2607 3338 2812 3407; x_wconf 82' lang='grc' dir='ltr'>σχῆμα,</span> <span class='ocrx_word' id='word_1_724' title='bbox 2846 3334 3204 3406; x_wconf 73' lang='grc' dir='ltr'>στρατηγικὸν</span> <span class='ocrx_word' id='word_1_725' title='bbox 3242 3328 3381 3397; x_wconf 77' lang='grc' dir='ltr'>εἶδος</span> <span class='ocrx_word' id='word_1_726' title='bbox 3412 3334 3547 3387; x_wconf 87' lang='grc' dir='ltr'>ἀνα-</span> 
     </span>
    </p>
   </div>
   <div class='ocr_carea' id='block_1_97' title="bbox 1967 3421 3546 3500">
    <p class='ocr_par' dir='ltr' id='par_1_97' title="bbox 1967 3421 3546 3500">
     <span class='ocr_line' id='line_1_97' title="bbox 1967 3421 3546 3500; baseline -0.006 -17"><span class='ocrx_word' id='word_1_727' title='bbox 1967 3430 2255 3500; x_wconf 78' lang='grc' dir='ltr'>λαμϐάνει,</span> <span class='ocrx_word' id='word_1_728' title='bbox 2302 3429 2335 3498; x_wconf 83' lang='grc' dir='ltr'>ἢ</span> <span class='ocrx_word' id='word_1_729' title='bbox 2370 3429 2463 3481; x_wconf 74' lang='grc' dir='ltr'><strong>καὶ</strong></span> <span class='ocrx_word' id='word_1_730' title='bbox 2493 3427 2752 3497; x_wconf 83' lang='grc' dir='ltr'>βασιλέως</span> <span class='ocrx_word' id='word_1_731' title='bbox 2796 3423 3006 3497; x_wconf 77' lang='grc' dir='ltr'>μορφὴν</span> <span class='ocrx_word' id='word_1_732' title='bbox 3037 3421 3355 3475; x_wconf 68' lang='grc' dir='ltr'>ὑποδύεται*</span> <span class='ocrx_word' id='word_1_733' title='bbox 3399 3422 3546 3474; x_wconf 79' lang='grc' dir='ltr'>οὕτω</span> 
     </span>
    </p>
   </div>
   <div class='ocr_carea' id='block_1_98' title="bbox 1969 3513 3546 3588">
    <p class='ocr_par' dir='ltr' id='par_1_98' title="bbox 1969 3513 3546 3588">
     <span class='ocr_line' id='line_1_98' title="bbox 1969 3513 3546 3588; baseline -0.005 -15"><span class='ocrx_word' id='word_1_734' title='bbox 1969 3520 2061 3573; x_wconf 58' lang='grc' dir='ltr'><strong>καὶ⁵</strong></span> <span class='ocrx_word' id='word_1_735' title='bbox 2086 3520 2144 3573; x_wconf 86' lang='grc' dir='ltr'>ἐν</span> <span class='ocrx_word' id='word_1_736' title='bbox 2171 3522 2290 3582; x_wconf 85' lang='grc' dir='ltr'>ταῖς</span> <span class='ocrx_word' id='word_1_737' title='bbox 2331 3518 2472 3572; x_wconf 88' lang='grc' dir='ltr'>κατά</span> <span class='ocrx_word' id='word_1_738' title='bbox 2505 3517 2602 3588; x_wconf 80' lang='grc' dir='ltr'>τὴν</span> <span class='ocrx_word' id='word_1_739' title='bbox 2639 3515 2837 3588; x_wconf 87' lang='grc' dir='ltr'>ἀρετὴν</span> <span class='ocrx_word' id='word_1_740' title='bbox 2865 3515 3189 3585; x_wconf 83' lang='grc' dir='ltr'>προκοπαῖς,</span> <span class='ocrx_word' id='word_1_741' title='bbox 3221 3513 3281 3565; x_wconf 82' lang='grc' dir='ltr'>οὐ</span> <span class='ocrx_word' id='word_1_742' title='bbox 3313 3514 3546 3566; x_wconf 82' lang='grc' dir='ltr'>πάντοτε</span> 
     </span>
    </p>
   </div>
   <div class='ocr_carea' id='block_1_99' title="bbox 1969 3603 3549 3682">
    <p class='ocr_par' dir='ltr' id='par_1_99' title="bbox 1969 3603 3549 3682">
     <span class='ocr_line' id='line_1_99' title="bbox 1969 3603 3549 3682; baseline -0.005 -18"><span class='ocrx_word' id='word_1_743' title='bbox 1969 3611 2048 3682; x_wconf 86' lang='grc' dir='ltr'>τῷ</span> <span class='ocrx_word' id='word_1_744' title='bbox 2078 3610 2226 3681; x_wconf 79' lang='grc' dir='ltr'>αὐτῷ</span> <span class='ocrx_word' id='word_1_745' title='bbox 2262 3610 2634 3680; x_wconf 87' lang='grc' dir='ltr'>παραμένουσι</span> <span class='ocrx_word' id='word_1_746' title='bbox 2667 3606 2975 3678; x_wconf 79' lang='grc' dir='ltr'>χαρακτῆρι</span> <span class='ocrx_word' id='word_1_747' title='bbox 3016 3607 3065 3658; x_wconf 89' lang='grc' dir='ltr'><strong>οί</strong></span> <span class='ocrx_word' id='word_1_748' title='bbox 3111 3604 3217 3658; x_wconf 82' lang='grc' dir='ltr'><strong>ἀπὸ</strong></span> <span class='ocrx_word' id='word_1_749' title='bbox 3251 3603 3411 3673; x_wconf 81' lang='grc' dir='ltr'>δόξης</span> <span class='ocrx_word' id='word_1_750' title='bbox 3455 3603 3549 3657; x_wconf 87' lang='grc' dir='ltr'>διά</span> 
     </span>
    </p>
   </div>
   <div class='ocr_carea' id='block_1_100' title="bbox 1969 3694 3546 3772">
    <p class='ocr_par' dir='ltr' id='par_1_100' title="bbox 1969 3694 3546 3772">
     <span class='ocr_line' id='line_1_100' title="bbox 1969 3694 3546 3772; baseline -0.006 -16"><span class='ocrx_word' id='word_1_751' title='bbox 1969 3704 2069 3772; x_wconf 80' lang='grc' dir='ltr'>τῆς</span> <span class='ocrx_word' id='word_1_752' title='bbox 2113 3703 2221 3755; x_wconf 89' lang='grc' dir='ltr'><strong>τῶν</strong></span> <span class='ocrx_word' id='word_1_753' title='bbox 2270 3701 2614 3772; x_wconf 72' lang='grc' dir='ltr'>ὑψηλοτέρων</span> <span class='ocrx_word' id='word_1_754' title='bbox 2671 3698 2960 3769; x_wconf 77' lang='grc' dir='ltr'>ἐπιθυμίας</span> <span class='ocrx_word' id='word_1_755' title='bbox 3007 3694 3546 3766; x_wconf 77' lang='grc' dir='ltr'>μεταμορφούμενοι,</span> 
     </span>
    </p>
   </div>
   <div class='ocr_carea' id='block_1_101' title="bbox 1972 3785 3547 3862">
    <p class='ocr_par' dir='ltr' id='par_1_101' title="bbox 1972 3785 3547 3862">
     <span class='ocr_line' id='line_1_101' title="bbox 1972 3785 3547 3862; baseline -0.005 -17"><span class='ocrx_word' id='word_1_756' title='bbox 1972 3792 2107 3846; x_wconf 90' lang='grc' dir='ltr'>ἀλλά</span> <span class='ocrx_word' id='word_1_757' title='bbox 2139 3791 2274 3862; x_wconf 79' lang='grc' dir='ltr'>πρὸς</span> <span class='ocrx_word' id='word_1_758' title='bbox 2300 3791 2456 3859; x_wconf 90' lang='grc' dir='ltr'>λόγον</span> <span class='ocrx_word' id='word_1_759' title='bbox 2484 3791 2570 3844; x_wconf 76' lang='grc' dir='ltr'><strong>ἀεὶ</strong></span> <span class='ocrx_word' id='word_1_760' title='bbox 2603 3788 3038 3860; x_wconf 87' lang='grc' dir='ltr'>κατορθωθείσης</span> <span class='ocrx_word' id='word_1_761' title='bbox 3062 3787 3277 3855; x_wconf 84' lang='grc' dir='ltr'>ἐκάστῳ</span> <span class='ocrx_word' id='word_1_762' title='bbox 3298 3785 3398 3855; x_wconf 82' lang='grc' dir='ltr'><strong>τῆς</strong></span> <span class='ocrx_word' id='word_1_763' title='bbox 3433 3785 3547 3838; x_wconf 83' lang='grc' dir='ltr'><strong>τῶν</strong></span> 
     </span>
    </p>
   </div>
   <div class='ocr_carea' id='block_1_102' title="bbox 1970 3875 3545 3950">
    <p class='ocr_par' dir='ltr' id='par_1_102' title="bbox 1970 3875 3545 3950">
     <span class='ocr_line' id='line_1_102' title="bbox 1970 3875 3545 3950; baseline -0.005 -16"><span class='ocrx_word' id='word_1_764' title='bbox 1970 3878 2191 3949; x_wconf 86' lang='grc' dir='ltr'>ἀγαθῶν</span> <span class='ocrx_word' id='word_1_765' title='bbox 2214 3879 2569 3950; x_wconf 80' lang='grc' dir='ltr'>τελειότητος,</span> <span class='ocrx_word' id='word_1_766' title='bbox 2609 3877 2740 3940; x_wconf 77' lang='grc' dir='ltr'>ἴδιός</span> <span class='ocrx_word' id='word_1_767' title='bbox 2761 3893 2846 3939; x_wconf 89' lang='grc' dir='ltr'><strong>τις</strong></span> <span class='ocrx_word' id='word_1_768' title='bbox 2874 3875 2954 3947; x_wconf 79' lang='grc' dir='ltr'>τῷ</span> <span class='ocrx_word' id='word_1_769' title='bbox 2977 3875 3076 3947; x_wconf 85' lang='grc' dir='ltr'>βίῳ</span> <span class='ocrx_word' id='word_1_770' title='bbox 3105 3875 3388 3945; x_wconf 80' lang='grc' dir='ltr'>χαρακτὴρ</span> <span class='ocrx_word' id='word_1_771' title='bbox 3420 3875 3545 3927; x_wconf 81' lang='grc' dir='ltr'>ἐπι-</span> 
     </span>
    </p>
   </div>
   <div class='ocr_carea' id='block_1_103' title="bbox 1972 3964 3547 4042">
    <p class='ocr_par' dir='ltr' id='par_1_103' title="bbox 1972 3964 3547 4042">
     <span class='ocr_line' id='line_1_103' title="bbox 1972 3964 3547 4042; baseline -0.004 -17"><span class='ocrx_word' id='word_1_772' title='bbox 1972 3972 2198 4042; x_wconf 82' lang='grc' dir='ltr'>λάμπει,</span> <span class='ocrx_word' id='word_1_773' title='bbox 2224 3969 2383 4032; x_wconf 78' lang='grc' dir='ltr'>άλλος</span> <span class='ocrx_word' id='word_1_774' title='bbox 2410 3968 2472 4033; x_wconf 79' lang='grc' dir='ltr'>ἐξ</span> <span class='ocrx_word' id='word_1_775' title='bbox 2501 3967 2661 4023; x_wconf 76' lang='grc' dir='ltr'>ἄλλου</span> <span class='ocrx_word' id='word_1_776' title='bbox 2682 3967 2984 4038; x_wconf 84' lang='grc' dir='ltr'>γινόμενος,</span> <span class='ocrx_word' id='word_1_777' title='bbox 3017 3967 3105 4020; x_wconf 85' lang='grc' dir='ltr'>διά</span> <span class='ocrx_word' id='word_1_778' title='bbox 3131 3968 3227 4036; x_wconf 78' lang='grc' dir='ltr'><strong>τῆς</strong></span> <span class='ocrx_word' id='word_1_779' title='bbox 3269 3964 3379 4018; x_wconf 86' lang='grc' dir='ltr'><strong>τῶν</strong></span> <span class='ocrx_word' id='word_1_780' title='bbox 3406 3968 3547 4035; x_wconf 85' lang='grc' dir='ltr'>ἀγα-</span> 
     </span>
    </p>
   </div>
   <div class='ocr_carea' id='block_1_104' title="bbox 1975 4054 3548 4131">
    <p class='ocr_par' dir='ltr' id='par_1_104' title="bbox 1975 4054 3548 4131">
     <span class='ocr_line' id='line_1_104' title="bbox 1975 4054 3548 4131; baseline -0.004 -15"><span class='ocrx_word' id='word_1_781' title='bbox 1975 4062 2083 4117; x_wconf 89' lang='grc' dir='ltr'><strong>θῶν</strong></span> <span class='ocrx_word' id='word_1_782' title='bbox 2112 4060 2481 4131; x_wconf 82' lang='grc' dir='ltr'>ἐπαυξήσεως.</span> <span class='ocrx_word' id='word_1_783' title='bbox 2521 4059 2612 4113; x_wconf 88' lang='grc' dir='ltr'><strong>Διό</strong></span> <span class='ocrx_word' id='word_1_784' title='bbox 2636 4076 2727 4129; x_wconf 89' lang='grc' dir='ltr'><strong>μοι</strong></span> <span class='ocrx_word' id='word_1_785' title='bbox 2747 4058 2961 4112; x_wconf 82' lang='grc' dir='ltr'>δοκοῦσι</span> <span class='ocrx_word' id='word_1_786' title='bbox 2992 4054 3291 4121; x_wconf 71' lang='grc' dir='ltr'>ξενίζεσθαι</span> <span class='ocrx_word' id='word_1_787' title='bbox 3315 4056 3453 4126; x_wconf 84' lang='grc' dir='ltr'>πρὸς</span> <span class='ocrx_word' id='word_1_788' title='bbox 3483 4056 3548 4109; x_wconf 85' lang='grc' dir='ltr'>τὸ</span> 
     </span>
    </p>
   </div>
   <div class='ocr_carea' id='block_1_105' title="bbox 1976 4141 3549 4221">
    <p class='ocr_par' dir='ltr' id='par_1_105' title="bbox 1976 4141 3549 4221">
     <span class='ocr_line' id='line_1_105' title="bbox 1976 4141 3549 4221; baseline -0.006 -16"><span class='ocrx_word' id='word_1_789' title='bbox 1976 4151 2297 4221; x_wconf 82' lang='grc' dir='ltr'>φαινόμενον</span> <span class='ocrx_word' id='word_1_790' title='bbox 2335 4150 2384 4203; x_wconf 84' lang='lat' dir='ltr'><strong>oi</strong></span> <span class='ocrx_word' id='word_1_791' title='bbox 2428 4147 2569 4217; x_wconf 83' lang='grc' dir='ltr'>φίλοι</span> <span class='ocrx_word' id='word_1_792' title='bbox 2617 4144 2714 4199; x_wconf 81' lang='grc' dir='ltr'><strong>τοῦ</strong></span> <span class='ocrx_word' id='word_1_793' title='bbox 2751 4144 3005 4215; x_wconf 84' lang='grc' dir='ltr'>νυμφίου,</span> <span class='ocrx_word' id='word_1_794' title='bbox 3047 4144 3097 4197; x_wconf 84' lang='grc' dir='ltr'>οἱ</span> <span class='ocrx_word' id='word_1_795' title='bbox 3135 4142 3400 4213; x_wconf 88' lang='grc' dir='ltr'>πρότερον</span> <span class='ocrx_word' id='word_1_796' title='bbox 3446 4141 3549 4212; x_wconf 81' lang='grc' dir='ltr'><strong>μὲν</strong></span> 
     </span>
    </p>
   </div>
   <div class='ocr_carea' id='block_1_106' title="bbox 1904 4210 3627 4314">
    <p class='ocr_par' dir='ltr' id='par_1_106' title="bbox 1904 4210 3627 4314">
     <span class='ocr_line' id='line_1_106' title="bbox 1904 4210 3627 4314; baseline -0.01 -15"><span class='ocrx_word' id='word_1_797' title='bbox 1904 4210 1947 4266; x_wconf 70' lang='grc' dir='ltr'>ὓ</span> <span class='ocrx_word' id='word_1_798' title='bbox 1974 4210 2152 4314; x_wconf 47' lang='grc' dir='ltr'>ἀϋτὴν.</span> <span class='ocrx_word' id='word_1_799' title='bbox 2179 4210 2479 4311; x_wconf 74' lang='grc' dir='ltr'>ἐγνωκότες</span> <span class='ocrx_word' id='word_1_800' title='bbox 2516 4237 2708 4307; x_wconf 84' lang='grc' dir='ltr'>καλὴν,</span> <span class='ocrx_word' id='word_1_801' title='bbox 2745 4210 2973 4296; x_wconf 30' lang='grc' dir='ltr'>ἀλλ’-ὠς</span> <span class='ocrx_word' id='word_1_802' title='bbox 3003 4234 3062 4286; x_wconf 93' lang='grc' dir='ltr'><strong>ἐν</strong></span> <span class='ocrx_word' id='word_1_803' title='bbox 3088 4210 3507 4301; x_wconf 28' lang='grc' dir='ltr'>γυναιξὶνκαλην</span> <span class='ocrx_word' id='word_1_804' title='bbox 3528 4245 3543 4259; x_wconf 86' lang='grc'><strong>·</strong></span> <span class='ocrx_word' id='word_1_805' title='bbox 3618 4228 3627 4233; x_wconf 62' lang='grc'><em>“</em></span> 
     </span>
    </p>
   </div>
   <div class='ocr_carea' id='block_1_107' title="bbox 1976 4321 3551 4404">
    <p class='ocr_par' dir='ltr' id='par_1_107' title="bbox 1976 4321 3551 4404">
     <span class='ocr_line' id='line_1_107' title="bbox 1976 4321 3551 4404; baseline -0.008 -17"><span class='ocrx_word' id='word_1_806' title='bbox 1976 4332 2114 4404; x_wconf 83' lang='grc' dir='ltr'>μετά</span> <span class='ocrx_word' id='word_1_807' title='bbox 2141 4330 2313 4385; x_wconf 81' lang='grc' dir='ltr'>ταῦτα</span> <span class='ocrx_word' id='word_1_808' title='bbox 2335 4330 2391 4383; x_wconf 89' lang='grc' dir='ltr'><strong>δέ</strong></span> <span class='ocrx_word' id='word_1_809' title='bbox 2417 4329 2484 4383; x_wconf 87' lang='grc' dir='ltr'>δι’</span> <span class='ocrx_word' id='word_1_810' title='bbox 2505 4327 2799 4398; x_wconf 84' lang='grc' dir='ltr'>ὁμοιότητα</span> <span class='ocrx_word' id='word_1_811' title='bbox 2819 4324 3041 4397; x_wconf 91' lang='grc' dir='ltr'>χρυσίου</span> <span class='ocrx_word' id='word_1_812' title='bbox 3068 4321 3206 4393; x_wconf 86' lang='grc' dir='ltr'>μετά</span> <span class='ocrx_word' id='word_1_813' title='bbox 3231 4322 3551 4390; x_wconf 84' lang='grc' dir='ltr'>στιγμάτων</span> 
     </span>
    </p>
   </div>
   <div class='ocr_carea' id='block_1_108' title="bbox 1972 4408 3549 4489">
    <p class='ocr_par' dir='ltr' id='par_1_108' title="bbox 1972 4408 3549 4489">
     <span class='ocr_line' id='line_1_108' title="bbox 1972 4408 3549 4489; baseline -0.008 -15"><span class='ocrx_word' id='word_1_814' title='bbox 1972 4419 2066 4474; x_wconf 84' lang='grc' dir='ltr'>τοῦ</span> <span class='ocrx_word' id='word_1_815' title='bbox 2089 4418 2352 4489; x_wconf 79' lang='grc' dir='ltr'>ἀργυρίου</span> <span class='ocrx_word' id='word_1_816' title='bbox 2389 4417 2450 4470; x_wconf 82' lang='grc' dir='ltr'>τὸ</span> <span class='ocrx_word' id='word_1_817' title='bbox 2487 4414 2681 4478; x_wconf 89' lang='grc' dir='ltr'>κάλλος</span> <span class='ocrx_word' id='word_1_818' title='bbox 2722 4413 2893 4482; x_wconf 82' lang='grc' dir='ltr'>αὐτῆς</span> <span class='ocrx_word' id='word_1_819' title='bbox 2923 4410 3269 4483; x_wconf 77' lang='grc' dir='ltr'>ὡραϊζοντες.</span> <span class='ocrx_word' id='word_1_820' title='bbox 3309 4410 3449 4463; x_wconf 76' lang='grc' dir='ltr'>Νυνὶ</span> <span class='ocrx_word' id='word_1_821' title='bbox 3491 4408 3549 4462; x_wconf 81' lang='grc' dir='ltr'>δὲ</span> 
     </span>
    </p>
   </div>
   <div class='ocr_carea' id='block_1_109' title="bbox 1979 4501 3548 4584">
    <p class='ocr_par' dir='ltr' id='par_1_109' title="bbox 1979 4501 3548 4584">
     <span class='ocr_line' id='line_1_109' title="bbox 1979 4501 3548 4584; baseline -0.008 -16"><span class='ocrx_word' id='word_1_822' title='bbox 1979 4513 2144 4584; x_wconf 83' lang='grc' dir='ltr'>μηδὲν</span> <span class='ocrx_word' id='word_1_823' title='bbox 2178 4511 2288 4565; x_wconf 89' lang='grc' dir='ltr'><strong>τῶν</strong></span> <span class='ocrx_word' id='word_1_824' title='bbox 2336 4509 2714 4582; x_wconf 76' lang='grc' dir='ltr'>προλαϐόντων</span> <span class='ocrx_word' id='word_1_825' title='bbox 2752 4506 2994 4576; x_wconf 82' lang='grc' dir='ltr'>σημείων</span> <span class='ocrx_word' id='word_1_826' title='bbox 3026 4506 3157 4575; x_wconf 78' lang='grc' dir='ltr'>περὶ</span> <span class='ocrx_word' id='word_1_827' title='bbox 3198 4501 3367 4573; x_wconf 79' lang='grc' dir='ltr'>αὐτὴν</span> <span class='ocrx_word' id='word_1_828' title='bbox 3412 4502 3548 4556; x_wconf 88' lang='grc' dir='ltr'>καθ-</span> 
     </span>
    </p>
   </div>
   <div class='ocr_carea' id='block_1_110' title="bbox 1974 4592 3545 4675">
    <p class='ocr_par' dir='ltr' id='par_1_110' title="bbox 1974 4592 3545 4675">
     <span class='ocr_line' id='line_1_110' title="bbox 1974 4592 3545 4675; baseline -0.009 -17"><span class='ocrx_word' id='word_1_829' title='bbox 1974 4606 2227 4675; x_wconf 87' lang='grc' dir='ltr'>ορῶντες,</span> <span class='ocrx_word' id='word_1_830' title='bbox 2254 4602 2367 4656; x_wconf 81' lang='grc' dir='ltr'>ἀλλ’</span> <span class='ocrx_word' id='word_1_831' title='bbox 2406 4600 2514 4654; x_wconf 80' lang='grc' dir='ltr'><strong>ἀπὸ</strong></span> <span class='ocrx_word' id='word_1_832' title='bbox 2531 4600 2638 4654; x_wconf 88' lang='grc' dir='ltr'><strong>τῶν</strong></span> <span class='ocrx_word' id='word_1_833' title='bbox 2667 4597 3008 4669; x_wconf 78' lang='grc' dir='ltr'>ὑψηλοτέρων</span> <span class='ocrx_word' id='word_1_834' title='bbox 3035 4592 3545 4666; x_wconf 71' lang='grc' dir='ltr'>χαρακτηρίζοντες,</span> 
     </span>
    </p>
   </div>
   <div class='ocr_carea' id='block_1_111' title="bbox 1977 4684 3550 4765">
    <p class='ocr_par' dir='ltr' id='par_1_111' title="bbox 1977 4684 3550 4765">
     <span class='ocr_line' id='line_1_111' title="bbox 1977 4684 3550 4765; baseline -0.007 -17"><span class='ocrx_word' id='word_1_835' title='bbox 1977 4693 2345 4765; x_wconf 78' lang='grc' dir='ltr'>θαυμάζουσιν</span> <span class='ocrx_word' id='word_1_836' title='bbox 2381 4692 2443 4745; x_wconf 84' lang='grc' dir='ltr'>οὐ</span> <span class='ocrx_word' id='word_1_837' title='bbox 2485 4691 2643 4762; x_wconf 85' lang='grc' dir='ltr'>μόνον</span> <span class='ocrx_word' id='word_1_838' title='bbox 2665 4690 2764 4761; x_wconf 84' lang='grc' dir='ltr'><strong>τὴν</strong></span> <span class='ocrx_word' id='word_1_839' title='bbox 2803 4688 3006 4748; x_wconf 81' lang='grc' dir='ltr'>ἄνοδον.</span> <span class='ocrx_word' id='word_1_840' title='bbox 3043 4685 3180 4739; x_wconf 87' lang='grc' dir='ltr'><strong>ἀλλά</strong></span> <span class='ocrx_word' id='word_1_841' title='bbox 3208 4686 3302 4739; x_wconf 78' lang='grc' dir='ltr'><strong>καὶ</strong></span> <span class='ocrx_word' id='word_1_842' title='bbox 3329 4684 3454 4738; x_wconf 87' lang='grc' dir='ltr'>ὅθεν</span> <span class='ocrx_word' id='word_1_843' title='bbox 3483 4684 3550 4738; x_wconf 79' lang='grc' dir='ltr'><strong>ἂν</strong></span> 
     </span>
    </p>
   </div>
   <div class='ocr_carea' id='block_1_112' title="bbox 1978 4777 3552 4856">
    <p class='ocr_par' dir='ltr' id='par_1_112' title="bbox 1978 4777 3552 4856">
     <span class='ocr_line' id='line_1_112' title="bbox 1978 4777 3552 4856; baseline -0.008 -16"><span class='ocrx_word' id='word_1_844' title='bbox 1978 4786 2228 4856; x_wconf 76' lang='grc' dir='ltr'>ἔδραμεν.</span> <span class='ocrx_word' id='word_1_845' title='bbox 2278 4783 2448 4836; x_wconf 82' lang='grc' dir='ltr'>Τοῦτο</span> <span class='ocrx_word' id='word_1_846' title='bbox 2484 4782 2594 4853; x_wconf 90' lang='grc' dir='ltr'><strong>γάρ</strong></span> <span class='ocrx_word' id='word_1_847' title='bbox 2626 4784 2774 4834; x_wconf 85' lang='grc' dir='ltr'>ἐστιν</span> <span class='ocrx_word' id='word_1_848' title='bbox 2803 4780 2833 4834; x_wconf 87' lang='grc' dir='ltr'><strong>ὃ</strong></span> <span class='ocrx_word' id='word_1_849' title='bbox 2864 4780 2963 4850; x_wconf 85' lang='grc' dir='ltr'><strong>τὴν</strong></span> <span class='ocrx_word' id='word_1_850' title='bbox 3002 4779 3250 4832; x_wconf 87' lang='grc' dir='ltr'>ἐπίτασιν</span> <span class='ocrx_word' id='word_1_851' title='bbox 3280 4779 3422 4829; x_wconf 87' lang='grc' dir='ltr'><strong>ποιεί</strong></span> <span class='ocrx_word' id='word_1_852' title='bbox 3450 4777 3552 4845; x_wconf 82' lang='grc' dir='ltr'>τῆς</span> 
     </span>
    </p>
   </div>
   <div class='ocr_carea' id='block_1_113' title="bbox 1979 4869 3551 4949">
    <p class='ocr_par' dir='ltr' id='par_1_113' title="bbox 1979 4869 3551 4949">
     <span class='ocr_line' id='line_1_113' title="bbox 1979 4869 3551 4949; baseline -0.007 -17"><span class='ocrx_word' id='word_1_853' title='bbox 1979 4876 2325 4949; x_wconf 78' lang='grc' dir='ltr'>ἐκπλήξεως·</span> <span class='ocrx_word' id='word_1_854' title='bbox 2379 4875 2476 4945; x_wconf 88' lang='grc' dir='ltr'><strong>μία</strong></span> <span class='ocrx_word' id='word_1_855' title='bbox 2517 4876 2708 4946; x_wconf 77' lang='grc' dir='ltr'>ὁρᾶται</span> <span class='ocrx_word' id='word_1_856' title='bbox 2751 4875 2784 4943; x_wconf 81' lang='grc' dir='ltr'><strong>ἡ</strong></span> <span class='ocrx_word' id='word_1_857' title='bbox 2816 4871 3218 4931; x_wconf 78' lang='grc' dir='ltr'>ἀναϐαίνουσα,</span> <span class='ocrx_word' id='word_1_858' title='bbox 3271 4869 3365 4922; x_wconf 72' lang='grc' dir='ltr'><strong>καὶ</strong></span> <span class='ocrx_word' id='word_1_859' title='bbox 3396 4869 3551 4921; x_wconf 74' lang='grc' dir='ltr'>ἄλσει</span> 
     </span>
    </p>
   </div>
   <div class='ocr_carea' id='block_1_114' title="bbox 1977 4959 3554 5039">
    <p class='ocr_par' dir='ltr' id='par_1_114' title="bbox 1977 4959 3554 5039">
     <span class='ocr_line' id='line_1_114' title="bbox 1977 4959 3554 5039; baseline -0.006 -16"><span class='ocrx_word' id='word_1_860' title='bbox 1977 4969 2203 5039; x_wconf 86' lang='grc' dir='ltr'>δένδρων</span> <span class='ocrx_word' id='word_1_861' title='bbox 2232 4966 2296 5020; x_wconf 81' lang='grc' dir='ltr'>τὸ</span> <span class='ocrx_word' id='word_1_862' title='bbox 2332 4965 2651 5035; x_wconf 83' lang='grc' dir='ltr'>φαινόμενον</span> <span class='ocrx_word' id='word_1_863' title='bbox 2693 4962 3125 5035; x_wconf 73' lang='grc' dir='ltr'>παραϐάλλεταισ</span> <span class='ocrx_word' id='word_1_864' title='bbox 3176 4959 3402 5031; x_wconf 82' lang='grc' dir='ltr'>στελέχη</span> <span class='ocrx_word' id='word_1_865' title='bbox 3443 4960 3554 5032; x_wconf 90' lang='grc' dir='ltr'>γάρ</span> 
     </span>
    </p>
   </div>
   <div class='ocr_carea' id='block_1_115' title="bbox 1979 5047 3553 5131">
    <p class='ocr_par' dir='ltr' id='par_1_115' title="bbox 1979 5047 3553 5131">
     <span class='ocr_line' id='line_1_115' title="bbox 1979 5047 3553 5131; baseline -0.01 -18"><span class='ocrx_word' id='word_1_866' title='bbox 1979 5058 2206 5131; x_wconf 83' lang='grc' dir='ltr'>ὁρᾶσθαι</span> <span class='ocrx_word' id='word_1_867' title='bbox 2238 5054 2515 5125; x_wconf 77' lang='grc' dir='ltr'>νομίζεται</span> <span class='ocrx_word' id='word_1_868' title='bbox 2546 5055 2602 5117; x_wconf 83' lang='grc' dir='ltr'>ἐς</span> <span class='ocrx_word' id='word_1_869' title='bbox 2632 5051 2765 5120; x_wconf 79' lang='grc' dir='ltr'>ὖψος</span> <span class='ocrx_word' id='word_1_870' title='bbox 2794 5049 3158 5120; x_wconf 78' lang='grc' dir='ltr'>ἀνατρέχοντα</span> <span class='ocrx_word' id='word_1_871' title='bbox 3194 5047 3289 5100; x_wconf 61' lang='lat' dir='ltr'><strong>ita}.</strong></span> <span class='ocrx_word' id='word_1_872' title='bbox 3324 5047 3553 5112; x_wconf 80' lang='grc' dir='ltr'><strong>αὐξανό-</strong></span> 
     </span>
    </p>
   </div>
   <div class='ocr_carea' id='block_1_116' title="bbox 1983 5137 3553 5220">
    <p class='ocr_par' dir='ltr' id='par_1_116' title="bbox 1983 5137 3553 5220">
     <span class='ocr_line' id='line_1_116' title="bbox 1983 5137 3553 5220; baseline -0.009 -17"><span class='ocrx_word' id='word_1_873' title='bbox 1983 5165 2137 5220; x_wconf 91' lang='grc' dir='ltr'>μενα.</span> <span class='ocrx_word' id='word_1_874' title='bbox 2168 5147 2240 5200; x_wconf 84' lang='grc' dir='ltr'><strong>Τὸ</strong></span> <span class='ocrx_word' id='word_1_875' title='bbox 2259 5147 2316 5199; x_wconf 88' lang='grc' dir='ltr'><strong>δέ</strong></span> <span class='ocrx_word' id='word_1_876' title='bbox 2338 5144 2640 5217; x_wconf 83' lang='grc' dir='ltr'>ὑποτρέφον</span> <span class='ocrx_word' id='word_1_877' title='bbox 2659 5140 2727 5195; x_wconf 80' lang='grc' dir='ltr'><strong>τά</strong></span> <span class='ocrx_word' id='word_1_878' title='bbox 2753 5140 2977 5211; x_wconf 84' lang='grc' dir='ltr'>στελέχη</span> <span class='ocrx_word' id='word_1_879' title='bbox 3001 5138 3195 5202; x_wconf 79' lang='grc' dir='ltr'>ταῦτα,</span> <span class='ocrx_word' id='word_1_880' title='bbox 3218 5138 3279 5191; x_wconf 83' lang='grc' dir='ltr'>οὐ</span> <span class='ocrx_word' id='word_1_881' title='bbox 3310 5138 3451 5191; x_wconf 85' lang='grc' dir='ltr'>πίων</span> <span class='ocrx_word' id='word_1_882' title='bbox 3472 5137 3553 5200; x_wconf 85' lang='grc' dir='ltr'><strong>τίς</strong></span> 
     </span>
    </p>
   </div>
   <div class='ocr_carea' id='block_1_117' title="bbox 1978 5232 3557 5312">
    <p class='ocr_par' dir='ltr' id='par_1_117' title="bbox 1978 5232 3557 5312">
     <span class='ocr_line' id='line_1_117' title="bbox 1978 5232 3557 5312; baseline -0.008 -15"><span class='ocrx_word' id='word_1_883' title='bbox 1978 5246 2097 5297; x_wconf 86' lang='grc' dir='ltr'>ἐστι</span> <span class='ocrx_word' id='word_1_884' title='bbox 2126 5242 2199 5312; x_wconf 81' lang='grc' dir='ltr'>γῆ</span> <span class='ocrx_word' id='word_1_885' title='bbox 2234 5240 2332 5294; x_wconf 81' lang='grc' dir='ltr'><strong>καὶ</strong></span> <span class='ocrx_word' id='word_1_886' title='bbox 2359 5238 2721 5309; x_wconf 78' lang='grc' dir='ltr'>κατάρρυτος,</span> <span class='ocrx_word' id='word_1_887' title='bbox 2757 5234 2873 5289; x_wconf 76' lang='grc' dir='ltr'>ἀλλ’</span> <span class='ocrx_word' id='word_1_888' title='bbox 2911 5233 3173 5305; x_wconf 79' lang='grc' dir='ltr'>αὐχμηρά</span> <span class='ocrx_word' id='word_1_889' title='bbox 3204 5233 3298 5286; x_wconf 72' lang='grc' dir='ltr'><strong>καὶ</strong></span> <span class='ocrx_word' id='word_1_890' title='bbox 3320 5232 3557 5301; x_wconf 68' lang='grc' dir='ltr'>διψιὶιδης</span> 
     </span>
    </p>
   </div>
   <div class='ocr_carea' id='block_1_118' title="bbox 1979 5323 3555 5402">
    <p class='ocr_par' dir='ltr' id='par_1_118' title="bbox 1979 5323 3555 5402">
     <span class='ocr_line' id='line_1_118' title="bbox 1979 5323 3555 5402; baseline -0.006 -17"><span class='ocrx_word' id='word_1_891' title='bbox 1979 5349 2038 5385; x_wconf 89' lang='grc' dir='ltr'><strong>τε</strong></span> <span class='ocrx_word' id='word_1_892' title='bbox 2078 5333 2172 5386; x_wconf 80' lang='grc' dir='ltr'>καὶ</span> <span class='ocrx_word' id='word_1_893' title='bbox 2216 5332 2437 5402; x_wconf 71' lang='grc' dir='ltr'>ἔρημος.</span> <span class='ocrx_word' id='word_1_894' title='bbox 2488 5330 2606 5382; x_wconf 88' lang='grc' dir='ltr'>Τίνι</span> <span class='ocrx_word' id='word_1_895' title='bbox 2649 5328 2826 5381; x_wconf 84' lang='grc' dir='ltr'>τοίνυν</span> <span class='ocrx_word' id='word_1_896' title='bbox 2869 5324 3179 5398; x_wconf 76' lang='grc' dir='ltr'>ἐρριζοῦται</span> <span class='ocrx_word' id='word_1_897' title='bbox 3214 5324 3283 5377; x_wconf 88' lang='grc' dir='ltr'>τά</span> <span class='ocrx_word' id='word_1_898' title='bbox 3328 5323 3555 5393; x_wconf 84' lang='grc' dir='ltr'>στελέχη</span> 
     </span>
    </p>
   </div>
   <div class='ocr_carea' id='block_1_119' title="bbox 1980 5412 3567 5490">
    <p class='ocr_par' dir='ltr' id='par_1_119' title="bbox 1980 5412 3567 5490">
     <span class='ocr_line' id='line_1_119' title="bbox 1980 5412 3567 5490; baseline -0.008 -13"><span class='ocrx_word' id='word_1_899' title='bbox 1980 5423 2174 5490; x_wconf 79' lang='grc' dir='ltr'>ταῦτα,</span> <span class='ocrx_word' id='word_1_900' title='bbox 2187 5424 2279 5477; x_wconf 68' lang='grc' dir='ltr'><strong>καὶ</strong></span> <span class='ocrx_word' id='word_1_901' title='bbox 2296 5422 2417 5476; x_wconf 85' lang='grc' dir='ltr'>ὅθεν</span> <span class='ocrx_word' id='word_1_902' title='bbox 2436 5419 2690 5486; x_wconf 75' lang='grc' dir='ltr'>αὕξεταις</span> <span class='ocrx_word' id='word_1_903' title='bbox 2721 5415 2875 5480; x_wconf 80' lang='grc' dir='ltr'>Ῥίζα</span> <span class='ocrx_word' id='word_1_904' title='bbox 2897 5416 2997 5486; x_wconf 77' lang='grc' dir='ltr'>μὲν</span> <span class='ocrx_word' id='word_1_905' title='bbox 3017 5415 3221 5478; x_wconf 72' lang='grc' dir='ltr'>αὐτοῖς,</span> <span class='ocrx_word' id='word_1_906' title='bbox 3243 5415 3277 5484; x_wconf 79' lang='grc' dir='ltr'>ἡ</span> <span class='ocrx_word' id='word_1_907' title='bbox 3293 5412 3403 5465; x_wconf 87' lang='grc' dir='ltr'><strong>τῶν</strong></span> <span class='ocrx_word' id='word_1_908' title='bbox 3422 5413 3567 5483; x_wconf 85' lang='grc' dir='ltr'>ἀρω-</span> 
     </span>
    </p>
   </div>
   <div class='ocr_carea' id='block_1_120' title="bbox 1986 5500 3559 5583">
    <p class='ocr_par' dir='ltr' id='par_1_120' title="bbox 1986 5500 3559 5583">
     <span class='ocr_line' id='line_1_120' title="bbox 1986 5500 3559 5583; baseline -0.01 -14"><span class='ocrx_word' id='word_1_909' title='bbox 1986 5512 2168 5583; x_wconf 87' lang='grc' dir='ltr'>μάτων</span> <span class='ocrx_word' id='word_1_910' title='bbox 2204 5511 2349 5573; x_wconf 80' lang='grc' dir='ltr'>κόνις</span> <span class='ocrx_word' id='word_1_911' title='bbox 2386 5508 2551 5565; x_wconf 87' lang='grc' dir='ltr'>ἐστίν.</span> <span class='ocrx_word' id='word_1_912' title='bbox 2591 5505 2802 5577; x_wconf 77' lang='grc' dir='ltr'>’Δρδεία</span> <span class='ocrx_word' id='word_1_913' title='bbox 2822 5504 2878 5558; x_wconf 79' lang='grc' dir='ltr'>δὲ</span> <span class='ocrx_word' id='word_1_914' title='bbox 2911 5506 2940 5558; x_wconf 85' lang='grc' dir='ltr'><strong>ό</strong></span> <span class='ocrx_word' id='word_1_915' title='bbox 2976 5505 3039 5557; x_wconf 91' lang='grc' dir='ltr'>ἐκ</span> <span class='ocrx_word' id='word_1_916' title='bbox 3069 5501 3176 5558; x_wconf 86' lang='grc' dir='ltr'><strong>τῶν</strong></span> <span class='ocrx_word' id='word_1_917' title='bbox 3199 5500 3559 5574; x_wconf 78' lang='grc' dir='ltr'>θυμιαμάτων</span> 
     </span>
    </p>
   </div>
  </div>
