3742 5986
180 349 283 406 897

1209 346 1277 402 ΙΝ
1301 345 1602 404 CANTICA
1641 348 1910 406 CANTIC.
1955 352 2240 413 HOMILIA
2278 360 2367 417 Vl.

3357 361 3462 418 898

185 463 356 535 ἀτμὸς
373 462 735 534 ἑπιδροσίζων
749 462 839 516 διά
852 464 951 531 τῆς
966 462 1196 525 εὐωδίας
1210 460 1369 516 τοῦτο
1382 462 1443 516 τὸ
1462 462 1644 527 ἄλσος,
1659 487 1663 508 ι

1982 473 2111 541 μιοά
2142 472 2347 529 dicitur
2374 476 2516 545 ejus,
2550 477 2618 532 de
2641 492 2747 548 qua
2785 478 2953 532 latum
2989 476 3092 532 fuit
3138 473 3206 532 de
3227 475 3316 533 his
3349 483 3460 533 tes-

184 559 407 611 ἒπαινον
424 556 673 627 περιέχει
689 556 787 625 τῆς
808 555 902 609 ἐπὶ
924 558 1036 619 τοῖς
1050 554 1311 619 τοιούτοις
1331 555 1778 627 μαρτυρηθείσης

183 646 409 715 ὀλόγος.
453 646 607 699 Τότε
649 645 759 717 γὰρ
796 645 1058 716 ἀλλήλους
1094 641 1357 718 διερωτᾷν
1392 646 1647 717 περὶτῆς
1680 647 1773 716 6gp-

184 738 392 809 θεία-ης,
442 737 518 801 ὠς
568 739 627 790 ἐν
679 737 822 807 ἄλλῳ
864 736 1191 809 δεικνυμένῃ
1232 736 1311 807 τῷ
1357 735 1520 798 εῖδει,
1568 736 1661 791 καὶ
1713 736 1773 790 ού

187 832 322 885 κατά
354 830 457 901 τὴν
489 830 762 901 προτέραν
803 828 1037 901 μορφὴν,
1069 827 1344 897 ἐγκώμιόν
1380 829 1495 881 ἐστι
1528 828 1627 899 τῆς
1654 830 1775 881 κατ’

184 925 389 994 ἀρετὴν
443 922 727 994 προκοπῆς
774 920 1150 984 τελειότατον,
1197 919 1398 991 πολλὴν
1442 920 1580 991 αύτῇ
1637 937 1777 990 μαρ-

185 1015 384 1087 τυροῦν
425 1014 526 1085 τὴν
561 1012 693 1084 πρὸς
728 1013 787 1065 τὸ
821 1015 1068 1084 κρεῖττον
1108 994 1464 1082 παραλλαγὴν
1485 1012 1580 1064 καὶ
1610 1012 1777 1081 μετά-

186 1127 398 1164 στασιν.
452 1107 825 1179 Ξενιζομένων
873 1106 983 1178 γάρ
1030 1108 1178 1159 ἐστιν
1223 1107 1257 1175 ἡ
1312 1105 1463 1177 φωνὴ
1517 1105 1669 1177 παρά
1713 1104 1776 1157 τὸ

185 1203 416 1276 σύνηθες
475 1199 614 1264 εἶδος
673 1202 732 1253 ὲν
785 1199 1023 1269 θαύματι
1075 1198 1415 1268 ποιουμένων
1458 1197 1557 1268 τὴν
1604 1198 1773 1252 ἐπαν-

183 1293 385 1347 θοῦσαν
482 1292 697 1362 μορφὴν
721 1331 735 1355 ,
812 1290 894 1343 ὅτι
950 1288 1104 1359 Αὕτη
1184 1288 1219 1360 ἡ
1286 1287 1653 1341 ἀναϐαίνουσα
1710 1289 1774 1342 ὲκ

188 1383 282 1453 τῆς
324 1383 536 1452 ἐρήμου
561 1421 575 1443 ,
635 1380 861 1452 μέλαινα
915 1378 976 1432 τὸ
1033 1378 1300 1451 πρότερον
1357 1380 1493 1449 ἡμῖν
1541 1378 1771 1449 ἑωρᾶτο,

182 1473 303 1536 πῶς
376 1472 478 1544 τὴν
553 1470 834 1542 σκοτεινὴν
912 1469 1126 1542 μορφὴν
1195 1468 1568 1538 ἀπεκλύσατο;
1655 1468 1774 1532 πῶς

184 1564 321 1636 αὐτῇ
378 1563 632 1634 χιονῶδες
672 1560 1045 1633 ὲπαστράπτει
1092 1560 1156 1615 τὸ
1203 1559 1617 1631 πρόσωπονςἭ
1644 1558 1777 1631 ἔρη-

188 1657 287 1727 μός
333 1658 503 1720 ἐστιν,
548 1655 625 1720 ὡς
667 1654 863 1716 ἔοικεν,
910 1653 1058 1707 αίτία
1100 1652 1323 1716 τούτων,
1366 1653 1399 1722 ή
1447 1651 1695 1722 καθάπερ
1721 1669 1772 1705 τι

184 1747 336 1819 ἔρνος
370 1746 699 1817 ἀναδραμεῖν
730 1746 899 1814 αὐτῆς
934 1744 996 1797 τὸ
1024 1743 1157 1813 ὕψος
1180 1744 1472 1813 ποιήσασα,
1504 1742 1598 1796 καὶ
1636 1742 1772 1813 πρὸς

1886 562 2197 620 timonium.
2269 567 2404 623 Nam
2454 577 2507 624 et
2551 569 2699 639 quod
2734 586 2793 626 se
2822 571 3053 625 invicem
3117 570 3461 640 interrogant

1877 650 1945 707 de
1975 668 2037 708 ea
2071 670 2192 724 qua:
2219 660 2493 728 apparuit,
2530 670 2788 731 tanquam
2823 663 2877 716 in
2911 663 3015 716 alia
3048 678 3169 733 quae
3214 661 3461 718 ostendi-

1876 751 1969 799 tur
1996 744 2192 814 forma,
2218 756 2272 803 et
2309 765 2419 804 non
2461 752 2515 806 in
2543 767 2605 808 ea
2638 767 2761 823 quae
2796 754 2949 823 prius
2985 762 3124 818 erat,
3169 762 3255 808 est
3288 767 3460 809 enco-

1879 838 2051 889 mium
2108 839 2251 907 ejus,
2301 856 2423 910 quae
2474 857 2536 897 ex
2581 843 2833 913 profectu
2870 844 2926 898 in
2978 840 3179 894 virtute
3199 834 3451 902 edicitur,

1877 927 2369 995 perfectissimum,
2394 940 2607 989 testans
2629 950 2877 1006 magnam
2905 934 3024 1005 ejus
3051 946 3173 986 esse
3193 928 3454 987 diﬂ‘eren-

1874 1019 2007 1073 tiam
2038 1029 2093 1075 et
2124 1022 2483 1079 mutationem
2509 1026 2561 1079 in
2581 1040 2645 1080 eo
2665 1026 2812 1095 quod
2841 1024 3166 1091 estmelius.
3188 1021 3281 1077 Est
3308 1022 3455 1077 enim

1874 1125 1981 1165 vox
2010 1114 2349 1182 stupentium
2386 1124 2442 1170 et
2481 1117 2859 1186 perculsorum
2897 1114 3279 1179 admiratione,
3310 1112 3456 1182 quod

1875 1213 2071 1271 praeter
2108 1200 2328 1256 solitum
2351 1200 2522 1257 forma
2546 1207 2754 1267 ﬂoreat,
2779 1218 2970 1283 nempe
2984 1204 3455 1272 Quemadmodum

1871 1309 1936 1350 ea
1951 1311 2071 1365 quae
2092 1296 2339 1351 ascendit
2356 1311 2420 1351 ex
2440 1296 2815 1361 deserto,cum
2833 1296 2990 1366 prius
3006 1296 3166 1352 nobis
3180 1295 3461 1351 videretur

1870 1386 2049 1458 nigra,
2064 1387 2411 1443 tenebrosam
2430 1385 2661 1443 formam
2685 1387 2948 1442 abluerit?
2982 1386 3452 1458 quemadmodum

1871 1478 1921 1533 ei
1956 1478 2113 1534 nivea
2150 1478 2383 1549 refulget
2427 1475 2821 1551 pulchritudo?
2854 1477 2995 1532 Num
3046 1478 3350 1544 desertum,
3395 1484 3457 1531 ut

1870 1569 2107 1632 videtur,
2152 1578 2434 1627 estcausa
2472 1570 2618 1641 quod
2670 1571 2787 1641 ipsa
2837 1571 2982 1628 sicut
3022 1570 3319 1642 virgultum
3368 1584 3457 1626 as-

1871 1667 2061 1731 surgat
2095 1662 2150 1716 in
2176 1662 2367 1726 altum,
2400 1662 2572 1732 ipsam
2606 1662 2660 1717 in
2692 1678 2811 1718 eam
2838 1671 3059 1718 mutans
3091 1661 3459 1733 pulchritudi-

1872 1748 2173 1808 nem?Non
2204 1754 2350 1809 enim
2393 1769 2527 1811 casu
2568 1753 2817 1818 fortuito,
2867 1770 3047 1826 neque
3078 1755 3263 1823 aliqua
3312 1761 3461 1808 sorte

182 1812 241 1892 rb
282 1812 527 1892 τοιοῦτον
575 1812 983 1908 μεταϐάλλουσα
1026 1834 1245 1901 κάλλος;
1274 1812 1349 1887 Οὐ
1380 1833 1489 1905 γὰρ
1515 1834 1573 1900 ἐξ
1615 1850 1660 1887 αι

1980 1844 2231 1900 εάοιοοιιι
2260 1844 2443 1902 factus
2477 1854 2561 1901 est
2595 1846 2683 1901 hic
2717 1847 2772 1901 in
2813 1812 2983 1899 altum
3018 1812 3284 1899 ascensus
3312 1857 3330 1897 :
3363 1842 3458 1899 sed

186 1931 358 2002 μάτου
388 1930 531 1993 τινος
566 1928 874 1999 συντυχίας,
907 1926 1029 1980 οὐδὲ
1065 1926 1205 1980 κατά
1234 1925 1455 1995 ἄκριτόν
1482 1941 1602 1977 τινα
1636 1926 1772 1977 ἀποπ-

182 2024 458 2095 κλήρωσιν
484 2022 705 2092 γέγονεν
748 2016 887 2091 αὕτη
928 2022 962 2091 ἡ
1012 2017 1146 2089 πρὸς
1174 2017 1236 2069 τὸ
1285 2015 1417 2086 ὕψος
1455 2014 1732 2086 ἁναδρομή
1755 2030 1769 2045 ·

182 2116 296 2171 ἀλλ’
330 2116 390 2183 ἐξ
418 2116 633 2169 οἰκείων
663 2114 839 2167 πόνων
872 2111 939 2165 δι’
973 2110 1298 2183 ἐγκράτειαν
1325 2110 1418 2163 καὶ
1452 2108 1773 2175 ἐπιμέλειαν

78 2252 91 2267 ,
183 2206 241 2260 τὺ
273 2205 469 2268 κάλλος
506 2205 793 2275 ἐκτήσατο.
819 2201 974 2256 Οὕτω
1030 2198 1159 2251 ποτὲ
1192 2198 1288 2252 καὶ
1310 2199 1343 2268 ἡ
1364 2197 1456 2251 τοῦ
1483 2198 1772 2268 Προφήτου

181 2296 325 2367 ψυχὴ
356 2294 593 2365 διψώδης
625 2296 839 2362 ἐγένετο
865 2293 965 2362 τῆς
994 2290 1141 2353 θείας
1178 2288 1379 2359 πηγῆς,
1405 2287 1590 2358 ἐπειδὴ
1623 2285 1773 2357 αύτῷ

183 2390 215 2459 ή
244 2387 382 2459 σάρξ
408 2385 613 2457 ἔρημός
649 2402 710 2439 τε
750 2386 846 2437 καὶ
873 2384 1072 2447 ἄϐατος
1108 2382 1202 2436 καὶ
1228 2379 1454 2451 ἄνυδρος
1483 2377 1775 2447 γενομένη,

181 2479 243 2532 τὸ
269 2479 411 2531 θεῖον
432 2478 584 2547 δίψος
611 2478 669 2530 ἐν
696 2478 861 2547 ἑαυτῇ
895 2474 1245 2547 παρεδέξατο.
1278 2472 1351 2525 Ίὺ
1374 2470 1553 2524 τοίνυν
1577 2472 1640 2522 ὲκ
1671 2468 1773 2536 τῆς

183 2573 388 2642 ἐρήμου
440 2568 754 2623 ἀναϐαίνειν
799 2568 990 2638 αὐτὴν,
1031 2564 1336 2637 μαρτυρίαν
1389 2562 1632 2636 περιέχει
1678 2562 1771 2615 τοῦ

130 2716 137 2723 _
181 2659 269 2713 διὰ
320 2658 596 2731 προσοχῆς
638 2675 698 2712 τε
739 2657 834 2711 καὶ
886 2653 1208 2727 ἐγκρατείας
1259 2655 1318 2717 ὲς
1370 2651 1623 2706 τοσοῦτον
1678 2651 1773 2704 καὶ

183 2750 420 2803 τοιοῦτον
470 2747 600 2818 ὕψος
650 2748 1002 2820 ἀναδραμεῖν,
1055 2745 1131 2809 ὡς
1182 2744 1278 2797 καὶ
1316 2746 1429 2806 τοῖς
1463 2741 1637 2813 φίλοις
1678 2740 1772 2794 τοῦ

183 2839 418 2910 νυμφίου
459 2836 645 2909 θαῦμα
672 2834 945 2906 γενέσθαι,
977 2835 1026 2888 οἳ
1066 2834 1157 2888 διὰ
1194 2833 1406 2887 πολλῶν
1438 2831 1774 2903 ὑποδειγμά-

182 2947 288 2984 των
328 2929 391 2983 τὸ
435 2928 630 2992 κάλλος
676 2927 848 2996 αὐτῆς
891 2926 1304 2998 ἑρμηνεύουσιν,
1339 2924 1524 2996 ἐπειδὴ
1562 2923 1629 2976 δι’
1659 2921 1775 2986 ἑνὸς

186 3023 331 3077 ἅπαν
370 3020 771 3093 περιληφθῆναι
802 3019 901 3089 οὐχ
923 3013 1035 3071 οἷόν
1062 3034 1120 3071 τε
1146 3012 1234 3089 ἦν.
1282 3016 1507 3088 Πρῶτον
1536 3016 1635 3087 μὲν
1664 3014 1774 3085 γάρ

1870 1951 1937 1991 ex
1972 1936 2088 1991 suis
2120 1936 2401 1992 laboribus
2434 1952 2531 2007 per
2579 1937 2977 1993 continentiam
3020 1942 3075 1990 et
3115 1934 3458 2005 diligentiam

1870 2028 2165 2098 acquisivit
2189 2029 2676 2099 pulchritudinem.
2703 2030 2783 2081 ita
2806 2028 2971 2083 etiam
3003 2027 3298 2097 aliquando
3323 2021 3459 2078 Pro-
3534 2096 3543 2103 Ι

1870 2121 2046 2190 pheta:
2100 2122 2281 2175 anima
2328 2121 2433 2176 fuit
2474 2121 2669 2177 sitiens
2710 2120 2956 2175 divinum
3011 2118 3258 2183 fontem,
3307 2123 3461 2187 post-

1871 2229 2034 2283 quam
2070 2229 2201 2269 caro
2228 2230 2349 2284 quae
2376 2214 2426 2269 ei
2458 2221 2708 2269 evaserat
2733 2213 2978 2277 deserta,
3010 2212 3221 2266 nullum
3248 2209 3461 2264 habens

1872 2304 2102 2370 aditum,
2132 2305 2399 2375 aridaque
2426 2313 2480 2361 et
2503 2305 2793 2375 inaquosa,
2825 2304 3066 2358 divinam
3094 2304 3148 2356 in
3177 2317 3237 2357 se
3271 2316 3464 2357 susce-

1872 2397 1948 2467 pit
1992 2397 2161 2453 sitim.
2190 2396 2346 2463 Quod
2380 2415 2443 2452 ea
2477 2412 2609 2467 ergo
2646 2396 2895 2451 ascendit
2930 2396 2986 2450 in
3021 2395 3325 2460 desertum,
3355 2393 3462 2448 hoc

1872 2491 2126 2562 perhibet
2156 2489 2557 2555 testimonium,
2593 2488 2740 2557 quod
2778 2503 2875 2557 per
2906 2486 3238 2541 industriam
3284 2495 3464 2542 atten-

1872 2584 2185 2651 tionemque
2234 2587 2288 2635 et
2340 2580 2738 2635 continentiam
2788 2579 2844 2633 in
2901 2578 3071 2631 altum
3122 2578 3460 2643 ascenderit,

1872 2675 2009 2729 adeo
2059 2680 2117 2727 ut
2168 2683 2222 2728 et
2269 2673 2462 2728 amicis
2497 2672 2685 2741 sponsi
2731 2670 2785 2725 id
2836 2671 2908 2726 sit
2960 2668 3333 2733 admirationi,
3367 2671 3464 2741 qui

1872 2764 2060 2820 multis
2119 2763 2386 2832 exemplis
2447 2763 2568 2833 ejus
2614 2761 2895 2832 explicant
2947 2760 3462 2830 pulchritudinem,

1878 2855 2326 2928 quandoquidem
2366 2870 2474 2909 uno
2504 2870 2613 2908 non
2658 2862 2877 2925 poterat,
2910 2854 3167 2909 universa
3210 2866 3465 2923 compre-

1874 2949 2061 3005 hendi.
2109 2948 2244 3003 Nam
2277 2949 2515 3019 primum
2570 2946 2790 3018 quidem
2844 2946 3170 3003 caudicibus
3216 2953 3310 3000 aut
3354 2943 3466 3000 vir-

1873 3042 2039 3112 gultis
2086 3041 2395 3097 assimilant
2446 3040 2569 3109 ejus
2631 3036 3140 3109 pulchritudinem,
3207 3051 3311 3091 nec
3355 3034 3465 3099 ,uni

186 3114 462 3185 στελέχεσι
509 3113 606 3191 τὴν
636 3114 786 3183 ὥραν
816 3109 1113 3174 εἰκάζουσι,
1147 3110 1242 3163 καὶ
1281 3110 1401 3163 οὐδὲ
1435 3107 1639 3162 τούτων

1985 3149 2053 3187 Im
2082 3149 2147 3188 ex
2183 3132 2313 3197 illis,
2344 3130 2438 3187 sed
2475 3106 2529 3186 et
2575 3106 2836 3185 arborum
2867 3143 3089 3198 quoque
3121 3125 3463 3180 multitudini

184 3204 297 3259 ἀλλ’
329 3204 411 3268 είς
440 3202 641 3274 πλῆθος
670 3203 900 3275 δένδρων
927 3201 1118 3269 ἄγεται
1163 3200 1273 3254 τῶν
1306 3201 1364 3253 ὲν
1392 3200 1527 3270 αὐτῇ
1564 3197 1769 3268 θαυμά-

180 3314 289 3351 των
311 3299 346 3369 ἡ
378 3295 615 3359 εἰκασία,
649 3296 724 3360 ὡς
773 3296 838 3349 ἂν
878 3295 937 3348 τὸ
972 3293 1252 3356 πολυειδὲς
1276 3293 1369 3346 καὶ
1400 3291 1639 3345 ποικίλον
1666 3288 1775 3343 τῶν

182 3388 394 3459 ἀρετῶν
417 3390 483 3459 τῇ
515 3389 806 3457 ὑπογραφῇ
832 3383 926 3439 τοῦ
957 3384 1155 3447 ἀλσους
1194 3381 1595 3436 διαδεικνύοιτο.
1641 3376 1774 3432 Εἶτα

183 3473 391 3538 καπνὸς
434 3476 498 3526 ὲκ
541 3473 903 3545 θυμιαμάτων
950 3473 1031 3535 είς
1062 3472 1161 3542 τὴν
1189 3471 1373 3524 εἰκόνα
1415 3469 1508 3523 τοῦ
1547 3469 1776 3532 κάλλους

182 3562 672 3636 παραλαμϐάνεται
692 3580 705 3595 ’
759 3564 854 3617 καὶ
897 3562 1019 3617 οὐδὲ
1062 3555 1218 3624 οὗτος
1256 3559 1491 3624 ἁπλοῦς,
1551 3560 1665 3613 ἀλλ’
1712 3562 1775 3613 ὲκ

184 3655 435 3728 σμύρνης
482 3655 578 3709 καὶ
627 3654 845 3708 λιϐάνου
902 3652 1365 3725 συγκεκραμένος,
1413 3651 1489 3715 ὡς
1546 3651 1674 3723 μίαν
1717 3651 1776 3716 ἐξ

181 3750 385 3819 ἀμφοῖν
415 3745 660 3815 γίνεσθαι
686 3744 795 3800 τῶν
821 3745 1011 3816 ἀτμῶν
1039 3746 1139 3817 τὴν
1171 3744 1351 3817 χάριν,
1374 3743 1440 3797 δι’
1481 3736 1557 3797 ὧν
1592 3745 1654 3796 τὸ
1678 3744 1775 3813 τῆς

181 3840 403 3911 νύμφης
436 3822 816 3909 ὑπογράφεται
851 3837 1065 3915 κάλλος.
1093 3837 1285 3901 ’Δλλος
1319 3836 1537 3899 ἔπαινος
1584 3835 1773 3907 αὐτῆς,

178 3932 212 4001 ἡ
245 3931 357 3983 τῶν
388 3929 698 4002 ἀρωμάτων
728 3927 933 3982 τούτων
979 3928 1189 3997 γίνεται
1236 3925 1400 3998 μίξις.
1434 3926 1501 3979 Ἥ
1538 3925 1772 3996 σμύρνα,

182 4028 321 4101 πρὸς
339 4026 433 4081 τὸν
453 4021 822 4093 ὲνταφιασμδν
854 4019 961 4074 τῶν
993 4018 1260 4089 σωμάτων
1289 4014 1608 4087 ἐπιτηδείως
1640 4014 1773 4084 ἔχει*

179 4120 208 4171 ὁ
234 4117 294 4172 δὲ
322 4104 541 4178 λίϐανος
576 4113 720 4169 κατά
745 4129 867 4167 τινα
904 4111 1061 4180 λόγον
1090 4109 1390 4181 ἀφιέρωται
1422 4111 1488 4179 τῇ
1516 4106 1611 4160 τοῦ
1641 4106 1774 4160 Θεοῦ

181 4212 337 4282 τιμῇ.
390 4210 453 4261 '0
481 4206 659 4261 τοίνυν
711 4204 903 4259 ἑαυτὸν
948 4201 1157 4275 μέλλων
1199 4200 1512 4255 ἀνατιθέναι
1554 4201 1623 4271 τῇ
1680 4197 1774 4251 τοῦ

182 4301 318 4356 Θεοῦ
354 4299 645 4373 θεραπείᾳ.
670 4299 771 4353 οὐκ
802 4296 976 4361 ἄλλως
1004 4294 1153 4349 ἔσται
1181 4292 1398 4357 λίϐανος
1429 4291 1507 4363 τῷ
1528 4289 1648 4360 Θεῷ
1681 4289 1775 4344 θυ-

185 4389 482 4462 μιώμενος,
510 4391 558 4443 εί
585 4388 661 4460 μὴ
689 4388 953 4459 πρότερον
976 4383 1192 4457 σμύρνα
1212 4384 1443 4454 γένοιτο,
1470 4383 1772 4448 τουτέστιν,

182 4483 232 4533 εί
262 4482 337 4552 μὴ
373 4480 445 4533 τά
481 4478 577 4532 ἐπὶ
608 4480 708 4550 τῆς
744 4476 851 4547 γῆς
884 4473 1049 4530 αὐτοῦ
1091 4472 1227 4545 μέλη
1263 4471 1609 4544 νεκρώσειεν,
1646 4486 1776 4523 συν-

180 4573 372 4639 ταφεὶς
401 4569 480 4641 τῷ
518 4567 677 4639 ήμῶν
716 4565 1102 4637 ἀναδεξαμένῳ
1147 4563 1238 4618 τὸν
1275 4562 1525 4626 θάνατον,
1552 4562 1649 4615 καὶ⁵
1675 4560 1776 4632 τὴν

184 4661 435 4732 σμύρναν
474 4661 689 4732 ἐκείνην
717 4658 815 4732 τὴν
854 4658 913 4712 ἐν
942 4656 1020 4729 τῷ
1060 4653 1415 4727 ὲνταιριασμῷ
1444 4652 1538 4708 τοῦ
1570 4654 1775 4725 Κυρίου

182 4752 659 4826 παραληφθεῖσαν,
695 4755 761 4823 τῇ
799 4752 960 4823 σαρκὶ
996 4752 1063 4821 τῇ
1101 4749 1206 4823 ίδίᾳ
1242 4748 1331 4802 διά
1376 4746 1471 4801 τοῦ
1505 4746 1777 4819 νεκρῶσαι
1824 4748 1827 4751 ’

182 4845 253 4899 τά
290 4845 429 4917 μέλη
479 4844 941 4915 καταδεξάμενοςτ
989 4836 1063 4897 ὧν
1108 4839 1434 4911 γενομένων,
1484 4841 1593 4893 πᾶν
1639 4835 1779 4903 εἶδος

182 4936 291 4988 τῶν
324 4937 449 4990 κατ’
484 4935 683 5007 ἀρετὴν
728 4933 1037 5006 ἀρωμάτων
1075 4934 1131 4985 ὲν
1176 4930 1254 5001 τῷ
1286 4930 1473 5001 κύκλῳ
1499 4926 1593 4982 τοῦ
1637 4927 1775 4999 βίου,

184 5025 439 5099 καθάπερ
490 5026 549 5077 ἐν
607 5024 731 5095 θυῖᾳ
780 5023 888 5077 τινὶ
937 5020 1469 5092 λεπτοποιηθέντων,
1508 5018 1599 5071 τὸν
1648 5017 1777 5089 ἡδὺν

185 5118 391 5170 ἐκεῖνον
457 5115 734 5187 κονιορτὸν
794 5113 1196 5187 ἀπεργάζεται,
1246 5110 1305 5164 ὃν
1357 5109 1538 5164 λαϐὼν
1585 5110 1645 5162 ὲν
1697 5106 1778 5177 τῷ

186 5207 447 5280 ἄσθματι,
493 5205 724 5271 εὕπνους
761 5205 988 5274 γίνεται,
1028 5203 1123 5258 τοῦ
1172 5201 1578 5275 μεμυρισμένου
1616 5199 1779 5254 πνεύ-

190 5317 357 5370 ματος
403 5298 620 5371 πλήρης
665 5296 972 5369 γενόμενος.
1025 5294 1180 5350 Μετά
1228 5294 1326 5367 τὴν
1370 5295 1427 5347 ὲν
1471 5292 1551 5364 τῷ
1593 5291 1779 5347 κάλλει

191 5389 521 5462 μαρτυρίαν,
546 5390 599 5443 οι
629 5388 772 5458 φίλοι
800 5386 896 5443 τοῦ
925 5387 1180 5459 νυμφίου,
1212 5388 1307 5440 καὶ
1330 5387 1781 5458 παρασκευασται

184 5480 281 5536 τοῦ
316 5479 487 5550 ἁγνοῦ
521 5478 791 5551 θαλάμου,
837 5481 933 5533 κα)⁸
970 5479 1069 5549 τῆς
1111 5477 1360 5550 καθαρᾶς
1389 5475 1607 5548 νύμφης
1646 5493 1780 5546 προ-

193 5574 515 5648 μνήστορες,
548 5571 989 5628 ὑποδεικνύουσιν
1034 5572 1171 5643 αὐτῇ
1218 5571 1317 5642 τῆς
1352 5569 1632 5640 βασιλικῆς
1661 5568 1779 5622 κλί-

1877 3232 2231 3296 comparatur
2279 3224 2403 3293 ejus
2451 3220 2806 3293 pulchritudo
2861 3218 3223 3282 admirabilis,
3275 3226 3333 3271 ut
3380 3216 3470 3272 de-

1878 3320 2179 3390 scriptione
2223 3317 2470 3373 nemoris
2522 3317 2849 3372 ostendatur
2896 3314 3160 3368 virtutum
3202 3310 3464 3366 varietas.

1878 3407 2084 3465 Deinde
2118 3406 2300 3462 fumus
2330 3422 2396 3461 ex
2430 3405 2701 3461 suﬂitibus
2727 3404 3034 3460 assumitur
3068 3401 3135 3456 ad
3172 3401 3466 3472 imaginem

1878 3496 2312 3567 pulchritudinis
2346 3516 2358 3550 :
2396 3510 2576 3565 neque
2628 3494 2717 3547 hic
2752 3492 3009 3561 simplex,
3058 3491 3152 3545 sed
3192 3490 3466 3545 sumtibus

1877 3590 2114 3661 myrrhae
2146 3596 2200 3643 et
2230 3587 2407 3642 thuris
2439 3586 2604 3641 simul
2633 3582 2974 3646 commistis,
3017 3589 3079 3635 ut
3116 3596 3183 3635 ex
3210 3578 3465 3650 utrisque

1877 3697 1987 3737 una
2025 3682 2097 3737 sit
2128 3680 2352 3750 vaporis
2380 3676 2581 3750 gratia.
2614 3690 2712 3746 per
2736 3689 2858 3745 quae
2889 3687 3109 3743 sponsa:
3130 3670 3467 3727 describitur

1877 3772 2252 3846 pulchritudo.
2289 3772 2409 3826 Alia
2433 3772 2557 3826 laus
2598 3777 2685 3826 est
2728 3767 2923 3823 mixtio
2958 3772 3287 3819 aromatum.
3321 3762 3468 3835 Myr-

1878 3862 1978 3916 rha
2012 3869 2099 3916 est
2129 3867 2256 3931 apta
2285 3858 2351 3913 ad
2382 3874 2676 3929 corporum
2708 3856 3045 3921 sepulturam
3079 3873 3091 3909 :
3125 3854 3254 3909 thus
3283 3863 3464 3909 autem

1876 3965 1962 4014 est
1992 3955 2228 4026 quadam
2273 3953 2490 4008 ratione
2521 3958 2910 4008 consecratum
2958 3946 3155 4003 honori
3198 3945 3317 4003 Dei.
3360 3945 3466 4012 Qui

1877 4064 1936 4104 se
1968 4047 2082 4102 vult
2111 4060 2243 4117 ergo
2270 4043 2369 4100 Dei
2425 4043 2683 4099 dedicare
2714 4040 2912 4106 cultui,
2954 4055 3065 4094 non
3113 4038 3220 4094 erit
3258 4038 3464 4094 bonum

1876 4141 2009 4195 thus
2057 4138 2168 4194 Deo
2209 4145 2622 4197 consecratum,
2668 4133 2777 4189 nisi
2820 4133 2975 4203 prius
3011 4129 3178 4185 fuerit
3217 4128 3463 4201 myrrha,

1878 4231 1982 4288 hoc
2009 4236 2115 4296 est,
2151 4227 2263 4284 nisi
2307 4226 2725 4283 mortiﬁcaverit
2757 4224 3005 4279 membra
3043 4236 3167 4292 qua.
3200 4228 3331 4276 sunt
3372 4233 3470 4275 su-

1877 4338 1977 4395 pra
2022 4331 2249 4388 terram,
2306 4319 2670 4390 consepultus
2714 4330 2840 4371 cum
2891 4328 2957 4369 eo
3005 4311 3101 4382 qui
3154 4325 3254 4380 pro
3303 4310 3468 4365 nobis

1878 4422 2113 4472 mortem
2150 4410 2417 4483 suscepit,
2448 4417 2504 4465 et
2532 4407 2811 4480 myrrham
2846 4404 2992 4458 illam
3031 4417 3153 4473 qua:
3182 4409 3468 4472 assumpta

1880 4513 1966 4561 est
2011 4503 2079 4558 ad
2127 4499 2344 4556 Domini
2399 4496 2763 4567 sepulturam,
2817 4491 2874 4546 in
2919 4489 3142 4561 propria
3186 4503 3355 4544 carne
3397 4487 3468 4543 ad

1884 4593 2266 4653 mortiticanda
2289 4606 2389 4648 sua
2417 4588 2664 4644 membra
2691 4585 2988 4657 acceperit.
3012 4582 3146 4650 Quae
3169 4597 3295 4638 cum
3323 4580 3469 4636 facta

1885 4690 2112 4758 fuerint,
2143 4703 2306 4744 omne
2346 4699 2520 4757 genus
2552 4689 2860 4738 aromatum
2891 4696 2956 4735 ex
2990 4678 3220 4741 virtute,
3251 4677 3307 4731 in
3342 4676 3469 4729 vitze

1884 4780 2116 4846 circulo,
2173 4788 2434 4847 tanquam
2484 4774 2542 4828 in
2587 4772 2773 4843 aliqua
2808 4769 3075 4825 mortario
3129 4767 3187 4822 in
3236 4765 3469 4822 subtiles

1887 4879 2071 4945 partes
2100 4869 2589 4931 comminutorum,
2624 4878 2845 4920 suavem
2891 4861 3042 4915 illum
3088 4858 3252 4914 efficit
3280 4856 3469 4928 pulve-

1883 4979 2021 5025 rem,
2061 4976 2224 5031 quem
2269 4959 2362 5030 qui
2409 4957 2618 5028 accepit
2650 4955 2707 5010 in
2746 4952 3013 5016 anhelitu,
3063 4949 3270 5006 odorus
3299 4946 3468 5005 effici—

1884 5063 1995 5118 tur,
2046 5053 2241 5122 plenus
2297 5050 2497 5121 spiritu
2556 5053 2837 5121 unguenta
2887 5041 3181 5101 redolenti.
3221 5038 3354 5096 Post
3397 5039 3468 5095 de

1882 5142 2300 5215 pulchritudine
2346 5143 2520 5196 latum
2566 5140 2971 5199 testimonium,
3027 5135 3191 5190 amici
3252 5131 3466 5204 sponsi,

1882 5243 1938 5290 et
1998 5232 2091 5303 qui
2152 5228 2348 5302 parant
2406 5231 2709 5286 thalamum
2754 5228 3141 5301 impnllutum,
3204 5231 3261 5280 et
3319 5237 3470 5294 pura:

1885 5338 2104 5395 sponsae
2149 5322 2410 5393 pronubi,
2467 5322 2767 5378 ostendunt
2816 5319 2867 5375 ei
2924 5316 3124 5389 regalis
3176 5311 3301 5369 lecti
3346 5309 3471 5378 pul-

1885 5412 2279 5474 chritudinem,
2330 5420 2390 5466 ut
2439 5426 2700 5482 sponsam
2746 5409 2940 5480 majori
2977 5404 3282 5463 accendant
3322 5399 3471 5457 desi-

1884 5504 2039 5559 derio
2072 5502 2272 5559 divina:
2317 5512 2371 5557 et
2414 5501 2781 5557 immaculata:
2825 5516 2951 5557 cum
2980 5516 3047 5556 eo
3077 5499 3200 5555 vitae
3234 5506 3467 5552 consue—

1886 5595 2117 5653 tudinis.

190 5709 285 5767 νης
308 5694 371 5748 τὸ
400 5690 623 5755 κάλλος,
653 5690 728 5754 ὡς
759 5688 827 5747 ἂν
863 5687 1065 5759 μᾶλλον
1101 5688 1158 5751 ὲς
1187 5685 1481 5756 ἐπιθυμίαν
1514 5683 1615 5755 τὴν
1649 5682 1866 5773 νύμφην
1894 5689 2154 5761 ἀγάγοιεν
2201 5688 2301 5761 τῆς
2334 5689 2482 5753 θείας
2537 5703 2595 5740 τε
2639 5684 2732 5739 καὶ
2776 5684 3046 5755 ἀχράντου
3118 5678 3236 5751 μετ’
3301 5668 3461 5727 αὐτοῦ

191 5783 568 5857 συμϐιώσεως.
