3730 5980
236 349 345 406 899

301 456 429 514 Haac
459 463 641 512 autem
672 461 757 510 est
801 452 927 509 lecti
979 449 1130 521 regis
1160 445 1478 516 descriptio,
1514 442 1583 498 de
1612 455 1718 511 qua
1748 440 1803 495 in
1834 440 1881 496 Δ

232 546 487 609 oratione
531 528 962 599 demonstrativa
1008 553 1104 608 per
1152 552 1213 592 ea
1247 551 1369 606 qua:
1418 534 1702 588 disserunt
1756 530 1805 582 ei

238 637 443 706 aliquid
498 635 815 704 relinquunt
861 628 1308 686 existimandum.
1368 625 1564 678 Dicunt
1612 622 1753 676 enim
1793 660 1804 672 .

237 710 370 783 Ecee
437 728 601 781 lectus
667 725 1001 787 Salomonis,
1083 720 1358 789 sexaginta
1433 716 1596 784 fortes
1667 712 1809 764 circa

234 833 353 871 eum
409 832 475 870 ea:
518 815 740 883 fortibus
791 811 980 866 Israel.
1034 811 1224 865 Omnes
1283 815 1507 861 tenentes
1551 801 1808 874 gladium,

235 909 390 976 periti
416 923 627 977 pugnw,
658 902 1068 972 uniuscujusque
1097 901 1235 955 ensis
1279 914 1437 967 super
1466 895 1636 964 femur
1657 906 1811 946 suum

236 1010 448 1068 propter
479 1008 745 1065 stuporem
789 1002 1126 1047 nocturnum.
1166 992 1342 1058 Atque
1386 986 1532 1056 quod
1590 1001 1697 1058 non
1745 998 1809 1038 ex

240 1090 473 1145 historia
502 1088 720 1157 quidem
766 1087 834 1143 de
870 1087 1012 1138 lecto
1046 1084 1207 1137 verba
1262 1082 1415 1144 fiant,
1449 1080 1623 1133 cuivis
1652 1077 1814 1130 fuerit

240 1179 589 1251 perspicuum
611 1191 706 1245 per
724 1190 784 1229 ea
807 1190 927 1244 qua:
950 1175 1015 1227 de
1036 1174 1331 1226 Salomone
1357 1170 1558 1238 scripta
1579 1174 1705 1223 sunt
1730 1166 1812 1220 hi-

241 1271 450 1324 storice
490 1284 555 1322 ac
585 1268 950 1337 corporaliter
983 1283 997 1318 :
1036 1265 1197 1332 cujus
1226 1272 1280 1317 et
1307 1276 1555 1315 mensam
1586 1259 1813 1328 regiam,

244 1369 298 1416 et
351 1362 620 1429 reliquum
662 1360 717 1412 in
759 1372 928 1426 regno
968 1363 1313 1426 apparatum,
1365 1353 1597 1421 vitaeque
1649 1349 1815 1403 totius

244 1452 598 1507 traducendas
644 1451 913 1505 rationem
959 1446 1379 1518 diligentissime
1422 1452 1475 1499 et
1511 1442 1815 1497 accuratis~

244 1547 382 1600 sime
419 1543 712 1612 descripsit
738 1542 878 1596 liber
914 1540 1118 1610 Regum
1148 1557 1160 1593 :
1196 1538 1323 1592 novi
1355 1545 1533 1590 autem
1568 1541 1622 1590 et
1657 1529 1819 1586 alieni

244 1635 312 1690 de
350 1636 488 1689 lecto
560 1634 697 1688 nihil
752 1633 891 1687 dixit
925 1649 937 1685 :
971 1633 1155 1701 itaque
1191 1631 1415 1684 omnino
1463 1633 1547 1681 est
1595 1638 1822 1679 necesse

245 1726 639 1795 expositionem
686 1739 794 1778 non
837 1738 1059 1777 manere
1093 1723 1146 1775 in
1194 1722 1398 1783 littera,
1444 1717 1539 1773 sed
1580 1716 1819 1784 aliquam

248 1816 644 1869 securatiorem
669 1813 1141 1882 comprehendere
1171 1809 1605 1879 intelligentiam,
1641 1812 1822 1859 mente

248 1907 483 1983 abducta
523 1920 553 1958 a
594 1905 865 1958 materiali
914 1902 1313 1974 signiﬁcatione
1369 1900 1436 1954 ad
1480 1896 1822 1967 spiritualem

245 1996 399 2050 verbi
448 1995 993 2064 contemplationem.
1040 1994 1175 2059 Quis
1205 1993 1351 2047 enim
1389 1991 1516 2046 lecti
1562 1989 1824 2059 nuptialis

250 2086 417 2140 fuerit
446 2096 680 2141 ornatus
710 2102 776 2141 ex
810 2085 1093 2154 sexaginta
1118 2085 1364 2147 armatis,
1397 2084 1490 2154 qui
1517 2097 1580 2138 ea
1613 2081 1823 2136 didice-

252 2187 384 2233 runt
405 2194 528 2248 quae
572 2186 701 2233 sunt
731 2178 858 2233 belli
889 2177 1192 2232 terribilia?
1228 2175 1293 2229 Et
1315 2176 1439 2245 quis
1472 2182 1700 2230 ornatus
1740 2179 1825 2228 est

250 2268 399 2321 ensis
447 2281 557 2335 quo
593 2265 901 2320 accinctum
957 2272 1041 2319 est
1085 2263 1324 2332 corpus?
1373 2261 1513 2328 Quid
1561 2277 1690 2316 vero
1730 2259 1826 2330 qui

251 2355 399 2409 circa
427 2370 523 2409 eos
555 2364 639 2408 est
688 2363 881 2422 stupor
929 2352 1276 2407 nocturnus?
1305 2349 1628 2405 Terribilem
1660 2351 1826 2404 etiam

257 2452 538 2513 stuporem
573 2442 688 2497 fieri
715 2459 781 2496 ex
822 2443 1151 2512 quibusdam
1182 2441 1471 2495 nocturnis
1499 2440 1823 2505 terroribus,

257 2548 353 2603 per
380 2533 626 2602 stuporis
657 2534 984 2587 vocabulum
1028 2529 1272 2586 ostendit
1311 2533 1509 2595 oratio,
1552 2547 1712 2600 quem
1744 2532 1827 2585 Itis

256 2624 392 2677 dicit
435 2624 659 2679 evenire
703 2625 955 2676 armatis.
1005 2622 1101 2677 Est
1140 2636 1273 2691 ergo
1315 2621 1544 2676 omnino
1589 2636 1685 2691 per
1715 2616 1830 2674 haec

254 2716 421 2769 verba
465 2713 791 2785 quaerendus
837 2712 1031 2767 sensus
1074 2721 1484 2767 consentaneus
1531 2726 1595 2765 ac
1638 2725 1833 2765 conse-

256 2820 432 2873 quens
483 2805 550 2859 iis
602 2818 725 2873 quae
776 2805 929 2873 prius
974 2810 1102 2857 sunt
1150 2796 1517 2856 considerata.
1569 2798 1703 2866 Quis
1749 2808 1833 2855 est

257 2910 388 2966 ergo
443 2895 678 2949 sensus?
714 2894 808 2949 Est
854 2903 1286 2947 consentaneum
1335 2891 1549 2946 ostendi
1594 2890 1832 2945 divinam

261 2983 726 3056 pulchritudinem
761 2989 815 3038 in
854 2993 1066 3037 terrore
1101 2984 1301 3038 habere
1338 2982 1542 3052 aliquid
1578 2983 1832 3046 amabile,

1486 327 1544 385 S.
1569 319 1895 384 GREGORII
1950 314 2246 375 NYSSENI

3385 301 3491 358 900

1985 435 2052 487 'H
2095 434 2154 488 δὲ
2190 429 2482 501 ὑπογραφὴ
2524 427 2627 497 τῆς
2661 425 2755 479 τοῦ
2800 421 3063 494 βασιλέως
3108 418 3313 490 κλίνης,
3349 416 3496 485 αὐτή

1907 530 2072 589 ἐστιν,
2101 527 2165 596 ἢν
2209 523 2286 593 τῷ
2328 519 2581 590 δεικτικῷ
2625 517 2768 586 λόγῳ
2810 515 2902 568 ὑπ’
2943 512 3064 582 δψιν
3099 509 3322 578 ἄγουσιν
3354 506 3497 576 αὐτῇ

1904 618 1969 670 δι’
2020 611 2093 668 ὧν
2130 613 2513 684 διεξέρχονται.
2570 608 2800 677 Λέγουσι
2851 605 2988 675 γάρ·
3034 603 3178 657 Ἰδοὺ
3228 601 3267 669 ὴ
3315 601 3500 666 κλίνη

1907 708 2013 761 τοῦ
2041 704 2442 774 Σολομῶντος,
2468 700 2767 767 ἐξήκοντα
2785 695 3031 752 δυνατοί
3055 696 3259 757 κύκλῳ
3281 688 3501 760 αὐτῆς,

1909 800 2026 853 ἀπὸ
2064 796 2338 852 δυνατῶν
2379 793 2638 862 Ἰσραὴλ,
2685 790 2911 855 πάντες
2951 785 3309 854 κατέχοντες
3349 784 3503 851 ῥομ-

1911 892 2115 960 φαίαν,
2131 885 2536 956 δεδιδαγμένοι
2566 885 2851 952 πόλεμον
2900 880 3075 947 ἀνὴρ,
3094 875 3361 945 ῥομφαία
3393 873 3505 926 αὐ-

1910 980 2019 1036 τοῦ
2047 981 2142 1034 ἐπὶ
2171 980 2279 1032 τὸν
2302 978 2499 1047 μηρὸν
2526 974 2729 1038 αὐτοῦ,
2761 971 2880 1026 ἀπὸ
2911 970 3171 1040 θάμϐους
3198 967 3267 1022 ἐν
3295 965 3501 1028 νυξίν.

1916 1075 2038 1126 ’Ότι
2064 1072 2166 1141 μὲν
2197 1065 2288 1123 οὖν
2320 1069 2418 1121 οὐκ
2451 1069 2515 1119 ἐκ
2546 1066 2643 1135 τῆς
2670 1062 2912 1134 ἱστορίας
2944 1063 2973 1114 ὁ
3010 1060 3138 1129 περὶ
3171 1059 3270 1129 τῆς
3314 1056 3509 1125 κλίνης

1914 1163 2070 1230 λόγος
2108 1160 2246 1224 ἐστὶ,
2281 1157 2440 1210 παντὶ
2474 1155 2628 1226 δῆλον
2656 1152 2722 1207 ἂν
2749 1151 2976 1220 γένοιτο,
3003 1149 3091 1202 διὰ
3118 1148 3227 1201 τῶν
3262 1161 3510 1215 σωματι-

1916 1255 2027 1317 κῶς
2056 1252 2184 1322 περὶ
2224 1250 2317 1304 τοῦ
2357 1245 2700 1318 Σολομῶντος
2748 1242 3158 1314 ἱστορηθέντων.
3206 1232 3280 1293 Οὗ
3315 1237 3411 1291 καὶ
3436 1233 3512 1288 τά

1920 1346 2165 1419 βασίλεια
2210 1343 2303 1395 καὶ
2345 1340 2443 1410 τὴν
2475 1336 2774 1409 τράπεζαν,
2816 1334 2910 1387 καὶ
2950 1334 3047 1401 τὴν
3088 1326 3282 1399 λοιπὴν
3332 1331 3403 1419 ἐν.
3436 1327 3507 1396 τῇ

1922 1416 2165 1508 βασιλείᾳ
2209 1431 2483 1500 διαγωγὴν
2533 1427 2667 1498 μετὰ
2713 1426 2892 1496 πάσης
2941 1419 3225 1494 ἀκριϐείας
3252 1420 3301 1508 *ὁ
3346 1416 3512 1508 λόγος

1921 1498 2203 1597 ύπέγραφε
2221 1542 2234 1555 ·
2266 1498 2448 1577 καινὸν
2471 1520 2526 1572 δέ
2548 1537 2599 1571 τι
2617 1512 2717 1572 ’καὶ
2747 1512 3198 1586 παρηλλαγμένον
3224 1506 3345 1562 εἷπε
3376 1498 3512 1576 περὶ

1921 1619 2017 1688 τῆς
2046 1616 2232 1683 κλίνης
2260 1612 2429 1674 οὐδὲν,
2453 1609 2528 1673 ὡς
2558 1610 2737 1661 πᾶσαν
2762 1608 3006 1675 ἀνάγκην
3037 1597 3196 1659 εἶναι.
3227 1600 3299 1670 μὴ
3337 1615 3516 1669 παρα-

1928 1710 2106 1779 μεῖναι
2145 1706 2223 1774 τῷ
2264 1704 2551 1774 γράμματι
2601 1699 2699 1769 τὴν
2750 1697 3025 1768 ἐξήγησιν,
3067 1693 3202 1748 ἀλλὰ
3234 1691 3326 1779 διά
3367 1700 3516 1752 τινος

1854 1783 1895 1837 Β
1922 1776 2346 1866 ἐπιμελεστέρας
2397 1789 2773 1860 κατανοήσεως
2834 1784 3156 1857 μεταλαϐεῖν
3194 1776 3284 1834 τὸν
3330 1780 3513 1846 λόγον,

1923 1889 2002 1950 είς
2032 1884 2407 1956 πνευματικὴν
2441 1880 2674 1951 θεωρίαν
2718 1879 2815 1949 τῆς
2859 1876 3051 1945 ὑλικῆς
3090 1873 3380 1945 ἐμφάσεως
3420 1869 3517 1922 τὸν

1923 1974 2045 2030 νοῶ
2076 1975 2502 2043 ἀποστήσαντες.
2532 1970 2628 2033 Τίς
2657 1968 2766 2040 γάρ
2797 1968 2862 2022 ἂν
2891 1967 2951 2033 ἐξ
2987 1963 3219 2035 ὁπλιτῶν
3250 1962 3519 2031 ἐξήκοντα

1924 2065 2308 2135 καλλωπισμὸς
2335 2063 2542 2132 γένοιτο
2565 2060 2754 2130 κλίνης
2778 2056 3075 2130 νυμφικῆς,
3105 2049 3186 2119 οἷς
3216 2054 3522 2125 μαθήματα

1929 2161 2026 2230 μὲν
2054 2158 2121 2211 τὰ
2151 2156 2354 2227 φοϐερὰ
2385 2154 2479 2209 τοῦ
2515 2153 2786 2223 πολέμους
2830 2150 3049 2218 Κόσμος
3090 2136 3147 2199 δέ
3194 2148 3227 2217 ἡ
3276 2142 3524 2215 ῥομφαία

1926 2247 2342 2323 προϐεϐλημένη
2367 2245 2463 2299 τοῦ
2500 2246 2786 2316 σώματος;
2822 2240 3043 2311 Θάμϐος
3078 2238 3136 2290 δὲ
3167 2236 3294 2306 περὶ
3320 2234 3522 2295 αὐτοὺς

1927 2340 2259 2412 νυκτερινόν;
2293 2336 2542 2413 Τὴνηγὰρ
2590 2334 2824 2406 φοϐερὰν
2856 2330 3112 2401 ἔκπληξιν
3152 2328 3251 2399 τὴν
3296 2328 3363 2378 ἐκ
3408 2324 3526 2377 δει-

1932 2434 2114 2505 μάτων
2138 2431 2302 2486 τινῶν
2327 2428 2653 2499 νυκτερινῶν
2684 2425 2995 2497 γινομένην,
3019 2422 3106 2476 διὰ
3128 2422 3224 2491 τῆς
3250 2418 3345 2505 τοῦ
3381 2417 3523 2487 θάμι

1929 2504 2055 2585 ϐους
2090 2524 2286 2590 λέξεως
2331 2522 2361 2574 ὁ
2402 2520 2559 2589 λόγος
2596 2516 2962 2579 ἐνδείκνυται,
3009 2514 3076 2585 ἣν
3121 2508 3233 2575 τοῖς
3268 2504 3526 2572 ὁπλίταις

1928 2616 2137 2678 τούτοις
2170 2614 2451 2683 προσεῖναι
2479 2610 2643 2678 λέγει.
2683 2605 2891 2661 Οὐκοῦν
2921 2602 3083 2658 παντὶ
3127 2605 3314 2673 τρόπῳ
3354 2599 3531 2669 ζητη-

1930 2707 2050 2760 τέον
2082 2704 2147 2758 ἂν
2191 2704 2276 2772 εἴη
2311 2701 2547 2756 διάνοιάν
2595 2716 2716 2753 τινα
2756 2697 2842 2752 διὰ
2879 2696 2984 2748 τῶν
3021 2694 3281 2765 ῥημάτων
3318 2690 3529 2743 τούτων

1933 2794 2467 2868 προτεθεωρημένοις
2506 2791 2817 2845 ἀκόλουθον.
2867 2786 2964 2851 Τίς
3007 2784 3098 2840 οὖν
3139 2786 3287 2838 ἐστιν
3329 2785 3362 2851 ἡ
3403 2781 3530 2834 διά-ι⁵

1932 2905 2087 2954 νοια;
2122 2889 2306 2941 Ἐοικε
2354 2885 2414 2938 τὸ
2453 2884 2594 2938 θεῖον
2630 2881 2824 2944 κάλλος
2853 2883 2909 2934 ὲν
2942 2879 3018 2949 τῷ
3058 2875 3271 2948 φοϐερῷ
3297 2875 3357 2928 τὸ
3391 2872 3530 2943 ἐρά-

1937 2998 2093 3051 σμιον
2126 2978 2291 3048 ἔχειν,
2326 2975 2433 3029 ἀπὸ
2464 2974 2571 3027 τῶν
2606 2971 2860 3026 ἐναντίων
2886 2969 2968 3039 τῷ
3008 2965 3305 3039 σωματικῷ
3335 2963 3531 3018 κάλλει

260 3090 327 3129 ex
374 3074 444 3129 iis
471 3089 593 3141 qua:
625 3080 756 3126 sunt
787 3074 1065 3127 contraria
1111 3087 1389 3142 corporea:
1416 3068 1726 3139 pulchritud

2057 3068 2300 3138 νύμενον.
2346 3061 2610 3118 Ἐνταῦθα
2650 3062 2748 3133 μέν
2790 3060 2899 3132 γὰρ
2937 3057 3247 3127 ἐλεγκτικὸν
3280 3057 3359 3119 είς
3398 3057 3530 3164 sm:

262 3165 402 3219 Nam
443 3140 531 3218 hic
575 3164 794 3232 quidem
830 3162 1058 3216 attrahit
1098 3164 1165 3217 ad
1210 3140 1565 3232 cupiditatem
1607 3164 1657 3218 id
1689 3180 1735 3232 (ιι

2061 3160 2136 3213 ίαν
2171 3158 2286 3211 ἐστὶ
2318 3156 2378 3210 τὸ
2407 3155 2676 3228 προσηνὲς
2710 3156 2777 3223 τῇ
2818 3152 2937 3222 Wet
2974 3150 3068 3204 καὶ
3114 3148 3395 3219 μειλίχιον,
3431 3140 3534 3197 καὶ

262 3261 348 3309 est
396 3253 539 3306 visui
589 3252 918 3320 jucundum,
967 3251 1110 3322 quod
1166 3252 1426 3306 blandum
1473 3257 1527 3306 et
1567 3252 1636 3305 ab
1688 3250 1835 3305 omni

262 3344 495 3399 terribili
541 3344 776 3412 iratique
806 3341 971 3396 animi
1018 3341 1301 3397 aﬂ‘ectione
1342 3342 1676 3412 separatum'.
1714 3342 1838 3396 Pul-

265 3435 522 3489 chritudo
562 3441 746 3487 autem
785 3434 876 3488 illa
913 3433 966 3487 in
1003 3449 1168 3503 quam
1204 3449 1311 3487 non
1360 3435 1511 3488 cadit
1558 3435 1836 3498 interitus,

264 3535 349 3581 est
382 3525 559 3596 magni
591 3533 645 3579 et
674 3524 877 3579 excelsi
910 3525 1079 3578 animi
1114 3525 1285 3580 virtus
1321 3525 1605 3585 terribilis.
1635 3533 1690 3579 et
1719 3540 1840 3595 quae

266 3632 373 3669 non
444 3622 621 3686 potest
670 3615 991 3670 conturbari
1054 3624 1148 3668 aut
1200 3623 1426 3686 stupore
1484 3616 1643 3671 allici.
1703 3615 1838 3669 Nam

266 3709 525 3775 quoniam
558 3708 727 3761 animi
759 3707 998 3762 motibus
1029 3708 1265 3761 obnoxia
1299 3714 1354 3761 et
1389 3706 1612 3762 sordida
1646 3721 1843 3776 corpo-

268 3814 389 3852 rum
448 3800 747 3868 eupiditas,
803 3800 1069 3852 membris
1122 3799 1308 3851 carnis
1348 3797 1617 3862 insidens,
1672 3798 1840 3852 veluti

268 3889 515 3959 quaedam
562 3890 1123 3959 praedonum‘turmze,
1167 3890 1335 3943 menti
1374 3888 1688 3951 insidiatur,
1722 3903 1841 3943 eam

269 3997 649 4048 saepenumero
682 3982 951 4049 captivam
994 3981 1062 4035 ad
1100 3997 1257 4035 suam
1290 3982 1562 4050 arripiens
1594 3982 1845 4035 volunta-

268 4079 379 4127 tem
415 4089 429 4125 :
464 4070 576 4125 Deo
600 4080 782 4125 autem
813 4070 1054 4126 evadens
1091 4072 1337 4135 inimica,
1374 4072 1519 4126 sicut
1545 4071 1678 4125 dicit
1701 4072 1847 4141 Apo-

272 4167 469 4229 stolus,
499 4163 644 4233 quod
686 4163 975 4231 prudentia
1021 4163 1206 4216 carnis
1236 4161 1345 4216 Deo
1384 4169 1469 4216 est
1508 4160 1730 4216 inimica
1757 4162 1842 4215 1‘:

274 4264 561 4328 propterea
590 4262 675 4310 est
701 4268 1069 4324 consequens,
1118 4261 1175 4307 ut
1205 4253 1424 4308 divinus
1462 4268 1617 4307 amor
1659 4253 1751 4307 liat
1780 4268 1848 4308 ex

266 4354 340 4411 iis
373 4363 495 4418 quae
544 4353 673 4401 sunt
725 4346 1004 4401 contraria
1048 4345 1325 4415 corporali
1377 4344 1684 4415 cupiditati.
1727 4344 1847 4410 Quo

1936 3251 2115 3318 πάσης
2147 3247 2381 3318 φοϐερᾶς
2422 3263 2483 3298 τε
2531 3245 2623 3299 καὶ
2652 3242 2931 3312 θυμώδους
2969 3233 3260 3301 διαθέσεως
3290 3251 3535 3305 κεχωριδ-

1938 3340 2153 3410 σμένον.
2189 3337 2260 3391 Τὸ
2288 3331 2562 3406 ἀκήρατον
2591 3335 2646 3388 δὲ
2676 3333 2868 3395 κάλλος
2911 3328 3104 3394 ἐκεῖνο,
3145 3330 3179 3399 ἡ
3227 3326 3435 3398 φοϐερά
3463 3336 3534 3377 τε

1937 3434 2029 3487 καὶ
2078 3429 2495 3499 ἀκατάπληκτος
2536 3424 2724 3497 ἀνδρία
2769 3419 2933 3477 ἐστίν.
2978 3421 3195 3488 Ἐπειδὴ
3227 3417 3334 3487 γὰρ
3361 3420 3394 3486 ἠ
3423 3418 3529 3484 ἐμσ

1940 3525 2116 3593 παθὴς
2144 3522 2239 3575 καὶ
2270 3519 2495 3591 ῥυπῶσα
2533 3517 2642 3570 τῶν
2692 3515 2959 3586 σωμάτων
3000 3510 3265 3580 ἐπιθυμία
3288 3511 3400 3570 τοῖς
3426 3505 3538 3576 τῆς

1940 3612 2143 3685 σαρκὸς
2178 3611 2394 3682 μέλεσιν
2442 3607 2812 3679 ἐγκαθημένη,
2860 3604 3110 3673 καθάπερ
3149 3617 3200 3655 τι
3245 3599 3535 3667 σύνταγμα

1939 3702 2230 3778 λῃστρικὸν
2260 3701 2529 3773 ἐνεδρεύει
2569 3699 2659 3753 τὸν
2698 3697 2842 3761 νοῦν,
2884 3695 2977 3749 καὶ
3023 3692 3365 3763 αἰχμάλωτον
3405 3685 3538 3757 ἄγει

1942 3797 2200 3859 πολλάκις
2261 3791 2395 3865 πρὸς
2439 3788 2500 3845 τὸ
2553 3793 2749 3861 ἐαυτῆς
2804 3788 3051 3859 βούλημα
3097 3783 3533 3854 συναρπάσασα⁶

1943 3886 2133 3957 ἐχθρὸν
2157 3884 2217 3943 δὲ
2239 3882 2317 3952 τῷ
2335 3881 2454 3952 Θεῷ
2484 3879 2546 3934 τὸ
2574 3877 2873 3949 γινόμενον,
2899 3874 3082 3939 καθώς
3113 3891 3276 3945 φησιν
3305 3877 3334 3926 ὁ
3372 3871 3541 3926 Ἀπό-

1946 3975 2148 4039 στολος,
2178 3975 2260 4027 ὅτι
2292 3972 2353 4025 τὸ
2391 3967 2645 4044 φρόνημα
2679 3964 2777 4040 τῆς
2818 3967 3020 4039 σαρκὸς
3055 3965 3219 4036 ἔχθρα
3251 3965 3331 4026 εἰς
3367 3963 3535 4016 Θεόν’

1944 4069 2033 4124 διὰ
2063 4066 2220 4121 τοῦτο
2249 4062 2537 4119 ἀκόλουθόν
2571 4064 2737 4123 ἐστιν,
2765 4062 2829 4113 ἐκ
2870 4059 2977 4112 τῶν
3009 4054 3264 4110 ἐναντίων
3299 4055 3396 4120 τῆς
3429 4070 3540 4106 ato-

1950 4159 2185 4233 ματικῆς
2210 4155 2503 4225 ἐπιθυμίας
2542 4150 2631 4206 τὸν
2676 4151 2817 4203 θεῖον
2862 4149 3040 4220 ἔρωτα
3081 4144 3355 4216 γίνεσθαι·
3393 4143 3540 4233 ῶστσ

1947 4232 1995 4307 εί
2020 4248 2222 4319 ταύτης
2251 4247 2572 4316 καθηγεῖται
2601 4242 2752 4304 λύσις
2784 4240 2878 4294 καὶ
2912 4239 3092 4300 ἄνεσις
3128 4237 3220 4290 καὶ
3254 4232 3540 4305 βλακώδης

1947 4344 2209 4413 διάχυσις,
2259 4335 2375 4392 ἐκεῖ
2410 4335 2508 4406 τὴν
2564 4327 2822 4402 ἐπίφοϐὁν
2872 4347 2932 4383 τε
2981 4326 3075 4382 καὶ
3117 4325 3541 4413 ἀκατάπληκτον

277 4440 335 4492 ιιι
382 4410 443 4492 ιιι
500 4438 545 4492 si
607 4437 775 4506 hujus
813 4436 924 4490 dux
977 4410 1167 4490 τηου-η’
1199 4410 1511 4499 dissolutio,
1573 4437 1750 4491 remis:

2067 4410 2202 4486 aeiav
2244 4430 2375 4500 ὓλην
2419 4424 2511 4480 τοῦ
2554 4422 2697 4478 θείου
2747 4422 2955 4492 ἔρωτος
2990 4417 3253 4489 γίνεσθαι.
3285 4410 3393 4471 Τοῧ
3430 4416 3540 4485 γὰρ

276 4529 567 4597 mollisque
617 4537 672 4582 et
722 4537 981 4581 enervata
1025 4525 1267 4588 dilTusio,
1301 4527 1416 4581 illic
1454 4527 1748 4583 vehemens

2068 4525 2245 4587 »ώδους
2289 4517 2462 4590 θυμοῦ
2503 4516 2594 4570 τὸν
2640 4514 2739 4583 τῆς
2791 4513 2984 4583 ἡδονῆς
3030 4509 3185 4578 λόγον
3224 4508 3541 4597 καταπτοη-Ι

277 4636 399 4689 qua:
449 4595 757 4689 perturbari
803 4634 913 4672 non
966 4627 1150 4688 potest
1196 4620 1365 4673 animi
1404 4620 1724 4689 magnitudo

2068 4615 2142 4678 :6;
2183 4630 2243 4666 τε
2280 4610 2375 4664 καὶ
2415 4602 2871 4678 φυγαδεύσαντος,
2905 4599 3046 4652 οὕτω
3072 4597 3131 4650 τὸ
3163 4596 3404 4667 καθαρὸν
3441 4595 3541 4665 τῆς

278 4712 507 4767 materia
561 4711 733 4765 divini
789 4712 1014 4767 amoris.
1063 4712 1198 4768 Cum
1255 4713 1400 4766 enim
1449 4711 1527 4764 ira
1577 4711 1735 4766 fortis

2070 4702 2125 4776 ῆς
2153 4698 2504 4772 ἀναφαίνεται
2545 4698 2760 4759 κάλλος,
2800 4688 2989 4765 μηδενὶ
3016 4686 3178 4743 πάθει
3222 4688 3543 4777 σωματικῆς

279 4804 458 4858 virilis
489 4803 807 4859 insidiantis
837 4805 1131 4874 voluptatis
1158 4813 1367 4857 turmas
1390 4804 1744 4872 perterruerit

2066 4772 2252 4865 ὶυμῐας
2290 4788 2824 4862 καταρρυπούμενον.
2880 4781 3088 4835 Οὐκοῦν
3138 4779 3454 4847 ἀναγκαίως
3504 4772 3539 4848 ἡ

279 4894 337 4950 in
369 4894 551 4965 fugam
585 4896 831 4958 verterit,
886 4903 1000 4948 tum
1053 4903 1279 4965 apparet
1326 4911 1461 4966 pura
1508 4896 1702 4950 animae
1738 4896 1856 4966 pul~

280 4986 557 5049 chritudo,
586 4987 739 5040 nullo
769 4993 916 5039 motu
954 4987 1224 5040 maculata
1252 4988 1553 5057 corporalis
1583 4988 1854 5059 cupidita-

281 5076 373 5130 tis.
411 5073 736 5130 Necessario
780 5077 946 5145 igitur
987 5077 1252 5146 nuptialis
1279 5079 1426 5148 regis
1457 5079 1635 5134 lectus
1663 5080 1733 5134 ab
1763 5094 1853 5132 ar-

1958 4884 2202 4958 νυμφικὴ
2230 4883 2323 4936 τοῦ
2354 4879 2613 4952 βασιλέως
2651 4876 2806 4946 κλίνη
2853 4875 2964 4936 τοῖς
2995 4870 3235 4934 ὁπλίταις
3269 4872 3329 4923 ἐν
3359 4868 3545 4939 κύκλῳ

1960 4975 2401 5046 διαλαμϐάνεται,
2433 4964 2506 5024 ὧν
2538 4972 2571 5042 ἡ
2615 4969 2708 5022 τοῦ
2759 4966 3012 5036 πολεμεῖν
3044 4960 3328 5035 ἐμπειρία,
3364 4963 3459 5016 καὶ
3485 4961 3547 5016 τὸ

1962 5069 2247 5140 πρόχειρον
2277 5066 2418 5135 ἐχειν
2442 5062 2533 5116 ἐπὶ¹
2562 5062 2655 5115 τοῦ
2682 5058 2855 5131 μηροῦ
2881 5058 2981 5129 τὴν
3012 5053 3302 5128 ῥομφαίαν,
3334 5051 3541 5123 θάμϐος,

1957 5162 2051 5215 καὶ
2091 5157 2348 5229 ἔκπληξιν
2398 5155 2617 5226 ἐμποιεῖ
2658 5155 2768 5214 τοῖς
2815 5147 3196 5218 σκοτουμένοις
3237 5146 3543 5214 λογισμοῖς,

1956 5254 2065 5314 τοῖς
2098 5253 2153 5304 ἐν
2180 5246 2296 5314 νυξί
2324 5266 2380 5300 τε
2408 5247 2501 5301 καὶ
2528 5244 2832 5314 σκοτομήνῃ
2872 5242 2997 5295 τοὺς
3034 5236 3207 5302 εύΟεῖς
3350 5234 3547 5306 καρδίᾳ

1957 5342 2171 5416 λοχοῦσί
2202 5359 2262 5396 τε
2286 5340 2379 5395 καὶ
2408 5337 2736 5404 τοξεύουσιν.

281 5167 444 5222 matis
478 5166 873 5240 circumdatur,
925 5183 1157 5235 quorum
1196 5169 1321 5224 bclli
1359 5169 1575 5239 peritia,
1615 5187 1681 5226 eo
1714 5171 1857 5241 quod

284 5270 449 5324 super
499 5254 679 5312 femur
728 5267 977 5328 paratum
1025 5259 1264 5314 habeant
1310 5276 1535 5327 ensem,
1594 5270 1859 5317 terrorem

286 5340 442 5397 affert
469 5352 522 5397 et
551 5355 829 5416 stuporem
869 5350 1179 5427 tenebrosis
1224 5351 1673 5420 cogitationibus,
1711 5362 1760 5406 el
1794 5352 1861 5407 iis

286 5432 381 5501 qui
433 5434 488 5486 in
537 5435 775 5491 obscuro
821 5438 1175 5507 insidiantur,
1224 5449 1279 5495 et
1329 5442 1549 5512 sagittis
1595 5450 1860 5513 appetunt

284 5533 471 5579 rectos
500 5526 686 5578 corde.

366 5702 413 5734 “
470 5702 622 5756 Rom.
667 5719 784 5767 thl,
824 5706 874 5760 7.
