3742 5986
188 297 286 356 901

1252 289 1317 345 ΙΝ
1355 288 1654 346 ΟΑΝΤΙΟΛ
1686 285 1957 344 CANTIC.
2002 286 2289 345 HOMILIA
2334 290 2418 346 Vl.

3338 302 3445 360 902

258 407 382 464 Ὀτι
419 405 530 478 γὰρ
551 404 869 493 ἀναιρετικὴ
895 405 1004 459 τῶν
1030 406 1289 478 ῥυπαρῶν
1319 406 1521 478 ἡδονῶν
1553 407 1658 459 ἐστι

1940 403 2095 471 Quod
2133 406 2277 462 enim
2314 408 2583 465 obscenas
2605 410 2909 482 voluptates
2933 416 3110 473 deleat
3132 432 3195 473 ac
3217 430 3443 488 pernnat

184 503 291 558 τῶν
337 503 859 574 περιστοιχισμένων
904 501 1003 574 τὴν
1041 502 1227 572 κλίνην
1261 502 1564 568 ὲξόπλισις,
1609 500 1767 571 δῆλον

185 593 250 647 ἃν
292 593 501 660 γένοιτο
530 595 619 648 διά
654 595 750 665 τῆς
788 592 1113 664 ὑπογραφῆς
1153 592 1248 646 τοῦ
1278 593 1459 661 λόγου,
1494 593 1551 655 ὃς
1581 608 1764 662 φησιν,

182 684 261 737 ὅτι
287 683 524 750 Πάντες
551 684 957 754 δεδιδαγμένοι
1005 684 1291 752 πόλεμον.
1318 682 1473 752 ἀνὴρ
1503 681 1766 752 ῥομφαία

126 772 133 779 ’
180 775 365 830 αὐτοῦ
395 776 495 830 ἐπὶ
528 777 639 832 τόν
663 776 859 846 μηρὸν
885 775 1092 831 αὑτοῦ.
1138 774 1376 845 ’Δληθῶς
1412 774 1520 848 γὰρ
1549 776 1765 829 εἰδότων

180 870 342 933 ἐστὶν,
376 871 526 934 ὅπως
575 868 1086 941 ἀντιστρατεύεσθαι
1123 868 1226 939 χρὴ
1259 871 1325 940 τῇ
1366 868 1527 939 σαρκί
1570 885 1628 922 τε
1671 869 1765 922 καὶ

175 960 251 1031 τῷ
287 962 505 1031 αἵματι,
545 963 604 1015 ὲν
629 961 708 1032 τῷ
733 962 832 1033 τὴν
869 962 1141 1032 ῥομφαίαν
1177 962 1269 1014 ἐπὶ
1305 959 1383 1031 τῷ
1433 958 1591 1031 μηρῷ
1622 960 1762 1030 ἔχειν

174 1052 625 1123 ἑφηρμοσμένην.
657 1054 786 1107 Νοεῖ
809 1054 866 1107 δὲ
895 1054 1111 1115 πάντως
1152 1055 1180 1106 ό
1214 1052 1323 1105 τῶν
1350 1051 1633 1123 γραφικῶν
1665 1051 1764 1103 οὐκ

171 1142 402 1212 ἄπειρος
445 1142 731 1213 νοημάτων
780 1144 872 1197 καὶ
918 1144 1274 1215 αἰνιγμάτων,
1324 1143 1388 1197 έκ
1427 1161 1486 1196 τε
1531 1143 1632 1211 τῆς
1666 1141 1760 1195 τοῦ

172 1234 350 1304 μηροῦ
390 1234 611 1306 μνήμης
637 1235 699 1288 τὸ
734 1236 1129 1306 σημαινόμενον
1153 1276 1169 1297 ,
1214 1237 1308 1289 καὶ
1349 1236 1429 1288 ὅτι
1461 1235 1702 1307 ῥομφαία
1733 1236 1762 1287 6

168 1321 325 1391 λόγος
375 1325 545 1379 ἐστίν.
588 1326 647 1378 '0
693 1325 870 1378 τοίνυν
918 1325 978 1379 τὸ
1021 1324 1248 1395 φοϐερὸν
1291 1325 1472 1388 ὅπλον,
1515 1325 1660 1392 λέγω
1703 1329 1756 1379 δι

165 1413 262 1484 τὴν
300 1416 406 1485 τῆς
450 1415 803 1486 σωφροσύνης
840 1416 1133 1488 ῥομφαίαν,
1183 1416 1572 1484 διεζωσμένος
1608 1409 1761 1473 οὗτός

165 1507 310 1558 ἔστιν
342 1509 374 1560 6
397 1509 464 1579 τῇ
488 1507 747 1577 ἀφθάρτῳ
778 1508 931 1578 κλίνῃ
965 1507 1246 1579 ἐράσμιος,
1273 1502 1353 1572 εἷς
1382 1507 1491 1562 τῶν
1522 1505 1759 1561 δυνατῶν

175 1595 415 1665 Ἰσραὴλ,
446 1596 543 1650 καὶ
580 1585 674 1650 τοῦ
701 1597 1000 1665 καταλόγου
1032 1597 1140 1651 τῶν
1170 1597 1432 1667 ἐξήκοντα
1459 1597 1625 1664 ἄξιος.
1653 1597 1759 1652 Τὸν

161 1690 216 1743 δὲ
244 1690 483 1762 ἀριθμὸν
520 1690 706 1745 τοῦτον
729 1690 871 1762 ἔχειν
901 1692 998 1762 μέν
1028 1709 1151 1747 τινα
1173 1693 1428 1762 μυστικὸν
1456 1694 1629 1762 λόγον,
1653 1694 1753 1750 οὐκ

163 1780 610 1851 ἀμφιϐάλλομεν
646 1782 779 1836 ἀλλά
813 1783 991 1853 μόνοις
1035 1782 1264 1846 ἐκείνοις
1289 1783 1465 1854 δῆλον,
1504 1780 1585 1848 οἷς
1616 1785 1751 1839 ἀπο-

163 1869 428 1923 καλύπτει
454 1870 525 1925 τά
552 1872 909 1943 κεκρυμμένα
940 1874 1215 1944 μυστήρια
1250 1874 1407 1944 ἢτοῦ
1437 1875 1752 1946 Πνεύματος

161 1960 341 2031 χάρις.
392 1961 583 2033 Ἡμεῖς
618 1963 674 2015 δὲ
711 1963 889 2026 καλῶς
922 1963 1065 2035 ἔχειν
1094 1965 1272 2035 φαμὲν
1308 1965 1416 2019 τῶν
1445 1966 1750 2038 προχείρων

160 2052 251 2105 τοῦ
294 2052 456 2121 λόγου
499 2054 788 2124 νοημάτων
827 2054 1254 2127 ἐμφορηθέντας,
1309 2055 1491 2120 καθὼς
1531 2057 1622 2110 ἐπὶ
1672 2056 1748 2128 τῷ

161 2143 354 2214 Πάσχα
387 2143 672 2214 νομοθετεῖ
701 2146 960 2216 Μωῦσῆς,
992 2145 1103 2198 τῶν
1135 2146 1584 2218 προφαινομένων
1617 2165 1749 2219 σαρ-

158 2233 271 2286 κῶν
315 2234 685 2304 ὲμφαγόντας,
716 2234 1273 2307 ἀπολυπραγμόνητον
1323 2237 1482 2292 ἐάσαι
1521 2238 1584 2292 τὸ
1632 2241 1747 2304 τοῖς

155 2327 367 2390 ὀστέοις
395 2328 494 2398 τῆς
519 2328 786 2398 ἀσαφείας
818 2331 1281 2402 ἐγκεκρυμμένον.
1314 2332 1376 2384 Εἰ
1404 2332 1461 2385 δέ
1491 2331 1573 2394 τίς
1599 2334 1745 2386 ἐστιν

156 2417 503 2489 ἐπιθυμητὴς
526 2418 635 2472 τῶν
664 2420 909 2491 κρυφίων
935 2420 1144 2491 μυελῶν
1173 2422 1265 2475 τοῦ
1299 2422 1480 2491 λόγου,
1515 2421 1746 2492 ζητείτω

157 2510 307 2581 παρὰ
343 2509 438 2563 τοῦ
479 2510 548 2563 τὰ
590 2512 945 2582 κεκρυμμένα
978 2515 1090 2575 τοῖς
1132 2511 1302 2577 ἀξίοις
1336 2513 1745 2568 ἀποκαλύπτον-

155 2618 266 2664 τος.
300 2601 389 2665 Ὦς
411 2601 457 2654 δ’
484 2600 550 2656 ἂν
585 2603 659 2672 μὴ
686 2602 972 2673 δοκοίημεν
1004 2602 1349 2672 ἀγύμναστον
1378 2605 1742 2678 παροιτρέχειν

154 2692 244 2747 τὸν
272 2693 452 2761 λόγον,
492 2693 627 2764 μηδὲ
652 2693 1055 2766 καταρᾳθυμεῖν
1086 2693 1179 2746 τοῦ
1212 2693 1357 2747 θείου
1388 2694 1743 2766 προστάγμα-

155 2802 263 2848 τος,
297 2783 394 2838 τοῦ
428 2786 655 2856 ὲρευνᾷν
694 2785 793 2849 τὰς
834 2786 985 2849 θείας
1021 2785 1462 2856 διακελευομένου
1496 2785 1736 2854 Γοαφὰς,

155 2877 353 2930 οὑτωσὶ
395 2877 488 2930 τὸν
522 2878 650 2948 περὶ
684 2876 747 2929 τὸ
787 2876 1047 2948 ἐξήκοντα
1079 2876 1531 2947 διασκοπήσωμεν
1559 2875 1739 2943 λόγον·

155 2964 373 3023 Δώδεκα
400 2968 586 3039 ῥάϐδοι
612 2967 732 3022 κατ’
761 2968 992 3039 ἀριθμὸν
1022 2967 1132 3021 τῶν
1157 2967 1338 3037 φυλῶν
1363 2966 1457 3020 τοῦ
1499 2965 1733 3039 Ἰσραὴλ,

1782 1739 1826 1795 Β

1867 510 2055 550 eorum
2097 499 2191 567 qui
2228 499 2425 554 lectum
2458 501 2705 556 ambiunt
2739 513 3014 560 armatura
3037 547 3050 572 ,
3089 511 3440 580 perspicuum

1869 587 2031 643 fuerit
2067 605 2133 645 ex
2172 589 2290 658 ejus
2328 590 2476 661 quod
2512 601 2597 647 est
2637 593 2689 646 in
2730 605 2986 650 contextu
3026 599 3390 670 deseriptione
3422 621 3436 656 :

1866 681 1956 750 qui
1992 680 2064 734 ita
2093 680 2293 746 habet,
2336 682 2527 744 Omnes
2556 686 2712 753 periti
2757 702 2945 758 pugmr
2970 728 2984 753 ,
3031 691 3441 763 uniuscujusque

1863 772 2002 824 ensis
2035 787 2198 841 supra
2224 772 2395 841 rentur
2416 790 2589 829 suum.
2620 774 2830 833 Revera
2862 779 3007 834 enim
3038 791 3096 836 ut
3123 782 3322 837 bellum
3346 799 3440 855 ge-

1866 869 2023 915 ratur
2062 862 2326 920 adversus
2363 866 2708 937 voluptates,
2749 879 2965 939 oportet
3013 874 3165 927 carni
3207 883 3260 929 et
3300 889 3438 930 sane

1864 954 2016 1023 guini
2035 996 2048 1019 ,
2072 963 2331 1025 tanquam
2360 957 2587 1023 femori,
2610 975 2797 1016 ensem
2823 962 3022 1018 habere
3045 966 3434 1021 accommoda-

1863 1054 1997 1100 tum.
2037 1046 2273 1103 Omnino
2296 1058 2476 1106 autem
2500 1050 2753 1123 intelligit
2776 1054 2824 1109 is
2849 1055 2940 1124 qui
2972 1055 3264 1127 Scriptum
3297 1059 3435 1114 aeni-

1862 1145 2102 1206 gmatum
2145 1155 2253 1194 non
2287 1150 2370 1196 est
2412 1142 2668 1212 ignarus,
2701 1161 2766 1201 ex
2801 1147 3075 1204 mentione
3112 1148 3336 1208 femoris
3375 1150 3433 1206 id

1860 1228 2007 1296 quod
2036 1231 2396 1299 significatur,
2427 1243 2480 1289 et
2509 1237 2654 1306 quod
2685 1238 2897 1309 gladius
2930 1246 3014 1297 est
3051 1240 3292 1296 verbum.
3327 1242 3431 1310 Qui

1860 1334 1989 1388 ergo
2026 1318 2128 1374 fert
2162 1336 2311 1377 arma
2335 1364 2351 1391 ,
2389 1324 2512 1380 dico
2554 1335 2737 1384 autem
2778 1333 3154 1401 temperantiae
3187 1332 3431 1403 gladium

1861 1410 2166 1487 accinctum
2188 1451 2203 1475 ,
2234 1412 2280 1468 is
2310 1422 2393 1468 est
2418 1415 2669 1473 amabilis
2702 1419 2843 1475 lecto
2874 1421 2927 1474 in
2955 1437 3114 1491 quem
3149 1439 3259 1478 non
3287 1424 3434 1479 cadit

1860 1503 2142 1571 corruptio
2173 1511 2226 1557 et
2254 1505 2535 1589 interitus,
2567 1525 2712 1565 unus
2742 1526 2809 1565 ex
2845 1512 3083 1569 fortibus
3127 1513 3290 1569 Israel
3313 1556 3327 1581 ,
3375 1523 3432 1571 et

1859 1589 2058 1663 dignus
2079 1594 2170 1663 qui
2197 1594 2469 1652 referatur
2493 1598 2547 1652 in
2578 1601 2888 1670 catalogum
2926 1603 3235 1673 sexaginta.
3272 1604 3431 1660 Hunc

1861 1693 2040 1740 autem
2071 1701 2358 1742 numerum
2393 1689 2630 1759 aliquam
2674 1694 2957 1763 mysticam
3000 1696 3204 1752 habere
3260 1699 3431 1753 ratio~

1842 1776 1976 1832 'nem
2003 1793 2111 1832 non
2139 1778 2330 1834 dubito
2357 1798 2369 1833 :
2405 1781 2498 1836 sed
2530 1781 2584 1836 id
2617 1782 2685 1837 iis
2712 1785 2886 1838 solum
2918 1792 3003 1840 est
3034 1787 3386 1843 manifestum
3409 1831 3427 1854 ,

1850 1870 2049 1940 quibus
2073 1872 2287 1925 occulta
2314 1873 2517 1927 revelat
2542 1875 2802 1945 mysteria
2823 1876 2997 1946 gratia
3030 1878 3288 1947 Spiritus.
3316 1880 3429 1936 Nos

1850 1971 2030 2017 autem
2066 1970 2213 2017 recte
2245 1963 2446 2018 habere
2481 1960 2770 2034 putamus,
2808 1966 2854 2022 si
2888 1982 3011 2022 cum
3043 1968 3111 2024 iis
3144 1985 3266 2039 quae
3295 1980 3426 2026 sunt

1849 2054 1905 2109 in
1944 2062 2195 2123 promptu
2229 2054 2380 2109 verbi
2421 2056 2711 2112 sententiis
2749 2072 2849 2111 nos
2887 2056 3090 2112 affatim
3123 2061 3429 2130 expleveri-

1848 2161 1989 2211 mus,
2018 2146 2160 2200 sicut
2182 2145 2236 2199 in
2263 2144 2527 2202 Pascbate
2550 2148 2795 2218 praecipit
2817 2147 3050 2219 Moyses,
3072 2166 3139 2205 ex
3162 2153 3423 2209 carnibus

1845 2254 1909 2294 ea
1937 2254 2059 2309 qua:
2105 2247 2368 2308 apparent
2412 2238 2844 2303 comederimus,
2891 2241 3268 2309 dimittamus,
3322 2261 3424 2303 nec

1845 2330 2060 2385 curiose
2086 2339 2393 2385 scrutemur
2420 2329 2473 2384 id
2501 2330 2645 2401 quod
2682 2331 2787 2386 sub
2814 2333 3035 2388 ossibus
3060 2335 3193 2391 latet
3218 2336 3422 2392 obscu-

1842 2421 2023 2475 ritatis
2058 2421 2125 2476 ¹⁵.
2180 2420 2237 2474 Si
2287 2422 2412 2490 quis
2450 2430 2629 2477 autem
2678 2422 2955 2479 desiderat
2988 2428 3235 2484 occultas
3268 2430 3421 2486 verbi

1843 2509 2109 2565 medullas
2130 2551 2144 2577 ,
2177 2518 2385 2580 quaerat
2413 2527 2478 2567 ex
2513 2527 2579 2567 eo
2603 2514 2694 2583 qui
2726 2514 2909 2585 dignis
2945 2518 3148 2572 revelat
3180 2520 3417 2581 occulta.

1840 2600 1919 2656 Νε
1950 2609 2131 2656 tamen
2169 2601 2453 2656 videamur
2482 2602 2535 2656 id
2564 2602 2709 2673 quod
2753 2603 2956 2659 dicitur
2986 2609 3266 2675 praeterire
3307 2624 3418 2664 non

1839 2706 2130 2747 excussura
2151 2730 2166 2754 ,
2197 2698 2252 2745 et
2280 2690 2522 2745 divinum
2558 2692 2834 2762 negligere
2867 2705 3196 2766 praeceptum
3218 2737 3231 2761 ,
3271 2698 3417 2765 quod

1838 2782 2053 2839 divinas
2081 2783 2237 2852 jubet
2264 2783 2499 2861 scrutari
2528 2783 2844 2855 Scripturas
2872 2786 2944 2851 ⁸⁸,
2988 2788 3060 2841 ita
3104 2789 3420 2845 considere—
3490 2849 3493 2853 ,

1837 2891 1959 2931 mus
1989 2875 2058 2930 de
2104 2890 2171 2930 eo
2215 2876 2362 2946 quod
2408 2875 2611 2931 dicitur
2655 2876 2723 2931 de
2769 2878 3079 2947 sexaginta:
3117 2878 3415 2935 Duodecim

1836 2969 2033 3038 virgae,
2075 2982 2173 3036 pro
2208 2981 2433 3022 numero
2479 2968 2719 3022 tribuum
2770 2967 2973 3034 Israel,
3020 2984 3086 3024 ex
3141 2981 3416 3042 praecepto

155 3058 296 3112 κατά
320 3060 648 3129 πρόσταγμα
692 3057 833 3111 θεῖον
883 3056 1034 3128 παρὰ
1077 3056 1171 3111 τοῦ
1210 3058 1487 3122 Μωῦσέως
1524 3057 1658 3128 λαμε

1873 3058 2021 3112 ivino
2045 3057 2386 3127 accipiuntur
2415 3072 2446 3110 a
2479 3056 2683 3129 Moyse,
2712 3058 2805 3113 sed
2837 3074 2947 3113 una
2977 3060 3232 3117 omnibus
3262 3068 3416 3117 antc-

144 3168 351 3213 ,νονται,
388 3149 524 3204 ἀλλά
553 3151 648 3221 μία
671 3151 779 3204 τῶν
805 3150 994 3205 πασῶν
1029 3149 1387 3221 προετιμήθη,
1420 3149 1556 3220 μόνη
1586 3167 1658 3204 πα

1868 3156 1945 3204 ata
1973 3157 2058 3205 est
2076 3188 2092 3214 ,
2120 3163 2243 3219 quae
2272 3148 2386 3203 sola
2411 3163 2520 3218 prae.
2550 3149 2763 3204 caeteris
2791 3148 3080 3205 floruerat.
3099 3149 3313 3207 Rursus
3339 3152 3410 3207 ab

152 3240 249 3304 τὰς
270 3241 438 3303 ἄλλας
464 3240 832 3311 βλαστήσασα.
863 3240 1028 3295 Πάλιν
1063 3240 1212 3311 παρά
1240 3238 1334 3292 τοῦ
1358 3239 1514 3310 Ναυὴ
1539 3238 1734 3309 Ἰησοῦ,

156 3332 431 3403 ίσάριθμοι
462 3336 583 3396 ταῖς
608 3333 804 3400 φυλαῖς
835 3330 931 3385 τοῦ
974 3330 1187 3402 Ἰσραὴλ
1217 3331 1352 3384 λίθοι
1380 3333 1447 3384 ὲκ
1481 3331 1574 3384 τοῦ
1606 3332 1737 3402 Ἰορ-

151 3422 305 3476 δάνου
336 3422 402 3475 λα
410 3422 724 3492 μϐάνονται,
752 3416 827 3478 ὧν
866 3421 986 3475 οὐδὲ
1035 3415 1117 3484 εἷς
1162 3420 1465 3489 ἀπόϐλητος
1506 3420 1733 3487 γίνεται,

153 3513 369 3567 πάντων
396 3512 676 3583 ὁμοτίμως
707 3513 788 3575 είς
819 3510 1124 3583 μαρτυρίαν
1155 3508 1248 3563 τοῦ
1287 3508 1430 3563 κατά
1469 3509 1559 3562 τὸν
1601 3507 1730 3580 Ἰορ-

150 3603 310 3672 δάνην
343 3601 642 3673 μυστηρίου
666 3600 1154 3671 παραληφθέντων.
1584 3642 1585 3645 η

217 3692 329 3745 Καὶ
358 3690 492 3744 πολὺ
524 3690 584 3743 τὸ
612 3688 900 3743 ἀκόλουθον
926 3691 984 3742 ὲν
1011 3691 1123 3753 τοῖς
1164 3688 1561 3759 ἱστορουμένοις
1594 3688 1731 3745 ὲστί.

151 3782 434 3852 Προκοπὴν
476 3782 585 3852 γάρ
625 3797 746 3834 τινα
776 3780 869 3832 τοῦ
906 3778 1033 3833 λαοῦ
1075 3778 1213 3851 πρὸς
1247 3779 1307 3833 τὺ
1345 3780 1672 3851 τελειότερον
1703 3782 1733 3834 6

150 3872 299 3941 λόγος
330 3873 685 3933 ἐνδείκνυται,
706 3870 782 3934 ὠς
815 3872 872 3923 ὲν
902 3870 1094 3940 ἀρχαῖς
1137 3871 1234 3942 μὲν
1266 3872 1365 3941 τῆς
1392 3871 1727 3942 νομοθεσίας,

152 3966 275 4035 μίαν
311 3963 603 4035 εὑρεθῆναι
635 3962 826 4034 ῥάϐδον
859 3960 1038 4024 ζῶσάν
1067 3977 1127 4014 τε
1170 3963 1263 4015 καὶ
1292 3961 1691 4032 βλαστάνουσαν
1712 3978 1727 3995 ο

147 4057 316 4121 τάςδὲ
346 4056 543 4118 λοιπὰς
573 4055 647 4117 ὡς
677 4053 847 4125 ξηράς
883 4069 942 4105 τε
969 4051 1134 4116 οὔσας
1166 4053 1259 4106 καὶ
1286 4054 1568 4124 ἀκάρπους
1596 4054 1731 4107 ἀπο-

147 4149 424 4221 ῶηθῆναι.
463 4147 709 4209 Πλείονος
739 4146 795 4199 δὲ
832 4145 1206 4214 διαγεγονότος
1242 4145 1456 4215 χρόνου,
1494 4145 1588 4198 καὶ
1617 4143 1727 4198 τῶν

145 4239 383 4310 νομικῶν
402 4239 586 4299 αὐτοῖς
606 4236 1076 4307 παραγγελμάτων
1098 4236 1154 4289 ὲν
1174 4234 1536 4306 ἀκριϐεστέρα
1561 4249 1728 4288 κατα-

144 4336 323 4405 νοήσει
354 4332 756 4402 γεγενημένων,
786 4331 861 4394 ὡς
901 4330 996 4384 καὶ
1041 4329 1138 4397 τὴν
1179 4332 1244 4384 ὲκ
1281 4329 1532 4400 δευτέρου
1571 4347 1724 4401 περι-

138 4400 310 4496 τομὴν
344 4400 445 4493 τὴν
478 4400 626 4492 παρά
664 4418 759 4474 τοῦ
799 4417 973 4491 Ἰησοῦ
1017 4418 1198 4483 αὐτοῖς
1241 4420 1585 4491 ἐπαγομένην
1629 4400 1725 4474 καὶ
1757 4400 1801 4453 D

138 4516 326 4583 νοῆσαι
373 4513 469 4567 καὶ
506 4511 779 4577 δέξασθαι,
809 4511 911 4580 τῆς
950 4509 1207 4581 πετρίνης
1248 4511 1520 4582 μαχαίρας
1563 4529 1719 4583 περι-

137 4607 365 4678 ελούσης
403 4604 584 4659 αὐτῶν
612 4605 721 4657 πᾶν
747 4603 810 4656 τὸ
844 4601 1149 4674 ἀκάθαρτον
1168 4619 1182 4633 ο
1219 4605 1330 4656 νοεῖ
1358 4604 1415 4657 δὲ
1448 4604 1663 4667 πάντως
1693 4606 1721 4657 6

138 4696 411 4761 συνεστὼς
446 4696 719 4766 ἀκροατὴς
743 4694 843 4765 τῆς
870 4711 928 4748 τε
969 4694 1173 4766 πέτρας
1208 4695 1302 4747 καὶ
1324 4695 1423 4763 τῆς
1448 4695 1721 4770 μαχαίρας

135 4793 195 4846 τὸ
223 4790 653 4861 σημαινόμενον⁵
685 4787 761 4849 ὡς
784 4786 929 4851 είκὸς
953 4781 1022 4857 ἦν
1048 4785 1433 4858 βεϐαιωθείσης
1459 4788 1518 4839 ὲν
1541 4788 1721 4852 αὐτοῖς

136 4883 230 4954 τῆς
272 4881 511 4952 νομίμου
552 4896 610 4932 τε
651 4879 745 4933 καὶ
784 4879 1039 4948 ἐναρέτου
1064 4877 1230 4947 ζωῆς,
1267 4877 1469 4949 μηδένα
1498 4877 1607 4931 τῶν
1643 4879 1722 4931 λί-

138 4974 243 5029 θων
273 4973 385 5028 τῶν
417 4972 505 5025 ἐπ’
533 4971 758 5042 ὀνόματι
804 4971 912 5024 τῶν
946 4969 1290 5042 Ἰσραηλιτῶν
1326 4970 1505 5039 φυλῶν
1545 4988 1722 5043 παρα-

135 5065 451 5136 ληφθέντων
481 5063 768 5134 εὑρεθῆναι
798 5062 1119 5131 ἀπόϐλητον.
1161 5062 1314 5115 Ἐπεὶ
1357 5062 1415 5115 δὲ
1446 5062 1552 5134 χρὴ
1585 5064 1720 5117 πάν-

136 5171 254 5208 τοτε
302 5151 417 5206 τῶν
466 5151 688 5220 ἀγαθῶν
730 5152 827 5216 τὰς
882 5150 1210 5223 ὲπαυξήσεις
1261 5150 1568 5222 ἐπιζητεῖν,
1634 5155 1724 5207 ὅτε

137 5243 407 5316 προῆλθεν
434 5245 464 5297 6
493 5243 705 5314 χρόνος,
731 5243 825 5298 καὶ
851 5244 884 5314 ἡ
906 5242 1139 5313 δύναμις.
1154 5240 1248 5295 τοῦ
1283 5242 1499 5313 Ἰσραὴλ
1524 5244 1726 5313 μείζων

138 5335 372 5405 ἐγένετο.
405 5334 565 5390 Οὕτω
592 5336 701 5405 γάρ
738 5352 902 5405 φησιν
944 5336 1002 5388 ὲν
1039 5328 1150 5398 τοῖς
1180 5335 1558 5405 προκειμένοις
1595 5338 1725 5409 ἡμῖν

141 5429 321 5499 ῥητοῖς
349 5430 379 5481 6
403 5427 582 5496 λόγος,
611 5427 691 5479 ὃτι
723 5426 830 5480 ἀπὸ
873 5426 1103 5498 Ἰσραὴλ,
1140 5426 1263 5479 τότε
1300 5426 1480 5481 οὐκέτι
1507 5422 1587 5492 εἷς
1616 5430 1722 5485 ἀπὸ

141 5520 309 5590 φυλῆς
351 5518 500 5583 λίθος
541 5518 575 5587 ἢ
605 5518 700 5589 μία
737 5518 929 5589 ῥάϐδος
969 5517 1333 5590 λαμϐάνεταιο
1373 5517 1507 5573 ἀλλὰ
1560 5522 1720 5576 πέντε

209 5689 250 5720 ⁸⁸
310 5690 481 5747 Exod.
540 5706 641 5756 zu,
692 5689 745 5745 9.
824 5690 865 5722 ¹⁶
902 5688 1095 5746 Joanu.
1138 5691 1335 5755 v.59.

1833 3240 1961 3307 Iesu
1988 3239 2136 3295 Nave
2159 3254 2318 3311 pares
2340 3253 2570 3294 numero
2602 3239 2858 3296 tribubus
2884 3239 3053 3297 Israel
3088 3241 3297 3309 lapides
3321 3257 3415 3297 ac-

1835 3330 2118 3399 cipiuntur
2138 3344 2202 3384 ex
2226 3327 2500 3392 Iordane,
2528 3344 2763 3399 quorum
2799 3333 3041 3384 omnium
3074 3332 3259 3386 nullus
3284 3332 3414 3402 reji-

1835 3422 2001 3488 citur,
2036 3421 2153 3492 pari
2190 3422 2398 3475 honore
2429 3421 2698 3490 assumpti
2732 3420 2799 3474 ad
2837 3420 3121 3476 ferendum
3159 3425 3413 3480 testimo-

1833 3514 1986 3569 nium
2018 3515 2086 3569 de
2123 3513 2387 3584 mysterio
2416 3512 2560 3582 quod
2596 3511 2800 3567 factum
2834 3521 2920 3569 est
2954 3513 3008 3567 in
3041 3511 3298 3571 Iordane.

1903 3688 2095 3759 Magna
2134 3695 2217 3743 est
2254 3694 2436 3743 autem
2475 3689 2868 3757 consequentia
2910 3689 2964 3742 in
3007 3688 3075 3744 iis
3108 3706 3230 3760 quae
3266 3691 3408 3748 refe-

1831 3788 2047 3835 runtur.
2087 3778 2387 3846 Quemdam
2425 3778 2569 3834 enim
2607 3777 2911 3848 profectum
2948 3780 3014 3835 ad
3049 3781 3101 3835 id
3138 3782 3285 3852 quod
3319 3792 3406 3840 est

1831 3871 2123 3943 perfectius
2158 3869 2399 3925 ostendit
2433 3869 2645 3931 oratio,
2681 3878 2872 3940 utpote
2902 3871 2956 3926 in
2995 3871 3152 3927 initio
3186 3874 3403 3943 quidem

1830 3963 1970 4034 legis
2010 3963 2131 4016 latae
2167 3961 2449 4016 inventam
2486 3959 2659 4016 fuisse
2693 3976 2857 4016 uuam
2897 3963 3104 4034 virgam
3142 3964 3404 4020 virentem

1828 4062 1882 4110 et
1919 4052 2359 4125 germinantem:
2396 4059 2625 4107 caeteras
2665 4063 2847 4108 autem
2884 4052 3053 4108 fuisse
3082 4054 3316 4123 rejectas
3346 4064 3407 4110 ut

1829 4146 2005 4204 siccas
2042 4154 2096 4201 et
2127 4143 2420 4198 infertiles.
2454 4143 2591 4199 Cum
2636 4152 2820 4200 autem
2872 4146 2996 4216 plus
3041 4148 3404 4216 processisset

1828 4237 2127 4308 temporis,
2158 4244 2212 4291 et
2253 4234 2446 4305 legalia
2500 4234 2622 4304 ejus
2665 4245 2935 4306 praecepta
2981 4236 3304 4307 diligentius
3349 4249 3404 4294 et

1826 4331 2140 4386 accuratius
2177 4329 2415 4383 fuissent
2445 4327 2760 4382 examinata
2780 4368 2796 4391 ,
2830 4328 3072 4382 secundo
3103 4329 3269 4383 etiam
3305 4343 3402 4383 ac-

1826 4423 2040 4493 cepisse
2077 4419 2551 4476 circumcisiouem
2592 4433 2621 4471 a
2659 4416 2788 4473 Jesu
2822 4419 2903 4474 eis
2934 4419 3152 4472 allatam
3175 4460 3190 4480 .
3220 4421 3402 4490 gladio

1828 4514 2041 4583 petrino
2085 4512 2166 4566 eis
2214 4509 2496 4564 auferente
2547 4507 2774 4562 omnino
2819 4508 3088 4578 quidquid
3132 4519 3251 4566 erat
3294 4512 3401 4566 imo

1826 4604 2088 4659 mundum
2122 4600 2417 4673 (intelligit
2465 4606 2645 4652 autem
2685 4603 2912 4654 omnino
2954 4603 3198 4671 prudens
3240 4605 3398 4659 audi-

1825 4710 1911 4752 tur
1942 4704 2109 4766 petra:
2135 4701 2189 4749 et
2222 4691 2385 4763 gladii
2422 4688 2914 4763 signiﬁcationem)
2957 4704 3011 4747 et
3048 4694 3220 4750 fuisse
3264 4711 3399 4751 con--

1826 4799 2146 4844 senlaneum
2178 4793 2303 4854 post
2331 4781 2802 4836 confirmationem
2830 4781 3006 4849 ipsius
3042 4781 3163 4837 vitae
3192 4798 3314 4853 quae
3345 4791 3400 4838 et

1824 4897 1890 4937 ex
1934 4882 2048 4950 lege
2093 4885 2147 4930 et
2192 4893 2258 4932 ex
2306 4880 2507 4930 virtute
2536 4873 2733 4944 agitur,
2762 4872 2973 4927 nullum
3004 4887 3070 4927 ex
3100 4873 3169 4929 iis
3198 4874 3397 4944 lapidi-

1824 4975 1947 5036 bus,
1978 4971 2072 5041 qui
2109 4969 2377 5038 assumpti
2402 4976 2530 5024 sunt
2562 4966 2665 5022 sub
2697 4966 2918 5021 nomine
2953 4964 3191 5020 tribuum
3220 4964 3398 5020 Israc-

1822 5068 2082 5127 litarum,
2138 5062 2422 5116 inventum
2468 5059 2638 5116 fuisse
2693 5056 3076 5127 rejiciendum.
3127 5056 3395 5123 Quoniam

1822 5164 2001 5212 autem
2058 5160 2272 5224 oportet
2329 5152 2556 5207 omnino
2607 5166 2852 5221 quaerere
2900 5150 3167 5204 bonorum
3220 5149 3398 5203 incre-

1822 5256 2003 5307 menta
2030 5288 2045 5311 ,
2079 5246 2303 5316 quando
2337 5255 2556 5314 tempus
2590 5244 2903 5315 processit,
2937 5251 2990 5298 et
3028 5242 3128 5296 fuit
3163 5241 3398 5311 amplior

1823 5341 1999 5396 virtus
2030 5337 2272 5394 lsraelis.
2303 5337 2395 5393 Sic
2418 5338 2564 5393 enim
2593 5336 2796 5392 dicitur
2820 5338 2872 5391 in
2902 5334 3085 5390 verbis
3114 5349 3235 5404 qua:
3266 5341 3396 5386 sunt

1825 5432 1985 5489 nobis
2018 5430 2329 5501 proposita,
2361 5428 2505 5498 quod
2540 5436 2672 5481 tunc
2714 5429 2766 5482 in
2808 5426 2973 5482 Israel
3014 5440 3122 5480 non
3161 5420 3394 5491 amplius

1826 5541 1890 5582 ex
1918 5523 2063 5578 tribu
2091 5521 2227 5592 lapis
2249 5528 2343 5575 aut
2368 5521 2522 5590 virga
2546 5534 2653 5574 una
2676 5518 2915 5575 sumitur
2947 5535 2959 5571 :
2989 5516 3081 5573 sed
3105 5528 3203 5585 pro
3231 5511 3396 5582 virgis
