3742 5986
302 298 407 355 905

1553 287 1609 342 S.
1636 284 1965 342 GREGORll
1996 285 2288 342 NYSSENI

3454 279 3556 337 9N-

304 419 398 463 aut
427 404 701 477 lapidibus
731 406 786 459 in
815 417 1141 474 unaquaque
1172 401 1316 458 tribu
1349 400 1592 471 quinque
1620 398 1722 452 viri
1759 398 1860 452 bel-

2033 401 2092 454 ιτὶ
2125 401 2334 472 ῥάϐδων
2362 400 2394 471 ἢ
2424 399 2587 454 λίθων
2624 397 2718 469 ἀφ’
2747 398 2983 469 ἑκάστης
3025 395 3196 466 φυλῆς
3230 394 3425 466 ἄνδρες
3456 412 3553 450 πο-

303 497 459 552 licosi
485 535 498 558 ,
529 495 607 550 rei
637 495 891 549 militaris
925 494 1118 564 periti,
1148 507 1213 547 ex
1244 491 1476 546 fortibus
1506 490 1668 545 lsrael
1689 529 1703 554 ,
1735 504 1870 559 quo-

305 599 425 638 rum
458 585 838 653 unusquisque
868 598 1055 638 ensem
1088 581 1325 635 habebat
1356 594 1522 649 supra
1553 579 1750 641 femur,
1786 579 1872 632 di-

304 678 489 731 vinam
540 677 737 730 lectum
782 677 837 729 in
890 677 1079 731 orbem
1130 672 1570 729 circumdabunt.
1628 671 1869 737 Quorum

304 777 592 839 propterea
633 770 818 824 nullus
856 767 958 822 fuit
990 767 1322 837 rejiciendus
1346 804 1360 827 ,
1389 764 1648 835 quoniam
1684 763 1868 831 eujns«

305 863 437 919 libet
469 863 647 917 tribus
679 861 936 931 primitiae
982 872 1112 916 sunt
1158 860 1436 928 quinque,
1485 871 1718 927 quorum
1769 855 1934 907 nu-‘"

302 972 489 1012 merus
525 957 820 1011 duodecies
854 954 1252 1023 multiplicatus
1283 967 1550 1008 summam
1586 948 1749 1004 ellicit
1787 963 1873 1002 se-

301 1052 543 1120 xaginta.
580 1049 805 1119 Oportet
839 1062 970 1117 ergo
1000 1064 1063 1101 ex
1094 1059 1422 1115 unaquaque
1451 1042 1596 1096 tribu
1632 1040 1873 1111 quinque

296 1141 574 1196 terribiles
605 1148 847 1192 armatos
874 1139 1074 1191 milites
1100 1134 1509 1194 essecustodes
1542 1133 1663 1187 lecti
1694 1132 1868 1200 regis,

299 1231 438 1287 adeo
470 1240 528 1286 ut
569 1232 614 1286 si
648 1230 868 1285 deﬁciat
904 1243 1162 1282 numerus
1193 1227 1435 1296 quinque
1458 1266 1473 1291 ,
1511 1224 1561 1278 id
1603 1223 1747 1293 quod
1789 1237 1873 1276 re-

298 1331 406 1379 stat
435 1322 657 1377 minime
689 1322 758 1376 sit
792 1320 1210 1374 admittendum.

372 1411 515 1468 Nam
568 1421 748 1466 autem
783 1411 838 1465 in
873 1412 976 1464 hoc
1010 1410 1250 1478 inempto
1304 1415 1388 1462 est
1418 1403 1626 1475 aliquid
1664 1401 1874 1457 auden-

1974 493 2243 562 λεμισταὶ,
2265 493 2627 562 δεδιδαγμένοι
2655 492 2886 562 πόλεμον
2916 492 3022 545 άπὸ
3050 492 3287 546 δυνατῶν
3322 490 3552 563 Ἰσραὴλ,

1972 585 2216 654 αἴροντες
2256 584 2544 654 ῥομφαίαν,
2582 583 2679 653 τὴν
2714 581 2864 635 θείαν
2899 581 3087 651 κλίνην
3134 580 3555 651 περιστοιχίζον-

1971 693 2083 738 τες.
2111 670 2213 728 Ὧν
2251 675 2337 727 διά
2385 654 2540 728 τοῧτο
2585 674 2757 737 οὐδεὶς
2801 674 3106 741 ἀπόϐλητος
3157 673 3388 736 γίνεται,
3424 671 3555 726 διότι

1975 767 2151 836 πάσης
2190 766 2360 836 φυλῆς
2384 765 2626 837 ἀπαρχὴ,
2674 766 2724 818 oi
2770 764 2929 817 πέντε
2962 764 3220 832 γίνονται,
3260 757 3336 817 ὧν
3377 765 3405 816 ὁ
3432 763 3553 834 ἀρι-

1973 856 2106 926 θμὸς
2136 857 2428 922 δωδεκάκις
2459 856 2940 928 κεφαλαιούμενος,
2978 856 3039 909 τὸ
3091 857 3366 927 πλήρωμα
3415 857 3556 908 ποιεῖ

1970 952 2077 1003 τῶν
2108 951 2387 1021 ἑξήκοντα.
2426 949 2544 1020 Χρὴ
2586 949 2760 1002 τοίνυν
2806 948 2967 1001 πέντε
2995 947 3086 1015 ἀφ’
3113 947 3347 1012 ἑκάστης
3383 946 3555 1014 φυλῆς

1973 1042 2235 1114 φοϐεροὺς
2261 1042 2600 1111 όπλομάχους
2629 1039 2871 1109 φύλακας
2898 1038 2995 1109 τῆς
3018 1039 3111 1092 τοῦ
3152 1038 3414 1109 βασιλέως
3440 1036 3555 1091 κλί-

1971 1151 2068 1205 νης
2095 1133 2366 1203 γενέσθαι,
2396 1133 2471 1196 ὡς
2503 1133 2615 1201 εἴγε
2648 1133 2820 1186 λείποι
2866 1132 2946 1201 τῷ
2988 1131 3205 1203 ἀριθμῷ
3236 1131 3344 1185 τῶν
3375 1131 3551 1199 πέντε,

1972 1213 2345 1295 ἀπαράδεκτον
2376 1220 2513 1276 εἶναι
2540 1223 2631 1276 καὶ
2655 1223 2717 1275 τὸ
2744 1222 3079 1292 λειπόμενον.

2040 1395 2191 1473 Ἀρά
2218 1403 2334 1453 ἐστι
2363 1400 2770 1472 κατατολμῆσαι
2800 1398 2985 1453 λοιπόν
3016 1397 3108 1451 τοῦ
3145 1397 3552 1468 ἐνθυμήματος

298 1503 454 1571 dum,
518 1513 577 1558 ut
631 1504 883 1558 dicamus
925 1498 1395 1562 Quemadmodum
1448 1498 1502 1550 in
1547 1508 1860 1564 unaquaque

2033 1487 2104 1552 ῶς
2160 1488 2264 1558 ἀφ’
2290 1489 2529 1560 ἑκάστης
2554 1490 2728 1562 φυλῆς
2768 1491 2816 1543 oi
2857 1490 3017 1542 πέντε
3078 1487 3425 1550 ὁπλίζονται,
3464 1488 3550 1540 ἵνα

299 1591 447 1645 tribu
500 1596 785 1645 armantur
828 1590 1094 1660 quinque,
1164 1600 1223 1641 ut
1277 1587 1389 1643 sint
1444 1586 1700 1640 custodes
1747 1583 1860 1636 lecti

2033 1597 2072 1649 ις
2100 1579 2381 1650 βασιλικῆς
2424 1580 2611 1649 κλίνης
2645 1581 2888 1649 φύλακες
2916 1581 3210 1649 γένωνται;
3242 1579 3369 1642 Πῶς
3414 1580 3547 1634 ἕκα-

300 1685 483 1753 regis?
505 1695 557 1737 et
586 1681 1045 1753 quemadmodum
1086 1681 1460 1751 unusquisque
1488 1680 1678 1733 horum
1711 1679 1860 1748 quin-

2033 1690 2103 1735 τος
2139 1673 2248 1725 τῶν
2281 1674 2443 1727 πέντε
2471 1674 2703 1738 τούτων,
2750 1674 2979 1746 φοϐερὸς
3004 1677 3117 1737 τοῖς
3159 1674 3543 1744 ἀντιτεταγμέο

301 1792 411 1845 que
458 1770 529 1828 fit
578 1775 848 1829 terribilis
876 1774 1229 1839 adversariis,
1255 1788 1439 1827 ensem
1472 1786 1630 1827 suum
1664 1771 1860 1824 habens

2033 1783 2089 1829 ιις
2115 1765 2202 1819 διὰ
2248 1768 2344 1834 τῆς
2388 1767 2653 1830 ὁπλίσεως
2693 1767 2931 1835 γίνεται,
2982 1767 3079 1836 τὴν
3130 1767 3404 1836 ῥομφαίαν
3452 1766 3546 1819 τοῦ

216 1930 221 1937 ,
301 1866 615 1936 impositum
661 1881 828 1934 super
864 1863 1082 1923 femur?
1128 1867 1207 1918 An
1243 1880 1352 1918 non
1383 1873 1467 1917 est
1500 1861 1860 1923 manifestum,

2033 1856 2156 1927 ηροῦ
2223 1857 2682 1928 προϐαλλόμενοςς
2727 1860 2797 1911 Ἦ
2846 1857 3001 1928 δῆλόν
3053 1860 3228 1923 ἐστιν,
3281 1860 3363 1913 ὅτι
3402 1863 3431 1912 ό
3466 1854 3551 1923 εἷς

298 1957 445 2025 quod
495 1974 638 2012 unus
687 1956 849 2026 lapis,
909 1972 1106 2026 nempe
1152 1956 1185 2009 ii
1235 1955 1485 2025 quinque
1514 1953 1707 2007 armati
1743 1962 1860 2009 sunt

2033 1949 2139 2012 θος,
2170 1951 2218 2001 οἱ
2266 1950 2425 2002 πέντε
2459 1950 2672 2003 ὁπλῖται
2719 1941 2864 2002 οὗτοί
2898 1952 3035 2003 εἰσιν
3080 1948 3319 2020 ἑκάστης
3357 1950 3549 2022 αἰσθή-

302 2050 684 2119 unusquisque
738 2065 956 2111 sensus,
1011 2047 1429 2102 convenientem
1487 2059 1646 2099 suum
1684 2060 1860 2099 ensem

2033 2059 2147 2104 ;ως,
2194 2040 2292 2110 τὴν
2346 2042 2650 2111 πρόσφορον
2699 2043 2864 2113 ἑαυτῇ
2927 2043 3202 2113 ῥομφαίαν
3258 2045 3338 2106 είς
3377 2042 3549 2095 κατά-

296 2136 536 2195 educens
587 2137 651 2189 ad
710 2144 980 2190 terrorem
1025 2134 1415 2188 inimicorum?
1456 2132 1612 2189 Oculi
1649 2131 1860 2201 quidem

2033 2131 2169 2202 tqitv
2221 2129 2330 2183 τῶν
2383 2130 2639 2184 ἐναντίων
2689 2131 3161 2201 προόαλλομένηςς
3235 2130 3547 2201 Ὀφθαλμοῦ

297 2234 381 2281 est
410 2227 562 2281 ensis
616 2236 879 2295 perpetuo
909 2226 1158 2294 aspicere
1188 2226 1255 2278 ad
1285 2224 1599 2287 Dominum,
1633 2231 1687 2278 et
1723 2232 1860 2278 recta

2033 2221 2217 2292 μμφαία
2263 2221 2324 2273 τὸ
2371 2221 2657 2285 διαπαντὸς
2704 2222 2835 2292 ὁρᾷν
2880 2221 3015 2291 προς
3052 2221 3142 2273 τὸν
3178 2219 3419 2290 Κύριον,
3452 2220 3549 2273 καὶ

297 2315 519 2379 intueri,
581 2325 646 2371 ev
681 2317 832 2369 nullo
882 2316 1025 2383 turpi
1068 2316 1384 2384 spectaculo
1431 2313 1728 2384 inquinari.
1761 2313 1860 2391 Au-

2033 2311 2110 2365 ιθά
2150 2311 2401 2382 βλέπειν,
2437 2312 2529 2365 καὶ
2579 2312 2764 2383 μηδενὶ
2796 2311 2906 2365 τῶν
2959 2311 3218 2382 ῥυπαρῶν
3257 2310 3549 2380 θεαμάτων

295 2407 445 2463 ditus
499 2422 651 2462 arma
697 2417 827 2463 sunt
884 2408 1159 2469 similiter,
1208 2407 1518 2462 divinorum
1571 2407 1860 2461 documen-

2033 2401 2461 2472 ιταμολόνεσθαι.
2525 2401 2718 2470 Ἀκοῆς
2774 2399 2935 2454 ὅπλον
2985 2399 3245 2463 ὡσαύτως
3297 2402 3331 2470 ἡ
3388 2398 3552 2452 θείων

296 2507 480 2553 torum
534 2500 765 2564 auditio,
791 2509 844 2555 et
866 2515 1150 2569 nunquam
1178 2515 1380 2554 vanum
1408 2500 1461 2553 in
1489 2514 1549 2554 se
1577 2497 1860 2553 admittere

2033 2492 2317 2562 δαγμάτων
2368 2493 2663 2562 ἀκρόασις,
2731 2490 2825 2544 καὶ
2880 2491 2941 2545 τὸ
2994 2491 3270 2560 μηδέποτε
3321 2491 3551 2562 μάταιον

295 2605 626 2646 sermonem.
684 2591 759 2645 Ita
818 2592 981 2646 etiam
1038 2590 1168 2644 licet
1232 2604 1449 2643 armare
1494 2597 1750 2659 gustum,
1812 2600 1860 2644 et

2035 2601 2130 2652 γον
2163 2585 2220 2637 ἐν
2264 2587 2400 2655 αὐτῇ
2445 2585 2719 2651 δέξασθαι.
2763 2583 2950 2648 Οὕτως
2990 2576 3143 2633 ἔστιν
3184 2583 3404 2639 ὁπλίσαι
3454 2588 3555 2638 καὶ

296 2692 522 2749 tactum,
574 2692 628 2740 et
681 2683 971 2739 odoratum
1014 2681 1193 2753 gladio
1246 2683 1628 2747 continentia};
1670 2697 1860 2736 unum-

2033 2696 2068 2749 ιν
2096 2677 2305 2746 γεῦσιν,
2350 2679 2445 2732 καὶ¹
2478 2678 2576 2747 τὴν
2614 2679 2781 2749 ἁφὴν,
2807 2678 2903 2733 καὶ
2930 2676 3028 2747 τὴν
3058 2676 3326 2757 ὄσφρησιν
3355 2679 3420 2747 τῇ
3450 2675 3554 2748 τῆς

293 2790 567 2845 quemque
624 2791 846 2831 sensum
900 2774 1133 2845 tegendo
1173 2773 1495 2844 congruenti
1531 2772 1722 2838 lorica,
1772 2788 1860 2843 per

2033 2771 2295 2842 ‘xpaeet'ag
2322 2772 2584 2844 ῥομφαίᾳ,
2607 2771 2957 2842 καταλλήλως
2978 2771 3214 2841 ἑκάστην
3227 2769 3338 2823 τῶν
3360 2769 3554 2840 αίσθήι-

294 2879 417 2933 ειυῖε
456 2864 765 2919 tenebrosis
795 2863 1223 2934 cogitationibus
1269 2874 1461 2932 stupor
1492 2862 1551 2917 tit
1578 2870 1631 2917 et
1665 2870 1860 2929 terror,

2033 2881 2109 2917 ων
2161 2863 2566 2937 θωρακίζονταν,
2621 2863 2687 2917 δι’
2722 2858 2798 2919 ὧν
2842 2864 3050 2933 γίνεται
3081 2863 3289 2934 θάμϐος
3327 2864 3424 2918 καὶ
3455 2862 3550 2916 ἐκέ

294 2968 527 3022 quorum
573 2954 735 3008 etiam
761 2961 980 3022 tempus
1009 2960 1190 3021 aptum
1223 2952 1287 3005 ad
1320 2951 1550 3006 insidias
1578 2950 1860 3007 struendas

2033 2955 2167 3025 ιηξις
2195 2956 2309 3018 τοῖς
2349 2956 2642 3018 σκοτεινοῖς
2685 2954 2986 3027 λογισμοῖς,
3020 2948 3096 3009 ὧν
3124 2954 3315 3026 καιρὸς
3344 2956 3426 3019 είς
3447 2954 3553 3025 τὴν

295 3043 559 3098 adversus
586 3047 798 3098 animas
835 3057 939 3096 nox
968 3051 1094 3098 sunt
1123 3051 1177 3096 et
1211 3042 1471 3096 tenebrae.
1511 3041 1568 3096 ln
1621 3057 1684 3097 ea
1719 3042 1860 3097 enim

2033 3045 2111 3099 ιτά
2133 3045 2240 3100 τῶν
2268 3044 2454 3116 ψυχῶν
2476 3045 2815 3117 ὲπιὸουλὴνή
2846 3048 2940 3113 νὺξ
2968 3047 3175 3115 γίνεται
3209 3048 3303 3100 καλ⁵
3332 3046 3393 3099 τὸ
3426 3048 3552 3101 σκό-

294 3138 432 3192 dixit
482 3136 775 3206 PrOpheta,
806 3137 1013 3191 bestias
1049 3134 1162 3205 agri
1186 3132 1400 3189 “malum
1433 3136 1537 3191 sibi
1579 3134 1860 3206 providere

2035 3154 2080 3199 ς.
2117 3137 2206 3191 Ἐν
2229 3138 2402 3207 ταύτῃ
2429 3136 2540 3207 γὰρ
2571 3131 2726 3192 εἶπεν
2754 3140 2782 3190 ὁ
2816 3140 3128 3211 Προφήτης,
3152 3140 3222 3194 τά
3253 3139 3420 3211 θηρία
3448 3139 3547 3193 τοῦ

292 3246 447 3286 esum
491 3245 557 3285 ex
603 3229 894 3299 pecoribus
958 3227 1071 3282 Dei.
1140 3225 1376 3281 Posuisti
1432 3227 1603 3290 enim,
1662 3227 1860 3297 inquit,

2033 3227 2139 3299 ’ροῦ
2173 3228 2272 3299 τὴν
2302 3228 2544 3299 πονηράν
2574 3228 2776 3300 βρῶσιν
2805 3229 3017 3293 ἑαυτοῖς
3049 3232 3113 3284 ὲκ
3140 3232 3249 3285 τῶν
3277 3231 3375 3284 τοῦ
3407 3231 3548 3285 Θεοῦ

293 3321 554 3384 tenebras,
597 3332 647 3375 et
716 3320 862 3391 facta
913 3329 989 3374 est
1032 3335 1157 3374 nam.
1192 3318 1258 3374 In
1307 3321 1427 3389 ipsa
1469 3319 1860 3385 pertransibunt

2033 3319 2234 3388 ιιμνίων
2256 3317 2929 3389 περιεργάζεσθαι.”Εθου
2954 3321 3081 3392 γὰρ,
3109 3323 3261 3392 φησὶ,
3294 3325 3547 3388 σκότος,

292 3428 470 3466 omnes
523 3411 700 3465 bestia:
744 3410 892 3465 silva’
913 3453 927 3476 ,
958 3408 1122 3463 catuli
1150 3409 1412 3479 rugientes
1446 3418 1502 3461 ut
1538 3409 1753 3476 rapiant
1798 3408 1871 3463 ".'

291 3501 558 3569 Quoniam
608 3509 793 3556 autem
829 3510 910 3557 est
940 3501 1107 3555 Israel
1160 3500 1475 3570 quicunque
1531 3499 1590 3553 lit
1639 3500 1860 3555 salvus:

290 3608 403 3649 non
441 3594 584 3649 enim
621 3594 938 3663 quicunque
974 3601 1105 3648 sunt
1138 3608 1203 3647 ex
1244 3590 1433 3658 Israel,
1476 3601 1605 3646 sunt
1645 3589 1865 3646 Israeli-

288 3692 359 3738 tte
392 3684 469 3752 ¹⁸;
519 3685 614 3739 sed
667 3686 985 3753 quicunque
1034 3682 1203 3738 Deum
1236 3682 1456 3753 proprie
1502 3683 1771 3752 aspiciunt
1798 3698 1863 3737 ex

287 3776 433 3833 bona
483 3776 803 3846 Operatioue
850 3779 993 3829 hanc
1053 3775 1257 3829 habent
1311 3772 1859 3827 denominationem:

288 3869 572 3939 proprium
620 3877 702 3922 est
755 3877 937 3923 autem
994 3869 1114 3938 ejus
1149 3868 1242 3938 qui
1287 3868 1455 3922 Deum
1498 3868 1663 3931 videt,
1713 3870 1863 3924 nullo

289 3973 452 4012 sensu
491 3956 742 4025 aspicere
785 3957 852 4009 ad
899 3966 1207 4025 peccatum.
1266 3954 1439 4008 Nemo
1483 3956 1630 4010 enim
1683 3965 1865 4026 potest

1966 3409 2063 3463 καὶ
2102 3410 2338 3479 ἐγένετο
2381 3412 2517 3476 νύξ.
2561 3413 2664 3465 Ἐν
2701 3410 2857 3480 αὐτῇ
2893 3413 3304 3467 διελεύσονται
3347 3417 3551 3473 πάντα

1965 3503 2038 3556 τὰ
2076 3504 2249 3571 θηρία
2298 3504 2405 3557 τοῦ
2451 3502 2708 3573 δρυμοῦ,
2762 3507 3022 3574 σκύμνοι
3058 3506 3383 3577 ὠρυόμενοι
3436 3510 3549 3565 τοῦ

1964 3592 2250 3661 ἁρπάσαι.
2298 3595 2517 3664 Ἐπειδὴ
2541 3595 2718 3649 τοίνυν
2759 3596 2973 3667 Ἰσραὴλ
2996 3597 3204 3665 γίνεται
3243 3601 3350 3662 πᾶς
3379 3602 3407 3652 ὀ
3438 3616 3551 3653 σω-

1965 3682 2192 3754 ζόμενος
2209 3701 2224 3715 υ
2247 3685 2307 3739 οὐ
2327 3685 2434 3756 γάρ
2460 3686 2661 3746 πάντες
2687 3687 2736 3737 oi
2761 3687 2821 3751 ὲξ
2854 3686 3088 3758 Ἰσραὴλ,
3110 3682 3253 3742 οὗτοι
3284 3689 3537 3761 Ἰσραήλ·

1964 3774 2077 3828 ἀλλ’
2123 3776 2236 3829 ὅσοι
2276 3776 2531 3845 βλέπουσι
2577 3776 2669 3829 τόν
2701 3776 2865 3843 Θεδν,
2896 3779 2961 3830 ἐκ
2999 3778 3100 3847 τῆς
3127 3778 3409 3849 ἐνεργείας
3441 3796 3548 3832 κυ-

1965 3865 2097 3936 ρίως
2144 3869 2209 3937 τῇ
2256 3867 2596 3938 προσηγορίᾳ
2642 3866 2817 3940 ταύτῃ
2855 3867 3337 3937 κατονομάζονται.
3382 3869 3551 3923 Ἴδιον

1962 3954 2018 4010 δὲ
2046 3954 2140 4008 τοῦ
2189 3956 2422 4027 δρῶντός
2450 3959 2567 4010 ἐστι
2596 3956 2687 4010 τὸν
2714 3957 2871 4016 Θεὸν.
2899 3956 2960 4010 τὸ
2996 3940 3186 4029 μηδενὶ
3209 3958 3319 4012 τῶν
3349 3960 3551 4032 αἰσθη-

289 4048 357 4102 ad
404 4047 543 4102 duos
595 4046 852 4102 dominos
911 4049 1180 4116 aspicere,
1216 4047 1311 4102 sed
1362 4054 1417 4101 et
1455 4046 1679 4101 omnino
1719 4064 1860 4104 unus

2036 4047 2165 4117 ρίων
2199 4048 2334 4119 πρὸς
2367 4034 2645 4120 ἁμαρτίαν
2670 4046 2906 4118 βλέπειν.
2939 4050 3129 4114 Οὐδεὶς
3160 4050 3269 4122 γὰρ
3313 4050 3549 4107 δύναται

283 4137 414 4196 odio
440 4136 743 4200 habendus,
768 4137 814 4191 si
839 4145 923 4192 est
946 4138 1106 4191 aliter
1127 4136 1464 4207 diligendus.
1501 4136 1575 4189 Ea
1598 4137 1667 4192 de
1692 4153 1860 4194 causa

2033 4140 2101 4203 νὸς
2138 4140 2231 4194 δύο
2284 4141 2506 4212 κυρίους
2556 4143 2724 4213 ὁρᾷν·
2777 4142 2915 4196 ἀλλὰ
2959 4144 3063 4214 χρὴ
3109 4144 3200 4197 τὸν
3234 4143 3332 4196 ἕνα
3378 4161 3547 4214 μιση-

288 4227 349 4282 tit
397 4243 543 4282 unus
595 4228 770 4282 lectus
806 4227 953 4296 regis
998 4223 1267 4296 quidquid
1306 4236 1577 4282 servatur.
1613 4225 1671 4281 Si
1717 4228 1860 4283 enim

2034 4249 2161 4295 ναι,
2195 4234 2243 4285 εί
2275 4233 2456 4303 μέλλει
2494 4234 2810 4302 ἀγαπᾶσθαι
2837 4234 2866 4286 ό
2897 4235 3100 4304 ἔτερος.
3134 4234 3339 4288 Τούτου
3380 4236 3548 4306 χάριν

286 4334 479 4374 omnes
518 4318 686 4375 Deum
733 4319 997 4374 videbunt
1042 4318 1135 4387 qui
1169 4317 1372 4373 fuerint
1405 4318 1572 4374 corde
1623 4320 1857 4386 mundo;

2033 4340 2063 4375 α
2106 4323 2260 4394 κλίνη
2295 4323 2388 4377 τοῦ
2426 4324 2686 4395 βασιλέως
2734 4328 2940 4394 γίνεται
2967 4329 3077 4379 πᾶν
3104 4326 3167 4379 τὸ
3208 4327 3542 4397 σωζόμενον.

287 4409 380 4478 qui
410 4396 614 4463 autem
652 4407 820 4464 Deum
858 4409 1139 4476 viderunt,
1174 4408 1340 4464 Israel
1373 4412 1591 4480 proprie
1630 4410 1766 4464 ﬁunt
1806 4419 1860 4466 ct

2049 4414 2157 4485 γὰρ
2197 4416 2396 4479 πάντες
2421 4415 2639 4485 ὄψονται
2670 4417 2760 4470 τὸν
2788 4418 2921 4471 Θεὸν
2949 4418 2999 4470 οἱ
3031 4418 3264 4489 καθαροὶ
3299 4396 3366 4489 τῇ
3399 4436 3546 4489 καρ-

287 4500 643 4553 nominantur
677 4518 691 4554 :
743 4500 797 4553 in
847 4499 1136 4555 duodecim
1173 4508 1353 4556 autem
1384 4502 1563 4557 tribus
1591 4501 1860 4556 dividitur

2033 4521 2050 4573 _t
2086 4504 2400 4574 γενόμενοιο
2441 4508 2490 4558 οἱ
2533 4505 2590 4558 δὲ
2616 4508 2710 4560 τὸν
2742 4505 2875 4559 Θεὸν
2909 4507 3142 4571 ἰδόντες,
3190 4509 3408 4580 Ἰσραὴλ
3441 4526 3548 4563 κυ-

286 4591 391 4646 hoc
431 4606 632 4646 nomen
676 4606 878 4646 arcana
919 4593 1155 4662 quadam
1207 4593 1442 4657 ratione,
1491 4601 1638 4647 recte
1683 4593 1859 4662 pleni-

285 4683 419 4738 tudo
462 4699 650 4738 eorum
704 4686 796 4753 qui
833 4685 970 4738 salvi
1022 4684 1181 4751 liunt,
1215 4698 1444 4739 numero
1496 4684 1775 4753 sexaginta
1801 4685 1855 4738 in

282 4791 551 4831 summam
610 4777 1066 4848 redigiturhcum
1120 4792 1291 4831 unum
1331 4777 1552 4846 quidem
1604 4785 1857 4831 sumatur

282 4868 337 4922 in
387 4884 716 4940 unaquaque
757 4876 934 4940 parte,
980 4869 1034 4921 iu
1086 4868 1329 4937 quinque
1386 4875 1563 4921 autem
1616 4874 1857 4925 armatos

282 4974 381 5028 pro
416 4975 645 5016 numero
684 4973 948 5014 sensuum
980 4957 1086 5011 huc
1136 4973 1303 5011 unum
1352 4952 1648 5010 dividatur.

350 5249 551 5303 Omnes
590 5258 719 5313 ergo
761 5241 856 5313 qui
902 5240 1084 5296 divina
1140 5239 1319 5295 induti
1363 5246 1493 5295 sunt
1542 5245 1846 5303 armatura,

276 5350 445 5391 unum
482 5333 627 5404 regis
653 5334 853 5389 lectum
889 5332 1254 5392 circumdant,
1280 5330 1457 5387 ellecti
1483 5345 1674 5386 omnes
1705 5332 1848 5385 unus

1964 4596 2095 4667 ρίως
2134 4596 2375 4665 γίνονταί
2406 4613 2466 4650 τε
2500 4596 2596 4650 καὶ
2639 4596 3020 4667 ὀνομάζονταιο
3058 4599 3264 4653 δώδεκα
3299 4600 3357 4653 δὲ
3398 4603 3547 4655 διαι-

1964 4689 2134 4757 ρεῖται
2163 4688 2356 4757 φυλαῖς
2399 4688 2542 4741 κατά
2580 4705 2702 4741 τινα
2728 4688 2886 4757 λόγον
2933 4689 3244 4761 ἀπόῤῥητον
3289 4692 3450 4746 τοῦτο
3478 4695 3548 4748 τὸ

1959 4777 2149 4848 ὄνομα,
2184 4780 2363 4841 καλῶς
2408 4780 2469 4831 τὸ
2506 4779 2777 4850 πλήρωμα
2803 4780 2910 4833 τῶν
2942 4783 3262 4852 σωζομένων
3299 4783 3378 4854 τῷ
3412 4786 3547 4855 ἀρι-

1961 4868 2084 4939 θμῷ
2141 4869 2248 4923 τῶν
2303 4869 2564 4941 ἑξήκοντα
2623 4871 3046 4939 κεφαλαιοῦται·
3109 4873 3227 4937 ἑνὸς
3288 4877 3388 4946 μὲν
3442 4875 3546 4948 ἀφ’

1958 4964 2186 5017 ἑκάστου
2222 4963 2423 5034 μέρους
2464 4963 2898 5034 λαμϐανομένου,
2925 4967 3004 5027 είς
3031 4965 3192 5018 πέντε
3224 4966 3280 5019 δὲ
3308 4969 3548 5036 ὁπλίτας

1958 5053 2099 5107 κατά
2143 5054 2231 5107 τὸν
2273 5054 2505 5126 ἀριθμὸν
2552 5055 2661 5108 τῶν
2711 5056 3017 5126 αἰσθήσεων
3050 5056 3143 5109 τοῦ
3190 5058 3310 5121 ἐνὸς
3343 5061 3544 5116 τούτου

1960 5146 2342 5215 μεριζομένου.

2026 5236 2235 5290 Οὐκοῦν
2269 5239 2467 5303 πάντες
2506 5239 2569 5293 oi
2597 5239 2751 5293 θείαν
2788 5241 3140 5312 ἐνδυσάμενοι
3193 5243 3541 5316 πανοπλίαν,

1958 5328 2087 5397 μίαν
2120 5328 2378 5383 κυκλοῦσι
2402 5330 2497 5383 τοῦ
2537 5330 2798 5401 βασιλέως
2836 5332 3045 5402 κλίνην,
3090 5333 3307 5404 Ἰσραὴλ
3329 5337 3539 5401 πάντες,

273 5425 465 5487 Israel,
488 5434 543 5479 et
578 5440 702 5478 cum
734 5440 831 5494 per
853 5423 1143 5480 duodecim
1170 5424 1346 5479 tribus
1368 5423 1705 5493 intelligatur
1727 5439 1848 5493 qua:

2033 5420 2261 5492 ρόμενοι,
2305 5423 2398 5475 καὶ
2425 5422 2511 5476 διά
2536 5421 2645 5478 τῶν
2674 5420 2881 5478 δώδεκα
2921 5424 3105 5494 φυλῶν
3140 5424 3242 5495 τῆς
3274 5429 3536 5498 πανταχῆ

273 5522 359 5571 εει
407 5512 609 5581 ubique
657 5512 981 5581 Optimatum
1050 5522 1102 5567 ct
1154 5528 1213 5567 se
1275 5511 1490 5566 fortiter
1543 5512 1844 5586 gerentjum

2033 5513 2244 5585 ιυμένης
2271 5513 2584 5585 ἀριστείας,
2617 5517 2697 5579 είς
2721 5515 2811 5570 τὸν
2844 5516 3077 5588 ἀριθμὸν
3116 5516 3223 5571 τῶν
3262 5516 3539 5588 ἐξήκοντα

346 5692 386 5723 ³⁷
422 5692 567 5749 Psal.
596 5707 714 5759 cut,
750 5691 833 5757 l8,
864 5692 955 5759 20,
1008 5691 1097 5744 2|.
1181 5691 1223 5722 ¹⁸
1254 5688 1411 5743 llum.
1459 5704 1533 5756 ιτ,
1562 5689 1618 5769 6,
