3742 5986
155 188 260 249 905

1194 182 1256 247 IN
1299 185 1593 249 CANTICA
1635 185 1904 247 CANTIC.
1946 184 2226 247 HOMIIJA
2266 192 2374 250 VII.

3307 189 3413 247 9-36

154 304 353 370 παντὸς
395 304 970 376 ἀνακεφαλαιουμένου
1015 304 1108 359 τοῦ
1135 306 1243 359 τῶν
1284 307 1551 378 ἀριστέων
1587 307 1725 377 πλη-

1861 304 2163 372 espublica,
2220 307 2444 361 fortium
2502 305 2741 360 virorum
2795 301 3136 375 plenitudine
3187 302 3403 358 redacta
3462 306 3487 319 ’

154 396 441 471 ρώματος,
493 394 593 466 μία
625 395 926 466 παράταξις
955 396 1050 449 καὶ
1083 396 1312 468 στρατὸς
1349 393 1458 461 είς,
1503 397 1597 450 καὶ
1635 397 1732 466 μία

151 488 304 558 κλίνη
326 529 343 554 ,
376 488 659 541 τουτέστιν
713 487 1008 557 Ἐκκλησία
1037 488 1135 558 μία
1153 526 1169 551 ,
1203 490 1298 541 καὶ
1329 488 1455 551 λαὸς
1485 484 1566 550 εἷς
1586 531 1601 553 ,
1637 488 1731 540 καὶ

151 579 337 651 νύμφη
370 580 469 650 μία
496 582 547 633 οἱ
594 580 798 642 πάντες
832 581 1154 651 γενήσονται
1173 621 1188 644 ,
1218 581 1306 650 ὑφ’
1335 580 1416 633 ἑνὶ
1451 579 1730 650 ταξιάρχῳ

150 672 242 724 καὶ
284 668 661 741 ἐκκλησιαστῇ
719 671 812 724 καὶ
848 670 1067 742 νυμφίῳ
1119 670 1257 743 πρὸς
1307 673 1426 735 ἑνὸς
1478 671 1729 742 σώματος

150 763 438 816 κοινωνίαν
468 762 1000 834 προσαρμοζόμενοι.
1031 761 1106 815 Τὸ
1125 763 1181 816 δὲ
1204 762 1390 832 κλίνην
1422 763 1727 817 ἀνάπαυσιν

148 849 277 906 εἶναι
326 852 442 905 τῶν
489 851 810 923 σωζομένων
828 886 843 916 ,
883 852 978 905 καὶ
1010 854 1075 906 ἐκ
1120 852 1221 922 τῆς
1251 852 1343 905 τοῦ
1375 853 1507 907 Θεοῦ
1542 855 1726 924 φωνῆς

146 943 540 1015 διδασκόμεθα,
575 945 634 1007 ὃς
656 944 790 1014 φησι
820 944 958 1015 πρὸς
993 942 1085 997 τὸν
1115 942 1348 1006 ἀναιδῶς
1374 942 1429 998 ἒν
1452 944 1605 998 νυκτὶ
1633 944 1728 997 θυ-

148 1031 586 1106 ροκρουστοῦντα
605 1048 619 1062 ·
657 1033 739 1084 ὅτι
771 1032 924 1100 Ἤδη
969 1032 1007 1101 ἠ
1046 1034 1195 1101 θύρα
1223 1032 1597 1098 κέκλεισται,
1625 1035 1745 1107 καὶκ

145 1128 215 1181 τὰ
245 1124 461 1179 παιδία
499 1125 626 1194 μετ’
657 1123 804 1193 ἐμοῦ
837 1124 935 1177 ἐπὶ
976 1123 1087 1192 τῆς
1114 1125 1320 1193 κοίτης
1342 1125 1496 1179 ἑστία
1527 1124 1726 1189 Καλῶς

145 1220 199 1272 δὲ
242 1220 377 1282 τοὺς
403 1218 492 1272 διὰ
520 1217 629 1271 τῶν
679 1217 859 1271 ὅπλων
904 1217 1004 1288 τῆς
1046 1217 1391 1289 δικαιοσύνης
1422 1217 1484 1270 τὸ
1514 1218 1723 1282 ἀπαθὲς

145 1309 640 1381 κατορθώσαντας,
688 1308 876 1361 παιδία
929 1306 1292 1379 κατονομάζει
1334 1310 1363 1361 ὁ
1411 1308 1597 1377 λόγος,
1636 1308 1724 1362 διὰ

146 1403 351 1456 τούτων
380 1403 514 1472 ἡμῖν
544 1400 938 1472 ὑφηγούμενος,
966 1398 1048 1453 ὅτι
1074 1400 1135 1453 τὸ
1163 1399 1223 1465 eg
1251 1400 1565 1469 ἐπιμελείας
1592 1400 1723 1471 ἡμῖν

147 1493 580 1563 προσγινόμενον
610 1491 811 1560 ἀγαθὸν
830 1526 844 1553 ,
880 1493 979 1544 οὐκ
1003 1491 1131 1546 ἄλλο
1149 1491 1202 1544 τί
1241 1495 1356 1545 ἐστι
1391 1492 1539 1564 παρὰ
1564 1485 1626 1545 τὸ
1663 1476 1742 1557 ἐξ

144 1583 320 1653 ἀρχῆς
354 1583 681 1636 ὲναποτεθὲν
715 1584 781 1653 τῇ
809 1584 987 1650 φύσει.
1021 1584 1151 1637 Ὅτε
1183 1583 1290 1656 γὰρ
1320 1584 1416 1656 τὴν
1446 1584 1721 1655 ῥομφαίαν

1837 393 1890 446 in
1936 410 2209 450 summam
2254 398 2465 451 numeri
2499 398 2803 468 sexaginta,
2833 412 2939 451 una
2975 396 3144 460 acies,
3175 402 3230 449 et
3263 410 3405 449 unus

1835 489 2134 552 exercitus;
2165 497 2218 543 et
2268 504 2412 545 unus
2444 496 2531 544 est
2578 490 2778 555 lectus,
2833 503 3027 557 nempe
3073 503 3183 541 una
3214 485 3405 541 Eccle-

1836 578 1940 641 sia,
1997 586 2052 633 et
2094 580 2328 650 p0pulus
2374 595 2538 645 unus,
2569 586 2624 635 et
2655 594 2762 634 una
2817 592 3020 648 sponsa
3057 577 3185 631 fient
3213 592 3405 631 omnes

1835 668 1941 724 sub
1990 683 2100 724 uno
2151 670 2373 725 tribuno
2439 672 2696 736 militum,
2761 678 2816 725 et
2872 670 3283 730 concionatore,
3352 675 3405 719 et

1834 770 2040 828 sponso
2088 763 2355 831 compacti
2399 769 2453 817 et
2494 762 2807 817 concinnati
2843 763 2899 816 in
2945 775 3108 814 unam
3157 758 3406 828 corporis

1833 849 2298 918 coniunctionem.
2371 851 2527 919 Quod
2586 863 2769 908 autem
2830 854 3004 908 lectus
3061 853 3133 905 sit
3189 850 3406 920 requies

1832 954 2022 994 eorum
2080 943 2171 1011 qui
2231 942 2366 996 salvi
2426 942 2579 1009 fiunt,
2627 943 2892 998 docemur
2940 942 3105 997 etiam
3157 956 3223 994 ex
3271 954 3406 994 voce

1835 1029 2071 1092 Domini.
2124 1032 2217 1101 qni
2269 1033 2402 1087 dicit
2450 1033 2500 1089 ei
2549 1035 2640 1102 qui
2682 1041 2847 1088 noctu
2900 1034 3101 1088 ostium
3151 1030 3405 1101 pulsabat

1831 1121 2178 1191 impudenter
2208 1141 2220 1176 :
2256 1122 2515 1177 Clausum
2556 1134 2634 1179 est
2668 1110 2886 1189 ostium,
2923 1135 2970 1177 et
3012 1123 3159 1192 pueri
3203 1137 3403 1175 mecum

1830 1219 1954 1263 sunt
1994 1212 2048 1264 in
2081 1210 2243 1264 cubili
2283 1213 2348 1266 ²⁰.
2397 1212 2564 1267 Recte
2598 1221 2780 1268 autem
2818 1228 2914 1268 eos
2957 1213 3049 1281 qui
3107 1226 3202 1280 per
3253 1225 3405 1263 arma

1826 1301 2057 1370 iustitiae
2105 1304 2211 1359 sibi
2256 1316 2649 1374 compararunt
2678 1305 3160 1375 impatibilitatt-m,
3207 1317 3406 1372 pueros

1832 1393 2101 1457 nominat,
2163 1396 2568 1465 exponentibus
2617 1397 2781 1453 nobis
2825 1396 3199 1467 dogmatibus,
3259 1395 3403 1464 quod

1793 1483 2031 1539 bonum
2072 1487 2217 1556 quod
2265 1488 2428 1543 nobis
2477 1487 2688 1543 accedit
2738 1504 2805 1543 ex
2854 1486 3129 1543 industria
3181 1501 3245 1540 ac
3276 1485 3404 1541 dili-

1829 1577 2035 1648 gentia,
2061 1593 2171 1633 non
2202 1587 2287 1635 est
2349 1580 2494 1635 aliud
2529 1581 2734 1636 bonum
2773 1595 2838 1636 ac
2892 1580 3207 1644 honestum,
3241 1594 3404 1648 quam

145 1670 558 1741 διαζωσάμενος
593 1672 684 1726 διὰ
709 1675 979 1744 προσοχῆς
1008 1673 1101 1726 τοῦ
1124 1675 1245 1727 κατ’
1285 1675 1484 1746 ἀρετὴν
1517 1675 1632 1744 βίου
1662 1675 1723 1729 τὸ

1860 1668 1885 1722 [ι
1932 1670 2079 1739 quod
2141 1672 2209 1727 ab
2260 1673 2420 1727 initio
2479 1681 2678 1728 natura
2726 1682 2813 1730 est
2863 1675 3023 1730 nobis
3070 1673 3402 1745 repositum.

148 1763 322 1827 πάθος
378 1764 823 1829 ἀπεσκευάσατο,
880 1765 998 1817 τότε
1052 1762 1242 1833 νήπιον
1272 1835 1275 1839 _
1302 1760 1405 1832 τῆς
1474 1766 1688 1836 ἡλικίας
1711 1807 1726 1829 ,

150 1855 498 1924 ἀναισθήτως
531 1853 644 1924 ἔχει
667 1854 760 1907 τοῦ
788 1853 1029 1908 τοιούτου
1054 1854 1280 1918 πάθους.
1322 1856 1396 1908 Οὐ
1428 1855 1536 1927 γὰρ
1564 1858 1733 1927 χωρεῖ

145 1946 207 1998 τὸ
240 1944 418 2006 πάθος
445 1949 480 2014 ἡ
512 1943 689 2013 άωρία
716 1944 813 2014 τῆς
839 1944 1076 2015 ἡλικίας.
1115 1944 1323 1998 Οὐκοῦν
1363 1944 1557 1998 ταυτόν
1582 1948 1730 1998 ἐστιν

147 2034 374 2098 ὁπλίτας
407 2051 470 2087 τε
497 2035 628 2105 περὶ
654 2035 752 2105 τὴν
785 2034 972 2105 κλίνην
1006 2031 1142 2089 εἶναι
1171 2036 1381 2105 μαθεῖν,
1430 2037 1526 2090 καὶ
1557 2038 1726 2108 νήπια

152 2127 242 2178 ἐπὶ
273 2126 381 2195 τῆς
420 2124 608 2196 κλίνης
657 2125 1066 2196 ἀναπαυόμενα.
1113 2126 1231 2181 Μία
1280 2127 1390 2199 γὰρ
1422 2128 1508 2180 ἐπ’
1546 2129 1726 2199 ἀμφο-

154 2220 327 2291 τέρων
364 2222 398 2291 ἡ
446 2218 715 2283 ἀπάθεια,
755 2218 864 2272 τῶν
891 2235 951 2271 τε
988 2219 1062 2289 μὴ
1107 2219 1589 2289 παραδεξαμένων,
1636 2222 1727 2273 καὶ

153 2314 262 2367 τῶν
323 2312 706 2382 ἀπωσαμένων
766 2309 824 2364 τὸ
894 2310 1082 2373 πάθος.
1143 2310 1210 2364 Οἱ
1268 2310 1370 2381 μὲν
1413 2311 1522 2381 γὰρ
1573 2316 1727 2370 οὔπω

154 2404 397 2472 ἔγνωσαν
418 2420 433 2434 ·
481 2404 529 2454 οί
558 2401 616 2454 δὲ
646 2403 782 2473 πρλς
823 2402 920 2473 τὴν
953 2400 1175 2473 πρώτην
1210 2402 1543 2456 κατάστασιν
1603 2404 1727 2456 ἐαυ-

153 2492 275 2553 τοὺς
320 2490 697 2558 ἐπανήγαγον,
734 2489 1101 2560 στραφέντες,
1138 2489 1234 2542 καὶ¹
1258 2490 1443 2542 παιδία
1482 2493 1549 2561 τῇ
1582 2491 1724 2544 άπα-

154 2582 269 2650 θείᾳ
306 2581 624 2651 γενόμενοι,
673 2580 748 2643 ὼς
792 2580 1063 2650 μακάριον
1111 2579 1173 2633 τὸ
1213 2581 1272 2634 ὲν
1312 2580 1523 2645 τούτοις
1571 2584 1725 2654 εὑρε-

157 2674 352 2744 θῆναι,
399 2671 433 2741 ἦ
479 2671 735 2737 παιδίον,,
760 2672 794 2742 ἢ
840 2671 1106 2741 ὁπλίτην,
1150 2670 1466 2743 ἢάληθινὸν
1509 2674 1724 2746 Ἰσραη-

157 2766 306 2836 λίτην
367 2766 682 2836 γενόμενον,
740 2766 813 2829 ὡς
856 2766 956 2837 μὲν
1021 2765 1354 2837 ἰσραηλίτην
1401 2768 1459 2822 ὲν
1508 2768 1725 2843 καθαρᾷ

153 2859 351 2930 καρδίᾳ
381 2858 474 2910 τὸν
517 2857 649 2911 Θεὸν
688 2858 932 2928 ὁρῶνταο
992 2855 1067 2922 ὡς
1115 2858 1171 2912 δὲ
1208 2859 1457 2930 ὁπλίτην,
1488 2864 1545 2915 ὲν
1583 2864 1720 2917 άπα-

154 2948 272 3020 θεία
342 2949 440 3003 καὶ
489 2947 817 3020 καθαρότητι
880 2951 980 3021 τὴν
1026 2950 1121 3005 τοῦ
1188 2952 1452 3023 βασιλέως
1518 2956 1720 3029 κλίνην,

1829 1758 2058 1825 Quando
2109 1762 2255 1817 enim
2298 1764 2391 1833 qui
2451 1764 2647 1821 femori
2702 1766 2941 1820 accinxit
2979 1780 3191 1827 ensem,
3225 1772 3402 1818 atten-

1829 1847 2009 1907 dendo
2053 1849 2180 1905 vitae
2212 1865 2280 1907 ex
2315 1853 2517 1909 virtute
2544 1853 2788 1925 agendae,
2819 1856 3029 1925 expulit
3075 1855 3242 1909 animi
3279 1870 3404 1924 per-

1827 1938 2221 2006 turbationem,
2272 1950 2401 1999 tunc
2432 1943 2618 2001 infans
2654 1953 2815 2001 aetate
2844 1955 2949 2012 est,
2982 1962 3181 2016 expers
3208 1960 3402 2001 sensus

1827 2026 2103 2095 ejusmodi
2129 2030 2304 2084 'animi
2335 2033 2782 2101 perturbationis.
2821 2033 2941 2089 Non
2990 2037 3133 2089 enim
3168 2050 3230 2090 ea
3268 2045 3401 2091 aetas

1828 2118 2120 2174 immatura
2150 2136 2319 2191 capax
2348 2131 2433 2179 est
2461 2124 2729 2192 ejusmodi
2771 2126 3218 2195 perturbationis.
3254 2126 3398 2181 Idem

1826 2219 1913 2264 est
1950 2225 2080 2281 ergo
2118 2211 2301 2269 dicere
2352 2222 2406 2269 et
2451 2223 2692 2271 armatos
2733 2232 2857 2272 esse
2903 2219 3051 2273 circa
3087 2219 3311 2282 lectum,
3350 2233 3401 2274 et

1827 2298 2086 2367 infantes,
2122 2318 2230 2356 una
2266 2306 2468 2375 quippe
2500 2314 2584 2362 est
2622 2308 3018 2378 impalibilitas,
3055 2310 3400 2380 quandoqui-

1826 2387 1950 2444 dem
1982 2390 2039 2444 hi
2068 2408 2178 2447 non
2216 2393 2581 2461 admiserunt,
2639 2398 2717 2453 illi
2748 2414 2879 2455 vero
2923 2405 3200 2470 ejecerunt
3231 2404 3398 2457 animi

1826 2483 2319 2550 perturbationem.
2376 2486 2511 2541 Nam
2555 2489 2631 2544 illi
2686 2491 2907 2560 quidem
2960 2495 3204 2548 nondum
3235 2510 3404 2550 nove-

1826 2579 1988 2639 runt;
2043 2574 2098 2627 hi
2146 2591 2278 2631 vero
2314 2577 2381 2632 ad
2422 2579 2658 2649 priorem
2692 2589 2893 2637 statum
2938 2598 2998 2639 se
3044 2586 3396 2655 redegerunt.

1826 2669 2103 2733 conversi,
2149 2677 2205 2725 et
2253 2670 2660 2742 impatibilitate
2711 2674 2886 2732 eﬁecti
2920 2679 3101 2748 pueri,
3147 2679 3284 2734 adeo
3341 2690 3402 2734 ut

1825 2758 2025 2816 beatus
2062 2761 2117 2816 in
2167 2763 2251 2819 bis
2285 2765 2619 2833 inveniatur,
2650 2767 2731 2822 vel
2768 2768 2973 2833 infans,
3012 2771 3099 2825 vel
3133 2779 3399 2831 armatus.

1825 2851 1912 2906 vel
1958 2866 2122 2908 verus
2153 2853 2398 2910 Israelita
2456 2856 2656 2921 factus,
2692 2868 2748 2913 ut
2785 2874 2955 2917 verus
3001 2863 3248 2918 Israelita
3280 2867 3402 2932 qui-

1826 2941 1950 2997 dem
1973 2943 2027 2997 in
2050 2961 2189 3015 puro
2209 2948 2375 3003 corde
2402 2948 2569 3004 Deum
2605 2951 2814 3018 videns,
2847 2964 2906 3007 ut
2931 2963 3174 3011 armatus
3195 2964 3397 3025 autem,

151 3041 397 3093 τουτέστι
437 3040 537 3110 τὴν
580 3034 781 3093 ἑαυτοῦ
824 3041 1050 3113 καρδίαν
1110 3041 1451 3109 φυλάσσοντα
1474 3062 1489 3077 ο
1544 3046 1620 3109 ὡς
1666 3047 1722 3100 δὲ

1860 3048 1883 3086 n
1921 3032 2326 3104 impatibilitate
2360 3052 2425 3092 ac
2463 3038 2707 3108 puritate
2765 3041 2907 3111 regis
2946 3042 3169 3108 lectum,
3203 3044 3255 3098 id
3293 3053 3400 3109 est.

153 3134 384 3196 παιδίον,
420 3133 513 3185 ἐπὶ
543 3133 642 3202 τῆς
671 3134 943 3205 μακαρίας
972 3133 1155 3205 κοίτης
1189 3136 1631 3206 ἀναπαυόμενον,
1670 3139 1725 3190 ὲν

153 3222 372 3294 Χριστῷ
419 3222 593 3293 Ἰησοῦ
634 3222 710 3294 τῷ
758 3224 948 3297 Κυρίῳ
991 3225 1166 3295 ήμῶν,
1196 3217 1240 3293 ᾧ
1280 3225 1460 3297 ἡδάξα
1498 3228 1577 3291 et;
1599 3229 1726 3293 τοὺς

154 3315 351 3377 αἰῶνας
390 3313 503 3367 τῶν
538 3312 773 3368 αἰώνων.
816 3315 1011 3386 Ἀμήν.

756 3402 997 3462 OMIAIA
1035 3410 1107 3461 Z'.

217 3500 467 3569 Φορεῖον
509 3500 798 3567 ἐποίησεν
840 3497 1029 3565 ἑαυτῷ
1055 3504 1088 3554 ὁ
1110 3500 1412 3568 βασιλεὺς
1442 3504 1725 3572 Σολομὼν

150 3594 266 3647 ἀπὸ
307 3595 512 3657 ξύλων
547 3592 654 3646 τοῦ
683 3591 960 3654 Λιϐάνου,
998 3593 1268 3659 στύλους
1299 3594 1485 3648 αὐτοῦ
1519 3596 1725 3665 excin-

150 3698 260 3734 σεν
328 3681 643 3749 ἀργύριον.
706 3680 804 3733 καὶ
872 3677 1195 3734 ἀνάκλιτον
1249 3684 1538 3751 χρυσίον,
1594 3686 1723 3737 ἐπί-

152 3774 323 3839 σασις
360 3771 551 3826 αὑτοῦ
592 3765 887 3841 πορφυρᾶ.
928 3773 1134 3838 Ἐντὸς
1174 3775 1362 3828 αὑτοῦ
1405 3778 1724 3844 λιθόστρω-

153 3877 277 3925 τον,
322 3860 566 3928 ἀγάπην
610 3861 729 3914 ἀ.τύ
776 3861 1110 3930 θυγατέρων
1162 3863 1566 3932 ἸειροιινσαλήςιαΔ
1610 3867 1722 3917 Θυ-

153 3953 394 4022 γατέρες
420 3954 593 4017 Σιὼν,
636 3952 930 4026 ἐξέλθετε,
965 3953 1063 4006 καὶ
1095 3953 1248 4008 ἴδετε
1279 3956 1349 4009 ἐν
1380 3955 1460 4021 τῷ
1475 3958 1733 4020 βασιλεῖ

153 4041 455 4111 Σολομὼν,
489 4041 560 4094 ἐν
600 4040 679 4106 τῷ
709 4040 1016 4110 στεφάνῳ,
1059 4036 1107 4108 ᾦ
1151 4044 1572 4113 ἐστεφάνωσεν
1617 4049 1723 4100 αὺ-

149 4135 257 4187 τὸν
310 4133 344 4200 ἡ
391 4132 592 4202 μήτηρ
628 4132 815 4185 αὑτοῦ
846 4133 915 4185 ἐν
953 4132 1143 4200 ἡμέρᾳ
1186 4134 1576 4203 νυμφεύσεως
1618 4140 1724 4191 αὐ-

148 4226 275 4290 τοῦ,
314 4228 415 4279 καὶ
459 4227 530 4279 ἐν
573 4225 763 4295 ἡμέρᾳ
794 4227 1176 4294 εὐφροσύνης
1222 4229 1471 4297 καρδίας
1512 4232 1720 4285 αὐτοῦ.

161 4318 317 4372 Ἰδοὺ
372 4316 431 4371 εἷ
482 4316 662 4384 καλὴ,
711 4319 749 4386 ἢ
794 4320 1059 4385 πλησίον
1092 4336 1243 4386 μου,
1277 4318 1404 4372 ἰδοὺ
1447 4316 1504 4373 εἷ
1541 4321 1718 4389 καλή.

161 4407 483 4474 Ὁφθαλμοί
535 4422 651 4460 σου
707 4409 1074 4476 περιστεραὶ,
1128 4409 1298 4474 ἐκτὸς
1347 4408 1455 4476 τῆς
1502 4411 1724 4477 σιωπή-

148 4500 305 4565 σεὼς
355 4499 631 4562 σου,⁶ὡς
678 4500 884 4568 ἀγέλαι
941 4499 1061 4552 τῶν
1113 4499 1329 4569 αἰγῶν,
1393 4501 1455 4555 αἳ
1499 4503 1722 4555 daem—

147 4593 477 4658 λύφθησαν
514 4589 631 4642 ἀπὸ
682 4590 786 4643 τοῦ
836 4589 1099 4644 Γαλαὰδ.
1155 4591 1425 4658 Ὀδόντες
1476 4606 1593 4646 σου
1645 4595 1724 4659 ὡς

147 4674 365 4744 ἀγέλαι
398 4674 517 4728 τῶν
563 4676 962 4748 κεκαρμένων,
1001 4677 1063 4730 αἳ
1109 4678 1417 4747 ἀνέϐησαν
1459 4680 1577 4733 ἀπό
1616 4682 1723 4736 τοῦ

147 4760 432 4829 λουτροῦ.
469 4764 531 4814 al
566 4760 756 4816 πᾶσαι
779 4762 1226 4833 δίδυμεύουσαι,
1259 4769 1357 4821 καὶ
1383 4771 1723 4826 άτεκνοῦσα

149 4853 262 4905 οὐκ
306 4852 490 4905 ἔστιν
533 4852 604 4906 ἐν
639 4852 867 4919 αὐταῖς.
926 4855 1022 4921 Ὠς
1054 4859 1349 4927 σπαρτίον
1388 4861 1453 4913 τὸ
1484 4862 1725 4917 κόκκων

151 4945 327 5011 χείλη
380 4957 535 5018 σου,
575 4944 673 4997 καὶ
704 4944 742 5010 ἡ
787 4944 970 4999 λαλιά
1015 4963 1131 5001 σου
1174 4949 1375 5016 ὡραία.
1428 4952 1512 5018 Ως
1540 4954 1727 5006 λεπυ-

150 5050 260 5101 ρον
306 5032 460 5102 ῥοᾶς
498 5014 727 5103 κμῆλόν
798 5051 915 5088 σου
976 5036 1150 5105 ἐκτὸς
1206 5014 1317 5108 τῆς
1367 5014 1724 5112 σιωαήσεώς

154 5134 286 5174 σου.
335 5121 432 5186 Ὠς
476 5121 702 5190 πύργος
746 5123 923 5178 Δαϐίδ
956 5124 1257 5195 τράχηλος
1292 5143 1444 5195 σου,
1496 5135 1529 5182 ὁ
1575 5134 1722 5198 ᾠκο-

152 5208 488 5281 δομημένος
543 5212 631 5274 είς
685 5214 977 5268 Θαλπιώσ.
1031 5218 1222 5272 Χίλιοι
1246 5220 1442 5286 θιιοεοὶ
1468 5222 1721 5293 κρέμαν-

153 5314 242 5352 ται
291 5301 386 5353 ἐπ’
432 5301 653 5364 αὐτὸν,
720 5302 908 5357 πᾶσαι
971 5306 1222 5374 ,ϐολίδας
1276 5309 1397 5363 τῶν
1429 5310 1719 5369 δυνατῶν.

152 5391 262 5445 Δύο
295 5393 526 5460 μαστοί
563 5409 681 5446 σου
716 5394 797 5458 ὡς
828 5394 943 5448 δύο
964 5400 1153 5467 νεϐροί
1174 5399 1408 5471 δίδυμοι
1429 5403 1722 5472 δορκάδος

1828 3136 1926 3176 cor
1966 3140 2125 3179 suum
2173 3126 2514 3195 custodiens,
2559 3137 2620 3185 ut
2674 3131 2856 3187 infans
2897 3143 3103 3199 autem,
3144 3137 3196 3190 in
3244 3138 3402 3195 beato

1812 3214 1968 3295 ‘lecto
2014 3220 2325 3287 quiescens,
2365 3223 2419 3275 in
2461 3221 2680 3279 Christo
2720 3223 2850 3281 Jesu
2897 3224 3129 3283 Domino
3186 3239 3400 3298 nostro,

1827 3308 1915 3362 cui
1958 3309 2131 3380 gloria
2184 3311 2238 3366 in
2284 3315 2485 3370 sarcula
2538 3318 2887 3374 smculorum.
2934 3319 3106 3376 Amen

2383 3405 2669 3463 HOMILIA
2730 3408 2844 3464 VII.

1895 3487 2027 3544 Cu.
2052 3506 2133 3555 nt,
2225 3492 2276 3549 9.
2306 3493 2592 3549 Ferculum
2612 3499 2714 3552 sibi
2735 3499 2860 3567 fecit
2881 3500 3137 3559 Salomon
3158 3522 3223 3559 ea:
3244 3509 3402 3578 lignis

1826 3577 2036 3634 Libani.
2067 3585 2153 3638 10.
2174 3582 2464 3641 Columnas
2485 3588 2587 3642 sibi
2604 3589 2727 3659 fecit
2746 3604 3044 3662 argenteas,
3064 3608 3114 3649 et
3127 3577 3404 3652 reclinata-

1826 3670 1966 3722 rium
1998 3688 2151 3725 suum
2195 3689 2435 3740 aureum,
2473 3694 2719 3733 ascensus
2747 3684 2862 3749 ejus
2887 3700 3202 3751 purpureus.
3248 3686 3402 3743 Intra

1826 3761 1995 3828 ipsum
2023 3773 2100 3815 est
2132 3766 2486 3832 pavimentum
2527 3769 2785 3827 charitate
2824 3780 3056 3829 stratum
3090 3793 3155 3830 ex
3185 3779 3399 3847 ﬁliabus

1823 3849 2141 3910 Jerusalem.
2173 3857 2274 3911 ll.‘
2296 3858 2470 3927 Exite,
2507 3863 2635 3931 filia:
2661 3862 2812 3924 Sion.
2842 3875 2891 3920 et
2920 3867 3086 3923 videte
3104 3886 3271 3940 regem
3296 3870 3401 3925 Sa-

1827 3942 2085 3999 lomonem
2113 3949 2167 4002 in
2193 3966 2389 4004 corona
2414 3970 2518 4022 qua
2547 3942 2816 4011 coronavit
2843 3974 2962 4011 eunt
2992 3972 3161 4014 mater
3188 3963 3323 4031 ejus,
3346 3963 3400 4016 in

1825 4034 1910 4090 die
1932 4037 2356 4105 desponsationis
2387 4061 2519 4107 sure,
2548 4056 2598 4100 et
2637 4049 2691 4101 in
2719 4049 2804 4102 die
2851 4049 3058 4107 lwtitim
3087 4056 3262 4109 cordis
3293 4058 3396 4110 sui.

1825 4123 1955 4178 CAP.
1982 4142 2055 4191 tv,
2080 4130 2133 4199 ᾗ.
2176 4132 2227 4183 i.
2265 4131 2397 4185 Ecce
2425 4135 2645 4201 pulchra
2676 4153 2750 4201 es,
2790 4142 3079 4210 propinqua
3114 4160 3249 4207 mea,
3288 4162 3407 4199 ecce

1822 4216 2042 4280 pulchra
2072 4237 2146 4274 es.
2179 4221 2337 4278 Oculi
2382 4226 2458 4278 lui
2487 4228 2762 4293 columine,
2790 4243 2981 4296 matter
3009 4234 3063 4286 id
3100 4236 3239 4303 quod
3269 4237 3321 4290 in
3354 4248 3401 4289 te

1825 4312 2088 4368 reticelur.
2113 4314 2278 4370 Coma
2302 4326 2393 4370 tua
2422 4318 2558 4372 velut
2600 4337 2774 4389 greges
2812 4337 3096 4390 caprarum
3139 4341 3254 4393 qua:
3279 4336 3403 4381 sunt

1831 4405 2070 4459 revelalte
2097 4407 2161 4459 de
2185 4416 2357 4461 monte
2387 4406 2618 4464 Galaad.
2652 4410 2706 4461 9..
2742 4411 2934 4465 Dentes
2966 4413 3044 4465 tui
3066 4414 3203 4467 sicut
3224 4433 3400 4487 grege:

1833 4502 2109 4548 (ansarum
2176 4513 2293 4566 qua:
2347 4500 2691 4552 ascenderunt
2741 4500 2806 4553 de
2850 4500 3086 4566 lauacro,
3133 4513 3183 4558 et
3225 4521 3407 4561 omnes

1830 4586 2062 4651 geminos
2083 4589 2320 4654 pariunt,
2348 4596 2397 4640 et
2423 4588 2620 4641 sterilis
2642 4599 2841 4643 nonest
2864 4592 3002 4646 inter
3018 4609 3127 4647 eas.
3168 4594 3223 4648 ‘5.
3253 4594 3403 4650 Sicut

1831 4677 2100 4745 funiculus
2134 4682 2406 4736 roccineus
2434 4680 2580 4735 labia
2606 4692 2720 4745 tua,
2744 4692 2794 4735 et
2818 4699 2991 4738 sermo
3018 4696 3140 4739 tuus
3164 4687 3396 4754 pulcher.

1835 4768 2110 4840 Tanquam
2140 4782 2319 4826 cortex
2347 4772 2479 4825 ntali
2506 4773 2683 4841 punici
2730 4789 2865 4843 gena
2894 4784 3008 4839 tua,
3036 4787 3190 4842 extra
3243 4777 3402 4831 silen-

1832 4862 1964 4915 tium
2000 4875 2167 4917 tuum.
2202 4864 2255 4918 4.
2290 4863 2439 4919 Sicut
2475 4865 2636 4918 turris
2672 4863 2839 4918 David
2862 4865 3056 4918 collum
3091 4876 3259 4931 tuum,
3284 4885 3403 4937 qua

1826 4963 1908 5006 est
1942 4954 2210 5022 adi/irata
2239 4956 2295 5008 in
2323 4953 2627 5023 Tlialpiotlt.
2667 4953 2816 5009 Mille
2848 4956 3015 5027 clypei
3044 4956 3099 5009 iu
3136 4957 3252 5025 ipsa
3274 4972 3402 5026 pen-

1828 5042 1973 5105 dent,
2006 5060 2184 5097 omnes
2210 5045 2377 5099 hasta:
2401 5045 2640 5113 fortium.
2667 5044 2727 5099 5.
2774 5045 2892 5100 Due
2922 5046 3082 5101 ubera
3124 5059 3217 5101 tua
3264 5049 3405 5102 sicut

1829 5134 1933 5188 duo
1965 5134 2173 5187 hinnuli
2191 5150 2394 5202 caprea:
2413 5134 2644 5204 gemelli,
2661 5137 2751 5205 qui
2771 5147 3062 5204 pascuntur
3081 5138 3134 5191 in
3164 5139 3317 5194 liliis.
3343 5139 3397 5194 6.

1834 5224 2007 5278 Donec
2059 5225 2313 5291 perspiret
2363 5225 2476 5278 dies
2499 5237 2548 5279 et
2594 5237 2900 5281 moveantur
2946 5229 3169 5284 umbrat.
3201 5229 3296 5284 Ibo
3332 5234 3407 5285 ad

1831 5327 2061 5371 montem
2111 5314 2359 5385 myrrhae,
2426 5324 2475 5369 et
2516 5316 2587 5369 ad
2653 5317 2841 5373 collem
2891 5320 3081 5374 thuris.
3145 5319 3198 5373 Ἰ.
3265 5318 3404 5378 Tata

1826 5406 2047 5476 pulchra
2069 5422 2145 5472 es,
2170 5406 2464 5473 propinqua
2488 5422 2628 5471 mea,
2657 5420 2706 5463 et
2735 5410 2946 5467 macula
2977 5426 3083 5464 non
3109 5418 3185 5466 est
3211 5409 3266 5463 in
3297 5418 3372 5465 te.

154 5488 203 5540 ot
260 5487 579 5557 νεμόμενοι
645 5488 714 5541 ἐν
759 5490 1005 5557 κρίνοις.
1060 5494 1208 5560 Ἕως
1281 5493 1351 5553 οὗ
1400 5498 1735 5571 διαπνεύσῃ
1809 5503 2032 5573 ἡμέρα,
2104 5500 2202 5555 καί
2263 5497 2587 5567 κινηθῶσιν
2642 5505 2702 5556 al
2787 5505 2973 5558 σκιαί.
3033 5506 3403 5576 Πορεύσο,ιαι

327 5602 377 5636 ³⁸
419 5601 551 5656 Luc.
619 5614 694 5664 ιι,
757 5600 805 5657 7.

495 5691 772 5753 PnaoL.
816 5692 934 5753 Gtt.
968 5692 1196 5753 XLIV.

3013 5710 3094 5769 29
