3742 5986
336 157 435 214 90⁵1

1575 162 1634 220 S.
1666 162 1999 219 GRGGORII
2022 161 2321 223 NYSSENI
2344 178 2347 181 ‘

3491 175 3588 235 908

332 274 567 344 ἐμαιοτῷ
612 274 761 369 προς
812 273 879 328 τὸ
929 274 1067 343 ὄρος
1113 275 1230 369 τῆς.
1259 279 1550 346 σμύρνης,
1598 280 1696 335 καί
1747 281 1897 350 πρὸς
1932 281 2037 359 τὸν
2102 282 2352 369 ,βουνὸνΔ
2376 284 2482 342 τοῦ
2537 288 2813 344 Λιϐάνου.
2864 288 3009 360 Ὅλη
3045 291 3227 362 καλὴ,
3249 291 3290 366 ἡ
3328 297 3586 366 πλησίον

327 381 468 438 μου,
516 363 612 416 καὶ
641 362 844 433 μῶμος
877 366 987 419 οὐκ
1011 365 1182 419 ἐστιν
1206 366 1277 420 ἐν
1306 370 1426 421 σοί.

404 458 462 512 In
497 459 688 513 multis
720 475 816 514 rex
855 458 1118 516 Salomon
1155 463 1459 518 assumitur
1489 464 1542 518 in
1569 472 1756 537 typum
1792 465 1907 522 veri
1939 470 1985 527 Α

330 549 479 619 regis
511 567 526 614 ;
562 551 614 604 in
652 550 861 615 multis,
892 551 1141 622 inquam,
1170 569 1293 624 quae
1322 569 1353 607 a
1399 563 1591 611 sancta
1622 558 1907 629 Scriptura

333 641 401 696 de
433 643 553 713 ipso
583 652 963 710 recensentur,
990 644 1161 700 relata
1199 646 1266 701 ad
1309 647 1363 701 id
1394 648 1540 719 quod
1575 657 1660 706 est
1689 651 1905 707 melius.

328 731 467 786 Nam
518 741 571 788 et
624 733 886 802 paciﬁcus
935 734 1163 802 dicitur,
1217 744 1271 792 et
1323 740 1649 796 immensam
1700 741 1908 797 habens

333 824 659 895 sapientiam
685 843 698 878 :
725 832 778 879 et
803 826 1068 896 templum
1093 828 1350 895 aediﬁcat,
1373 839 1429 886 et
1454 831 1593 901 regit
1627 833 1905 901 lsraelem,

330 927 385 972 et
421 920 681 989 populum
732 920 950 990 judicat
987 922 1041 975 in
1081 920 1333 987 iustitia:
1387 930 1443 978 et
1469 932 1553 980 est
1605 941 1671 978 ex
1701 926 1908 981 semine

328 1009 522 1065 David.
558 1011 667 1066 Sed
707 1020 762 1067 et
807 1012 874 1068 ad
909 1013 1087 1083 ipsum
1139 1015 1290 1071 venit
1336 1016 1525 1086 regina
1563 1016 1903 1088 Ethiopum.

328 1100 467 1155 Nam
496 1102 612 1156 haec
642 1102 863 1173 quidem
893 1104 1100 1169 omnia,
1139 1114 1195 1161 et
1218 1122 1340 1177 quae
1386 1115 1518 1161 sunt
1566 1108 1903 1176 huiusmodi,

329 1192 399 1245 dc
427 1207 495 1248 eo
532 1193 754 1263 quidem
787 1194 1049 1250 dicuntur
1089 1197 1293 1267 typice,
1352 1197 1673 1254 describunt
1725 1210 1905 1256 autem

328 1286 587 1341 virtutem
626 1286 947 1358 Evangelii.-
972 1288 1107 1355 Quis
1153 1290 1298 1344 enim
1348 1292 1488 1346 adeo
1528 1292 1789 1361 paciﬁcus
1822 1301 1908 1348 est

328 1383 492 1446 atque
533 1378 580 1432 is
626 1379 719 1448 qui
770 1380 1052 1435 interemit
1103 1381 1465 1449 inimicitias,
1517 1385 1665 1437 cruci
1722 1392 1904 1440 autem

328 1484 458 1523 suos
492 1468 661 1523 alﬁxit
718 1469 995 1534 inimicos,
1052 1488 1313 1543 nosque,
1372 1475 1485 1530 imo
1540 1492 1669 1531 vero
1728 1485 1946 1531 totum~

330 1561 594 1616 mundum
627 1562 731 1618 sibi
765 1565 1174 1631 reconciliavit,
1226 1562 1280 1622 et
1310 1567 1467 1638 'sepié
1525 1569 1901 1625 intermediam

326 1654 489 1707 solvit
519 1654 835 1720 maceriem,
887 1664 945 1709 ut
994 1657 1135 1712 duos
1190 1658 1245 1713 in
1303 1659 1485 1729 seipse
1539 1661 1801 1716 conderet
1849 1659 1902 1714 in

326 1761 495 1798 unum
529 1760 731 1799 novum
785 1747 1084 1813 hominem,
1137 1751 1230 1820 qui
1289 1751 1416 1806 facit
1452 1767 1664 1822 pacem,
1717 1761 1771 1808 et
1806 1753 1900 1823 qui

2096 467 2184 521 Ἐν
2233 467 2449 532 πολλοῖς
2493 471 2522 523 6
2569 469 2821 540 βασιλεὺς
2857 472 3113 543 Σολομὼν
3153 475 3234 539 είς
3283 476 3458 531 τύπον
3499 479 3589 534 τοῦ

2011 558 2267 629 ἀληθινοῦ
2323 560 2587 631 βασιλέως
2647 564 3133 636 παραλαμϐάνεται
3155 582 3170 597 ·
3233 568 3446 634 πολλοῖς
3492 571 3589 643 δὴ,

2011 648 2193 718 φημὶ,
2223 651 2334 713 τοῖς
2372 650 2508 722 πρὸς
2551 653 2613 705 τὸ
2654 655 2898 723 κρεῖττον
2938 655 3066 726 περί
3096 656 3262 709 αὐτοῦ
3313 658 3465 729 παρά
3494 662 3589 731 τῆς

2008 741 2171 809 ἁγίας
2206 741 2431 812 Γραφῆς
2472 744 2892 816 ἱστορουμένοις.
2948 748 3240 819 Εἰρηνικός
3267 766 3328 803 τε
3354 749 3464 822 γὰρ
3500 752 3588 806 λέ-

2008 848 2195 899 γεται,
2233 836 2328 887 καὶ
2377 835 2565 904 σοφίαν
2615 837 2921 909 ἀμέτρητον
2959 839 3073 910 ἔχει
3093 854 3107 869 '
3155 842 3248 896 καὶ
3285 842 3412 896 ναὸν
3443 845 3589 898 οἰκο-

2008 919 2194 989 δομεῖ,
2227 920 2498 990 βασιλεύει
2529 936 2585 977 τε
2617 925 2714 981 ,τοῦ
2754 927 2992 1001 Ἰσραὴλ,
3021 930 3116 984 καὶ
3143 932 3320 1002 κρίνει
3347 934 3439 987 τὸν
3461 934 3588 989 λαὸν

2009 1009 2068 1095 ἐν
2086 1009 2396 1084 δικαιοσύνῃ
2416 1031 2429 1046 ο
2460 1015 2553 1067 καὶ
2578 1016 2643 1069 ὲκ
2671 1014 2764 1070 τοῦ
2789 1019 3107 1095 σπέρματός
3137 1024 3253 1076 ἐστι
3277 1022 3372 1077 τοῦ
3399 1026 3585 1081 Δαϐίδ.

2021 1094 2181 1187 Ἀλλά
2229 1099 2320 1152 καὶ
2360 1102 2392 1170 ή
2422 1101 2529 1187 τῷν
2567 1094 2837 1159 Αἰθιόπων
2873 1106 3159 1177 βασίλισσα
3194 1113 3357 1166 αὐτὸν
3402 1117 3585 1187 φοιτᾷ.

2007 1185 2193 1240 Ταῦτα
2225 1189 2332 1261 γὰρ
2367 1184 2545 1247 πάντα
2583 1195 2677 1248 καὶ
2719 1195 2788 1249 τὸ.
2833 1198 3092 1266 τοιαῦτα,
3126 1203 3257 1274 περὶ
3284 1205 3450 1258 αὐτοῦ
3486 1184 3587 1277 μεν

2005 1276 2220 1346 λέγεται
2266 1283 2542 1349 τυπικῶς,
2594 1286 2991 1360 προδιαγράφει
3028 1291 3085 1345 δὲ
3119 1293 3213 1347 τοῦ
3244 1276 3585 1365 Εὐαγγελίου

2006 1368 2103 1439 τὴν
2132 1371 2377 1443 δύναμιν.
2415 1377 2510 1441 Τίς
2555 1378 2664 1451 γὰρ
2699 1380 2876 1446 οὕτως
2913 1386 3216 1457 εἰρηνικὸς,
3258 1388 3334 1453 ὡς
3370 1391 3399 1443 6
3446 1392 3585 1447 ἀπο-

2017 1462 2235 1528 κτείνας
2246 1465 2344 1535 τὴν
2358 1467 2577 1538 ἔχθραν,
2595 1473 2689 1524 καὶ
2711 1472 2787 1543 τῷ
2825 1474 3039 1546 σταυρῷ
3071 1479 3432 1549 προσηλώσας
3460 1484 3589 1547 τοὺς

2004 1553 2232 1625 ἐχθροὺς
2270 1558 2482 1612 ἑαυτοῦ’
2523 1562 2698 1632 ἡμᾶς,
2727 1563 2925 1633 μᾶλλον
2954 1565 3013 1618 δὲ
3040 1566 3131 1620 τὸν
3158 1568 3365 1640 κόσμον
3406 1574 3586 1644 ἐαυτῷ

2007 1644 2361 1711 καταλλάξας,
2398 1650 2492 1704 καὶ
2537 1651 2599 1703 τὸ
2629 1653 2943 1725 μεσότοιχον
2969 1656 3063 1710 τοῦ
3092 1661 3350 1731 φραγμοῦ
3390 1662 3581 1730 λύσας,

2006 1732 2094 1786 ἴνα
2132 1738 2257 1801 τοὺς
2294 1738 2386 1792 δύο
2428 1741 2590 1813 κτίσῃ
2615 1744 2674 1797 ἐν
2704 1745 2882 1816 ἑαυτῷ
2917 1747 2997 1810 είς
3025 1747 3125 1802 ἕνα
3154 1751 3338 1806 καινὸν
3365 1752 3583 1825 ἀνθρω-

323 1838 585 1908 praedicat
612 1839 683 1893 iis
710 1840 803 1910 qui
838 1840 1018 1913 longe,
1053 1811 1108 1897 et
1141 1811 1207 1899 iis
1231 1846 1323 1914 qui
1367 1811 1554 1915 prope,
1579 1811 1770 1916 pacem

2127 1869 2139 1889 ,
2178 1830 2345 1885 ποιῶν
2373 1811 2614 1904 εἰρήνην,
2646 1837 2676 1888 6
2723 1811 2965 1908 κηρύξας
2996 1843 3107 1905 τοῖς
3138 1845 3359 1915 μακράν
3397 1811 3582 1901 τεικαί

324 1945 419 1985 eos
465 1930 558 2000 qui
612 1933 945 1986 annnntiant
1002 1935 1145 1991 bona
1168 1936 1256 1989 "'2
1285 1937 1422 2002 Quis
1446 1944 1528 1992 est
1562 1946 1742 1992 autem
1774 1937 1904 1993 talis

323 2020 624 2076 aediﬁcator
652 2025 878 2093 templi,
911 2026 1092 2095 qualis
1146 2027 1243 2099 qui
1288 2026 1649 2083 fundamenta
1683 2029 1901 2100 quidem

318 2112 456 2181 jaeit
490 2114 545 2167 in
572 2115 851 2170 montibus
878 2118 1110 2185 sanctis,
1150 2118 1255 2173 hoc
1281 2130 1387 2184 est,
1420 2120 1475 2173 in
1509 2120 1795 2190 prophetis
1850 2129 1904 2176 et

323 2204 608 2273 apostolis,
641 2207 736 2275 qui
766 2206 1028 2271 aediﬁcat,
1054 2208 1200 2263 sicut
1224 2209 1359 2263 dicit
1391 2211 1712 2279 Apostolus,
1739 2225 1905 2280 super

322 2297 745 2353 fundamentum
775 2301 1150 2369 apostolorum
1187 2310 1239 2355 et
1263 2302 1683 2370 prophetarum,
1718 2317 1815 2372 per
1845 2318 1903 2357 se

323 2387 571 2443 viventes
598 2397 649 2443 et
685 2389 959 2447 animatos
986 2391 1217 2460 lapides,
1250 2392 1343 2461 qui
1378 2407 1473 2461 per
1505 2407 1564 2446 se
1607 2406 1670 2446 ac
1711 2398 1905 2462 sponte

2004 1919 2118 1980 τοῖς
2162 1922 2328 1990 ἐγγὺς
2375 1924 2469 1996 τὴν
2508 1927 2753 1999 εἰρήνην,
2806 1930 2895 1983 διὰ
2924 1931 3033 1986 τῶν
3077 1934 3584 2004 εὐαγγελιζομένων

2005 2010 2071 2062 τά
2105 2011 2307 2079 ἀγαθάς
2339 2015 2436 2078 Τίς
2457 2016 2512 2070 δὲ
2537 2017 2778 2084 τοιοῦτος
2805 2022 3088 2094 οἰκοδόμος
3120 2026 3276 2091 ναοῦς
3303 2028 3380 2092 ὡς
3399 2030 3428 2081 6
3454 2033 3585 2096 τοὺς

2008 2101 2106 2169 μὲν
2139 2102 2416 2173 θεμελίους
2445 2107 2610 2162 αὑτοῦ
2636 2108 2806 2175 τιθεὶς
2830 2112 2889 2164 ἐν
2917 2115 3029 2178 τοῖς
3053 2115 3206 2186 ὄρεσι
3239 2121 3352 2182 τοῖς
3378 2121 3578 2189 ἁγίοις,

2007 2195 2297 2257 τουτέστιν,
2341 2200 2397 2251 ἐν
2431 2203 2542 2264 τοῖς
2576 2204 2882 2274 προφήταις
2910 2207 3003 2260 καὶ
3036 2209 3357 2277 ἀποστόλοις
3378 2230 3392 2243 ’
3430 2214 3582 2271 ἕποιο

2000 2283 2246 2354 κοδομῶν
2268 2287 2347 2351 δὲ,
2380 2289 2561 2353 καθώς
2592 2308 2755 2363 φησιν
2786 2297 2815 2346 ὁ
2840 2295 3082 2361 Παῦλος,
3112 2300 3208 2353 ἐπὶ
3233 2301 3310 2372 τῷ
3345 2302 3585 2376 θεμελίῳ

2003 2375 2111 2431 τῶν
2129 2377 2441 2434 ἀποστόλων
2463 2383 2555 2435 καὶ
2593 2386 2887 2456 προφητῶν
2905 2429 2921 2455 ,
2943 2389 3069 2454 τοὺς
3083 2388 3292 2457 ζῶντας
3326 2395 3420 2448 καὶ
3452 2375 3584 2460 τοὺς

320 2477 619 2533 volvuntur
652 2479 719 2535 ad
745 2482 1178 2552 compactionem
1213 2491 1265 2537 et
1288 2482 1688 2538 connexionem
1721 2497 1798 2553 pa;

2100 2467 2285 2540 [λόχους
2313 2470 2514 2536 λίθους,
2539 2475 2665 2538 τοὺς
2701 2475 2769 2529 δι’
2808 2478 3015 2532 ἑαυτῶν
3051 2482 3187 2551 πρὸς
3207 2482 3306 2553 τὴν
3329 2484 3442 2539 τῶν
3467 2489 3578 2541 τοί-

326 2573 458 2634 ιυιη,
483 2567 640 2638 juxta
673 2570 724 2625 id
757 2571 901 2641 quod
931 2571 1065 2625 dicit
1095 2570 1370 2642 Propheta
1397 2572 1466 2635 ²¹,
1499 2580 1559 2626 ιιι
1588 2587 1803 2627 connex

2103 2576 2115 2611 ι
2148 2561 2412 2632 ἁρμονίαν
2447 2566 2589 2619 κατὰ
2629 2566 2722 2621 τὸν
2753 2570 3089 2640 προφητικὸν
3121 2572 3278 2643 λόγον
3321 2578 3581 2632 κεκυλίσ-

318 2661 601 2730 compacti
639 2662 695 2715 in
726 2662 933 2717 virtute
973 2662 1094 2717 ﬁdei
1148 2671 1201 2717 et
1233 2663 1455 2717 vinculo
1497 2663 1671 2733 pacis,
1708 2678 1796 2734 per

2150 2671 2199 2718 λς
2220 2693 2234 2716 ,
2264 2652 2403 2709 ὥστε
2435 2659 2904 2729 συναρμοσθέντας
2932 2664 2989 2717 ὲν
3018 2668 3083 2734 τῇ
3119 2666 3330 2737 ὲνότητι
3357 2670 3458 2740 τῆς
3486 2672 3583 2725 πί-
3621 2661 3628 2689 ⁸

318 2758 576 2805 crescant
605 2751 658 2804 in
691 2752 953 2821 templum
1013 2758 1289 2814 sanetum,
1326 2760 1386 2805 ut
1436 2751 1572 2805 ﬁant
1621 2751 1796 2807 habita

2104 2760 2205 2807 ως,
2241 2746 2332 2798 καὶ
2362 2744 2439 2816 τῷ
2481 2747 2763 2821 συνδέσμῳ
2796 2750 2898 2820 τῆς
2941 2754 3199 2824 εἰρήνης,
3235 2757 3471 2825 αὐξῆσαι
3510 2761 3582 2814 δι’

320 2841 434 2896 lum
496 2840 589 2897 Dei
638 2842 696 2897 in
752 2841 992 2913 spiritu?
1026 2841 1182 2908 Quod
1246 2851 1427 2896 autem
1477 2857 1579 2897 sua
1633 2843 1798 2914 sapiet

2107 2831 2211 2885 τῶν
2232 2833 2325 2887 τὸν
2356 2835 2482 2888 ναὸν
2511 2836 2602 2890 τὸν
2628 2836 2801 2906 ἅγιον,
2831 2840 2910 2903 εἰς
2934 2840 2994 2894 τὺ
3030 2842 3286 2910 γενέσθαι
3320 2862 3585 2919 κατοικη-

322 2932 590 2986 Salomon
614 2946 798 2987 veram
824 2932 1095 3001 signiﬁcet
1119 2932 1468 3002 sapientiam,
1489 2947 1654 2989 nemo
1682 2941 1800 2987 cont

2102 2940 2186 2978 ιον
2230 2924 2362 2979 Θεοῦ
2396 2928 2455 2980 ὲν
2495 2927 2790 2999 πνεύματι;
2821 2930 2941 2984 Ὅτι
2975 2931 3032 2987 δὲ
3075 2935 3168 2988 καὶ
3206 2937 3270 3006 τῇ
3314 2938 3479 3008 σοφίᾳ
3510 2941 3580 3011 τῇ

318 3022 568 3087 dixerit,
636 3023 704 3077 ad
771 3023 1062 3077 historiam
1127 3024 1408 3092 aspiciens
1475 3032 1530 3080 et
1590 3025 1796 3080 veritati

2106 3013 2196 3067 τοῦ
2222 3016 2250 3068 6
2279 3015 2526 3087 Σολομὼν
2555 3018 2654 3089 τὴν
2695 3018 2955 3093 ἀληθινὴν
3002 3022 3195 3093 μηνύει
3227 3027 3451 3093 σοφίαν,
3483 3030 3584 3082 οῦ-

321 3112 583 3168 Testatur
611 3112 758 3167 enim
784 3113 1039 3177 historia,
1067 3113 1213 3182 quod
1244 3114 1335 3168 ille
1361 3116 1604 3170 excessit
1626 3115 1799 3170 termil

2106 3121 2112 3164 ξ
2149 3104 2214 3157 ἂν
2239 3106 2504 3172 ἀντείποι,
2532 3107 2668 3179 πρός
2694 3125 2755 3162 τε
2789 3110 2888 3182 τὴν
2916 3113 3158 3184 ἱστορίαν
3186 3115 3278 3167 καὶ
3311 3115 3451 3187 πρὸς
3480 3116 3584 3188 τὴν

321 3203 578 3258 humanae
607 3202 912 3273 sapientiae,
941 3205 1114 3275 utqui
1142 3205 1388 3259 omnium
1412 3221 1595 3261 rerum
1627 3208 1799 3276 cognit

2109 3195 2259 3250 θειαν
2291 3197 2525 3268 βλέπων.
2558 3171 2931 3273 Ιίίαρτυρεϊται
2963 3171 3064 3274 μὲν
3092 3204 3200 3276 γὰρ
3232 3171 3447 3273 ἐκεῖνος
3474 3171 3583 3263 ιτὲδ

320 3309 447 3349 nem
473 3295 530 3349 in
574 3294 663 3349 sui
699 3295 889 3350 cordis
936 3295 1230 3351 latitudine
1278 3297 1505 3366 ceperit,
1558 3298 1695 3353 adeo
1742 3307 1798 3353 ut

2135 3292 2405 3363 ἱστορίας,
2441 3294 2522 3347 ὅτι
2552 3293 2798 3365 παρῆλθε
2825 3296 2951 3360 τοὺς
2974 3297 3076 3368 τῆς
3104 3296 3454 3372 ἀνθρωπίνης
3483 3318 3581 3355 σο-

321 3386 538 3456 priores
560 3386 909 3455 praeterierit,
934 3394 989 3442 et
1017 3387 1109 3456 qui
1142 3388 1402 3458 deinceps
1431 3396 1558 3444 sunt
1590 3403 1799 3443 οοηεοοι

2102 3398 2122 3443 ς
2166 3381 2359 3452 ὅρους,
2412 3382 2627 3437 πάντων
2654 3383 2751 3456 τὴν
2791 3384 2995 3453 γνῶσιν
3040 3387 3098 3481 ειν
3137 3387 3216 3457 τῷ
3246 3389 3442 3444 πλάτει
3473 3391 3580 3462 τῆς

320 3492 449 3533 eum
501 3492 610 3532 non
661 3478 880 3549 possint
924 3480 1189 3550 assequi:
1234 3478 1501 3536 Dominus
1558 3476 1743 3536 autem
1797 3525 1798 3529 η

2096 3469 2218 3535 ιδίας
2258 3470 2547 3543 χωρήσας,
2576 3473 2653 3537 ὡς
2694 3475 2788 3527 καὶ
2822 3474 2948 3538 τοὺς
2978 3469 3350 3546 προλαϐόντας
3384 3497 3574 3551 παρα-

321 3577 543 3635 natura,
569 3569 621 3623 id
654 3569 833 3640 ipsum
868 3569 1017 3641 quod
1067 3578 1173 3634 est,
1202 3580 1288 3626 est
1339 3570 1578 3626 essentia
1620 3571 1794 3626 verita

2099 3563 2215 3631 μεῖν
2234 3600 2249 3625 ,
2275 3561 2369 3615 καὶ
2395 3567 2506 3631 τοῖς
2541 3561 2736 3635 ἐφεξῆς
2780 3565 3036 3633 γενέσθαι
3075 3567 3366 3636 ἀνέφικτος
3388 3587 3403 3600 °
3453 3573 3483 3625 6
3515 3573 3577 3627 δὲ

316 3663 602 3733 sapientia
648 3671 701 3718 et
734 3664 996 3734 potentiae
1043 3678 1106 3717 ac
1154 3664 1389 3718 virtutis.
1423 3662 1718 3734 Propterea
1764 3679 1794 3719 c

2095 3672 2199 3725 ριος
2239 3655 2382 3709 κατά
2425 3656 2522 3728 τὴν
2569 3658 2762 3712 ἑαυτοῦ
2805 3659 2997 3728 φύσιν,
3049 3659 3182 3715 αὐτὸ
3217 3662 3354 3734 ὅπερ
3398 3666 3573 3730 ἐστὶν,

321 3753 555 3809 dixisset
586 3753 754 3809 David
781 3773 795 3809 :
832 3754 1026 3810 Omnia
1065 3755 1118 3808 in
1147 3755 1411 3825 sapientia
1442 3755 1614 3824 fecisti
1639 3756 1721 3810 "z
1755 3753 1797 3808 P

2098 3746 2254 3813 Oeta;
2291 3765 2350 3802 τε
2404 3750 2498 3804 καὶ
2541 3751 2735 3820 σοφίας
2774 3752 2869 3805 καὶ
2914 3751 3195 3824 δυνάμεως
3230 3755 3389 3810 οὐσία
3433 3759 3576 3813 ἐστι.

320 3846 540 3917 phetatn
590 3846 959 3916 interpretans
1002 3846 1223 3903 divinus
1278 3848 1595 3916 Apostolus,
1658 3848 1712 3901 in
1771 3847 1798 3916 i1

2123 3840 2279 3894 τοῦτο
2309 3840 2402 3895 τοῦ
2434 3842 2599 3896 Δασὶδ
2636 3843 2911 3908 εἰπόντος·
2959 3844 3038 3898 ὅτι
3066 3845 3270 3901 Πάντα
3292 3848 3365 3902 ἐν
3384 3852 3575 3920 σοφίᾳ

321 3937 456 3991 dicit
486 3945 672 3992 creata
699 3952 824 3993 esse
857 3937 1041 3991 omnia
1064 3937 1149 3992 ’δε
1191 3944 1378 4007 utpote
1427 3938 1575 4007 quod
1623 3937 1799 4007 Proph

2096 3930 2324 3997 ›ίησας,
2352 3930 2670 4002 ἑρμηνεύων
2705 3933 2799 3988 τὸν
2836 3937 3128 4008 Προφήτην
3164 3940 3193 3992 6
3221 3939 3364 4004 θεῖος
3411 3943 3574 3997 Ἀπό-

2003 4019 2206 4085 στολος,
2236 4022 2294 4074 ὲν
2315 4020 2461 4091 αὐτῷ
2491 4022 2737 4076 ἐκτίσθαι
2766 4023 2837 4078 τά
2865 4026 3043 4081 πάντα
3064 4028 3243 4098 λέγει·
3277 4032 3354 4096 ὡς
3380 4035 3572 4093 τοῦτον

1996 4111 2087 4165 τοῦ
2114 4114 2402 4183 Προφήτου
2429 4112 2515 4167 διὰ
2544 4114 2642 4185 τῆς
2677 4117 2870 4186 σοφίας
2897 4120 3273 4190 σημαίνοντος.

393 4208 552 4277 Quod
576 4217 757 4264 autem
787 4223 883 4263 rex
906 4207 1069 4263 Israel
1095 4206 1166 4262 sit
1188 4206 1473 4268 Dominus,
1497 4204 1706 4259 inimici
1728 4204 1871 4260 etian

2095 4201 2140 4255 .‘6
2175 4202 2231 4256 δὲ
2268 4202 2490 4273 βασιλέα
2523 4204 2616 4259 τοῦ
2661 4207 2878 4279 Ἰσραὴλ
2912 4205 3051 4265 εἶναι
3077 4211 3169 4265 τὸν
3199 4213 3403 4285 Κύριον
3424 4256 3439 4280 ,
3476 4218 3573 4273 καὶ

324 4301 444 4372 ejus
474 4300 658 4355 testati
688 4306 837 4363 sunt,
874 4300 967 4368 qui
1003 4296 1409 4353 confessionem
1429 4295 1583 4366 regni
1616 4296 1737 4364 ejus
1766 4310 1802 4350 SI

2093 4292 2149 4345 »ἀ
2181 4292 2291 4347 τῶν
2328 4292 2538 4365 ἐχθρῶν
2569 4297 3006 4370 μεμαρτύρηται,
3041 4301 3151 4355 τῶν
3185 4304 3571 4378 ὑπογεγραφό-

324 4392 664 4462 scripserunt
692 4392 868 4457 cruci,
902 4390 1003 4444 Hic
1031 4397 1111 4443 est
1155 4404 1249 4443 rex
1281 4387 1595 4443 Judworum
1628 4388 1673 4419 "
1701 4405 1714 4443 :
1750 4403 1802 4442 at

2090 4382 2200 4454 ρτῷ
2226 4383 2444 4456 σταυρῷ
2479 4384 2578 4456 τὴν
2605 4386 2895 4457 ὁμολογίαν
2924 4390 3024 4461 τῆς
3053 4391 3329 4463 βασιλείας
3364 4398 3534 4453 αὐτοῦ
3554 4417 3568 4431 ·

326 4485 507 4554 pimus
537 4482 682 4536 enim
713 4472 1115 4545 testimonium,
1143 4481 1359 4535 etiamsi
1409 4479 1476 4533 de
1524 4478 1801 4548 magnitud

2113 4469 2306 4540 Οὗτός
2333 4474 2504 4529 ἐστιν
2542 4479 2578 4530 ὁ
2602 4477 2907 4546 ,ϐασιλεὺς
2938 4479 3058 4536 τῶν
3113 4483 3449 4541 Ἰουδαίων
3488 4489 3574 4542 δε-

328 4575 618 4646 potestatis
648 4582 942 4630 censeatur
968 4571 1276 4637 detrahere,
1303 4571 1435 4625 dum
1476 4585 1640 4641 regno
1680 4570 1806 4625 lsrac

2094 4565 2208 4620 ιεθα
2241 4565 2350 4635 γὰρ
2381 4566 2476 4638 τὴν
2513 4570 2849 4642 μαρτυρίαν,
2886 4572 2937 4625 εί
2977 4574 3070 4626 καὶ
3106 4577 3572 4648 κατασμικρύνειν

329 4674 511 4721 tarum
534 4665 792 4721 terminat
817 4664 1143 4719 dominium.
1167 4662 1286 4717 Non
1309 4662 1454 4717 enim
1478 4662 1551 4715 ita
1574 4661 1775 4718 habet:
1799 4677 1807 4715 ι

2096 4656 2278 4722 ,ίζεται
2292 4658 2352 4712 τὸ
2389 4658 2670 4729 μεγαλεῖον
2689 4656 2783 4715 τοῦ
2802 4662 3056 4737 κράτους,
3071 4669 3137 4738 τῇ
3165 4666 3272 4720 τῶν
3307 4667 3574 4741 Ἰσραηλι⁶

332 4774 399 4814 ex
422 4765 580 4830 parte
613 4756 901 4827 imperium
934 4757 987 4810 in
1015 4754 1344 4824 omnesipsa
1376 4754 1431 4807 in
1463 4767 1630 4808 cruce
1661 4753 1810 4808 inscr

2095 4767 2108 4800 θ
2134 4748 2378 4821 βασιλείᾳ
2398 4750 2498 4821 τὴν
2512 4750 2828 4807 δεσποτείαν
2863 4754 3144 4826 ὁρίζουσα.
3163 4757 3236 4810 Οὐ
3267 4756 3376 4829 γὰρ
3397 4758 3573 4824 οὕτως

326 4852 407 4904 tio
430 4849 645 4909 tribuit.
675 4848 823 4918 quod
853 4863 961 4902 non
990 4845 1275 4915 adjecerit,
1328 4844 1474 4912 quod
1522 4845 1570 4898 is
1601 4844 1671 4899 sit
1716 4843 1797 4898 sol

2099 4858 2114 4892 t
2136 4839 2281 4894 ’ἀλλ’
2297 4840 2405 4893 ἀπὸ
2424 4841 2643 4913 μέρους,
2662 4842 2761 4914 τὴν
2775 4843 2914 4897 κατά
2936 4845 3155 4899 πάντων
3175 4848 3348 4919 ἀρχὴν
3377 4850 3411 4920 ή
3450 4852 3569 4904 ἐπι-

327 4958 423 4998 rex
453 4942 786 4998 Judaeornm.
822 4939 957 4993 Nam
984 4954 1109 4992 cum
1134 4938 1184 4992 ei
1210 4938 1388 4992 oratio
1419 4937 1667 4992 absolute
1691 4935 1805 4990 trib?

2089 4930 2182 5001 ιφὴ
2204 4930 2342 5002 αὕτη
2359 4931 2436 5002 τῷ
2459 4932 2675 5003 σταυρῷ
2693 4934 2996 5005 ἀνατίθησι,
3019 4936 3099 5008 τῷ
3126 4937 3200 5009 μὴ
3228 4940 3567 5008 προσθεῖναι,

327 5032 402 5086 rit
451 5046 554 5088 suo
601 5031 917 5086 testimonio
973 5028 1288 5083 Judaeorum
1346 5027 1675 5098 imperium,
1732 5024 1802 5081 eti

2117 5022 2292 5093 μόνων
2331 5022 2438 5076 τῶν
2474 5022 2740 5079 Ἰουδαίων
2776 5016 2936 5090 οὗτός
2961 5028 3077 5080 ἐστι
3101 5026 3370 5097 βασιλεύς.
3409 5033 3570 5086 Ἀπο-

330 5096 627 5193 imperium
639 5122 696 5176 in
713 5135 906 5177 omnes
929 5120 1094 5175 tacite
1106 5135 1172 5175 eo
1192 5135 1443 5176 sermone
1461 5135 1580 5175 com
1589 5119 1808 5189 prehent

2096 5131 2171 5177 ως
2203 5114 2311 5185 γὰρ
2360 5113 2507 5185 αὐτῷ
2542 5118 3044 5188 προσμαρτυρήσας
3146 5119 3303 5189 λόγος
3326 5120 3425 5193 τὴν
3462 5123 3573 5179 τῶν

329 5214 449 5269 Rex
472 5215 620 5270 enim
646 5214 917 5270 universa
940 5221 1101 5267 terrae
1132 5212 1295 5267 etiam
1326 5211 1380 5264 in
1407 5218 1617 5281 partem
1646 5208 1807 5264 domil

2096 5204 2274 5259 »δαίων
2325 5205 2519 5278 ἀρχὴν,
2565 5207 2660 5261 καὶ
2694 5206 2756 5260 τὸ
2786 5207 2928 5262 κατὰ
2953 5209 3172 5265 πάντων
3205 5213 3406 5283 κράτος
3431 5215 3574 5271 κατά

331 5314 447 5360 tum
474 5305 727 5373 obtinet;
761 5303 1071 5359 Salomonis
1107 5309 1286 5358 autem
1320 5301 1563 5356 studium
1608 5301 1670 5354 in-
1706 5314 1809 5355 veri

2098 5293 2450 5364 σιωπώμενον
2489 5295 2554 5364 τῇ
2589 5294 2850 5367 ὁμολογίᾳ
2902 5296 3073 5369 ταύτῃ
3127 5299 3569 5371 συμπαρέλαϐεν.

328 5396 620 5468 judicium,
653 5397 925 5466 signiﬁcat
963 5410 1154 5449 verum
1199 5393 1441 5463 iudicem
1471 5392 1638 5448 totius
1680 5405 1806 5444 mun

2102 5383 2211 5457 γὰρ
2230 5383 2479 5455 βασιλεὺς
2510 5384 2690 5456 πάσης
2720 5384 2820 5455 τῆς
2844 5386 2946 5457 γῆς
2975 5389 3068 5443 καὶ
3097 5388 3191 5442 τοῦ
3213 5390 3415 5462 μέρους
3442 5388 3572 5447 πάν-

2004 5505 2052 5538 ²¹
2084 5503 2228 5559 Psal.
2255 5518 2371 5567 cm,
2398 5501 2489 5557 24.
2565 5502 2610 5533 ’⁵
2642 5501 2854 5558 Coloss.
2885 5518 2927 5570 ι,
2953 5502 3040 5557 l6.
3118 5503 3164 5535 "
3187 5501 3379 5558 Matth.
3400 5519 3571 5571 xxvn,

321 4043 446 4084 eum
480 4028 747 4100 signiﬁcet
776 4044 872 4098 per
907 4029 1247 4097 sapientiam.

333 5507 438 5579 η¹¹
493 5507 688 5577 Ephes.
740 5525 802 5573 ιι,
859 5510 924 5563 Η
969 5526 1086 5579 seq.
1155 5510 1200 5541 "
1240 5507 1386 5564 Psal.
1475 5523 1668 5573 xxxvn,
1701 5507 1737 5561 2
1772 5522 1891 5577 sqq.

334 5563 421 5621 57.
