3730 5980
184 149 290 210 909

1174 146 1239 200 IN
1278 134 1574 201 CANTICA
1604 130 1873 199 CANTIC.
1913 134 2193 198 thMlLlA
2239 142 2348 196 vn.

3345 140 3451 203 910

182 281 298 330 τως
319 262 422 335 τὴν
451 264 771 319 δεσποτείαν
796 264 917 337 ’ἔχει
939 281 952 297 ·
984 266 1017 335 ἡ
1041 265 1099 320 δὲ
1131 267 1260 336 περὶ
1282 265 1383 335 τὴν
1406 264 1619 319 δικαίαν
1652 284 1655 313 τ

2013 257 2182 312 dicit:
2244 256 2410 311 Pater
2464 256 2719 309 nemiuem
2758 255 2993 323 judicat,
3047 255 3139 311 sed
3179 257 3449 325 Judicium

185 374 277 414 σιν
310 358 407 411 τοῦ
436 358 780 429 Σολομῶντος
814 356 1016 427 σπουδὴ
1046 356 1137 410 τὸν
1168 357 1422 426 ἀληθινὸν
1449 355 1644 427 κριτὴν
1675 354 1770 409 τοῦ

183 451 389 515 παντὸς
424 452 634 521 κόσμου
661 450 1031 521 διασημαίνει,
1057 451 1115 515 ὃς
1148 465 1314 520 φησιν
1331 465 1345 479 ο
1386 449 1449 501 ’0
1474 447 1677 515 Πατὴρ
1699 450 1771 503 οὐ

184 544 376 611 κρίνει
411 542 657 609 οὐδένα,
698 543 863 598 ἀλλὰ
902 543 1018 611 τὴν
1059 544 1266 610 κρίσιν
1311 540 1520 596 πᾶσαν
1553 533 1774 594 δέδωκε

186 630 266 698 τῷ
296 631 445 697 Υἱῷο
474 631 570 687 καὶ
594 632 698 695 ὅτι,
736 634 821 686 οὐ
856 632 1112 702 δύναμαι
1141 632 1336 687 ποιεῖν
1382 632 1483 688 ἀπ’
1514 631 1773 700 ἐμαυτοῦ

186 724 408 779 οὐδέν’
440 724 604 779 ἀλλὰ
654 723 849 791 καθὼς
876 720 1102 790 ἀκούω,
1136 722 1338 794 κρίνω,
1379 726 1481 781 καὶ
1509 727 1549 793 ἠ
1578 725 1776 794 κρίσις

186 819 225 883 ἡ
256 812 374 885 ἐμὴ
396 815 599 869 δικαία
643 814 834 871 ἐστίν.
867 808 1037 880 Οὗτος
1068 817 1178 887 γὰρ
1198 807 1235 868 6'
1249 816 1548 886 ἀκρότατος
1569 814 1670 881 τῆς
1700 810 1776 868 δι-

185 906 354 971 καίας
402 907 639 978 κρίσεως
694 908 839 978 ὅρος,
895 908 957 961 τὸ
993 908 1067 979 μὴ
1123 909 1217 976 ἀφ’
1250 907 1446 961 ἑαυτοῦ
1488 907 1629 961 κατά
1653 924 1777 961 τινα

188 991 570 1069 προσπάθειαν
629 997 921 1069 ἀπόκρισιν
972 1000 1082 1060 τοῖς
1137 998 1481 1068 κρινομένοις
1551 995 1772 1068 νέμειν·

187 1081 331 1144 ἀλλὰ
359 1087 578 1158 πρῶτον
616 1087 837 1142 ἀκούειν
882 1087 992 1141 τῶν
1029 1087 1300 1141 ύποδίκων
1338 1090 1407 1158 τῇ
1441 1084 1638 1157 κρίσει,
1675 1080 1776 1139 εἷθ’

186 1178 369 1242 οὕτως
402 1178 502 1248 τὴν
530 1179 620 1231 ἐπ’
648 1172 830 1241 αὐτοῖς
857 1178 1036 1248 ψῆφον
1084 1177 1414 1233 ἐκτίθεσθαι.
1451 1174 1527 1232 Ob
1554 1174 1714 1250 χάριν
1742 1180 1775 1249 ή

188 1271 287 1323 τοῦ
312 1268 452 1323 Θεοῦ
485 1269 715 1341 δύναμίς
741 1286 863 1323 τινα
892 1269 1146 1340 ὁμολογεῖ
1164 1271 1239 1340 μὴ
1258 1268 1537 1324 δύνασθαι.
1570 1269 1644 1322 Τὸ
1667 1267 1778 1338 γὰρ

189 1360 301 1425 ἔξω
337 1357 431 1412 τοῦ
484 1358 696 1412 δικαίου
759 1359 1103 1431 παρατρέψαι
1150 1359 1249 1431 τὴν
1298 1359 1481 1430 κρίσιν
1529 1358 1782 1413 ἀδυνατεῖ

190 1448 447 1518 ἀλήθεια.
492 1447 652 1501 Ἀλλά
678 1447 740 1500 τὸ
768 1447 867 1518 μὲν
891 1448 956 1501 ἐκ
983 1447 1077 1502 τοῦ
1106 1438 1420 1519 σπέρματος
1450 1447 1615 1502 Δαϐὶδ
1639 1442 1778 1501 εἶναι

192 1538 340 1592 κατά
370 1537 550 1608 σάρκα
580 1529 669 1591 τὸν
695 1537 918 1608 Κύριον,
951 1536 1046 1592 κςή⁵
1098 1537 1249 1608 παρὰ
1278 1537 1372 1591 τοῦ
1406 1536 1688 1606 γεγονότος
1714 1538 1777 1590 ἐκ

192 1630 290 1684 τοῦ
318 1630 482 1684 Δαΰὶδ
516 1628 949 1702 προμηνύεσθαι,
978 1630 1054 1694 ὡς
1081 1624 1510 1700 ὁμολογούμενον
1536 1628 1615 1699 τῷ
1635 1628 1779 1699 λόγῳ

195 1725 541 1795 παρήσομεν.
569 1723 644 1777 Τὸ
670 1724 726 1776 δὲ
754 1723 898 1778 κατὰ
933 1723 1034 1793 τὴν
1064 1721 1421 1776 Δίθιόπισσαν
1453 1722 1779 1792 μυστήριον,

194 1815 320 1878 πῶς
339 1813 713 1869 καταλιποῦσα
760 1814 871 1868 τῶν
920 1813 1195 1868 Αἰθιόπων
1234 1812 1334 1883 τὴν
1365 1810 1663 1883 βασιλείαν,
1689 1811 1785 1865 καλ⁸

195 1906 450 1960 τοσοῦτον
473 1904 704 1960 διαϐᾶσα
726 1905 817 1959 τὸν
845 1903 996 1976 ἐντῷ
1020 1903 1168 1976 μέσῳ
1196 1903 1376 1967 τόπον,
1412 1901 1665 1974 πρὸς,τδν
1697 1902 1786 1955 Σο-

196 1997 451 2069 λομῶντα
504 1996 594 2050 διὰ
641 1996 703 2051 τὸ
726 1995 883 2062 κλέος
924 1992 1024 2066 τῆς
1053 1995 1246 2065 σοφίας
1284 1995 1585 2063 ἐπείγεται,
1618 1992 1786 2057 λίθοις

198 2086 403 2156 τιμίοις
433 2086 528 2139 καὶ
553 2084 769 2156 χρυσῷ,
788 2083 883 2138 καὶ
906 2087 1017 2148 τοῖς
1047 2083 1154 2137 τῶν
1180 2083 1486 2154 ἀρωμάτων
1515 2080 1786 2152 ἡδύσμασι

196 2178 517 2249 δεξιουμένη
549 2177 642 2231 τὸν
665 2176 907 2247 βασιλέα,
941 2175 1099 2247 δῆλον
1123 2176 1190 2230 ἂν
1216 2175 1426 2244 γένοιτο
1454 2173 1535 2244 τῷ
1563 2174 1787 2244 ἐπιστή-

201 2288 360 2326 σαντι
397 2269 536 2341 πρὸς
568 2270 597 2322 ὃ
630 2285 688 2321 τι
716 2267 825 2321 τῶν
853 2266 1222 2334 εὐαγγελικῶν
1250 2265 1434 2334 βλέπει
1472 2264 1783 2333 θαυμάτων.

202 2356 304 2425 Τίς
328 2361 439 2432 γὰρ
464 2360 565 2413 οὐκ
591 2355 729 2413 οἶδεν
750 2358 841 2423 ὅτι,
878 2357 1107 2428 μέλαινα
1139 2353 1208 2428 ἦν
1258 2356 1318 2423 ἐξ
1346 2353 1788 2425 εἰδωλολατρείας

198 2451 264 2504 τὸ
291 2447 569 2520 καταρχὰς
602 2450 635 2519 ὴ
665 2447 725 2514 ἐξ
748 2446 918 2501 ἐθνῶν
950 2447 1266 2519 Ἐκκλησία,
1294 2447 1424 2516 πρὶν
1464 2439 1790 2515 Ἐκκλησίαν

200 2539 477 2608 γενέσθαι,
513 2536 695 2608 πολλῷ
720 2537 923 2609 μεταξὺ
943 2536 1022 2608 τῷ
1051 2538 1153 2608 τῆς
1197 2536 1418 2606 ἀγνοίας
1438 2536 1787 2607 διαστήματι,

200 2632 304 2701 τῆς
336 2630 474 2703 πρὸς
518 2629 611 2684 τὸν
648 2628 900 2698 ἀληθινὸν
939 2628 1073 2687 Θεὸν
1110 2629 1364 2697 γνώσεως
1390 2627 1788 2700 ἀπῳκισμένης

216 2714 360 2774 Ἀλλ’
392 2721 483 2774 ὅτε
532 2719 780 2789 ἐπεφάνη
827 2720 861 2787 ὴ
902 2718 1063 2790 χάρις
1108 2718 1204 2772 τοῦ
1247 2717 1406 2783 Θεοῦ,
1438 2718 1533 2772 καὶ
1560 2720 1594 2788 ἡ
1630 2715 1794 2786 σοφία

202 2811 497 2883 διέλαμψε,
528 2812 622 2865 καὶ
645 2811 707 2864 τὸ
744 2811 861 2880 φῶς
895 2809 957 2863 τὸ
989 2809 1241 2880 ἀληθινὸν
1263 2810 1400 2881 πρὸς
1428 2810 1555 2873 τοὺς
1583 2810 1640 2861 ἐν
1668 2809 1791 2861 σκό-

201 2920 288 2957 τει
337 2904 433 2957 καὶ
480 2903 608 2974 σκιᾷ
658 2902 892 2957 θανάτου
945 2895 1288 2972 καθημένους
1328 2901 1425 2972 τὴν
1455 2903 1648 2956 ἀκτῖνα
1683 2897 1791 2955 διέ-

203 2994 551 3065 πεμψε,τότε
581 2993 679 3047 τοῦ
716 2990 933 3064 Ἰσραὴλ
962 2993 1100 3064 πρὸς
1127 2993 1244 3061 φῶς
1279 2992 1667 3063 ἐπιμύσαντος,
1699 2994 1793 3046 καὶ

202 3085 308 3154 τῆς
352 3081 460 3137 τῶν
499 3082 717 3151 ἀγαθῶν
771 3084 1063 3154 μετουσίας
1116 3082 1308 3137 ἑαυτὸν
1363 3084 1792 3154 ἀποστήσαντος,

206 3174 457 3248 ἔρχονται
491 3176 542 3229 οἰ
587 3175 864 3239 Αἰθίοπες,
909 3176 959 3228 oi
992 3173 1160 3229 ἐθνῶν
1200 3177 1269 3246 τῇ
1316 3175 1497 3229 πίστει
1528 3174 1795 3247 προστρέ-

206 3280 417 3337 χοντες,
450 3265 546 3321 καὶ
595 3265 650 3320 οἵ
691 3280 822 3321 ποτε
873 3264 1025 3329 ὄντες
1064 3264 1301 3337 μακρὰν,
1343 3265 1510 3333 ἐγγὺς
1534 3266 1795 3335 γίνονται,

203 3355 289 3427 τῷ
313 3355 567 3428 μυστικῷγ
586 3355 736 3410 ὕδατι
760 3356 860 3425 τὴν
879 3354 1138 3426 μελανίαν
1154 3356 1590 3426 ἀποκλυσάμενοι
1609 3373 1622 3384 ·
1655 3356 1795 3411 ὥστε

1871 367 2022 405 autne
2049 350 2196 404 dedit
2229 348 2376 401 Filio
2399 347 2446 380 “
2476 364 2489 410 ;
2533 354 2609 408 et,
2641 345 2761 400 Non
2806 363 3022 414 possum
3067 363 3133 402 ex
3158 364 3237 403 me
3277 348 3452 417 facere

1870 428 2198 513 quidquam:
2246 440 2337 495 sed
2400 439 2539 493 sicut
2591 437 2772 498 audio,
2827 436 3045 506 judico:
3094 445 3144 493 et
3186 440 3450 509 judicium

1873 549 2047 588 meum
2090 533 2300 602 justum
2346 539 2424 585 est
2466 530 2532 583 '7.
2582 526 2708 582 Haec
2751 535 2836 582 est
2878 528 3023 584 enim
3070 528 3205 595 justi
3256 528 3451 597 jndicii

1873 624 2229 679 exactissima
2260 621 2532 683 deﬁnitio,
2584 635 2779 676 nonex
2815 636 2875 678 se
2934 622 3117 691 aliqua
3167 622 3454 677 allec-tione

1871 713 2006 768 dare
2029 726 2360 783 responsum
2392 712 2459 766 iis
2483 712 2577 781 qui
2608 713 2666 766 in
2688 710 2901 778 judicio
2942 711 3323 778 contendunt;
3355 710 3453 767 sed

1874 805 2111 872 primum
2136 803 2327 859 audire
2355 818 2451 858 eos
2482 803 2576 873 qui
2601 803 2839 858 subeunt
2860 802 3155 871 judicium,
3181 811 3235 859 et
3257 800 3456 857 deinde

1875 897 1929 949 in
1963 909 2059 950 eos
2090 893 2235 950 ferre
2280 895 2632 950 sententiam.
2685 892 3051 959 Quamobrem
3095 908 3154 948 se
3198 895 3451 964 quaedam

1876 1001 1985 1042 non
2020 1000 2183 1055 posse
2210 984 2308 1040 Dei
2335 984 2543 1039 fatetur
2569 986 2831 1054 potentia.
2864 983 2998 1039 Nam
3047 993 3200 1040 extra
3239 984 3452 1053 justum

1875 1075 2491 1147 perverterejudicium‘
2524 1075 2750 1131 minime
2797 1083 2981 1146 potest
3024 1077 3250 1132 veritas.
3296 1075 3453 1142 Quod

1876 1176 2058 1224 autem
2080 1168 2153 1224 sit
2174 1183 2238 1222 ex
2264 1169 2479 1223 semine
2498 1166 2668 1222 David
2691 1168 2994 1224 secundum
3020 1182 3265 1232 carnem,
3294 1168 3457 1235 idque

1876 1257 2218 1329 signiﬁcetur
2243 1274 2338 1329 per
2363 1274 2488 1313 eum
2512 1260 2605 1328 qui
2639 1268 2804 1316 natus
2830 1268 2914 1315 est
2938 1275 3003 1315 ex
3033 1259 3258 1324 Davide,
3303 1258 3368 1314 de.
3392 1275 3458 1313 eo

1877 1353 2357 1423 praetermittemus
2385 1353 2671 1425 prolixiori
2712 1355 2791 1409 uti
2822 1357 3096 1421 oratione,
3139 1366 3196 1411 ut
3241 1356 3309 1412 de
3348 1373 3458 1426 quo

1878 1444 2016 1500 satis
2043 1450 2280 1499 constet.
2308 1443 2664 1515 Ethiopissae
2694 1453 2877 1501 autem
2901 1449 3241 1518 mysterium,
3268 1463 3460 1517 quem-

1880 1536 2174 1590 admodum
2208 1535 2403 1590 relicto
2460 1550 2629 1607 regno
2679 1535 3023 1608 Ethiopum,
3052 1547 3105 1593 et
3130 1540 3460 1595 transmisso

1883 1631 2035 1677 tanto
2064 1623 2215 1693 quod
2244 1623 2618 1679 intercedebat
2648 1626 2849 1694 spatio,
2878 1635 3135 1697 properat
3184 1627 3251 1681 ad
3299 1627 3459 1682 Salo-

1884 1729 2100 1769 moncm
2134 1722 2358 1784 propter
2380 1715 2598 1770 laudem
2631 1716 2935 1785 sapientiae,
2963 1718 3194 1788 gemmis
3222 1726 3277 1773 et
3298 1732 3459 1781 auro,

1886 1806 2291 1875 unguentisque
2348 1807 2607 1876 pretiosis
2670 1821 2854 1878 regem
2912 1809 3209 1863 honoriﬁce
3262 1823 3458 1878 prose-

1884 1910 2083 1965 quens,
2135 1894 2493 1952 manil‘estum
2548 1898 2716 1952 fuerit
2762 1900 3007 1953 animum
3058 1899 3356 1954 advertenti
3391 1900 3460 1954 ad

1885 1986 2161 2056 quodnam
2216 1981 2607 2057 Evangelicum
2670 1989 2865 2058 aspicit
2913 1989 3273 2045 miraculum.
3327 1990 3462 2057 Quis

1887 2079 2031 2133 enim
2060 2078 2411 2148 nescit,quod
2434 2094 2557 2149 quae
2572 2095 2640 2134 ex
2661 2079 2974 2135 idololatria
3004 2082 3073 2139 ab
3102 2083 3261 2137 initio
3284 2091 3369 2137 est
3395 2099 3462 2138 ex

1889 2167 2144 2236 gentibus
2168 2166 2439 2232 Ecclesia,
2469 2168 2629 2240 nigra
2662 2177 2800 2232 erat,
2833 2170 3154 2242 priusquam
3189 2171 3336 2227 ﬁeret
3356 2172 3463 2228 Ec-

1887 2259 2091 2322 clesia,
2131 2260 2406 2331 longoque
2450 2261 2742 2332 interjecto
2766 2262 3129 2332 ignorationis
3154 2263 3461 2329 intervallo,

1891 2350 2086 2420 procul
2119 2351 2409 2407 habitabat
2431 2367 2463 2407 a
2484 2355 2598 2409 veri
2618 2351 2714 2408 Dei
2738 2353 3088 2424 cognitione?
3118 2353 3224 2409 Sed
3243 2356 3466 2424 quando

1891 2441 2148 2512 apparuit
2181 2442 2360 2514 gratia
2390 2442 2509 2508 Dei,
2541 2452 2598 2499 et
2626 2444 2809 2500 illuxit
2830 2445 3193 2515 sapientia,et
3216 2448 3306 2502 lux
3336 2463 3466 2503 vera

1892 2532 1961 2591 ad
1995 2547 2092 2590 eos
2118 2532 2214 2603 qui
2246 2532 2514 2589 sedebant
2542 2534 2601 2593 in
2643 2534 2888 2590 tenebris
2919 2542 2975 2591 et
3022 2536 3216 2592 umbra
3247 2537 3465 2606 mortis,

1892 2624 2045 2681 misit
2094 2623 2345 2689 radium,
2396 2635 2529 2680 tunc
2584 2624 2785 2681 lsraele
2836 2626 2904 2683 ad
2947 2626 3126 2683 lucem
3177 2629 3469 2686 claudente

1892 2716 2110 2780 oculos,
2150 2725 2208 2773 et
2234 2718 2476 2787 seipsum
2527 2704 2895 2776 abducentea
2928 2721 3196 2775 bonorum
3244 2724 3466 2792 partici-

1893 2808 2140 2877 patione,
2162 2811 2390 2864 veniunt
2417 2808 2708 2881 Ethiopes
2737 2811 2771 2864 ii
2799 2812 2893 2881 qui
2917 2813 2985 2867 ad
3014 2812 3174 2869 ﬁdem
3201 2815 3470 2872 accedunt

1895 2914 1961 2956 ex
1999 2900 2277 2971 gentibus,
2309 2908 2364 2954 et
2396 2900 2490 2970 qui
2525 2901 2823 2971 aliquando
2879 2903 3040 2973 longe
3070 2913 3251 2969 erant,
3301 2922 3470 2979 prope

1897 2991 2191 3056 accedunt,
2244 2991 2467 3061 nigrore
2521 2992 2711 3047 ablulo
2748 3007 2888 3061 aqua
2936 2997 3187 3066 mystica,
3224 2996 3360 3053 adeo
3412 3010 3471 3053 ut

1897 3081 2239 3154 Ethiopia.“
2264 3084 2574 3153 porrexerit
2592 3099 2791 3140 manus
2810 3086 2940 3148 Deo,
2958 3101 3025 3141 eo
3046 3086 3193 3157 quod
3210 3089 3472 3144 obtulerit

1897 3175 2042 3229 dona
2098 3175 2234 3244 regi,
2267 3175 2492 3255 pietatis
2520 3187 2788 3244 aromata,
2817 3183 2872 3232 et
2910 3191 3105 3231 aurum
3145 3177 3241 3232 Dei
3278 3180 3471 3250 cogni-

1897 3267 2089 3331 tionis,
2112 3274 2166 3321 et
2200 3282 2448 3338 gemmas
2480 3277 2903 3339 praeceptorum,
2943 3278 2998 3325 et
3027 3270 3292 3326 virtutum
3339 3286 3470 3342 ope-

1896 3358 2154 3414 rationis.

205 3445 308 3517 τὴν
338 3444 621 3499 Αἰθιοπίαν
674 3442 983 3515 προφθάσαι
1019 3447 1178 3516 χεῖρα
1218 3445 1389 3516 αὐτῆς
1410 3445 1488 3516 τῷ
1520 3444 1658 3517 Θεῷ,
1736 3447 1830 3500 καὶ
1866 3448 2163 3518 προσάγειν
2183 3449 2332 3519 δῶρα
2356 3447 2435 3518 τῷ
2466 3447 2694 3518 βασιλεῖ,
2720 3448 2790 3502 τά
2803 3467 2863 3504 τε
2879 3452 2978 3521 τῆς
2995 3452 3273 3517 εὐσεϐείας
3328 3453 3472 3526 ἀρώ-

212 3554 381 3610 ματα,
396 3536 565 3595 καὶτὸ
587 3536 687 3606 τῆς
709 3534 1042 3605 θεογνωσίας
1060 3538 1304 3608 χρυσίον,
1321 3539 1416 3593 καὶ
1467 3540 1595 3602 τοὺς
1646 3539 1862 3610 τιμίους
1898 3538 2081 3603 λίθους
2125 3542 2225 3611 τῆς
2269 3538 2379 3594 τῶν
2430 3540 2658 3595 ἐντολῶν
2684 3557 2744 3593 τε
2785 3542 2879 3595 καὶ
2918 3543 3025 3596 τῶν
3054 3544 3264 3614 ἀρετῶν
3303 3548 3471 3617 ἐργα-

211 3630 456 3779 “nam
475 3725 613 3796 πρὸς
636 3725 666 3778 ὅ
692 3741 746 3778 τι
772 3724 984 3796 βλέπων
1003 3722 1253 3781 ἐντεῦθεν
1267 3725 1505 3797 ἄρχομαι
1532 3720 1632 3791 τῆς
1654 3738 1788 3796 πρ⁰’

1969 3719 2077 3776 Sed
2121 3730 2388 3789 quorsum
2441 3717 2745 3787 aspiciens,
2780 3717 2913 3773 hinc
2967 3720 3176 3791 incipio
3224 3738 3256 3777 a
3312 3726 3472 3785 nobis

207 3815 475 3893 κειμένης
522 3814 654 3887 ἡμῖν
692 3815 799 3870 τῶν
834 3815 1013 3887 ῥητῶν
1057 3815 1314 3887 θεωρίας,
1348 3814 1451 3888 ήδη
1470 3817 1680 3887 suam?

2089 3811 2185 3867 situ
2201 3809 2495 3866 verberum
2515 3809 3004 3881 contemplatione,
3010 3812 3126 3882 jam
3152 3816 3468 3885 declarabo,
3558 3802 3562 3807 ’

204 3908 289 3980 τῷ
332 3908 480 3979 λόγῳ
526 3905 698 3977 αὐτὴν
748 3907 1147 3980 προεκθέμενος
1184 3908 1284 3977 τὴν
1307 3903 1451 3973 λέξιν
1485 3908 1596 3962 τῶν
1630 3906 1677 3962 θε

1994 3904 2132 3959 ιτίυε
2164 3916 2406 3975 posuero
2434 3901 2737 3958 dictionem
2760 3902 3071 3960 divinorum
3102 3908 3467 3977 eloquiorum,

207 3997 408 4067 λογίων
436 3996 664 4067 ἔχουσαν
709 3993 883 4062 οὕτως
901 4015 915 4029 ο
940 3995 1188 4068 Φορεῒον
1213 3999 1508 4069 ἐποίησεν
1540 3999 1680 4059 ἑαυτ

1999 4011 2018 4051 ι
2058 3994 2141 4051 sic
2187 3994 2383 4049 habet:
2425 3992 2712 4048 Ferculum
2755 3995 2857 4050 sibi
2895 3996 3020 4063 fecit
3071 4015 3166 4054 res:
3218 3999 3472 4059 Salomon

204 4087 508 4155 ,βασιλεὺς
536 4086 949 4157 Σολομὼνὰπὸ
969 4084 1173 4151 ξύλων
1186 4086 1296 4143 τοῦ
1326 4087 1609 4152 Λιϐάνου,
1646 4105 1677 4142 ο

2000 4084 2152 4157 lignis
2191 4085 2408 4149 Libani,
2440 4085 2718 4141 columnas
2765 4089 2868 4142 sibi
2910 4089 3037 4159 fecit
3087 4103 3382 4164 argenteas,
3422 4104 3473 4149 et

207 4182 364 4244 λους
380 4177 569 4233 αὑτοῦ
589 4179 877 4247 ἐποίησεν
912 4175 1213 4249 ἀργύριον,
1252 4178 1354 4234 καί
1376 4179 1445 4234 τὸ
1467 4178 1680 4235 ardui:

1996 4177 2292 4232 linatorium
2309 4192 2462 4230 suum
2481 4193 2725 4231 aureum.
2744 4178 3007 4234 Ascensus
3022 4183 3138 4250 ejus
3154 4199 3469 4253 purpureus.

211 4268 404 4325 αὐτοῦ
445 4269 723 4338 χρυσίον,
748 4269 1030 4324 ἐπίϐασιν
1056 4271 1247 4325 αὐτοῦ
1287 4271 1624 4340 πορφύραν.
1664 4271 1684 4326 ’.

1999 4286 2053 4323 ra
2082 4269 2255 4350 ipsum
2297 4278 2377 4321 est
2417 4269 2775 4337 pavimentum
2821 4271 3086 4326 charitate
3133 4281 3363 4328 stratum
3411 4290 3472 4331 ea:

212 4360 320 4427 τὸς
368 4360 557 4414 αὑτοῦ
598 4362 1004 4429 λιθόστρωτον
1040 4357 1284 4431 ἀγάπην
1310 4361 1430 4416 ἀπὸ
1461 4360 1685 4431 durate,

2001 4361 2110 4415 ibus
2174 4359 2499 4416 Jerusalem.
2570 4360 2857 4427 Quomodo
2909 4364 2964 4419 in
3012 4366 3082 4422 iis
3140 4382 3264 4436 qua:
3322 4370 3474 4439 prius

227 4449 646 4521 Ἰερουσαλήμ.
691 4451 901 4522 ’Ὠσπερ
928 4452 1111 4507 τοίνυν
1141 4454 1200 4508 ἐν
1244 4456 1357 4517 τοῖς
1388 4453 1699 4525 προεξητασ

2001 4459 2030 4503 ιι
2051 4449 2385 4514 examinata,
2419 4447 2489 4502 de
2521 4447 2817 4505 Salomone
2843 4451 3051 4507 dictum
3079 4463 3185 4517 est,
3224 4436 3474 4527 percute

214 4557 327 4606 νοις
357 4542 486 4612 περὶ
541 4543 636 4596 τοῦ
684 4543 1027 4615 Σολομῶντος
1054 4534 1213 4616 εὗρεν
1251 4547 1281 4598 ό
1323 4543 1502 4613 λόγος,
1531 4545 1598 4599 δι’
1626 4538 1687 4600 ὧι

1998 4539 2032 4594 d
2062 4540 2131 4595 de
2171 4539 2377 4608 templo
2405 4540 2724 4611 mysterium
2762 4543 2816 4595 in
2860 4543 2954 4597 tali
2992 4525 3233 4615 persona
3265 4525 3466 4603 descri-

218 4631 347 4701 περὶ
396 4629 492 4683 τοῦ
529 4629 657 4685 ναοῦ
709 4633 1007 4704 μυστήριον
1059 4635 1121 4688 ἐν
1171 4632 1366 4705 ἐκείνῳ
1409 4633 1489 4705 τῷ
1518 4632 1691 4705 προσά

2000 4646 2076 4690 ll':
2124 4631 2208 4687 sic
2236 4631 2403 4686 etiaru‘
2444 4646 2511 4699 ex
2546 4631 2738 4687 ferculi
2780 4638 3195 4693 constructione
3256 4639 3473 4709 signiti-

213 4720 577 4791 διαγράφεται
599 4736 614 4750 ·
658 4720 802 4775 οὕτω
834 4722 929 4775 καὶ
975 4723 1063 4776 διὰ
1089 4723 1190 4794 τῆς
1228 4722 1325 4777 τοῦ
1371 4722 1588 4794 φορείου
1622 4739 1686 4776 κα

2001 4738 2054 4777 ιι·
2073 4721 2143 4778 de
2173 4723 2334 4779 nobis
2366 4722 2733 4793 dispensatio.
2786 4724 2973 4782 Multis
3003 4728 3149 4783 enim
3180 4730 3360 4785 modis
3390 4738 3474 4785 est

218 4813 421 4883 σκευῆς
446 4815 480 4884 ή
515 4813 644 4882 περὶ
664 4813 824 4883 ήμῶν
847 4812 1128 4884 οἰκονομία
1159 4813 1598 4885 διασημαίνεται.
1630 4814 1691 4867 [It

2001 4829 2044 4871 ιε
2086 4814 2143 4869 in
2182 4815 2251 4871 iis
2285 4815 2378 4885 qui
2409 4822 2540 4872 sunt
2569 4830 2630 4872 se
2655 4815 2832 4887 digni,
2863 4827 3027 4887 prout
3070 4818 3178 4874 fert
3211 4821 3474 4876 uniuscu-

218 4905 435 4969 τρόπιος
486 4903 597 4975 γὰρ
628 4903 810 4969 ὁΘεός
851 4906 911 4960 ἐν
942 4909 1056 4971 τοῖς
1102 4905 1272 4970 ἀξίοις
1310 4905 1502 4960 ἑαυτοῦ
1548 4905 1691 4974 γίνετ

2002 4920 2101 4977 que
2138 4905 2403 4971 facultas,
2432 4918 2487 4962 et
2513 4907 2596 4963 sic
2642 4922 2974 4978 unoquoque
3021 4917 3106 4966 est
3140 4909 3355 4978 dignus.
3394 4911 3475 4964 Fit

217 4994 400 5059 καθὼς
422 4995 650 5059 ἕκαστος
676 4996 743 5050 ἂν
761 4995 857 5068 ἔχῃ
894 4997 1176 5067 δυνάμεώς
1193 5014 1254 5050 τε
1282 4999 1376 5052 καὶ
1410 4996 1586 5062 ἀξίας,
1625 4995 1687 5051 οὔ

2042 5012 2051 5049 ι
2106 4996 2308 5065 aliquis
2358 4997 2512 5053 locus
2556 4998 2671 5061 Dei,
2715 4998 2856 5052 alius
2907 5013 3040 5053 vero
3088 4998 3307 5065 domus,
3337 4997 3515 5053 alins'

214 5087 276 5139 ἐν
327 5085 546 5154 ἑκάστῳ
581 5084 879 5155 γινόμενος.
920 5085 977 5139 Ὁ
1023 5086 1121 5155 μὲν
1146 5086 1255 5157 γάρ
1282 5103 1368 5149 τις
1398 5087 1607 5154 γίνεται
1658 5086 1687 5138 ε

2001 5100 2085 5141 em
2113 5086 2293 5151 sedes,
2321 5095 2375 5143 et
2400 5089 2542 5145 alius
2572 5089 2896 5145 scabellum.
2926 5088 3024 5145 Est
3055 5090 3219 5145 etiam
3253 5090 3474 5159 aliquis,

216 5175 405 5240 τόπος,
450 5176 479 5228 ὀ
524 5174 584 5229 δὲ
626 5170 796 5240 οἵκος,
820 5175 978 5240 ἄλλος
1007 5176 1064 5231 δὲ
1091 5176 1298 5248 θρόνος,
1333 5175 1428 5230 καλ⁵
1448 5175 1636 5247 ἕτερος
1665 5175 1689 5227 ὑ

2031 5177 2261 5233 ειΐεειιιε
2307 5193 2531 5245 currus,
2565 5187 2621 5236 et
2659 5196 2840 5251 equus
2897 5181 2993 5251 qui
3048 5180 3277 5236 habenis
3320 5179 3478 5235 facile

216 5264 421 5321 πόδιον.
465 5265 621 5319 Ἔστι
665 5265 723 5319 δέ
763 5283 848 5331 τις
897 5268 993 5322 καί⁵
1044 5268 1199 5339 ἆρμα
1231 5267 1534 5337 γινόμενος,
1564 5267 1598 5336 ἢ
1631 5267 1689 5321 in

2005 5271 2136 5337 itur,
2156 5272 2472 5342 suscipiens
2491 5273 2699 5331 bonum
2724 5288 2886 5329 suum
2913 5287 3208 5336 sessorem,
3237 5279 3292 5327 et
3314 5280 3478 5342 prout

215 5354 455 5427 εὐήνιος,
482 5354 771 5426 δεχόμενος
799 5359 886 5426 ἐφ’
919 5358 1113 5412 ἑαυτοῦ
1155 5359 1248 5412 τὸν
1282 5358 1486 5427 ἀγαθὸν
1512 5356 1688 5412 ἐπιϐά·

2009 5367 2129 5417 etur
2168 5363 2221 5418 ei
2263 5363 2363 5432 qui
2394 5362 2608 5433 dirigit,
2636 5378 2862 5421 cursum
2906 5379 3070 5421 suum
3121 5363 3365 5421 coniicit.
3408 5359 3482 5416 Ut

294 5531 341 5568 ⁸⁸
396 5529 559 5586 Joan.
620 5547 676 5599 γ,
719 5530 810 5586 22.
887 5535 930 5566 ³⁷
978 5532 1110 5593 ibid.
1162 5536 1249 5591 30.
1326 5535 1371 5567 ’⁸
1437 5533 1580 5589 Psal.
1630 5549 1797 5602 uvu,
1852 5533 1944 5588 52.
