3742 5986
312 154 408 210 2H

1542 146 1600 199 S.
1620 143 1957 201 'GREGORII
1980 143 2064 198 Νἲ
2079 144 2273 199 SSEM

3459 147 3560 206 ΜΩ

311 273 494 320 autem
547 273 694 314 nunc
745 258 1032 322 docemur,
1093 257 1152 311 fit
1205 256 1369 311 etiam
1427 254 1700 325 quispiam
1764 253 1878 321 ejus

2051 254 2079 305 Li.
2096 253 2230 325 πρὸς
2253 254 2313 306 τὸ
2342 251 2530 305 δοκοῦν
2554 251 2631 322 τῷ
2660 251 2933 306 εύθύνοντι
2967 253 3196 308 διανύων
3224 254 3316 308 τὸν
3340 255 3554 326 δρόμον.

313 353 604 414 ferculum,
641 349 735 420 qui
774 365 841 404 ex
869 348 1018 403 illius
1072 347 1343 418 sapientia
1371 360 1479 400 non
1528 345 1708 400 solum
1745 357 1883 397 con-

311 446 545 502 struitur
570 458 636 512 ex
671 441 836 511 lignis
863 438 1078 502 Libani,
1112 436 1209 493 sed
1234 437 1399 492 etiam
1429 450 1565 489 auro
1589 445 1642 488 et
1657 441 1884 504 argento

309 545 364 592 et
411 548 655 607 purpura
704 539 758 586 et
809 530 1042 602 gemmis
1097 527 1492 584 convenienter
1547 533 1780 580 ornatur
1827 526 1882 578 in

311 640 646 697 unaquaque
671 631 847 694 parte,
887 635 986 691 per
1017 635 1140 691 quae
1171 620 1415 674 charilas
1441 618 1563 688 ejus
1588 616 1778 673 efﬁcax
1802 615 1881 682 fit,

295 735 419 774 anon
451 717 714 773 omnibus
744 713 1092 784 capientibus
1141 711 1430 766 charitatis
1486 709 1881 782 operationem,

307 811 402 866 sed
427 809 473 865 si
495 824 604 879 qua
631 807 741 861 filia
763 819 1020 875 supernae
1040 801 1350 858 Jerusalem
1375 816 1496 871 qua:
1523 809 1608 857 est
1628 801 1880 865 libera",

306 902 661 970 cognoscitur
693 914 791 969 per
818 897 1012 952 vitam.
1053 894 1232 965 Atque
1262 893 1412 966 quod
1445 895 1492 950 is
1527 892 1748 964 quidem
1789 892 1882 962 qui

305 995 360 1048 in
393 1009 452 1048 se
484 991 590 1047 fert
644 990 842 1054 Deum,
894 988 967 1042 sit
1022 986 1287 1042 ferculum
1349 986 1471 1055 ejus
1521 985 1616 1054 qui
1673 985 1727 1039 in
1762 983 1882 1054 ipso

290 1083 540 1146 insidet,
595 1080 953 1136 manifestum
1012 1077 1180 1132 fuerit
1231 1077 1395 1132 etiam
1446 1075 1770 1145 priusquam
1813 1073 1882 1128 de

301 1191 368 1231 eo
404 1176 712 1246 loquamur.
752 1172 856 1238 Qui
906 1171 1086 1235 enim,
1133 1169 1291 1239 juxta
1337 1175 1590 1223 sanctum
1627 1167 1876 1228 Paulum,

305 1281 418 1320 non
451 1263 689 1334 amplius
722 1261 857 1316 vivit
884 1262 1024 1332 ipse,
1064 1259 1162 1315 sed
1208 1259 1266 1312 in
1310 1273 1369 1312 se
1409 1258 1683 1312 viventem
1718 1258 1880 1312 habet

287 1354 584 1408 Christum
614 1353 680 1417 ³ο,
715 1359 770 1407 et
817 1350 913 1404 dat
960 1339 1395 1420 experimentum
1426 1345 1634 1402 Christi
1687 1347 1781 1416 qui
1823 1347 1877 1400 in

302 1448 424 1517 ipso
458 1446 724 1516 loquitur,
761 1445 805 1497 is
844 1442 1050 1497 dicitur
1078 1447 1132 1496 et
1160 1440 1218 1493 fit
1248 1439 1515 1495 ferculum
1544 1437 1665 1508 ejus
1690 1438 1784 1509 qui
1813 1439 1880 1493 ab

291 1540 425 1609 ipso
484 1539 660 1593 fertur
699 1544 755 1591 et
807 1542 1078 1605 portatur.
1127 1531 1234 1587 Sed
1281 1547 1392 1587 non
1440 1539 1525 1586 est
1579 1531 1683 1585 hoc
1729 1531 1877 1601 quod

288 1630 586 1700 qumritur.
617 1628 753 1683 lllud
778 1625 964 1698 potius
990 1631 1212 1693 Oportet
1241 1622 1536 1694 diligenter
1568 1621 1875 1689 attendere,

303 1722 433 1791 quid
463 1721 569 1778 sibi
604 1720 720 1774 vult
753 1717 902 1772 varia
926 1724 980 1772 et
1010 1715 1296 1785 multiplex
1324 1716 1577 1770 materia.

367 2002 661 2069 Quomodo
693 2017 824 2073 ergo
855 2008 1052 2072 prater
1077 2015 1298 2064 aurum,
1329 2008 1644 2071 argentum,
1667 2008 1723 2056 et
1748 2012 1878 2073 pur-

304 2109 514 2162 puram,
565 2085 620 2148 ét
677 2107 920 2162 gemmas
978 2092 1284 2148 assumitur
1346 2091 1482 2162 ligni
1551 2101 1746 2146 natura
1811 2093 1877 2147 ad

305 2186 778 2240 constructionem
810 2184 1004 2239 ferculi
1031 2183 1240 2253 ?Atqui
1289 2182 1509 2252 sapiens
1539 2182 1879 2237 architectus

306 2273 506 2331 Paulus
555 2275 955 2345 repudiandum
1005 2283 1196 2331 censet
1241 2275 1446 2346 lignum
1493 2289 1618 2328 cum
1675 2274 1801 2329 feno
1825 2281 1878 2328 et

308 2367 507 2437 stipula
539 2365 605 2420 ad
637 2365 834 2420 domus
882 2365 1325 2431 aedificationem,
1389 2373 1450 2418 ut
1481 2362 1627 2434 quod
1671 2378 1871 2418 consu-

291 2467 489 2511 matur
520 2471 550 2509 a
579 2457 627 2509 vi
665 2456 808 2526 ignis
842 2464 1224 2519 consumente,
1266 2471 1389 2526 quae
1420 2470 1560 2526 opus
1592 2455 1786 2525 probat
1809 2454 1873 2508 ³¹.

305 2546 413 2603 Sed
444 2548 653 2604 scimus
683 2561 806 2602 esse
838 2547 1081 2616 aliquam
1115 2547 1250 2618 ligni
1284 2554 1562 2610 naturam,
1591 2559 1710 2615 quae
1733 2545 1786 2599 in
1813 2559 1878 2599 eo

289 2641 447 2710 quod
514 2648 621 2705 est,
692 2653 802 2694 non
873 2647 1202 2708 permanet,
1271 2638 1367 2693 sed
1446 2637 1679 2706 seipsam
1753 2652 1874 2691 mu-

302 2740 381 2786 tat
417 2731 472 2786 in
521 2746 741 2795 aurum,
800 2736 894 2782 aut
949 2735 1259 2800 argentum,
1324 2734 1420 2781 aut
1476 2727 1684 2798 aliquid
1730 2727 1875 2782 aliud

301 2823 625 2892 pretiosum.
656 2822 716 2876 ln
753 2835 948 2891 magna
973 2820 1118 2874 enim
1147 2819 1243 2874 Dei
1270 2818 1436 2874 domo
1472 2823 1548 2874 ait
1575 2819 1873 2890 Apostolus

1997 347 2086 408 Ὠς
2110 345 2166 398 δὲ
2189 347 2284 399 νῦν
2317 344 2697 414 διδασκόμεθα,
2736 345 2829 398 καὶ
2858 350 3074 418 φορεῖον
3105 347 3268 403 αὑτοῦ
3301 365 3386 411 τις
3422 349 3561 416 γίνε-

1984 452 2094 500 ται,
2120 437 2148 485 6
2173 434 2314 488 κατά
2346 435 2442 505 τὴν
2470 435 2678 488 ἐκείνου
2725 436 2916 504 σοφίαν
2942 437 3004 489 ού
3041 437 3198 507 μόνον
3223 441 3336 501 τοῖς
3369 441 3435 492 ὲκ
3470 439 3558 492 τοῦ

1985 526 2218 579 Λιϐάνου
2261 525 2804 596 κατασκευαζόμενος
2842 525 3037 593 ξύλοις,
3069 527 3202 582 ἀλλά
3245 531 3339 583 καὶ
3372 532 3560 601 χρυσῷ

1984 618 2087 671 καὶ.
2115 617 2362 690 ἀργυρίῳ
2395 617 2490 672 καὶ
2526 618 2783 690 πορφύρᾳ
2813 619 2906 672 καὶ
2932 618 3097 683 λίθοις
3126 621 3479 692 καταλλήλως
3503 625 3558 675 ὲν

1984 710 2199 780 ἑκάστῳ
2237 711 2412 784 μέρει,
2433 710 2498 764 δι’
2523 704 2598 764 ὧν
2618 713 2651 781 ὴ
2687 712 2876 782 ἀγάπη
2899 710 3064 765 αὐτοῦ
3082 713 3301 785 ἐνεργὸς
3322 715 3555 782 γίνεται,

1981 802 2042 854 οὐ
2075 801 2292 855 πάντων
2339 802 2657 873 χωρούντων
2690 803 2790 873 τὴν
2828 805 2928 874 τῆς
2963 803 3187 876 ἀγάπης
3233 805 3513 875 ἐνέργειαν
3540 823 3553 837 ο

1982 893 2097 946 ἀλλ’
2127 895 2180 946 εἴ
2207 911 2288 958 τις
2322 894 2566 966 θυγάτηρ
2589 896 2686 966 τῆς
2728 895 2841 949 ἄνω
2885 896 3239 968 Ἰερουσαλὴμ
3269 897 3371 967 τῆς
3404 900 3558 952 ἐλευ-

1982 983 2144 1054 θέρας
2198 984 2285 1038 διὰ
2327 985 2419 1038 τοῦ
2451 987 2564 1057 βίου
2609 984 2945 1057 γνωρίζοιτο.
2973 986 3096 1040 ’Ότι
3129 987 3227 1056 μὲν
3259 984 3353 1042 οῦν
3397 991 3427 1042 6
3465 989 3555 1044 τὸν

1981 1075 2112 1129 Θεὸν
2139 1077 2196 1130 ὲν
2223 1076 2400 1147 ἑαυτῷ
2427 1078 2630 1149 φέρων,
2659 1078 2872 1149 φορεῐόν
2899 1080 3015 1132 ἐστι
3036 1079 3132 1132 τοῦ
3157 1081 3214 1132 ὲν
3248 1080 3398 1151 αὐτῷ
3425 1099 3558 1134 κατ-

1979 1165 2253 1229 οικοῦντος
2277 1166 2370 1219 καὶ
2403 1167 2817 1237 καθεδουμένου,
2847 1167 3002 1237 δῆλον
3040 1169 3135 1222 καὶ
3165 1169 3270 1240 πρὸ
3289 1169 3395 1222 τῶν
3426 1173 3561 1240 ἡμε-

1980 1260 2153 1330 τέρων
2181 1261 2354 1329 λόγων
2385 1260 2451 1314 ἂν
2493 1261 2599 1331 εἴη.
2638 1260 2696 1313 '0
2728 1260 2834 1330 γὰρ
2859 1259 2999 1312 κατὰ
3019 1260 3108 1313 τὸν
3138 1260 3290 1329 ἆγιον
3322 1261 3556 1327 Παῦλον,

1983 1351 2179 1421 μηκέτι
2228 1351 2391 1414 αὐτὸς
2433 1350 2562 1416 ζῶν,
2600 1349 2737 1404 ἀλλά
2773 1349 2952 1413 ζῶντα
3002 1350 3140 1421 ἔχων
3173 1354 3231 1404 ὲν
3267 1352 3446 1422 ἑαυτῷ
3469 1354 3558 1405 τὸν

1980 1443 2233 1513 Χριστὸν,
2261 1445 2356 1496 καὶ
2387 1442 2620 1513 δοκιμὴν
2651 1441 2824 1505 διδοὺς
2871 1441 2964 1494 τοῦ
3010 1443 3068 1494 ὲν
3101 1441 3251 1512 αὑτῷ
3272 1443 3559 1506 λαλοῦντος

1981 1536 2236 1607 Χριστοῦ,
2277 1530 2433 1598 οὗτος
2471 1536 2673 1606 κυρίως
2714 1536 2928 1606 φορεῖον
2970 1535 3184 1603 λέγεται
3225 1535 3558 1603 καὶγίνεται

1978 1625 2074 1680 τοῦ
2105 1626 2162 1680 ὲν
2188 1625 2338 1695 αύτῷ
2362 1624 2660 1697 φερομένου
2685 1625 2779 1677 καὶ
2805 1624 2894 1677 ὑπ’
2927 1622 3092 1678 αὐτοῦ
3127 1623 3552 1694 βασταζομένου.

1994 1717 2132 1770 τΛλλ’
2156 1717 2216 1768 ού
2246 1715 2404 1770 τοῦτό
2445 1718 2560 1769 ἐστι
2607 1715 2668 1767 τὸ
2714 1714 3063 1789 ζητούμενον.
3108 1714 3381 1766 Ἐκεῖνοδὲ
3414 1715 3553 1783 μᾶλ-

1981 1810 2068 1863 λον
2089 1810 2355 1881 προσήκει
2387 1809 2454 1862 δι’
2484 1807 2800 1879 ἐπιμελείας
2836 1809 3192 1876 κατανοῆσαι.
3222 1805 3276 1858 τί
3308 1806 3558 1875 βούλεται

1975 1901 2039 1954 τὸ
2065 1903 2164 1971 τῆς
2190 1901 2320 1971 ὕλης
2341 1900 2582 1954 ποικίλον
2610 1917 2669 1952 τε
2693 1901 2788 1953 καὶ
2816 1899 3109 1962 πολυειδές.

2051 1979 2175 2052 Πῶς
2203 1986 2298 2043 οῦν
2325 1988 2923 2060 συμπαραλαμϐάνεται
2943 1987 3150 2058 χρυσίῳ
3175 1987 3262 2040 καὶ
3286 1990 3558 2059 ἀργυρίῳ,

1977 2082 2074 2136 καὶ
2102 2081 2376 2152 πορφύρᾳ,
2415 2081 2510 2134 καὶ
2557 2080 2724 2143 λίθοις
2768 2081 2801 2150 ἡ
2847 2079 2940 2132 τοῦ
2976 2078 3130 2143 ξύλου
3161 2078 3322 2148 φύσις
3347 2081 3427 2142 είς
3459 2081 3562 2148 τὴν

1978 2172 2320 2242 κατασκευὴν
2341 2171 2434 2224 τοῦ
2463 2171 2680 2244 φορείου
2703 2189 2717 2237 ;
2748 2171 2858 2224 Καί
2883 2170 2963 2222 τοί
2987 2187 3050 2238 γε
3080 2169 3139 2222 τὸ
3160 2169 3315 2235 ξύλον
3341 2174 3368 2222 6
3394 2171 3563 2238 σοφὸς

1977 2264 2310 2336 ἀρχιτέκτων
2344 2262 2578 2328 Παῦλος,
2616 2263 2754 2332 μετά
2787 2261 2879 2315 τοῦ
2908 2262 3098 2332 χόρτου
3130 2264 3223 2314 καὶ
3252 2261 3352 2330 τῆς
3387 2262 3563 2314 καλά-

1981 2369 2087 2430 μίης
2136 2361 2216 2421 είς
2267 2357 2365 2429 τὴν
2393 2356 2678 2427 οἰκοδομὴν
2703 2355 2796 2409 τοῦ
2821 2355 2970 2414 οἴκου
3001 2355 3176 2425 κρίνει
3223 2355 3556 2424 ἀπόϐλητον,

1976 2450 2050 2512 ὡς
2064 2451 2130 2519 τῇ
2153 2448 2456 2519 ἀναλωτικῇ
2488 2447 2581 2500 τοῦ
2618 2447 2786 2517 πυρὸς
2821 2446 3043 2516 δυνάμει
3071 2448 3136 2516 τῇ
3176 2445 3551 2516 δοκιμαζούση

1975 2540 2036 2592 τὸ
2075 2539 2234 2611 ἔργον
2280 2537 2746 2606 ὲνδαπανώμενον.
2803 2535 2942 2588 Ἀλλ’
2975 2535 3195 2604 οίδαμέν
3243 2553 3364 2588 τινα
3397 2537 3592 2616 ξύλου.

1977 2631 2138 2700 φύσιν
2171 2632 2245 2702 μὴ
2275 2631 2630 2700 διαμένουσαν
2663 2630 2721 2681 ὲν
2749 2619 2792 2694 ᾧ
2814 2628 2982 2691 ἐστιν,
3009 2626 3143 2680 ἀλλά
3172 2627 3306 2697 πρὸς
3333 2627 3558 2697 χρυσὸν,
3585 2635 3595 2702 1

1975 2693 2008 2794 ’ἡ
2031 2693 2289 2793 ἄργυρον,
2316 2693 2504 2792 ἦ-ἀλλο
2529 2737 2580 2772 τι
2613 2718 2720 2780 τῶν
2745 2693 3154 2788 τιμίωνὲαυτὴν
3180 2693 3557 2788 μεταϐαλλου-
3589 2693 3594 2724 ε

1977 2830 2096 2868 σαν.
2170 2811 2258 2866 Ἐν
2315 2812 2422 2882 γὰρ
2485 2813 2550 2882 τῇ
2604 2809 2813 2881 μεγάλῃ
2871 2809 2963 2861 τοῦ
2998 2807 3132 2861 Θεοῦ
3159 2809 3305 2878 οἰκίᾳ
3342 2809 3508 2878 φησὶν
3536 2811 3566 2861 ὁ

300 2930 423 2971 esse
453 2929 584 2970 vasa
611 2922 808 2967 natura
841 2925 1005 2966 aurea
1035 2917 1090 2966 et
1118 2918 1376 2980 argentea
1395 2911 1438 2942 ³²
1457 2953 1472 2977 ,
1504 2925 1699 2980 nempe
1721 2924 1874 2964 crea-

2051 2903 2306 2967 πόστολος
2327 2902 2396 2956 τά
2422 2903 2521 2973 μὲν
2547 2897 2684 2956 εἶναι
2702 2903 2879 2974 χρυσᾶ
2905 2903 2968 2972 τῇ
3003 2900 3183 2970 φύσει,
3215 2901 3309 2954 καὶ
3339 2902 3566 2970 ἀργυρᾶ

303 3013 479 3060 turam
505 3004 883 3071 incorpoream
919 3008 974 3056 et
1006 3000 1403 3071 intelligentem
1445 3015 1541 3069 per
1560 2999 1674 3052 haec
1702 2999 1870 3054 tacite

301 3093 618 3166 significans
650 3091 922 3156 fortasse;
955 3106 1050 3161 per
1081 3090 1198 3144 haec
1228 3090 1405 3160 lignea
1435 3104 1564 3144 vero
1589 3098 1643 3144 et
1689 3089 1870 3143 fictilia

303 3201 401 3240 nos
421 3184 655 3239 fortasse
677 3181 1055 3244 subindicans,
1099 3195 1239 3250 quos
1265 3189 1508 3235 terrenos
1530 3178 1656 3234 fecit
1685 3178 1871 3234 inobo-

300 3275 504 3331 dientia
577 3281 630 3328 et
677 3272 871 3327 fictiles
912 3278 1237 3341 :peccatum
1294 3277 1472 3323 autem
1528 3285 1624 3339 per
1665 3269 1868 3338 lignum

300 3367 663 3423 commissum
707 3380 810 3420 nos
847 3363 976 3419 fecit
1025 3379 1153 3419 vasa
1203 3363 1381 3434 lignea
1425 3378 1489 3417 ex
1534 3361 1736 3417 aureis.
1766 3361 1872 3415 Pro

299 3457 561 3527 dignitate
586 3465 766 3510 autem
793 3453 1034 3508 materiae
1053 3452 1266 3507 divisus
1301 3460 1385 3506 est
1412 3452 1575 3506 etiam
1608 3464 1744 3506 usus
1773 3465 1870 3504 va-

299 3563 503 3605 sorum.
527 3545 664 3601 Nam
701 3561 822 3616 quae
850 3551 981 3600 sunt
1007 3560 1074 3600 ex
1104 3542 1417 3614 pretiosiori
1445 3542 1694 3607 materia,
1729 3540 1873 3597 ordi-

299 3645 425 3692 nata
459 3643 588 3693 sunt
615 3646 668 3692 et
690 3635 946 3706 deputata
976 3632 1043 3688 ad
1064 3633 1327 3688 honorem
1351 3649 1366 3697 ;
1399 3631 1502 3685 alia
1531 3638 1715 3686 autem
1743 3639 1872 3684 sunt

284 3728 514 3797 abjecta
543 3727 612 3782 ad
645 3736 800 3796 turpe
831 3733 885 3782 et
911 3725 1336 3796 ignominiosum
1361 3721 1746 3778 ministerium.
1765 3720 1870 3777 Sed

299 3816 431 3886 quid
454 3815 522 3871 de
554 3815 754 3871 talibus
771 3813 908 3868 dicit
932 3812 1173 3868 Paulus?
1202 3811 1301 3867 Est
1331 3811 1386 3866 in
1407 3811 1555 3867 vasis
1600 3817 1872 3880 potestate

300 3922 368 3963 ex
381 3921 480 3962 sua
497 3907 654 3962 liberi
676 3904 1188 3965 arbitriielectione,
1207 3902 1293 3958 vel
1317 3916 1544 3957 aureum
1570 3915 1636 3956 ex
1665 3900 1866 3971 ligneo,

299 3999 384 4054 vel
413 4005 726 4068 argenteum
754 3994 870 4050 ﬁeri
896 4010 962 4050 ex
992 3993 1164 4050 fictili.
1208 3992 1412 4062 Siquis
1457 3993 1614 4054 enim,
1673 3991 1868 4061 inquit,

281 4090 529 4159 seipsam
568 4085 948 4149 emundarerit,
987 4085 1088 4138 erit
1119 4101 1208 4138 vas
1254 4082 1479 4136 Domino
1510 4084 1562 4135 in
1597 4082 1869 4148 honorem,

303 4181 373 4234 ad
401 4195 551 4234 omne
576 4193 704 4247 opus
733 4176 925 4230 bonum
953 4174 1284 4245 paratum”.
1315 4172 1480 4228 Forte
1512 4188 1641 4244 ergo
1667 4189 1764 4243 per
1801 4188 1866 4228 ea

1981 2997 2171 3067 σκεύη,
2204 2997 2302 3066 τὴν
2328 2995 2640 3066 ἀσώματον,
2678 2989 2854 3064 οἶμαι,
2895 2994 2989 3047 καὶ
3036 2987 3226 3064 νοεράν
3258 2992 3437 3044 κτίσιν
3470 2991 3563 3044 διὰ

1977 3090 2179 3143 τούτων
2219 3089 2697 3156 ὑπαινισσόμενος’
2737 3086 2805 3140 τά
2835 3085 2890 3138 δὲ
2915 3084 3101 3152 ξύλινά
3139 3101 3198 3136 τε
3226 3083 3320 3136 καὶ
3352 3085 3561 3154 ὀστρά-

1977 3196 2120 3244 κινα,
2147 3180 2298 3250 ἡμᾶς
2329 3178 2468 3249 τάχα
2497 3178 2583 3231 διὰ
2609 3176 2810 3230 τούτων
2838 3175 3247 3245 ἀποσημαίνων,
3289 3174 3384 3238 οὓς
3415 3177 3560 3228 ἀπε-

1977 3272 2179 3338 γαίωσε
2228 3270 2324 3341 μὲν
2352 3271 2386 3340 ἡ
2426 3267 2676 3339 παρακοὴ
2716 3269 2808 3321 καὶ
2837 3266 3193 3337 ὀστρακίνους
3259 3267 3518 3337 ἐποίησεν
3542 3284 3556 3297 ο

1975 3367 2008 3434 ἡ
2044 3365 2100 3417 δὲ
2116 3365 2200 3418 διὰ
2227 3361 2320 3416 τοῦ
2362 3362 2519 3428 ξύλου
2554 3360 2823 3432 ἀμαρτάς,
2858 3360 3044 3424 ξύλινα
3077 3362 3224 3430 ἡμᾶς
3251 3361 3420 3430 σκεύη
3435 3361 3560 3414 ἀντὶ

1976 3456 2192 3528 χρυσῶν
2227 3457 2616 3526 ἀπειργάσατο.
2648 3454 2993 3524 Μεμέρισται
3025 3453 3080 3505 δὲ
3106 3451 3239 3521 πρὸς
3267 3453 3366 3522 τὴν
3397 3452 3559 3518 ἀξίαν

1975 3549 2072 3619 τῆς
2090 3547 2222 3618 ὕλης
2241 3549 2333 3602 καὶ
2357 3549 2390 3618 ἠ
2411 3548 2519 3601 τῶν
2542 3545 2750 3599 σκευῶν
2775 3545 2989 3617 χρῆσις.
3013 3545 3093 3598 Τά
3116 3545 3213 3615 μὲν
3233 3545 3340 3614 γὰρ
3359 3562 3410 3597 τι
3419 3563 3560 3615 μιω-

1976 3637 2138 3708 τέρας
2169 3636 2323 3707 ῦλης,
2373 3637 2452 3699 είς
2506 3634 2670 3706 τιμὴν
2700 3634 3072 3687 ἀποτέτακται
3099 3650 3112 3664 ⁸
3150 3635 3217 3687 τὰ
3245 3634 3302 3686 δὲ
3349 3638 3428 3699 είς
3452 3637 3558 3706 τὴν

1975 3730 2168 3799 ἄτιμον
2211 3727 2512 3798 ὑπηρεσίαν
2566 3726 2922 3797 ἀπέρριπται.
2962 3725 3121 3780 Ἀλλά
3167 3725 3217 3778 τί
3245 3739 3378 3796 φησι
3412 3729 3558 3800 ’περὶ⁵

1975 3813 2083 3866 τῶν
2102 3811 2356 3866 τοιούτων
2379 3814 2406 3866 6
2422 3811 2630 3874 Παῦλος
2649 3829 2672 3877 ‹;
2711 3813 2833 3864 ’Ότι
2861 3811 3107 3878 ἐξουσίαν
3137 3813 3251 3884 ἔχει
3280 3813 3342 3866 τὸ
3358 3815 3557 3882 σκεῦος

1977 3905 2041 3958 ὲκ
2071 3903 2172 3972 τῆς
2225 3903 2360 3967 ἰδίας
2407 3903 2797 3974 προαιρέσεως,
2829 3903 2862 3973 ἢ
2894 3902 3121 3973 χρύσεον
3169 3904 3278 3958 ἀπὸ
3316 3903 3553 3971 ξυλίνου,

1975 3994 2304 4065 ἢάργύρεον
2327 3993 2420 4046 ἀπ’
2444 3993 2762 4063 ὀστρακίνου
2811 3992 3082 4061 γενέσθαι.
3127 3995 3266 4048 Ἐὰν
3297 3993 3409 4062 γάρ
3434 4013 3551 4062 τις,

1977 4104 2050 4157 φη
2058 4085 2160 4146 σίν,
2185 4083 2482 4155 ἐκκαθάρῃ
2497 4084 2732 4147 ἑαυτὸν,
2751 4084 2922 4138 ἔσται
2938 4084 3158 4150 σκεῦος
3172 4087 3258 4150 είς
3274 4086 3453 4155 τιμὴν
3470 4087 3552 4152 τῷ

1977 4177 2270 4245 Δεσπότῃ,
2307 4175 2455 4245 πρὸς
2493 4176 2616 4231 πᾶν
2637 4176 2814 4244 ἔργον
2835 4175 3060 4244 ἀγαθὸν
3082 4177 3546 4245 ἡτοιμασμένον.

301 4286 424 4342 qua:
445 4270 588 4326 dicta
614 4275 761 4333 sunt,
794 4265 1116 4322 adducimur
1140 4265 1207 4320 ad
1229 4263 1559 4336 propositam
1582 4265 1702 4334 ejus
1721 4264 1868 4334 quod

2051 4287 2129 4341 ιχα
2152 4269 2329 4324 τοίνυν
2359 4269 2445 4322 διά
2464 4269 2571 4322 τῶν
2593 4268 2896 4339 εἰρημένων
2926 4271 3311 4340 προσαγόμεθά
3337 4288 3453 4334 πως
3479 4274 3546 4340 τῇ

303 4364 500 4418 lectum
531 4369 616 4418 est
646 4358 1178 4428 contemplationem.
1217 4354 1371 4411 Mons
1393 4343 1708 4411 Libanusin
1731 4357 1870 4410 mul-

304 4453 372 4506 tis
404 4452 539 4506 locis
567 4458 769 4506 sanctae
807 4447 1103 4519 Scriptura;
1145 4453 1624 4511 commemoratur,
1671 4445 1735 4500 ad
1790 4447 1871 4499 in-

303 4541 590 4596 dicandum
619 4541 982 4595 adversariam
1009 4545 1349 4608 potestatem,
1401 4544 1460 4590 ut
1484 4535 1705 4606 quando
1736 4535 1870 4590 dicit

301 4645 399 4700 per
433 4628 769 4700 Prophetam
804 4646 818 4682 :
851 4627 1094 4682 Conleret
1131 4626 1387 4680 Dominus
1417 4625 1612 4684 cedros
1653 4622 1867 4688 Libani,

300 4734 350 4777 et
383 4722 700 4778 comminuet
727 4737 816 4775 eas
860 4730 908 4774 et
959 4718 1220 4772 Libanum
1257 4728 1315 4770 ut
1361 4716 1581 4770 vitulum
1625 4715 1780 4769 illum
1800 4716 1866 4780 ³⁸,

299 4816 393 4888 qui
419 4815 628 4871 scilicet
659 4812 759 4867 fuit
787 4827 816 4866 a
855 4811 1000 4867 Mosc
1030 4810 1400 4866 comminutus
1432 4808 1487 4862 in
1527 4807 1766 4871 deserto,
1817 4815 1867 4861 et

300 4917 523 4980 propter
572 4905 924 4964 subtilitatem
961 4903 1136 4958 factus
1163 4901 1264 4956 fuit
1291 4901 1546 4971 potabilis
1582 4899 1864 4954 lsraelitis.

298 5002 398 5057 llic
443 5001 586 5054 enim
624 4997 963 5068 significatur
1011 5009 1106 5063 per
1155 4993 1516 5063 prophetiam,
1575 4992 1718 5062 quod
1755 5007 1864 5046 non

298 5095 474 5151 solum
509 5092 648 5146 mala
678 5106 797 5160 qua:
826 5096 944 5143 orta
985 5095 1112 5141 sunt
1141 5103 1207 5140 ex
1233 5084 1545 5139 adversaria
1575 5091 1861 5152 potestate,

300 5184 394 5239 sed
429 5187 592 5239 etiam
623 5183 738 5252 ipse
768 5196 924 5235 mons
945 5178 1119 5247 prima
1149 5176 1274 5228 mali
1305 5174 1460 5228 radix
1485 5173 1748 5237 Libanus,
1771 5177 1864 5244 qui

299 5277 440 5329 clam
470 5273 616 5329 fovet
657 5269 925 5342 ejusmodi
975 5268 1231 5322 arborum
1285 5265 1500 5331 silvam,
1538 5266 1604 5321 ad
1636 5266 1862 5321 nihilum

299 5366 592 5435 redigetur.
626 5363 734 5420 Nos
768 5378 897 5434 ergo
931 5361 1135 5416 fuimus
1164 5359 1379 5430 quidem
1411 5358 1865 5429 aliquandoligna

373 5480 416 5511 "
471 5479 646 5532 Galat.
713 5494 749 5539 ι,
802 5477 891 5530 ‘20.

305 5550 349 5581 ’δ
382 5547 523 5602 Psal.
562 5561 753 5608 xxvul,
797 5547 828 5598 5
858 5562 977 5614 sqq.

1019 5478 1060 5508 ³ο
1118 5475 1159 5528 ll
1207 5476 1332 5530 Cor.
1393 5491 1471 5540 ιιι,
1508 5475 1590 5528 1‘2.

1718 5477 1758 5506 ³¹
1799 5476 1962 5531 lCor.
2015 5490 2104 5541 ιιι,
2139 5472 2221 5526 1‘2.

1974 4357 2308 4431 προκειμένῃ
2336 4357 2535 4429 θεωρίᾳ
2565 4356 2659 4410 τοῦ
2694 4357 2874 4426 λόγου.
2915 4357 2986 4410 Τὸ
3016 4357 3139 4428 ὅρος
3175 4360 3202 4411 6
3230 4358 3460 4420 Λίϐανος
3488 4359 3546 4412 ἐν

1971 4449 2183 4513 πολλοῖς
2211 4451 2309 4519 τῆς
2333 4448 2492 4517 ἁγίας
2516 4448 2734 4518 Γραφῆς
2756 4451 2834 4512 εἰς
2858 4447 3078 4512 ἔνδειξιν
3103 4451 3200 4519 τῆς
3231 4448 3546 4520 ἀντικειμέ-

1969 4558 2068 4612 νης
2119 4541 2401 4610 δυνάμεως
2453 4538 2844 4610 μνημονεύεται
2863 4556 2876 4569 ·
2911 4539 2986 4602 ὡς
3013 4541 3138 4593 ὅταν
3165 4540 3312 4608 λέγει
3337 4541 3422 4594 διὰ
3449 4542 3543 4594 τοῦ

1968 4633 2252 4703 Προφήτου
2275 4649 2286 4660 ·
2316 4631 2397 4684 ὅτι
2433 4631 2748 4699 Συηρίψει
2777 4631 2990 4698 Κύριος
3017 4633 3124 4696 τὰς
3160 4631 3228 4684 κέ
3242 4631 3410 4700 ἳρους
3435 4632 3544 4686 τοῦ

1976 4726 2018 4774 Λ
2028 4719 2252 4784 ιϐἁνου,
2274 4719 2370 4772 καὶ
2385 4718 2669 4772 λεπτυνεῖ
2682 4717 2867 4784 αὐτάς
2878 4736 2941 4772 τε
2957 4719 3052 4772 καί
3073 4719 3180 4773 τὸν
3195 4723 3237 4772 Λ
3247 4722 3266 4772 ί
3269 4721 3454 4773 ϐανον
3465 4721 3545 4786 ὠς

1974 4812 2080 4865 τὸν
2103 4813 2340 4880 μόσχον
2364 4809 2620 4872 ἐκεῖνον,
2657 4810 2856 4880 δηλαδὴ
2889 4810 2980 4862 τὸν
3003 4811 3141 4880 ὲντῇ
3165 4811 3355 4880 ἐρήμῳ
3376 4827 3539 4863 κατα-

1973 4900 2264 4954 λεανθέντα
2293 4899 2396 4952 ὑπὸ
2422 4901 2513 4952 τοῦ
2539 4900 2832 4964 Μωῦσέως.
2869 4902 2962 4954 καὶ
2986 4900 3211 4971 πότιμον
3236 4901 3322 4954 διὰ
3350 4902 3542 4955 λεπτό-

1972 5009 2111 5063 τητα
2147 4993 2256 5053 τοῖς
2297 4991 2653 5063 Ἰσραηλίταις
2686 4992 2993 5062 γενόμενον.
3019 4992 3280 5062 Δηλοῦται
3303 4993 3409 5063 γὰρ
3439 4982 3542 5047 ὧδε

1970 5085 2058 5138 διὰ
2105 5083 2206 5154 τῆς
2249 5083 2580 5153 προφητείας
2631 5084 2711 5136 ὅτι
2737 5084 2796 5136 ού
2827 5083 2985 5153 μόνον
3008 5083 3076 5136 τά
3097 5083 3368 5151 ὲκφυέντα
3394 5085 3543 5155 παρά

1970 5177 2069 5246 τῆς
2099 5175 2476 5244 ἀντικειμένης
2523 5175 2803 5244 δυνάμεως
2844 5175 3009 5239 κακὰ,
3042 5174 3179 5228 ἀλλά
3205 5175 3300 5227 καὶ
3330 5175 3460 5228 αὐτὸ
3485 5174 3544 5227 τὸ

1971 5267 2094 5337 ὅρος
2115 5267 2148 5337 ή
2171 5265 2356 5336 πρώτη
2381 5266 2474 5318 τοῦ
2497 5264 2668 5318 κακοῦ
2697 5265 2842 5336 ῥίζα,
2865 5267 2893 5318 6
2909 5265 3157 5329 Λίϐανος,
3174 5268 3202 5318 6
3221 5266 3543 5338 ὑποτρέφων

1973 5355 2081 5408 τῶν
2102 5355 2356 5408 τοιούτων
2380 5355 2611 5425 δένδρων
2630 5356 2727 5426 τὴν
2752 5356 2902 5426 ὓλην,
2932 5357 3011 5419 είς
3028 5355 3087 5409 τὸ
3106 5355 3182 5426 μὴ
3201 5355 3262 5410 ὃν
3283 5359 3542 5428 περιστή-

2333 5478 2374 5508 ³²
2417 5477 2456 5530 ΙΙ
2516 5474 2749 5530 Timoth.
2828 5492 2887 5539 ιι,
2949 5474 3038 5529 20.
3155 5475 3198 5506 ³³
3254 5477 3386 5534 ibid.
3452 5478 3540 5532 ‘Zl.
