3742 5986
161 316 260 376 9i3

1202 329 1266 384 IN
1300 328 1596 386 CANTICA
1625 328 1895 388 CANTIC.
1940 332 2227 388 HOMILIA
2266 335 2378 392 VII.

3317 335 3425 390 9H

165 455 328 493 σεται.
354 437 571 494 Οὐκοῦν
602 442 762 513 ἡμεῖς
792 441 939 516 ἦμέν
968 463 1100 501 ποτε
1127 445 1220 501 τοῦ
1244 448 1475 503 Λιϐάνου
1501 447 1566 501 τά
1592 449 1743 516 ξύλα,
1776 498 1781 505 .

1957 452 2060 514 ani,
2092 459 2151 506 ut
2176 454 2267 523 qui
2297 453 2352 507 in
2381 453 2476 508 ilio
2512 452 2725 508 radices
2748 454 3072 522 egissemus,
3101 469 3195 524 per
3225 455 3423 516 malam

165 531 264 594 ἕως
289 532 347 583 ὲν
375 531 573 607 ἐκείνῳ
605 530 748 604 ἦμεν
775 537 1153 609 ἐρριζωμένοι,
1176 538 1265 593 διά
1297 556 1355 591 τε
1386 539 1481 592 τοῦ
1507 540 1741 610 πονηροῦ

168 621 304 691 βίου,
337 624 433 675 καὶ
452 626 554 695 τῆς
573 625 682 679 τῶν
707 626 939 680 εἰδώλων
968 628 1185 700 ἀπάτης
1204 647 1216 660 ·
1241 630 1355 683 ἀλλ’
1386 630 1574 701 ἐπειδὴ
1605 634 1746 684 ἐκεί-

168 710 254 773 θεν
293 713 402 766 ὑπὸ
451 715 552 785 τῆς
592 715 816 788 λογικῆς
862 717 1053 790 ἀξίνης
1093 719 1492 792 ἐξετμήθημεν,
1542 723 1635 775 καὶ
1688 724 1746 775 ἐν

169 806 281 866 ταῖς
320 805 483 875 χερσὶ
518 807 612 859 τοῦ
654 807 895 878 τεχνίτου
946 810 1266 880 ἐγενόμεθα,
1305 815 1519 883 φορεῖον
1552 814 1744 867 ἑαυτοῦ

170 895 314 963 ἡμᾶς
347 896 594 967 ἐποίησε,
629 898 1118 970 μεταστοιχειώσας
1147 901 1238 954 τοῦ
1274 901 1431 968 ξύλου
1461 902 1558 974 τὴν
1587 904 1747 972 φύσιν

170 984 254 1037 διὰ
284 986 386 1057 τῆς
437 988 853 1057 παλιγγενεσίας
889 993 969 1054 εἰς
1005 991 1268 1063 ἀργύριόν
1297 1010 1356 1046 τε
1386 994 1476 1048 καὶ
1507 995 1748 1066 χρυσίον,

172 1076 262 1128 καὶ
290 1078 373 1139 εὶς
400 1077 600 1149 εὐανθῆ
632 1079 938 1150 πορφύραν,
974 1083 1068 1135 καὶ
1100 1085 1179 1146 είς
1198 1085 1297 1145 τὰς
1322 1084 1429 1137 τῶν
1460 1084 1622 1138 λίθων
1654 1086 1750 1139 αὺ-

172 1164 271 1232 γάς
292 1182 305 1193 ·
337 1165 431 1217 καὶ
457 1164 645 1237 ῶσπερ
674 1170 836 1238 φησὶν
879 1172 908 1223 ὀ
953 1171 1291 1237 ’Λπόστολος,
1327 1173 1407 1227 ὄτι
1439 1175 1752 1243 Καταλλήῖ-

172 1256 291 1320 λως
317 1255 598 1323 ἐμέρισεν
619 1257 899 1326 ἐκάστφό
927 1259 1071 1326 θεὸς
1092 1261 1200 1326 τὰς
1226 1264 1330 1316 τοῦ
1362 1263 1533 1333 ἀλγίου
1564 1267 1752 1320 Uret}-

172 1361 360 1414 ματος
391 1346 644 1417 δωρεάς’
703 1350 799 1404 καὶ
823 1344 866 1420 ᾧ
901 1351 1000 1423 μὲν
1037 1352 1218 1409 δίδωσι
1248 1357 1585 1427 προφητείαν
1610 1360 1754 1414 κατά

172 1435 271 1508 τὴν
289 1438 584 1507 ἀναλογίαν
634 1440 733 1512 τῆς
773 1442 1006 1508 πίστεως
1024 1461 1039 1474 ·
1090 1446 1234 1516 ἄλλῳ
1280 1446 1343 1499 δὲ.
1389 1447 1516 1501 ἄλλο
1541 1466 1593 1503 τι
1644 1449 1754 1505 τῶν

176 1529 608 1603 ἐνεργημάτωνι
643 1533 779 1604 πρὸς
806 1533 834 1587 6
866 1535 1126 1609 πέφυκέν,
1154 1554 1210 1591 τε
1245 1539 1340 1594 καὶ
1372 1539 1599 1596 δύναται
1626 1542 1756 1597 ἕκα-

177 1636 301 1685 στος
331 1623 433 1693 τὴν
458 1623 620 1695 χάριν
670 1624 945 1691 δέξασθαι,
986 1630 1019 1700 ἢ
1048 1629 1325 1701 ὀφθαλμὸς
1362 1631 1475 1689 τοῦν
1507 1632 1758 1706 σώματος

174 1713 274 1783 τῆς
312 1714 641 1786 Ἐκκλησίας
679 1717 985 1788 γινόμενος,
1033 1720 1066 1790 ἢ
1105 1722 1186 1785 εἰς
1215 1724 1371 1794 χεῖρα
1402 1724 1753 1791 τασσόμενος,

175 1806 380 1878 ῆ.ἀντὶ
436 1810 597 1873 ποδὸς
653 1811 1067 1883 ὑποστηρίζωνο
1126 1813 1271 1868 οὕτω
1309 1816 1405 1869 καὶ
1452 1817 1513 1871 ἐν
1550 1821 1617 1889 τῇ
1666 1819 1759 1872 τοῦ
1794 1808 1832 1867 Β

177 1901 400 1973 φορείου
430 1907 766 1975 κατασκευῇ,
805 1907 833 1958 6
873 1902 972 1976 μέν
1006 1924 1088 1971 τις
1123 1907 1332 1973 στύλος,
1366 1912 1394 1963 6
1424 1908 1480 1963 δὲ
1509 1910 1761 1976 ὲπίόασις

158 1992 388 2061 ,γίνεται
408 2010 422 2024 ’
454 1994 640 2067 ἕτερος
677 1996 735 2049 δὲ
764 1997 826 2050 τὸ
865 1998 1000 2070 πρὸς
1032 2001 1098 2070 τῇ
1132 2000 1339 2072 κεφαλῇ
1380 2002 1543 2073 μέρος
1574 2002 1602 2055 6
1636 2004 1765 2058 ἀνά-

177 2084 363 2139 κλιτον
418 2087 859 2159 προσηγόρευσεν
881 2104 892 2117 '
918 2091 1025 2142 εἰσὶ
1070 2090 1126 2143 δέ
1158 2109 1301 2157 τινες
1338 2094 1387 2145 οἱ
1422 2083 1502 2158 είς
1530 2094 1590 2147 τὸ
1615 2096 1765 2159 ἐντὸς

175 2177 525 2248 τεταγμένοι.
552 2173 652 2232 Ὧν
681 2180 934 2235 ἁπάντων
955 2183 1097 2235 κατά
1123 2200 1243 2237 τινα
1271 2184 1427 2253 λόγον
1455 2187 1484 2238 ό
1513 2186 1763 2258 τεχνίτης

176 2269 239 2333 et}
267 2271 520 2342 μονοειδῆ
548 2273 683 2344 πρὸς
706 2274 798 2328 τὸν
822 2275 1210 2349 καλλωπισμὸν
1236 2281 1563 2351 ὲπινοεῖςτὴν
1583 2280 1717 2352 ὕλην
1746 2300 1760 2312 ’

176 2360 317 2415 ἀλλὰ
346 2360 539 2424 πάντα
569 2363 670 2433 μὲν
699 2368 1128 2436 κατακοσμεῖται
1153 2367 1232 2440 τῷ
1264 2369 1447 2423 κάλλει
1470 2387 1485 2401 ’
1509 2370 1764 2443 διάφορος

176 2450 235 2504 δὲ
268 2453 365 2506 καὶ
388 2452 723 2526 κατάλληλος
756 2457 972 2528 ἑκάστῳ
1003 2459 1207 2514 τούτων
1236 2462 1530 2516 ἐπινοεῖται
1556 2466 1589 2534 ἡ
1623 2463 1760 2536 ῶρα.

178 2543 304 2597 Εἰσὶ
349 2545 533 2600 τοίνυν
570 2547 831 2620 ἀργύριον
875 2550 974 2621 μὲν
995 2552 1043 2604 οἱ
1075 2550 1260 2605 στύλοι
1291 2552 1387 2606 τοῦ
1421 2555 1639 2624 φορείου
1660 2570 1674 2583 ·
1706 2557 1764 2610 αἱ

178 2635 469 2691 δὲτούτων
499 2638 778 2705 ἐπιϐάσεις
810 2641 1065 2713 πορφύρα
1085 2659 1098 2672 ·
1127 2644 1193 2696 ὲκ
1221 2644 1444 2714 χρυσίου
1469 2645 1526 2699 δὲ
1555 2648 1615 2701 τὸ
1636 2649 1767 2703 ἀνά·

180 2725 367 2780 κλιτον
386 2726 452 2779 τὸ
479 2730 551 2799 τῇ
568 2729 776 2801 κεφαλῇ
805 2731 1116 2796 ὑποϐαῖνον,
1147 2733 1206 2784 ὲν
1231 2726 1276 2799 ᾧ
1308 2734 1478 2789 κλίνει
1519 2737 1618 2809 τὴν
1637 2738 1762 2792 ἑαυ-

180 2816 277 2870 τοῦ
303 2819 551 2890 κεφαλὴν
566 2823 595 2874 6
619 2822 877 2892 νυμφίος·
899 2826 1013 2888 τοῖς
1030 2824 1086 2878 δὲ
1113 2827 1316 2898 τιμίοις
1344 2828 1513 2893 λίθοις
1527 2831 1589 2883 τὸ
1617 2830 1765 2887 ἔνδον

181 2908 333 2964 ἅπαν
365 2912 867 2968 καταποικίλλεται.
893 2915 1104 2971 Οὐκοῦν
1136 2918 1361 2983 στύλους
1390 2919 1489 2990 μὲν
1520 2922 1763 2993 νοητέον,

184 3001 312 3063 τοὺς
351 3001 578 3066 στύλους
608 3003 709 3075 τῆς
749 3005 1095 3076 Ἐκκλησίας,
1125 3002 1207 3072 οἷς
1237 3010 1481 3081 ἀκριϐῶς
1508 3012 1567 3065 τὸ
1598 3013 1768 3083 ἀργύ-

190 3106 304 3159 ριον
329 3091 575 3164 καθαρόν
618 3112 678 3148 τε
703 3096 797 3152 καὶ
831 3099 1227 3170 πεπυρωμένον
1251 3104 1280 3155 6
1307 3102 1462 3172 λόγος
1490 3105 1660 3159 ἐστίν.
1702 3107 1767 3159 Ἡ

187 3183 244 3237 δὲ
276 3185 539 3255 πορφύρα
576 3186 714 3240 εἰσὶν
740 3188 791 3241 οἳ
813 3189 910 3259 τῆς
943 3189 1217 3260 βασιλείας
1244 3192 1303 3245 ὲν
1334 3193 1412 3264 τῷ
1446 3193 1634 3265 ὑψηλῷ
1660 3194 1762 3266 τῆς
1795 3173 1837 3231 (ἶ

189 3276 470 3340 πολιτείας
512 3277 924 3350 ἐπιδεόήκασιν.
987 3279 1294 3352 Ἐξαίρετον
1335 3284 1446 3357 γάρ
1483 3287 1770 3360 γνώρισμα

187 3369 285 3436 τῆς
326 3369 608 3439 βασιλείας
637 3372 672 3440 ἡ
702 3370 955 3444 πορφύρα
984 3373 1284 3444 νομίζεται.
1325 3377 1399 3430 T6
1428 3378 1485 3431 δὲ
1511 3381 1769 3451 ἡγεμονι.

189 3460 284 3517 κδν
302 3460 496 3528 αὐτοῦ,
513 3462 572 3515 ἐν
586 3456 632 3532 ᾧ
648 3464 747 3545 τὴν
783 3466 1020 3538 κεφαλὴν
1038 3467 1205 3521 αὐτοῦ
1228 3469 1398 3522 κλίνει
1424 3472 1454 3522 6
1474 3471 1534 3525 τὸ
1560 3476 1773 3543 φορεῖον

191 3553 635 3619 κατασκευάσας,
674 3556 736 3609 τὸ
779 3558 887 3610 τῶν
940 3558 1198 3630 καθαρῶν
1229 3561 1515 3632 δογμάτων
1551 3565 1774 3635 χρυσίον

192 3647 362 3701 ἐστίν.
395 3647 540 3701 Ὅσα
566 3647 626 3701 δὲ
656 3649 835 3720 ἀφανῆ
859 3667 920 3702 τε
944 3652 1039 3705 καὶ
1065 3652 1275 3722 κρύφια
1304 3657 1368 3725 τῇ
1396 3656 1609 3728 καθαρᾷ
1648 3675 1774 3713 συν-

196 3738 401 3810 ειδήσει
428 3738 536 3792 τῶν
570 3738 765 3809 τιμίων
810 3739 973 3795 λίθων
1013 3744 1387 3815 ὲνωραῖζεται,
1415 3747 1481 3800 δι’
1501 3740 1576 3801 ὧν
1606 3749 1775 3805 ἁπάν-

196 3847 305 3883 των
336 3829 448 3884 άπὺ
488 3829 598 3884 τῶν
630 3830 946 3902 θυγατέρων
979 3834 1335 3907 Ἰερουσαλὴμ
1365 3838 1397 3909 ἡ
1432 3839 1621 3911 ἀγάπη
1656 3858 1777 3896 συν-

199 3922 431 3975 ίσταται.
465 3921 528 3975 Et
550 3922 608 3976 δὲ
637 3921 878 3992 βούλοιτό
909 3942 995 3988 τις
1016 3929 1229 3997 φορεῖον
1261 3929 1358 3998 μὲν
1395 3932 1575 3985 πᾶσαν
1597 3933 1776 4002 λέγειν

196 4010 297 4081 τὴν
338 4010 665 4080 Ἐκκλησίαν
685 4013 1078 4096 ’ςκαταμερίζοι
1105 4014 1163 4067 δὲ
1188 4016 1327 4069 κατά
1357 4017 1455 4081 τὰς
1484 4019 1605 4075 τῶν
1624 4025 1775 4096 ἐνερ-

198 4101 365 4170 γειῶν
406 4101 666 4173 διαφορὰς
702 4094 799 4167 ἐίς
844 4104 1113 4175 πρόσωπά
1159 4123 1277 4161 τινα
1320 4109 1413 4162 τοῦ
1452 4113 1668 4181 φορείου
1710 4094 1778 4168 τά
1838 4105 1843 4109 ’

203 4191 369 4262 μέρη,
389 4192 467 4255 ὡς
490 4192 555 4264 δὴ
580 4194 710 4264 περὶ
741 4193 932 4247 τούτου
968 4196 1310 4268 προείρηται,
1339 4199 1540 4271 πολλὴν
1565 4203 1657 4256 καὶ
1684 4203 1778 4256 οὖ-

198 4301 310 4349 τως
333 4284 583 4339 εὐκολίαν
605 4286 633 4338 6
654 4285 810 4354 λόγος
840 4285 972 4356 ἔχει,
1003 4287 1220 4359 ἑκάστῳ
1238 4289 1480 4360 τάγματι
1509 4292 1618 4346 τῶν
1638 4294 1779 4349 κατά

198 4377 300 4448 τὴν
350 4376 676 4448 Ἐκκλησίαν
716 4378 1063 4449 τεταγμένων
1090 4380 1399 4451 ἐφαρμόσαι
1428 4380 1522 4436 τοῦ
1558 4385 1793 4455 φορείουι

199 4470 271 4523 τὰ
292 4469 473 4541 μέρη·
524 4467 708 4533 καθώς
758 4486 924 4542 φησιν
957 4471 987 4523 6
1027 4471 1368 4537 Ἀπόστολος,
1387 4470 1481 4527 ⁸ὂτι
1510 4477 1717 4532 Ἕθετο
1745 4482 1779 4533 d

1853 540 2036 606 vitam,
2067 551 2121 599 et
2166 558 2262 613 per
2318 543 2561 599 fraudem
2603 543 2911 599 daemonum
2949 562 2961 599 :
2996 544 3090 599 sed
3129 552 3422 614 postquam

1851 632 2000 686 illinc
2032 648 2062 687 a
2097 635 2327 691 rationis
2374 636 2638 706 participe
2679 635 2859 691 securi
2901 634 3073 689 excisi
3117 648 3330 701 sumus,
3370 642 3427 689 et

1853 723 2053 780 fuimus
2078 725 2133 779 in
2164 726 2420 782 manibus
2449 726 2700 794 artilicis,
2759 726 2806 783 is
2834 741 2935 782 nos
2963 741 3125 781 suum
3150 726 3283 783 fecit
3320 725 3429 783 fer-

1853 815 2058 881 culum,
2107 826 2469 872 transmutata
2504 816 2637 888 ligni
2679 826 2874 874 natura
2931 833 3028 889 per
3061 819 3429 891 regeneratio-

1855 922 1977 973 nem
2010 908 2063 963 in
2103 915 2390 980 argentum
2447 919 2502 966 et
2543 924 2758 977 aurum,
2809 919 2865 967 et
2907 909 3192 969 ﬂorentem
3231 927 3431 983 purpu-

1855 1013 1994 1062 ram,
2028 1006 2082 1055 et
2132 1002 2188 1054 in
2226 1001 2576 1072 splendorem
2617 1017 2994 1076 gemmarum;
3034 1014 3088 1062 et
3123 1006 3267 1061 sicut
3298 1005 3434 1063 dicit

1860 1086 2156 1159 Apostolus
2197 1090 2264 1156 ³⁵,
2313 1088 2688 1145 Convenicnter
2737 1092 3018 1162 unicuique
3064 1090 3245 1148 divisit
3281 1091 3426 1147 Deus

1861 1180 2009 1232 dona
2052 1179 2224 1232 sancti
2269 1178 2499 1249 Spiritus
2537 1195 2555 1232 :
2587 1188 2641 1236 et
2672 1179 2763 1233 alii
2795 1181 3016 1250 quidem
3060 1179 3154 1240 dat
3192 1182 3429 1251 prophe-

1859 1272 1990 1326 tiam
2039 1276 2433 1329 convenienter
2466 1273 2805 1343 proportioni
2843 1272 3000 1339 fidei;
3043 1272 3135 1327 alii
3163 1287 3294 1327 vero
3333 1272 3436 1327 ali-

1859 1377 2023 1432 quam
2064 1364 2224 1417 aliam
2256 1364 2649 1432 operationem,
2699 1372 2867 1433 prout
2913 1372 3000 1418 est
3059 1364 3437 1434 unusquisque

1862 1461 2021 1523 aptus
2054 1461 2269 1519 natura,
2304 1465 2357 1509 et
2390 1462 2571 1525 potest
2619 1455 2904 1523 suscipere
2932 1455 3185 1525 gratiam,
3231 1462 3291 1509 ut
3342 1453 3436 1525 qui

1862 1546 1949 1601 vel
1993 1546 2276 1603 ordinetur
2316 1546 2510 1601 oculus
2570 1543 2851 1611 Ecclesiae,
2912 1546 2994 1600 vel
3040 1544 3215 1601 locum
3258 1552 3439 1601 teneat

1865 1651 2150 1700 manuum,
2193 1637 2276 1693 vel
2332 1637 2455 1692 loco
2520 1636 2672 1707 pedis
2718 1635 2909 1691 fulciat
2943 1651 3007 1691 ac
3045 1636 3286 1692 stabiliat
3317 1652 3331 1690 :
3363 1636 3438 1690 ita

1864 1730 2029 1784 etiam
2070 1731 2124 1784 in
2176 1728 2372 1785 ferculi
2420 1730 2836 1785 constructione
2882 1728 3030 1783 aliud
3087 1727 3303 1805 quidem
3355 1734 3439 1783 est

1864 1821 2139 1886 columna,
2187 1821 2334 1874 aliud
2382 1835 2512 1877 vero
2554 1835 2841 1884 ascensus,
2888 1819 3035 1873 aliud
3074 1833 3202 1874 vero
3245 1825 3329 1873 est
3377 1832 3438 1873 ea

1866 1928 1993 1982 pars
2022 1928 2144 1983 quae
2170 1923 2254 1968 est
2285 1911 2352 1966 ad
2379 1920 2563 1981 caput,
2588 1926 2761 1980 quam
2778 1912 2993 1966 vocavit
3009 1910 3439 1971 reclinatorium.

1865 2003 1955 2056 alii
2005 2014 2185 2059 autem
2231 2014 2358 2058 sunt
2396 2002 2650 2058 collocati
2692 2001 2863 2057 intus.
2900 2001 3145 2068 Quorum
3192 2000 3439 2056 omnium

1864 2090 2098 2163 quadam
2131 2092 2343 2148 ratione
2368 2094 2823 2163 compositionem
2857 2090 3054 2147 artifex
3092 2107 3201 2146 non
3231 2092 3439 2147 unifor-

1873 2186 2032 2238 miler
2062 2185 2333 2256 excogitat
2372 2186 2718 2240 solummodo
2747 2184 3122 2247 adornatum,
3168 2183 3264 2239 sed
3284 2197 3440 2238 exor-

1864 2282 2065 2328 nuntur
2096 2275 2315 2344 quidem
2335 2277 2518 2330 omnia
2544 2275 2986 2345 pulchritudine;
3019 2273 3239 2330 diversa
3256 2282 3439 2329 autem

1862 2374 1917 2420 et
1952 2366 2243 2436 unicuique
2266 2381 2455 2422 eorum
2482 2369 2814 2423 conveniens
2844 2367 3188 2437 excogitatur
3227 2366 3439 2436 elegan-

1867 2458 1940 2511 tia
1981 2465 2036 2513 et
2084 2458 2269 2514 decor.
2313 2457 2453 2513 Sunt
2497 2474 2627 2530 ergo
2683 2466 2953 2531 argenteae
2997 2457 3217 2528 quidem
3252 2456 3440 2512 ferculi

1865 2550 2150 2616 columnae,
2185 2567 2371 2607 earum
2392 2561 2574 2607 autem
2595 2552 2853 2622 purpurei
2886 2566 3153 2606 ascensus
3178 2568 3191 2604 :
3217 2563 3441 2604 aureum

1866 2649 2048 2697 autem
2079 2651 2164 2699 est
2182 2643 2611 2704 .reclinatorium
2655 2642 2799 2713 quod
2836 2649 3110 2697 sustentat
3158 2648 3346 2711 caput,
3387 2640 3442 2694 in

1867 2746 1978 2802 quo
2016 2741 2182 2802 caput
2218 2748 2378 2789 suum
2425 2733 2655 2788 reclinat
2699 2748 2960 2803 sponsus;
2989 2733 3218 2803 gemmis
3262 2737 3443 2784 autem

1867 2829 1922 2878 et
1947 2823 2221 2893 lapidibus
2260 2825 2516 2892 pretiosis
2555 2825 2802 2880 variatur
2839 2823 3107 2895 quidquid
3149 2831 3233 2878 est
3276 2823 3443 2878 intus.

1871 2911 2011 2967 Sunt
2033 2928 2163 2985 ergo
2177 2910 2466 2981 columna,
2482 2912 2741 2970 Ecclesiae
2758 2916 3044 2979 columnae,
3069 2912 3267 2983 quibus
3289 2913 3445 2982 plane

1868 3022 2066 3077 purum
2090 3014 2140 3063 et
2176 3009 2300 3078 igne
2326 3011 2695 3063 examinatum
2725 3018 3008 3077 argentum
3037 2990 3121 3061 est
3147 3004 3443 3075 eloquium.

1869 3097 2121 3170 Purpura
2168 3109 2349 3156 autem
2400 3109 2552 3165 sunt,
2623 3100 2716 3171 qui
2764 3099 2830 3153 ad
2876 3098 3074 3166 regalis
3133 3097 3447 3168 reipublicm

1873 3206 2144 3246 summum
2202 3194 2428 3263 gradum
2471 3192 2859 3249 ascenderunt.
2926 3188 3266 3261 Praecipuum
3302 3190 3446 3245 enim

1875 3286 2025 3353 regni
2058 3287 2272 3354 signum
2297 3294 2554 3341 censetur
2594 3300 2717 3341 esse
2759 3297 3021 3354 purpura.
3064 3282 3445 3353 Principatum

1872 3380 2052 3429 autem
2093 3374 2348 3430 obtinens
2381 3374 2638 3436 facultas,
2674 3372 2729 3426 in
2760 3382 2868 3440 qua
2891 3377 3059 3440 caput
3088 3384 3248 3425 suum
3284 3368 3451 3424 reclio

1874 3473 1966 3519 net
1992 3464 2040 3520 is
2071 3465 2156 3534 qui
2178 3465 2487 3519 construxit
2517 3464 2908 3529 ferculum,est
2937 3476 3200 3530 purorum
3228 3460 3449 3530 dogma-

1873 3562 1991 3608 tum
2022 3568 2237 3608 aurum.
2274 3554 2625 3624 Quaecunque
2657 3561 2841 3606 autem
2891 3553 3081 3616 latent,
3125 3558 3180 3606 et
3209 3565 3317 3604 non
3349 3565 3449 3620 ap.-

1876 3653 2092 3713 parent,
2136 3643 2469 3698 decorantur
2522 3658 2656 3713 pura
2705 3657 3041 3712 gemmarum
3082 3640 3448 3703 conscientia,

1877 3750 1973 3805 per
1998 3749 2118 3805 quae
2149 3735 2334 3789 omnia
2369 3735 2626 3790 consistit
2660 3736 2902 3790 charitas
2929 3752 3003 3790 ex.
3021 3734 3236 3790 filiabus
3259 3731 3448 3789 Israel.

1879 3825 1938 3881 Si
1969 3828 2095 3897 quis
2128 3836 2309 3882 autem
2359 3826 2490 3882 velit
2525 3826 2793 3883 ferculum
2832 3826 3050 3897 quidem
3097 3825 3283 3880 dicere
3321 3824 3449 3878 uni-

1876 3933 2090 3974 versam
2136 3919 2461 3984 Ecelesiam,
2517 3919 2725 3975 dividat
2777 3927 2960 3974 autem
3023 3934 3092 3974 ex
3134 3915 3453 3973 differentiis

1879 4012 2264 4082 operationum
2315 4011 2370 4066 in
2412 4026 2679 4083 personas
2729 4011 2963 4082 aliquas,
3016 4016 3196 4082 partes
3236 4008 3449 4073 ferculi,

1880 4110 1939 4158 ut
1970 4105 2085 4174 jam
2109 4104 2176 4159 de
2205 4120 2272 4160 eo
2301 4106 2511 4160 dictum
2543 4114 2629 4161 est
2659 4113 2843 4168 antea,
2890 4104 2973 4159 sic
3006 4117 3224 4173 quoque
3255 4110 3340 4158 est
3370 4100 3453 4155 fa-

1878 4195 2146 4250 cillimum
2182 4196 2479 4266 unicuique
2507 4196 2689 4250 ordini
2733 4210 2920 4251 eorum
2951 4196 3045 4265 qui
3075 4202 3203 4249 sunt
3248 4193 3307 4247 in
3349 4191 3456 4246 Ec-

1879 4286 2042 4341 clesia
2072 4286 2330 4356 adaptare
2357 4298 2540 4357 partes
2571 4286 2764 4340 ferculi
2796 4298 2810 4338 :
2835 4282 3113 4354 quomodo
3142 4282 3277 4336 dicit
3306 4280 3455 4350 Apo-

1879 4377 2055 4434 stolus
2083 4396 2095 4430 :
2126 4376 2336 4441 Posuit,
2383 4377 2581 4447 inquit,
2637 4375 2781 4430 Deus
2817 4375 2872 4428 in
2917 4372 3180 4437 Ecclesia,
3219 4372 3454 4441 primum

1883 4463 2171 4531 apostolos,
2205 4462 2431 4521 secundo
2476 4462 2779 4532 prophetas,
2832 4462 2988 4516 tertio
3028 4461 3270 4516 doctores
3287 4461 3354 4525 ³⁸,
3400 4467 3455 4515 et

203 4562 350 4629 Θεὸς
374 4562 446 4615 ἐν
465 4556 543 4632 τῇ
580 4563 924 4631 Ἐκκλησία,
947 4561 1182 4631 πρῶτοι⁴¹
1209 4564 1611 4634 ἀποστόλους,
1647 4569 1780 4624 δεύ-

1957 4554 2199 4624 tgulatim
2233 4553 2416 4609 omnia
2441 4554 2515 4608 ad
2536 4554 2924 4624 perfectionem
2965 4563 3308 4621 sanctorum,
3377 4556 3451 4610 ita

202 4667 378 4719 τερον
400 4653 732 4722 προφήτας,
755 4656 956 4723 τρίτον
977 4651 1406 4721 διδασκάλους,
1436 4654 1627 4710 ἔπειτα
1653 4658 1776 4712 καθ’

203 4744 437 4800 ἕκαστον
480 4746 663 4800 πάντα
707 4746 847 4818 πρὸς
888 4746 980 4802 τὸν
1025 4748 1397 4819 καταρτισμὸν
1436 4748 1544 4804 τῶν
1583 4751 1775 4820 ἁγίων·

205 4835 279 4899 ὡς
301 4836 390 4890 διὰ
410 4836 523 4890 τῶν
553 4838 830 4907 ὀνομάτων
856 4836 964 4891 τῶν
989 4837 1126 4908 πρὸς
1142 4838 1239 4909 τὴν
1254 4837 1348 4892 τοῦ
1367 4840 1586 4911 φορείου
1612 4858 1781 4897 κατα-

209 4926 408 4999 σκευὴν
421 4926 815 4983 συντελούντων
832 4929 1012 4999 ἱερέας
1026 4927 1263 4983 νοεῖσθαι
1285 4931 1381 4984 καὶ
1403 4932 1774 4997 διδασκάλους,

210 5018 305 5073 καὶ
358 5019 463 5090 τὴν
510 5019 715 5090 σεμνὴν
766 5019 1063 5090 παρθενίαν
1100 5019 1198 5091 τὴν
1247 5020 1398 5085 ἐντὸς
1431 5022 1527 5076 τοῦ
1559 5023 1778 5095 φορείου

211 5109 540 5182 καθαρότητι
568 5108 680 5163 τῶν
723 5108 954 5181 ἀρετῶν,
987 5105 1099 5164 οἷόν
1126 5128 1235 5164 τισι
1262 5110 1425 5165 λίθων
1463 5113 1661 5182 αὐγαῖς
1698 5115 1781 5170 ἐνε-

210 5204 649 5274 ιστράπτουσαν.

291 5292 454 5348 Ἀλλά
491 5294 623 5365 περὶ
683 5292 785 5364 μὲν
841 5292 1045 5347 τούτων
1084 5294 1341 5349 τοσαῦτα.
1391 5296 1448 5349 Ὀ
1489 5297 1547 5350 δὲ
1584 5296 1781 5370 ἐφεξῆς

213 5388 365 5457 λόγος
391 5385 711 5460 προτροπὴν
727 5386 970 5457 περιέχει
987 5386 1121 5458 πρὸς
1144 5386 1244 5451 τὰς
1263 5387 1564 5460 θυγατέρας
1598 5389 1786 5461 Ἰερου-

213 5478 396 5553 σαλὴμ
421 5477 574 5549 παρὰ
603 5476 705 5548 τῆς
737 5476 958 5548 νύμφης
977 5477 1274 5547 γινόμενος·
1306 5476 1396 5541 Ὠς
1419 5477 1526 5550 γὰρ
1554 5479 1583 5531 ό
1610 5479 1784 5549 μέγας

217 5570 424 5636 Παῦλος
448 5569 654 5642 ζημίαν
687 5570 889 5642 ἠγεῖτο,
915 5570 963 5623 εί
994 5568 1069 5640 μὴ
1096 5569 1233 5623 πᾶσι
1253 5567 1359 5623 τῶν
1386 5567 1529 5622 ἰδίων
1565 5569 1783 5638 ἀγαθῶν

1876 4654 1938 4699 ut
1967 4660 2066 4715 per
2093 4645 2194 4701 has
2227 4659 2409 4710 voces,
2460 4659 2800 4715 quaecunque
2829 4645 2898 4700 ad
2935 4640 3211 4717 opiﬁcium
3262 4647 3455 4703 ferculi

1874 4735 2516 4806 pertinent,sacerdotes
2568 4751 2633 4790 ae
2680 4735 2938 4792 doctores
2977 4737 3372 4808 intelligantur,
3401 4747 3456 4793 et

1874 4825 2244 4882 venerandam
2279 4826 2645 4897 virginitatem
2680 4840 2808 4882 esse
2853 4833 3184 4889 statuamus,
3235 4840 3356 4896 quae
3395 4825 3453 4880 in

1876 4917 2106 4985 ferculo,
2148 4920 2409 4975 virtutum
2437 4919 2697 4990 puritate,
2725 4926 2984 4989 tanquam
3017 4917 3189 4989 radiis
3220 4917 3453 4986 quibus-

1882 5012 2007 5067 dam
2039 5010 2425 5083 pretiosiorum
2460 5011 2703 5082 lapidum
2735 5010 2964 5081 fulgeat.

1957 5295 2115 5350 Acdc
2136 5294 2221 5349 his
2242 5294 2462 5364 quidem
2479 5295 2767 5350 hactenus.
2800 5292 2932 5360 Quae
2946 5298 3249 5361 sequuntur
3267 5289 3453 5354 verba,

1887 5385 2103 5457 prolata
2131 5386 2199 5439 ab
2230 5385 2346 5454 ipsa
2386 5400 2613 5455 sponsa,
2636 5385 3071 5441 exhortationem
3099 5381 3168 5437 ad
3196 5381 3339 5438 ﬁlias
3368 5377 3456 5437 Je-

1886 5477 2125 5532 rusalem
2170 5476 2475 5530 continent.
2536 5474 2673 5529 Nam
2720 5473 3179 5546 quemadmodum
3229 5485 3456 5543 magnus

1885 5569 1976 5622 ille
2004 5566 2208 5622 Paulus
2223 5566 2266 5598 ⁸⁷
2303 5580 2402 5637 pro
2428 5565 2631 5621 damno
2649 5566 2904 5636 ducebat,
2949 5565 2998 5624 si
3031 5580 3145 5623 non
3169 5577 3295 5621 cum
3328 5561 3456 5618 uni-

283 5750 327 5788 ⁸³
393 5750 548 5809 Rom.
613 5765 712 5815 ιιι,
759 5752 792 5807 ά
827 5764 947 5823 sqq.
1000 5751 1044 5784 ιθ
1079 5749 1124 5805 ιι
1207 5749 1334 5807 Cor.
1371 5766 1411 5818 ι,
1464 5750 1550 5821 12,
1583 5750 1673 5813 28.
1752 5752 1781 5786 ετ

1958 5767 2040 5810 or.
2100 5766 2199 5823 vn,
2249 5748 2307 5811 7..
