3730 5980
91 5834 163 5905 ἱ.

243 287 344 343 till-3
400 311 420 329 κ

1444 286 1501 342 8.
1542 286 1631 341 GR
1642 286 1869 343 EGORlI
1896 287 2189 345 NYSSENI

3397 289 3506 346 9!6

237 403 413 459 versis
454 403 593 457 bona
644 416 743 456 sua
777 400 1263 465 communicasset,
1307 416 1481 471 eaque
1526 403 1594 458 de
1640 417 1702 456 ca

2034 404 2259 474 νῴνησε,
2315 406 2397 461 διὸ
2457 407 2526 460 τά
2582 404 2803 459 τοιαῦτα
2843 404 2979 473 πρὸς
3027 405 3152 467 τοὺς
3203 403 3507 471 ἀκούοντας

238 494 419 550 verbis
451 494 601 548 hisce
629 494 696 548 ad
715 494 997 561 audientes
1032 494 1287 549 utebatur
1311 511 1324 547 :
1369 492 1536 547 Velim
1563 510 1650 549 vos
1679 494 1812 549 tales

240 587 359 653 ﬁeri
382 585 557 656 quatis
588 601 679 655 ego
710 601 849 651 sum,
904 600 1030 639 cum
1071 593 1126 639 et
1182 577 1300 655 ipse
1350 585 1648 655 aliquando
1687 586 1815 641 talis

243 678 459 743 l'uerim,
487 678 677 749 quales
710 693 805 733 vos
836 678 989 733 estis.
1024 675 1155 737 Item
1182 693 1196 730 :
1233 675 1399 732 Velim
1425 692 1514 731 vos
1545 677 1662 746 ﬁeri
1687 676 1814 733 imi-

242 779 440 823 tatores
475 770 597 835 mei,
624 767 1069 839 quemadmodum
1105 784 1199 839 ego
1229 766 1432 823 Christi
1473 782 1596 824 sum
1635 767 1816 829 imita-

243 870 332 917 tor
356 865 400 900 ³⁸
438 862 559 917 :sic
585 869 639 916 et
684 861 1077 932 benignissima
1122 860 1238 916 haec
1276 874 1478 933 sponsa
1506 858 1815 914 divinorum

243 952 431 1022 sponsi
471 953 856 1023 mysteriorum
892 954 1169 1023 particeps
1227 949 1391 1016 facta,
1461 961 1814 1021 posteaquam

244 1043 425 1099 cubile
448 1046 842 1117 conspexit,ac
872 1045 1017 1115 regis
1063 1044 1328 1099 ferculum
1375 1042 1567 1097 ell‘ecta
1599 1048 1703 1107 est,
1751 1042 1817 1095 ad

241 1137 565 1207 juvenculas
593 1137 911 1206 clamat'(et
947 1130 1153 1193 fuerint
1203 1135 1435 1193 forsitan
1476 1137 1559 1197 hae
1602 1136 1819 1190 illorum

247 1224 441 1278 anima:
472 1222 564 1294 qui
599 1224 829 1286 salutem
876 1224 1345 1297 consequuntur),
1383 1233 1437 1281 et
1476 1244 1489 1278 :
1524 1224 1822 1295 Quousque

247 1316 602 1383 tandem,ait,
643 1317 785 1372 intra
841 1319 965 1375 vitae
1007 1319 1324 1391 speluncam
1364 1317 1562 1376 abdita:
1604 1316 1823 1372 latetis?

245 1406 646 1478 Progredimini
701 1417 855 1465 extra
909 1420 1121 1467 naturas
1164 1410 1489 1473 velamenta,
1555 1408 1822 1479 factaeque

254 1500 377 1556 ﬁliae
406 1499 563 1567 Sion,
591 1500 970 1557 admirandum
1007 1503 1114 1558 hoc
1155 1502 1526 1575 spectaculum
1571 1500 1819 1571 aspicite.

250 1589 540 1653 Intuemini
567 1591 1011 1653 decentissimam
1052 1593 1106 1654 in
1141 1591 1320 1662 capite
1351 1593 1495 1662 regis
1533 1604 1822 1655 coronam,

249 1699 414 1752 quam
448 1691 622 1738 mater
645 1683 817 1753 ipsius
835 1684 884 1738 ei
916 1683 1336 1754 circumposuit,
1365 1682 1821 1753 quemadmodum

249 1784 405 1831 vates
440 1775 532 1829 ille
564 1774 809 1846 loquitur
841 1791 857 1832 :
894 1774 1131 1838 Posuisti
1165 1777 1221 1830 in
1251 1784 1408 1844 caput
1461 1775 1638 1845 ipsius
1670 1789 1823 1828 coro-

252 1885 378 1923 nam
414 1867 478 1922 αθ
505 1868 679 1938 lapide
718 1867 949 1937 pretioso
987 1866 1187 1923 factam
1216 1867 1285 1922 ”.
1303 1866 1491 1940 Neque
1531 1866 1823 1937 quisquam

250 1976 442 2017 eorum
477 1960 574 2032 qui
598 1960 783 2031 aliquo
814 1961 869 2018 in
899 1959 1141 2017 oraculis
1165 1958 1368 2019 divinis
1386 1957 1593 2028 judicio
1620 1958 1824 2023 valent,

251 2053 321 2106 de
353 2051 602 2111 vocabuli
641 2050 693 2109 vi
725 2048 1094 2120 argutabitur,
1132 2047 1281 2118 quod
1317 2061 1414 2118 pro
1450 2054 1604 2115 patre
1634 2045 1830 2102 matris

257 2143 344 2198 hic
378 2142 471 2199 ﬁat
513 2141 740 2206 mentio,
785 2155 909 2199 cum
941 2140 1229 2212 utriusque
1264 2138 1416 2195 vocis
1451 2153 1648 2196 sensus
1686 2138 1829 2195 idem

255 2235 348 2290 sit.
375 2233 512 2287 Nam
546 2246 671 2287 cum
719 2232 775 2285 in
806 2236 1000 2286 natura
1052 2230 1236 2285 divina
1293 2242 1475 2298 neque
1526 2226 1827 2291 masculus,

258 2340 433 2397 neque
465 2323 733 2387 femineus
757 2338 921 2379 sexus
949 2320 1202 2386 exsistat,
1233 2318 1363 2391 (quo
1402 2319 1545 2372 enim
1576 2325 1736 2393 pacto
1774 2315 1828 2369 in

257 2418 461 2478 deitate
492 2416 651 2473 nobis
678 2413 940 2485 quiddam
965 2412 1240 2483 ejusmodi
1281 2411 1468 2467 venire
1506 2411 1561 2465 in
1592 2417 1830 2465 mentem

258 2511 454 2581 possit,
489 2522 613 2563 cum
644 2520 810 2571 sexus
843 2506 1144 2560 discrimen
1187 2519 1257 2559 ne
1304 2502 1524 2575 quidem
1573 2501 1627 2555 in
1671 2499 1833 2555 nobis

258 2601 576 2658 hominibus
600 2609 867 2671 perpetuo
898 2598 1226 2661 duraturum
1257 2595 1352 2660 sit,
1409 2594 1611 2664 quippe
1641 2592 1736 2663 qui
1778 2590 1834 2645 id

259 2692 548 2764 temporis,
576 2673 717 2747 cum
744 2705 938 2746 omnes
963 2702 1136 2751 unum
1164 2687 1220 2742 in
1251 2684 1476 2741 Christo
1509 2683 1832 2751 eﬂicicmur,

261 2784 418 2855 signa
458 2780 797 2840 discriminis
848 2778 1014 2849 hujus
1060 2793 1168 2833 una
1205 2792 1330 2833 cum
1361 2784 1478 2839 toto
1520 2776 1689 2839 veteri
1736 2776 1837 2830 ho-

263 2876 410 2929 mine
432 2872 654 2930 exuturi
680 2871 929 2942 sumus?)
962 2871 1167 2926 idcirco
1190 2870 1245 2927 in
1276 2879 1487 2931 naturae
1512 2869 1663 2924 illius
1695 2865 1838 2931 inef-

264 2963 446 3030 fabilis
470 2963 802 3018 indica‘tione
849 2978 953 3017 vox
995 2962 1205 3032 quaevis
1227 2976 1416 3031 parem
1441 2961 1550 3015 vim
1576 2959 1791 3022 obtinet
1819 2973 1835 3025 ;

1917 497 2136 565 ἔλεγεν·
2193 498 2274 550 ὅτι
2326 500 2580 551 Γίνεσθε
2620 497 2701 562 ὠς
2730 496 2864 565 ἐγὼ,
2909 495 2991 548 ὅτι
3036 496 3130 549 καὶ
3157 495 3320 558 αὐτὸς
3353 497 3508 566 ήμην

1917 584 2048 637 ποτὲ
2091 584 2213 638 καθ’
2256 585 2426 656 ὑμᾶς·
2490 586 2585 639 καὶ
2630 585 2711 641 ὅτι
2762 583 3023 652 Mummi
3062 601 3183 653 μου
3232 585 3503 652 γίνεσθε.

1918 678 2114 744 καθὼς
2165 678 2280 746 ἐγὼ
2339 678 2628 746 Χριστοῦ·
2681 676 2826 732 οὕτω
2883 677 2979 731 καὶ
3021 678 3054 747 ή
3113 677 3507 749 φιλάνθρωπος

1920 773 2104 846 νύμφη
2162 771 2301 841 αὕτη
2352 771 2463 826 τῶν
2524 770 2684 825 θείων
2737 769 2831 824 τοῦ
2875 762 3143 827 Δεσπότου
3189 771 3509 840 μυστηρίων

1920 864 2342 933 ἁξιωθεῖσα,ὄτε
2375 862 2475 935 τὴν
2509 862 2698 932 κλίνην
2731 861 2827 924 ἴδε.
2861 860 2956 915 καὶ
2983 864 3198 932 φορεῖον
3230 862 3507 931 βασιλέως

1920 953 2158 1020 ἐγένετο,
2189 952 2289 1023 βοᾷ
2328 951 2465 1023 πρὸς
2496 951 2597 1015 τὰς
2620 951 2866 1014 νεάνιδας
2889 966 2902 981 '
2937 946 3100 1004 αὗται
3132 951 3179 1003 δ’
3207 951 3274 1005 ἂν
3308 946 3423 1005 εἶεν
3448 953 3508 1006 αἱ

1919 1045 2029 1099 τῶν
2067 1043 2390 1114 σωζομένων
2437 1043 2633 1117 ψυχαίο
2684 1044 2829 1106 Ἕως
2886 1043 3038 1105 πότε,
3097 1043 3357 1112 λέγουσα,
3423 1043 3510 1113 τῷ

1924 1136 2174 1208 σπηλαίῳ
2193 1135 2287 1190 τοῦ
2319 1135 2435 1207 βίου
2465 1135 2916 1197 ἐναποκλείεσθες
2953 1135 3197 1201 ἑξέλθετε
3231 1135 3347 1190 τῶν
3372 1154 3512 1207 προ-

1922 1229 2291 1300 καλυμμάτων
2346 1228 2445 1297 τῆς
2496 1227 2731 1298 φύσεως,
2776 1228 2871 1282 καὶ
2898 1228 3037 1282 ἴδετε
3074 1228 3135 1282 τὸ
3184 1228 3510 1299 θαυμαστὸν

1924 1321 2131 1391 θέαμα⁶
2160 1319 2299 1375 Σιὼν
2344 1320 2644 1392 θυγατέρες
2693 1320 3005 1391 γενόμεναι,
3037 1320 3306 1374 θεάσασθε
3348 1338 3513 1392 περι-

1921 1410 2190 1482 τρέποντα
2211 1413 2280 1481 τῇ
2320 1410 2528 1487 κεφαλῇ
2549 1409 2643 1464 τοῦ
2676 1409 2936 1481 βασιλέως
2954 1412 3042 1464 τὸν
3070 1411 3355 1481 στέφανον,
3384 1411 3448 1464 ὃν
3472 1412 3510 1481 ἡ

1928 1505 2113 1576 μήτηρ
2137 1502 2285 1575 αὐτῷ
2311 1503 2607 1575 περιέθηκε
2653 1503 2795 1557 κατά
2821 1502 2919 1574 τὴν
2947 1503 3041 1557 τοῦ
3074 1505 3363 1575 Προφήτω
3393 1520 3512 1572 φω-

1925 1598 2042 1669 νὴν,
2090 1598 2151 1661 ὃς
2204 1611 2402 1667 φησιν·
2435 1598 2698 1664 Ἕθηκας
2727 1595 2829 1650 ἐπὶ
2867 1595 2981 1663 τὴν
3010 1595 3288 1663 κεφαλὴν
3314 1592 3510 1650 αὐτοῦ

1926 1688 2236 1758 (negem-05'
2284 1689 2353 1741 ἐκ
2394 1687 2570 1742 λίθου
2595 1687 2808 1755 τιμίου.
2832 1685 3059 1749 Πάντως
3087 1685 3144 1739 δὲ
3175 1685 3354 1749 οὐδεὶς
3395 1683 3512 1736 τῶν

1927 1782 2134 1853 κρίνειν
2153 1780 2278 1843 τοὺς
2294 1779 2422 1850 περὶ
2444 1777 2579 1831 Θεὸν
2605 1778 2792 1847 λόγους
2815 1777 3246 1848 ὲπεσκεμμένων
3280 1774 3515 1846 άκριὸο-
3533 1824 3550 1837 ,

1925 1855 2167 1941 λογεῖται
2208 1870 2334 1940 περὶ
2364 1870 2463 1941 τὴν
2485 1869 2581 1923 τοῦ
2611 1869 2874 1940 ὀνόματος
2913 1869 3172 1941 ἔμφασιν,
3202 1870 3285 1923 ὅτι
3318 1869 3515 1939 μήτηρ

1929 1963 2051 2015 ἀντὶ
2099 1959 2192 2013 τοῦ
2237 1959 2443 2031 πατρὸς
2473 1959 2893 2031 μνημονεύεται,
2943 1959 3071 2031 μίαν
3109 1959 3202 2028 ἀφ’
3238 1959 3515 2029 ἑκατέρας

1930 2055 2113 2126 φωνῆς
2142 2052 2536 2123 ἀναλαμϐάνων
2573 2052 2832 2107 διάνοιαν.
2876 2051 3093 2122 Ἐπειδὴ
3120 2051 3232 2122 γάρ
3257 2049 3382 2104 οὔτε
3409 2051 3518 2121 ἆῤ-

1932 2151 2054 2221 ρην,
2083 2146 2207 2201 οὔτε
2239 2145 2370 2216 θῆλυ
2412 2145 2475 2198 τὸ
2512 2145 2668 2200 Θεῖόν
2707 2146 2824 2197 ἐστι
2845 2162 2858 2176 ·
2908 2141 3025 2206 πῶς
3053 2142 3162 2215 γὰρ
3195 2142 3263 2196 ἂν
3288 2142 3382 2194 ἐπὶ
3406 2140 3519 2209 τῆς

1931 2240 2179 2311 θεότητός
2227 2257 2280 2294 τι
2308 2239 2525 2310 νοηθείη
2589 2236 2848 2300 τοιοῦτον,
2880 2234 3042 2289 ὁπότε
3080 2233 3201 2288 οὐδὲ
3238 2234 3369 2305 ἡμῖν
3396 2233 3519 2294 τοῖς

1931 2332 2237 2405 ἀνθρώποις
2262 2330 2419 2383 τοῦτο
2451 2330 2530 2392 είς
2555 2330 2614 2381 τὸ
2627 2328 2870 2397 διηνεκὲς
2887 2325 3212 2396 παραμένει,
3244 2324 3358 2378 ἀλλ’
3384 2324 3519 2376 ὅταν

1932 2425 1991 2479 ἐν
2016 2421 2236 2495 Χριστῷ
2263 2421 2321 2475 ἓν
2351 2421 2551 2484 πάντες
2595 2417 2903 2489 γενώμεθα,
2941 2417 3010 2471 τά
3038 2433 3104 2486 ση
3115 2419 3240 2481 μετα
3272 2418 3370 2485 τῆς
3392 2414 3520 2467 δια-

1934 2515 2105 2584 φορᾶς
2134 2512 2336 2583 ταύτης
2369 2509 2508 2580 μετὰ
2530 2509 2652 2563 ὅλου
2682 2508 2777 2561 τοῦ
2798 2505 3027 2560 παλαιοῦ
3060 2504 3349 2577 ἀνθρώπου
3381 2520 3520 2557 συνο

1935 2600 2268 2671 εκδυόμεθα;
2333 2601 2523 2652 τούτου
2562 2597 2722 2668 χάριν
2784 2596 3096 2666 ἰσοδυναμεῖ
3129 2594 3267 2663 πρὸς
3290 2593 3388 2663 τὴν
3422 2592 3518 2645 ἐν·

1934 2693 2098 2760 δειξιν
2150 2692 2251 2761 τῆς
2293 2690 2571 2761 ἀφθάρτου
2635 2687 2850 2756 φύσεως
2896 2688 3006 2740 πᾶν
3034 2687 3096 2739 τὸ
3122 2685 3519 2756 εὑρισκόμενον

1935 2785 2107 2857 ὄνομα
2130 2800 2143 2814 ’
2176 2781 2299 2837 οὔτε
2331 2781 2539 2853 θήλεος,
2578 2779 2701 2832 οὔτε
2730 2779 2953 2851 ἄρρενος
2985 2779 3085 2848 τὴν
3109 2776 3382 2847 σημασίαν
3411 2776 3521 2843 τῆς

1939 2876 2216 2948 ἀκηράτου
2256 2870 2721 2943 καταμολύνοντος
2761 2869 2998 2939 φύσεως.
3029 2869 3128 2922 Διά
3144 2867 3301 2920 τοῦτο
3322 2868 3380 2919 ὲν
3414 2864 3522 2935 μὲν

1939 2969 2017 3038 τῷ
2045 2964 2363 3035 Εύαγγελίῳ
2386 2964 2415 3016 ὁ
2442 2962 2625 3037 πατὴρ
2654 2961 2872 3031 λέγεται
2906 2961 3082 3013 ποιεῖν
3105 2958 3232 3020 τοὺς
3260 2956 3480 3026 γάμους
3504 2971 3518 2982 ·

264 3069 443 3125 neque
472 3055 663 3119 maris,
705 3068 882 3127 neque
913 3053 1128 3108 feminae
1173 3052 1441 3108 vocabulo
1479 3050 1737 3123 signiﬁca

2048 3076 2059 3111 ι
2087 3056 2378 3127 Προφήτης
2427 3053 2563 3127 πρὸς
2622 3052 2715 3105 τὸν
2759 3051 2892 3105 Θεὸν
2924 3049 3072 3119 λέγει
3101 3066 3116 3080 σ
3144 3049 3226 3102 ὅτι
3254 3048 3521 3112 Ἕθηκας

264 3162 390 3204 nem
416 3144 565 3209 illius
589 3146 900 3216 purissima:
943 3152 1152 3200 natura:
1195 3145 1493 3215 polluente.
1541 3143 1737 3216 Propte

2070 3146 2185 3216 τὴν
2205 3140 2668 3214 κεφαλήναὺτοῦ
2685 3139 3070 3210 στέφανονὲκ
3089 3138 3266 3193 λίθου
3283 3135 3484 3204 τιμίου
3504 3150 3518 3165 ·

267 3241 323 3301 in
346 3239 641 3311 Evangelia
681 3239 905 3309 quidam
940 3245 1097 3309 pater
1134 3238 1243 3293 ﬁlio
1277 3239 1498 3311 nuptias
1537 3238 1720 3293 facere
1757 3238 1841 3293 di-

268 3333 419 3388 citur
440 3331 484 3364 "
521 3351 532 3384 :
564 3329 839 3401 Propheta
867 3344 994 3384 vero
1014 3329 1106 3384 ille
1130 3328 1296 3384 Deum
1314 3330 1652 3403 compellans
1681 3348 1697 3385 :
1733 3328 1840 3383 Po-

268 3425 453 3490 suisti,
486 3424 584 3488 ait,
616 3425 672 3477 in
699 3431 854 3492 caput
882 3422 1046 3491 ipsius
1085 3437 1338 3476 coronam
1369 3420 1433 3475 de
1472 3422 1705 3492 pretioso
1759 3422 1841 3485 ta-

268 3516 389 3587 pide
415 3515 615 3571 iactam
649 3530 663 3566 :
698 3514 814 3577 haec
840 3514 1073 3584 denique
1103 3527 1309 3568 corona
1344 3528 1551 3583 sponso
1596 3529 1627 3567 a
1668 3521 1844 3567 matre

271 3609 529 3679 imposita
566 3606 789 3665 dicitur.
838 3605 978 3672 Quia
1015 3604 1182 3675 igitur
1217 3618 1339 3667 una:
1374 3611 1588 3660 tantum
1633 3604 1842 3676 nuptiae

274 3709 424 3764 sunt,
449 3709 504 3755 et
532 3714 641 3755 una
675 3712 900 3770 sponsa,
930 3708 985 3757 et
1016 3700 1085 3757 ab
1115 3714 1223 3755 uno
1249 3714 1454 3757 corona
1508 3714 1712 3770 sponso
1736 3698 1842 3752 im-

275 3789 785 3857 poniturmmnino
844 3788 978 3865 nihil
1040 3789 1377 3845 discriminis
1402 3796 1506 3852 est,
1566 3789 1682 3843 sive
1719 3788 1845 3858 quis

274 3876 370 3932 Dei
401 3876 598 3932 Filium
637 3879 926 3948 unigenam
960 3876 1128 3932 Deum
1160 3885 1340 3942 vocet,
1389 3878 1505 3933 sive
1533 3874 1728 3941 Filium
1761 3876 1847 3934 di-

278 3971 533 4026 lectionis
572 3971 714 4040 cjus,
780 3969 1240 4040 quemadmodum
1308 3969 1517 4025 Paulus
1576 3970 1842 4039 loquitur,

276 4076 402 4117 cum
444 4060 635 4116 eadem
700 4068 943 4129 potestas
993 4069 1223 4130 utroque
1276 4060 1546 4116 vocabulo
1601 4060 1844 4118 indicata

277 4158 510 4207 exornet
564 4151 745 4225 ipsum
812 4160 870 4206 ut
922 4164 1209 4221 sponsum,
1260 4151 1325 4206 ad
1386 4150 1847 4214 cohabitationem

1946 3237 2178 3294 ἐνταῦθα
2212 3236 2270 3289 δὲ
2303 3233 2454 3306 παρὰ
2490 3234 2588 3303 τῆς
2637 3231 2842 3303 μητρός
2886 3246 3051 3299 φησιν
3075 3225 3410 3282 ἐπιτίθεσθαι
3440 3221 3523 3292 τῷ

1946 3331 2163 3402 νυμφίῳ
2210 3328 2300 3382 τὸν
2339 3327 2618 3395 στέφανον.
2672 3324 2825 3377 Ἐπεὶ
2864 3318 2955 3376 οὖν
2988 3324 3133 3375 ἐστιν
3160 3317 3242 3383 εἷς
3280 3319 3309 3371 ὁ
3341 3318 3524 3386 γάμος

1945 3423 2039 3480 καί⁵
2059 3421 2157 3493 μία
2176 3420 2384 3491 νύμφη,
2403 3418 2498 3470 καὶ
2527 3415 2677 3485 παρά
2705 3415 2823 3478 ἐνὸς
2839 3412 3188 3471 ἐπιϐάλλεται.
3205 3409 3281 3478 τῷ
3301 3408 3526 3477 νυμφίῳ

1945 3517 1974 3568 ὁ
2004 3513 2264 3581 στέφανος
2284 3527 2298 3541 ·
2331 3508 2481 3561 οὐδὲν
2503 3505 2749 3577 διαφέρει
2782 3503 3022 3566 πάντως,
3053 3496 3232 3572 ἧΥἱὸν
3264 3495 3359 3550 τοῦ
3382 3493 3525 3549 Θεοῦ

1947 3605 2039 3660 τὸν
2076 3601 2335 3674 μονογενῆ
2360 3599 2539 3667 λέγειν
2576 3597 2729 3664 Θεὸν,
2761 3590 2930 3668 ἢΥίὸν
2946 3593 3046 3663 τῆς
3073 3591 3293 3660 ἀγάπης
3332 3585 3524 3649 αὑτοῦ,

1948 3693 2090 3751 κατὰ
2111 3693 2207 3763 τὴν
2228 3689 2439 3745 Παύλου
2473 3689 2679 3761 φωνὴν,
2708 3688 2784 3750 ὡς
2817 3685 2945 3756 μιᾶς
2971 3681 3138 3752 οὔσης
3176 3679 3299 3733 καθ’
3326 3679 3527 3732 ἑκάτε·

1951 3804 2043 3863 ρον
2073 3762 2243 3854 ὄνομα
2298 3783 2397 3854 τῆς
2425 3778 2900 3852 νυμφοστολούσης
2938 3775 3099 3828 αὐτὸν
3127 3772 3220 3863 ἐστὶ
3262 3762 3362 3841 τῆς
3392 3771 3532 3863 quas

1947 3859 2113 3950 τέρας
2125 3874 2485 3946 συνοικήσεως
2504 3871 2806 3942 δυνάμεως.
2846 3865 3120 3931 Ἑξέλθετε
3141 3859 3257 3927 οὖν,
3290 3862 3464 3933 φησὶν
3494 3861 3529 3932 η

1948 3967 2134 4039 νύμφη
2167 3965 2304 4037 πρὸς
2330 3964 2429 4027 τὰς
2458 3962 2725 4025 νεάνιδας,
2750 3960 2842 4015 καὶ
2872 3957 3187 4027 θυγατέρες“
3208 3953 3350 4008 Σιὼν
3373 3953 3532 4022 γένε-

1951 4060 2044 4121 σθε
2069 4077 2082 4090 ·
2112 4057 2252 4112 ὥστε
2281 4055 2389 4110 ἀπὸ
2415 4054 2648 4116 σκοπιᾶς
2687 4051 2896 4123 ὑψηλῆς
2929 4047 3093 4120 (οὕτω
3132 4046 3242 4117 γὰρ
3274 4044 3416 4098 Σιὼν
3441 4045 3533 4114 ἐρ-

1947 4149 2265 4224 μηνεύεται)
2289 4144 2656 4220 δυνηθῆναιτὸ
2684 4141 2996 4225 θαυμαστὸν
3018 4141 3145 4207 ίδεῖν
3179 4138 3387 4206 θέαμα,
3417 4151 3531 4188 στε-

3727 2580 3730 2689 1

3727 2732 3730 2855 l

3724 2870 3730 2981 ί

277 4250 546 4298 nostram.
610 4240 942 4312 Egredimini
986 4255 1140 4310 ergo,
1191 4241 1370 4315 inquit
1412 4240 1480 4296 ad
1523 4241 1750 4311 juvenem

2052 4240 2366 4314 ιηφοροῡντα
2417 4238 2508 4293 τὸν
2569 4235 2825 4307 νυμφίον.
2877 4233 3148 4302 Στέφανος
3202 4230 3263 4283 δὲ
3308 4227 3525 4297 αῠτῷή

278 4351 505 4406 sponsa,
539 4342 593 4391 et
628 4335 749 4391 ﬁlize
771 4332 903 4389 Sion
938 4331 1268 4402 eﬂiciamim,
1303 4342 1361 4388 ut
1384 4334 1451 4389 de
1481 4332 1751 4390 sublimis

2057 4332 2496 4405 ικλησίαγίνεται,
2515 4330 2605 4383 διὰ
2631 4327 2741 4382 τῶν
2766 4326 3025 4398 ἐμψύχων
3050 4323 3214 4377 λίθων
3241 4320 3343 4391 τὴν
3363 4336 3530 4389 κεφα-

278 4427 403 4481 cula
439 4426 568 4495 (hoc
611 4426 758 4481 enim
805 4440 910 4480 vox
951 4426 1084 4481 Sion
1121 4425 1417 4498 signiﬁcat)
1473 4426 1750 4496 spectacul

2070 4430 2127 4481 ὲν
2142 4424 2338 4495 ,κύκλῳ
2375 4420 2833 4492 διαλαμϐάνουσα.
2861 4414 3310 4486 Στεφανηπλόκος
3342 4412 3405 4465 δὲ
3436 4408 3530 4462 τοῦ

279 4514 912 4572 οόηιίιιιιιᾶιιιηενὶἀοτε
970 4515 1221 4585 possitis,
1254 4515 1511 4572 videlicet
1582 4527 1752 4585 spons

2053 4518 2200 4573 micon
2229 4514 2574 4589 στεφάνου,η
2617 4511 2805 4580 ἀγάπη
2829 4507 2996 4571 ἐστὶν,
3021 4506 3108 4577 ἢν,
3147 4504 3259 4556 εἴτε
3294 4499 3526 4572 μητέρα,

279 4619 487 4661 corona
520 4604 857 4669 redimitum.
898 4603 994 4662 Est
1014 4615 1196 4663 autem
1220 4621 1424 4669 corona
1458 4605 1625 4677 hujus
1662 4604 1752 4660 Εοι

2059 4628 2067 4663 :
2113 4608 2331 4677 ἀγάπην
2366 4622 2449 4668 τις
2485 4603 2654 4671 λέγει,
2686 4601 2786 4671 οὐχ
2829 4598 3221 4669 ἁμαρτήσεται.
3251 4592 3387 4655 Θεὸς
3425 4590 3532 4659 γάρ

279 4700 533 4769 sia,quae
557 4697 748 4770 sponsi
781 4706 946 4769 caput
990 4699 1132 4755 vivis
1174 4706 1231 4756 et
1274 4698 1530 4758 animatis
1576 4694 1752 4767 lapidi]

2058 4717 2104 4755 ιν
2137 4697 2347 4769 ἀγάπη,
2398 4693 2541 4750 κατὰ
2594 4692 2695 4763 τὴν
2739 4690 2982 4747 Ἰωάννου
3026 4685 3231 4757 φωνήν.
3262 4683 3453 4752 Τούτῳ
3474 4679 3531 4734 δὲ

281 4790 525 4861 undique
555 4789 881 4845 circumdat.
922 4790 1098 4859 Atque
1132 4789 1273 4846 hanc
1312 4802 1574 4845 coronam
1607 4787 1754 4845 citari

2082 4790 2330 4862 στεφάνῳ
2390 4782 2841 4858 ὲνευφραίνεσθαι
2879 4782 3027 4851 λέγει
3070 4778 3232 4833 αὐτὸν
3256 4778 3291 4848 ἡ
3319 4775 3527 4845 νύμφη,

280 4882 600 4941 connexuit.
625 4881 762 4944 Nam
794 4883 910 4938 sive
930 4882 1056 4953 quis
1086 4881 1190 4937 hoc
1219 4881 1405 4947 matri,
1439 4882 1557 4937 sive
1590 4880 1753 4936 charil

2059 4882 2315 4956 νυμφικῷ
2365 4881 2554 4951 κόσμῳ
2592 4876 3037 4947 ὲναγαλλόμενον.
3081 4871 3277 4942 Χαίρει
3316 4868 3428 4962 γάρ
3459 4867 3532 4929 ὡς

281 4978 508 5042 tribuat,
536 4990 645 5031 non
676 4974 975 5033 aberrauit.
1028 4973 1244 5029 Etenim
1267 4972 1412 5029 Deus
1448 4981 1533 5031 est
1582 4973 1754 5029 charit

2038 4960 2163 5052 ιθὼς
2198 4980 2228 5038 ὁ
2255 4975 2501 5030 σύνοικον
2528 4973 2627 5043 τὴν
2673 4968 2996 5041 Ἐκκλησίαν
3025 4964 3203 5035 ἑαυτῷ
3229 4960 3511 5032 ποιησάμε

283 5068 740 5140 quemadmodum
769 5066 1010 5123 Joannes
1044 5067 1119 5121 ait
1138 5065 1205 5117 “.
1226 5064 1392 5136 Atqui
1423 5066 1524 5120 hac
1551 5081 1615 5127 ex
1645 5081 1756 5122 COl‘l

2057 5117 2060 5133 ,
2091 5071 2213 5134 ταῖς
2241 5067 2459 5140 ἀρεταῖς
2486 5063 2598 5118 τῶν
2645 5059 3053 5132 διαπρεπόντων
3081 5057 3139 5109 ὲν
3160 5054 3300 5123 αὐτῇ
3334 5065 3530 5140 στεφα-

286 5139 614 5230 voluptatem
649 5174 774 5215 eum
807 5172 1002 5228 capere
1027 5156 1102 5212 ait
1125 5157 1595 5229 sponsa,miriﬁce
1610 5159 1759 5230 gaudi

2060 5179 2228 5235 μενος.
2259 5139 2517 5231 Κρεῖττον
2552 5155 2598 5208 δ’
2627 5153 2693 5209 ἂν
2734 5152 2821 5222 εἴη
2863 5149 3032 5212 αὐτάς
3065 5143 3411 5218 παραθέσθαι
3434 5139 3533 5204 τάς

286 5268 396 5307 tem
430 5260 628 5307 ornatu
656 5252 750 5309 illo
797 5250 1147 5321 sponsalitio.
1195 5248 1408 5313 Revera
1461 5250 1609 5305 enim
1666 5250 1753 5313 laet

2060 5272 2108 5319 ις
2137 5252 2319 5323 φωνάς
2356 5249 2448 5303 ἐπὶ
2486 5246 2682 5315 λέξεως
2722 5242 2951 5314 ἐχούσας
2986 5239 3157 5302 οὓτως
3230 5235 3533 5301 Ἐξέλθετε

285 5342 522 5411 adicitur
553 5346 597 5398 is
632 5345 727 5414 qui
767 5341 1071 5399 Ecclesiam
1108 5342 1398 5414 conjugem
1428 5343 1534 5400 sibi
1571 5342 1724 5406 fecit,

2107 5344 2283 5407 ιδετε,
2343 5336 2661 5408 θυγατέρες
2709 5333 2881 5397 Σιὼν,
2914 5331 3037 5385 τὸνι
3057 5324 3323 5395 ,βασιλέα
3354 5324 3533 5414 Σολυς

289 5433 513 5492 dimitus
545 5436 763 5489 illorum
804 5435 1120 5496 virtutibus,
1168 5436 1261 5505 qui
1295 5438 1347 5490 in
1379 5450 1443 5491 ea
1475 5443 1603 5491 sunt
1641 5436 1762 5491 exin

2059 5450 2160 5488 rm
2211 5433 2278 5487 ἐν
2329 5428 2409 5494 τῷ
2430 5407 2733 5494 στεφάνῳ,
2756 5416 2805 5489 ᾧ
2832 5417 3257 5489 ἐστεφάνωσεν
3278 5410 3469 5506 αὐτὸν

289 5525 475 5590 Fuerit
509 5530 691 5578 autem
734 5522 972 5588 fortasse
1003 5499 1202 5581 melius
1231 5528 1345 5580 hac
1395 5526 1512 5597 ipsa
1544 5526 1709 5582 verba
1748 5542 1762 5580 ι

2055 5542 2155 5593 τηρ
2198 5521 2402 5587 αὑτοῦ,
2457 5519 2525 5574 ἐν
2552 5516 2739 5587 ἡμέρᾳ
2780 5512 3170 5583 νυμφεύσεως
3197 5502 3409 5572 αὐτοῦ,
3437 5499 3528 5555 καί

362 5675 481 5783 ιῖιῡι
536 5728 663 5787 cor.
725 5741 801 5795 χι,
848 5727 898 5781 1.
939 5728 983 5758 δ’
1035 5724 1156 5781 Psal
1237 5743 1329 5795 ιι,
1407 5731 1460 5793 4.
1543 5730 1586 5763 ἰο
1644 5729 1830 5785 Matth.

1543 5730 1586 5763 ³ο
1644 5729 1830 5785 Matth.
1896 5744 2030 5796 un,
2087 5727 2124 5780 '2
2178 5740 2298 5795 sqq.
2377 5723 2420 5752 ”
2478 5718 2681 5776 lJoan.
2746 5730 2823 5783 tv,
2882 5714 2938 5770 8.
