3742 5986
171 260 276 318 9W

1241 273 1311 328 IN
1336 273 1633 332 CANTICA
1661 274 1933 332 CANTIC.
1975 275 2257 335 HOMlLlA
2297 282 2407 338 Vli.

3331 291 3435 348 918

175 376 246 432 ἐν
276 378 472 447 ἡμέρᾳ
521 383 908 454 εὐφροσύνης
966 386 1213 456 καρδίας
1255 390 1460 445 αὑτοῦ.
1516 390 1628 462 Τὴν
1671 385 1757 444 οὖν

1935 393 2057 457 :ari,
2129 410 2251 465 quae
2308 397 2529 468 quidem
2597 399 2912 469 hujusmodi
2991 412 3140 461 sunt:
3224 404 3440 477 Egredi-

175 467 435 540 τοιαύτην
472 473 884 546 φιλανθρωπίαν
919 478 1016 549 τῆς
1053 478 1272 553 νύμφης
1307 483 1337 535 6
1370 482 1543 551 Λόγος
1571 483 1764 537 ἀποδε-

179 559 433 631 ξάμενος,
481 566 564 618 ὅτι
602 568 746 621 κατὰ
791 570 1023 641 μίμησιν
1056 572 1150 627 τοῦ
1202 573 1473 628 Δεσπότου
1512 576 1605 629 καὶ
1627 575 1765 646 αὐτὴ

177 654 389 717 πάντας
412 653 555 709 θέλει
573 657 830 730 σωθῆναι,
851 662 1046 726 καὶ·είς
1073 663 1367 733 ἐπίγνωσιν
1380 668 1479 738 τῆς
1510 666 1766 737 ἀληθείας

177 745 386 800 ὲλθεῖψ
415 749 747 819 σεμνοτέραν
792 752 962 824 αὐτὴν
1005 754 1376 825 ἀπεργάζεται
1403 758 1431 810 6
1454 757 1633 827 μκήρυξ
1669 756 1764 811 τοῦ

178 834 412 899 κάλλους
475 838 646 909 αὐτῆς
683 841 776 894 καὶ
829 822 1128 915 ζωγράφος
1164 822 1471 917 γινόμενος.
1656 846 1766 919 γὰρ

180 925 372 991 ἁπλῶς
406 930 434 981 6
462 927 559 999 τῆς
585 929 734 1003 ὥρας
784 934 1005 1003 ἔπαινος
1034 937 1278 1007 λέγεται,
1324 939 1620 1011 καθολικὴν
1645 958 1766 995 τινα

178 1017 462 1104 εὐφημίαν
499 1024 767 1095 περιέχων
821 1028 918 1081 τοῦ
964 1028 1223 1094 κάλλους’
1260 1031 1375 1085 ἀλλ’
1402 1030 1768 1104 ἐμφιλοχωρεῖ

176 1111 263 1182 τῷ
314 1095 458 1185 λόγῳ
495 1119 606 1181 τοῖς
632 1118 753 1172 καθ’
793 1121 1024 1177 ἕκαστον
1080 1123 1325 1195 μέρεσιν,
1371 1095 1502 1179 ῐδιυον
1548 1095 1766 1196 ἑκάστῳ

184 1202 340 1271 μέλει
366 1204 455 1258 διὰ
483 1210 821 1281 συγκρίσεως
852 1229 911 1266 τε
940 1213 1036 1269 καὶ
1068 1213 1381 1286 ὁμοιώσεως
1409 1216 1765 1289 χαριζόμενος

181 1293 246 1347 τὺ
283 1294 578 1368 ἐγκώμιον.

254 1562 423 1631 Λέγει
462 1562 520 1617 δὲ
562 1563 731 1629 οὕτως
751 1583 766 1597 ο
808 1567 961 1623 Ἰδοὺ
988 1565 1048 1624 εἴ
1062 1570 1245 1640 καλὴ,
1276 1573 1314 1640 ἡ
1342 1573 1608 1640 πλησίον
1620 1591 1761 1641 μου,

181 1652 318 1706 ἰδοὺ
343 1648 404 1707 εἴ
426 1654 606 1725 καλή.
655 1657 717 1709 Ἤ
751 1658 855 1730 γάρ
881 1664 1236 1736 μιμησαμένη
1274 1665 1369 1719 τοῦ
1401 1667 1671 1720 Δεσπότου
1705 1666 1766 1719 τὸ

181 1741 567 1815 φιλάνθρωπον
600 1745 866 1819 βούλημα,
898 1754 991 1805 καὶ
1027 1754 1261 1821 ἐξελθεῖν
1318 1757 1759 1854 ὲγκελευσαμένη

180 1833 308 1888 καθ’
343 1836 639 1909 ὁμοιότητα
669 1841 762 1893 τοῦ
809 1843 1057 1917 Ἀϐραὰμ
1086 1847 1184 1912 τὰς
1227 1849 1492 1917 νεάνιδας,
1524 1833 1763 1924 ἑκάστην

179 1926 294 1979 ἀπὸ
317 1927 417 1997 τῆς
438 1930 540 2001 γῆς
561 1932 781 2003 ἑαυτῆς,
819 1937 912 1989 καὶ
926 1937 1036 1992 ἀπὸ
1066 1939 1166 2010 τῆς
1189 1942 1319 2012 περὶ
1346 1943 1414 1996 τὰ
1432 1943 1764 2020 αίσθητῄρια

182 2019 505 2085 συγγενείας
541 2022 734 2093 αὐτῆς,
761 2025 903 2079 ὥστε
965 2029 1091 2083 ίδεῖν
1130 2031 1222 2085 τὸν
1254 2033 1491 2105 καθαρὸν
1530 2019 1764 2107 νυμφίον

182 2113 698 2182 στεφανηφοροῦντα
750 2116 849 2189 τὴν
887 2111 1216 2193 Ἐκκλησίαν
1241 2140 1254 2154 ·
1290 2124 1507 2196 άληθῶς
1536 2126 1764 2197 πλησίον

179 2201 390 2267 γίνεται
417 2205 516 2275 τῆς
535 2205 857 2280 δεσποτικῆς
878 2212 1234 2284 ἀγαθότητος,
1261 2215 1349 2270 διὰ
1376 2216 1475 2287 τῆς
1510 2218 1648 2289 πρὸς
1670 2220 1762 2273 τὸν

180 2290 410 2362 πλησίον
437 2293 656 2367 ἀγάπης
700 2297 779 2370 τῷ
822 2299 940 2371 Θεῷ
980 2305 1408 2375 προσεγγίσασα.
1450 2308 1621 2375 Καλὴ
1672 2303 1765 2363 οὖν

178 2378 253 2443 εἶ,
278 2382 411 2453 φησὶ
439 2386 575 2457 πρὸς
604 2389 774 2461 αὐτὴν
799 2391 828 2443 6
858 2392 1050 2461 Λόγος,
1078 2398 1142 2467 τῇ
1174 2396 1310 2469 καλῇ
1342 2400 1659 2472 προαιρέσει
1686 2401 1766 2473 τῷ

178 2474 373 2544 ἀγαθῴ
407 2476 773 2548 πλησιάσασα.
810 2482 877 2535 Ἡ
926 2483 985 2537 δὲ
1029 2486 1365 2561 ἐπανάληψις
1405 2490 1497 2544 τοῦ
1540 2491 1762 2547 ἐπαίνου

177 2565 239 2617 τὸ
270 2565 540 2635 ἄψευστον
571 2570 672 2642 τῆς
704 2577 1012 2647 μαρτυρίας
1042 2578 1395 2637 ἐνδείκνυται.
1440 2583 1527 2636 Ἐν
1560 2583 1666 2655 γὰρ
1696 2588 1762 2657 τῇ

177 2656 338 2730 διπλῇ
373 2662 653 2735 μαρτυρίᾳ
713 2665 1062 2735 βεϐαιοῦσθαι
1110 2670 1210 2742 τὴν
1260 2672 1515 2744 ἀλήθειαν
1551 2678 1579 2729 6
1621 2656 1763 2740 θεῖος

178 2751 541 2837 ἀποφαίνεται
576 2756 757 2826 νόμος.
782 2760 882 2813 Διὰ
901 2761 1059 2815 τοῦτὸ
1090 2781 1253 2834 φησιν
1270 2781 1284 2797 ·
1331 2766 1477 2821 Ἰδοὺ
1503 2763 1562 2821 εἷ
1578 2768 1759 2837 καλὴ,

179 2842 219 2908 ἡ
251 2832 524 2910 πλησίον
546 2864 686 2915 μου,
715 2848 844 2904 ιδοὺ
867 2847 927 2905 ετ
945 2854 1122 2919 καλή.
1152 2832 1295 2908 hanc
1321 2857 1506 2929 ἐπειδὴ
1530 2859 1588 2912 ἒν
1607 2832 1763 2930 σεδμᾷ

179 2929 273 2983 τοῦ
330 2933 570 3004 Χριστοῦ
602 2937 636 3007 ἠ
685 2937 980 3008 Ἐκκλησία
1036 2943 1209 3010 πᾶσα,
1244 2946 1302 2998 ἐν
1351 2947 1409 2999 δὲ
1435 2947 1513 3018 τῷ
1552 2949 1633 3001 ἑνὶ
1655 2929 1761 3001 σώ-

180 3038 335 3090 ματι,
369 3022 551 3089 καθώς
576 3043 740 3097 φησιν
782 3031 811 3081 6
864 3030 1202 3098 Ἀπόστολος.
1236 3035 1370 3109 μέλη
1405 3038 1521 3092 ὲστὶ
1549 3036 1752 3093 πολλά·

178 3111 361 3165 πάντα
386 3112 444 3166 δὲ
474 3115 541 3167 τὰ
590 3114 725 3188 μέλη
756 3119 815 3171 ού
869 3121 969 3192 τὴν
1006 3122 1175 3195 αὐτὴν
1208 3124 1320 3195 ἔχει
1358 3128 1556 3199 πρᾶξιν
1580 3147 1593 3161 ·
1621 3130 1756 3186 ἀλλὰ

168 3201 269 3253 τὸν
294 3203 395 3272 μὲν
427 3203 703 3291 ὀφθαλμὸν
717 3207 930 3291 ἔκτισεν
963 3214 993 3267 6
1022 3213 1155 3279 Θεὸς
1187 3217 1246 3271 ὲν
1267 3217 1346 3289 τῷ
1378 3219 1616 3291 σώματι,
1635 3223 1754 3276 ἓτε-

178 3305 275 3359 ρος
299 3291 356 3343 δέ
386 3309 470 3355 τις
495 3289 588 3359 οὖς
617 3297 883 3371 ἐφυτεύθη
908 3288 922 3331 λ
954 3304 1060 3357 elei.
1101 3304 1158 3359 δέ
1185 3288 1328 3372 τινες
1354 3288 1581 3380 διὰ-τῆς
1606 3313 1756 3383 ὲνερ-

176 3379 331 3447 τείας
354 3384 463 3436 τῶν
483 3384 767 3458 δυνάμεων
816 3394 997 3464 χεῖρες
1024 3396 1320 3466 γινόμενοι,
1363 3401 1457 3454 καὶ
1482 3379 1638 3465 πόδες
1667 3379 1756 3457 λέ-

177 3474 364 3541 γονταί
389 3492 537 3540 τινες
585 3481 634 3533 οἱ
671 3482 739 3535 τὰ
796 3482 936 3556 βάρη
969 3485 1330 3555 βαστάζοντες
1353 3508 1366 3521 ·
1410 3492 1496 3561 εἴη
1528 3494 1574 3547 δ’
1604 3494 1668 3548 ἄν
1701 3513 1755 3549 τι

179 3563 274 3616 καὶ
300 3565 545 3632 γεύσεως
574 3569 735 3640 ἔργον
762 3574 857 3628 καὶ
884 3575 1226 3647 ὀσφρήσεως,
1260 3581 1356 3634 καὶ
1384 3581 1452 3635 τὰ
1474 3583 1594 3637 καθ’
1627 3583 1757 3638 ἕκα-

178 3670 304 3709 στον
337 3657 537 3724 πάντα,
595 3661 662 3714 δι’
714 3656 790 3717 ὧν
825 3664 1162 3737 ἀνθρώπινον
1210 3670 1523 3727 συνίσταται
1561 3673 1754 3746 σῶμα·

120 3766 141 3777 ε
178 3745 275 3799 καὶ
310 3747 533 3805 δυνατόν
585 3752 733 3806 ἐστιν
765 3755 944 3826 εὑρεῖν
986 3759 1044 3811 έν
1077 3758 1154 3830 τῷ
1191 3760 1355 3832 κοινῷ
1381 3762 1486 3832 τῆς
1530 3745 1756 3840 Ἐκκλη-

181 3835 303 3900 σίας
336 3837 550 3910 σώματι
582 3842 733 3914 χείλη
760 3862 818 3897 τε
852 3846 946 3899 καὶ
964 3846 1205 3925 ὀδόντας,
1228 3851 1322 3904 καὶ
1345 3851 1615 3921 γλῶσσαν,
1648 3835 1754 3926 μα-

179 3926 307 3993 ζούς
336 3947 417 3996 τε,
461 3933 554 3986 καὶ
583 3933 809 4005 κοιλίαν,
836 3936 930 3992 καὶ
973 3940 1241 4013 τράχηλον
1262 3961 1276 3975 ⁸
1308 3943 1384 4007 ὡς
1408 3945 1464 3999 δὲ
1494 3948 1523 4000 6
1547 3948 1756 4014 Παῦλός

177 4036 342 4092 φησι⁶
373 4023 487 4077 Καὶ
508 4026 663 4081 αὐτὰ
692 4028 767 4082 τὰ
797 4028 1093 4093 δοκοῦντα
1122 4029 1276 4088 εἶναι
1303 4035 1625 4107 ἀσχήμονα
1648 4042 1755 4096 τοῦ

177 4111 457 4182 σώματος
476 4116 708 4171 ’τούτου
736 4121 896 4192 χάριν
925 4124 954 4176 6
983 4122 1220 4196 ἀκριϐὴς
1252 4125 1346 4180 τοῦ
1372 4129 1602 4195 κάλλους
1621 4131 1758 4186 δοκι-

182 4204 414 4276 μαστὴς,
474 4206 583 4261 τῶν
638 4210 948 4282 άρεσάντων
989 4214 1139 4287 αὐτῷ
1182 4218 1359 4283 μελῶν
1409 4220 1469 4286 ἐξ
1505 4223 1629 4276 ὅλου
1662 4226 1755 4278 τοῦ

179 4294 455 4366 σώματος,
487 4298 615 4355 ἴδιόν
629 4319 685 4354 τε
718 4302 812 4357 καὶ
840 4304 1147 4378 πρόσφορον
1163 4308 1378 4383 ἑκάστῳ
1402 4316 1637 4369 ποιεῖται
1665 4316 1756 4369 τὸν

175 4382 419 4441 ἔπαινον.

248 4477 513 4549 Ἀρχεται
554 4480 611 4534 δὲ
640 4483 745 4536 τῶν
780 4483 1073 4558 ἐγκωμίων
1119 4490 1226 4544 ἀπὸ
1266 4491 1375 4545 τῶν
1405 4496 1753 4568 κυριωτέρων

178 4568 473 4658 μελῶνηΤί
503 4571 611 4644 γὰρ
639 4575 932 4648 ὀφθαλμῶν
973 4582 1031 4634 ὲν
1068 4584 1185 4645 τοῖς
1214 4584 1432 4655 μέλεσιν
1459 4587 1615 4658 ἡμῶν
1639 4591 1755 4643 ἐστι

173 4660 499 4750 τιμιώτερον
526 4681 540 4731 ;
573 4666 651 4719 Δι’
688 4664 763 4721 ὧν
803 4669 836 4739 ἡ
863 4670 959 4723 τοῦ
990 4674 1166 4742 φωτὸς
1206 4676 1491 4750 ἀντίληψις
1524 4675 1752 4748 γίνεται,

176 4755 307 4840 παρ’
336 4746 418 4807 ὧν
446 4756 594 4809 ἐστιν
624 4759 656 4827 ἠ
686 4758 791 4812 τῶν
816 4761 983 4829 φίλων
1013 4765 1108 4818 καὶ
1135 4746 1421 4839 πολεμίων
1438 4746 1753 4840 ἐπίγνωσις,

174 4839 256 4909 οἷς
282 4845 344 4899 τὸ
375 4846 508 4900 ἴδιον
540 4847 635 4901 καλ⁵
662 4850 723 4902 τὸ
752 4852 1029 4922 ἀλλότριον
1052 4855 1419 4932 διακρίνομεν,
1458 4862 1639 4935 πάσης
1657 4865 1751 4935 έρ-

174 4937 369 5004 γασίας
400 4940 677 5010 ύφηγηταὶ
717 4944 811 4997 καὶ
858 4945 1163 5003 διδάσκαλοι
1210 4951 1485 5018 γίνονται,
1522 4954 1616 5008 καὶ
1652 4955 1753 5026 τῆς

182 5023 449 5116 άπλανοῦς
475 5028 786 5100 ὁδοιπορίας
807 5033 992 5104 ὁδηγοὶ
1025 5042 1293 5108 συμφυεῖς
1323 5042 1415 5095 καὶ
1435 5023 1751 5116 ἀχώριστοι,

176 5107 250 5169 ὧν
279 5119 312 5189 ἡ
339 5118 489 5183 θέσις
514 5120 619 5174 τῶν
650 5123 825 5179 ἄλλων
853 5107 1223 5201 αἰσθητηρίων
1251 5107 1619 5206 ὑπερκειμένη
1645 5175 1659 5197 ,
1695 5107 1755 5189 τό

181 5210 571 5281 προτιμότερον
615 5213 715 5283 τῆς
748 5215 841 5268 ἀπ’
886 5217 1064 5273 αὐτῶν
1108 5223 1398 5295 γινομένης
1442 5227 1574 5299 ἡμῖν
1606 5227 1752 5298 ὠφε-

177 5296 322 5363 λείας
377 5300 731 5358 ἐνδείκνυται.
776 5307 1001 5374 Πάντως
1053 5312 1110 5365 δὲ
1164 5314 1424 5385 πρόδηλόν
1478 5318 1593 5371 ἐστι
1641 5322 1753 5384 τοῖς

177 5391 497 5457 ἁκούουσιν,
551 5386 809 5461 είςποῖα
861 5401 996 5473 μέλη
1051 5404 1151 5474 τῆς
1204 5406 1524 5477 Ἐκκλησίας
1569 5411 1596 5463 6
1646 5411 1751 5465 τῶν

176 5481 339 5553 ὀφθαὶ
350 5484 469 5557 μῶν
502 5485 724 5554 ἔπαινος
754 5489 958 5561 βλέπει.
1007 5493 1311 5562 Ὀφθαλμὸς
1340 5493 1404 5569 ἦν
1442 5501 1692 5574 Σαμουὴλ
1724 5506 1752 5559 ὀ

243 5665 288 5698 ⁸¹
345 5666 644 5725 l'fimutb.
709 5686 767 5738 tt,
816 5660 868 5727 ᾖ.
948 5672 992 5704 ⁸³
1053 5668 1068 5725 1
1142 5673 1266 5731 Cor.
1326 5690 1420 5742 xu,
1456 5676 1537 5733 12.

1782 3082 1830 3146 C

1868 483 1998 537 mini
2015 492 2064 537 et
2097 485 2284 552 videte,
2315 488 2446 556 lilia:
2472 487 2625 553 Sion,
2683 490 3019 549 Salomonem
3049 512 3220 567 regem
3259 498 3314 551 in
3345 514 3437 553 σοι

1865 589 2017 641 rana,
2053 591 2157 644 qua
2199 580 2469 632 coronari:
2508 596 2624 634 eunt
2660 593 2829 637 maler
2878 584 3043 653 ipsius
3081 578 3176 641 illo
3202 587 3287 641 die
3336 604 3437 659 quo

1816 706 1819 709 η
1866 664 2313 735 despondebatur,
2368 680 2417 725 et
2447 670 2532 725 die
2570 671 2776 728 latitia:
2823 674 3000 731 cordis
3051 678 3239 746 ipsius.
3284 678 3435 735 lianc

1867 756 2030 829 igitur
2060 775 2274 829 sponsae
2292 746 2682 833 benignitatem
2701 763 2937 822 Verbum
2967 757 3268 839 excipiens,
3289 771 3433 840 quod

1864 864 1927 903 ea
1958 850 2172 907 Domini
2206 854 2273 908 ad
2307 854 2666 913 imitationem
2695 860 2824 914 velit
2851 877 3045 918 omnes
3078 864 3261 920 salvos
3295 864 3433 931 ﬁeri,

1865 953 1918 996 ct
1954 941 2020 996 ad
2058 943 2426 1013 cognitionem
2462 948 2713 1005 veritatis
2758 955 3042 1022 pervenire
3058 956 3124 1021 δ’,
3157 957 3437 1026 pulchrio-

1865 1050 1977 1089 rem
2027 1034 2174 1090 illam
2213 1036 2401 1104 el‘licit,
2446 1039 2622 1097 factus
2670 1052 2724 1098 et
2764 1060 2942 1114 praeco
2977 1058 3032 1102 et
3060 1048 3236 1117 pictor
3278 1051 3437 1120 quasi

1864 1125 2083 1195 quidam
2111 1131 2415 1187 venustatis
2433 1131 2715 1201 cjus.Non
2736 1136 2878 1191 enim
2919 1137 3243 1208 simpliciter
3265 1141 3438 1211 ipsius

1865 1213 2043 1270 forma
2090 1216 2376 1285 laudatur,
2428 1224 2727 1291 generatim
2777 1227 3112 1296 praedicata:
3146 1229 3239 1284 sed
3289 1231 3439 1303 sigil-

1865 1305 2015 1361 latim
2052 1308 2297 1364 membra
2321 1312 2762 1391 considerantur,
2779 1332 2843 1371 ac
2868 1320 3143 1388 peculiare
3163 1321 3435 1391 quoddam

1867 1398 2110 1471 membro
2135 1401 2334 1472 cuique
2360 1418 2455 1473 per
2496 1409 2961 1476 comparationem
3011 1426 3077 1466 ac
3120 1412 3440 1469 similitudi-

1867 1501 1989 1541 nem
2033 1489 2343 1544 encomium
2384 1491 2664 1548 tribuitur.

1940 1574 2076 1633 Sunt
2098 1587 2282 1636 autem
2310 1582 2422 1638 haec
2453 1584 2627 1655 ipsius
2652 1588 2819 1644 verba
2851 1607 2863 1642 :
2892 1589 3069 1654 Quam
3106 1592 3330 1661 pulchra
3361 1609 3436 1657 es,

1870 1671 2042 1723 amica
2067 1687 2203 1737 mea,
2233 1689 2392 1742 quam
2413 1676 2633 1743 pulchra
2656 1694 2731 1733 es.
2765 1678 2900 1733 Nam
2934 1690 3293 1753 posteaquam
3317 1685 3440 1739 imi-

1793 1746 1834 1801 Β
1866 1768 1976 1815 tata
2017 1761 2305 1835 benignam
2344 1768 2467 1823 lleri
2518 1769 2603 1824 sui
2655 1746 2987 1827 voluntatem
3045 1746 3229 1845 egredi
3266 1775 3435 1846 jussit

1867 1853 2100 1922 puellas,
2120 1855 2186 1909 ad
2218 1859 2525 1928 exemplum
2547 1861 2860 1929 Abrahami,
2876 1865 3175 1935 quamlibet
3197 1867 3265 1922 de
3290 1874 3437 1922 terra

1864 1960 1965 2000 sua
1991 1953 2045 2001 et
2078 1948 2402 2018 cognatione
2431 1966 2551 2014 sua,
2581 1967 2743 2021 quam
2771 1968 2894 2008 cum
2936 1970 3196 2012 sensuum
3218 1961 3438 2030 organis

1864 2036 2046 2102 habet,
2068 2044 2128 2091 ut
2158 2053 2353 2108 purum
2392 2038 2540 2096 illum
2572 2057 2838 2112 sponsum
2868 2044 3090 2101 videant
3120 2046 3437 2103 redimitum

1864 2143 2088 2195 corona,
2104 2144 2224 2198 quae
2248 2140 2331 2186 est
2346 2129 2610 2201 Ecclesia;
2622 2135 2800 2205 reipsa
2815 2138 3038 2209 propius
3054 2139 3122 2194 ad
3137 2140 3434 2198 bonitatem

1864 2220 2086 2287 herilem
2102 2222 2331 2290 accedit,
2350 2222 2488 2279 facta
2500 2224 2612 2296 jam
2625 2223 2734 2281 Deo
2746 2229 2966 2298 propior
2980 2244 3076 2299 per
3088 2229 3435 2286 dilectionem

1867 2307 2120 2376 proximi.
2140 2310 2486 2380 Quapropter
2516 2312 2583 2367 ad
2604 2327 2723 2368 eam
2746 2315 2922 2385 inquit
2948 2315 3186 2372 Verbum
3216 2335 3228 2371 :
3265 2320 3437 2384 Quam

1862 2399 2086 2468 pulchra
2132 2418 2216 2465 es,
2258 2411 2614 2474 posteaquam
2654 2406 2801 2462 bono
2853 2408 3020 2463 animi
3073 2409 3329 2466 instituto
3367 2408 3439 2463 ad

1863 2491 2324 2560 pulchritudinem
2365 2494 2669 2552 accessisti.
2704 2496 2908 2556 Laudis
2941 2506 3122 2555 autem
3156 2500 3433 2571 repetitio,

1862 2582 2090 2638 minime
2139 2582 2334 2640 falsum
2382 2586 2484 2642 hoc
2522 2589 2894 2644 testimonium
2925 2606 3048 2646 esse
3071 2591 3433 2648 demonstrat.

1861 2673 1998 2730 Nam
2045 2678 2363 2733 testimonio
2421 2679 2626 2750 duplici
2669 2683 2955 2740 veritatem
2993 2684 3306 2740 conﬁrmari
3353 2686 3437 2740 di-

1859 2766 1987 2822 vina
2018 2767 2104 2823 lex
2131 2770 2474 2838 pronuntiat.
2522 2770 2655 2827 Eam
2705 2773 2776 2828 ob
2835 2788 3060 2830 causam
3107 2777 3223 2831 ait:
3258 2775 3435 2844 Quam

1859 2858 2085 2927 pulchra
2134 2877 2220 2928 es,
2268 2862 2443 2916 amica
2496 2879 2646 2926 mea,
2691 2882 2852 2935 quam
2900 2866 3125 2935 pulchra
3170 2884 3245 2924 es.
3295 2869 3434 2936 Qui:

1862 2963 1990 3003 vero
2028 2949 2286 3007 universa
2331 2950 2577 3009 Ecclesia
2615 2971 2782 3011 unum
2816 2956 3021 3013 Christi
3080 2974 3283 3030 corpus
3328 2968 3435 3027 est,

1860 3035 2045 3092 ethoc
2075 3052 2184 3091 uno
2221 3038 2277 3093 in
2333 3054 2584 3111 corpore,
2633 3042 3097 3112 quemadmodum
3139 3045 3439 3116 Apostolus.

1862 3120 2039 3192 inquit
2056 3122 2121 3187 ⁸³,
2161 3125 2408 3184 membra
2450 3128 2619 3181 multa
2664 3136 2813 3195 sunt,
2851 3131 3218 3203 quaequidem
3245 3133 3431 3188 omnia

1842 3227 1972 3267 .non
2010 3214 2262 3270 eumdem
2310 3224 2492 3272 actum
2551 3219 2750 3276 habent
2788 3220 3011 3293 (quippe
3059 3223 3203 3294 quod
3266 3225 3432 3281 alium

1862 3301 2008 3357 Deus
2057 3304 2114 3358 in
2162 3305 2267 3361 hoc
2297 3321 2523 3376 corpore
2583 3318 2840 3380 tanquam
2870 3312 3089 3367 oculum
3147 3313 3434 3382 creaverit,

1861 3393 2029 3448 alium
2066 3402 2324 3466 tanquam
2355 3412 2565 3466 aurem,
2611 3401 2735 3457 aliis
2780 3402 3100 3458 facultatum
3139 3406 3437 3467 _eﬂ‘ectione

1863 3501 2126 3543 manuum
2151 3489 2333 3544 locum
2369 3490 2767 3559 obtinentibus,
2805 3495 2930 3548 aliis
2962 3495 3180 3565 pedum,
3212 3498 3306 3568 qui
3353 3498 3434 3553 vi-

1862 3577 2060 3632 delicet
2082 3593 2249 3634 onera
2288 3580 2586 3649 sustinent,
2607 3597 2715 3636 non
2729 3584 2955 3638 omissis
2980 3599 3159 3653 neque
3180 3592 3430 3655 gustatu,

1862 3687 2038 3742 neque
2066 3672 2318 3741 odoratu,
2343 3689 2519 3743 neque
2550 3690 2883 3745 unoquoque
2921 3675 3191 3742 omnium,
3211 3692 3275 3732 ex
3307 3679 3432 3747 qui-

1864 3764 1967 3820 bus
1992 3763 2291 3818 humanum
2333 3779 2534 3835 corpus
2564 3773 2782 3821 constat
2813 3785 2825 3821 :
2850 3773 2907 3822 et
2936 3775 3169 3835 possunt
3198 3780 3349 3825 certe
3377 3771 3432 3824 in

1863 3856 2143 3909 communi
2180 3854 2439 3912 Ecclesiae
2484 3871 2716 3929 corpore
2747 3858 2923 3925 labra,
2967 3859 3180 3923 dentes,
3222 3860 3429 3925 lingua,

1863 3946 2055 4010 ubera,
2089 3953 2299 4012 venter,
2343 3948 2543 4002 collum
2577 3948 2827 4018 reperiri,
2878 3957 3061 4021 atque,
3111 3951 3190 4006 uti
3229 3951 3432 4009 Paulus

1855 4027 1956 4092 ait,
1996 4028 2156 4082 etiam
2202 4040 2379 4097 partes
2430 4033 2666 4101 corporis
2706 4051 2795 4089 eas
2837 4053 2953 4105 quae
3001 4055 3112 4094 esse
3164 4041 3425 4099 indecora:

1859 4119 2114 4188 uidentur)
2161 4139 2173 4174 :
2214 4123 2420 4178 idcirco
2449 4125 2669 4192 elegans
2705 4128 2797 4183 ille
2836 4129 3024 4185 formae
3049 4142 3327 4195 spectator
3370 4147 3425 4193 et

1861 4213 2176 4284 explorator
2203 4214 2464 4270 membris
2493 4215 2746 4286 singulis,
2793 4232 2914 4287 quac
2953 4224 3068 4271 toto
3104 4216 3158 4270 in
3202 4230 3433 4285 corpore

1864 4306 1966 4378 ipsi
1999 4307 2344 4377 placuerunt,
2366 4310 2694 4378 peculiarem
2714 4309 3002 4379 quamdam
3029 4315 3083 4362 ct
3102 4307 3429 4362 convenien-

1783 4431 1838 4493 υ
1866 4409 1972 4455 tem
2008 4398 2222 4455 laudem
2257 4399 2469 4455 tribuit.

1931 4487 2157 4543 Orditur
2183 4495 2365 4542 autem
2415 4487 2532 4542 lucc
2569 4489 2815 4542 encomia
2869 4484 2936 4541 de
2984 4486 3243 4543 membris
3289 4496 3431 4557 prac-

1857 4582 2055 4651 cipuis.
2093 4580 2235 4647 Quid
2285 4581 2431 4635 enim
2466 4580 2608 4634 inter
2654 4581 2900 4635 membra
2947 4588 3133 4636 nostra
3164 4589 3430 4651 praestan-

1857 4675 1968 4731 tius
1997 4682 2082 4729 est
2116 4673 2334 4728 oculis?
2385 4687 2482 4744 per
2521 4686 2661 4743 quos
2692 4672 2953 4728 nimirum
2990 4674 3131 4729 lucis
3160 4674 3218 4727 ﬁt
3243 4670 3429 4744 perce-

1858 4768 1993 4837 ptio,
2037 4765 2237 4836 quibus
2279 4775 2334 4821 ct
2374 4765 2548 4819 amica
2583 4771 2637 4819 et
2669 4763 2888 4819 hostilia
2933 4764 3301 4834 agnoscimus,
3334 4779 3430 4831 per

1856 4875 1997 4930 quos
2049 4858 2117 4913 ab
2170 4857 2363 4913 alienis
2432 4863 2621 4912 nostra
2679 4855 3023 4911 sccernimus
3056 4894 3071 4918 ,
3128 4854 3222 4923 qui
3271 4852 3429 4908 nobis

1860 4950 2104 5005 omnium
2138 4964 2362 5020 operum
2420 4949 2668 5020 magistri
2701 4953 2907 5003 suntet
2936 4945 3211 5008 doctores,
3242 4944 3424 4999 nobis-

1861 5057 2096 5112 cumque
2126 5041 2239 5095 nati
2275 5056 2337 5095 ac
2379 5039 2778 5111 inseparabiles
2804 5036 3044 5107 expertis
3074 5035 3316 5090 omnium
3344 5049 3429 5088 cr-

1861 5148 2045 5189 rorum
2092 5131 2306 5186 itineris
2337 5130 2528 5195 duces,
2575 5145 2808 5201 quorum
2858 5128 3093 5198 denique
3122 5127 3259 5183 situs
3290 5126 3426 5195 ipse,

1861 5222 2253 5277 collocatorum
2284 5223 2539 5279 videlicet
2579 5238 2744 5293 supra
2792 5220 3129 5291 reliquorum
3167 5234 3426 5273 sensuum

1861 5328 2089 5384 organa,
2120 5313 2555 5383 praestantiorem
2593 5314 2646 5367 in
2694 5313 2802 5385 vita
2855 5311 3016 5367 nobis
3050 5324 3209 5366 usum
3235 5308 3428 5373 borum

1859 5422 1982 5464 esse
2011 5406 2372 5464 demonstrat.
2424 5406 2603 5477 Atque
2647 5405 2762 5461 haec
2792 5403 2886 5475 qui
2923 5403 3171 5467 audiunt,
3206 5399 3429 5457 omnino

1859 5503 2177 5577 perspicere
2215 5503 2369 5560 nullo
2406 5500 2627 5574 negotio
2668 5504 2900 5573 possunt
2942 5496 3010 5554 ad
3045 5510 3294 5568 quamam
3329 5490 3427 5551 Ec-
