3730 5980
317 277 422 335 900

1547 281 1603 337 S.
1637 282 1966 341 GREGORII
1989 283 2279 344 NYSSENI

3472 283 3589 342 9‘20

316 395 503 450 etesia:
530 395 772 449 nicmbra
797 395 913 451 haec
944 398 1231 453 oculorum
1262 399 1387 453 laus
1417 400 1711 469 pertineat.
1764 402 1789 456 Ε

2117 426 2237 461 ιωνο
2261 409 2402 462 οὕτω
2433 408 2544 481 γὰρ
2567 409 2911 481 ὠνομάζετο·
2941 407 3216 479 ὀφθαλμὸς
3242 407 3271 459 6
3298 402 3590 476 Ἰεζτκιὶελς

322 484 543 540 Samuel
576 485 667 541 ille
707 487 901 543 videns
939 489 1041 560 (sic
1069 491 1216 545 enim
1248 492 1670 565 appellabatur),
1702 511 1891 552 revera

318 577 513 632 oculus
546 593 560 631 :
592 586 709 631 erat
735 579 930 635 oculus
962 579 1230 646 Ezechiel,
1265 584 1358 652 qui
1391 599 1419 635 ιι
1450 582 1559 639 Deo
1590 586 1645 639 in
1672 588 1893 655 specula

318 666 622 720 collocatus
668 673 787 722 erat
836 670 908 725 ob
957 672 1188 726 salutem
1236 674 1477 739 illorum,
1518 675 1610 746 qui
1662 678 1732 732 ab
1776 678 1895 747 ipso

318 756 773 812 custodiebantur
805 778 817 813 :
849 769 967 815 erat
1013 763 1208 820 oculus
1240 750 1503 822 Michzeas'
1541 767 1633 822 ille
1674 768 1889 832 videns,

318 862 365 900 et
419 846 597 903 Moses
652 849 740 905 ille
788 860 1070 919 spectans,
1115 854 1209 923 qui
1258 856 1479 924 quidem
1530 859 1776 913 eamdem
1825 863 1897 915 ob

319 955 539 995 rausam
573 942 736 995 etiam
778 942 918 998 deus
946 945 1252 1013 appellatus
1289 946 1391 1000 fuit
1424 964 1436 1000 :
1482 956 1613 1003 sunt
1655 950 1895 1020 denique

319 1030 485 1093 oculi,
520 1045 711 1086 omnes
750 1032 828 1085 illi
857 1035 952 1103 qui
992 1036 1057 1090 ad
1102 1038 1359 1105 populum
1407 1039 1717 1094 ducendum
1749 1041 1895 1096 ordi-

321 1121 432 1173 nati
468 1131 615 1183 sunt,
654 1138 793 1190 quos
819 1125 982 1179 etiam
1014 1126 1265 1183 homines
1311 1129 1390 1182 illi
1436 1132 1599 1199 prisci
1637 1130 1897 1187 Videntes

321 1212 699 1267 nominabant.
751 1214 938 1270 Itidem
989 1217 1090 1273 hoc
1136 1225 1382 1289 tempore
1406 1230 1674 1291 quotquot
1706 1222 1759 1275 in
1792 1221 1895 1276 Ec-

320 1304 503 1357 clesia:
531 1318 764 1374 corpore
791 1307 967 1360 locum
1008 1308 1224 1363 illorum
1259 1312 1500 1380 explent,
1534 1321 1587 1367 et
1614 1313 1682 1366 ad
1716 1313 1899 1384 inspe-

322 1395 564 1450 rtionem
594 1398 881 1451 constituti
913 1409 1066 1463 sunt,
1105 1402 1326 1472 proprie
1358 1403 1645 1457 oculorum
1677 1404 1898 1458 nomine

321 1495 616 1541 censentur
644 1506 658 1542 :
691 1489 737 1543 si
767 1491 987 1559 quidem
1036 1502 1295 1548 accurate
1323 1492 1504 1549 Solem
1550 1494 1780 1563 justitiaa
1813 1496 1898 1548 in-

320 1585 567 1639 tuentur,
615 1593 680 1633 ac
725 1595 1073 1651 nequaquam
1117 1582 1173 1636 in
1227 1584 1485 1652 operibus
1540 1585 1900 1641 tenebricosis

322 1667 638 1733 caccutiunt,
701 1668 750 1723 si
804 1669 873 1723 ab
920 1670 1102 1724 alieno
1152 1680 1301 1726 recte
1347 1681 1533 1727 nostra
1580 1684 1896 1740 secernunt,

323 1759 455 1811 dum
489 1768 798 1829 agnoscunt
846 1761 898 1815 id
929 1777 1090 1818 onme
1128 1777 1157 1816 a
1194 1772 1390 1817 natura
1436 1773 1626 1819 nostra
1657 1765 1895 1820 alienum
1930 1761 1972 1815 Β

321 1862 445 1903 esse
487 1850 632 1919 quod
677 1853 782 1907 sub
818 1860 1103 1922 aspectum
1139 1854 1306 1918 cadit,
1357 1861 1412 1909 et
1453 1864 1899 1911 momentaneum

323 1947 429 2005 est,
486 1941 706 2010 proprie
742 1957 871 1996 vero
914 1954 1166 1998 nostrum
1200 1945 1464 2016 quidquid
1494 1962 1592 2017 per
1621 1963 1772 2017 spem
1804 1964 1905 2003 no-

325 2032 410 2088 bis
439 2040 525 2087 est
569 2034 946 2103 prepositum,
998 2034 1155 2104 cujus
1202 2039 1484 2104 possessio
1530 2040 1690 2094 nobis
1737 2040 1903 2095 adimi

323 2138 603 2194 nunquam
635 2132 835 2195 potest.
872 2125 1045 2181 Etiam
1080 2128 1145 2181 ad
1189 2128 1381 2184 oculos
1420 2129 1657 2200 pertinet
1696 2131 1904 2201 agnitio

323 2217 484 2271 amici
512 2217 752 2274 hominis
783 2226 837 2275 et
865 2219 1071 2283 infesti,
1104 2228 1165 2274 ut
1193 2235 1380 2276 verum
1413 2223 1632 2293 quidem
1666 2224 1900 2278 amicum

322 2314 439 2361 toto
466 2309 631 2363 corde
658 2318 822 2380 atque
860 2312 1027 2365 animi
1057 2311 1314 2368 facultate
1358 2313 1672 2385 diligamus,
1716 2314 1905 2369 odium

323 2413 452 2453 vero
520 2399 823 2470 perfectum
893 2402 1158 2457 adversus
1222 2403 1434 2461 hostem
1503 2405 1627 2459 vitae
1701 2412 1904 2461 nostra;

323 2506 698 2549 exerceamus.
733 2493 938 2551 Praeter
968 2495 1086 2550 haec
1114 2496 1367 2567 quisquis
1395 2512 1482 2552 res
1505 2497 1744 2567 agendas
1768 2513 1904 2568 prae-

324 2583 536 2649 scribit,
577 2591 633 2639 et
681 2600 744 2640 ea
792 2585 975 2649 docet,
1029 2600 1151 2656 quae
1196 2586 1515 2657 expediunt,
1565 2596 1618 2643 et
1663 2589 1772 2643 dux
1817 2599 1905 2645 est

324 2677 535 2734 itineris
566 2676 635 2731 ad
689 2677 857 2733 Deum
890 2698 902 2732 :
935 2679 985 2735 is
1030 2680 1150 2747 puri
1196 2694 1260 2734 ac
1310 2681 1433 2734 sani
1484 2681 1630 2735 oculi
1676 2697 1905 2737 munere

327 2768 584 2838 pumclare
620 2767 889 2840 fungitur,
928 2769 1056 2825 dum
1090 2771 1264 2825 instar
1294 2785 1683 2841 corporeorum
1714 2774 1904 2827 oculo-

330 2878 445 2914 rum
481 2861 703 2917 sublimi
740 2863 979 2932 quadam
1011 2863 1227 2917 vivendi
1262 2862 1478 2918 ratione
1517 2863 1733 2920 caeteris
1766 2880 1904 2935 prae-

327 2954 491 3009 lucet.
543 2952 654 3008 llas
692 2954 765 3009 ob
794 2969 992 3011 causas
1024 2970 1240 3025 sponsae
1272 2955 1734 3027 pulchritudinem
1772 2955 1904 3011 Ver-

327 3046 452 3096 bum
480 3044 550 3096 ab
578 3048 681 3097 hac
705 3052 859 3113 parte
887 3047 1186 3116 praedicare
1208 3047 1421 3118 incipit,
1450 3063 1574 3101 cum
1602 3047 1677 3101 ait
1703 3067 1716 3102 :
1748 3047 1903 3104 Oculi

328 3134 407 3189 tui
433 3135 709 3193 columbas.
757 3137 895 3193 Cum
922 3139 1067 3193 enim
1099 3139 1282 3194 videat
1322 3154 1437 3205 eos,
1473 3139 1568 3209 qui
1613 3142 1898 3195 oculorum

328 3242 557 3303 munere
604 3226 928 3298 funguntur,
978 3230 1248 3285 innocuos
1299 3230 1354 3285 in
1405 3231 1551 3285 bono
1581 3246 1723 3296 csse,
1783 3248 1900 3287 am-
1930 3235 1946 3251 '

326 3318 520 3387 plexus
554 3318 771 3373 illorum
818 3329 872 3375 et
900 3320 1305 3401 simplicitatem
1350 3331 1406 3378 et
1440 3323 1812 3377 innocentiam
1846 3325 1900 3385 in

328 3405 578 3461 moribus
608 3407 892 3463 columbas
926 3397 1182 3478 appellat.
1218 3407 1428 3464 Etenim
1461 3410 1725 3467 innocens
1751 3427 1902 3481 quaa-

326 3500 452 3553 dam
485 3500 812 3571 simplicitas
838 3501 1107 3565 columbis
1143 3502 1435 3572 peculiaris
1459 3518 1523 3559 ac
1555 3505 1774 3574 propria
1796 3512 1899 3560 est.

333 3591 424 3648 Vel
462 3590 717 3648 fortassis
744 3593 908 3647 etiam
938 3593 1253 3663 bujusmodi
1288 3594 1536 3665 quaedam
1573 3598 1694 3651 laus
1727 3597 1904 3651 oculis

325 3684 607 3738 tribuitur.
657 3683 925 3740 Nimirum
959 3702 1082 3741 cum
1118 3685 1382 3756 imagines
1418 3702 1600 3742 rerum
1632 3688 1901 3753 omnium,

326 3789 448 3842 quae
486 3775 590 3830 sub
621 3782 900 3846 aspectum
930 3775 1156 3838 cadunt,
1201 3791 1394 3846 puram
1428 3776 1482 3830 in
1526 3778 1785 3846 pupillam
1819 3779 1904 3831 in-

326 3863 613 3931 cidentes,
659 3864 879 3919 videndi
920 3875 1101 3919 actum
1153 3866 1453 3920 absolvunt.
1489 3885 1501 3920 :
1550 3883 1779 3924 necesse
1820 3876 1906 3923 est

329 3970 555 4025 prorsus
582 3955 849 4026 quidquid
897 3956 1096 4025 aliquis
1143 3957 1453 4024 intueatur,
1504 3958 1623 4027 ejus
1674 3960 1905 4015 formam

326 4052 509 4116 ipsum
541 4044 786 4116 recipere
820 4060 915 4116 per
943 4047 1198 4112 oculum,
1241 4049 1639 4118 exprimentem
1670 4050 1799 4106 visa:
1827 4053 1907 4106 rei

331 4138 593 4209 speciem,
620 4138 764 4193 sicut
791 4138 846 4192 in
877 4139 1102 4208 speculo
1129 4138 1379 4195 videmus
1416 4139 1687 4196 accidere.
1725 4141 1908 4206 Quare

328 4245 454 4285 cum
502 4230 550 4286 is
580 4231 672 4300 qui
702 4246 905 4286 munus
939 4230 1044 4286 hoc
1087 4230 1303 4285 videndi
1346 4240 1677 4287 consecutus
1722 4241 1806 4289 est
1850 4235 1904 4288 in

329 4322 597 4389 Ecclesia,
635 4323 842 4377 nullam
876 4322 943 4377 ad
983 4338 1097 4378 rem
1127 4338 1368 4378 crassam
1398 4330 1451 4377 et
1470 4338 1787 4394 corpoream
1822 4342 1908 4381 re-

1999 501 2029 552 6
2062 503 2281 554 σκοπεῖν
2325 500 2430 553 ὑπὸ
2463 500 2557 555 τοῦ
2606 501 2743 555 Θεοῦ
2800 500 3177 571 τεταγμένος,
3225 498 3319 550 ἐπὶ
3365 497 3433 567 τῇ
3473 493 3594 547 τῶν

2001 590 2418 661 φυλασσομένων
2459 593 2587 664 παρ’
2620 591 2783 645 αὐτοῦ
2820 592 3065 662 σωτηρίᾳ
3090 607 3103 621 ·
3159 588 3438 661 ὀφθαλμὸς
3475 587 3595 647 Μι-

2002 685 2158 756 χαίας
2178 685 2207 737 6
2234 684 2397 757 ὁρῶν,
2436 685 2532 738 καὶ
2574 686 2814 757 Μωῠσῆς
2846 688 2874 737 6
2905 683 3179 754 θεώμενος
3204 722 3218 747 ,
3251 683 3279 733 ό
3309 681 3397 735 διὰ
3422 679 3595 734 τοῦτο

2002 776 2096 829 καί
2126 776 2246 840 θεὸς
2277 775 2661 848 ὠνομασμένος
2686 795 2698 807 ’
2740 776 3008 846 ὀφθαλμοὶ
3044 775 3244 837 πάντες
3270 775 3468 826 ἐκεῖνοι
3490 811 3504 835 ,
3534 772 3595 824 οἱ

2002 869 2081 931 είς
2122 867 2349 937 ὁδηγίαν
2378 868 2472 922 τοῦ
2510 869 2637 922 λαοῦ
2666 866 2992 938 τεταγμένοι
3014 907 3029 928 ,
3074 865 3169 928 οὓς
3217 864 3312 917 καὶ
3343 862 3594 935 ὁρῶντας

2001 958 2281 1028 ὠνόμαζον
2322 961 2370 1011 οἱ
2396 959 2517 1012 τότε
2563 959 2837 1029 ἄνθρωποι
2862 978 2875 989 ·
2909 958 3003 1011 καὶ
3038 956 3134 1010 νῦν
3180 957 3229 1008 οἱ
3257 954 3349 1009 τὸν
3377 956 3596 1008 ἐκεῖνον

2002 1052 2164 1104 τόπον
2213 1051 2652 1124 ἀναπληροῦντες
2690 1051 2767 1121 τῷ
2818 1051 3029 1120 σώματι
3077 1050 3178 1120 τῆς
3219 1047 3551 1116 Ἐκκλησίας
3576 1086 3591 1107 ,

2003 1143 2095 1196 καὶ
2120 1145 2438 1196 ἐπισκοπεῖν
2461 1143 2805 1212 τεταγμένοι,
2835 1141 3103 1212 ὀφθαλμοὶ
3130 1139 3332 1211 κυρίως
3361 1153 3597 1192 κατονο-

2007 1230 2305 1303 μάζονται,
2356 1233 2451 1285 ἐὰν
2497 1232 2739 1302 ἀκριϐῶς
2774 1233 2912 1305 πρὸς
2956 1231 3046 1283 τὸν
3092 1230 3193 1299 τῆς
3238 1227 3598 1295 δικαιοσύνης

2002 1324 2153 1394 ἥλιον
2201 1323 2477 1394 βλέπωσι,
2532 1324 2780 1395 μηδαμοῦ
2837 1325 2951 1387 τοῖς
2984 1322 3167 1393 ἔργοις
3218 1318 3309 1372 τοῦ
3359 1318 3596 1379 σκότους

2005 1416 2522 1486 ἐναμϐλυωποῦντες
2547 1435 2559 1447 ·
2588 1418 2681 1470 καὶ
2723 1419 2771 1488 εί
2805 1416 3130 1487 διακρίνοιεν
3168 1413 3261 1466 τοῦ
3299 1412 3595 1483 ἀλλοτρίου

2004 1506 2064 1559 τὸ
2104 1506 2231 1559 ἴδιον
2256 1546 2271 1571 ,
2304 1508 2363 1558 ὲν
2395 1506 2470 1576 τῷ
2508 1506 2797 1576 γινώσκειν
2822 1548 2837 1569 ,
2885 1508 2966 1561 ὅτι
3007 1508 3115 1559 πᾶν
3154 1504 3434 1577 ἀλλότριόν
3471 1507 3598 1556 ἐστι

2003 1598 2104 1668 τῆς
2128 1596 2342 1669 φύσεως
2370 1598 2546 1667 ἡμῶν,
2571 1598 2631 1650 τὸ
2660 1598 2983 1669 φαινόμενόν
3008 1615 3067 1650 τε
3102 1597 3196 1650 καὶ
3225 1597 3594 1669 πρόσκαιρον·

2006 1690 2133 1743 ῐδιον
2155 1689 2211 1743 δὲ
2237 1689 2296 1742 τὸ
2321 1690 2388 1742 δι’
2421 1689 2633 1757 ἐλπίδος
2663 1689 3019 1763 προκείμενον
3049 1730 3062 1749 ,
3093 1683 3154 1741 οὗ
3186 1690 3219 1758 ἡ
3253 1687 3446 1756 κτῆσις
3485 1685 3593 1754 μέ-

2004 1797 2084 1834 νει
2127 1780 2262 1852 πρὸς
2290 1780 2350 1833 τὸ
2374 1779 2619 1851 διηνεκὲς
2646 1780 3027 1855 ἀναφαίρετος.
3074 1776 3393 1847 Ὀφθαλμῶν
3423 1775 3598 1847 ἔργον

2002 1872 2094 1928 καὶ
2123 1873 2182 1927 τὸ
2215 1872 2592 1941 διαγινώσκειν
2619 1872 2712 1925 τὸν
2751 1871 2927 1940 φίλιόν
2956 1887 3014 1923 τε
3047 1870 3141 1924 καὶ
3173 1869 3263 1921 τὸν
3302 1868 3596 1939 πολέμιον,

2002 1962 2141 2017 ὥστε
2175 1964 2393 2034 ἀγαπᾷν
2446 1962 2544 2034 μὲν
2594 1962 2684 2016 τὸν
2730 1960 2981 2031 ἀληθινὸν
3013 1960 3163 2029 φίλον
3207 1958 3266 2023 ἐξ
3293 1959 3419 2027 ὅλης
3452 1976 3598 2027 καρ·

2002 2055 2119 2120 δίας
2157 2072 2216 2107 τε
2257 2055 2349 2108 καὶ
2376 2054 2576 2127 κψυχῆς
2621 2054 2715 2106 καὶ
2746 2053 3028 2122 δυνάμεως
3050 2095 3064 2117 ,
3092 2051 3296 2105 τέλειον
3329 2051 3384 2103 δὲ
3430 2053 3599 2120 μῖσος

2004 2147 2143 2203 κατά
2166 2146 2259 2200 τοῦ
2286 2146 2478 2217 ἐχθροῦ
2505 2146 2601 2216 τῆς
2626 2144 2770 2216 ζωῆς
2788 2144 2947 2215 ἡμῶν
2994 2141 3598 2196 ἐπιδείκνυσθαι.’Δλλά

2003 2238 2097 2303 καὶ
2124 2240 2153 2290 6
2185 2237 2293 2290 τῶν
2323 2236 2614 2306 πρακτέων
2648 2235 2969 2306 ὑφηγητὴς,
3018 2234 3111 2287 καὶ
3140 2233 3246 2286 τῶν
3278 2232 3597 2303 συμφερόν-

2002 2348 2111 2395 των
2131 2328 2446 2391 διδάσκαλος
2468 2368 2482 2390 ,
2518 2328 2612 2379 καὶ
2648 2327 2747 2397 τῆς
2776 2326 2867 2378 ἐπὶ
2900 2326 2990 2378 τὸν
3024 2325 3155 2378 Θεὸν
3208 2325 3432 2395 πορείας
3474 2340 3598 2393 χει-

2010 2423 2253 2493 ραγωγὸς
2277 2463 2291 2485 ,
2323 2420 2416 2473 τοῦ
2446 2417 2687 2489 καθαροῦ
2721 2434 2779 2470 τε
2810 2417 2904 2470 καὶ
2934 2417 3267 2485 ὑγιαίνοντος
3298 2411 3590 2484 ὀφθαλμοῦ

2004 2514 2065 2567 τὸ
2113 2514 2271 2584 ἔργον
2320 2511 2386 2564 δι’
2418 2509 2703 2580 ἀκριϐείας
2754 2511 2935 2571 ποιεῖ,
2970 2507 3092 2560 καθ’
3129 2506 3423 2577 ὁμοιότητα
3477 2503 3592 2557 τῶν

2007 2603 2335 2681 σωματικῶν
2365 2602 2625 2674 ὀμμάτων
2650 2600 2752 2670 τῆς
2786 2599 2998 2670 ὑψηλῆς
3031 2597 3305 2659 πολιτείας
3335 2596 3445 2649 τῶν
3473 2593 3593 2648 λοι-

2005 2696 2123 2749 πῶν
2152 2694 2602 2767 προφαινόμενος.
2633 2691 2732 2744 Διά
2768 2689 2927 2754 τοῦτο
2976 2687 3223 2741 ἐντεῦθεν
3273 2687 3520 2739 ἐπαινεῖν
3563 2687 3598 2739 6

2004 2785 2177 2854 Λόγος
2203 2784 2264 2837 τὸ
2306 2784 2399 2853 τῆς
2455 2782 2671 2857 νύμφης
2698 2780 2925 2853 ἄρχεται
2965 2778 3195 2843 κάλλος,
3237 2777 3329 2830 καί
3374 2793 3544 2847 φησιν
3577 2795 3592 2808 ·

2017 2873 2335 2943 Ὀφθαλμοί
2379 2886 2493 2927 σου
2523 2869 2896 2939 περιστεραί*
2942 2865 3234 2949 ἀκεραίους
3261 2866 3370 2937 γάρ
3408 2868 3491 2930 εἰς
3531 2868 3597 2920 τὸ

2006 2968 2177 3023 κακὸν
2191 2967 2323 3030 ,τοὺς
2344 2965 2400 3017 ἐν
2428 2959 2719 3035 ὀφθαλμῶν
2745 2959 2895 3026 τάξει
2918 2957 3396 3029 προϐεϐλημένους
3418 2956 3593 3027 ὀρῶν,

2005 3060 2103 3131 τὴν
2143 3055 2422 3127 ἀπλότητά
2462 3071 2521 3107 τε
2552 3054 2646 3105 καὶ
2682 3053 2743 3105 τὸ
2784 3053 3041 3131 ἀκέραιον
3074 3048 3167 3113 τοῦ
3201 3036 3367 3119 ἤθους
3407 3047 3598 3101 αὐτῶν

2009 3146 2407 3216 ἀποδεξάμενος
2444 3183 2459 3208 ,
2526 3141 2854 3213 περιστερὰς
2914 3140 3299 3210 κατωνόμασεν
3364 3136 3591 3200 αὐτούς.

2012 3241 2172 3294 ἰδιον
2218 3238 2324 3307 γάρ
2380 3239 2496 3289 ἐστι
2528 3232 2865 3306 περιστερῶν
2897 3233 2956 3285 τὸ
3011 3231 3290 3303 ἀκέραιον.
3323 3232 3395 3282 Ἦ
3444 3230 3595 3301 τάχα

2008 3326 2245 3381 τοιοῦτόν
2268 3341 2387 3378 τινα
2409 3325 2436 3377 6
2457 3322 2612 3392 λόγος
2643 3324 2909 3394 μαρτυρεῖ
2932 3323 3045 3385 τοῖς
3069 3315 3311 3391 ϐμμασῖν
3339 3319 3592 3374 ἔπαινον.

2022 3417 2239 3494 Ἐπειδὴ
2262 3416 2369 3487 γὰρ
2400 3416 2617 3469 πάντων
2643 3412 2752 3467 τῶν
2783 3412 2992 3484 ὁρατῶν
3041 3414 3097 3466 αἱ
3129 3412 3333 3475 εἰκόνες
3373 3410 3453 3481 τῷ
3488 3428 3595 3464 κα-

2011 3508 2160 3580 θαρῷ
2202 3507 2299 3578 τῆς
2333 3507 2501 3577 κόρης
2538 3505 2949 3577 ἐμπίπτουσαι,
3000 3506 3097 3574 τὴν
3137 3504 3399 3576 ὁρατικὴν
3432 3504 3597 3577 ἐνέρ-

2009 3618 2163 3669 γειαν
2215 3597 2601 3653 ἀποτελοῦσιν’
2648 3599 2859 3668 ἀνάγκη
2904 3599 3052 3651 πᾶσα
3082 3598 3218 3668 πρὸς
3250 3598 3279 3650 ὅ
3325 3615 3408 3660 τις
3463 3597 3591 3669 ὁρᾷ.

2008 3692 2197 3745 τούτου
2226 3689 2323 3759 τὴν
2348 3688 2561 3760 μορφὴν
2594 3688 2997 3758 ἀναλαμϐάνειν
3039 3688 3128 3741 διὰ
3159 3688 3250 3741 τοῦ
3283 3686 3593 3757 ὀφθαλμοῦ,

2010 3781 2316 3851 κατόπτρου
2342 3779 2497 3850 δίκην
2530 3777 2625 3832 τοῦ
2661 3780 2985 3850 φαινομένου
3018 3778 3079 3832 τὸ
3107 3775 3244 3843 εἶδος
3277 3778 3596 3848 ἀναμασσό-

2014 3891 2191 3945 μενος.
2222 3872 2391 3925 Ὅταν
2433 3870 2614 3924 τοίνυν
2657 3872 2685 3923 ὀ
2717 3871 2814 3942 τὴν
2848 3870 3078 3942 δπτικὴν
3111 3872 3316 3941 ταύτην
3345 3867 3595 3935 ἐξουσίαν

2009 3966 2104 4023 ἐπὶ
2132 3967 2229 4036 τῆς
2271 3961 2593 4031 Ἐκκλησίας
2640 3962 2853 4028 λαϐὼν,
2900 3962 3035 4033 πρὸς
3073 3963 3236 4033 μηδὲν
3264 3960 3466 4024 ὑλῶδες
3501 3960 3594 4014 καὶ

2012 4053 2320 4126 σωματικὸν
2371 4054 2578 4125 βλέπῃο
2610 4054 2638 4105 ὁ
2684 4053 3052 4123 πνευματικός
3099 4070 3159 4104 τε
3207 4054 3302 4106 καὶ
3343 4051 3509 4113 άῡλος
3537 4052 3595 4102 ἐν

2011 4144 2571 4217 αὺτῷςκατορθοῦται
2594 4143 2725 4213 βίος.
2770 4144 2835 4196 Ἦ
2880 4143 2935 4197 δέ
2979 4142 3207 4219 τοιαύτην
3247 4141 3361 4211 ζωὴ
3401 4145 3469 4217 τῇ
3499 4142 3595 4195 τοῦ

2014 4238 2170 4307 ἁγίου
2202 4235 2517 4307 Πνεύματος
2559 4235 2741 4307 χάριτι
2781 4235 3246 4307 καταμορφοῦται.
3299 4234 3513 4287 Οὐκοῦν
3568 4236 3597 4287 6

2009 4332 2342 4392 τελειότατος
2372 4328 2479 4382 τῶν
2512 4327 2809 4398 ὀφθαλμῶν
2859 4328 3008 4381 ἐστιν
3064 4327 3319 4390 ἔπαινος,
3354 4326 3417 4379 τὸ
3458 4327 3597 4401 πρὸς

329 4415 495 4483 spicit
527 4434 538 4468 :
577 4413 856 4487 perficitur
885 4414 939 4469 in
962 4430 1029 4471 eo
1058 4415 1168 4469 vita
1185 4415 1506 4485 spiritualis,
1530 4422 1585 4471 et
1614 4417 1681 4472 ab
1708 4428 1802 4472 exta

2143 4420 2236 4474 τοῦ
2268 4419 2583 4490 Πνεύματος
2618 4419 2713 4472 τοῦ
2769 4418 2925 4486 ἁγίου
2966 4418 3143 4489 ,χάριν
3199 4417 3594 4489 μεμορφῶσθαι

327 4507 645 4577 crassisque
676 4509 852 4578 rebus.
874 4509 1076 4573 aliena.
1120 4507 1195 4563 Ea
1242 4523 1373 4563 vero
1399 4509 1503 4563 vita
1540 4525 1637 4581 per
1672 4509 1911 4580 Spiritus

329 4600 506 4653 sancti
538 4599 768 4669 gratiam
806 4600 1200 4655 conformatur.
1236 4600 1602 4668 Quamobrem
1632 4604 1753 4660 laus
1783 4620 1913 4659 ocu-

327 4693 505 4747 lorum
559 4691 957 4761 perfectissima
1016 4701 1141 4761 est,
1198 4709 1323 4751 esse
1375 4695 1571 4750 horum
1629 4697 1910 4752 hominum

328 4784 453 4839 vitae
484 4784 720 4853 speciem
763 4782 1161 4841 conformatam
1198 4786 1266 4841 ad
1317 4788 1493 4842 sancti
1527 4786 1761 4858 Spiritus
1789 4804 1914 4859 gra-

329 4876 482 4930 tiam.
518 4875 798 4945 Siquidem
830 4876 1082 4931 columba
1102 4883 1185 4932 est
1212 4876 1449 4947 Spiritus
1484 4887 1729 4936 sanctus.
1761 4880 1908 4936 Prae-

326 4969 547 5023 tlicatur
586 4976 769 5023 autem
806 4977 1036 5039 uterque
1070 4970 1286 5037 oculus,
1317 4979 1373 5025 ut
1414 4980 1563 5027 totus
1592 4974 1754 5028 homo
1787 4975 1909 5030 lau—

334 5059 421 5114 dis
456 5058 549 5111 fiat
579 5060 878 5129 particeps,
923 5069 1037 5113 tum
1071 5060 1118 5115 is
1152 5060 1246 5130 qui
1277 5073 1504 5131 apparet
1539 5065 1908 5134 extrinsecus,

330 5161 443 5203 tum
489 5165 653 5220 quem
703 5157 885 5205 mente
932 5149 1311 5221 intelligimus.
1378 5150 1590 5206 Etenim
1640 5153 1792 5208 illam
1841 5157 1913 5210 ob

329 5256 553 5297 causam
592 5242 646 5295 in
698 5242 799 5297 hac
841 5242 1157 5299 laudatione
1202 5243 1533 5300 mentionem
1583 5244 1711 5300 facit
1748 5247 1911 5302 etiam

331 5333 560 5389 alterius
595 5332 882 5403 cuiusdam
911 5336 1271 5400 excellentia,
1305 5351 1429 5392 cum
1462 5337 1539 5391 ait
1569 5355 1583 5391 :
1627 5337 1835 5393 Prwter
1858 5340 1914 5393 id

330 5426 472 5488 quod
499 5426 554 5476 in
580 5433 627 5476 te
647 5426 912 5480 reticetur.
943 5424 1078 5481 Nam
1106 5428 1213 5481 vita
1238 5426 1381 5482 bona
1410 5428 1605 5498 partim
1633 5428 1913 5486 hominum

333 5512 511 5566 oculis
543 5514 786 5580 exposita
818 5521 902 5569 cst
948 5523 1002 5569 et
1048 5525 1197 5578 nota,
1247 5502 1444 5585 partim
1476 5520 1695 5574 occulta
1733 5531 1787 5576 et
1821 5538 1916 5579 ne-

337 5600 468 5655 mini
506 5601 757 5656 oratione
787 5603 1149 5672 explicabilis,
1183 5603 1293 5660 Deo
1329 5607 1588 5661 nimirum
1633 5609 1751 5665 solo
1791 5627 1908 5666 eam

338 5691 608 5754 intuente.
643 5687 987 5763 Quapropter
1013 5693 1082 5759 is,
1114 5694 1206 5765 qui
1243 5694 1389 5765 quod
1436 5696 1665 5757 necdum
1704 5698 1940 5756 factum-

2010 4512 2189 4567 αὐτῶν
2220 4512 2318 4581 τῆς
2346 4511 2492 4581 ζωῆς
2518 4511 2580 4563 τὸ
2612 4506 2770 4574 εἶδος.
2807 4510 3111 4583 Περιστερὰ
3138 4513 3246 4579 γὰρ
3274 4510 3333 4563 τὸ
3368 4510 3595 4581 Πνεῦμα

2008 4604 2069 4658 τὸ
2098 4603 2270 4670 ἅγιον.
2318 4599 2383 4654 Ἦ
2411 4600 2466 4653 δὲ
2498 4594 2627 4665 δυάς
2671 4600 2779 4654 τῶν
2804 4600 3098 4672 ὀφθαλμῶν
3138 4602 3442 4653 ἐπαινεῖται
3468 4640 3483 4664 ,
3518 4600 3594 4664 ὡς

2011 4695 2077 4749 ἂν
2098 4693 2217 4757 ὅλος
2243 4693 2450 4760 γένοιτο
2475 4691 2532 4745 ἐν
2562 4692 2768 4761 ἐπαίνῳ
2791 4692 2820 4743 6
2848 4690 3135 4762 ἄνθρωπος
3154 4731 3169 4753 ,
3204 4693 3234 4744 6
3268 4690 3595 4760 φαινόμενός

2010 4803 2069 4838 τε
2089 4784 2183 4838 καὶ
2210 4782 2520 4852 νοούμενος.
2549 4781 2648 4835 Διά
2677 4782 2836 4835 τοῦτο
2858 4783 2968 4859 γὰρ
2999 4782 3307 4860 προσέθηκε
3335 4782 3414 4851 τῷ
3439 4782 3594 4835 ἐπαίο

2009 4876 2087 4948 νῷ
2106 4877 2199 4930 καὶ
2225 4875 2389 4944 ἀλλην
2412 4873 2737 4951 ὑπερϐολὴν,
2762 4875 2950 4927 εἰπών’
2982 4876 3063 4928 ὃτι
3103 4874 3305 4939 Ἐκτύς
3328 4872 3440 4940 τῆς
3464 4888 3597 4927 σιω·

2011 4967 2252 5036 πήσεώς
2272 4983 2408 5021 σου·
2424 4965 2516 5018 τοῦ
2536 4965 2644 5037 γάρ
2661 4964 2865 5033 ἀγαθοῦ
2890 4965 3027 5036 βίου,
3051 4965 3111 5027 τὸ
3131 4964 3231 5036 μέν
3253 4981 3307 5018 τι
3332 4964 3595 5037 πρόδηλόν

2012 5064 2179 5123 ἐστιν,
2214 5059 2288 5123 ὠς
2315 5059 2408 5111 καὶ
2435 5057 2739 5131 ἀνθρώποις
2771 5056 3047 5130 γνώριμον
3073 5052 3212 5110 εἶναι
3234 5074 3248 5086 ·
3280 5056 3340 5110 τὺ
3377 5057 3433 5111 δὲ
3463 5057 3593 5128 κρύ-

2014 5150 2133 5220 φιόν
2166 5166 2225 5202 τε
2258 5149 2354 5203 καὶ
2377 5147 2686 5223 ἀπόρρητον
2710 5187 2725 5212 ,
2762 5134 2908 5219 μόνῳ
2931 5148 3052 5216 Θεῷ
3087 5145 3491 5217 καθορώμενον.
3537 5146 3593 5200 ’0

2016 5241 2192 5296 τοίνυν
2218 5239 2280 5293 τὸ
2306 5240 2712 5310 ἀκατέργαστον
2750 5237 2963 5309 βλέπων
2983 5280 2999 5307 ,
3050 5240 3144 5293 καὶ
3174 5240 3254 5303 εἰς
3279 5237 3348 5292 τὰ
3391 5238 3595 5309 κρύφια

2019 5330 2268 5404 καθορῶν
2308 5336 2576 5404 μαρτυρεῖ
2618 5333 2708 5386 ἐπὶ
2743 5331 2836 5391 τοῦ
2881 5330 3274 5401 ἐπαινουμένου
3305 5330 3593 5403 προσώπου

2020 5423 2181 5475 πλέον
2210 5417 2348 5475 εἷναι
2393 5421 2488 5474 τοῦ
2523 5423 2851 5491 φαινομένου
2887 5422 2947 5476 τὸ
2997 5421 3385 5494 σιωπώμενον,
3413 5422 3481 5475 δι’
3522 5415 3596 5478 ὧν

2022 5532 2185 5586 φησιν
2208 5531 2223 5544 ο
2254 5514 2336 5567 ὅτι
2380 5514 2708 5584 Ὀφθαλμοι
2737 5532 2854 5570 σου
2901 5514 3247 5585 περιστεραί
3279 5513 3455 5579 ἐκτὸς
3487 5512 3589 5583 τῆς

2012 5603 2366 5671 σιωπήσεώς
2397 5618 2535 5660 σου.
2572 5605 2815 5673 Ἔξωθεν
2849 5606 2958 5679 γάρ
2992 5607 3110 5660 ἐστι
3148 5605 3245 5659 τοῦ
3280 5603 3595 5676 ἐπαινηθέν-

2012 5717 2100 5764 τος
2146 5698 2266 5768 ἤδη.
2298 5697 2355 5752 τὸ
2382 5697 2468 5754 διὰ
2501 5699 2603 5771 τῆς
2642 5700 2854 5772 σιωπῆς
2900 5698 3331 5771 θαυμαζόμενον.
3379 5695 3514 5767 ⁸0δῷ
3537 5693 3594 5750 δὲ
