3730 5980
86 282 179 338 921

1126 288 1193 345 ΙΝ
1228 290 1524 348 CANTICA
1558 293 1836 358 CANTIC.
1883 300 2167 360 HOMILIA
2203 301 2314 362 VII.

3256 317 3361 376 9%

81 394 310 464 προάγει
339 392 595 465 καθεξῆς
622 394 681 448 τὸ
724 395 819 450 τοῦ
852 396 1081 465 κάλλους
1110 401 1386 474 ἐγκώμιον
1406 444 1421 468 ,
1464 408 1558 460 ἐπὶ
1579 409 1646 462 τὰ

1823 424 1886 480 st,
1923 415 2087 482 videt,
2133 426 2187 474 et
2221 419 2404 474 abdita
2451 422 2733 490 perspicit,
2767 426 3140 482 testimonium
3176 432 3359 499 periti-

76 483 265 554 τρίχας
293 483 567 553 μετάγων
591 486 681 540 τὸν
703 487 862 556 λόγον
881 531 895 556 ,
918 492 1013 544 καί
1041 509 1204 564 φησιν
1225 513 1235 527 ·
1269 498 1533 569 Τρίχωμά
1556 518 1646 555 σοπ

1823 512 1874 560 et
1904 521 2151 575 personae
2174 509 2274 575 illi,
2302 525 2424 580 qua:
2450 514 2885 578 commendatur,
2911 519 3144 586 amplius
3177 520 3358 576 inesse

74 575 152 638 ὡς
174 576 389 681 ἀγέέαι
418 577 553 643 τῶν
581 579 783 647 αἰγῶν,
805 580 869 634 ατ
888 582 1400 657 ἀνεκαλύφθησαν
1420 591 1536 646 ἀπὸ
1564 597 1646 649 τοί

1823 595 1835 647 Ι
1865 595 2010 665 quod
2061 575 2602 671 reticeatu‘rhquam
2626 605 2772 673 quod
2802 575 3146 663 extrinsecus
3185 626 3353 681 appa-

77 664 341 720 Γαλαάδ.

1771 696 1911 752 reat,
1942 703 2064 743 cum
2106 691 2183 745 ait
2226 710 2240 747 :
2283 691 2437 746 Oculi
2460 695 2538 747 tui
2578 694 2855 761 columba,
2894 708 3087 767 prwter
3118 698 3174 752 id
3211 706 3353 768 quod

470 746 473 747 ν
1568 744 1581 763 χ
1897 744 1908 752 .
2230 744 2239 747 ν
2294 744 2308 746 -
2894 744 3072 767 την-ν·
3120 744 3170 752 -—
3211 744 3340 768 την-

77 759 124 811 in
146 768 193 813 te
219 761 504 816 reticetur.
560 762 834 821 Nimirum
872 767 926 823 id
957 770 1105 838 quod
1135 772 1301 828 tacite
1332 774 1389 829 in
1426 776 1844 837 admirationem
1878 783 2047 848 venit,
2115 799 2228 838 non
2260 786 2614 843 continuetur
2660 790 2776 855 illo,
2847 793 2994 862 quod
3066 793 3340 852 hactenus

74 854 411 910 celebratum
443 866 560 913 est.
589 859 858 916 Caeterum
886 865 1148 932 paulatim
1176 869 1408 924 ulterius
1432 873 1860 940 pulchritudinis
1882 878 2195 933 encomium
2220 881 2447 950 profert,
2473 882 2539 936 ad
2598 898 2787 941 comas
2847 901 3105 945 sermone
3166 897 3358 945 trans-.

72 948 194 1010 lato,
218 962 346 1002 cum
379 951 577 1020 inquit
609 972 623 1007 :
656 953 837 1010 Comae
865 965 969 1012 tua:
995 960 1130 1013 sicut
1155 978 1331 1032 greges
1358 981 1664 1035 caprarum,
1700 986 1818 1040 quae
1841 980 1964 1025 sunt
1992 948 2236 1028 revelatis
2261 973 2326 1029 de
2362 986 2536 1031 monte
2558 977 2786 1037 Galaad.

134 1038 348 1129 Νοῆσαι
378 1041 442 1096 δὲ
476 1047 758 1117 προσήκει
781 1049 997 1120 πρῶτον
1020 1054 1120 1123 τῆς
1147 1054 1333 1125 τριχὸς
1359 1058 1457 1129 τὴν
1485 1059 1663 1128 φύσιν⁹

70 1125 164 1180 εἷθ’
184 1128 362 1194 οὕτως
392 1134 707 1202 ἐπιγνῶναι
728 1139 820 1192 τὸν
849 1138 1088 1208 ἔπαινον,
1118 1142 1177 1195 ὃν
1208 1144 1295 1197 διὰ
1326 1147 1436 1201 τῶν
1463 1150 1666 1221 τριχῶν

69 1220 96 1272 ὁ
122 1218 275 1288 λόγος
307 1224 375 1293 τῇ
430 1224 629 1298 νύμφῃ
673 1229 975 1298 χαρίζεται.
1026 1232 1234 1287 Οὐκοῦν
1266 1235 1392 1303 δόξα
1440 1218 1667 1310 pitiu-

70 1311 248 1375 ναικὸς
272 1314 530 1386 κεφαλῆς
562 1318 596 1387 ἡ
639 1318 761 1389 θρὶξ
794 1322 943 1392 παρὰ
971 1323 1062 1376 τοῦ
1091 1325 1301 1379 Παύλου
1330 1329 1660 1400 ὠνόμασται,

69 1401 158 1453 καὶ
183 1403 309 1454 ἀντὶ
342 1405 709 1475 περιϐολαίου
743 1409 987 1465 δεδόσθαι
1012 1415 1077 1482 τῇ
1118 1417 1336 1482 γυναικὶ
1366 1417 1464 1487 τὴν
1483 1420 1662 1491 κόμην

70 1489 228 1559 λέγει.
259 1494 409 1547 Αίδὼ
431 1496 495 1549 δὲ
525 1497 624 1551 καὶ
655 1500 1010 1571 σωφροσύνην
1032 1502 1094 1557 τὸ
1123 1505 1331 1576 πρέπον
1363 1505 1503 1563 εἶναί
1528 1489 1660 1581 φησι

68 1584 182 1644 ταῖς
212 1585 437 1651 γυναιξὶ
468 1588 823 1658 περιϐόλαιον
842 1631 856 1654 ,
894 1592 1037 1645 οὕτω
1064 1595 1280 1664 γράψας
1306 1597 1384 1668 τῷ
1413 1600 1616 1670 ῥήματι
1642 1621 1657 1634 ι

1835 1061 2076 1117 Primum
2121 1075 2304 1120 autem
2348 1068 2808 1125 considerandum
2856 1078 2964 1139 est,
3013 1089 3133 1143 quae
3180 1088 3350 1131 coma).

1766 1163 1963 1208 natura
1995 1155 2068 1208 sit
2103 1173 2114 1209 :
2152 1162 2317 1225 atque
2346 1157 2419 1210 ita
2452 1157 2654 1215 deinde
2682 1160 2801 1215 laus
2835 1161 2954 1216 haec
2985 1162 3344 1235 intelligetur,

1764 1261 1885 1314 quae
1918 1260 2015 1315 per
2038 1261 2224 1303 comas
2258 1263 2474 1318 sponsa;
2504 1251 2786 1305 tribuitur.
2837 1251 3105 1321 Capillum
3137 1240 3343 1312 Paulus
3414 1314 3423 1321 η

1766 1335 1962 1404 capitis
2009 1335 2293 1391 muliebris
2339 1338 2572 1408 gloriam
2605 1340 2861 1409 appellat,
2905 1348 2961 1395 et
3008 1356 3221 1396 comam
3248 1359 3349 1413 pro

1768 1425 2070 1481 velamento
2100 1428 2316 1484 mulieri
2349 1430 2531 1485 datam
2560 1432 2718 1486 ait“.
2777 1433 2922 1490 Idem
2951 1435 3344 1491 verecundiam

1765 1524 1822 1571 et
1871 1518 2187 1586 pudicitiam
2240 1522 2603 1577 velamentum
2654 1525 2903 1582 mulieris
2960 1524 3161 1581 decens
3221 1541 3347 1583 esse

1765 1609 1949 1676 tradit,
1994 1610 2082 1665 his
2127 1611 2311 1667 verbis
2357 1629 2492 1669 usus
2532 1633 2545 1668 :
2583 1615 3040 1681 Quemadmodum
3082 1619 3226 1672 decet
3267 1619 3346 1688 fe-

81 1674 170 1740 Ὠς
189 1675 405 1743 πρέπει
436 1680 726 1771 γυναιξὶν
753 1683 1311 1754 ἐπαγγελλομέναιςὶ
1331 1692 1646 1759 θεοσεϐεῒν,

1823 1700 1956 1766 inas,
2003 1719 2119 1773 qua:
2167 1703 2472 1773 religiasam
2525 1722 2651 1775 erga
2705 1707 2873 1762 Deum
2924 1711 3169 1777 pietatem
3214 1727 3343 1780 pro-

64 1766 206 1832 μετὰ
220 1766 439 1834 αἰδοῦς
457 1769 566 1825 καὶ
593 1760 995 1840 σωφροσύνης
1016 1776 1268 1844 κοσμεῖν
1285 1779 1524 1847 ἑαυτάς.
1558 1782 1659 1836 Διά

72 1857 264 1911 τούτων
284 1860 387 1923 τὰς
408 1861 517 1914 ἐπὶ
538 1861 640 1930 τῆς
660 1862 899 1934 κεφαλῆς
921 1865 1134 1935 τρίχας,
1156 1862 1245 1931 αἷς
1266 1871 1409 1941 κομᾷ
1431 1871 1464 1940 ἡ
1494 1872 1654 1944 γυνὴ,

70 1948 159 2018 τὴν
181 1948 314 2002 αἰδὼ
342 1951 441 2004 καὶ
470 1953 836 2024 σωφροσύνην
863 1953 953 2007 διὰ
974 1958 1072 2026 τῆς
1095 1956 1189 2010 τοῦ
1217 1959 1429 2012 Παύλου
1465 1962 1656 2030 σοφίας

72 2039 608 2111 καταλαμϐάνεσθαι.
636 2045 768 2098 Οὐδὲ
796 2044 905 2116 γὰρ
931 2044 1097 2117 ἄλλην
1123 2048 1323 2118 πρέπει
1344 2051 1467 2105 τινὰ
1495 2052 1653 2118 δόξαν

71 2130 376 2198 νομίζεσθαι
416 2133 518 2186 ἐπὶ
566 2137 666 2200 τῆς
709 2136 1183 2208 ἐπαγγελλομένης
1212 2138 1524 2196 θεοσέϐειαν
1554 2143 1656 2213 ψυ-

71 2220 190 2290 χῆς,
216 2224 266 2274 εἰ
300 2223 377 2294 μὴ
409 2224 514 2295 τὴν
546 2225 680 2279 αίδώ
713 2243 773 2279 τε
800 2228 893 2280 καὶ
919 2229 1018 2299 τὴν
1048 2229 1436 2302 σωφροσύνην,
1467 2233 1534 2305 ἢν
1560 2234 1654 2288 κό.

75 2328 174 2379 μην
195 2312 501 2384 ὠνόμασεν,
536 2315 604 2387 ην
624 2317 748 2369 ὅταν
784 2317 858 2388 μὴ
884 2317 984 2391 ἔχῃ
1005 2359 1020 2385 ,
1050 2320 1400 2390 καταισχύνει
1429 2323 1528 2395 τὴν
1559 2342 1653 2379 κε-

72 2401 235 2472 φαλὴν
290 2405 463 2476 αὐτῆς
486 2447 502 2471 ,
561 2406 745 2472 καθώς
794 2425 960 2478 φησιν
1012 2411 1041 2462 6
1102 2410 1440 2478 ’Λπόστολος.
1472 2416 1536 2469 Et
1587 2416 1650 2488 δὴ

72 2492 230 2547 ταῦτα
260 2497 388 2568 περὶ
421 2498 541 2552 τῶν
566 2500 768 2571 τριχῶν
793 2502 823 2554 6
846 2501 1057 2566 Παῦλος
1079 2502 1459 2575 ἐφιλοσόφησε,
1490 2523 1654 2578 προσ-

73 2585 250 2639 ακτέον
274 2588 337 2640 ἂν
384 2589 474 2660 εἴη
523 2590 593 2644 τά
617 2588 1044 2647 τοῦἋποστόλου
1073 2596 1294 2666 ῥήματα
1336 2596 1416 2668 τῷ
1444 2598 1651 2670 ἐπαίνῳ

75 2676 164 2744 τῆς
196 2677 563 2750 Ἐκκλησίας.
590 2683 649 2735 ἐν
689 2681 766 2753 τῷ
793 2684 921 2755 περὶ
971 2684 1065 2738 τοῦ
1093 2688 1438 2757 τριχώματος
1485 2691 1646 2763 λόγῳ

75 2765 205 2818 κατὰ
221 2766 318 2838 τὴν
340 2772 719 2844 προκειμένην
745 2774 951 2845 φωνὴν,
981 2776 1017 2847 ἦ
1054 2793 1218 2847 φησιν
1240 2795 1255 2811 ·
1279 2779 1364 2833 ὅτι
1385 2781 1651 2851 Τρίχωμά

75 2873 180 2910 σου
205 2898 218 2921 ,
255 2860 334 2926 ὡς
360 2862 582 2932 ἀγέλαι
620 2864 740 2921 τῶν
791 2865 974 2935 αἰγῶν
1000 2907 1016 2933 ,
1046 2869 1105 2922 αἳ
1136 2869 1650 2941 ἀνεκαλύφθησαν

73 2948 182 3035 ἀπὸ
212 2951 315 3005 τοῦ
339 2955 618 3010 Γαλαάδ.
642 2956 741 3011 Διὰ
776 2958 982 3012 τούτων
1009 2962 1116 3032 γὰρ
1137 2962 1235 3032 τὴν
1268 2963 1520 3035 ἐνάρετον
1551 2982 1649 3018 πο-

75 3034 263 3094 λιτείαν
306 3043 363 3096 ἐν
390 3045 606 3117 ἐπαίνῳ
636 3049 870 3101 ποιεῖται
919 3050 949 3101 6
986 3044 1177 3118 Λόγος.
1227 3034 1384 3107 Ἀλλὰ
1429 3055 1649 3109 κάκεῖνο

78 3132 328 3202 προσήκει
354 3137 723 3209 προστεθῆναι
758 3139 833 3209 τῷ
860 3139 1004 3212 λόγῳ
1026 3141 1102 3212 τῷ
1136 3144 1268 3214 περ)⁸
1292 3144 1400 3198 τῶν
1423 3146 1645 3217 τριχῶν,

79 3218 152 3271 ὅτι
173 3222 345 3293 πάσης
374 3227 688 3298 αἰσθήσεως
736 3228 972 3301 ζωτικῆς
1010 3232 1329 3302 ἀμοιροῦσιν
1361 3237 1414 3288 αἱ
1456 3237 1644 3307 κόμαι.

81 3311 148 3363 Οὐ
180 3316 366 3389 μικρὸν
410 3318 522 3391 γὰρ
562 3320 644 3383 είς
671 3319 973 3391 ἐπαύξησιν
1000 3323 1296 3393 ἐγκωμίων
1344 3326 1439 3378 καὶ¹
1466 3325 1645 3391 τοῦτο,

80 3401 134 3453 τὸ
166 3406 293 3475 μήτε
313 3409 479 3462 πόνου
499 3449 514 3474 ,
551 3412 688 3481 μήτε
713 3410 907 3481 ἡδονῆς
934 3411 1183 3481 αἴσθησιν
1229 3414 1287 3467 ἐν
1321 3417 1440 3478 ταῖς
1473 3415 1648 3487 θριξὶν

83 3488 226 3549 εἶναι.
251 3499 322 3552 Τὸ
349 3502 448 3571 μὲν
480 3501 594 3573 γὰρ
624 3502 785 3574 σῶμα
809 3543 824 3569 ,
863 3503 987 3556 ὅθεν
1031 3504 1324 3573 ἐκφύονται
1349 3545 1365 3569 ,
1394 3507 1647 3562 ὀδυνᾶται

82 3590 525 3666 παρατιλλόμενον
551 3608 567 3624 ⁸
601 3594 739 3665 αὐτὴ
770 3594 828 3648 δὲ
863 3598 896 3666 ὴ
950 3594 1106 3667 θρὶξ,
1145 3594 1268 3649 οὔτε
1298 3598 1348 3650 εί
1374 3598 1644 3667 τέμνοιτο,

81 3678 194 3734 οὔτε
220 3685 266 3737 εἰ
295 3686 569 3756 φλέγοιτο,
606 3686 731 3742 οὔτε
757 3691 806 3742 εί
841 3689 930 3744 διά
957 3707 1103 3753 τινος
1131 3691 1510 3762 κωμμωτικῆς
1534 3693 1650 3746 ἐπι-

40 3767 43 3770 ’
84 3769 285 3837 μελείας
323 3778 733 3832 καταλεαίνοιτο
752 3819 766 3843 ,
794 3779 874 3851 τῷ
902 3781 1173 3851 γινομένῳ
1203 3780 1457 3852 αἴσθησιν
1501 3782 1648 3861 δέχε-

82 3876 182 3915 ται.
209 3863 278 3918 Τὸ
309 3867 364 3920 δέ
392 3870 646 3942 ἀμοιρεῖν
673 3872 774 3942 τῆς
801 3871 1107 3943 αἰσθήσεως
1130 3872 1239 3926 τῶν
1267 3874 1646 3946 νεκρῶνεέστιν

89 3951 224 4007 ίδιον.
263 3958 470 4015 Οὐκοῦν
501 3964 532 4015 ὁ
584 3962 852 4034 μηδεμίαν
891 3963 996 4017 τῶν
1046 3966 1105 4018 ἐν
1146 3965 1224 4035 τῷ
1256 3966 1448 4037 κόσμῳ
1472 3966 1647 4037 τούτῳ

87 4047 517 4121 σπουδαζομένων
563 4054 1003 4126 παραδεχόμενος
1036 4056 1287 4129 αἴσθησιν
1312 4099 1328 4124 ,
1377 4060 1514 4130 μήτε
1543 4057 1648 4127 ύπὸ

82 4132 226 4205 δόξης
259 4156 317 4192 τε
349 4146 440 4198 καὶ
466 4145 635 4216 τιμῆς
684 4145 1106 4217 ἐξογκούμενος,
1138 4152 1275 4221 μήτε
1322 4150 1389 4204 δι’
1435 4150 1646 4223 ὕϐρεώς

82 4235 137 4271 τε
163 4226 250 4278 καὶ
281 4229 504 4301 ἀτιμίας
528 4233 796 4303 ἀλγεινῶς
822 4234 1225 4308 διατιθέμενος·
1253 4238 1367 4292 ἀλλ’
1393 4241 1451 4295 ἐν
1473 4241 1644 4312 ὁμοίῳ

82 4314 195 4366 καθ’
218 4318 470 4393 ἐκάτερον
495 4324 606 4379 τῶν
634 4326 893 4381 ἐναντίων
920 4328 1110 4382 ἐαυτὸν
1137 4330 1425 4399 φυλάσσων
1445 4350 1457 4363 ·
1489 4327 1642 4398 οὗτός
1674 4328 1718 4383 Ι)

84 4401 215 4458 ἐστιν
242 4410 276 4480 η
315 4413 677 4488 ἐπαινουμένη
722 4418 822 4489 τῆς
850 4418 1068 4490 νύμφης
1101 4421 1243 4491 κόμη
1263 4462 1278 4483 ,
1328 4423 1520 4494 νεκρὸς
1546 4425 1639 4479 άν-

84 4509 258 4569 τικρυς
290 4505 382 4558 καὶ
414 4507 669 4579 ἀκίνητος
707 4510 845 4580 πρὸς
875 4511 945 4564 τὰ
974 4511 1069 4564 τοῦ
1114 4512 1321 4583 κόσμου
1353 4515 1641 4585 γενόμενος

86 4587 387 4668 πράγματα,
414 4598 526 4652 εἴτε
549 4599 722 4665 οὕτως
744 4643 759 4669 ,
792 4598 901 4655 είτε
925 4602 999 4666 ὡς
1031 4603 1233 4674 ἑτέρως
1256 4605 1389 4674 ἔχοι.

154 4866 212 4919 Εἰ
235 4869 288 4924 δὲ
310 4874 369 4927 τὸ
394 4876 776 4948 πλεονέκτημα
820 4877 930 4931 τῶν
977 4878 1180 4949 τριχῶν
1227 4880 1449 4948 ἀγέλαις
1471 4882 1643 4951 αίγῶν

93 4959 468 5027 παραϐάλλεται
492 5007 507 5029 ,
542 4970 663 5031 ταῖς
712 4968 820 5022 άπδ
856 4967 951 5022 τοῦ
983 4968 1197 5043 Γαλαὰδ
1239 4973 1644 5043 ἀνακαλυφθεί-

97 5059 203 5134 ﬁt;
220 5066 233 5080 '
257 5052 291 5106 ἃ
321 5058 418 5127 μὲν
439 5059 546 5131 χρὴ
571 5060 640 5113 δι’
660 5060 947 5133 ἀκριϐείας
974 5062 1102 5134 περὶ
1125 5062 1330 5116 τούτων
1355 5063 1646 5132 γινώσκειν

94 5133 229 5224 (ξξπω
258 5149 577 5203 καταλαϐεῖν
612 5152 958 5223 ἠδυνήθημεν
984 5169 1000 5183 ·
1029 5133 1404 5224 στοχαζόμεθα
1437 5155 1516 5218 δὲ,
1539 5157 1642 5212 ’ὅτι

98 5220 263 5302 ὥσπερ
285 5237 350 5290 τὰ
375 5238 505 5306 ξύλα
532 5240 627 5295 τοῦ
650 5220 885 5295 Λιϐάνου
923 5244 1003 5305 εἰς
1024 5220 1227 5315 χρυ-σόν
1255 5220 1314 5297 τε
1356 5245 1450 5299 καὶ
1470 5246 1643 5319 ἀργυ-

98 5330 180 5383 ρον
199 5324 284 5377 καὶ
316 5332 597 5403 πορφύραν
632 5335 1028 5405 μεταποιήσας,
1069 5338 1284 5406 φορεῖον
1320 5338 1349 5389 6
1390 5336 1643 5407 βασιλεὺς

101 5424 469 5507 κατεσκεύασεν
497 5429 676 5501 ἐαυτῷ
704 5445 718 5459 ο
747 5429 921 5495 οὕτως
953 5427 1092 5486 οἶδεν
1128 5434 1158 5487 6
1190 5435 1393 5507 ποιμὴν
1418 5437 1447 5489 ό
1479 5437 1644 5501 καλὸς

99 5502 251 5575 εἶτῶν
272 5514 464 5587 ἀγέλας
490 5522 822 5591 παραλαϐεῖν
846 5514 939 5578 καὶ
963 5527 1042 5588 εἰς
1067 5502 1299 5597 ποίμνιαί
1319 5502 1640 5598 μεταϐαλεῖν

119 5741 122 5744 .
165 5684 244 5752 “l
282 5694 399 5756 Cor.
445 5716 527 5770 ιι,
564 5701 651 5787 iii,
726 5704 770 5738 ⁸³
804 5702 1084 5761 lTimoth.
1129 5720 1191 5775 ιι,
1233 5708 1285 5762 9.

1760 1790 2002 1859 ﬁtentur,
2053 1802 2110 1845 ut
2160 1808 2279 1846 cum
2328 1796 2636 1849 verecundia
2688 1806 2738 1851 et
2787 1798 3049 1867 pudicitia
3096 1816 3206 1854 sese
3251 1817 3342 1854 or-

1759 1882 1976 1943 nenk”.
2025 1882 2238 1949 Quibus
2264 1885 2320 1939 in
2349 1886 2531 1942 verbis
2565 1902 2664 1957 per
2691 1889 2920 1959 capillos
2955 1890 3172 1959 capitis,
3200 1906 3340 1961 quos

1758 1972 1853 2026 alit
1886 1972 2112 2037 femina,
2143 1976 2529 2030 verecundiam
2558 1985 2612 2030 et
2654 1978 2973 2048 pudicitiam
3021 1982 3340 2051 accipienda

1756 2076 1901 2129 esse,
1952 2063 2155 2118 Paulus
2196 2080 2296 2135 pro
2329 2066 2598 2137 sapientia
2650 2082 2750 2122 sua
2800 2069 3112 2140 significare
3143 2071 3336 2127 voluit.

1754 2149 1867 2206 Nec
1896 2153 2043 2207 enim
2088 2156 2346 2211 convenit
2392 2156 2555 2211 aliam
2603 2157 2897 2227 quamdam
2944 2159 3174 2229 gloriam
3221 2169 3339 2214 sta-

1755 2247 1907 2297 tuere
1937 2244 1992 2297 in
2020 2244 2223 2310 anima,
2252 2260 2373 2316 quae
2396 2247 2706 2317 religiosam
2729 2263 2858 2319 erga
2882 2247 3050 2304 Deum
3077 2251 3335 2320 pietatem

1754 2335 2095 2406 profiteatur,
2120 2352 2283 2407 quam
2307 2339 2695 2394 verecundiam
2719 2350 2773 2397 et
2800 2341 3140 2411 pudicitiam,
3164 2358 3336 2398 comae

1752 2427 2119 2497 appellatione
2152 2428 2445 2484 indicatam
2482 2448 2497 2486 :
2526 2444 2634 2500 qua
2661 2431 2707 2485 si
2764 2439 2969 2500 careat,
3000 2432 3328 2490 dehonestat

1753 2526 1921 2588 caput
1951 2535 2137 2584 suum,
2172 2530 2234 2576 ut
2274 2522 2416 2577 idem
2467 2522 2764 2591 Apostolus
2807 2523 3071 2593 loquitur.
3118 2524 3233 2579 Hac
3267 2527 3336 2581 de

1751 2610 1963 2678 capillis
1998 2611 2368 2681 disputatione
2399 2612 2551 2668 Pauli
2596 2615 2961 2695 considerata,
2997 2615 3331 2671 conferenda

1749 2702 1854 2756 erit
1885 2704 2110 2758 omnino
2140 2705 2387 2774 Apostoli
2422 2706 2692 2760 sententia
2738 2722 2864 2760 cum
2921 2708 3024 2762 hac
3070 2707 3331 2763 Ecclesiae

1750 2793 1930 2860 laude,
1966 2810 2088 2864 quae
2113 2795 2222 2852 illis
2254 2797 2440 2852 verbis
2476 2796 2630 2852 hisce
2656 2812 2868 2851 comam
2899 2799 3325 2868 praedicantibus

1748 2885 2034 2946 tribuitur:
2075 2886 2255 2942 Coma:
2289 2898 2395 2943 tua:
2452 2888 2593 2942 velut
2638 2905 2816 2960 greges
2867 2906 3175 2960 caprarum,
3215 2900 3333 2961 qua!

1674 2992 1717 3049 ο
1751 2977 1998 3032 revelatis
2042 2987 2166 3033 sunt
2198 2981 2262 3034 de
2291 2988 2465 3034 monte
2503 2978 2733 3034 Galaad.
2781 2979 2915 3034 Nam
2949 2998 3045 3050 per
3078 2983 3194 3037 hate
3220 2983 3333 3036 vir-

1754 3067 1852 3121 tuti
1912 3077 2280 3124 consentanea
2338 3069 2552 3124 vivendi
2607 3070 2749 3123 ratio
2802 3070 3075 3125 laudatur.
3142 3069 3334 3137 Quan-

1750 3173 1914 3228 quam
1953 3167 2008 3213 et
2048 3160 2154 3214 hoc
2200 3160 2324 3214 addi
2375 3162 2443 3216 ad
2486 3162 2600 3217 haec
2648 3161 2714 3217 de
2763 3161 2976 3232 capillis
3011 3162 3173 3216 verba
3209 3176 3337 3216 con-

1749 3248 1915 3315 v'enit,
1976 3250 2240 3304 nimirum
2296 3266 2486 3308 comas
2537 3253 2718 3307 omnis
2758 3252 2942 3306 vitalis
2992 3267 3190 3308 sensus
3232 3268 3323 3307 ει·
3408 3261 3413 3267 '

1748 3346 1931 3409 partes
1958 3355 2101 3397 esse.
2154 3340 2265 3396 Nec
2292 3342 2439 3397 enim
2472 3358 2665 3413 parum
2706 3343 2810 3398 hoc
2857 3349 3018 3412 auget
3059 3343 3329 3406 encomia,

1748 3432 1894 3501 quod
1930 3432 1984 3485 in
2019 3433 2235 3502 capillis
2273 3448 2449 3502 neque
2491 3434 2773 3497 molestiae,
2819 3449 2998 3502 neque
3030 3435 3329 3505 voluptatis

1752 3519 1891 3578 ullus
1920 3536 2117 3578 sensus
2146 3523 2395 3579 exsistat.
2432 3522 2645 3593 Corpus
2677 3523 2899 3594 quidem
2944 3525 3145 3592 ipsum,
3185 3526 3331 3580 unde

1747 3621 2074 3676 nascuntur,
2127 3615 2173 3669 si
2220 3614 2503 3669 vellicelur
2534 3614 2778 3669 dolorem
2824 3615 3057 3684 percipit
3090 3633 3103 3668 :
3135 3628 3324 3669 verum

1746 3705 1976 3774 capillus
2011 3705 2128 3774 ipse
2155 3719 2331 3775 neque
2363 3706 2410 3760 si
2441 3712 2746 3771 resecetur,
2771 3718 2951 3774 neque
2972 3705 3018 3759 si
3042 3712 3327 3772 exuratur,

1746 3811 1923 3866 neque
1952 3796 1997 3852 si
2031 3811 2129 3865 per
2159 3796 2398 3866 aliquam
2429 3796 2662 3853 ornandi
2695 3796 2947 3865 corporis
2975 3809 3165 3849 curam
3203 3795 3331 3850 levi-

1747 3897 1923 3958 getur,
1967 3888 2264 3957 quidquam
2292 3902 2506 3953 eorum,
2543 3903 2665 3958 quia:
2710 3887 2849 3942 ﬁunt
2892 3887 3079 3942 sentit.
3127 3885 3330 3941 Carere

1745 3986 1924 4033 autem
1960 3993 2148 4044 sensu,
2196 3980 2429 4035 mortuis
2472 3987 2557 4035 est
2610 3979 2909 4050 peculiare.
2962 3976 3327 4044 Quamobrem

1745 4072 2059 4142 quicunque
2084 4072 2223 4127 nihil
2253 4087 2465 4136 eorum,
2509 4088 2632 4143 quae
2663 4072 2719 4127 in
2772 4072 2877 4126 hoc
2906 4071 3113 4127 mundo
3144 4069 3326 4141 magni
3362 4088 3369 4094 ·

1745 4165 2110 4229 aestimantur,
2138 4164 2331 4233 sentit;
2362 4181 2539 4235 neque
2564 4174 2789 4237 propter
2813 4165 3040 4236 gloriam
3066 4172 3120 4219 et
3154 4162 3325 4217 hono-

1747 4273 1859 4313 rem
1907 4257 2053 4314 Iastu
2106 4257 2341 4329 quodam
2397 4259 2599 4324 elatus,
2649 4274 2828 4329 neque
2877 4258 2947 4312 ob
2998 4256 3233 4327 injurias
3272 4261 3328 4310 et

1746 4348 2099 4414 ignominiam
2128 4350 2342 4415 dolens,
2373 4350 2470 4406 scrl
2517 4351 2571 4404 in
2607 4358 2843 4420 utroque
2888 4349 3085 4403 horum
3132 4348 3326 4403 adver-

1746 4439 1982 4494 santium
2025 4440 2129 4495 sibi
2176 4443 2289 4511 pati
2336 4442 2574 4510 quadam
2616 4441 2833 4494 ratione
2877 4445 3049 4494 semet
3094 4452 3326 4493 conser-

1745 4546 1915 4598 vans;
1950 4532 1997 4586 is
2028 4546 2158 4586 vero
2189 4539 2273 4587 est
2303 4531 2417 4586 haec
2449 4545 2665 4600 sponsa:
2700 4543 2858 4585 coma
2896 4535 3184 4598 tantopere
3208 4526 3329 4581 lau-

1745 4620 1894 4684 data,
1924 4622 2085 4691 plane
2108 4622 2314 4677 mortui
2347 4622 2588 4677 hominis
2614 4629 2668 4675 et
2710 4619 3011 4676 immobilis
3040 4618 3109 4672 ad
3136 4616 3325 4673 mundi

1746 4715 1961 4786 negotia
1990 4716 2230 4785 speciem
2271 4730 2381 4785 prae
2410 4730 2469 4770 sc
2500 4712 2705 4776 ferens,
2734 4727 3067 4782 qnocunaue
3106 4711 3323 4765 tandem

1742 4814 1906 4879 pacto
1934 4822 2022 4862 res
2051 4808 2226 4878 ipsius
2260 4814 2595 4876 comparata:
2626 4804 2757 4860 sint.

1812 4900 1966 4967 Quod
2010 4908 2192 4963 autem
2233 4901 2553 4969 capillorum
2597 4895 2800 4951 eximia
2834 4893 3184 4963 pulchritudo
3227 4905 3322 4946 ca-

1742 5001 1964 5057 prarum
1994 4987 2061 5039 ad
2096 5001 2288 5056 greges
2316 4987 2385 5041 de
2412 4984 2617 5041 Galaad
2645 4983 2912 5040 revelatos
2949 4988 3319 5051 comparetur,

1745 5078 1813 5133 de
1861 5079 1964 5132 hoc
2013 5078 2144 5147 quid
2196 5090 2452 5134 accurate
2503 5077 2854 5134 statuendum
2907 5075 3021 5139 sit,
3068 5072 3319 5142 equidem

1746 5168 1924 5224 adhuc
1954 5171 2238 5238 percipere
2266 5183 2375 5223 non
2404 5170 2589 5239 potui:
2625 5167 2832 5222 utimur
2864 5173 3044 5219 tamen
3069 5161 3172 5216 hac
3193 5177 3326 5216 con-

1742 5261 1977 5331 jectura,
2021 5260 2165 5332 quod
2198 5259 2661 5331 quemadmodum
2706 5259 2773 5314 de
2816 5255 3008 5312 Libani
3057 5253 3222 5326 lignis
3267 5252 3324 5308 in

1747 5367 1967 5418 aurum,
1996 5357 2622 5422 argentum,purpnram
2670 5348 3024 5406 commutatis
3054 5344 3323 5401 ferculum

1744 5443 1850 5499 sibi
1880 5459 1977 5499 rex
2021 5441 2322 5500 confecerit
2348 5460 2365 5497 :
2397 5443 2476 5498 sic
2522 5443 2822 5514 pmclarus
2866 5441 2960 5496 ille
2991 5443 3202 5510 pastor,
3230 5450 3327 5492 ac-

1749 5533 1921 5604 ceptis
1948 5548 2236 5604 caprarum
2279 5533 2559 5606 gregibus,
2591 5531 2806 5589 noverit
2840 5530 3072 5601 caprilia
3119 5525 3319 5581 montis
