3730 5980
369 277 481 333 925

1578 279 1636 333 8.
1671 269 2000 334 GREGORII
2032 267 2331 325 NYSSENI

3558 275 3686 330 ρει

372 390 573 448 Galaad
600 389 657 447 in
680 391 842 447 ovilia
871 399 1231 447 commutare.
1269 391 1448 459 Atque
1473 390 1579 444 hoc
1605 390 1775 444 exteri
1805 401 1952 441 mon.

2110 385 2371 438 ιαίπὸλια
2416 385 2508 437 τοῦ
2536 382 2748 438 Γαλαὰδ
2774 384 2955 456 ὅρους.
3000 386 3326 456 Ἀλλσφύλου
3371 391 3431 445 δὲ
3478 393 3682 463 ὅρους

370 481 443 538 tis
472 495 671 536 nomen
702 488 810 542 est,
840 480 933 550 qui
965 480 1195 551 gratiam
1245 480 1405 533 talem
1446 479 1670 543 revelat,
1702 485 1760 530 ut
1789 477 1829 529 ii
1855 476 1946 545 qui

370 588 437 628 ex
463 572 716 643 gentibus
748 572 1072 643 praeclarum
1107 571 1257 626 illum
1291 578 1563 641 pastorem
1591 570 1763 625 secuti
1795 574 1945 629 sunt,

370 664 428 717 in
457 670 655 718 ornatu
688 678 903 732 sponsae
946 662 1270 731 capillorum
1321 662 1542 716 nomine
1594 666 1948 715 censeantur.

373 755 437 808 Et
474 770 571 824 per
615 754 843 824 capillos
887 753 1226 822 pudicitiam,
1265 763 1320 807 et
1355 753 1642 822 pudorem,
1687 761 1742 806 et
1777 748 1974 827 contig

371 847 638 921 nentiam,
673 852 730 899 et
765 844 1242 899 mortiﬁcationem
1272 844 1521 914 corporis
1561 841 1951 919 intelliginjam

373 946 498 992 ante
527 937 865 992 declaratum
902 943 1005 992 est.
1046 934 1327 991 Fortassis
1352 943 1408 991 et
1442 934 1588 991 Elias
1619 934 1824 1004 aliquid
1858 947 1957 987 no-

375 1027 460 1083 bis
501 1028 569 1082 ad
615 1028 758 1082 hanc
797 1042 1086 1097 caprarum
1139 1026 1633 1082 considerationem
1685 1026 1953 1089 conferet,

372 1119 465 1189 qui
494 1119 658 1188 longo
689 1126 934 1188 tempore
961 1126 1211 1173 versatus
1257 1118 1312 1172 in
1345 1126 1527 1173 monte
1556 1116 1786 1183 Galaad,
1821 1116 1958 1172 insi-

381 1208 509 1279 gnia
554 1209 681 1263 vitae
724 1210 1058 1264 continentis
1121 1209 1368 1278 exempla
1418 1208 1652 1279 praebuit
1712 1227 1724 1262 :
1779 1206 1958 1262 forma

375 1299 681 1369 squalidus,
714 1301 929 1371 capillis
974 1302 1255 1367 hirsutus,
1313 1316 1410 1371 pro
1445 1309 1598 1355 veste
1630 1299 1779 1354 molli
1822 1299 1962 1368 pelle

382 1404 561 1459 caprae
602 1398 800 1446 tectus.
853 1389 1038 1461 Itaque
1084 1406 1297 1459 omnes,
1339 1396 1607 1460 quotquot
1661 1389 1728 1444 ad
1778 1402 1963 1443 exem—

376 1483 525 1552 plum
560 1483 840 1553 propheta)
870 1483 1019 1538 illius
1043 1483 1211 1536 vitam
1242 1498 1397 1538 suam
1433 1482 1749 1545 instituunt,
1792 1494 1962 1534 orna-

377 1585 620 1631 mentum
671 1573 931 1630 Ecclesite
981 1574 1140 1639 ﬁunt,
1188 1573 1454 1646 gregatim
1516 1574 1654 1644 (qui
1718 1572 1963 1642 philoso-

379 1664 584 1735 phandi
613 1680 735 1720 mos
769 1665 873 1719 hoc
901 1672 1149 1737 tempore
1177 1667 1232 1719 in
1264 1681 1368 1721 usu
1394 1680 1518 1720 esse
1541 1663 1745 1735 coepit)
1792 1663 1965 1718 virtu-

2050 477 2221 547 ὄνομα
2247 476 2406 530 τοῦτο
2429 475 2524 528 τοῦ
2546 477 2648 547 τὴν
2671 476 2926 546 τοιαύτην
2953 478 3114 549 χάριν
3137 480 3681 547 ὰνακαλύπτοντος,

2051 567 2191 622 ὥστε
2222 568 2347 631 τοὺς
2376 567 2436 632 ἐξ
2461 566 2633 621 ἐθνῶν
2674 566 2752 638 τῷ
2789 567 2941 639 καλῷ
2988 571 3682 645 ποιμένιάκολουθήσανο

2051 676 2149 722 τας
2186 660 2265 721 είς
2292 659 2353 711 τὸ
2380 658 2633 731 τρίχωμα
2663 660 2985 731 πντελῆσαι
3017 662 3108 715 τοῦ
3137 665 3238 733 τῆς
3264 664 3493 734 νύμφης
3524 667 3682 720 κάλ-

2052 749 2177 813 λους
2201 766 2214 779 ’
2264 750 2332 803 δι’
2361 743 2437 804 ὧν
2474 752 2799 822 σωφροσύνη
2841 769 2904 804 τε
2938 753 3034 807 καὶ⁵
3073 754 3265 818 αἰδὼς,
3298 757 3396 809 καὶ
3442 759 3677 828 ἐγκρά-

2052 859 2193 905 τεια,
2226 842 2322 896 καὶ
2347 844 2380 913 ἡ
2410 842 2505 896 τοῦ
2537 845 2791 913 σώματος
2819 844 3088 915 νέκρωσις
3114 847 3256 900 κατὰ
3280 848 3372 900 τὸν
3397 848 3677 918 προθεωο

2058 931 2290 1004 ρηθέντα
2315 932 2471 1001 λόγον
2507 933 2947 1004 διασημαίνεται.
2988 937 3058 989 Ἢ
3100 937 3242 1007 τάχα
3277 939 3681 1008 συμϐάλλεταί

2055 1042 2117 1078 τε
2176 1025 2311 1096 πρὸς
2352 1024 2450 1097 τὴν
2502 1024 2609 1079 τῶν
2649 1025 2821 1093 αἰγῶν
2853 1026 3087 1099 θεωρίαν
3121 1031 3216 1083 καὶ
3247 1032 3277 1081 ὁ
3310 1029 3540 1093 Ἠλίας,
3583 1030 3677 1100 τῷ

2058 1116 2174 1187 δρει
2197 1113 2276 1185 τῷ
2309 1114 2521 1168 Γαλαὰδ
2546 1115 2989 1186 ἐμφιλοσοφήσας
3018 1119 3211 1190 χρόνον
3239 1120 3431 1183 πολὺν,
3459 1122 3522 1185 ὃς
3552 1122 3675 1191 μά-

2058 1206 2215 1259 λιστα
2235 1205 2329 1258 τοῦ
2365 1207 2483 1259 κατ’
2512 1207 2839 1279 ἐγκράτειαν
2865 1208 3217 1279 καθηγήσατο
3241 1210 3359 1281 βίου
3382 1252 3399 1277 ,
3433 1212 3676 1281 αὐχμη-

2063 1297 2154 1368 ρὸς
2183 1296 2245 1350 τὸ
2268 1292 2406 1361 εἶδος
2425 1337 2440 1364 ,
2478 1298 2648 1363 δασὺς
2674 1300 2775 1371 τὴν
2802 1300 3000 1371 τρίχα,
3041 1302 3165 1354 ἀντὶ
3215 1303 3476 1373 μαλακῆς
3507 1320 3675 1367 τινος

2061 1386 2289 1459 ἐσθῆτος
2335 1389 2566 1460 δέρματι
2605 1391 2762 1460 αἰγὸς
2815 1391 3244 1460 σκεπαζόμενος.
3287 1393 3506 1458 Πάντες
3558 1391 3677 1449 οὖν

2063 1481 2274 1534 οἱκατὰ
2304 1481 2394 1534 τόν
2434 1483 2721 1552 προφήτην
2758 1483 2965 1536 ἐκεῖνον
2992 1484 3082 1537 τὸν
3110 1486 3288 1539 αὐτῶν
3314 1487 3673 1557 κατορθοῦν-

2065 1591 2155 1637 τες
2188 1573 2322 1642 βίον,
2351 1573 2557 1643 κόσμος
2581 1573 2823 1641 γίνονται
2848 1574 2948 1645 τῆς
2976 1575 3335 1644 Ἐκκλησίας,
3360 1577 3670 1647 ἀγεληδὸν,

2067 1664 2208 1718 κατὰ
2233 1663 2324 1716 τὸν
2352 1663 2447 1717 νῦν
2496 1662 2895 1734 ἐπικρατοῦντα
2940 1666 3038 1735 τῆς
3072 1665 3390 1736 φίλοσοφίας
3420 1668 3670 1739 τρόπον,

378 1767 486 1812 tem
516 1757 570 1811 in
599 1757 1020 1812 conversatione
1048 1765 1239 1812 mutua
1272 1757 1537 1812 colentes.
1566 1754 1686 1811 Jam
1719 1754 1866 1825 quod
1893 1754 1961 1810 de

2110 1755 2185 1806 ετ*
2206 1752 2450 1823 ἀλλήλων
2476 1752 2575 1824 τὴν
2602 1752 2803 1824 ἀρετήν
2854 1755 3231 1820 ἐκπονοῦντες.
3246 1758 3318 1810 Τὸ
3347 1758 3404 1811 δὲ
3434 1760 3675 1813 Γαλαὰδ

378 1850 580 1905 Galaad
610 1850 928 1921 hujusmodi
967 1866 1158 1923 greges
1185 1852 1518 1913 revelentur,
1550 1849 1603 1903 id
1629 1863 1757 1903 vero
1788 1847 1959 1931 mira-

380 1942 568 1996 culum
624 1942 804 2012 ipsum
857 1950 1065 2013 auget:
1118 1942 1379 1996 nimirum
1426 1940 1572 2011 quod
1624 1955 1690 1995 ex
1743 1938 1961 1994 ethnica

379 2032 491 2086 vita
519 2032 585 2087 ad
617 2033 1136 2088 commentationem
1161 2047 1303 2088 verae
1332 2032 1399 2087 de
1443 2030 1551 2086 Deo
1578 2029 1846 2085 doctrinae
1871 2044 1963 2083 ac-

381 2122 731 2176 cesserimus.
786 2119 898 2177 Nec
936 2121 1082 2176 enim
1124 2136 1155 2174 a
1204 2119 1336 2176 Sion
1388 2127 1575 2176 monte
1620 2127 1811 2175 sancto
1842 2118 1963 2187 ejus

380 2211 586 2264 factum
618 2219 702 2267 est
734 2211 1052 2281 huiusmodi
1082 2212 1207 2267 vitae
1236 2212 1475 2279 initium,
1509 2211 1602 2265 sed
1640 2209 1858 2264 addicta
1887 2209 1964 2264 si-

383 2302 638 2357 mulacris
666 2304 820 2356 natio
843 2310 1131 2373 tantopere
1161 2303 1327 2356 vitam
1362 2317 1514 2358 suam
1544 2301 1876 2365 immntavit,
1903 2309 1964 2355 ut

379 2392 661 2461 praeclaris
688 2393 984 2449 virtutibus
1019 2408 1237 2463 sponsa:
1267 2404 1430 2463 caput
1464 2401 1712 2447 exornet.
1750 2391 1963 2446 Secun-

381 2482 511 2536 dum
552 2482 669 2537 haec
720 2483 777 2537 in
814 2484 1088 2539 laudando
1116 2500 1442 2555 progressus
1489 2484 1557 2539 ad
1597 2485 1786 2539 dentes
1843 2499 1965 2539 sese

381 2571 618 2639 confert,
668 2573 783 2629 oris
835 2590 899 2629 ac
948 2575 1221 2629 lahiornm
1272 2575 1541 2630 encomiis
1592 2575 1817 2631 omissis
1857 2593 1871 2628 :
1908 2574 1966 2629 id

384 2666 531 2735 quod
561 2665 784 2721 minime
808 2668 1226 2737 relinquendum
1254 2668 1413 2724 nobis
1443 2676 1528 2722 est
1556 2684 1666 2722 non
1696 2666 1965 2738 pervesti-

386 2765 596 2826 gatum.
645 2756 756 2811 Cur
790 2759 1008 2813 tandem
1053 2760 1108 2812 in
1153 2760 1255 2813 hac
1284 2761 1745 2814 commentatione
1771 2759 1965 2814 dentes

385 2846 547 2901 labiis
580 2849 1032 2919 anteponuntur?
1076 2849 1335 2904 Fortasse
1364 2850 1490 2919 quis
1532 2850 1755 2915 dixerit,
1785 2850 1840 2904 in
1870 2849 1967 2904 de-

383 2940 783 2994 monstratione
813 2940 1241 3010 pulchritudinis
1271 2940 1626 3011 elegantioris
1656 2940 1820 2997 etiam
1851 2940 1964 2996 oris

2060 1846 2160 1908 τὰς
2206 1843 2459 1907 τοιαύτας
2508 1844 2959 1914 ἀποκαλυφθῆναι
3018 1845 3254 1913 ἀγέλας,
3291 1846 3530 1917 μείζονα
3564 1848 3671 1901 τοῦ

2062 1934 2336 2006 θαύματος
2364 1933 2463 2002 τὴν
2489 1932 2795 2003 ὑπερϐολὴν
2822 1932 3050 2004 ἔχει,ἃτι
3081 1934 3145 1988 ἐκ
3164 1934 3259 1987 τοῦ
3283 1936 3511 1990 ἑθνικοῦ
3539 1937 3672 2007 βίου

2062 2026 2286 2095 γέγονεν
2329 2026 2462 2096 ἡμῖν
2487 2026 2520 2095 ή
2551 2024 2688 2096 πρὸς
2716 2025 2817 2095 τὴν
2850 2024 2993 2079 κατὰ
3034 2025 3166 2079 Θεὸν
3201 2027 3532 2096 φιλοσοφίαν
3563 2007 3673 2098 με·

2062 2117 2340 2180 τάστασις.
2377 2114 2453 2169 Οὐ
2501 2116 2609 2186 γὰρ
2643 2113 2781 2168 Σιὼν
2832 2115 2959 2186 ὅρος
3015 2116 3076 2169 τὸ
3124 2117 3280 2186 ἆγιον
3327 2118 3502 2172 αὐτοῦ
3557 2119 3670 2187 τῆς

2060 2208 2319 2278 τοιαύτης
2352 2206 2704 2276 καθηγήσατο
2737 2206 3008 2270 πολιτείας
3028 2225 3040 2237 ·
3077 2207 3211 2261 ἀλλὰ
3246 2209 3309 2262 τὸ
3341 2212 3461 2271 τοῖς
3487 2210 3670 2262 εἰδώ-

2061 2300 2171 2364 λοις
2220 2297 2579 2368 ἀνακείμενον
2631 2296 2784 2361 ἔθνος
2814 2298 2893 2361 είς
2921 2298 3189 2370 τοσαύτην
3241 2295 3374 2370 ἦλθε
3403 2299 3503 2354 τοῦ
3538 2301 3666 2371 βίου

2066 2388 2430 2459 μετάστασιν,
2464 2386 2606 2441 ὥστε
2642 2387 2740 2458 τὴν
2775 2387 3017 2459 κεφαλὴν
3062 2390 3339 2459 κοσμῆσαι
3377 2392 3485 2461 τῆς
3515 2392 3670 2460 νύμ-

2063 2497 2170 2550 φης
2199 2481 2314 2543 τοῖς
2339 2481 2459 2532 κατ’
2498 2479 2705 2549 ἀρετὴν
2732 2481 3163 2551 προτερήμασιν.
3192 2476 3324 2534 Εἶτα
3355 2485 3487 2544 τοὺς
3511 2482 3669 2534 ὀδόν-

2061 2582 2160 2629 τας
2197 2568 2262 2636 τῇ
2291 2564 2581 2637 ἀκολουθίᾳ
2635 2566 2741 2619 τῶν
2779 2567 3020 2621 ἐπαίνων
3061 2570 3090 2622 ὀ
3114 2571 3285 2637 Λόγος
3339 2570 3665 2642 προτίθησι,

2064 2655 2441 2726 παραδραμὼν
2466 2655 2559 2708 τοῦ
2610 2657 2878 2728 στόματός
2924 2676 2983 2713 τε
3037 2660 3271 2715 καὶτῶν
3318 2661 3549 2730 χειλέων
3593 2663 3665 2713 τά

2064 2746 2335 2818 ἐγκώμια.
2391 2746 2570 2819 Ὅπερ
2610 2748 2759 2814 ἄξιον
2787 2750 2863 2821 μὴ
2902 2751 3146 2823 παριδεῖν
3178 2752 3560 2816 ἀνεξέταστον.
3598 2751 3667 2806 Τί

2062 2838 2124 2909 δή
2149 2856 2285 2892 ποτε
2311 2838 2420 2893 τῶν
2448 2839 2673 2909 χειλέων
2699 2842 2751 2894 οἱ
2775 2841 2987 2905 ὀδόντες
3021 2845 3078 2897 ἐν
3108 2846 3220 2905 τοῖς
3253 2845 3501 2909 ἐπαίνοις
3527 2862 3668 2915 προ·

2062 2928 2335 2996 τίθενται;
2364 2930 2518 3001 Τάχα
2556 2930 2656 3001 μὲν
2681 2925 2775 2984 οὖν
2822 2933 2968 2986 είποι
3018 2951 3099 2997 τις
3129 2932 3198 2986 ἂν
3229 2934 3664 3007 γλαφυρώτερον

385 3029 559 3082 risum
601 3044 698 3097 per
741 3028 983 3084 dentium
1029 3030 1454 3099 descriptionem
1493 3031 1657 3086 tacite
1707 3030 1959 3085 indicari.

2110 3028 2125 3073 5
2154 3020 2352 3086 κάλλος
2378 3019 2551 3086 δεῖξαι
2580 3020 2901 3093 βουλόμενος
2919 3067 2934 3091 ,
2967 3025 3230 3095 μειδίαμα
3263 3027 3537 3095 στόματος
3569 3028 3665 3080 διὰ

387 3117 504 3188 Ego
539 3133 666 3172 vero
709 3120 1012 3188 respiciens
1041 3121 1172 3187 alio,
1215 3122 1461 3176 dentium
1493 3123 1962 3192 pulchritudinem

2110 3114 2167 3185 ἧς
2193 3115 2302 3167 τῶν
2330 3114 2553 3168 ὀδόντων
2578 3115 2903 3187 ὑπογραφῆς
2933 3117 3075 3171 κατὰ
3111 3117 3174 3169 τὺ
3206 3117 3432 3187 λεληθὸς
3462 3136 3663 3172 συνεν-

389 3210 494 3263 alia
541 3209 610 3264 de
660 3224 828 3266 causa
879 3211 1088 3265 laudari
1134 3214 1283 3283 prius
1314 3229 1480 3285 quam
1532 3230 1632 3279 os,
1683 3216 1961 3271 existimo.

388 3299 524 3353 Nam
556 3300 792 3356 laudatis
815 3302 923 3365 his,
949 3318 1017 3359 ne
1044 3304 1255 3358 labrum
1286 3304 1506 3374 quidem
1539 3306 1658 3360 sine
1683 3320 1966 3360 commen-

388 3389 612 3444 datione
640 3392 902 3460 praeterit,
935 3390 1058 3447 cum
1104 3394 1181 3447 ait
1223 3395 1396 3463 ipsius
1427 3394 1580 3449 labra
1623 3410 1746 3452 esse
1790 3396 1966 3451 instar

392 3480 625 3535 funiculi
672 3482 959 3546 coccinei,
1021 3491 1077 3539 et
1128 3484 1399 3555 loquelam
1463 3485 1585 3555 ejus
1636 3486 1962 3556 elegantem.

390 3569 650 3635 Quaenam
680 3579 765 3626 est
799 3571 965 3640 igitur
998 3573 1102 3628 hac
1144 3574 1198 3628 in
1241 3584 1392 3645 parte
1440 3576 1758 3642 conjectura
1805 3576 1967 3630 mea?

390 3662 536 3717 Ordo
568 3661 622 3717 in
656 3664 962 3735 disciplinis
991 3667 1232 3736 optimus
1263 3675 1367 3731 est,
1402 3667 1637 3737 primum
1668 3667 1875 3731 doceri,
1900 3680 1967 3722 ac

392 3753 588 3808 deinde
625 3754 796 3824 loqui.
845 3754 1173 3826 Disciplinas
1217 3764 1401 3811 autem
1458 3756 1550 3826 qui
1600 3757 1756 3811 cibos
1800 3755 1967 3809 animi

391 3856 517 3896 esse
543 3840 767 3904 dixerit,
806 3857 837 3894 a
877 3859 1005 3897 vero
1033 3859 1142 3898 non
1174 3844 1471 3898 aberrabit.
1524 3841 1592 3897 Ut
1628 3851 1809 3898 autem
1841 3857 1967 3897 cor-

394 3946 616 4001 poreum
667 3932 986 3986 alimentum
1044 3934 1301 3989 dentibus
1347 3933 1769 3988 comminuendo
1809 3947 1971 4003 para-

393 4038 541 4086 mus,
564 4023 634 4075 ita
669 4032 728 4076 ut
757 4023 1063 4078 visceribus
1089 4025 1295 4080 nostris
1327 4025 1585 4079 idoneum
1612 4025 1706 4078 ﬁat
1732 4038 1746 4078 :
1777 4023 1968 4079 eodem

396 4111 563 4165 modo
584 4111 819 4166 facultas
847 4114 1094 4182 quazdam
1125 4121 1210 4169 est
1232 4116 1284 4168 in
1314 4114 1515 4177 animo,
1543 4128 1664 4184 qua:
1690 4112 1970 4167 doctrinas

395 4204 742 4269 comminuit,
773 4211 827 4260 et
864 4220 960 4274 per
986 4220 1150 4274 quam
1185 4206 1332 4260 utilis
1366 4206 1442 4259 illi
1470 4206 1533 4258 ﬁt
1573 4205 1846 4269 doctrina,
1877 4205 1971 4274 qui

394 4308 514 4348 eam
547 4293 766 4365 recipit.
813 4293 1158 4366 Quapropter
1185 4311 1280 4352 eos
1323 4295 1599 4362 doctores,
1643 4300 1734 4367 qui
1769 4298 1973 4354 doctri-

2069 3207 2407 3260 δείκνυσθαι*
2436 3206 2548 3276 ἐγὼ
2573 3208 2630 3261 δὲ
2658 3209 2796 3279 πρὸς
2821 3209 3005 3280 ἕτερον
3035 3209 3266 3280 βλέπων,
3300 3214 3664 3283 προτερεύειν

2072 3298 2129 3350 ἐν
2153 3299 2267 3360 τοῖς
2309 3296 2552 3361 ἐπαίνοις
2581 3297 2644 3351 τὸ
2670 3298 2777 3352 τῶν
2804 3299 3031 3354 ὀδόντων
3063 3301 3255 3365 κάλλος
3289 3304 3398 3373 πρὸ
3424 3304 3542 3358 τῶν
3567 3305 3663 3357 τοῦ

2074 3389 2339 3459 στόματος
2392 3389 2685 3460 ἐγκωμίων
2732 3389 3039 3460 λογίζομαι.
3084 3391 3242 3446 Μετὰ
3292 3393 3452 3448 τοῦτο
3504 3394 3622 3465 γὰρ
3648 3434 3662 3456 ,

2072 3478 2194 3531 οὐδὲ
2221 3478 2283 3531 τὸ
2320 3478 2495 3549 χεῖλος
2526 3479 2739 3549 ἀφῆκεν
2767 3481 3214 3552 ἀνεγκωμίαστον
3239 3525 3253 3549 ,
3292 3487 3562 3558 σπαρτίον
3587 3489 3664 3539 εἰ-

2074 3567 2190 3622 πὼν
2216 3568 2466 3622 κόκκινον
2494 3563 2635 3622 εἷναι
2662 3568 2732 3623 τὰ
2762 3570 2914 3642 χείλη
2938 3571 3112 3640 αὐτῆς
3138 3613 3152 3636 ,
3196 3575 3293 3626 καὶ
3327 3574 3426 3645 τὴν
3462 3575 3661 3629 λαλιὰν

2073 3659 2307 3733 ὡραίαν.
2337 3660 2403 3712 Τί
2434 3654 2526 3713 οὖν
2566 3659 2596 3712 ὃ
2627 3661 2758 3731 περὶ
2794 3661 2982 3714 τούτου
3029 3663 3391 3734 στοχάζομαι;
3432 3667 3657 3737 Ἀρίστη

2074 3747 2226 3814 τάξις
2259 3749 2317 3803 ἐν
2350 3750 2462 3811 τοῖς
2524 3748 2838 3824 μαθήμασίν
2882 3750 2999 3802 ἐστι
3047 3749 3263 3821 πρῶτον
3309 3750 3656 3805 διδάσκεσθαι

2076 3841 2171 3893 καὶ
2216 3840 2339 3893 τότε
2396 3839 2730 3909 φθέγγεσθαι
2756 3856 2770 3869 ’
2817 3838 2886 3892 τὰ
2920 3839 2978 3892 δὲ
3009 3840 3311 3912 μαθήματα
3350 3843 3451 3912 τῆς
3478 3843 3657 3913 ψυχῆς

2079 3929 2347 4002 βρώματά
2377 3948 2459 3995 τις
2493 3929 2663 4003 εὴίπὼν
2695 3926 2864 3997 εἶναι,
2897 3932 2991 3985 τοῦ
3017 3933 3225 3996 εἰκότος
3269 3935 3368 4004 οὐχ
3399 3936 3657 4007 ἁμαρτή-

2078 4038 2251 4075 σεται.
2283 4020 2498 4091 Ὥσπερ
2548 4020 2656 4091 γὰρ
2702 4021 2766 4093 δὴ
2818 4022 2917 4091 τὴν
2961 4021 3278 4091 σωματικὴν
3308 4023 3517 4095 τροφὴν
3548 4028 3655 4086 τοῖς

2077 4114 2253 4169 ὀδοῦσι
2279 4114 2731 4180 καταλεάναντες,
2757 4112 3093 4186 κατάλληλον
3117 4114 3290 4185 αὐτὴν
3317 4118 3429 4179 τοῖς
3460 4116 3657 4183 σπλάγ-

2079 4225 2226 4279 χνοις
2280 4206 2534 4277 γενέσθαι
2584 4205 3115 4277 παρασκευάζομεν*
3156 4206 3297 4260 κατὰ
3348 4206 3443 4260 τὸν
3496 4207 3657 4260 αὐτὸν

2079 4298 2278 4369 τρόπον
2310 4298 2425 4350 ἐστί
2454 4314 2537 4360 τις
2583 4296 3010 4368 λεπτοποιητικὴ
3038 4297 3145 4349 τῶν
3188 4297 3533 4367 διδαγμάτων
3564 4297 3653 4350 δύ-

395 4398 496 4437 nas
529 4397 654 4437 cum
683 4384 895 4453 judicio
921 4384 1146 4439 tradunt
1170 4393 1225 4441 ct
1262 4386 1598 4456 partiuntur,
1632 4402 1974 4456 quorumque

2113 4405 2244 4459 αμις
2270 4390 2327 4441 ἐν
2354 4390 2420 4458 τῇ
2445 4388 2589 4458 ψυχῇ
2609 4429 2624 4453 ,
2652 4388 2718 4440 δι’
2767 4383 2835 4460 ἦς
2862 4387 3118 4458 ὀφέλιμον
3148 4389 3357 4457 γίνεται
3400 4389 3481 4460 τῷ
3506 4389 3652 4459 δεχο-

395 4490 563 4544 opera
598 4478 806 4547 percipi
859 4479 1149 4534 commode
1194 4480 1446 4534 doctrina
1490 4488 1691 4550 potest,
1729 4490 1783 4536 et
1823 4482 1975 4537 utilis

394 4572 503 4628 est,
542 4564 771 4634 ﬁgurate
814 4565 1008 4623 dentes
1056 4569 1145 4624 hic
1188 4570 1450 4640 appellari
1498 4571 1642 4625 diro.
1694 4571 1875 4640 anue
1909 4574 1976 4629 de

398 4671 569 4713 causa
629 4650 781 4728 prius
835 4660 1000 4715 etiam
1051 4662 1243 4718 dentes
1297 4662 1632 4728 laudantur,
1686 4672 1849 4735 atque
1902 4665 1974 4718 ita

397 4749 597 4805 deinde
649 4751 919 4806 labiorum
978 4754 1285 4808 encomium
1339 4754 1589 4809 infertur.
1659 4755 1769 4811 Nec
1829 4757 1973 4811 enim

400 4840 542 4896 labia
575 4840 681 4896 sita
717 4840 771 4895 in
814 4842 1538 4923 loquendo\pu|chritudine
1581 4842 1837 4900 ﬂorerent
1884 4862 1975 4901 or-

400 4940 549 4999 nata,
580 4932 687 4987 nisi
714 4932 906 4988 dentes
930 4948 1027 5003 per
1056 4933 1360 4988 studiosam
1394 4933 1807 5004 disciplinarum
1841 4951 1974 4991 con-

400 5013 808 5093 templatioriem
842 5024 1002 5079 labiis
1047 5024 1189 5079 hanc
1224 5024 1396 5094 ipsam
1433 5026 1491 5080 in
1538 5027 1810 5097 loquendo
1850 5044 1975 5098 gra-

401 5112 532 5167 tiam
559 5113 892 5171 eonferrent.
940 5114 1091 5170 Hanc
1124 5130 1226 5171 nos
1255 5131 1479 5171 causam
1512 5118 1847 5188 proferimus
1880 5121 1978 5174 ob—

402 5206 609 5261 servari
642 5208 700 5261 in
728 5208 817 5264 his
846 5208 1251 5266 laudationibus
1276 5210 1508 5266 ordinis.

474 5475 632 5531 Nunc
659 5485 871 5549 tempus
901 5480 1084 5547 fuerit,
1118 5492 1177 5536 ut
1206 5482 1261 5537 in
1293 5464 1661 5539 laudationem
1691 5484 1863 5554 ipsam
1896 5486 1977 5539 in-

405 5566 711 5637 quiramus,
746 5568 840 5636 qui
875 5569 986 5633 ﬁat,
1012 5579 1071 5624 ut
1094 5570 1340 5626 dentium
1366 5575 1831 5643 pulchritudinem
1856 5591 1979 5629 cum

406 5655 585 5714 tonsis
632 5656 887 5726 gregibus
915 5659 1180 5728 conferat,
1229 5678 1350 5733 qua:
1396 5680 1586 5721 recens
1638 5666 1704 5722 de
1762 5668 1982 5722 lavacro

2082 4482 2227 4553 μένῳ
2252 4481 2312 4534 τὸ
2347 4481 2596 4552 μάθημα.
2635 4481 2775 4545 Τοὺς
2795 4482 2976 4535 τοίνυν
3007 4482 3288 4557 κριτικούς
3312 4499 3374 4536 τε
3404 4485 3499 4537 καὶ
3524 4484 3655 4538 διαι-

2082 4571 2326 4643 ρετικοὺς
2348 4569 2456 4623 τῶν
2475 4569 2818 4639 διδαγμάτων
2843 4569 3163 4641 καθηγητὰς
3177 4612 3192 4636 ,
3215 4570 3281 4624 δι’
3297 4564 3373 4624 ὧν
3394 4572 3653 4642 εὔληπτος

2079 4664 2210 4733 ἡμῖν
2256 4662 2467 4729 γίνεται
2525 4660 2620 4714 καὶ
2662 4660 2951 4732 ἐπωφελὴς
2990 4662 3023 4730 ή
3056 4660 3374 4715 διδασκαλία
3397 4701 3413 4726 ,
3443 4662 3651 4725 ὀδόντας

2079 4753 2184 4806 ὑπὸ
2207 4751 2300 4805 τοῦ
2326 4751 2483 4819 λόγου
2515 4752 2658 4822 φημὶ
2686 4750 2964 4821 τροπικῶς
2992 4749 3376 4820 ὀνομάζεσθαι.
3401 4746 3475 4805 Ob
3499 4752 3652 4821 χάριν

2082 4842 2455 4916 προλαμϐάνει
2487 4843 2596 4895 τῶν
2622 4842 2849 4895 ὀδόντων
2877 4844 2906 4894 ό
2932 4841 3181 4906 ἔπαινος,
3208 4838 3307 4896 εἷθ’
3332 4838 3507 4905 οὓτως
3532 4844 3653 4896 ἐπάν

2082 4952 2237 5005 γεται
2292 4933 2402 4986 τῶν
2434 4932 2656 5003 χειλέων
2689 4933 2750 4985 τὸ
2779 4931 3073 5002 ἐγκώμιον.
3106 4934 3181 4986 UO
3223 4933 3332 5005 γὰρ
3377 4933 3445 4986 ἂν
3493 4936 3649 5004 ἐπήν-

2084 5027 2234 5079 θιστο
2268 5024 2344 5095 τῷ
2390 5024 2592 5095 λογικῷ
2626 5022 2813 5076 κᾶλλει
2843 5023 2904 5076 τὸ
2936 5023 3111 5093 χεῖλος
3138 5063 3151 5084 ,
3188 5024 3263 5095 μὴ
3291 5023 3400 5077 τῶν
3437 5024 3648 5078 ὀδόντων

2085 5116 2308 5171 ἐκείνων
2340 5115 2428 5169 διὰ
2460 5115 2559 5186 τῆς
2589 5113 3028 5186 φιλοπονωτέρας
3054 5114 3161 5167 τῶν
3197 5115 3532 5187 μαθημάτων
3558 5133 3647 5169 κα-

2083 5210 2389 5280 τανοήσεως
2418 5208 2515 5280 τήν
2569 5209 2626 5262 ἐν
2675 5209 2788 5271 τοῖς
2836 5208 3015 5276 λόγοις
3052 5208 3211 5279 χάριν
3264 5208 3647 5262 ἐπιϐαλλόντων

2081 5303 2193 5365 τοῖς
2239 5301 2497 5371 χείλεσιν.
2533 5300 2722 5353 Αἱτίαν
2755 5300 2854 5372 μὲν
2886 5294 2978 5355 οὖν
3026 5300 3085 5353 ἐν
3115 5302 3229 5363 τοῖς
3255 5300 3498 5365 ἐπαίνοις
3526 5302 3643 5355 dxe-

2081 5393 2301 5457 λουθίας
2324 5392 2527 5464 ταύτην
2556 5392 2778 5447 ἐπὶτῶν
2806 5392 3030 5447 ὀδόντων
3062 5393 3501 5464 κατενοήσαμεν.

2156 5486 2360 5558 Καιρὸς
2390 5486 2433 5538 δ’
2463 5485 2528 5540 ἂν
2560 5486 2645 5557 εἴη
2692 5486 2786 5539 καὶ
2813 5485 2976 5539 αὑτὸν
3012 5484 3262 5549 ἐξετάσαι
3298 5485 3392 5538 τὸν
3423 5486 3641 5545 ἔπαινον,

2088 5578 2204 5643 πῶς
2232 5578 2568 5646 παραϐάλλει
2588 5578 2651 5630 τὸ
2680 5581 2736 5632 ὲν
2762 5582 2877 5641 τοῖς
2900 5578 3081 5631 ὀδοῦσι
3107 5577 3300 5639 κάλλος
3321 5579 3443 5640 ταῖς
3466 5594 3645 5649 κεκαρ·

2093 5671 2276 5739 μέναις
2311 5669 2532 5737 ἀγέλαις
2552 5710 2571 5734 ,
2590 5670 2646 5723 αἳ
2681 5668 2775 5723 νῦν
2806 5668 2900 5722 τοῦ
2928 5667 3153 5737 λουτροῦ
3182 5666 3495 5722 ἁναδυεῖσαι
3520 5667 3639 5721 6:63-
