3742 5986
105 307 196 363 925

1112 316 1180 371 ΙΝ
1205 317 1501 374 CANTICA
1526 319 1797 376 CANTIC.
1841 321 2123 377 HOMILlA
2166 323 2276 378 Vil.

3235 329 3340 389 9‘25

103 442 207 498 μοις
238 421 631 492 ἐπαγάλλσντσι
681 424 861 488 τόκοις
912 426 1052 480 κατὰ
1088 428 1149 480 τὸ
1181 428 1295 483 ἴσον
1341 432 1395 483 ai
1444 433 1581 484 πᾶσα

1856 448 1992 488 essae
2029 433 2275 504 gemellis
2312 432 2511 487 fetibus
2551 433 2755 503 pariter
2805 450 2996 494 omnes
3037 441 3334 498 exsultant.

103 517 196 584 ἔχει
233 513 286 565 δέ
323 512 466 566 κατὰ
497 513 594 583 τὴν
633 513 779 580 λέξιν
811 516 840 568 ὁ
869 515 1093 580 ἔπαινος
1130 518 1304 583 οὕτως
1331 535 1346 551 ⁶
1389 522 1661 588 Ὀδόντες

104 622 203 659 σου
236 604 314 670 ὠς
362 602 577 672 ἀγέλαι
615 605 735 659 τῶν
772 609 1156 678 κεκαρμένων
1180 649 1195 673 ,
1246 611 1309 664 αἲ
1351 613 1674 680 ἀνέϐησαν-⁸

103 696 202 750 ἀπὸ
243 695 346 748 τοῦ
371 697 638 766 λουτροῦ
665 737 679 759 ,
712 700 773 752 αὶ
820 698 1012 754 πᾶσαι
1050 699 1480 770 διδυμεύουσαι
1505 745 1519 768 ,
1559 704 1659 758 καὶ

104 786 420 842 ἁτεκνοῦσα
447 790 563 843 οὐκ
595 789 769 844 ἔστιν
803 790 899 843 ἐπ’
930 791 1157 858 αὑταῖς.
1193 794 1365 847 Τοῦτο
1400 795 1581 848 τοίνυν
1611 796 1659 848 εί

106 879 221 947 πρὸς
242 879 300 931 τό
326 881 640 951 σωματικὸν
672 881 767 935 τοῦ
806 883 1201 953 ὑποδείγματος
1232 884 1504 956 βλέπομεν
1522 927 1536 952 ,
1561 888 1661 942 οὐκ

105 966 203 1024 οἶδα
232 970 344 1035 πῶς
367 971 434 1026 ἄν
477 990 561 1037 τις
584 973 926 1028 ἐπαινεῖσθαι
952 977 1076 1042 τοὺς
1107 978 1322 1044 ὀδόντας
1348 980 1523 1045 εἴποι,
1574 981 1662 1036 διὰ

105 1063 186 1131 τῆς
239 1063 372 1133 πρὸς
420 1063 520 1128 τὰς
579 1065 980 1135 πολυγονούσας
1036 1068 1241 1137 ἀγέλας
1302 1071 1659 1143 συγκρίσεως.

116 1153 351 1208 Ὀδόντων
381 1155 483 1226 μὲν
520 1155 627 1229 γὰρ
653 1156 870 1224 ἔπαινος
890 1198 906 1223 ,
936 1162 970 1231 ἡ
1003 1161 1298 1232 στερρότης
1327 1164 1445 1215 ἐστὶ
1489 1164 1584 1216 καὶ
1628 1165 1660 1236 ὴ

106 1244 397 1314 ἐναρμόνιος
426 1246 579 1310 θέσις
603 1286 619 1310 ,
656 1249 751 1302 καὶ
778 1249 839 1302 τὸ
872 1250 1086 1319 παγίως
1117 1250 1186 1305 δι’
1218 1251 1433 1321 ὁμαλῆς
1476 1269 1536 1305 τε
1568 1254 1663 1307 καὶ

106 1336 372 1391 ἀκολούθου
422 1339 527 1409 τῆς
574 1340 842 1411 ἁρμονίας
891 1342 1265 1414 ἐμπφυκέναι
1311 1346 1425 1408 τοῖς
1459 1344 1660 1409 οὕλοις.

106 1430 159 1481 Δί
182 1428 233 1481 δὲ
263 1429 651 1484 ἀναϐαίνουσαι
676 1431 782 1485 ἀπὸ
803 1431 899 1485 τοῦ
927 1432 1153 1505 λουτροῦ
1177 1434 1372 1503 ἀγέλαι
1400 1435 1541 1507 μετὰ
1565 1436 1664 1507 τῆς

107 1519 301 1591 διδύμου
338 1522 506 1593 γονῆς
546 1523 1020 1579 ἐπισκεδασθεῖσαι
1064 1528 1186 1589 ταῖς
1230 1527 1428 1592 νάπαις
1451 1567 1466 1589 ,
1507 1527 1665 1583 ποίαν

107 1608 309 1662 ὀδόντων
339 1610 753 1682 ὑπογράφουσιν
801 1610 951 1682 ὤραν
1001 1611 1080 1682 τῷ
1125 1611 1246 1666 καθ’
1296 1612 1495 1676 ἑαυτὰς
1530 1613 1663 1666 ὑπο-

107 1698 331 1771 δείγματι
354 1738 370 1764 ,
409 1702 513 1755 οὐκ
540 1701 686 1755 ἐστιν
715 1703 780 1756 ἐκ
806 1702 902 1757 τοῦ
951 1704 1243 1777 προχείρου
1291 1706 1620 1773 κατανοῆσαι
1647 1718 1661 1733 ⁸

110 1782 233 1843 οὗτοι
282 1792 564 1863 στοιχηδὸν
608 1793 1000 1864 συνεστήκασιν
1050 1793 1386 1866 ἐναρμονίως
1424 1793 1667 1866 ἀλλήλων

111 1883 330 1951 ἐχόμενοι
352 1899 369 1915 ⁶
414 1885 621 1937 ἐκεῖναι
671 1885 731 1938 δὲ
773 1885 867 1938 ἀπ’
894 1885 1136 1957 ἀλλήλων
1185 1886 1664 1957 διασκεδάννυνται

114 1971 228 2043 πρὸς
257 1972 347 2045 τὴν
378 1975 570 2045 χρείαν
610 1976 710 2046 τῆς
752 1975 924 2047 νομῆς
964 1976 1339 2048 ἁραιούμεναι.
1376 1977 1537 2031 Ἀλλὰ
1573 1978 1667 2030 καὶ

115 2067 279 2138 γυμνῷ
306 2066 384 2138 τῷ
429 2068 607 2122 ὀδόντι
638 2068 781 2123 κατὰ
809 2069 972 2138 φύσιν
1018 2069 1132 2124 ὅντι
1172 2073 1253 2134 είς
1286 2070 1573 2142 σύγκρισιν
1603 2071 1665 2124 τὸ

114 2158 431 2231 ὲρειοφοροῦν
471 2161 574 2215 οὐκ
610 2161 967 2235 εὐάρμοστον..
1004 2159 1215 2215 Οὐκοῦν
1247 2160 1567 2232 ἐρευνητέον
1599 2159 1664 2216 ἂν

114 2248 216 2320 είη,
240 2251 351 2316 πῶς
386 2253 415 2304 ὁ
466 2252 693 2323 κοσμῶν
720 2254 788 2308 δι’
816 2252 1108 2324 ἐγκωμίων
1146 2252 1244 2324 τὴν
1281 2251 1391 2307 τῶν
1439 2252 1666 2307 ὀδόντων

120 2344 448 2415 εὐαρμοστίαν
467 2387 483 2412 ,
516 2349 640 2410 ταῖς
675 2346 1046 2417 διδυμοτόκοις
1078 2345 1304 2415 ἀγέλαις
1332 2344 1667 2416 παραϐάλλει

124 2435 166 2488 τὸ
186 2437 364 2501 κάλλος
378 2479 395 2504 ,
422 2441 544 2502 ταῖς
572 2437 1040 2509 ἀποκειραμέναις
1060 2438 1124 2492 τὸ
1145 2438 1313 2510 ἔριον,
1335 2437 1431 2491 καὶ
1457 2436 1668 2510 λουτρῷ

88 2602 95 2609 .
121 2524 193 2578 τὸν
214 2527 372 2597 ῥύπον
402 2528 883 2600 ἀποκλυσαμέναις
906 2529 1002 2585 τοῦ
1031 2528 1301 2600 σώματος.
1327 2529 1393 2582 Τί
1424 2525 1518 2583 οὖν
1539 2529 1667 2596 περὶ

126 2618 295 2672 τούτων
326 2621 741 2692 ἀπονοήσομεν;
775 2622 840 2674 Oi
880 2621 952 2675 τὰ
997 2620 1117 2674 θεῖα
1144 2621 1419 2693 μυστήρια
1453 2619 1541 2674 διὰ
1568 2636 1668 2673 σα-

123 2709 358 2781 φεστέρας
402 2711 719 2783 ἐξηγήσεως
749 2712 1193 2776 λεπτοποιοῦντες
1217 2754 1232 2778 ,
1262 2712 1339 2775 ὡς
1368 2711 1669 2782 εὐπαράδε-

124 2817 231 2856 κτον
270 2803 363 2873 τὴν
393 2804 773 2877 πνευματικὴν
816 2804 1022 2877 τροφὴν
1050 2805 1264 2875 ταύτην
1294 2803 1549 2874 γενέσθαι
1592 2802 1670 2873 τῷ

125 2892 310 2964 σώματι
340 2896 439 2966 τῆς
474 2897 805 2969 Ἐκκλησίας
823 2939 838 2964 ,
867 2893 1013 2954 οὗτοι
1041 2900 1102 2952 τὸ
1120 2888 1231 2952 τῶν
1254 2898 1479 2953 ὀδόντων
1509 2896 1670 2968 ἔργον

130 2985 415 3041 ἀποτελοῦσι
436 3029 452 3053 ,
480 2988 661 3062 παχύν
703 3007 762 3044 τε
799 2993 895 3045 καὶ
925 2989 1238 3045 συνεστῶτα
1264 2990 1358 3044 τοῦ
1397 2990 1556 3059 λόγου
1578 2989 1671 3042 τὸν

1764 522 1938 578 Verba
1969 524 2202 578 encomii
2253 524 2367 577 haec
2413 530 2579 577 sunt:
2621 522 2810 579 Dentes
2860 528 2938 580 tui
2985 529 3119 582 sicut
3161 547 3339 602 greges

1762 622 2060 676 (ansarum,
2107 628 2225 682 qua:
2271 612 2335 693 de
2372 611 2584 667 lavacro
2634 613 3004 678 ascenderunt,
3063 628 3112 671 et
3162 636 3339 675 omnes

1759 703 1991 773 geminos
2045 704 2305 771 pariunt,
2377 718 2537 774 neque
2604 704 2805 757 sterilis
2872 706 3011 759 inter
3065 721 3153 760 eas
3203 708 3336 762 ulla.

1759 792 1878 849 Jam
1915 795 1962 849 si
1993 795 2060 848 ad
2101 809 2419 863 corpoream
2456 794 2624 864 hujus
2649 796 2885 864 exempli
2936 798 3205 853 rationem
3254 812 3341 852 re-

1763 886 2082 954 spiciamus,
2125 885 2267 939 haud
2298 887 2414 941 scio
2440 886 2530 955 qui
2562 887 2737 954 possit
2769 887 2970 956 aliquis
3008 888 3191 943 dicere
3221 889 3343 943 lau-

1761 978 1881 1031 dari
1913 978 2105 1032 dentes
2152 994 2246 1047 per
2285 978 2747 1047 comparationem
2796 979 3106 1034 institutam
3154 982 3222 1036 ad
3257 980 3339 1036 fe-

1761 1069 1974 1124 cundas
2004 1084 2216 1139 greges.
2257 1071 2468 1125 Etenim
2504 1070 2747 1126 dentium
2791 1074 2970 1141 posita
3013 1072 3135 1129 laus
3168 1081 3254 1129 est
3284 1074 3339 1127 in

1764 1161 2060 1225 soliditate,
2097 1168 2151 1215 et
2195 1162 2246 1214 iu
2285 1163 2392 1217 situ
2425 1169 2553 1230 apto
2595 1170 2759 1232 atque
2784 1163 3067 1232 elegante;
3101 1164 3343 1233 itemque

1764 1255 1819 1308 in
1850 1269 1936 1318 eo,
1970 1264 2031 1308 ut
2061 1242 2291 1309 firmiter
2324 1269 2354 1308 a
2384 1264 2581 1308 natura
2621 1254 2876 1324 aequabili
2907 1254 3142 1324 quadam
3175 1257 3342 1311 seriei

1763 1342 2135 1397 concinnitate
2166 1342 2401 1413 gingivis
2437 1343 2586 1397 infixi
2619 1344 2751 1398 sint.
2786 1343 2856 1397 At
2878 1358 3005 1398 vero
3036 1358 3227 1415 greges
3277 1345 3346 1400 de

1763 1433 1985 1489 lavacro
2010 1448 2136 1490 cum
2180 1433 2383 1490 fetibus
2415 1435 2660 1505 gemellis
2703 1435 3088 1498 ascendentes,
3140 1450 3347 1506 perque

1768 1526 1944 1580 saltus
1996 1525 2254 1595 dispersi,
2316 1527 2533 1595 qualem
2578 1524 2822 1580 dentium
2867 1525 3344 1594 pulchritudinem

1768 1616 1928 1673 nobis
1960 1616 2279 1687 depingunt,
2333 1632 2441 1670 non
2490 1622 2575 1671 est
2622 1617 2678 1670 in
2719 1616 2947 1685 proclivi
3002 1616 3342 1686 perspicere.

1768 1709 1903 1765 Nam
1940 1711 2130 1765 dentes
2162 1716 2312 1764 certa
2352 1710 2495 1764 serie
2522 1709 2858 1770 consistunt,
2912 1708 3179 1762 concinna
3206 1721 3346 1777 qua-

1699 1783 1740 1837 Β
1769 1801 1895 1855 dam
1926 1800 2140 1855 ratione
2174 1800 2279 1855 sibi
2312 1799 2545 1853 invicem
2582 1798 2858 1868 contigui:
2890 1811 3016 1852 cum
3047 1811 3240 1866 greges
3267 1796 3346 1850 illi

1769 1889 2003 1960 sparsim
2028 1903 2060 1943 a
2080 1903 2139 1943 se
2162 1887 2396 1942 invicem
2421 1886 2730 1962 discedant,
2750 1885 2956 1954 passim
2979 1894 3344 1951 rarescentes,

1770 1992 1830 2037 ut
1853 1979 2222 2036 necessarium
2258 1978 2364 2033 sibi
2392 1986 2609 2047 pastum
2639 1987 2907 2047 quaerant.
2943 1976 3210 2032 Praeterea
3236 1990 3346 2032 non

1756 2071 2023 2129 convenit
2044 2071 2260 2124 dentem
2290 2084 2320 2121 a
2347 2077 2543 2122 natura
2575 2067 2784 2122 nudum
2806 2081 2935 2121 cum
2968 2066 3073 2120 hoc
3098 2067 3345 2129 animali,

1766 2161 1914 2234 quod
1941 2163 2121 2216 lanam
2159 2161 2321 2231 gerit,
2362 2159 2693 2228 comparari.
2720 2157 3069 2229 QuaprOpter
3121 2158 3348 2213 investi-

1768 2253 2006 2324 gandum
2038 2250 2201 2306 nobis
2245 2258 2349 2317 est,
2399 2249 2495 2318 qui
2528 2248 2622 2303 fiat
2650 2257 2710 2302 ut
2739 2249 3008 2304 encomiis
3043 2249 3348 2318 pulcherri-

1768 2357 1913 2397 mam
1943 2340 2188 2395 dentium
2220 2341 2650 2395 concinnitatem
2694 2338 3003 2405 celebrans,
3040 2339 3182 2393 hanc
3226 2338 3348 2393 illo-

1769 2450 1890 2489 rum
1916 2434 2239 2505 elegantiam
2263 2447 2386 2486 cum
2407 2431 2666 2502 gregibus
2690 2429 2951 2502 gemellos
2983 2430 3348 2500 parientibus.

1769 2525 1970 2595 quibus
1998 2524 2244 2579 detousze
2283 2523 2422 2577 lana:
2450 2521 2584 2587 sint,
2630 2536 2863 2592 quaeque
2902 2522 3120 2576 lavacro
3153 2520 3348 2575 sordes

1770 2615 2016 2687 corporis
2043 2615 2336 2676 abluerim,
2365 2611 2634 2668 conferat.
2674 2612 2819 2678 Quid
2859 2626 2990 2683 ergo
3018 2613 3086 2667 de
3129 2611 3216 2666 his
3244 2626 3348 2667 nos

1770 2705 2182 2776 indagabimus?
2224 2703 2550 2772 Quicunque
2605 2702 2791 2757 divina
2838 2702 3099 2773 mysteria
3133 2702 3348 2771 perspi-

1768 2814 1874 2855 cua
1902 2798 2137 2868 quadam
2160 2797 2508 2863 enarratione
2539 2796 2699 2865 quasi
2732 2794 3135 2857 comminuunt,
3170 2794 3352 2848 utali-

1770 2899 2015 2947 mentum
2032 2889 2316 2959 spirituale
2328 2886 2548 2942 facilius
2560 2886 2748 2955 accipi
2774 2900 2805 2939 a
2822 2900 3058 2954 corpore
3089 2884 3352 2940 Ecclesia:

1767 2979 1969 3051 possit,
2004 2979 2061 3033 hi
2092 2978 2337 3033 dentium
2375 2991 2515 3047 opus
2546 2975 2865 3042 conficiunt,
2901 2989 3260 3045 crassumque
3296 2984 3353 3030 et

130 3076 265 3148 Ξρτον
286 3079 359 3150 τῷ
380 3079 594 3135 ἑαυτῶν
638 3081 1005 3153 λαμϐάνοντες
1033 3081 1298 3153 στόματι,
1328 3081 1425 3135 καὶ
1459 3081 1547 3135 διὰ
1573 3097 1608 3133 τί

1874 3072 2162 3126 sistentem
2208 3069 2364 3124 verbi
2414 3083 2611 3139 panem
2638 3082 2759 3123 'suo
2810 3082 2910 3121 ore
2951 3073 3352 3132 sumentesret

131 3174 603 3251 λεπτομερεστέρας
629 3171 904 3244 εὖὸρωτον
926 3174 1047 3236 ταῖς
1074 3171 1276 3243 ψυχαῖς
1307 3171 1418 3226 τῶν
1446 3171 1674 3243 δεχομέ-

132 3278 216 3314 νων
244 3263 783 3335 παρασκευάζοντες,
815 3259 928 3317 οἷον
968 3263 1249 3335 (κρεῖττον
1273 3263 1382 3335 γὰρ
1425 3264 1518 3317 ἐπὶ
1547 3264 1679 3318 ὑπο-

132 3351 403 3423 δειγμάτων
429 3357 783 3427 παραστῆσαι
814 3355 876 3409 τὸ
907 3354 1107 3426 νόημα)
1175 3358 1205 3409 ὁ
1231 3356 1500 3427 μακάριος
1530 3354 1676 3409 Παῦ-

132 3442 206 3506 λος
226 3441 312 3498 νῦν
346 3446 442 3515 μὲν
461 3445 651 3510 ἅπλῶς
676 3463 736 3499 τε
761 3446 858 3500 καὶ
878 3445 1271 3510 ἀκατασκεύως
1288 3485 1304 3508 ,
1338 3445 1528 3517 ὥσπερ
1556 3442 1682 3499 τινὰ

132 3532 294 3605 ψωμὸν
313 3536 721 3609 ἀκατὲργαστον
753 3535 1072 3606 προτίθησιν
1105 3537 1240 3606 ἡμῖν
1278 3534 1341 3588 τὸ
1384 3532 1677 3604 τοῢ“νόμου

134 3624 465 3695 παράγγελμα
488 3666 504 3690 ,
549 3625 724 3693 λέγων
744 3641 757 3656 ·
781 3626 865 3679 Ob
887 3624 1175 3694 φιμώσεις
1199 3624 1362 3689 βοῦν
1385 3621 1676 3676 ἀλοῶντα.

136 3714 279 3770 Πάλιν
300 3717 385 3772 διὰ
410 3719 510 3789 τῆς
539 3716 929 3788 ἐπεξηγήσεως
950 3717 1252 3783 άπαλύνας,
1276 3714 1679 3785 εύπαράδεκτον

134 3811 257 3861 ποιεῖ
276 3809 333 3863 τὸ
363 3810 453 3864 τοῦ
488 3810 659 3882 νόμου
683 3810 948 3881 βούλημα,
978 3808 1188 3877 λέγων’
1228 3806 1337 3875 Μὴν
1351 3805 1472 3860 τῶν
1512 3803 1682 3870 βοῶν

135 3895 277 3965 μέλει
300 3896 376 3966 τῷ
400 3899 523 3967 Θεῷ
544 3939 560 3965 ,
588 3898 628 3968 ἢ
654 3899 727 3953 δι’
753 3897 911 3968 ήιιᾱς
951 3895 1190 3962 πάντως
1213 3893 1557 3966 ἐγεγράφευ
1584 3891 1680 3946 καὶ

136 3988 253 4043 ἄλλα
272 3990 486 4045 τοιαῦτα
506 3990 677 4045 πολλά
694 4006 708 4020 ·
732 3985 865 4055 οἷον,
895 3987 1143 4057 Ἀϐραὰμ
1158 3987 1275 4041 δύα
1285 3985 1455 4057 υἱοὺς
1472 3984 1677 4052 ἔσχεν,

137 4076 229 4133 ἕνα
247 4081 310 4135 ἐκ
332 4081 442 4150 τῆς
464 4080 822 4149 παιδίσκης,
849 4079 947 4135 καί
968 4079 1176 4138 Evasit
1205 4076 1314 4147 τῆς
1335 4077 1678 4146 ἐλευθέρας.

138 4169 286 4225 Τοῦτο
303 4175 332 4227 ὁ
360 4173 766 4244 ἀνωτέργαστος
794 4172 978 4243 ἄρτος.
1016 4170 1178 4224 Ἀλλὰ
1215 4170 1333 4233 πῶς
1360 4169 1528 4224 αὐτὸν
1563 4169 1683 4223 δια-

139 4258 386 4316 λεπτύνων
426 4261 681 4332 ἐδώδιμον
729 4263 873 4314 ποιεῖ
912 4262 1024 4325 τοῖς
1056 4259 1415 4331 τρεφομένοις
1437 4299 1452 4325 ,
1479 4259 1560 4322 είς
1588 4257 1684 4311 δύο

143 4348 384 4422 Διαθήκας
409 4352 810 4423 μεταλαμϐάνει
853 4352 954 4421 τὴν
1006 4350 1248 4422 ἱστορίαν
1272 4390 1287 4412 ,
1326 4349 1424 4421 τὴν
1476 4350 1576 4420 μὲν
1603 4350 1682 4412 εἰς

1778 3175 1874 3231 per
1900 3160 2237 3215 subtiliorem
2286 3159 2798 3229 contemplationem
2832 3166 3019 3228 aptum
3060 3157 3180 3213 esui
3224 3157 3353 3213 red-

1777 3252 1970 3309 dentes
2001 3251 2201 3306 animis
2247 3265 2438 3305 eorum
2474 3250 2569 3320 qui
2621 3250 2953 3321 suscipiunt,
3007 3259 3069 3304 ut
3120 3249 3353 3319 exempli

1778 3358 1946 3400 causa
1977 3342 2195 3414 (melius
2223 3350 2309 3398 est
2338 3342 2484 3397 enim
2510 3342 2775 3410 exemplis
2797 3356 3021 3398 sensum
3054 3340 3352 3411 exponere)

1778 3436 1972 3491 beatus
2007 3433 2213 3488 Paulus
2250 3446 2399 3485 nunc
2440 3431 2660 3500 quidem
2701 3431 3026 3501 simpliciter
3061 3440 3116 3485 et
3147 3431 3356 3501 absque

1779 3527 1892 3581 ulla
1927 3524 2346 3596 praeparatione,
2379 3530 2638 3591 tanquam
2668 3520 2906 3578 frustum
2936 3522 3210 3592 quoddam
3242 3537 3355 3577 non

1779 3616 2112 3678 confectum,
2136 3613 2296 3668 nobis
2310 3612 2570 3682 proponit
2596 3610 2731 3682 legis
2750 3604 3108 3681 praeceptum,
3132 3611 3350 3666 dicens:

1781 3708 1904 3763 Non
1927 3705 2201 3761 obturabis
2225 3721 2283 3759 os
2321 3703 2436 3758 bovi
2478 3704 2757 3757 trituranti
2780 3704 2848 3758 ³⁵⁸.
2882 3702 3096 3758 Rursus
3126 3719 3249 3757 cum
3300 3704 3356 3758 id

1780 3795 2194 3854 comminui‘sset
2218 3808 2315 3864 per
2343 3792 2767 3862 expositionem,
2811 3792 2944 3846 facit
2983 3800 3043 3846 ut
3091 3791 3229 3861 legis
3255 3807 3357 3845 vo-

1781 3890 1964 3944 luntas
1992 3886 2152 3941 facile
2181 3884 2351 3956 possit
2370 3883 2565 3953 accipi,
2598 3882 2824 3938 dicens:
2860 3881 3008 3936 Num
3029 3881 3181 3937 boves
3212 3899 3357 3938 cura

1781 3988 1907 4036 sunt
1935 3977 2061 4042 Deo,
2102 3993 2172 4030 an
2212 3982 2424 4045 propter
2452 3990 2547 4028 nos
2587 3973 2802 4028 omnino
2834 3974 3035 4042 scripta
3056 3982 3177 4028 sunt
3195 3973 3275 4027 ‘7?
3303 3980 3359 4028 et

1776 4074 1889 4128 alia
1934 4070 2103 4126 multa
2154 4066 2450 4138 ejusmodi,
2503 4073 2584 4133 ut,
2638 4064 2912 4119 Abraham
2956 4064 3092 4119 duos
3135 4063 3358 4119 habebat
3396 4052 3409 4059 ’

1781 4165 1946 4236 ﬁlios,
2000 4178 2165 4216 unum
2206 4175 2272 4216 ea:
2317 4158 2538 4221 ancilla,
2582 4166 2632 4211 et
2653 4172 2818 4211 unum
2848 4171 2912 4211 es:
2948 4154 3116 4209 libera
3142 4156 3213 4208 ⁵⁸.
3259 4154 3360 4210 Hic

1774 4255 1941 4326 panis
1978 4261 2064 4308 est
2090 4266 2199 4305 non
2245 4247 2552 4304 conlectus.
2592 4244 2701 4299 Sed
2726 4245 2954 4315 quando
3002 4260 3125 4300 eum
3164 4243 3360 4298 deinde

1783 4342 2185 4406 comminuens,
2235 4338 2368 4393 facit
2390 4338 2735 4394 esculentum
2772 4336 2840 4390 iis
2885 4338 2977 4405 qui
3017 4335 3355 4399 nutriuntur,

138 4430 393 4492 δουλείαν
410 4439 725 4509 γεννῶσαν
746 4457 759 4471 ·
784 4439 900 4508 τὴν
921 4439 991 4493 δὲ
1008 4440 1120 4509 τῆς
1142 4439 1428 4506 δουλείας
1441 4438 1616 4523 {leva

1892 4431 2360 4487 duoTestamenta
2390 4427 2656 4482 transfert
2695 4425 3006 4491 historiam,
3044 4442 3207 4479 unum
3239 4425 3357 4495 qui-

138 4525 368 4597 ροῦσαν.
396 4530 555 4587 obrui
578 4534 674 4586 καὶ
700 4536 879 4588 πάντα
902 4531 993 4586 τὸν
1013 4532 1211 4602 νόμον,-
1234 4531 1321 4585 ἵνα
1357 4531 1432 4602 μὴ
1454 4530 1525 4584 τὰ
1557 4527 1675 4584 καθ’

140 4614 344 4675 ἑκαστον
363 4621 609 4693 λέγοντες
631 4625 1015 4695 διατρίϐωμεν,
1049 4621 1366 4695 παχυμερὲς
1393 4620 1555 4692 σῶμα
1581 4619 1678 4673 λα-

142 4704 257 4778 ϐὼν,
280 4711 621 4770 λεπτύνειδιὰ
644 4717 744 4786 τῆς
764 4715 1015 4788 θεωρίας,
1036 4712 1401 4784 πνευματικὸν
1427 4708 1590 4764 αὐτὸν
1617 4710 1683 4764 ἐκ

151 4806 434 4872 σωματικοῦ
456 4806 820 4879 ἐργαζόμενος
845 4825 858 4839 ·
890 4805 1172 4877 Οἴδαμεν,
1197 4805 1392 4875 λέγων,
1417 4803 1555 4859 ότιό
1578 4802 1681 4857 νό-

144 4908 239 4961 μος
259 4896 646 4965 πνευματικός
671 4895 861 4951 ἐστιν.
881 4897 1062 4966 Ὅπερ
1088 4894 1267 4948 τοίνυν
1299 4894 1394 4947 ἐπὶ
1416 4894 1507 4948 τοῦ
1538 4892 1684 4949 Παύ-

145 4981 224 5036 λου
247 4991 667 5060 κατενοήσαμεν,
702 4989 779 5052 ὡς
808 4988 1036 5043 ὀδόντων
1064 4988 1223 5060 Χρεία
1252 4989 1319 5059 τῇ
1367 4986 1682 5057 Ἐκκλησίᾳν

148 5074 465 5147 πληρούντων
506 5083 565 5136 ὲν
595 5082 672 5154 τῷ
703 5081 1073 5135 διαλεπτύνειν
1104 5079 1204 5150 τὴν
1248 5078 1358 5133 τῶν
1400 5078 1687 5148 δογμάτων

149 5171 412 5239 σαφήνειαν
430 5189 443 5202 ⁸
469 5173 628 5227 τοῦτο
666 5173 763 5227 καὶ
789 5172 882 5225 ἐπὶ
910 5172 1108 5235 παντὸς
1139 5169 1234 5225 τοῦ
1281 5170 1421 5224 κατὰ
1456 5170 1687 5241 μίμησιν

150 5257 329 5314 ἐκείνου
376 5263 765 5335 διασαφοῦντος
815 5267 946 5336 ἡμῖν
972 5265 1053 5318 ίτὸ
1093 5264 1389 5335 μυστήριον
1433 5261 1683 5330 λέγομεν.

150 5348 333 5407 Οὐκοῦν
355 5355 563 5421 ὀδόντες
592 5356 701 5417 sic!
730 5358 839 5428 τῆς
874 5356 1204 5429 Ἐκκλησίας
1228 5357 1278 5408 ot
1310 5353 1411 5425 τὴν
1452 5350 1690 5423 ἁκατὲρ-

151 5452 326 5503 γασταν
354 5446 458 5500 τῶν
491 5447 652 5502 θείων
682 5447 880 5516 λογίων
910 5448 1050 5502 πόαν
1081 5444 1530 5508 λεπτοποιοῦντες
1559 5445 1694 5516 ἡμῖν

153 5534 234 5589 καὶ
287 5538 690 5611 μηρυκίζοντες.
740 5539 953 5609 Ὥσπερ
1007 5539 1188 5595 τοίνυν
1225 5536 1534 5609 ὑπογράφει
1586 5533 1695 5589 τῶν

1782 4524 1901 4578 dem
1925 4538 2179 4594 generous
2200 4519 2276 4573 ad
2313 4521 2631 4583 servitutem,
2665 4517 2892 4571 alterum
2923 4527 3095 4571 autem
3128 4517 3359 4571 liberans

1786 4635 1822 4672 α
1850 4617 2118 4673 servitute.
2151 4611 2242 4668 Sic
2270 4619 2325 4668 et
2360 4611 2674 4665 universam
2708 4609 2905 4679 legem,
2935 4626 3004 4665 ne
3041 4609 3097 4664 in
3129 4608 3360 4680 singulis

1786 4709 2165 4767 immorentur,
2211 4719 2335 4760 cum
2365 4716 2484 4758 eam
2513 4701 2819 4770 accepisset
2855 4715 3106 4757 crassum
3137 4714 3358 4769 corpus,

1789 4799 2114 4857 comminuit
2143 4812 2240 4867 per
2264 4793 2804 4865 contemplationem,
2833 4807 2952 4848 eam
2985 4809 3050 4848 ex
3089 4789 3361 4861 corporali

1786 4894 2025 4951 eiiiciens
2060 4890 2425 4961 spiritualem,
2469 4888 2692 4942 dicens:
2737 4884 2945 4941 Scimus
2983 4884 3122 4954 quod
3155 4883 3242 4937 lea:
3279 4888 3359 4936 est

1788 4982 2086 5056 spiritualis
2110 4981 2174 5035 ε’.
2208 4978 2366 5046 Quod
2392 4994 2526 5050 ergo
2553 4979 2609 5033 in
2637 4977 2808 5033 Paulo
2852 4974 3358 5037 animadvertimus,

1792 5077 2036 5135 Ecclesia
2081 5088 2221 5144 opus
2247 5074 2412 5129 habet
2455 5072 2713 5128 dentibus
2752 5070 2820 5126 ad
2857 5067 3256 5126 conciliandam
3304 5065 3361 5120 in

1792 5163 2212 5224 comminuendo
2255 5162 2605 5234 dogmatibus
2630 5161 2934 5216 claritatem
2985 5175 2999 5214 :
3049 5157 3154 5211 hoc
3196 5155 3360 5211 etiam

1792 5261 2027 5318 dicimus
2054 5257 2108 5311 in
2137 5257 2251 5320 illo,
2300 5255 2397 5326 qui
2424 5254 2492 5309 ad
2529 5254 2651 5324 ejus
2685 5253 3046 5314 imitationem
3079 5248 3235 5305 nobis
3262 5249 3364 5304 de-

1788 5352 1960 5407 clarat
1987 5346 2266 5420 mysteria.
2297 5344 2437 5399 Sunt
2458 5358 2590 5414 ergo
2615 5343 2811 5398 dentes
2825 5339 3101 5406 Ecclesiae,
3130 5339 3223 5410 qui
3251 5350 3363 5393 non

1788 5442 2094 5500 confectam
2112 5438 2420 5495 divinorum
2437 5437 2781 5507 eloquiorum
2807 5434 3028 5491 herbam
3045 5433 3205 5489 nobis
3220 5446 3364 5486 com-

1792 5538 2048 5592 minuunt
2074 5540 2128 5588 et
2156 5530 2455 5587 ruminant.
2488 5529 2611 5597 Quo
2650 5528 2817 5585 modo
2859 5540 2989 5598 ergo
3030 5538 3224 5583 eorum
3268 5521 3363 5595 qui

218 5714 297 5771 “l
326 5718 448 5777 Cor.
477 5737 554 5788 ix,
594 5721 627 5777 9
660 5737 815 5791 sqq.;
851 5720 1005 5778 Deut.
1064 5735 1190 5785 xxv,
1221 5721 1275 5776 4.
1352 5720 1395 5751 ³⁷
1430 5716 1564 5774 ibid.
1641 5715 1683 5747 "
1710 5712 1888 5771 Galat.
1931 5729 2007 5774 tv,
2035 5700 2118 5765 ’22
2167 5725 2288 5783 sqq.
2367 5712 2411 5745 “
2470 5710 2625 5765 Rom.
2694 5724 2788 5773 vn,
2840 5705 2922 5760 Η.
