3730 5980
340 264 446 320 9ἱ7

1540 258 1597 312 S.
1625 255 1954 313 GREGORII
1982 254 2278 309 NYSSENI

3507 243 3633 300 938

333 386 547 447 bonum
579 395 722 450 opus
762 379 1112 448 cpiscOpatus
1140 375 1451 431 desiderant
1475 363 1543 438 ⁸⁸,
1583 376 1799 444 singula
1831 374 1909 429 di-

2069 373 2107 424 ιῦ
2137 370 2309 424 καλοῦ
2331 369 2492 441 ἔργου
2519 367 2631 436 τῆς·
2652 363 2964 434 ἐπισκοπῆς
2996 362 3340 433 ὀρεγομένων
3370 359 3467 413 τὸν
3501 358 3634 450 ββν

341 472 505 526 vinus
538 474 1031 540 ἁθεοτὶὺίιρσυιυε,
1049 478 1101 525 et
1120 470 1375 523 convenit
1410 483 1535 523 eum
1587 467 1683 537 qui
1722 482 1922 522 munus

343 563 546 632 accipit
573 562 944 632 episcopatus,
988 576 1113 615 cum
1137 553 1394 615 omnibus
1417 558 1620 613 habere
1644 558 1807 612 etiam
1831 558 1924 611 do—

345 655 504 709 cendi
559 654 837 724 gratiam:
876 654 956 707 sic
1001 652 1089 706 hic
1137 666 1253 716 eos,
1308 651 1400 720 qui
1438 650 1504 703 ad
1554 650 1920 704 ministerium

350 742 599 798 dentium
630 741 866 797 ordinati
902 748 1030 795 sunt
1060 740 1113 794 in
1143 740 1409 807 Ecclesia,
1449 740 1568 794 vult
1605 739 1781 793 oratio
1804 738 1925 807 qui-

346 834 469 888 dem
499 833 731 901 primum
761 847 887 887 esse
927 840 1136 896 tonsos,
1166 831 1271 886 hoc
1304 838 1388 886 est
1424 829 1660 885 nudatos
1688 829 1926 898 pondere

348 923 646 989 materiali,
690 922 884 978 deinde
933 922 1152 977 lavacro
1191 920 1541 976 conscientiae
1584 934 1710 974 esse
1757 932 1926 988 puros

348 1015 417 1069 ab
444 1014 593 1069 omni
626 1014 1045 1083 inquinamento
1075 1013 1258 1068 carnis
1287 1021 1343 1068 et
1371 1012 1634 1081 spiritus:
1664 1016 1927 1079 prmtcrea

349 1121 566 1175 semper
593 1120 690 1176 per
714 1105 1020 1176 profectum
1055 1104 1351 1160 ascendere
1380 1111 1435 1159 et
1465 1118 1743 1173 nunquam
1781 1109 1928 1157 retro

351 1197 492 1251 trahi
523 1196 590 1251 ad
628 1197 987 1263 barathrum;
1041 1203 1322 1266 postremo
1365 1203 1548 1250 autem
1584 1194 1788 1264 duplici
1826 1195 1927 1249 bo.—

351 1303 546 1344 norum
575 1288 937 1356 conceptione
964 1285 1206 1357 proﬁteri
1240 1287 1646 1357 generationem
1687 1287 1744 1341 in
1780 1287 1930 1342 omni

354 1395 554 1449 genere
578 1380 819 1443 virtutis,
849 1388 904 1436 et
942 1379 996 1434 in
1026 1380 1176 1436 nullo
1208 1379 1442 1436 honesto
1466 1379 1651 1435 studio
1676 1389 1733 1436 et
1769 1395 1929 1437 exer-

351 1472 484 1528 citio
522 1487 646 1529 esse
676 1473 910 1528 steriles.

421 1656 631 1726 Duplex
673 1665 853 1712 autem
897 1666 1198 1726 conceptus
1221 1655 1437 1711 exsistit
1468 1655 1701 1725 aenigma
1732 1669 1933 1726 appro-

2022 467 2051 517 ὁ
2083 463 2225 525 θεῖος
2266 459 2585 522 Ἀπόστολος
2610 497 2624 520 ,
2673 457 2849 525 λέγων
2895 454 2965 507 τὰ
3009 453 3129 506 καθ’
3171 454 3405 505 ἕκαστον
3432 491 3447 516 ,
3504 444 3632 503 οἷον

2023 552 2162 608 εἶναι
2183 555 2451 625 προσήκει
2481 552 2570 605 τὸν
2602 551 2704 620 τῆς
2736 546 3041 619 ἱερωσύνης
3076 544 3516 615 ἐπειλημμένον,
3549 542 3634 605 ὡς
3702 564 3703 585 ι

2028 651 2166 719 μετά
2197 647 2412 701 πάντων
2438 645 2533 698 καὶ
2571 643 2670 713 τὴν
2696 640 3009 709 διδακτικὴν
3036 639 3196 709 χάριν
3221 637 3387 707 ἔχειν·
3436 635 3632 696 οὕτως
3702 644 3703 711 ξ

2025 744 2260 800 ἐνταῦθα
2283 745 2408 806 τοὺς
2438 743 2517 804 είς
2543 740 2770 793 ὀδόντων
2802 735 3103 808 ὑπηρεσίαν
3135 732 3514 801 τεταγμένους
3566 731 3633 781 ὲν

2024 841 2092 908 τῇ
2135 835 2434 907 Ἐκκλησία
2504 833 2757 904 βούλεται
2807 833 2836 884 ὁ
2871 830 3030 898 λόγος
3079 827 3299 899 πρῶτον
3331 822 3631 895 κεκαρμέ-

2027 948 2152 995 νους
2177 925 2316 983 εἶναι
2337 969 2349 992 ,
2381 925 2628 980 τουτέστι
2672 925 2855 994 πάσης
2887 921 3078 990 ὑλικῆς
3122 916 3422 989 ἀχθηδόνος
3452 933 3631 985 γεγυ-

2033 1020 2346 1092 μνωμένους
2363 1035 2375 1049 ·
2404 1013 2521 1072 εἶτα
2544 1016 2622 1087 τῷ
2647 1015 2859 1086 λουτρῷ
2885 1015 2984 1085 τῆς
3025 1011 3388 1082 συνειδήσεως
3413 1007 3630 1070 παντὸς

2033 1112 2306 1185 μολυσμοῦ
2330 1111 2530 1182 σαρκὸς
2554 1110 2650 1163 καὶ
2673 1107 2982 1177 πνεύματος
3007 1104 3418 1173 καθαρεύοντας
3440 1119 3453 1132 ·
3479 1100 3631 1172 πρὸς

2030 1205 2240 1268 τούτοις
2273 1206 2352 1267 είς
2371 1203 2459 1256 ἀεὶ
2492 1202 2581 1256 διὰ
2613 1199 2895 1270 προκοπῆς
2921 1196 3317 1258 ἀναϐαίνοντας
3339 1234 3353 1255 ,
3387 1193 3483 1246 καὶ
3515 1209 3635 1263 μη-

2029 1298 2223 1351 δέποτε
2254 1295 2394 1368 πρὸς
2419 1293 2481 1348 τὸ
2510 1291 2751 1363 ἔμπαλιν
2790 1288 3266 1361 κατασυρομένους
3301 1287 3395 1338 ἐπὶ
3425 1284 3489 1337 τὸ
3518 1283 3631 1360 βά-

2036 1386 2233 1458 ραθρον
2252 1404 2270 1420 ο
2326 1385 2419 1439 ἐπὶ
2451 1384 2587 1437 πᾶσι
2611 1381 2670 1435 δὲ
2697 1379 2912 1443 διπλαῖς
2937 1382 3060 1442 ταῖς
3085 1376 3194 1430 τῶν
3221 1373 3450 1445 ἀγαθῶν
3479 1390 3637 1449 κυηέ

2037 1478 2224 1550 μάτων
2246 1477 2430 1545 γοναῖς
2471 1475 2611 1527 κατὰ
2645 1473 2752 1525 πᾶν
2780 1466 2920 1533 εἶδος
2945 1468 3144 1538 ἀρετῆς
3185 1464 3632 1535 ὲπαγάλλεσθαι,

2034 1569 2128 1623 καὶ
2157 1570 2214 1621 ὲν
2251 1566 2440 1638 μηδενὶ
2471 1566 2578 1618 τῶν
2609 1563 2793 1618 καλῶν
2822 1559 3273 1631 ἐπιτηδευμάτων
3307 1558 3556 1625 ἀγονεῖν.

2105 1660 2180 1714 Τὸ
2210 1660 2266 1712 δὲ
2299 1657 2522 1711 διπλοῦν
2553 1655 2763 1726 κύημα,
2808 1654 3038 1722 αἴνιγμα
3063 1650 3162 1720 τῆς
3194 1648 3320 1704 καθ’
3354 1647 3633 1717 ἑκάτερον

352 1747 594 1803 bationis
619 1748 908 1815 utriusque
935 1762 1126 1802 eorum
1157 1763 1279 1818 quae
1306 1746 1726 1803 considerantur
1747 1748 1804 1802 in
1833 1763 1930 1803 no-

2078 1748 2245 1802 ίνεται
2273 1746 2380 1801 τῶν
2405 1750 2464 1800 ὲν
2495 1748 2628 1817 ἡμῖν
2656 1742 2994 1813 νενοημένων
3019 1739 3446 1808 εύδοκιμήσεως,
3479 1735 3632 1789 ὥστε

350 1837 459 1899 bis,
504 1846 565 1892 ut
596 1839 865 1906 ejusmodi
896 1838 1088 1894 dentes
1134 1839 1393 1909 gemellos
1444 1839 1681 1907 pariant,
1736 1839 1932 1894 anima:

353 1928 573 1997 quidem
603 1928 1084 1999 impatibilitatem,
1118 1930 1244 1983 vita:
1272 1937 1452 1984 autem
1500 1930 1768 1999 corporali
1803 1945 1932 2000 pro—

356 2028 608 2073 creantes
651 2018 1034 2084 honestatem;
1091 2017 1372 2086 subjungit
1403 2016 1488 2071 his
1535 2026 1934 2086 consequenter

357 2108 572 2165 laudem
602 2108 770 2164 labris
815 2107 1250 2171 convenientem,
1290 2106 1379 2161 ﬁlo
1419 2108 1683 2162 coccineo
1725 2108 1933 2162 assimi-

355 2199 479 2254 lans
527 2198 1008 2270 pulchritudinem,
1068 2198 1228 2267 cujus
1280 2197 1789 2267 interpretationem
1852 2199 1933 2254 eis

291 2330 298 2338 .
358 2289 666 2358 subjunxit,
725 2289 1015 2357 pulchrum
1064 2278 1379 2344 sermonem
1420 2288 1568 2343 ﬁlum
1619 2290 1929 2345 nominans.

355 2376 470 2432 Hoc
500 2387 682 2433 autem
726 2379 783 2432 in
810 2377 879 2433 iis
915 2392 1037 2447 qua:
1066 2385 1470 2447 praecesserunt
1511 2377 1624 2446 jam
1664 2388 1744 2434 est
1780 2381 1933 2449 prius

356 2470 787 2534 consideratum,
851 2483 1051 2540 nempe
1113 2468 1570 2538 quemadmodum
1629 2468 1933 2524 ministerio

359 2562 628 2626 dentium,
676 2573 797 2629 quae
839 2568 921 2614 est
968 2559 1024 2613 in
1064 2559 1256 2623 labris,
1292 2566 1519 2614 ornatur
1560 2559 1929 2628 pulchritudo.

359 2654 464 2709 Per
504 2653 696 2708 dentes
734 2652 901 2715 enim,
935 2652 1039 2706 hoc
1081 2658 1165 2707 est
1200 2666 1297 2722 per
1320 2652 1719 2722 expositionem
1751 2651 1937 2706 docto-

359 2760 505 2811 rnm,
539 2744 700 2800 simul
726 2743 968 2813 loquitur
996 2757 1059 2797 os
1085 2742 1360 2798 Ecclesiae.
1384 2743 1676 2812 Propterea
1697 2743 1933 2811 primum

362 2838 661 2895 tondentur
694 2838 906 2903 dentes,
937 2845 990 2892 et
1017 2837 1290 2900 lavantur,
1326 2840 1381 2886 et
1408 2848 1517 2887 non
1547 2840 1676 2887 sunt
1698 2832 1934 2898 steriles,

361 2937 416 2983 et
453 2928 702 2998 geminos
750 2927 993 2996 pariunt,
1034 2934 1091 2980 et
1132 2935 1265 2994 tunc
1302 2924 1497 2978 ﬂorent
1547 2923 1700 2977 labra
1760 2924 1938 2993 specie

364 3018 647 3084 coccinea,
676 3017 898 3087 quando
935 3017 1192 3071 universa
1235 3015 1401 3069 fuerit
1428 3013 1668 3070 Ecclesia
1702 3015 1756 3069 in
1803 3015 1935 3069 boni

366 3117 637 3165 concentu
667 3109 879 3163 labrum
920 3122 1091 3162 unum
1133 3114 1188 3163 et
1210 3121 1313 3162 vox
1343 3122 1470 3161 una.
1500 3105 1596 3164 Est
1625 3117 1805 3161 autem
1839 3107 1943 3163 du-

365 3202 489 3270 plex
521 3200 764 3255 ostensio
795 3196 1250 3270 pulchritudinis.
1289 3195 1409 3251 Non
1456 3197 1631 3253 solum
1667 3198 1811 3252 enim
1844 3198 1942 3252 ab-

368 3291 545 3346 solute
593 3290 741 3345 ﬁlum
794 3290 926 3361 dicit
971 3304 1096 3345 esse
1134 3288 1323 3343 labra:
1376 3288 1470 3343 sed
1529 3287 1735 3343 addidit
1781 3288 1942 3343 etiam

368 3381 556 3436 ﬁerem
585 3381 715 3436 boni
746 3381 968 3445 coloris,
1016 3380 1151 3435 adeo
1179 3387 1240 3433 ut
1269 3394 1366 3449 per
1393 3387 1690 3450 utrumque
1721 3388 1946 3435 ornetur

368 3490 431 3530 os
458 3472 736 3539 Ecclesiae,
776 3488 973 3544 nempe
1010 3482 1063 3527 et
1109 3488 1207 3543 per
1236 3472 1385 3527 ﬁlum
1412 3481 1467 3527 et
1494 3488 1591 3542 per
1632 3474 1942 3539 coccinum,

367 3565 515 3634 quod
544 3565 599 3619 in
641 3573 872 3634 utraque
910 3572 1064 3634 parte
1087 3571 1173 3619 est
1203 3563 1487 3635 proprium
1517 3578 1581 3619 ac
1607 3573 1942 3637 separatum.

366 3653 505 3709 Nam
542 3670 639 3725 per
672 3654 758 3709 ﬁla
785 3655 1004 3725 quidem
1032 3654 1264 3710 docetur
1285 3656 1701 3711 consensionem
1731 3670 1796 3711 ac
1817 3671 1946 3711 con-

370 3746 639 3811 cordiam,
675 3752 736 3800 ut
764 3762 828 3802 ea
856 3754 972 3801 tota
1005 3747 1059 3800 iu
1095 3745 1186 3801 ﬁlo
1220 3747 1293 3802 sit
1321 3762 1430 3801 una
1459 3754 1514 3803 et
1539 3747 1728 3803 eadem
1755 3756 1947 3803 catena

371 3853 435 3892 ex
488 3837 718 3893 diversis
759 3838 865 3893 ﬁlis
902 3843 1202 3905 contexta;
1258 3852 1355 3908 per
1399 3838 1688 3893 coccinum
1738 3845 1943 3903 autem,

372 3928 439 3983 ad
471 3927 793 3997 sanguinem
834 3942 931 3996 per
956 3940 1117 3996 quem
1168 3927 1433 3997 redempti
1473 3943 1664 3983 sumus
1694 3936 1755 3982 ut
1801 3929 1949 3999 aspi-

372 4017 482 4070 ciat
519 4016 768 4081 docetur,
798 4023 852 4070 et
878 4014 1284 4070 confessionem
1317 4018 1491 4085 ipsam
1532 4017 1589 4071 in
1621 4032 1717 4072 ore
1751 4017 1949 4073 habeat

317 4103 323 4107 ’
372 4106 517 4177 ejus,
548 4107 641 4176 qui
669 4122 771 4162 nos
803 4121 905 4162 suo
930 4105 1160 4161 redemit
1201 4107 1491 4177 sanguine.
1520 4106 1660 4162 Nam
1700 4124 1798 4179 per
1834 4109 1950 4164 haec

377 4200 541 4254 ambo
598 4198 765 4253 labris
815 4196 1075 4253 Ecclesiae
1123 4197 1379 4267 impletus
1432 4207 1518 4254 est
1571 4215 1703 4256 suus
1762 4200 1947 4269 decor,

373 4291 602 4361 quando
629 4296 684 4345 et
735 4290 869 4346 ﬁdes
908 4291 1167 4361 praelucet
1200 4289 1555 4358 confessioni,
1609 4303 1663 4347 et
1709 4292 1950 4350 charitas

2036 1838 2421 1910 διδυμοτόκους
2457 1834 2594 1890 εῖναι
2635 1836 2761 1897 τοὺς
2806 1831 3081 1893 τοιούτους
3123 1830 3341 1891 ὀδόντας
3366 1844 3381 1858 ⁸
3417 1829 3485 1898 τῇ
3528 1827 3634 1896 μὲν

2035 1932 2180 2002 ψυχῇ
2211 1930 2309 2001 τὴν
2334 1928 2622 1992 ἀπάθειαν,
2648 1926 2725 1995 τῷ
2761 1925 2817 1976 δὲ
2848 1920 3142 1993 σωματικῷ
3172 1919 3273 1990 βίῳ
3303 1918 3404 1989 τὴν
3431 1918 3637 1987 εὐσχηο

2042 2023 2283 2094 μοσύνην
2321 2019 2658 2089 γεννῶνταςο
2693 2016 2888 2084 ἐπάγει
2926 2011 3135 2073 τούτοις
3175 2010 3268 2063 τὸν
3298 2008 3367 2060 δι’
3396 2004 3637 2060 ἀκολούο

2040 2116 2134 2169 θου
2185 2112 2559 2183 ὲπιπρέποντα
2611 2110 2721 2171 τοῖς
2769 2106 3006 2177 χείλεσιν
3060 2101 3305 2163 ἔπαινον,
3366 2098 3635 2168 σπαρτίῳ

2040 2205 2374 2273 κοκκοϐαφεῖ
2408 2198 2759 2272 παρεικάζων
2789 2197 2849 2250 τὸ
2877 2194 3095 2262 κάλλος,
3116 2186 3175 2246 οὗ
3203 2190 3300 2260 τὴν
3325 2189 3637 2261 ἑρμηνείαν

2042 2296 2203 2357 αὐτὸς
2235 2295 2517 2366 ἐπήγαγεν
2540 2332 2554 2356 ,
2591 2288 2784 2344 λαλιάν
2839 2286 3049 2358 ὡραίαν
3092 2286 3153 2337 τὸ
3187 2283 3451 2353 σπαρτίον
3491 2298 3634 2333 κατ-

2043 2388 2335 2459 ονομάσας.
2378 2384 2550 2438 Τοῦτο
2575 2382 2633 2436 δὲ
2665 2382 2853 2443 ἐντοῖς
2886 2378 3157 2449 φθάσασιν
3182 2374 3280 2446 ἤδη
3315 2372 3637 2445 προτεθεώ-

2042 2496 2223 2553 ρηται,
2256 2477 2374 2541 πῶς
2401 2479 2469 2546 τῇ
2499 2473 2608 2527 τῶν
2633 2472 2863 2526 ὀδόντων
2902 2468 3175 2540 ὑπηρεσίᾳ
3198 2467 3260 2519 τὸ
3292 2469 3350 2519 ὲν
3376 2466 3491 2527 τοῖς
3528 2461 3636 2533 χείρ

2041 2570 2188 2624 λεσιν
2220 2567 2516 2641 ὼραῒζεται
2547 2564 2762 2628 κάλλος.
2803 2560 2882 2633 Τῇ
2919 2561 3027 2632 γὰρ
3058 2560 3164 2627 τῶν
3202 2559 3452 2623 ὀδόντων,
3500 2575 3635 2610 του-

2040 2662 2192 2715 τέστι
2234 2660 2341 2714 τῶν
2372 2654 2766 2713 διδασκαλικῶν
2800 2653 3179 2724 ὁφηγημάτων
3211 2651 3271 2705 τδ
3317 2650 3495 2720 στόμα
3534 2649 3633 2719 τῆς

2055 2750 2381 2821 Ἐκκλησίας
2406 2747 2834 2820 συμφθέγγεται.
2862 2744 2960 2797 Διά
2978 2742 3136 2797 τοῦτο
3165 2741 3379 2812 πρῶτον
3404 2742 3453 2793 οἱ
3479 2739 3635 2793 ὁδόν-

2042 2861 2133 2908 τες
2168 2844 2442 2914 κείρονται
2478 2841 2572 2892 καὶ
2595 2839 2864 2902 λούονται,
2896 2837 2989 2889 καὶ
3037 2835 3136 2888 οὐκ
3172 2832 3479 2895 ἀτεκνοῦσι,
3537 2830 3635 2884 καὶ

2043 2934 2411 3006 διδυμεύουσι,
2463 2930 2560 2984 καὶ
2589 2930 2711 2982 τότε
2762 2927 2841 2998 τῷ
2891 2925 3127 2995 κοκκίνῳ
3191 2925 3321 2977 εἴδει
3353 2921 3422 2975 τά
3455 2922 3622 2992 χείλη

2047 3024 2474 3099 περιανθίζεται,
2502 3024 2629 3075 ὅταν
2656 3021 2880 3091 γένηται
2913 3019 3062 3071 πᾶσα
3091 3016 3123 3086 ἡ
3156 3014 3455 3084 Ἐκκλησία
3483 3012 3636 3067 κατὰ

2043 3119 2142 3189 τὴν
2170 3116 2265 3171 τοῦ
2292 3113 2496 3185 ἀγαθοῦ
2524 3110 2847 3182 συμφωνίαν
2879 3110 3055 3180 χεῖλος
3089 3106 3149 3160 ἓν
3191 3107 3283 3160 καὶ
3316 3105 3468 3175 φωνὴ
3505 3106 3630 3176 μία.

2046 3209 2276 3263 Διπλοῦν
2301 3207 2356 3260 δὲ
2385 3205 2479 3260 τοῦ
2528 3204 2757 3266 κάλλους
2792 3203 2907 3255 ἐστὶ
2948 3200 3010 3254 τὸ
3043 3199 3367 3267 ὑπόδειγμα.
3398 3198 3474 3250 Οὐ
3522 3197 3634 3270 γὰρ

2049 3302 2208 3372 μόνον
2247 3297 2434 3360 ἁπλῶς
2480 3296 2740 3366 σπαρτίον
2773 3293 2936 3363 φησιν
2982 3286 3120 3343 εἶναι
3151 3288 3219 3341 τά
3264 3288 3416 3358 χείλη
3448 3305 3463 3318 ·
3491 3287 3633 3342 ἀλλά

2047 3390 2357 3463 προσέθηκε
2405 3389 2498 3442 καὶ
2532 3387 2632 3457 τῆς
2667 3384 2920 3456 εὐχροέας
2946 3381 3009 3434 τὸ
3037 3380 3218 3445 ἄνθος,
3246 3380 3388 3432 ὥστε
3413 3378 3482 3430 δι’
3519 3379 3631 3448 ἁμ-

2047 3482 2289 3554 φοτέρων
2331 3478 2769 3543 καλλωπίζεσθαι
2805 3477 2904 3546 τῆς
2940 3471 3269 3542 Ἐκκλησίας
3310 3470 3373 3523 τὸ
3415 3468 3625 3538 στόμα·

2045 3574 2136 3628 διά
2169 3590 2229 3626 τε
2265 3571 2361 3625 τοῦ
2407 3570 2673 3643 σπαρτίου
2711 3568 2806 3622 καὶ
2853 3565 2947 3619 τοῦ
2976 3563 3229 3618 κοκκίνου
3250 3601 3265 3627 ,
3317 3560 3629 3625 ἰδιαζόντως

2047 3663 2169 3718 καθ’
2201 3662 2458 3733 ἑκάτερον
2483 3660 2666 3732 μέρος.
2686 3658 2776 3730 Τῷ
2790 3659 2886 3728 μὲν
2911 3657 3018 3727 γὰρ
3031 3672 3140 3708 σπα
3149 3653 3289 3725 ρτίῳ
3306 3655 3627 3722 ὁμογνωμο-

2050 3757 2215 3827 σύνην
2257 3752 2602 3809 παιδεύεται’
2650 3752 2791 3806 ὥστε
2826 3750 3007 3803 πᾶσαν
3051 3748 3220 3818 αὐτὴν
3253 3746 3312 3800 ἓν
3363 3742 3628 3813 σπαρτίον

2048 3847 2141 3901 καὶ
2202 3846 2329 3917 μίαν
2367 3843 2619 3913 γενέσθαι
2666 3842 2854 3912 σειρὰν
2898 3842 2963 3893 ὲκ
3007 3839 3279 3909 διαφόρων
3338 3834 3627 3904 νοημάτων

2049 3934 2542 4005 συγκεκλωσμένην
2562 3950 2575 3965 °
2609 3931 2699 3985 διὰ
2726 3931 2784 3983 δὲ
2813 3928 2908 3982 τοῦ
2937 3928 3193 3982 κοκκίνου
3230 3924 3366 3996 πρὸς
3397 3925 3459 3976 τὸ
3490 3920 3625 3992 αἷμα

2046 4026 2114 4080 δι’
2147 4019 2208 4080 οὗ
2239 4023 2622 4096 ὲλυτρὼθημεν
2658 4021 2878 4093 βλέπειν
2904 4018 3237 4082 διδάσκεται,
3268 4015 3364 4069 καὶ
3408 4015 3497 4068 ἀεὶ
3529 4014 3624 4084 τὴν

2048 4114 2337 4187 ὁμολογίαν
2378 4113 2467 4166 διὰ
2507 4110 2769 4182 στόματος
2819 4111 3024 4180 φέρειν,
3055 4107 3148 4161 τοῦ
3192 4105 3623 4176 ἐξαγοράσαντος

2050 4203 2198 4274 ἡμᾶς
2230 4201 2318 4256 διὰ
2351 4200 2447 4254 τοῦ
2495 4200 2746 4272 αἵματος.
2792 4198 2872 4251 Δι’
2910 4198 3234 4269 ἀμφοτέρων
3271 4195 3381 4266 γὰρ
3422 4193 3624 4247 τούτων

2049 4295 2167 4347 ἐστὶ
2195 4282 2551 4365 πληρουμένη
2581 4294 2692 4354 τοῖς
2722 4290 2824 4361 τῆς
2858 4288 3183 4359 Ἑκκλησίας
3208 4286 3451 4357 χείλεσιν
3479 4287 3511 4356 ή
3541 4284 3624 4338 εύ-

374 4397 498 4436 cum
549 4365 655 4436 ﬁde
703 4383 1033 4438 contexitur.
1084 4381 1219 4437 Cum
1256 4382 1328 4438 sit
1380 4389 1561 4439 autem
1591 4399 1732 4455 opus
1779 4387 1933 4442 velut

2069 4384 2323 4455 ιτρέπεια,
2378 4384 2506 4437 ὅταν
2561 4382 2655 4436 καὶ
2693 4384 2727 4451 ὴ
2782 4381 2966 4443 πίστις
2997 4379 3100 4450 τῆς
3143 4378 3430 4449 ὁμολογίας
3486 4394 3619 4449 προ-

375 4468 610 4538 quadam
661 4468 977 4525 deﬁnitione
1006 4471 1472 4541 comprehendere
1511 4475 1842 4543 exemplum,
1892 4477 1946 4530 id

374 4560 522 4632 quod
547 4560 755 4615 dictum
781 4570 884 4625 est,
926 4561 1008 4617 sic
1051 4561 1397 4617 deﬁniemus:
1421 4562 1750 4618 Coccineum
1796 4564 1944 4620 ﬁlum
1975 4614 1983 4623 .

375 4661 461 4709 est
501 4651 634 4707 ﬁdes
682 4668 803 4722 qua!
843 4662 1104 4723 operatur
1131 4668 1226 4723 per
1261 4651 1642 4708 dilectionem:
1698 4655 1834 4713 adeo
1887 4663 1948 4711 ut

377 4746 536 4800 ﬁdem
568 4743 787 4813 quidem
820 4744 1108 4814 signiﬁcet,
1142 4746 1430 4799 coccinum
1484 4744 1804 4803 charitatem
1845 4763 1947 4802 au-

378 4844 487 4892 tem
550 4835 940 4907 interpretetur
990 4835 1153 4892 ﬁlum.
1217 4835 1314 4892 llis
1368 4845 1562 4892 ornata
1619 4855 1740 4895 esse
1795 4841 1946 4896 labra

378 4942 593 4998 sponsae
624 4934 855 4984 testatur
880 4927 1103 4982 veritas.
1137 4927 1372 4982 Pulcher
1393 4936 1575 4984 autem
1609 4946 1790 4987 sermo
1816 4934 1948 4989 sub-

378 5017 543 5072 tiliori
561 5016 741 5087 aliqua
757 5017 1233 5087 contemplatione,
1259 5024 1353 5073 aut
1370 5019 1475 5073 alia
1500 5021 1947 5092 interpretatione

378 5124 490 5164 non
536 5108 760 5178 indiget.
822 5108 996 5164 Antea
1053 5109 1200 5164 enim
1264 5109 1562 5165 declaravit
1620 5114 1942 5183 Apostolus,

379 5200 523 5271 quod
552 5200 644 5255 hic
671 5216 852 5257 sermo
873 5207 959 5256 est
988 5201 1214 5271 verbum
1241 5201 1364 5257 ﬁdei
1399 5204 1544 5273 quod
1569 5206 1944 5274 praedicamus,

385 5290 628 5347 dicens"
646 5310 661 5349 :
680 5291 742 5347 Si
762 5292 1030 5361 confessus
1049 5291 1214 5361 {ueris
1230 5309 1320 5348 ore
1332 5304 1421 5347 tuo
1437 5294 1722 5350 Dominum
1741 5296 1775 5350 .1
1780 5313 1944 5367 esum,

378 5396 432 5434 et
456 5378 743 5435 credideris
769 5381 824 5435 in
861 5380 1019 5436 corde
1045 5392 1156 5446 tuo,
1184 5382 1323 5451 quod
1357 5381 1499 5437 Deus
1528 5384 1701 5453 ipsum
1727 5388 1949 5441 suscita-

380 5471 455 5527 vit
484 5473 783 5537 emortuis,
832 5472 1011 5527 salvus
1050 5474 1175 5527 eris.
1221 5471 1393 5528 Corde
1435 5476 1573 5528 enim
1611 5476 1843 5531 creditur
1878 5482 1946 5534 ad

450 5641 497 5677 ”
549 5640 572 5694 ι
640 5639 875 5700 Timoth.
918 5660 999 5712 tu,
1034 5645 1086 5699 ἒ.
1155 5646 1197 5677 ⁵³
1264 5647 1418 5705 Rom.
1464 5666 1517 5717 κ,
1550 5650 1601 5711 9,
1646 5651 1726 5705 10.

2054 4472 2279 4544 λάμπῃ,
2306 4473 2402 4526 καὶ
2423 4474 2457 4544 ἡ
2486 4472 2674 4542 ἀγάπη
2702 4473 2768 4542 τῇ
2802 4469 2983 4524 πίστει
3018 4469 3411 4539 συμπλέκηται.
3448 4469 3559 4521 Καὶ
3578 4467 3621 4519 εί

2053 4563 2160 4637 Χρὴ
2200 4564 2388 4636 ὥσπερ
2426 4564 2640 4636 ὁρισμῷ
2689 4580 2796 4617 τινι
2841 4562 3154 4634 περιλαϐεῖν
3193 4562 3255 4614 τὸ
3288 4560 3620 4632 omnm.

2051 4655 2194 4710 οὕτω
2235 4655 2495 4726 τὸκρηθὲν
2524 4654 2817 4728 ὁριούμεθα
2847 4668 2863 4682 ⁸
2908 4654 3158 4708 κόκκινον
3200 4654 3466 4724 σπαρτίον
3511 4652 3621 4705 ἐστὶ

2052 4749 2235 4812 πίστις
2275 4748 2341 4803 δι’
2375 4749 2596 4819 ἀγάπης
2629 4747 2992 4821 ἐνεργουμένη
3014 4788 3029 4813 ,
3072 4746 3147 4810 ὼς
3299 4747 3481 4798 πίστει
3530 4744 3621 4814 μὲν

2051 4838 2338 4909 δηλοῦσθαι
2376 4838 2439 4892 τὸ
2484 4839 2769 4892 κόκκινον
2805 4840 2872 4909 τῇ
2914 4838 2973 4891 δὲ
3017 4837 3208 4908 ἀγάπῃ
3256 4836 3319 4888 τὸ
3363 4834 3619 4905 σπαρτίον

2050 4928 2522 5003 διερμηνεύεσθαι.
2558 4929 2780 4993 Τούτοις
2825 4928 3201 4998 κεκοσμῆσθαι
3228 4924 3297 4980 τὰ
3330 4926 3483 4996 χείλη
3528 4925 3618 4994 τῆς

2051 5020 2272 5091 νύμφης
2323 5021 2590 5091 μαρτυρεῖ
2629 5020 2663 5089 ἡ
2715 5017 2965 5088 ἀλήθεια.
3017 5017 3080 5069 Ἦ
3130 5016 3185 5068 δὲ
3237 5016 3415 5084 ὡραία
3468 5013 3618 5067 λαλιὰ

2053 5110 2282 5182 θεωρίας
2328 5110 2472 5174 τινὸς
2520 5109 2848 5182 λεπτοτέρας
2891 5109 2924 5180 ἢ
2966 5107 3264 5180 ἑρμηνείας
3312 5106 3481 5178 ἄλλης
3524 5107 3617 5158 οὐκ

2052 5205 2343 5259 ἐπιδέεται.
2365 5204 2580 5267 Φθάσας
2605 5205 2711 5275 γὰρ
2736 5202 3062 5273 διεσάφησεν
3091 5202 3119 5253 ὁ
3160 5198 3502 5262 ’Δπὸστολος,
3541 5199 3614 5251 ὅτι

2053 5298 2087 5366 ἠ
2112 5296 2268 5350 λαλιὰ
2306 5295 2445 5367 αὕτη
2482 5296 2542 5349 τὸ
2576 5297 2727 5367 ῥῆμα
2764 5296 2864 5366 τῆς
2892 5290 3129 5356 πίστεώς
3156 5293 3324 5357 ἐστιν,
3365 5290 3393 5344 ὅ
3420 5288 3615 5361 κηρύσ-

2056 5406 2241 5459 σομεν,
2284 5389 2424 5444 Ἐὰν
2452 5388 2835 5459 ὁμολογήσῃς
2856 5385 2936 5451 τῷ
2970 5385 3224 5455 στόματί
3258 5399 3376 5438 σου
3406 5382 3616 5451 Κύριον

2068 5482 2330 5545 Ἰησοῦν,
2367 5481 2461 5535 καὶ
2499 5482 2836 5548 πιστεύσῃς
2867 5480 2935 5534 ὲν
2959 5476 3032 5548 τῇ
3066 5474 3276 5545 καρδίᾳ
3303 5489 3454 5542 σου,
3483 5469 3613 5530 and
