3730 5980
72 142 195 211 M9

1143 151 1208 206 IN
1244 148 1548 207 CANTICA
1577 147 1849 206 CANTIC.
1893 147 2181 219 HOMILIA
2223 150 2332 208 VII.

3246 152 3353 208 93‘)

72 270 236 334 ’Θεὸς
260 269 451 324 αὐτὸν
482 269 718 340 ἤγειρεν
749 269 819 323 ἐκ
850 267 1100 339 νεκρῶν,
1143 268 1419 338 σωθήσῃ.
1450 272 1545 337 Καί

1879 270 2062 333 titiam,
2108 286 2198 324 ore
2248 278 2422 323 autem
2469 269 2726 339 confessio
2767 272 2828 339 fit
2868 270 2940 325 ad
2969 271 3212 326 salutent.
3253 268 3352 326 Hie

86 363 201 433 τὰρ
218 362 569 416 πιστεύεται
583 364 670 429 είς
684 361 1100 429 δικαιοσύνην,
1116 360 1365 430 στόματι
1378 358 1444 412 δέ
1465 363 1670 415 ὁμολο-

87 453 277 523 γεῖται
304 455 394 519 εις
413 453 735 522 σωτηρίαν.
772 452 923 523 Αὕτη
956 451 1013 504 δέ
1043 453 1190 505 ἐστιν
1223 454 1255 522 ἡ
1280 451 1459 523 ὡραία
1488 449 1667 518 λαλιὰ,

84 544 158 597 δι’
197 539 271 615 ἧς
315 543 385 613 τὰ
426 543 581 615 χείλη
619 544 720 613 τῆς
758 544 1082 615 Ἑκκλησίας
1127 544 1269 598 κατὰ
1312 543 1374 596 τὸ
1421 543 1671 598 κόκκινον

88 637 270 688 ἐκεῖνο
300 636 566 705 σπαρτίον
607 635 898 706 εὐπρεπῶς
933 635 1305 701 ἐπανθίζεται.
1353 635 1670 708 ’Δρέσκεται

83 723 143 776 δὲ
175 722 318 793 μετὰ
344 723 445 794 τὴν
483 722 581 786 τοῦ
612 723 880 794 στόματος
910 724 1059 793 ὥραν
1087 726 1116 778 ὁ
1156 725 1422 795 νυμφίος,
1462 726 1555 779 καὶ
1593 726 1671 797 τῷ

85 818 185 885 τῆς
215 817 453 886 παρειᾶς
481 814 810 887 ἐρυθήματι.
836 816 1024 887 Μῆλον
1059 816 1113 869 δὲ
1140 816 1298 870 τοῦτο
1331 816 1427 870 τοῦ
1454 816 1671 889 προσώ·-

82 922 190 959 που
235 906 297 959 τὸ
346 907 513 978 μέρος
556 908 622 960 ἐκ
654 907 1046 976 καταχρήσεως
1092 908 1249 960 καλεῖ
1305 909 1339 978 ἡ
1390 908 1666 980 συνήθεια.

74 999 450 1070 Προσεικάζει
475 999 655 1052 τοίνυν
681 999 745 1052 τὸ
775 998 876 1069 τῆς
902 1001 1134 1070 παρειᾶς
1161 1000 1329 1072 μῆλον
1355 1000 1433 1072 τῷ
1452 1000 1671 1072 λεπύρῳ

80 1091 185 1161 τῆς
205 1090 340 1161 ῥόας
353 1129 369 1154 ,
390 1090 610 1163 γράψας
637 1088 781 1143 οὓτω
800 1090 892 1144 τὸν
912 1090 1131 1145 ἔπαινον
1145 1090 1310 1145 αὐτοῦ
1332 1093 1425 1145 ἐπὶ
1441 1089 1636 1158 λέξεως
1652 1107 1667 1121 ⁸

80 1176 193 1246 Ὠς
216 1180 491 1248 ,ιέπυρον
510 1180 663 1248 ῥόας
680 1177 880 1249 μῆλόν
906 1194 1024 1236 σου
1043 1219 1059 1247 ,
1090 1180 1264 1247 ἐκτὸς
1298 1177 1410 1249 τῆς
1447 1180 1671 1243 σιωπή-

79 1272 242 1338 σεώς
262 1287 408 1326 σου.

157 1361 286 1413 Ὅτι
335 1359 434 1431 μὲν
475 1354 570 1414 οὖν
608 1357 772 1422 αἰδώς
802 1359 919 1411 ἐστι
957 1360 1019 1412 τὸ
1059 1360 1471 1430 ἐπαινούμενον,
1504 1358 1671 1411 παντὶ

64 1452 276 1525 Αρᾁδιον
309 1452 375 1504 ἐκ
405 1450 509 1520 τῆς
546 1450 867 1514 ἀκολουθίας
915 1450 1024 1504 τῶν
1060 1449 1486 1521 τεθεωρημένων
1523 1449 1669 1517 λογί-

41 1550 45 1555 ’
82 1543 308 1597 σασθαι.
346 1543 813 1614 Σωματοποιήσας
847 1540 956 1613 γὰρ
1000 1541 1099 1612 τὴν
1148 1539 1474 1612 Ἐκκλησίαν
1500 1541 1533 1593 ὁ
1575 1539 1671 1593 A6-

1770 368 1855 416 est
1872 370 2050 416 autem
2075 360 2301 430 pulcher
2330 376 2531 431 sermo,
2574 377 2670 431 per
2703 378 2864 435 quem
2896 363 3049 418 labra
3090 363 3352 419 Ecclesia:

1771 451 1968 506 decore
2001 460 2127 507 sunt
2157 449 2350 505 ﬂorida
2393 451 2481 507 ﬁlo
2516 453 2609 508 illo
2640 468 2953 523 purpureo;
3008 455 3124 509 oris
3169 462 3351 510 autent

1771 536 2006 610 speciem
2038 555 2103 596 ac
2125 541 2376 597 decorem
2400 551 2568 607 amat,
2597 543 2896 599 delectatur
2920 546 3086 599 etiam
3114 560 3352 615 sponsus

1771 632 1972 688 rubore
2001 648 2173 704 genae.
2224 633 2377 688 illam
2414 641 2594 690 autem
2634 642 2842 705 partem
2893 635 3052 691 faciei
3084 652 3180 705 per
3216 638 3349 691 abu-

1772 737 1892 777 sum
1923 732 2086 778 vocat
2120 725 2307 794 μῆλον,
2354 723 2409 778 id
2434 734 2537 786 est,
2579 724 2781 778 malum
2821 740 2916 780 seu
2945 740 3189 795 pomum,
3219 741 3353 780 con-

1772 810 2026 865 suetudo.
2068 813 2351 868 AsSimilat
2398 829 2529 885 ergo
2559 830 2709 884 genae
2739 816 2940 870 malum
2973 816 3166 871 cortici
3217 817 3351 870 mali

1774 899 1984 969 punici,
2012 901 2134 970 ejus
2168 902 2384 958 laudem
2414 904 2661 961 scribens
2693 905 2777 961 his
2817 906 3034 963 verbis:
3070 907 3348 977 Tanquam

1771 1000 1955 1046 cortex
2020 994 2151 1048 mali
2226 996 2402 1064 punici
2485 1011 2615 1068 gena
2690 1007 2781 1051 tua
2860 1008 3019 1053 extra
3080 999 3349 1054 silentium

1771 1092 1940 1140 tuum.

1842 1360 2021 1430 Atque
2045 1362 2194 1431 quod
2236 1363 2414 1433 pudor
2443 1363 2662 1434 quidem
2695 1365 2767 1421 sit
2804 1366 2856 1420 id
2883 1366 3028 1436 quod
3076 1368 3350 1433 laudatur,
3432 1344 3437 1348 ’

1771 1450 1947 1505 cuivis
1979 1451 2140 1507 facile
2164 1459 2249 1508 est
2274 1454 2624 1509 considerare
2642 1469 2707 1509 ex
2733 1456 3126 1526 consequentia
3161 1472 3351 1513 eorum

1773 1556 1897 1612 qua:
1933 1550 2063 1598 sunt
2086 1545 2452 1600 considerata.
2479 1546 2612 1601 Nam
2642 1562 2765 1603 cum
2797 1546 3037 1603 Verbum
3072 1563 3356 1618 corporas-

90 1652 183 1704 (ος
217 1636 302 1697 είς
327 1634 391 1687 τὸ
421 1634 522 1704 τῆς
562 1632 780 1704 νύμφης
807 1629 980 1696 εἶδος,
1021 1632 1116 1686 καὶ
1158 1632 1260 1695 τὰς
1289 1630 1409 1685 καθ’
1440 1630 1563 1685 ἐκαε

1889 1633 2195 1689 Ecclesiam
2240 1635 2298 1690 in
2343 1634 2577 1691 formam
2630 1652 2868 1707 sponsae,
2908 1647 2966 1693 et
3002 1638 3344 1709 singularum

80 1726 292 1797 ἀρετὰς
311 1725 659 1796 καταλλήλως
685 1727 750 1795 τῇ
784 1725 1074 1794 ὑπογραφῇ
1107 1722 1205 1793 τῆς
1234 1721 1376 1776 κατά
1411 1722 1471 1774 τὸ
1494 1720 1666 1792 πρόσ-

74 1836 237 1872 ωπον
310 1799 461 1890 ὥρας
500 1817 857 1888 ἐπιμερίσας·
910 1814 1004 1869 νῦν
1049 1814 1138 1869 διὰ
1182 1813 1276 1867 τοῦ
1325 1813 1667 1884 ἐρυθήματος

80 1909 180 1962 τοῦ
200 1911 330 1973 ταῖς
342 1910 597 1979 παρειαῖς
626 1906 953 1970 ἐπιζέοντος,
985 1905 1308 1975 προσφόρως
1339 1905 1551 1958 ἐπαινεῖ
1569 1902 1666 1975 τὴν

83 1998 478 2072 σωφροσύνην,
528 1997 666 2051 αἰδοῖ
714 1996 1139 2066 κατακοσμήσας
1173 1996 1230 2048 ἐν
1265 1993 1485 2064 τῷ,τῆς
1539 1995 1668 2065 ῥόας

76 2092 390 2162 αἰνίγματι.
426 2090 483 2143 Ὁ
507 2090 617 2161 γὰρ
634 2088 844 2159 καρπὸς
862 2081 1017 2152 οὗτος
1038 2087 1227 2156 στύφει
1244 2104 1302 2138 τε
1324 2086 1419 2140 καὶ
1437 2086 1669 2158 ἀόρώτῳ

81 2185 150 2253 τῇ
181 2181 475 2252 ἐπιφανείᾳ
500 2181 848 2252 ἐντρέφεται.
890 2180 982 2233 Διὸ
1020 2179 1202 2242 καλῶς
1233 2194 1290 2232 τε
1320 2178 1412 2232 καὶ
1453 2179 1669 2243 οἰκείως

81 2275 166 2336 εἰς
195 2272 262 2326 τὸ
290 2273 408 2342 τῆς·
428 2270 781 2341 σωφροσύνης
813 2270 1145 2341 κατόρθωμα
1184 2269 1273 2324 διὰ
1305 2270 1407 2337 τῆς
1438 2269 1669 2340 θεωρίας

87 2361 591 2433 μεταλαμϐάνεται.
640 2362 726 2423 Ὠς
749 2361 860 2432 γὰρ
887 2363 922 2432 ἡ
955 2361 1147 2431 στύψις
1167 2360 1260 2415 τοῦ
1287 2361 1386 2432 τῆς
1419 2360 1548 2431 ῥόας
1583 2360 1670 2414 λε-

76 2457 273 2527 ’πύρου
307 2454 499 2526 τρέφει
530 2471 590 2506 τε
637 2454 731 2507 καὶ⁹
773 2452 1036 2521 φυλάσσει
1066 2451 1163 2506 τοῦ
1205 2452 1668 2523 ἐμπεριεχομένου

67 2545 307 2616 ’καρποῦ
367 2544 466 2616 τὴν
510 2542 858 2615 γλυκύτητα*
907 2541 1080 2606 οὕτως
1122 2545 1152 2595 ὁ
1201 2540 1416 2611 στύφων
1463 2559 1523 2594 τε
1576 2541 1670 2595 καὶ

84 2636 364 2708 ἐγκρατὴς
395 2636 491 2689 καὶ
534 2633 923 2705 κατεσκληκὼς
969 2633 1083 2705 βίος
1110 2634 1285 2702 φύλαξ
1321 2633 1529 2702 γίνεται
1559 2632 1670 2685 τῶν

83 2728 185 2797 τῆς
215 2724 575 2798 σωφροσύνης
602 2723 802 2779 καλῶν.
837 2723 1067 2788 Διπλοῢς
1092 2723 1150 2777 δὲ
1171 2725 1266 2776 καὶ
1297 2723 1534 2777 ἐνταῦθα
1569 2724 1669 2793 τῆς

86 2817 293 2890 ἀρετῆς
338 2815 541 2886 ταύτης
570 2818 599 2869 ὁ
629 2814 849 2879 ἔπαινος
882 2814 1111 2884 γίνεται,
1142 2815 1231 2869 διά
1275 2831 1335 2866 τε
1382 2813 1492 2866 τῶν
1532 2824 1669 2884 προ-

84 2910 435 2979 φαινομένων
466 2908 610 2962 κατά
651 2908 743 2962 τὸν
786 2908 1097 2977 εὐσχήμονα
1126 2907 1261 2978 βίον,
1305 2906 1398 2959 κῖαὶ
1430 2905 1518 2960 διὰ
1559 2906 1668 2959 τῶν

83 3004 143 3055 ἐν
168 3004 239 3071 τῇ
259 3000 436 3070 ψυχῆς
460 2998 698 3068 ἀπαθείᾳ
718 2997 1185 3069 κατορθουμένων.
1207 2990 1318 3050 Ὧν
1341 3000 1374 3051 ὀ
1402 2998 1667 3062 ἔπαινος,

84 3094 271 3157 καθώς
300 3109 465 3162 φησιν
486 3094 514 3145 ὁ
553 3090 898 3153 Ἀπόστολος,
917 3091 1030 3143 οὐκ
1050 3087 1119 3153 ἐξ
1142 3087 1470 3155 ἀνθρώπων
1487 3130 1501 3153 ,
1534 3088 1672 3142 ἀλλ’

81 3188 150 3239 ἐκ
179 3184 291 3239 τοῦ
325 3182 496 3238 Θεοῦ.
551 3183 615 3235 Ἠ
646 3181 757 3251 γὰρ
798 3181 1182 3251 ἐπιλάμπουσα
1221 3182 1334 3243 τοῖς
1369 3179 1674 3250 γινομένοις

82 3276 274 3341 αἰδὼς,
307 3276 437 3329 [διον
471 3275 569 3345 μὲν
594 3275 660 3327 ἐκ
692 3274 803 3327 τῶν
830 3272 1114 3345 προδήλων
1144 3271 1255 3343 ἔχει
1293 3270 1384 3325 τὸν
1415 3271 1634 3325 ἔπαινον
1656 3288 1673 3303 ο

77 3369 248 3429 ἐκτὸς
294 3365 351 3418 δὲ
397 3364 507 3418 τῶν
559 3362 932 3433 σιωπωμένων
970 3362 1088 3416 ἐστὶ
1124 3363 1219 3415 καὶ
1252 3359 1674 3432 ὑποκεκρυμμέ-

81 3475 194 3513 νων
255 3454 552 3525 θαυμάτων
574 3495 589 3519 ,
642 3453 680 3508 ἀ
725 3453 869 3523 μόνῳ
927 3452 1225 3523 καθορᾶται
1279 3450 1360 3520 τῷ
1413 3450 1675 3521 ὀφθαλμῷ

78 3548 290 3619 ἐκείνῳ
339 3545 418 3616 τῷ
459 3545 530 3598 τὰ
570 3545 779 3617 κρύφια
826 3543 1095 3615 βλέποντι.
1142 3543 1243 3597 Διὰ
1284 3542 1346 3595 δὲ
1379 3542 1489 3596 τῶν
1538 3542 1675 3612 μετά

80 3639 265 3695 ταῦτα
303 3638 667 3708 μανθάνομεν,
698 3637 780 3690 ὃτι
817 3638 925 3690 πᾶν
959 3636 1022 3689 τὸ
1070 3634 1222 3705 παρὰ
1258 3633 1367 3686 τῶν
1404 3632 1675 3705 θεοφόρων

85 3730 270 3799 ἁγίων
309 3727 616 3798 γινόμενον,
652 3724 820 3790 τύπος
857 3742 942 3788 τις
982 3725 1078 3779 καὶ
1104 3721 1424 3777 διδασκαλία
1457 3723 1564 3776 τῶν
1596 3723 1676 3785 είς

87 3819 301 3892 ἀρετὴν
333 3816 784 3889 κατορθουμένων
812 3816 1041 3884 ἐγίνετο.
1085 3815 1148 3868 Oi
1186 3813 1376 3884 γάμοι,
1416 3813 1474 3867 αἱ
1516 3813 1678 3867 ἀποι-

85 3909 234 3974 κίαι,
260 3908 312 3962 οί
346 3907 594 3979 πόλεμοι,
625 3901 809 3961 αἰτῶν
829 3903 1277 3976 οἰκοδομημάτων
1314 3902 1673 3968 κατασκευαὶ,

91 4002 281 4055 πάντα
309 3990 452 4053 κατά
483 4016 609 4053 τινα
644 3997 802 4067 λόγον
835 3999 915 4060 εἰς
932 3996 1215 4061 νουθεσίαν
1248 3994 1326 4067 τῷ
1351 3997 1489 4067 μετά
1506 3996 1678 4050 ταῦτα

91 4090 476 4163 προετυποῦτο
510 4090 628 4162 βίῳ.
675 4088 934 4160 Ἐπράςοη
964 4090 1072 4159 γὰρ
1096 4087 1302 4153 ταῦτα,
1336 4089 1492 4159 φησὶ,
1527 4086 1678 4156 πρὸς

86 4181 430 4236 νουθεσίαν·
472 4179 661 4250 ἡμῶν,
702 4181 790 4245 εἰς
841 4178 949 4245 οὓς
992 4178 1066 4233 τὰ
1109 4177 1255 4253 τέλη
1286 4176 1412 4232 τῶν
1449 4181 1678 4234 αἰώνων

1768 1739 1963 1779 curam
1992 1725 2259 1796 gessisset
2287 1727 2551 1783 virtutum
2582 1729 2976 1784 convenienter
2995 1728 3350 1800 descriptioni

1768 1816 1953 1872 vultus
1976 1818 2428 1888 pulchritudinis,
2459 1835 2607 1876 nunc
2640 1836 2737 1891 per
2761 1823 3017 1876 ruborem
3050 1824 3144 1892 qui
3178 1837 3348 1893 genas

1768 1908 2118 1974 condecorat,
2153 1909 2340 1965 laudat
2364 1914 2809 1982 temperanliam,
2841 1927 2961 1967 eam
2994 1928 3203 1969 ornans
3243 1929 3348 1984 pu—

1768 1998 1897 2054 dere
1932 2000 2035 2055 sub
2061 2000 2351 2070 aenigmate
2391 2003 2519 2056 mali
2568 2004 2778 2073 punici.
2826 2002 2929 2058 Hic
2956 2004 3101 2059 enim
3138 2003 3352 2059 fructus

1769 2089 2042 2167 astringit,
2102 2099 2158 2145 et
2207 2091 2329 2146 esui
2373 2106 2485 2147 non
2547 2102 2671 2162 apta
2732 2094 2981 2148 nutritur
3041 2095 3348 2164 superﬁcie.

1768 2176 2136 2243 Quamobrem
2191 2180 2421 2249 pulchre
2465 2189 2520 2236 et
2563 2184 2954 2238 convenienter
2980 2185 3218 2239 sumitur
3258 2201 3354 2254 per

1769 2271 2286 2340 contemplationem
2353 2280 2504 2327 recta
2564 2274 2710 2329 actio
2779 2274 3175 2344 temperantiae.
3234 2276 3355 2341 Quo

1769 2359 1932 2415 modo
1976 2361 2120 2416 enim
2178 2362 2353 2416 nutrit
2407 2365 2657 2418 astrictio
2710 2365 2935 2420 corticis
2974 2366 3103 2419 mali
3140 2365 3351 2434 punici,

1769 2457 1824 2505 et
1861 2459 2150 2506 conservat
2170 2451 2512 2508 dulcedinem
2552 2452 2769 2509 fructus
2797 2455 2890 2524 qui
2914 2455 2977 2535 in
3011 2467 3078 2507 eo
3104 2457 3355 2529 contine-

1771 2547 1882 2606 tur,
1922 2541 1997 2595 ita
2035 2549 2255 2597 austera
2284 2543 2686 2612 continensque
2709 2552 2764 2599 et
2790 2560 2983 2615 aspera
3021 2546 3130 2599 vita
3163 2545 3223 2598 tit
3259 2560 3357 2599 cu-

1771 2640 1887 2688 stos
1925 2633 2194 2688 bonorum
2235 2636 2628 2706 temperantiae.
2664 2635 2767 2693 ~Est
2812 2637 2899 2692 hic
2928 2646 3108 2690 autem
3145 2635 3352 2705 duplex

1771 2723 1904 2801 laus.
1923 2725 2176 2792 virtutis,‘
2195 2741 2389 2795 nempe
2423 2733 2476 2781 ct
2501 2741 2597 2796 per
2619 2742 2683 2782 ea
2712 2742 2834 2797 qua;
2859 2734 3126 2797 apparent
3155 2726 3207 2780 in
3238 2727 3350 2779 vita

1772 2814 2024 2880 honesta,
2071 2826 2126 2873 et
2177 2833 2275 2887 per
2294 2832 2364 2873 ea
2407 2833 2531 2888 quae
2576 2827 2726 2874 recte
2754 2810 3022 2890 geruntur
3066 2822 3120 2874 in
3150 2819 3353 2873 animae

1773 2906 2173 2977 impatibilitate
2200 2925 2213 2960 :
2241 2907 2408 2978 Cujus
2438 2910 2556 2964 tau:
2582 2918 2686 2976 est,
2712 2910 2855 2965 sicut
2880 2910 3015 2965 dicit
3032 2910 3353 2979 Apostolus,

1772 3013 1876 3051 non
1900 3012 1965 3051 ea:
1992 2998 2313 3063 hominibus,
2343 3000 2434 3055 sed
2463 3016 2528 3054 ea:
2558 3000 2664 3056 Deo
2686 3003 2754 3055 ⁸³.
2785 3001 2921 3055 Nam
2950 3004 3041 3071 qui
3069 3001 3277 3055 relucet
3298 3001 3352 3055 in

1770 3087 1858 3152 iis,
1892 3104 2015 3158 quae
2039 3090 2195 3155 tiunt,
2233 3092 2431 3159 pudor,
2474 3092 2753 3162 propriam
2779 3091 3000 3161 quidem
3041 3091 3202 3145 habet
3231 3090 3353 3163 lauf

1771 3176 1895 3233 dem
1948 3194 2016 3234 ex
2072 3178 2142 3233 iis
2196 3192 2318 3249 quae
2385 3187 2516 3235 sunt
2576 3179 2913 3246 manifesta;
2982 3187 3112 3236 sunt
3170 3187 3355 3235 autem

1771 3279 1923 3325 extra
1962 3285 2049 3334 ea,
2088 3286 2209 3340 qua:
2242 3279 2521 3335 tacentur,
2559 3281 2614 3328 et
2641 3282 2770 3327 sunt
2805 3271 3025 3327 occulta
3065 3271 3354 3339 miracula,

1772 3374 1894 3429 qum
1926 3360 2104 3416 solum
2144 3369 2449 3417 cernuntur
2481 3363 2574 3417 illo
2607 3350 2768 3417 oculo
2796 3364 2894 3432 qui
2933 3364 3151 3418 occulta
3198 3365 3353 3434 aspi-

1774 3452 1874 3509 cit.
1909 3449 2016 3506 Per
2038 3465 2102 3507 ea
2131 3459 2314 3506 autem
2340 3467 2463 3521 qua:
2485 3463 2674 3522 postea
2715 3461 3038 3522 sequuntur,
3069 3453 3355 3518 discimus,

1775 3537 1924 3608 quod
1955 3553 2295 3608 quaecunque
2334 3537 2544 3593 ﬁebant
2570 3539 2639 3593 ab
2675 3538 2743 3593 iis
2786 3541 2998 3594 sanctis
3030 3540 3123 3609 qui
3165 3554 3197 3592 a
3246 3540 3358 3595 Deo

1776 3637 1936 3687 erant
1970 3630 2254 3700 inspirati,
2304 3628 2527 3684 fuerunt
2566 3629 2788 3698 quidam
2820 3637 2979 3698 typus
3010 3637 3066 3684 et
3106 3630 3357 3685 doctrina

1775 3736 1969 3777 eorum
2003 3735 2125 3791 qua:
2161 3728 2309 3774 recte
2355 3718 2492 3773 ﬁunt
2524 3733 2593 3773 ex
2626 3718 2850 3775 virtute.
2881 3718 3113 3788 Nuptiae,
3151 3720 3358 3789 migra-

1779 3814 1974 3881 tiones,
2018 3811 2180 3879 bella,
2232 3809 2589 3867 aediﬁciorum
2639 3810 3068 3877 exstructiones,
3114 3810 3363 3881 praeﬁgu-

1774 3880 1972 3961 rabant
2017 3905 2202 3960 omnia
2252 3902 2681 3957 admonitionem
2731 3901 2855 3956 vita:
2902 3910 3091 3972 postea
3136 3901 3369 3958 futurae:

1777 3995 1991 4066 Scripta
2024 4005 2146 4050 sunt
2177 3995 2341 4061 enim,
2393 3993 2593 4065 inquit,
2647 3995 2759 4048 hac
2784 3993 2854 4046 ad
2897 4001 3135 4047 nostram
3181 3992 3364 4047 admo-

1776 4089 2051 4152 nitionem,
2097 4088 2166 4141 ad
2212 4102 2342 4156 quos
2385 4086 2517 4155 fines
2564 4085 2885 4141 swculorum
2923 4085 3357 4154 pervenerunt”.

1776 4176 1910 4232 Nam
1940 4179 2139 4234 bellum
2168 4177 2386 4247 quidem
2414 4176 2558 4248 quod
2586 4184 2799 4247 gestum
2818 4183 2906 4232 est
2934 4177 3199 4232 adversus
3230 4176 3362 4232 alie-

92 4275 496 4344 κατήντηκεν.
540 4274 598 4327 '0
646 4273 743 4344 μὲν
775 4272 884 4344 γὰρ
925 4272 1064 4327 κατὰ
1087 4271 1196 4325 τῶν
1235 4272 1548 4343 ἀλλοφύλων

1887 4284 2029 4335 snas,
2070 4268 2313 4323 consulit
2347 4277 2403 4322 ut
2437 4283 2537 4324 nos
2568 4267 2782 4323 fortiter
2808 4282 3063 4339 geramus
3096 4269 3360 4324 adversus

90 4360 289 4431 1511.04,
319 4358 677 4429 συμϐουλεύει
707 4360 849 4412 κατὰ
878 4359 976 4427 τῆς
1012 4358 1213 4421 κακίας
1242 4359 1393 4428 ἡμᾶς
1430 4360 1673 4430 ἀνδρίζε-

96 4450 248 4505 σθαι.
291 4448 355 4501 Ἦ
381 4448 438 4501 δὲ
474 4446 615 4502 κατά
638 4448 762 4509 τοὺς
797 4447 1010 4517 γάμους
1045 4446 1251 4518 σπουδὴ
1279 4447 1377 4517 τὴν
1412 4447 1522 4501 τῶν
1549 4450 1674 4521 ἀρε.

94 4541 209 4596 τῶν
272 4539 587 4610 συνοίκησιν
636 4538 704 4592 δι’
752 4539 1089 4608 αἰνιγμάτων
1150 4541 1284 4611 ἡμῖν
1342 4539 1672 4596 ὑποτίθεται.

107 4631 392 4693 Ὡσαύτως
431 4630 488 4701 δὲ
528 4631 623 4683 καὶ
653 4632 685 4694 ή
732 4628 958 4683 ἀποικία
998 4629 1092 4683 τοῦ
1125 4631 1381 4702 ἐναρέτου
1426 4631 1543 4702 βίου
1584 4631 1675 4684 τὸν

90 4720 351 4791 οξκισμὸν
379 4718 689 4773 ὑποϐάλλει·
728 4719 795 4772 τά
826 4718 869 4771 δ’
901 4720 1002 4774 ὅσα
1040 4722 1169 4791 περὶ
1194 4721 1291 4785 τὰς
1330 4721 1677 4786 κατασκευὰς

96 4814 208 4866 τῶν
261 4811 711 4882 οἰκοδομημάτων
750 4812 879 4880 παρ’
924 4813 1102 4867 αὐτῶν
1141 4813 1519 4879 ἐσπουδάζετο,
1568 4815 1675 4869 τῶν

94 4900 388 4972 ἡμετέρων
419 4901 582 4955 οἴκων
604 4899 711 4955 τῶν
742 4901 809 4954 δι’
838 4904 1036 4972 ἀρετῆς
1063 4904 1530 4975 οίκοδομουμένων
1563 4907 1680 4959 ἐπι·

100 4991 329 5061 μέλειαν
376 4990 648 5043 ποιεῖσθαι
689 4988 1079 5043 διακελεύεται.
1120 4992 1213 5045 Διό
1261 5010 1351 5062 μοι
1397 4995 1544 5048 δοκεῖ
1586 4996 1677 5049 τὸν

100 5083 379 5153 περιφανῆ
408 5078 617 5152 πύργον
647 5082 871 5143 ἐκεῖνον,
896 5074 941 5149 ᾧ
965 5080 1032 5134 τὰ
1063 5081 1348 5152 ἀκροθίνια
1377 5084 1483 5136 τῶν
1504 5085 1676 5154 λαφύ-

102 5189 215 5243 ρων
245 5172 511 5243 ἀνέθηκεν
543 5171 572 5222 ὁ
595 5171 776 5237 Δαϐὶδ,
799 5171 937 5242 πρὸς
968 5171 1065 5242 τὴν
1085 5173 1368 5243 προκοπὴν
1404 5174 1504 5245 τῆς
1552 5178 1679 5230 Ἐκ-

100 5262 336 5334 κλησίας
371 5262 606 5332 βλέπων,
633 5261 742 5316 τῶν
778 5280 830 5316 τι
857 5263 975 5316 κατ’
1004 5263 1205 5334 ἀρετὴν
1235 5265 1679 5336 σπουδαζομένων

98 5352 554 5422 προδιατυπῶσαι
610 5351 784 5424 τούτῳ
840 5352 918 5422 τῷ
962 5352 1138 5424 ἔργῳ·
1188 5352 1248 5416 ὃς
1289 5354 1678 5425 ὐπερφαίνεται

170 5529 221 5564 ³²
269 5528 443 5584 Rom.
493 5544 555 5593 ιι,
610 5527 699 5585 29.
765 5526 993 5584 “Rom.
1036 5544 1123 5594 xv,
1176 5530 1230 5583 4.

1779 4360 1933 4414 vitia.
1965 4357 2225 4413 Studium
2253 4365 2435 4413 autem
2463 4356 2828 4413 contrahendi
2863 4356 3223 4423 matrimonii,
3263 4373 3363 4427 per

1780 4450 2064 4519 aenigmata
2100 4463 2202 4504 nos
2229 4448 2489 4503 admonet
2521 4454 2579 4501 ut
2617 4446 3004 4503 cohabitemus
3032 4462 3158 4503 cum
3183 4449 3360 4503 virtu-

1782 4543 1950 4598 tibus.
1984 4541 2249 4595 Similiter
2294 4547 2475 4594 autem
2524 4538 2780 4608 migratio
2813 4539 3039 4595 denotat
3062 4528 3365 4612 migratio-

1781 4648 1906 4688 nem
1955 4632 2022 4686 ad
2061 4633 2227 4686 vitam
2260 4646 2323 4686 ex
2361 4631 2561 4684 virtute
2597 4630 2901 4700 agendam;
2934 4646 3034 4701 per
3073 4630 3360 4688 domorum

1782 4733 1962 4780 autem
2000 4724 2402 4779 exstructiones
2449 4723 2504 4776 in
2534 4736 2673 4791 quas
2703 4722 2773 4777 ab
2802 4722 2884 4778 eis
2933 4722 3217 4778 confertur
3245 4734 3366 4780 stu-

1782 4814 1957 4876 dium.
1982 4804 2238 4885 iubemur
2267 4829 2454 4868 curam
2496 4828 2689 4884 gerere
2716 4821 3032 4870 nostrarum
3068 4813 3359 4868 domorum

1785 4921 1906 4975 quae
1954 4904 2295 4959 aediﬁcantur
2343 4920 2441 4974 per
2481 4905 2761 4959 virtutem.
2810 4904 3176 4971 Quamobrem
3226 4905 3360 4959 mihi

1786 4995 1999 5050 videtur
2036 4994 2273 5064 insignis
2324 4994 2415 5048 illa
2467 4995 2657 5062 turris,
2702 4996 2758 5049 in
2794 5010 2901 5065 qua
2947 4995 3153 5064 optima
3184 4995 3362 5064 spolia

1786 5084 2073 5156 suspendit
2108 5084 2273 5139 David
2312 5086 2585 5155 aspiciens
2619 5086 2685 5141 ad
2725 5087 3033 5156 profectum
3077 5084 3361 5152 Ecclesiae,

1786 5177 2137 5248 praeﬁgurare
2168 5192 2306 5245 opus
2349 5193 2542 5233 eorum
2591 5180 2685 5249 qui
2725 5179 2967 5235 studium
3018 5178 3073 5232 in
3108 5177 3363 5233 virtutem

1785 5267 2267 5336 conierunt:quae
2317 5266 2540 5335 quidem
2587 5277 2812 5340 apparet
2858 5279 3086 5325 extensa
3142 5269 3197 5323 in
3239 5269 3365 5321 alti-

1789 5360 2032 5416 tudinem
2062 5357 2299 5427 alicujus
2323 5362 2706 5429 promontorii,
2738 5368 2865 5431 apta
2897 5357 3078 5418 autém
3106 5360 3201 5415 illo
3223 5369 3366 5417 teut-
