3730 5980
353 128 449 185 951

1594 122 1653 174 S.
1683 120 2012 175 GREGORII
2042 118 2334 173 NYSSEM

3548 132 3650 188 £52

359 252 495 313 pore
548 236 652 292 fuit
686 239 996 294 existimata
1047 238 1116 293 ad
1167 237 1528 295 custodienda
1578 240 1774 308 spolia,
1817 255 1938 308 qua:

2079 238 2142 293 ἐν
2169 241 2477 312 ἀκρωρείας
2501 242 2644 307 τινὸς
2672 244 2753 307 εἰς
2798 243 2934 316 ὕψος
2959 244 3373 318 ἀνατεινόμενος
3396 262 3413 276 ⁸
3450 250 3650 322 ἐπιτή-

357 329 664 401 subjugatis
713 340 765 386 et
816 331 869 385 in
919 331 1236 386 servitutem
1301 330 1539 386 redactis
1589 330 1940 401 alienigenis,

359 436 485 475 cum
517 421 731 477 caeteris
761 422 917 477 bonis
950 438 1045 475 rex
1076 422 1181 477 sibi
1212 420 1505 477 lucrifacit.
1532 420 1788 477 Ostendit
1811 436 1943 491 ergo

269 507 293 535 '
358 527 455 567 rex
504 527 601 583 per
655 527 810 567 suam
872 513 1236 581 sapientiam,
1291 515 1359 566 ad
1402 511 1689 583 quodnam:
1736 512 1941 567 bonum

360 603 640 673 aspiciens
684 604 850 657 David
907 604 1157 658 humana:
1188 604 1330 668 vitae,
1371 602 1570 658 futurae
1618 604 1739 660 vitze
1773 603 1941 658 veluti

364 692 645 761 quoddam
696 693 989 748 consilium
1037 694 1190 763 prius
1245 694 1561 763 exposuerit
1621 708 1717 763 per
1774 694 1944 747 turris

360 786 855 840 constructionem.
898 783 1033 838 Nam
1058 784 1227 840 totius
1249 787 1499 855 corporis
1529 784 1790 841 Ecclesia:
1822 786 1942 840 sin—

365 877 618 946 gulorum
655 877 1048 941 membrorum,
1082 894 1177 946 per
1205 877 1670 947 comparationem
1710 877 1943 947 alicujus

363 984 488 1023 cum
524 970 714 1039 aliquo
741 977 795 1025 et
822 970 1257 1032 similitudinem,
1291 970 1615 1024 laudaturos
1639 970 1943 1039 pulchritu-

359 1060 570 1125 dinem,
609 1061 930 1116 describens
967 1060 1156 1130 quales
1183 1076 1306 1115 esse
1345 1067 1594 1129 oporteat
1635 1074 1730 1113 eos
1764 1060 1857 1129 qui
1887 1060 1942 1113 in

359 1152 564 1221 populo
609 1160 794 1206 tenent
846 1151 1025 1205 locum
1077 1152 1225 1217 colli,
1259 1151 1507 1206 meminit
1560 1150 1721 1217 hujus
1751 1150 1942 1216 turris,

358 1255 481 1309 qua:
513 1241 733 1309 quidem
783 1241 1102 1294 nominatur
1143 1240 1333 1304 David,
1378 1241 1730 1310 cognoscitur
1760 1251 1942 1294 autem

363 1331 529 1385 etiam
562 1348 627 1387 ex
663 1333 1112 1403 propugnaculis.
1138 1331 1506 1387 Nominantur
1536 1340 1718 1387 autem
1748 1347 1944 1403 propu-

361 1426 594 1495 gnacula
622 1425 939 1497 Tbalpioth.

431 1700 507 1755 lta
541 1709 721 1756 autem
757 1700 920 1755 habet
960 1706 1253 1755 contextus
1293 1699 1559 1755 orationis
1589 1719 1601 1753 :
1637 1698 1788 1755 Sicut
1826 1709 1941 1752 tur-

360 1794 434 1847 ris
473 1792 642 1846 Darid
672 1792 865 1846 collum
912 1802 1080 1856 tuum,
1125 1790 1243 1861 qua:
1282 1802 1361 1846 est
1392 1791 1661 1861 wdiﬁcata
1696 1792 1751 1845 in
1784 1790 1941 1844 Thal-

358 1884 526 1955 pioth,
567 1885 712 1938 mille
734 1884 901 1953 εἰρίρεὶ
932 1884 983 1936 in
1012 1886 1129 1955 ipsa
1160 1882 1402 1953 pendent.
1429 1899 1606 1937 omnes
1635 1883 1806 1936 Ιιαειιε
1830 1882 1941 1949 [or-

361 1982 510 2030 tium.
571 1974 885 2045 Corporalis
940 1990 1072 2044 ergo
1125 1976 1294 2030 turris
1339 1975 1681 2030 constructio
1728 1989 1794 2029 ex
1841 1974 1943 2029 hoc

360 2079 446 2124 est
500 2068 730 2138 insignis
774 2077 828 2122 et
874 2067 1249 2138 suspicienda,
1300 2066 1445 2136 quod
1503 2068 1574 2122 sit
1619 2082 1759 2137 opus
1795 2066 1941 2135 regis

365 2158 554 2223 David,
590 2168 641 2212 et
670 2174 735 2212 ex
778 2158 883 2213 loci
914 2158 1193 2245 superbia,
1235 2168 1289 2213 et
1330 2173 1397 2212 ex
1434 2157 1605 2212 armis
1636 2158 1691 2211 in
1721 2172 1784 2212 ea
1815 2172 1957 2213 sus-7

361 2251 569 2319 pensis,
612 2265 805 2318 nempe
835 2250 1045 2320 clypcis
1096 2259 1150 2304 et
1181 2249 1379 2306 hastis.
1412 2264 1646 2319 quarum
1694 2249 1941 2304 multitu-

360 2342 546 2397 dinem
590 2341 837 2395 ostendit
888 2348 1178 2394 contextus
1223 2340 1444 2394 nomine
1491 2340 1805 2395 millenarii.
1850 2340 1947 2394 Est

361 2443 542 2488 autem
574 2442 754 2486 noster
800 2448 999 2502 scopus
1046 2432 1401 2486 considerare
1437 2431 1547 2485 vim
1579 2431 1777 2486 divina:
1817 2447 1943 2486 ora-

369 2524 537 2578 tionis
566 2541 579 2576 :
615 2522 1077 2593 quemadmodum
1109 2522 1238 2578 huic
1269 2522 1406 2576 turri
1435 2531 1789 2591 comparatur
1817 2538 1946 2592 pars

364 2620 458 2672 illa
490 2616 751 2672 Ecclesiae
783 2618 871 2671 cu‘i
904 2632 1102 2673 nomen
1145 2624 1229 2671 est
1267 2616 1492 2670 collum.
1535 2614 1777 2669 Primum
1811 2629 1946 2686 ergo

302 2770 303 2773 η
369 2711 627 2764 convenit
664 2707 1004 2773 examinare,
1040 2698 1292 2777 quamam
1334 2722 1464 2777 pars
1507 2708 1563 2760 in
1594 2715 1947 2778 nostro.cor-

370 2815 515 2881 pore
544 2801 849 2870 appelletur
882 2799 1008 2853 colli
1052 2798 1293 2863 nomine,
1343 2797 1539 2852 deinde
1569 2797 1814 2851 membro
1851 2795 1951 2849 Ee-

298 2900 304 2961 _’
363 2893 549 2947 clcsia:
573 2908 773 2947 nomrn
799 2892 1238 2946 accommodare.
1276 2890 1432 2957 Quod
1465 2904 1595 2959 ergo
1624 2888 1820 2943 mediis
1847 2889 1949 2943 hu-

362 2984 533 3038 meris
579 2984 914 3049 immittitur,
949 2984 1005 3036 in
1054 2997 1113 3037 se
1164 2991 1345 3036 autem
1392 2987 1558 3050 caput
1592 2981 1848 3043 sustinet,
1891 2988 1948 3034 et

368 3074 425 3125 fit
455 3088 553 3143 pro
580 3072 700 3127 basi
734 3073 855 3142 ejus
883 3074 1026 3142 quod
1059 3074 1132 3127 illi
1166 3074 1485 3142 imponitur,
1522 3072 1722 3125 collum
1775 3073 1950 3128 nomi-

366 3173 553 3226 natur,
595 3162 756 3232 cujus
785 3163 839 3217 id
870 3163 1089 3233 quidem
1118 3163 1264 3232 quod
1302 3171 1388 3217 est
1416 3174 1563 3216 retro
1590 3162 1815 3215 fulcitur
1852 3177 1949 3218 os-

372 3254 569 3319 sibus;
614 3252 761 3321 quod
805 3259 987 3306 autem
1040 3250 1284 3305 anterius
1337 3256 1441 3314 est,
1489 3250 1720 3304 liberum
1763 3258 1848 3306 est
1878 3250 1949 3304 ab

367 3345 575 3400 ambitu
615 3346 846 3398 ossium.
887 3339 1045 3400 Ossis
1078 3349 1260 3396 autem
1305 3350 1502 3395 natura
1550 3355 1660 3395 non
1708 3348 1794 3396 est
1843 3341 1946 3397 sibi

367 3437 471 3507 ipsi
510 3435 803 3491 continens
850 3442 906 3489 et
952 3432 1254 3499 individua,
1290 3433 1435 3488 sicut
1468 3431 1639 3489 cubiti
1677 3441 1733 3487 et
1778 3432 1942 3500 tibia,

372 3527 469 3584 sed
506 3527 658 3583 dorsi
694 3512 963 3581 vertebris
993 3524 1350 3579 multifariam
1399 3524 1570 3595 ﬁgura
1602 3524 1814 3590 divisis,
1850 3539 1948 3594 per

367 3635 572 3675 nervos
611 3627 667 3674 et
698 3617 968 3673 medullas
998 3625 1052 3673 et
1084 3619 1374 3688 ligamenta
1408 3616 1491 3671 eis
1526 3616 1749 3681 adnata,
1799 3617 1947 3685 ipsa-

368 3727 491 3767 rum
531 3711 599 3766 ad
638 3727 697 3767 se
741 3710 974 3765 invicem
1010 3709 1068 3763 tit
1123 3709 1252 3763 unio
1286 3726 1301 3771 ς
1331 3716 1387 3764 et
1425 3723 1521 3779 per
1551 3707 1845 3763 medullam
1876 3708 1947 3760 ti-

367 3804 472 3860 biae
503 3800 736 3859 similem
767 3819 863 3874 per
891 3802 1128 3857 medium
1164 3802 1573 3872 pervadentem,
1613 3816 1735 3870 qua:
1766 3799 1943 3855 conti-

368 3904 532 3950 netur
564 3895 785 3964 quidem
818 3894 1179 3960 membranis,
1213 3893 1267 3948 id
1297 3901 1478 3948 autem
1510 3893 1655 3963 quod
1681 3899 1767 3949 est
1795 3892 1946 3947 intus

372 3987 584 4041 unitum
619 3995 705 4040 est
756 3986 982 4039 cerebro
1014 4002 1028 4038 :
1061 3993 1188 4038 ante
1218 3994 1398 4039 autem
1451 3985 1700 4039 continet
1743 3983 1943 4038 collum

371 4091 623 4146 asperam
652 4076 931 4138 arteriam,
965 4082 1127 4129 etest
1156 4075 1557 4143 receptaculqu
1593 4074 1822 4143 spiritus
1852 4074 1945 4145 qui

382 4168 530 4222 intro
567 4165 880 4219 admittitur
907 4173 962 4219 et
1008 4163 1217 4228 inﬂuit,
1252 4179 1348 4233 per
1376 4179 1537 4233 quem
1586 4164 1729 4234 ignis
1760 4164 1945 4218 cordis

2045 329 2186 393 δειος
2208 330 2266 384 δέ
2296 330 2437 385 κατά
2462 331 2555 386 τὸν
2583 332 2777 404 χρόνον
2806 337 3015 389 ἐκεῖνον
3041 336 3302 408 πρδςιτὴν
3316 336 3438 390 τῶν
3474 337 3650 407 λαφυ-

2050 439 2159 492 ρων
2205 423 2453 495 φυλακὴν
2483 426 2767 498 ἐνομίσθη,
2804 427 2908 481 ὅσα
2938 428 3348 499 δουλωσάμενος
3380 430 3527 493 τοὺς
3560 432 3649 484 ἀ).-

2044 514 2310 584 λοφύλους
2341 518 2480 586 μετά
2503 517 2613 572 τῶν
2641 518 2846 572 λοιπῶν
2888 537 2991 591 χρη
3002 521 3185 590 μάτων
3226 519 3359 574 [διον
3388 522 3600 592 κέρδος
3625 526 3650 577 ὁ

2047 607 2299 677 βασιλεὺς
2329 610 2649 680 ἐποιήσατο.
2700 604 2940 675 Ἐδειξεν
2967 608 3060 666 οὖν
3089 612 3177 665 διὰ
3203 613 3305 684 τῆς
3336 613 3520 665 αὐτοῦ
3558 631 3652 665 σο-

2047 699 2175 769 φίας
2194 702 2223 754 ό
2256 699 2527 769 βασιλεὺς,
2563 701 2700 772 πρὸς
2730 702 2758 755 ὅ
2781 720 2834 755 τι
2865 702 3076 771 βλέπων
3098 703 3128 756 ό
3149 703 3315 757 Δαϐὶδ
3334 703 3560 772 ἀγαθὸν
3583 708 3647 775 τῇ

2045 791 2153 844 τῶν
2180 791 2481 862 ἀνθρώπων
2515 793 2650 864 ζωῇ,
2687 792 2875 866 ὥσπερ
2897 794 3023 848 τινὰ
3051 796 3363 867 συμϐουλὴν
3390 797 3481 867 τῷ
3508 799 3648 867 μετὰ

2046 883 2218 938 ταῦτα
2258 883 2358 955 βίῳ
2387 883 2473 937 διά
2502 887 2603 956 τῆς
2636 884 2732 939 τοῦ
2763 885 2974 957 πύργου
3001 888 3351 957 κατασκευῆς
3384 888 3646 958 προαπέ-

2048 975 2189 1029 θετο.
2218 976 2427 1036 Παντὸς
2450 976 2559 1047 γάρ
2584 976 2677 1029 τοῦ
2708 976 2957 1047 σώματος
2983 978 3084 1046 τῆς
3132 977 3496 1049 Ἐκκλησίας,
3533 976 3641 1029 τῶν

2048 1066 2171 1120 καθ’
2215 1067 2441 1120 ἕκαστον
2472 1066 2648 1137 μελῶν
2676 1068 2763 1121 διὰ
2792 1068 2894 1137 τῆς
2936 1068 3073 1138 πρός
3100 1086 3153 1121 τι
3187 1066 3561 1141 παραθέσεὼς
3585 1086 3641 1121 τε

2048 1158 2142 1211 καὶ
2187 1157 2501 1227 ὁμοιώσεως
2539 1158 2908 1228 ἐγκωμιάζειν
2953 1158 3016 1212 τὸ
3048 1160 3242 1222 κάλλος
3283 1159 3532 1229 μέλλων,
3575 1159 3640 1210 δι’

2046 1250 2343 1304 ἀκολούθου
2392 1252 2519 1313 τοὺς
2550 1251 2609 1303 ἐν
2635 1250 2712 1320 τῷ
2739 1251 2855 1320 λαῷ
2886 1251 2979 1304 τὸν
3008 1251 3101 1305 τοῦ
3147 1250 3426 1323 τραχήλου
3473 1250 3638 1303 τόπον

2048 1342 2362 1411 ἐπέχοντας,
2386 1341 2530 1404 οἴους
2552 1340 2705 1404 τινὰς
2725 1339 2864 1394 εἶναι
2891 1342 3176 1411 προσήκει,
3200 1340 3533 1411 διαγράφων
3563 1338 3637 1409 τῷ

2048 1430 2213 1502 λόγῳ,
2246 1430 2340 1502 τοῦ
2373 1430 2584 1502 πύργου
2621 1431 2893 1500 μέμνηται
2914 1428 3128 1495 τούτου,
3151 1423 3197 1498 ᾧ
3228 1428 3636 1500 ἐπονομάζεται

2054 1498 2205 1592 μεθὸ
2235 1498 2418 1585 Aeeta,
2452 1498 2579 1590 ἐχει
2604 1498 2659 1573 δὲ
2695 1498 2799 1573 ..αι
2826 1520 2935 1573 ἀπὸ
2963 1520 3071 1573 τῶν
3099 1519 3379 1583 ἐπάλξεων
3400 1498 3474 1571 ea
3495 1518 3638 1586 γνὼ-

1965 1588 2012 1647 n
2050 1588 2226 1685 ριμον.
2262 1588 2655 1681 Θαλπιὼθγάρ
2682 1612 2737 1665 αἱ
2773 1610 3028 1678 ἐπάλξεις
3058 1610 3567 1680 κατονομὰζονται.

2120 1704 2282 1759 Οὕτω
2311 1704 2422 1774 δέἡ
2450 1702 2593 1767 λέξις
2630 1703 2738 1773 ἔχει
2762 1719 2775 1730 ·
2818 1704 2911 1766 Ὡς
2954 1704 3181 1771 πύργος
3210 1700 3390 1756 dudm
3420 1701 3636 1770 τράχη-

2045 1799 2156 1863 λός
2192 1812 2343 1862 σου,
2380 1799 2413 1850 ὁ
2466 1794 2919 1864 ᾠκοδομημένος
2961 1795 3031 1847 ἐν
3077 1794 3390 1860 Θαλπιὼθ,
3450 1796 3634 1863 χίλιοι

2046 1890 2241 1958 θυρεοὶ
2286 1889 2603 1958 κρέμανται
2634 1888 2737 1940 ἐπ’
2757 1886 2950 1952 αὐτῷ,
2997 1887 3186 1942 πᾶσαι
3213 1888 3473 1952 βολίὸες
3512 1884 3629 1939 τῶν

2047 1976 2336 2036 δυνατῶν.
2380 1981 2446 2035 Ἠ
2479 1982 2577 2052 μέν
2606 1976 2700 2034 οὖν
2741 1983 3026 2051 σωματικὴ
3070 1979 3165 2034 τοῦ
3199 1980 3415 2051 πύργου
3464 1994 3634 2032 κατα-

2050 2071 2216 2142 σκευὴ
2240 2071 2302 2124 τὸ
2325 2086 2390 2123 πε
2400 2072 2683 2143 ρίϐλεπτον
2717 2070 2831 2141 ἔχει
2848 2111 2862 2132 ,
2885 2070 2949 2124 ἐκ
2975 2086 3035 2124 τε
3063 2071 3159 2125 τοῦ
3190 2071 3351 2142 ἔργον
3370 2069 3516 2126 εἶναι
3539 2072 3631 2124 τοῦ

2051 2162 2314 2233 βασιλέως
2338 2164 2519 2227 Δαὸὶδ,
2570 2164 2665 2216 καὶ
2688 2164 2755 2216 ἐκ
2789 2163 2887 2231 τῆς
2910 2164 3268 2233 περιφανείας
3294 2163 3392 2217 τοῦ
3436 2164 3629 2229 τόπου,

2050 2256 2143 2309 καὶ
2183 2258 2248 2309 ἐκ
2268 2255 2379 2308 τῶν
2406 2255 2776 2310 ἀνατεθέντων
2803 2254 2983 2307 ὅπλων
3014 2256 3073 2307 ἐν
3105 2255 3253 2325 αὐτῷ
3274 2293 3288 2320 ,
3327 2254 3546 2327 θυρεῶν
3575 2271 3631 2308 τε

2051 2348 2144 2401 καὶ
2177 2347 2289 2400 τῶν
2328 2346 2568 2417 βολίδων,
2600 2340 2676 2401 ὧν
2702 2347 2765 2399 τὸ
2797 2345 3001 2417 πλῆθος
3028 2344 3359 2401 ἐνδείκνυται
3400 2348 3433 2398 ὁ
3474 2347 3632 2414 λόγος

2049 2439 2127 2510 τῷ
2152 2438 2254 2509 τῆς
2292 2438 2530 2508 χιλιάδος
2572 2438 2816 2509 ὀνόματι.
2860 2437 3021 2508 Ἦμῖν
3055 2438 3112 2493 δέ
3143 2438 3343 2500 σκοπός
3383 2440 3503 2491 ἐστι
3537 2455 3636 2491 κα-

2049 2525 2309 2596 τανοῆσαι
2354 2527 2448 2580 τοῦ
2493 2527 2639 2580 θείου
2669 2526 2828 2595 λόγου
2868 2528 2967 2599 τὴν
3010 2525 3266 2597 δύναμιν·
3300 2525 3421 2590 πῶς
3450 2543 3633 2599 παρα-

2051 2616 2304 2671 ϐάλλεται
2326 2616 2403 2687 τῷ
2430 2617 2628 2689 πύργῳ
2651 2617 2828 2688 τούτῳ
2851 2618 2914 2671 τὸ
2947 2618 3112 2688 μέρος
3140 2618 3321 2670 ἐκεῖνο
3352 2616 3457 2685 τῆς
3506 2618 3630 2670 Ἔκ-

2052 2705 2297 2778 κλησίας,
2328 2699 2374 2774 ᾧ
2407 2706 2678 2778 τράχηλός
2720 2706 2836 2759 ἐστι
2864 2707 2926 2760 τὸ
2968 2706 3158 2776 ὄνομα.
3189 2706 3414 2775 Πρῶτον
3448 2704 3632 2757 τοίνυν

2052 2790 2301 2855 ἐξετάσαι
2348 2792 2615 2862 προσήκει
2667 2793 2817 2844 ποῖον
2861 2792 2918 2844 ἐν
2940 2790 3018 2861 τῷ
3062 2790 3184 2844 καθ’
3232 2791 3380 2862 ἡμᾶς
3419 2789 3635 2860 σώματι

2057 2881 2219 2951 μέρος
2244 2921 2261 2946 ,
2299 2881 2377 2949 τῷ
2407 2881 2628 2951 ὀνόματι
2666 2879 2760 2934 τοῦ
2807 2881 3078 2952 τραχήλου
3136 2880 3630 2952 προσαγορεύεται.

1975 2942 2020 3001 C
2050 2942 2148 3027 εἶθζ
2195 2942 2369 3036 οῦτως
2414 2942 2725 3044 ἐφαρμόσαι
3006 2942 3340 3044 Ἐκκλησίας
3378 2942 3533 3042 μέλει
3570 2970 3632 3024 τὸ

2048 3070 2238 3141 ὄνομα.
2272 3069 2481 3123 Οὐκοῦν
2508 3069 2583 3121 τὸ
2609 3067 2976 3142 ἐρριζωμένον
3015 3068 3075 3120 ἐν
3121 3067 3272 3139 μέσῳ
3297 3067 3403 3121 τῶν
3435 3067 3629 3137 ὤμων,

2049 3163 2258 3232 ἀνέχων
2289 3162 2346 3216 δέ
2375 3161 2474 3233 τὴν
2497 3161 2739 3231 κεφαλὴν
2766 3159 2852 3230 ἐφ’
2891 3160 3108 3221 ἐαυτοῦ,
3142 3161 3237 3214 καὶ
3265 3161 3384 3214 ἀντὶ
3417 3160 3626 3229 βάσεως

2046 3253 2140 3306 τοῦ
2173 3252 2576 3324 ὑπερκειμένου
2615 3252 2922 3321 γινόμενον,
2955 3250 3228 3323 τράχηλος
3259 3250 3586 3321 ὀνομάζεται
3609 3268 3624 3279 ·

2045 3339 2107 3397 οὗ
2130 3342 2191 3396 τὸ
2218 3341 2447 3396 κατόπιν
2494 3340 2614 3412 μὲν,
2650 3343 2860 3405 ὀστέοις
2893 3341 3198 3412 ἐρείδεταιο
3231 3341 3292 3394 τὸ
3327 3341 3386 3394 δέ
3427 3341 3625 3409 προδε-

2046 3434 2314 3504 6λημένον
2341 3431 2643 3503 ἐλεύθερόν·
2663 3433 2780 3485 ἐστι
2809 3431 2908 3502 τῆς
2946 3431 3056 3486 τῶν
3082 3432 3283 3485 ὀστέων
3311 3429 3621 3501 περιϐολῆς.

2056 3527 2121 3579 Ἦ
2145 3526 2203 3579 δὲ
2243 3523 2338 3578 τοῦ
2372 3524 2555 3579 ὀστέου
2599 3523 2759 3592 φύσις
2784 3561 2800 3587 ,
2828 3524 2890 3576 οὐ
2918 3522 3042 3577 καθ’
3066 3523 3361 3593 ὁμοιότητα
3397 3521 3492 3575 τοῦ
3519 3524 3627 3593 πή-

2046 3616 2244 3688 χεωςῆ
2283 3617 2384 3687 τῆς
2423 3616 2638 3685 κνήμης
2686 3615 2919 3685 συνεχής
2959 3616 3075 3667 ἐστι
3106 3614 3241 3685 πρὸς
3288 3612 3486 3684 ἐαυτὴν
3532 3614 3624 3666 καὶ

2044 3709 2368 3782 ἀδιαίρετος,
2407 3705 2541 3760 ἀλλά
2571 3706 2838 3776 πολλαχοῦ
2862 3705 2971 3759 τῶν
3013 3705 3216 3760 ὀστέων
3244 3706 3301 3759 ἐν
3321 3705 3622 3759 σπονδύλων

2048 3801 2286 3872 σχήματι
2311 3798 2675 3871 διῃρημένων,
2706 3797 2795 3851 διὰ
2821 3797 2930 3851 τῶν
2951 3798 3273 3867 πεφυκότων
3302 3797 3485 3860 αὐτοῖς
3504 3798 3620 3852 νεύ-

2049 3908 2156 3961 ρων
2186 3890 2281 3944 καὶ⁵
2321 3889 2532 3961 μυελῶν
2567 3890 2662 3943 καὶ
2698 3889 3009 3961 συνδέσμων
3037 3890 3070 3960 ἡ
3108 3890 3302 3953 ἐνωσις
3325 3890 3464 3959 αὐτῇ
3488 3891 3619 3961 πρὸς

2045 3985 2251 4056 ἄλληλα
2281 3983 2510 4053 γίνεται,
2547 3982 2644 4037 καὶ
2675 3981 2765 4036 διά
2806 3980 2901 4035 τοῦ
2938 3980 3138 4050 μυελοῦ
3177 3979 3273 4033 τοῦ
3315 3982 3619 4045 αὐλοειδοῦς

2045 4077 2182 4131 κατά
2206 4076 2268 4130 τὸ
2299 4075 2463 4147 μέσον
2497 4075 2796 4145 διήκοντος,
2831 4068 2891 4127 οὗ
2914 4075 2948 4144 ἡ
2975 4072 3204 4144 περιοχή
3241 4072 3338 4142 μέν
3371 4072 3504 4144 πρὸς
3524 4074 3618 4135 τὰς

2049 4170 2341 4241 μήνιγγας,
2364 4168 2497 4222 αὐτὸ
2523 4167 2579 4220 δέ
2616 4167 2679 4220 τὸ
2707 4165 3023 4236 ἐγκείμενον
3049 4164 3186 4237 πρὸς
3207 4163 3299 4219 τὸν
3325 4164 3616 4233 ἐγκέφαλον

371 4256 668 4311 ventilatur
709 4265 763 4311 et
796 4254 1079 4309 reducitur
1122 4252 1188 4307 ad
1235 4253 1609 4323 Operationem
1642 4253 1941 4307 secundum

2079 4278 2251 4331 ινωται
2273 4277 2288 4291 ’
2321 4263 2379 4314 ἐν
2414 4259 2472 4312 δὲ
2500 4261 2612 4322 τοῖς
2644 4256 2952 4329 ἔμπροσθεν
2981 4259 3227 4327 περιέχει
3268 4255 3369 4325 μὲν
3395 4256 3491 4327 τὴν
3518 4256 3612 4326 ἀρ-

375 4355 648 4403 naturam.
680 4347 937 4402 Continet
966 4355 1145 4399 autem
1181 4344 1289 4398 cibi
1334 4358 1555 4413 quoque
1588 4351 1823 4405 meatus,
1854 4359 1949 4412 per

373 4441 557 4510 gulam
618 4447 673 4494 et
734 4438 943 4502 fauces,
999 4435 1265 4507 quidquid
1314 4451 1410 4506 per
1462 4449 1525 4490 os
1586 4434 1954 4490 introducitur

372 4531 758 4585 transmittens
804 4531 872 4585 ad
903 4531 1300 4585 concavitatem
1341 4543 1462 4601 qua:
1498 4534 1583 4583 est
1615 4542 1805 4582 eorum
1858 4543 1949 4582 ca-

377 4634 503 4691 pax.
544 4618 718 4689 liabet
754 4630 932 4675 autem
964 4620 1164 4675 collum
1200 4619 1481 4691 quidpiam
1508 4612 1767 4674 eximium
1811 4635 1954 4690 prae—

376 4708 457 4767 ter
508 4718 703 4765 caetera
750 4711 1013 4767 membra.
1065 4710 1124 4765 In
1180 4709 1452 4779 superiori
1503 4710 1646 4765 enim
1701 4713 1945 4781 positura

374 4819 583 4875 aspera:
630 4804 866 4868 arteriae,
918 4811 1004 4871 est
1051 4803 1105 4857 in
1147 4817 1213 4857 eo
1259 4802 1470 4857 oﬂicina
1512 4802 1684 4863 vocis,
1741 4803 1796 4856 in
1839 4818 1947 4872 qua

375 4904 507 4954 sunt
546 4904 852 4968 praeparata
882 4897 1065 4951 omnia
1099 4895 1251 4950 vocis
1283 4895 1670 4959 instrumenta,
1703 4909 1800 4964 per
1828 4910 1949 4964 quae

374 4998 665 5060 generatur
712 5004 882 5044 sonus
928 4987 1149 5057 spiritu,
1202 4987 1293 5056 qui
1334 4985 1601 5046 redditur,
1655 4985 1708 5039 in
1759 4987 1948 5040 orbem

373 5080 712 5134 circumacta
753 5077 975 5132 arteria.
1018 5075 1113 5130 Sic
1161 5086 1340 5131 autem
1392 5091 1422 5130 a
1470 5077 1629 5132 nobis
1674 5076 1949 5147 descripto

374 5171 626 5227 membro
657 5170 927 5241 corporis,
961 5168 1119 5224 facile
1154 5168 1318 5223 fuerit
1356 5183 1424 5224 ex
1455 5169 1524 5225 iis
1554 5183 1674 5239 quae
1710 5169 1799 5223 hic
1821 5176 1949 5224 sunt

376 5264 749 5329 considerata,
783 5262 1140 5318 considerare
1168 5262 1369 5317 collum
1407 5262 1663 5331 corporis
1686 5262 1949 5317 ecclesia-

377 5350 503 5406 stici
538 5371 551 5407 :
593 5352 859 5423 quidnam
909 5354 981 5408 sit
1031 5368 1128 5423 per
1166 5352 1558 5408 convenientes
1603 5354 1948 5422 operationes

378 5442 523 5510 quod
549 5443 655 5497 boc
685 5458 882 5499 nomen
920 5443 1137 5513 proprie
1166 5444 1419 5512 suscipit,
1449 5451 1503 5498 et
1539 5442 1736 5497 collum
1767 5443 1943 5497 nomi-

378 5541 562 5601 natur,
592 5541 645 5589 et
674 5534 816 5589 turri
848 5534 1016 5588 David
1048 5533 1415 5589 assimilatur.

2047 4352 2241 4424 τηρίαν
2288 4352 2317 4404 δ
2362 4351 2662 4422 τράχηλος,
2698 4351 2734 4421 ἢ
2766 4349 2971 4420 δοχεῖόν
3011 4351 3127 4402 ἐστι
3174 4348 3268 4402 τοῦ
3315 4349 3612 4420 πνεύματος

2059 4443 2141 4496 δοῦ
2177 4441 2374 4506 ἔξωθεν
2407 4443 2540 4511 ἡμῖν
2582 4439 3010 4510 είσοικιζομένου
3050 4456 3110 4492 τε
3159 4439 3255 4492 καὶ
3286 4439 3608 4510 είσρέοντος,

2047 4533 2114 4587 δι’
2158 4527 2219 4586 οὗ
2253 4532 2316 4584 τὸ
2352 4531 2641 4603 ἐγκάρδιον
2686 4531 2798 4603 πῦρ
2834 4531 2970 4602 πρὸς
3012 4530 3110 4602 τὴν
3148 4532 3432 4602 ἐνέργειαν
3458 4532 3611 4585 αὐτοῦ

2046 4626 2149 4696 τὴν
2194 4624 2335 4678 κατά
2364 4623 2525 4693 φύσιν
2561 4622 2997 4695 ἀναρριπίζεται.
3028 4622 3281 4693 Περιέχει
3305 4622 3364 4675 δὲ
3407 4622 3611 4691 καὶτῆς

2050 4716 2255 4788 τροφῆς
2290 4715 2389 4778 τὰς
2430 4713 2689 4778 εἰσόδους,
2731 4712 2822 4767 διά
2847 4711 2940 4766 τοῦ
2965 4712 3165 4783 λαιμοῦ
3193 4729 3252 4765 τε
3281 4712 3377 4766 καὶ
3410 4712 3500 4765 τοῦ
3526 4712 3612 4766 λά-

2057 4825 2276 4881 ρυγγος,
2319 4808 2426 4860 πᾶν
2463 4806 2526 4859 τὸ
2552 4804 2642 4861 διὰ
2675 4805 2770 4859 τοῦ
2807 4805 3074 4875 στόματος
3111 4804 3461 4874 εἰσαγόμενον
3485 4806 3611 4874 πρὸς

2052 4900 2151 4970 τὴν
2189 4897 2475 4968 κοιλότητα
2521 4895 2621 4967 τὴν
2647 4894 2903 4965 δεκτικὴν
2938 4894 3143 4948 τούτων
3187 4893 3607 4964 διαπορθμεύων.

2056 4994 2209 5063 Ἔχει
2228 4991 2283 5045 δέ
2308 4991 2401 5045 καὶ
2427 4990 2555 5044 ἀλλο
2576 4987 2726 5060 παρά
2741 4987 2810 5040 τά
2839 4988 3000 5041 λοιπά
3024 4987 3134 5040 τῶν
3156 4987 3331 5058 μελῶν
3353 4988 3612 5060 ἐξαίρετόν

2051 5101 2104 5136 τι
2152 5083 2181 5134 ὁ
2223 5081 2511 5153 τράχηλος.
2555 5077 2863 5149 Κατάἶγάρ
2899 5078 3000 5149 τὴν
3044 5077 3157 5131 ἀνω
3216 5078 3321 5147 τῆς
3362 5078 3610 5151 ἀρτηρίας

2055 5170 2228 5234 θέσιν,
2264 5169 2413 5221 ἐστὶν
2446 5168 2503 5221 ἐν
2538 5165 2685 5237 αὐτῷ
2715 5167 2813 5237 τῆς
2859 5166 3041 5237 φωνῆς
3072 5167 3133 5219 τὸ
3156 5168 3524 5239 ἐργαστήριον,
3556 5169 3611 5222 ἐν

2055 5256 2100 5329 ᾧ
2126 5261 2194 5315 τὰ
2216 5258 2500 5330 φωνητικά
2522 5258 2701 5312 πάντα
2732 5257 3174 5329 παρεσκεύασται
3199 5259 3427 5329 ὄργανα,
3454 5259 3520 5313 δι’
3540 5254 3609 5314 ὧν

2055 5353 2418 5421 ἀπογεννᾶται
2444 5351 2473 5403 ὁ
2497 5345 2631 5421 ἦχος
2646 5391 2662 5415 ,
2686 5348 2765 5420 τῷ
2788 5349 3151 5420 ἀναδιδομένῳ
3173 5350 3444 5421 πνεύματι
3464 5368 3608 5422 περι-

2059 5444 2383 5515 δονουμένης
2406 5445 2463 5496 ἐν
2493 5442 2677 5512 κύκλῳ
2697 5442 2799 5512 τῆς
2831 5442 3115 5514 ἀρτηρίας.
3147 5440 3304 5495 Οὕτω
3323 5443 3382 5496 δέ
3400 5442 3486 5496 τοῦ
3511 5460 3602 5497 σω·

2058 5531 2287 5601 ματικοῦ
2322 5531 2513 5602 μέλους
2556 5532 2687 5600 ἡμῖν
2733 5530 3123 5601 διαγραφέντος
3146 5571 3160 5597 ,
3188 5528 3408 5584 εὔκολον
3435 5529 3494 5583 ἂν
3531 5531 3603 5597 ετη
