3742 5986
110 180 211 236 935

1163 172 1227 229 ΙΝ
1253 168 1552 230 CANTICA
1581 163 1855 223 CANTlC.
1899 163 2187 221 liOMllilA
2226 165 2334 220 VII.

3264 167 3372 222 93b

114 289 197 344 διὰ
228 288 334 343 τῶν
364 288 599 343 ἐνταῦθα
635 288 1022 361 θεωρηθέντων
1050 287 1254 341 καὶτὸν
1276 284 1370 340 τοῦ
1405 269 1862 352 ἐκκλησιαστικού
1899 277 2150 349 σώματος
2185 277 2458 351 τράχηλον
2519 279 2881 353 κατανοῆσαν
2950 281 3095 345 ὅστις
3159 281 3306 336 ἐστὶν
3337 282 3372 334 6

114 380 195 436 διὰ
217 379 320 433 τῶν
350 379 705 451 καταλλήλων
726 379 1018 452 ἐνεργειῶν
1045 379 1105 434 τὸ
1136 381 1309 451 ὄνομα
1343 375 1505 432 τοῦτο
1539 373 1749 445 κυρίως
1828 370 2248 444 ἀναλαμϐάνων,
2298 372 2568 444 τράχηλός
2603 392 2663 427 τε
2706 374 3126 447 ὀνομαζόμενος,
3154 376 3248 429 καὶ
3292 376 3370 446 τῷ

118 475 293 546 πύργῳ
325 474 420 528 τοῦ
448 466 617 528 Δαϐἱδ
639 474 1025 547 ὁμοιούμενος.

176 527 525 640 ίίρίῦτονμέν
552 527 722 631 οὖνξὸ
749 567 812 638 δὴ
837 527 931 621 καὶ
956 527 1174 639 πρῶτόν
1201 569 1369 630 ἐστιν,
1401 563 1458 618 εί
1476 581 1561 628 τις
1587 563 1654 635 τὴ

1889 553 2106 607 'rimnm
2141 566 2272 623 ergo
2303 552 2448 623 quod
2486 560 2542 608 et
2573 552 2907 623 praecipuum
2936 563 3042 620 est,
3077 558 3125 613 si
3150 528 3281 630 quis
3312 527 3367 614 in

117 658 355 729 ἀληθινὴν
385 656 484 709 τοῦ
516 656 721 719 παντὸς
764 656 1009 727 κεφαλὴν
1036 656 1120 727 ἐφ’
1162 655 1358 710 ἑαυτοῦ
1403 654 1683 726 βαστάζοι,

116 749 308 819 ἐκείνην
332 747 480 816 λέγω
517 747 613 820 τὴν
643 747 906 819 κεφαλὴν,
938 749 1062 819 ἥτις
1105 749 1259 803 ἐστὶν
1284 750 1311 802 6
1343 746 1597 817 Χριστὸς,
1625 743 1687 810 ἐξ

110 836 165 896 οὐ
196 842 299 894 πᾶν
327 840 389 892 τὸ
416 839 576 911 σῶμα
615 840 1104 911 συναρμολογεῖται
1139 844 1235 894 καὶ
1266 837 1681 910 συμϐιϐάζεται,

112 926 251 995 οὗτος
287 931 496 1003 κυρίως
539 928 697 1002 φέρει
728 933 813 1001 ἐφ’
841 934 1019 1005 ἐαυτῷ
1048 931 1210 987 τοῦτο
1239 933 1300 986 τὸ
1319 933 1508 1003 ὄνομα.
1539 932 1683 1003 Πρὸς

113 1020 303 1084 τούτοις
337 1021 386 1073 εί
417 1020 517 1074 τοῦ
543 1020 854 1094 πνεύματός
883 1023 1281 1088 ἐστιδεκτικὸς,
1315 1024 1407 1077 τοῦ
1436 1024 1534 1095 τὴν
1557 1040 1685 1094 καρ-

113 1113 216 1165 δίαν
244 1111 399 1182 ήμῶν
432 1113 695 1184 πυροειδῆ
737 1112 1021 1178 ποιοῦντος
1066 1115 1162 1168 καί¹
1196 1114 1676 1186 ἐκθερμαίνοντος,

115 1202 197 1253 καὶ
215 1203 261 1255 εί
284 1199 371 1254 διὰ
397 1200 500 1271 τῆς
531 1200 727 1272 εὐήχου
761 1205 947 1274 φωνῆς
973 1204 1083 1274 ὐπη
1094 1205 1240 1276 ρετεῖ
1265 1203 1345 1275 τῷ
1365 1203 1528 1275 λόγῳ.
1546 1203 1680 1258 Οὐδὲ

112 1290 204 1360 γάρ
231 1290 386 1344 άλλου
417 1294 565 1357 τινὸς
583 1292 769 1347 ἕνεκεν
788 1293 890 1365 τὴν
916 1293 1265 1364 ἀνθρωπίνην
1286 1295 1469 1365 φωνὴν
1498 1298 1526 1348 6
1546 1295 1678 1359 Θεὸς

112 1383 488 1457 τῇάνθρωπίνῃ
534 1386 694 1455 φύσει
725 1387 1151 1461 ἐνετεκτήσατο,
1188 1386 1221 1458 ἢ
1251 1386 1338 1440 ἵνα
1374 1386 1603 1458 ὄργανον

112 1470 191 1522 τοῦ
234 1470 420 1538 λόγου,
454 1471 793 1544 διαρθροῦσα
841 1471 908 1525 δι’
944 1473 1146 1544 ἑαυτῆς
1190 1472 1259 1526 τά
1308 1472 1410 1542 τῆς
1449 1473 1676 1544 καρδίας

113 1563 379 1632 κινήματα.
424 1563 630 1634 Ἐχέτω
655 1563 710 1617 δὲ
741 1557 896 1627 οὗτος
929 1564 960 1616 ὁ
999 1563 1270 1634 τράχηλος
1305 1564 1399 1617 καὶ
1422 1563 1521 1634 τὴν
1553 1563 1677 1634 θρε-

114 1652 287 1723 πτικὴν
307 1653 614 1726 ἐνέργειαν,
644 1655 741 1725 τὴν
766 1655 1117 1710 διδασκαλίαν
1142 1657 1304 1726 λέγω,
1334 1656 1399 1711 δι’
1420 1651 1487 1729 ἧς
1511 1657 1675 1711 παντὶ

110 1743 177 1814 τῷ
212 1743 414 1815 σώματι
456 1746 560 1817 τῆς
602 1746 929 1816 Ἐκκλησίας
970 1747 1375 1819 συντηρεῖταιή
1415 1746 1669 1817 δύναμις.

123 1834 494 1907 Ἔπιρρεούσης
526 1834 637 1908 γὰρ
681 1837 768 1891 ἀεὶ
800 1838 901 1909 τῆς
926 1839 1171 1909 τροφῆς,.
1195 1840 1253 1891 ἐν
1284 1836 1365 1910 τῷ
1398 1834 1534 1909 εἶναι
1559 1838 1672 1891 δια-

1787 658 1846 699 se
1879 649 2065 714 portat
2088 650 2472 713 verum‘caput
2492 644 2761 711 universi,
2788 643 2924 701 illud
2950 645 3171 719 inquam
3203 659 3370 721 caput

1785 735 1932 806 quod
1960 741 2047 790 est
2078 734 2357 799 (2hristus,
2389 750 2457 790 ex
2493 748 2602 804 quo
2623 749 2786 791 omne
2820 750 3024 806 corpus
3060 740 3369 811 compingi-

1791 835 1883 881 tur
1905 833 1961 881 et
1993 826 2374 897 conjungitur,
2423 827 2473 882 is
2517 822 2575 881 in
2620 841 2681 882 se
2728 828 2951 898 proprie
2988 827 3093 884 fert
3134 830 3238 885 hoc
3269 846 3368 886 no-

1783 934 1934 975 men.
1966 918 2238 974 Prazterea
2284 926 2467 975 autem
2498 921 2545 976 si
2573 927 2661 976 est
2683 935 2855 991 capax
2895 921 3128 994 spiritus
3148 924 3241 993 qui
3270 938 3368 979 cor

1783 1020 2033 1067 nostrum
2065 1010 2246 1066 reddit
2273 1011 2494 1082 igneum
2516 1019 2572 1065 et
2604 1012 2876 1076 calefacit,
2904 1021 2960 1067 et
2990 1013 3035 1068 si
3075 1028 3172 1083 per
3199 1029 3367 1069 sono.

1783 1117 1903 1156 ram
1943 1116 2134 1157 vocem
2183 1102 2429 1157 deservit
2470 1104 2730 1158 orationi.
2779 1102 2899 1158 Non
2939 1105 3086 1158 enim
3146 1105 3252 1160 alia
3298 1106 3367 1161 de

1786 1206 1953 1248 causa
1986 1191 2129 1248 Deus
2159 1193 2457 1248 humanam
2484 1209 2674 1251 vocem
2709 1204 2921 1250 natura:
2963 1196 3246 1250 hominum
3282 1206 3367 1253 est

1783 1284 2107 1351 fabricatus,
2147 1301 2313 1357 quam
2345 1295 2405 1341 ut
2433 1298 2581 1343 esset
2610 1289 3040 1344 instrumentum
3072 1289 3364 1352 orationis,

1782 1390 1879 1445 per
1908 1390 1969 1431 se
2007 1377 2194 1433 cordis
2223 1378 2407 1434 motus
2432 1379 2716 1448 crplicans
2758 1386 2813 1434 et
2842 1379 3214 1450 distinguens.
3258 1378 3366 1433 lla-
3459 1436 3481 1448 ,

1777 1469 1904 1523 beat
1931 1476 2112 1525 autem
2141 1471 2245 1524 hoc
2287 1486 2508 1540 quoque
2531 1470 2733 1525 collum
2774 1471 3053 1526 nutriendi
3081 1471 3363 1541 operatio-

1775 1576 1922 1627 nem,
1972 1561 2304 1629 doctrinam,
2352 1562 2600 1632 inquam,
2648 1576 2745 1633 per
2784 1577 2949 1633 quam
3000 1563 3101 1618 toti
3144 1566 3363 1634 corpori

1777 1648 2043 1707 Ecclesiae
2085 1659 2450 1706 conservatur
2472 1651 2669 1708 virtus.
2699 1652 3038 1709 Adveniente
3075 1653 3219 1708 enim
3269 1669 3366 1707 nu-

1774 1742 2036 1796 trimento
2064 1751 2424 1798 conservatur
2471 1758 2673 1813 corpus
2716 1743 2774 1798 in
2814 1743 3076 1799 essentia.
3114 1743 3210 1797 Sin
3259 1758 3361 1797 au-

1773 1840 1882 1888 tem
1917 1833 2162 1899 deﬁciat,
2215 1834 2472 1898 tabescit,
2523 1843 2578 1889 et
2630 1834 2841 1892 interit.
2879 1834 3128 1891 Imitetur
3175 1844 3357 1890 autem

117 1924 244 1994 μένει
269 1926 326 1979 τὸ
356 1925 519 1999 σῶμα
538 1944 555 1958 ο
591 1908 982 2002 ἐπιλειπούσης
1003 1908 1098 1994 δέ,
1123 1928 1301 1998 φθίνει
1328 1908 1437 1982 και
1456 1928 1595 1999 φθείι

1890 1925 2221 1979 concinnam
2285 1927 2667 1980 vertebrarum
2718 1926 3047 1994 posituram,
3097 1938 3165 1978 co
3213 1925 3358 1993 quod

115 2035 208 2073 ται.
238 2021 524 2091 Μιμεῖσθω
552 2022 611 2076 δέ
636 2024 730 2077 καὶ
753 2022 852 2095 τὴν
880 2024 1199 2096 ἐναρμόνιον
1221 2025 1331 2078 τῶν
1368 2022 1673 2077 σπονδύλων

118 2109 267 2174 θέσιν,
305 2113 362 2165 ἐν
391 2113 472 2184 τῷ
515 2114 647 2178 τοὺς
686 2114 810 2169 καθ’
859 2115 1091 2169 ἕκαστον
1124 2115 1184 2169 ἐν
1223 2114 1301 2186 τῷ
1330 2113 1443 2186 λαῷ
1490 2120 1674 2168 συντε-

117 2200 312 2266 λοῦντας
337 2203 425 2258 διὰ
462 2204 560 2258 τοῦ
598 2206 898 2278 συνδέσμου
930 2205 1032 2277 τῆς
1057 2207 1300 2277 εἰρήνης,
1340 2205 1398 2258 ἒν
1427 2204 1673 2275 ἀπεργά-

117 2293 276 2356 ζεσθαι
304 2295 460 2366 μέλος
480 2338 496 2361 ,
530 2298 844 2369 κλινόμενόν
876 2316 937 2352 τε
970 2298 1065 2352 καὶ
1113 2297 1538 2371 ἀνορθούμενον,
1576 2296 1672 2351 καὶ

114 2384 221 2437 καθ’
251 2388 507 2460 ἑκάτερον
534 2389 646 2444 τῶν
688 2390 934 2459 πλαγίων
964 2392 1263 2462 εὐκινήτως
1296 2389 1672 2461 μεταστρεφό-

120 2495 273 2546 μενον.
316 2482 571 2546 Τοιοῢτος
604 2483 875 2555 τράχηλος
913 2486 942 2538 6
981 2484 1194 2548 Παῦλος
1235 2480 1325 2556 ἦν,
1361 2484 1457 2538 καὶ
1501 2484 1669 2551 εἴτις

118 2569 251 2636 ἄλλος
274 2574 409 2627 κατὰ
440 2574 677 2645 μίμησιν
704 2576 914 2629 ἐκείνου
941 2576 1034 2629 τὸν
1067 2575 1180 2647 βίον
1203 2575 1585 2649 κατώρθωσεν,
1613 2575 1674 2640 δς

120 2661 354 2717 ἐϐάστασε
397 2666 496 2737 μὲν
538 2666 603 2719 τδ
635 2667 805 2738 ὄνομα
846 2668 1083 2741 Κυρίου,
1120 2666 1313 2731 σκεῦος
1339 2668 1569 2739 ἐκλογῆς
1595 2666 1674 2738 τῷ

121 2754 332 2829 Δεσπότῃ
361 2758 655 2830 γενόμενος
674 2773 689 2789 ·
720 2759 815 2813 καὶ
846 2759 1020 2823 οὕτως
1051 2759 1201 2831 αὐτῷ
1231 2759 1298 2814 δι’
1323 2760 1605 2830 ἀκρίϐειαν
1637 2759 1671 2830 ἡ

122 2847 299 2919 κεφαλὴ
339 2849 445 2902 τῶν
472 2850 613 2903 ὅλων
651 2852 990 2923 ἐφήρμοστο,
1028 2851 1171 2905 ὥστε
1201 2852 1295 2906 καὶ¹
1339 2853 1438 2906 ὅσα
1468 2851 1671 2918 ἐλάλει,

124 2936 293 3004 μηκέτι
326 2939 483 2993 αὐτὸν
536 2936 677 2994 εἶναι
712 2942 802 2994 τὸν
860 2941 1158 3007 λαλοῦντα,
1191 2943 1327 2997 ἀλλά
1362 2943 1462 3014 τὴν
1506 2960 1675 3012 κεφα-

118 3024 200 3095 λὴν
229 3028 380 3083 αὐτοῦ
408 3031 745 3101 φθέγγεσθαι
772 3050 789 3065 ο
826 3032 1013 3097 καθὼς
1062 3034 1306 3101 ἐπέδειξε
1340 3037 1452 3098 τοῖς
1479 3035 1672 3106 Κοριν-

121 3115 236 3181 θίοις
263 3119 347 3174 τὸν
375 3123 614 3193 Χριστὸν
660 3124 719 3178 ἐν
747 3124 896 3195 αὐτῷ
925 3122 1193 3179 λαλοῦντά
1225 3142 1287 3178 τε
1321 3124 1415 3178 καλ⁵
1441 3124 1674 3194 φθεγγό-

127 3224 278 3305 μενον.
310 3213 488 3305 θύτως
523 3214 672 3286 αὐτῷ
698 3214 940 3285 εὐφωνός
965 3232 1024 3269 τε
1061 3216 1156 3269 καὶ
1200 3214 1395 3287 εὐηχος
1417 3211 1485 3287 ἦν
1519 3217 1552 3287 ή
1580 3216 1674 3286 ἀρ·
1698 3244 1743 3305 C

122 3301 275 3370 τηρία,
304 3304 386 3358 διὰ
405 3305 500 3359 τοῦ
528 3306 685 3375 ἁγίου
706 3305 1022 3377 Πνεύματος
1046 3306 1377 3379 διαρθροῦσα
1405 3307 1504 3376 τῆς
1532 3307 1668 3378 άλη-

120 3388 248 3457 θείας
284 3395 370 3448 τὸν
411 3396 570 3466 λόγον
597 3413 611 3427 ο
657 3396 832 3461 οὕτως
874 3396 1024 3468 αὐτῷ
1063 3398 1293 3452 πάντοτε
1342 3400 1458 3461 τοῖς
1505 3396 1670 3461 θείοις

122 3478 291 3549 λογίοις
333 3487 361 3538 6
404 3485 617 3558 λάρυγξ
657 3485 1133 3554 κατεγλυκαίνετο,
1178 3486 1393 3558 τρέφων
1435 3486 1558 3539 ὅλον
1600 3486 1668 3539 δι’

124 3571 291 3626 ἐαυτοῦ
312 3575 369 3630 τὺ
393 3577 700 3648 σῶμαίτοῖς
744 3575 1028 3640 ζωοποιοῖς
1063 3577 1293 3640 ἐκείνοις
1323 3576 1665 3646 διδάγμασιν.

124 3659 178 3714 El
208 3662 362 3719 δὲκαὶ
383 3666 442 3720 τὸ
469 3666 581 3720 τῶν
615 3665 921 3720 σπονδύλων
941 3665 1142 3737 ζητεῖς,
1169 3665 1253 3729 τίς
1280 3665 1423 3719 οὐτιυ)
1459 3665 1667 3728 πάντας

124 3752 191 3813 εἰς
214 3752 264 3806 ἓν
284 3756 433 3826 σῶμα
457 3759 765 3829 συνήρμοσε
793 3755 871 3826 τῷ
902 3756 1184 3828 συνδέσμῳ
1205 3756 1304 3827 τῆς
1328 3754 1552 3827 εἰρήνης
1571 3755 1667 3808 καὶ

124 3841 206 3913 τῆς
227 3844 463 3919 ἀγάπης;
501 3850 600 3929 Τίς
630 3849 802 3914 οὔτως
833 3848 1040 3915 ἐδίδαξε
1071 3848 1163 3904 τὸν
1193 3846 1463 3919 τράχηλον
1491 3846 1669 3900 κλίνε-

128 3930 229 3988 σθαι
287 3937 341 3989 ἐν
369 3941 478 4004 τοῖς
516 3943 817 4007 ταπεινοῖς,
844 3940 938 3994 καὶ
972 3938 1477 4011 συμπεριφέρεσθαι
1506 3937 1669 3992 πάλιν

125 4022 172 4073 ἐν
194 4024 262 4095 τῷ
279 4027 342 4081 τά
366 4029 475 4084 άνω
507 4033 745 4101 φρονεῖν,
773 4030 869 4085 καὶ
900 4016 1038 4100 πρὸς
1068 4028 1138 4082 τὰ
1176 4029 1381 4099 πλάγια
1411 4044 1669 4101 περισκο-

128 4116 231 4167 πεῖν
250 4117 551 4190 εὐστρόφως
583 4138 643 4173 τε
682 4122 776 4176 καὶ
807 4122 1126 4193 εὐκινήτως,
1163 4120 1223 4173 ἐν
1245 4119 1325 4191 τῷ
1361 4119 1459 4183 τὰς
1487 4120 1667 4173 ποικί-

1776 2014 2085 2085 singulares
2119 2014 2215 2084 qui
2251 2021 2381 2067 sunt
2411 2014 2467 2068 in
2495 2013 2721 2085 populo,
2762 2028 2860 2083 per
2898 2012 3255 2082 ligamentum
3295 2027 3359 2066 ac

1774 2100 2054 2155 vinculum
2103 2101 2274 2170 pacis,
2327 2116 2498 2154 unum
2552 2099 2789 2154 elﬁciant
2837 2099 3171 2164 membrum,
3212 2099 3359 2172 quod

1759 2184 2073 2248 inclinetur
2117 2201 2283 2263 atque
2318 2193 2581 2263 erigatur,
2622 2199 2677 2246 et
2708 2191 2852 2245 facili
2891 2197 3045 2245 motu
3076 2191 3134 2245 in
3180 2190 3359 2260 quod-

1774 2292 1992 2350 cunque
2045 2279 2190 2335 latus
2232 2288 2600 2333 convertatur.
2645 2275 2777 2333 Tale
2808 2278 3009 2333 collum
3050 2284 3170 2331 erat
3210 2276 3354 2331 Pan-

1778 2370 1884 2434 lus,
1917 2378 1972 2425 et
2008 2370 2054 2425 si
2084 2370 2210 2440 quis
2241 2370 2382 2425 alius
2422 2370 2599 2439 ipsum
2637 2369 2858 2424 imitans
2886 2376 3039 2423 recte
3066 2369 3234 2423 vitam
3270 2369 3354 2423 in~

1777 2459 1978 2524 stituit,
2011 2458 2106 2529 qui
2129 2458 2368 2528 portavit
2412 2457 2632 2528 quidem
2669 2473 2867 2512 nomen
2901 2455 3140 2524 Domini,
3174 2457 3356 2512 factus

1775 2549 2007 2606 Domino
2055 2564 2152 2605 vas
2192 2549 2514 2616 electionis;
2566 2555 2619 2604 et
2650 2548 2699 2603 ei
2746 2549 2884 2604 adeo
2928 2557 3185 2604 accurate
3225 2550 3356 2603 ada-

1772 2648 1984 2712 ptatum
2024 2639 2126 2694 fuit
2174 2648 2359 2711 caput,
2410 2647 2469 2693 ut
2501 2646 2556 2694 et
2605 2652 2948 2708 quaecunque
2990 2637 3200 2693 diceret
3246 2653 3353 2691 non
3390 2702 3403 2713 υ

1773 2731 2011 2801 amplius
2051 2737 2198 2786 esset
2241 2732 2355 2799 ipse
2384 2730 2633 2799 loquens,
2667 2729 2762 2785 sed
2807 2735 2972 2799 caput
3004 2727 3126 2797 ejus
3167 2728 3352 2798 loque-

1772 2831 1946 2886 retur,
1979 2821 2254 2893 quomodo
2290 2820 2549 2876 indicavit
2572 2819 2876 2875 Corinthiis
2913 2819 3194 2875 Christum
3228 2836 3354 2876 esse

1773 2914 1867 2985 qui
1916 2915 1973 2969 in
2022 2915 2145 2984 ipso
2186 2912 2512 2982 loquebatur
2561 2919 2616 2966 et
2648 2910 3055 2966 enuntiabat“.
3110 2908 3190 2965 Ita
3240 2912 3351 2966 clo.

1777 3022 1953 3076 quens
1972 3012 2025 3060 et
2056 3004 2195 3060 bene
2226 3017 2430 3058 sonans
2455 3002 2562 3072 ipsi
2591 3009 2710 3058 erat
2740 3003 2970 3064 arteria,
2998 2990 3118 3073 quae
3144 3000 3355 3072 Spiritu

1779 3095 2004 3153 verbum
2065 3094 2332 3166 dirigebat
2387 3094 2659 3151 veritatis.
2723 3092 2800 3150 Ita
2861 3095 3062 3150 divinis
3102 3082 3355 3165 'eloquiis

1774 3188 1998 3242 omnino
2035 3184 2226 3240 dulces
2274 3182 2479 3239 ﬁebant
2512 3181 2702 3239 fauces
2729 3183 2874 3254 ejus,
2926 3192 2988 3239 ut
3033 3184 3124 3254 qui
3166 3199 3263 3254 per
3295 3199 3358 3241 se

1776 3285 1948 3332 totum
2005 3277 2241 3330 nutriret
2296 3288 2498 3343 corpus
2543 3272 2777 3331 viviﬁcis
2824 3274 2934 3331 illis
2983 3273 3351 3331 documentis.

1776 3365 1933 3432 Quod
1957 3366 2003 3422 si
2041 3365 2207 3420 etiam
2244 3365 2449 3434 quaeris
2478 3362 2549 3418 de
2578 3363 2870 3430 vertebris,
2903 3366 3032 3434 quis
3061 3364 3135 3418 ita
3161 3378 3354 3420 omnes

1776 3456 2052 3527 compegit
2085 3455 2155 3509 in
2181 3470 2351 3509 unum
2385 3467 2588 3521 corpus
2632 3452 2853 3509 vinculo
2883 3453 3038 3523 pacis
3071 3461 3127 3509 et
3168 3454 3357 3509 chari—

1777 3549 1940 3604 tatis?
1966 3547 2105 3613 Quis
2143 3545 2227 3602 sic
2264 3544 2453 3600 docuit
2483 3543 2686 3598 collum
2722 3543 2990 3598 inclinare
3037 3544 3092 3597 in
3133 3543 3203 3598 iis
3233 3560 3355 3615 quae

1774 3649 1906 3699 sunt
1959 3638 2192 3694 humilia
2235 3644 2290 3692 et
2336 3635 2570 3705 abiecta,
2616 3640 2672 3690 et
2721 3649 2781 3689 se
2829 3634 2889 3688 in
2926 3647 3143 3688 omnem
3190 3636 3352 3691 simul

1772 3741 1983 3806 partem
2017 3743 2262 3792 versare,
2293 3736 2349 3784 et
2389 3740 2613 3782 rursum
2648 3723 2886 3797 erigere,
2932 3739 2996 3780 ea
3035 3740 3156 3795 qua:
3187 3741 3351 3796 supra

1772 3834 1904 3882 sunt
1929 3819 2244 3893 cogitando,
2278 3827 2333 3874 et
2359 3819 2416 3873 in
2455 3815 2739 3887 obliquum
2768 3815 3263 3886 circumspiciendo
3293 3831 3353 3871 se

1775 3914 2053 3971 mobiliter
2097 3918 2441 3976 convertere,
2496 3908 2553 3963 in
2600 3904 2947 3962 declinandis
2992 3913 3047 3962 et
3094 3905 3351 3961 cavendis

1774 4005 1943 4060 variis
1979 4000 2184 4057 diaboli
2214 3998 2474 4055 insidiis?
2498 3995 2635 4053 Tale
2664 4011 2797 4091 ergo
2818 3996 3021 4053 collum
3051 3994 3153 4051 fuit
3177 3994 3349 4051 ωαξη-

1766 4126 1949 4176 catum
1977 4129 2007 4169 a
2039 4113 2265 4169 Davide.

124 4206 310 4344 agro»?
335 4209 577 4265 διαϐόλου
626 4211 901 4282 μεθοδείας
935 4211 1201 4265 ἐκκλίνειν
1237 4211 1333 4265 καὶ
1365 4210 1797 4280 ἀσφαλίζεσθαις
1834 4211 1905 4271 '0,
1921 4205 2160 4268 τοιοῦτος
2189 4196 2282 4258 οὖν
2315 4201 2581 4275 τράχηλος
2646 4202 2811 4266 ὒντως
2880 4204 3029 4274 παρὰ
3095 4201 3190 4257 τοῦ
3249 4202 3351 4253 Δα-

223 4294 565 4344 ὡκοδόιιτιταῑ-

223 4294 565 4369 ᾠκοδόμηται.

181 4381 296 4437 Νάει
323 4386 377 4440 δέ
405 4387 494 4441 διὰ
526 4386 620 4439 τοῦ
664 4386 829 4440 Δαϐιδ
859 4387 952 4443 τὸν
995 4388 1218 4458 βασιλέα
1250 4389 1340 4443 τὸν
1371 4388 1467 4443 τοῦ
1507 4388 1659 4460 βασι-

1866 4381 2085 4451 ntellige
2112 4385 2294 4433 autem
2326 4389 2426 4446 per
2457 4374 2631 4431 David
2660 4387 2842 4444 regem
2864 4412 2881 4442 ,
2918 4381 3129 4444 patrem
3166 4377 3344 4449 regis.

125 4468 238 4537 λέως
259 4477 476 4549 πατέρα,
501 4476 561 4542 δς
585 4475 645 4543 ἐξ
669 4478 845 4550 ἀρχῆς
872 4479 963 4533 τὸν
984 4480 1269 4550 ἄνθρωπον
1290 4479 1603 4534 κατεσκεύαι

1939 4476 1961 4528 ι)
1986 4469 2144 4526 initio
2171 4465 2459 4522 constituit
2487 4463 2765 4519 hominem
2797 4470 2859 4517 ut
2884 4474 3032 4520 esset
3059 4467 3232 4522 turris
3252 4506 3268 4533 ,
3297 4478 3352 4524 et
3405 4531 3417 4541 .

128 4560 307 4632 πύργον
332 4563 486 4633 εἶναι,
520 4569 616 4621 καὶ
647 4568 770 4639 οὐχὶ
801 4568 1137 4640 σύμπτωμα,
1188 4570 1284 4624 καὶ
1318 4569 1407 4623 διὰ
1431 4570 1530 4638 τῆς
1567 4589 1606 4641 κ

1871 4572 1967 4620 [ut
2007 4561 2229 4618 caderet
2248 4599 2269 4641 ,_
2303 4567 2358 4615 ει
2395 4571 2495 4629 per
2526 4556 2760 4628 gratiam
2789 4571 2914 4612 eum
2950 4573 3146 4614 rursus
3177 4559 3349 4615 acditi-

130 4668 249 4720 ριτος
268 4658 419 4712 αὐτὸν
444 4659 607 4714 πάλιν
629 4659 1062 4731 ἀνῳκοδόμησεν,
1092 4661 1530 4732 ἀσφαλισάμενος
1556 4663 1667 4726 τοῖς

130 4745 310 4813 πολλοῖς
343 4749 552 4823 θυρεοῖς
571 4792 587 4814 ,
622 4750 763 4804 ὥστε
796 4751 993 4823 μηκέτι
1023 4752 1185 4805 αὐτὸν
1225 4754 1344 4816 ταῖς
1372 4751 1481 4805 τῶν
1512 4751 1669 4804 πολε-

136 4834 249 4902 μίων
272 4841 488 4911 ἐφόδοις
532 4842 853 4896 εὐεπίϐατον
890 4839 1052 4899 εἶναι.
1096 4839 1163 4896 υἱ
1188 4842 1297 4916 γὰρ
1329 4844 1667 4916 κρεμάμενοι

135 4922 320 4996 θυρεοὶ,
346 4933 443 4987 οὐκ
488 4933 581 4988 ἐπὶ
614 4935 716 5007 γῆς
759 4935 1044 5007 κείμενοι,
1083 4935 1219 4990 ἀλλά
1267 4936 1496 5008 διαέριοι
1539 4938 1666 5006 περὶ

134 5018 266 5075 αὑτὸν
302 5023 694 5098 θεωρούμενοι,
722 5028 817 5082 καὶ
847 5027 986 5099 μετὰ
1022 5027 1133 5082 τῶν
1171 5027 1378 5100 θυρεῶν
1401 5069 1416 5095 ,
1458 5030 1514 5084 αἱ
1555 5027 1664 5083 τῶν

135 5108 340 5169 δυνατῶν
372 5119 572 5189 βολίδες
596 5162 611 5186 ,
648 5121 812 5189 φόϐον
854 5120 1145 5192 ἐμποιοῦσι
1182 5124 1294 5185 τοῖς
1325 5120 1666 5192 πολεμουμέ-

134 5217 225 5268 νοις
244 5223 257 5236 ·
286 5207 416 5265 ὥστε
449 5213 585 5284 μήτε
615 5212 715 5285 τήν
752 5213 925 5286 ἀρχὴν
949 5215 1267 5286 ἐγχειρῆσαι
1296 5214 1665 5285 καταδραμεῖν

137 5294 212 5348 τοῦ
256 5300 471 5374 πύργου.
522 5300 693 5375 Οἶμαι
738 5305 795 5359 δὲ
851 5306 950 5377 τὴν
990 5305 1289 5377 ἀγγελικὴν
1329 5302 1569 5375 φρουράν
1604 5304 1664 5356 ἐν

138 5385 292 5461 κύκλῳ
330 5398 863 5468 περιτετειχισμένην
907 5399 998 5453 τὸν
1029 5387 1288 5453 ’τοιοῦτον
1338 5396 1547 5468 πύργον
1584 5393 1665 5467 τῷ

138 5477 300 5558 Tillio“
332 5487 433 5542 τῶν
473 5488 681 5561 θυρεῶν
732 5490 861 5561 ἡμῖν
903 5490 1378 5563 διασημαίνεσθαι.
1415 5484 1665 5541 Δείκνυσι

197 5592 239 5627 ⁸⁸
282 5597 324 5652 ll
354 5600 473 5658 Cor.
525 5618 645 5669 xm,
686 5603 740 5658 5.

1772 4657 1917 4713 cavit
1954 4654 2142 4709 multis
2171 4650 2446 4706 munitum
2481 4647 2722 4719 clypeis,
2758 4658 2819 4704 ut
2861 4648 3214 4705 inimicorum
3264 4652 3352 4706 in-

1773 4749 2009 4807 sultibus
2058 4760 2168 4802 non
2222 4741 2388 4798 facile
2436 4739 2674 4809 amplius
2716 4746 2904 4808 posset
2954 4739 3160 4793 invadi.
3210 4737 3347 4793 Nam

1773 4841 2081 4914 pendentes
2131 4832 2311 4908 clypei
2332 4872 2348 4898 ,
2392 4846 2504 4887 non
2542 4830 2596 4884 in
2629 4837 2774 4884 terra
2804 4827 2933 4895 siti,
2964 4828 3059 4883 sed
3089 4827 3257 4892 aerii,
3289 4829 3345 4883 in

1771 4935 1892 5003 ipso
1923 4926 2298 4991 considerati,
2336 4930 2545 4977 etcum
2602 4916 2685 4973 eis
2731 4917 2898 4971 etiam
2941 4914 3116 4970 hasta;
3151 4922 3347 4984 poten-

1771 5025 1907 5078 tium
1941 5019 2175 5075 atl‘erunt
2209 5024 2478 5072 terrorem
2525 5007 2818 5065 hostibus:
2854 5005 2991 5061 adeo
3029 5011 3090 5060 ut
3126 5019 3196 5060 ne
3227 5018 3346 5059 om-

1774 5115 1906 5169 nino
1953 5109 2177 5182 quidem
2228 5106 2467 5161 audeant
2507 5102 2705 5157 turrim
2755 5096 3031 5153 invadere.
3078 5095 3346 5152 Existimo

1770 5214 1957 5263 autem
1985 5217 2108 5259 eam
2139 5199 2339 5254 turrim
2366 5198 2685 5269 clypeorum
2716 5189 3102 5257 multitudine,
3135 5187 3345 5259 signino-

1770 5312 1899 5353 care
1927 5292 2233 5366 angelicum
2262 5286 2579 5360 prmsitlium
2607 5300 2718 5357 quo
2748 5280 3101 5350 circumsepti
3130 5293 3342 5336 sumus.

1770 5387 2024 5446 Ostendit
2057 5390 2240 5441 autem
2267 5381 2433 5437 etiam
2476 5378 2763 5434 hastarum
2806 5371 3014 5429 mentio
3055 5385 3179 5427 eum
3215 5384 3344 5427 sen-

1771 5496 1914 5540 sum.
1956 5477 2079 5536 Non
2112 5474 2263 5532 enim
2293 5469 2542 5528 absolute
2573 5469 2713 5524 dixit
2744 5468 2963 5531 hastas,
2994 5463 3090 5521 sed
3121 5462 3193 5519 io;
3207 5463 3342 5517 tium
