3730 5980
369 144 471 201 935

1660 147 1723 202 Β.
1755 146 2083 203 GREGORII
2119 145 2408 202 NYSSENI

3518 144 3645 199 93G

367 261 676 333 adjectione
703 262 948 319 ostendit
975 277 1072 319 eos
1104 264 1198 334 qui
1241 279 1339 333 pro
1374 265 1538 320 nobis
1571 265 1858 337 depugnan

2127 269 2223 321 mi.
2258 271 2291 337 ὴ
2322 268 2431 321 τῶν
2465 266 2685 338 βολίδων
2719 265 2908 335 μνήμη
2937 263 3035 334 τὴν
3064 260 3320 332 τοιαύτην
3353 259 3640 315 διάνοιαν.

368 352 505 407 adeo
541 359 599 407 ut
652 353 797 423 quod
850 354 1073 418 dicitur,
1129 357 1424 411 conveniat
1452 357 1503 412 ei
1549 357 1697 427 quod
1742 369 1830 413 est
1878 360 1934 412 in

371 439 644 496 Psalmis:
690 442 883 497 Castra
921 445 1204 498 metabitur
1242 447 1458 516 angelus
1493 447 1545 500 in
1593 449 1819 502 circuitu
1871 450 1941 500 ti-

368 533 624 585 mentium
651 549 801 597 eum,
831 542 880 586 et
924 534 1166 588 liberabit
1206 553 1294 591 eos
1327 537 1394 589 ⁸⁸.
1441 537 1716 593 Numerus
1758 547 1938 594 autem

369 623 519 677 mille
551 638 658 676 non
690 622 904 678 videtur
930 608 1095 693 plane
1134 625 1446 696 signiﬁcare
1485 628 1769 683 denarium
1813 644 1943 685 cen-

368 713 706 766 tenariorum
731 753 744 778 ,
783 714 879 768 sed
911 723 1174 786 acceptus
1206 715 1309 770 fuit
1344 731 1374 770 a
1407 715 1692 788 Scriptura
1741 720 1808 775 ad
1854 721 1941 775 in-

368 801 658 855 dicandam
711 804 1140 859 multitudinem.
1196 805 1346 861 Solet
1388 808 1536 862 enim
1583 825 1678 879 per
1709 810 1939 867 abusum

369 891 669 962 Scripturae
706 896 810 949 hoc
839 912 1070 952 numero
1103 897 1406 968 signiﬁcari
1438 901 1762 968 multitudo,
1797 904 1943 959 sicut

370 986 538 1039 David
568 987 701 1043 dicit
727 1002 827 1057 pro
855 988 1208 1044 multitudine
1225 1030 1240 1054 ,
1263 988 1439 1044 Millia
1462 991 1848 1047 abundantiam
1872 996 1940 1062 ⁵⁸,

365 1066 622 1144 et,Super
651 1076 826 1130 millia
856 1078 979 1130 auri
1001 1087 1049 1131 et
1084 1081 1287 1149 argenti
1301 1081 1368 1134 ⁸⁷.
1402 1080 1495 1136 Sic
1526 1082 1712 1151 itaque
1739 1083 1940 1137 collum

368 1166 860 1223 animadvertimus
888 1169 1102 1224 radices
1131 1184 1291 1240 agere
1321 1187 1488 1241 super
1518 1172 1812 1240 humeros;
1846 1190 1944 1245 per

370 1257 631 1312 humeros
661 1267 842 1314 autem
877 1262 1080 1330 quibus
1111 1263 1310 1317 collum
1341 1272 1426 1318 est
1451 1260 1711 1319 adnatum
1731 1306 1747 1332 ,
1779 1265 1943 1321 intel-

370 1345 591 1416 ligimus
618 1347 800 1402 studia
829 1350 1022 1420 agendi
1053 1358 1107 1406 et
1136 1351 1437 1420 operandl,
1473 1368 1569 1423 per
1598 1369 1722 1423 quae
1750 1361 1942 1409 nostra

371 1435 596 1488 brachia
649 1451 805 1490 suam
859 1449 1158 1507 operantur
1202 1441 1456 1495 salutem.
1498 1440 1600 1506 Qui
1644 1457 1772 1496 vero
1817 1441 1944 1496 dili-

366 1537 561 1597 genter
582 1543 645 1581 ea
673 1544 795 1598 qua:
824 1537 954 1584 sunt
984 1531 1131 1586 dicta
1157 1533 1478 1603 perpendit,
1507 1550 1573 1588 ex
1618 1531 1687 1587 iis
1740 1531 1947 1604 colligit

369 1629 719 1689 augmentum
750 1623 949 1677 animae
980 1639 1102 1693 qua:
1128 1626 1182 1678 in
1214 1625 1387 1678 altum
1418 1624 1669 1695 erigitur,
1704 1633 1945 1695 quando-

368 1712 589 1779 quidem
628 1713 780 1781 prius
825 1723 1087 1769 contenta
1121 1724 1276 1780 erat,
1323 1725 1384 1769 ut
1430 1715 1625 1772 similis
1667 1717 1945 1774 diceretur

365 1800 524 1869 equis
546 1801 639 1868 qui
665 1808 962 1871 tyrannum
984 1812 1372 1873 expugnarunt
1393 1804 1709 1876 JEgyptium
1732 1846 1745 1870 ,
1777 1813 1946 1876 utque

367 1891 494 1944 colli
525 1891 690 1945 decor
714 1905 839 1944 cum
875 1893 1173 1948 monilibus
1197 1904 1649 1964 compararetur:
1675 1896 1789 1965 jam
1814 1911 1945 1951 vero

365 1990 627 2050 quantam
675 1983 939 2038 bonitatis
990 1983 1388 2053 perfectionem
1419 1986 1567 2040 illam
1611 1986 1719 2043 sibi
1759 1987 1947 2042 conci-

367 2070 535 2126 liasse
573 2081 821 2134 testatur,
858 2073 988 2126 dum
1026 2088 1133 2128 non
1173 2074 1452 2145 aliquibus
1485 2076 1612 2132 colli
1647 2077 1947 2132 monilibus

365 2177 421 2218 et
473 2165 762 2234 torquibus
802 2164 1075 2220 assimilat
1124 2167 1252 2221 colli
1293 2168 1757 2238 pulchritudinem
1787 2187 1800 2223 ε
1828 2168 1946 2225 "sed

366 2254 540 2308 turris
572 2271 695 2310 esse
725 2255 934 2309 dicitur
975 2265 1199 2327 propter
1244 2260 1680 2329 magnitudinem
1711 2278 1725 2315 :
1779 2275 1945 2330 quam

368 2346 681 2414 insignem,
740 2355 794 2400 et
845 2348 1201 2423 conspicuam
1259 2348 1424 2416 facit,
1482 2351 1551 2406 iis
1603 2353 1698 2421 qui
1753 2351 1946 2421 procul

367 2436 571 2489 absunt
608 2436 1126 2506 considerantibus,
1172 2455 1283 2494 non
1329 2441 1507 2495 solum
1551 2442 1770 2497 aediﬁcii
1826 2458 1945 2498 ma-

366 2526 720 2596 gniﬁcentia,
756 2536 809 2583 et
837 2529 985 2599 quod
1024 2530 1078 2583 in
1126 2532 1420 2587 maximam
1463 2535 1703 2590 excitata
1743 2536 1815 2591 sit
1859 2538 1944 2591 al-

368 2617 693 2683 titudinem,
729 2619 823 2673 sed
867 2628 922 2673 et
974 2620 1078 2675 loci
1124 2623 1407 2691 positura,
1458 2639 1578 2694 quae
1621 2627 1947 2683 naturaliter

366 2709 608 2779 assurgit
667 2724 835 2780 supra
886 2711 1004 2765 loca
1065 2712 1289 2767 vicina?
1342 2713 1577 2780 Quando
1624 2733 1755 2789 ergo
1801 2719 1946 2790 regis

368 2801 590 2869 quidem
625 2816 765 2872 opus
798 2811 884 2857 est
936 2806 1142 2867 turris,
1194 2805 1500 2876 ingreditur
1545 2815 1729 2864 autem
1780 2824 1947 2880 super

366 2892 638 2947 excelsam
688 2895 813 2949 vita:
863 2896 1086 2966 agendae
1120 2897 1386 2952 rationem
1411 2939 1426 2963 ,
1464 2908 1596 2954 tunc
1631 2900 1844 2955 ﬁrmum
1880 2918 1945 2958 ac

368 2985 564 3038 stabile
613 3001 736 3040 esse
781 2987 1092 3040 ostenditur
1138 2988 1283 3056 quod
1332 3002 1363 3041 a
1410 2988 1644 3043 Domino
1702 2990 1939 3056 dicitur,

371 3073 495 3127 Non
523 3084 690 3143 potest
724 3077 985 3135 absconsa
1017 3095 1129 3132 esse
1160 3080 1345 3133 civitas
1376 3094 1494 3149 qua:
1524 3081 1631 3134 sita
1671 3092 1749 3134 est
1780 3099 1943 3152 supra

369 3178 543 3222 monte
569 3169 637 3221 ⁸⁸.
673 3168 920 3239 lntellige
950 3177 1133 3225 autem
1163 3178 1373 3228 turrem
1406 3186 1506 3241 pro
1537 3173 1773 3229 civitate.

440 3443 677 3514 Tempus
700 3449 882 3499 autem
910 3444 1263 3501 fueritetiam
1289 3446 1429 3503 duos
1454 3460 1667 3517 caprea“:
1687 3446 1944 3502 hinnulos

369 3536 758 3597 considerare,
800 3535 893 3605 qui
949 3544 1218 3591 vocantur
1266 3551 1297 3590 a
1347 3535 1530 3591 Verbo
1585 3536 1784 3601 ubera,
1823 3551 1946 3606 quae

372 3634 655 3693 morantur
685 3628 831 3681 circa
863 3642 960 3682 cor
988 3643 1239 3698 sponsas,
1278 3629 1416 3683 sicut
1448 3628 1613 3691 dicit,
1643 3627 1761 3680 Duo
1786 3627 1946 3681 ubera

373 3727 464 3773 tua
498 3722 631 3772 sicut
665 3719 769 3772 duo
803 3720 1011 3773 Iziunuli
1041 3735 1243 3787 caprea:
1273 3719 1479 3789 gemelli
1523 3721 1610 3790 qui
1650 3727 1944 3788 pascuntur

371 3810 426 3861 in
476 3808 639 3862 liliis:
667 3817 952 3879 propterea
971 3812 1114 3878 quod
1168 3811 1310 3863 intra
1355 3808 1471 3863 haec
1519 3809 1629 3863 duo
1683 3809 1757 3863 sit
1806 3809 1947 3864 situs

371 3900 556 3954 cordis
578 3941 593 3965 ,
623 3915 860 3969 quorum
899 3915 1104 3969 pascua
1137 3916 1247 3953 non
1279 3907 1408 3954 sunt
1441 3900 1626 3954 fenum
1661 3910 1716 3954 et
1746 3900 1903 3969 spina
1926 3939 1943 3964 ,

372 3989 469 4044 sed
504 3990 616 4041 lilia
653 4003 777 4058 quae
815 3996 929 4043 toto
964 3989 1220 4059 pascendi
1266 3998 1513 4058 tempore
1553 3987 1716 4045 ﬂores
1764 3990 1945 4060 porri-

372 4090 538 4151 gunt,
576 4089 631 4135 et
657 4096 771 4134 non
800 4088 954 4135 certo
982 4090 1227 4151 tempore
1256 4081 1485 4148 ﬂorent,
1530 4089 1587 4137 et
1628 4089 1779 4137 certo
1810 4090 1948 4138 tem-

373 4189 506 4244 pore
534 4181 918 4236 marcescunt,
952 4172 1047 4227 sed
1082 4182 1406 4242 perpetuum
1447 4173 1533 4227 his
1568 4173 1816 4229 hinnulis
1851 4190 1946 4245 per

2040 357 2114 409 Οὐ
2148 356 2256 425 γὰρ
2285 355 2472 419 ἁπλῶς
2494 352 2669 418 εἶπεν,
2707 353 2940 424 βολίδας,
2974 351 3110 405 ἀλλὰ
3140 354 3207 422 τῇ
3241 350 3351 403 τῶν
3376 349 3642 402 δυνατῶν

2044 446 2327 517 προσθήκῃ
2350 446 2475 509 τοὺς
2504 443 2955 517 ῦπερμαχοῦντας
2976 445 3107 513 ἡμῖν
3130 441 3452 508 ἐνεδείξατο·
3482 441 3641 493 ὥστε

2043 530 2364 605 συμϐαίνειν
2410 536 2473 589 τδ
2527 536 2858 605 λεγόμενον,
2902 536 2984 587 ὅτι
3034 531 3413 601 Παρεμϐαλεῐ
3451 532 3641 600 ἄγγε-

2040 629 2149 692 λος
2200 628 2421 694 Κυρίου
2459 628 2665 691 κύκλῳ
2700 625 2822 679 τῶν
2859 626 3246 694 φοϐουμένων
3275 624 3489 684 αὐτὸν,
3522 625 3637 676 καὶ

2035 717 2288 784 ῥύσεται
2330 717 2573 784 αὐτούς.
2621 716 2679 770 Ὀ
2710 717 2767 769 δὲ
2796 715 2906 769 τῶν
2945 714 3132 785 χιλίων
3162 713 3399 786 ἀριθμὸς
3428 713 3490 766 οῦ
3534 732 3639 778 μοι

2041 806 2190 860 δοκεῖ
2211 807 2279 860 δι’
2308 807 2596 878 ἀκριῦείας
2630 806 2919 877 σημαίνειν
2951 805 3049 875 τὴν
3086 805 3195 858 τῶν
3245 804 3638 857 ἐκατοντάδων

2041 896 2239 951 δεκάδα
2257 914 2271 926 ·
2296 898 2409 951 ἀλλ’
2445 900 2525 961 εἰς
2550 897 2785 968 πλήθους
2808 894 3031 960 ἔνδειξιν
3049 893 3377 964 παρελήφθη
3403 893 3508 946 ὑπὸ
3526 892 3633 945 τοῦ

2046 988 2230 1057 λόγου.
2262 989 2503 1060 Σύνηθες
2536 989 2647 1059 γάρ
2676 989 2821 1041 ἐστιν
2853 990 2919 1040 ὲκ
2957 987 3056 1056 τῆς
3100 987 3497 1057 καταχρήσεως
3522 986 3635 1055 τῆς

2042 1078 2264 1150 Γραφῆς
2287 1122 2302 1147 ,
2332 1079 2412 1150 τῷ
2440 1078 2659 1149 ἀριθμῷ
2686 1078 2861 1148 τούτῳ
2889 1078 2950 1130 τὸ
2982 1074 3184 1148 πλῆθος
3209 1075 3588 1129 ἐνδείκνυσθαι
3614 1117 3630 1138 ,

2043 1168 2119 1232 ῶς
2148 1185 2314 1239 φησιν
2341 1169 2370 1220 ό
2394 1167 2558 1221 Δαϐὶδ
2595 1167 2714 1220 ἀντὶ
2742 1164 2837 1218 τοῦ
2886 1166 3124 1235 πλήθους
3148 1204 3163 1229 ,
3211 1166 3293 1218 ὅτι
3349 1164 3633 1228 Χιλιὰδες

2042 1255 2785 1326 εὐθηνούντων,καὶ,Ὑπὲρ
2806 1255 3080 1325 χιλιάδας
3107 1258 3366 1324 χρυσίου
3395 1257 3493 1310 καὶ
3520 1258 3635 1324 ἁρ-

2043 1348 2274 1416 γυρίου.
2332 1347 2490 1400 Οὕτω
2532 1347 2629 1417 μὲν
2673 1341 2766 1399 οῦν
2805 1345 2896 1400 τὸν
2944 1346 3237 1417 τράχηλον.
3264 1347 3358 1399 τὸν
3389 1348 3633 1400 ἐπὶτῶν

2044 1435 2210 1508 ὤμων
2258 1438 2623 1510 ἐρριζωμένοι)
2656 1439 3083 1509 κατενοήσαμεν.
3130 1439 3334 1508 Ὄμους
3368 1438 3427 1490 δὲ
3473 1438 3637 1490 νοοῦ-

2048 1546 2180 1598 μεν,
2215 1523 2294 1592 οἷς
2328 1528 2633 1597 ἐπιπέφυκε
2654 1569 2669 1593 ,
2698 1528 2797 1592 τὰς
2828 1514 3136 1600 πρακτικάς
3165 1545 3225 1580 τε
3257 1530 3350 1581 καὶ
3397 1531 3634 1599 ἐνεργη-

1976 1603 2017 1657 Β
2046 1620 2205 1683 τικάς
2234 1619 2470 1682 σπουδὰς
2491 1659 2504 1682 ,
2528 1619 2594 1672 δι’
2636 1613 2711 1673 ὦν
2733 1620 2781 1671 oi
2811 1619 3092 1690 βραχίονες
3118 1619 3273 1689 ἡμῶν
3312 1618 3412 1689 τὴν
3444 1637 3633 1688 σωτη-

2050 1710 2172 1780 ρίαν
2214 1710 2422 1763 ἑαυτῶν
2462 1709 2911 1780 κατεργάζονται.
2945 1710 3056 1780 Τὴν
3087 1710 3143 1763 δέ
3170 1710 3307 1782 πρὸς
3346 1710 3409 1762 τὸ
3443 1711 3633 1781 μεῖζον

2046 1800 2347 1872 ἐπαύξησιν
2375 1801 2475 1871 τῆς
2511 1801 2651 1854 κατὰ
2679 1800 2810 1854 Θεὸν
2842 1800 3153 1870 ὑψουμένης
3193 1800 3373 1872 ψυχῆς
3414 1802 3633 1853 συνεῖδε

2046 1890 2288 1955 πάντως’
2310 1892 2340 1944 ό
2383 1891 2746 1955 ἐπιστατικῶς
2782 1894 2894 1955 τοῖς
2928 1890 3239 1961 λεγομένοις
3273 1890 3592 1944 ἀκολουθῶν
3614 1933 3632 1955 ,

2044 1982 2125 2035 ὅτι
2155 1981 2419 2053 πρότερον
2447 1983 2545 2053 μὲν
2566 1982 2846 2053 ἀγαπητὸν
2862 1978 2930 2052 ἦν
2950 1985 3017 2052 τῇ
3045 1981 3232 2052 νύμφῃ
3256 1982 3639 2052 ἴππῳόμοιω-

2046 2075 2206 2144 θῆναι
2236 2078 2301 2146 τῇ
2340 2074 2836 2147 καταγωνισαμένῃ
2880 2074 2973 2127 τὸν
3013 2073 3310 2141 Αἰγύπτιον
3340 2073 3634 2142 τύραννον,

2045 2166 2140 2218 καὶ
2173 2165 2308 2236 πρὸς
2345 2167 2470 2229 τοὺς
2495 2165 2794 2235 ὁρμίσκους
2820 2165 3076 2236 ἐμφερῶς
3107 2164 3249 2235 ἔχειν
3277 2164 3379 2233 τὴν
3408 2164 3503 2216 ἐπὶ
3530 2162 3635 2215 τοῦ

2044 2258 2317 2329 τραχήλου
2346 2258 2709 2328 εὐπρέπειαν·
2737 2257 2855 2310 νυνὶ
2891 2257 2947 2309 δὲ
2984 2256 3155 2325 πόσην
3188 2257 3328 2325 αὐτῇ
3357 2255 3640 2325 μαρτυρεῖ

2046 2350 2148 2422 τὴν
2194 2349 2332 2421 πρὸς
2375 2350 2438 2401 τὸ
2475 2349 2679 2417 ἀγαθὸν
2721 2348 3063 2418 τελειότητα,
3097 2348 3178 2399 ὅτι
3205 2348 3303 2415 οὐχ
3339 2345 3638 2416 ὁρμίσκοις

2045 2441 2158 2495 τισὶ
2176 2442 2542 2514 περιδεραίοις
2559 2441 2907 2512 προσεικάζει
2926 2439 3020 2493 τοῦ
3041 2437 3308 2510 τραχήλου
3326 2437 3429 2507 τὴν
3454 2435 3637 2506 ῶραν,

2047 2532 2182 2586 ἀλλὰ
2221 2531 2430 2603 πύργος
2458 2528 2598 2583 εἶναι
2626 2531 2713 2584 διὰ
2745 2533 2806 2583 τδ
2839 2527 3068 2600 μέγεθος
3095 2528 3313 2596 λέγεται
3337 2567 3352 2591 ,
3383 2526 3443 2579 ὃν
3469 2526 3636 2596 περί-

2048 2624 2276 2677 6λεπτον
2314 2626 2457 2678 ποιεῖ
2490 2623 2585 2675 καὶ
2626 2625 2738 2686 τοῖς
2774 2621 3056 2694 πόρρωθεν
3098 2619 3465 2689 ἀφεστηκόσιν
3492 2618 3637 2671 ἀπο-

2051 2716 2444 2787 σκοπούμενον,
2469 2715 2529 2769 οὐ
2557 2714 2716 2785 μόνον
2757 2714 2792 2785 ἡ
2831 2714 2959 2782 περὶ
2991 2712 3089 2783 τὴν
3113 2711 3399 2781 οἰκοδομὴν
3430 2709 3638 2778 φιλοτι-

2052 2805 2148 2876 μία
2167 2844 2182 2868 ,
2211 2807 2297 2873 ἐφ’
2340 2805 2421 2858 ὅτι
2463 2805 2724 2875 μήκιστον
2750 2802 2811 2856 τὸ
2842 2802 2975 2872 ὕψος
3000 2800 3285 2872 ἐγείρουσα
3308 2815 3323 2829 ’
3356 2800 3492 2852 ἀλλὰ
3536 2800 3633 2851 καὶ

1973 2940 2013 2997 Γ
2049 2899 2083 2968 ή
2115 2896 2207 2951 τοῦ
2230 2897 2396 2949 τόπου
2426 2897 2607 2961 θέσις,
2631 2894 2875 2964 φυσικῶς
2903 2892 3321 2963 ὑπερανιστῶσα
3342 2892 3451 2947 τῶν
3481 2909 3637 2960 γειτ-

1998 2980 2015 2998 ⁴
2046 2987 2313 3051 νιώντων;
2345 2988 2514 3041 Ὅταν
2548 2986 2732 3054 τοίνυν
2761 2984 3021 3054 βασιλέως
3045 2985 3143 3055 μὲν
3173 2983 3332 3053 ἔργον
3361 2984 3390 3035 ὁ
3417 2981 3638 3053 πύργος

2045 3076 2134 3152 ἦν,
2166 3080 2260 3132 ἐπὶ
2287 3079 2343 3132 δὲ
2368 3081 2467 3149 τῆς
2496 3078 2708 3149 ὑψηλῆς
2735 3075 3010 3138 πολιτείας
3039 3073 3287 3146 βεϐηκὼς
3314 3072 3477 3146 τύχῃ,
3505 3074 3636 3126 τότε

2044 3169 2243 3241 ἀληθὲς
2268 3170 2636 3224 ἐπιδείκνυται
2658 3170 2718 3222 τὸ
2743 3168 2891 3240 παρὰ
2918 3166 3013 3219 τοῦ
3053 3166 3255 3236 Κυρίου
3294 3164 3596 3236 λεγόμενον
3619 3180 3634 3195 ·

1954 3300 1959 3305 ς
2046 3263 2127 3316 ὅτι
2159 3265 2240 3317 Οὐ
2265 3263 2514 3316 δύναται
2547 3261 2725 3326 πόλις
2762 3257 3049 3327 κρυϐῆναι
3074 3257 3274 3310 ἐπάνω
3302 3257 3482 3325 ὅρουιτ
3510 3272 3638 3310 κει-

2040 3353 2217 3420 μένη.
2249 3352 2377 3406 Νόει
2411 3350 2469 3403 δέ
2498 3366 2588 3421 μοι
2622 3348 2830 3419 πύργον
2862 3348 2983 3400 ἀντὶ
3017 3346 3119 3416 τῆς
3147 3345 3377 3410 πόλεως.

2116 3443 2318 3514 Καιρὸς
2362 3443 2406 3495 δ’
2437 3441 2503 3495 ἂν
2537 3442 2621 3511 εἴη
2653 3441 2746 3494 καὶ
2774 3440 2900 3502 τοὺς
2930 3436 3022 3491 δύο
3046 3435 3271 3508 νεϐροὺς
3298 3435 3402 3505 τῆς
3434 3435 3635 3505 δορκά-

2045 3534 2133 3596 δος
2180 3533 2538 3603 κατανοῆσαι,
2583 3531 2634 3585 οἳ
2684 3531 2811 3601 περὶ
2853 3528 2951 3600 τὴν
2996 3526 3224 3599 καρδίαν
3266 3529 3367 3598 τῆς
3408 3527 3631 3597 νύμφης

2048 3623 2377 3687 αὐλίζονται,
2412 3622 2606 3692 μαστοὶ
2627 3620 2914 3690 κληθέντες
2941 3616 3092 3687 παρὰ
3117 3614 3211 3670 τοῦ
3222 3615 3422 3685 Λόγου,
3446 3617 3631 3680 καθώς

2049 3730 2214 3785 φησι·
2255 3716 2370 3766 Δύο
2416 3714 2640 3781 pacto!
2677 3726 2794 3764 σου
2850 3707 2931 3775 ὡς
2979 3707 3089 3762 δύο
3140 3707 3338 3774 νεϐροί
3391 3706 3631 3776 δίδυμοι

2047 3803 2359 3872 δορκάδος,
2400 3804 2457 3855 οἱ
2503 3802 2813 3871 νεμόμενοι
2861 3797 3095 3871 ἐνδτοῑς
3122 3798 3381 3866 κρίνας’
3432 3798 3523 3850 διὰ
3572 3798 3630 3849 τὸ

2051 3895 2253 3966 μεταξὺ
2299 3894 2502 3947 τούτων
2554 3890 2689 3946 εἶναι
2745 3893 2842 3961 τῆς
2875 3890 3099 3960 καρδίας
3130 3888 3228 3959 τὴν
3262 3888 3431 3952 θέσιν,
3470 3881 3548 3943 ὧν
3592 3891 3625 3959 ἡ

2047 3988 2185 4059 νομὴ
2218 3988 2278 4041 οὐ
2313 3989 2503 4059 χόρτος
2551 3987 2755 4056 ἐστὶνῆ
2805 3983 3034 4047 ἄκανθα,
3081 3983 3215 4037 ἀλλά
3262 3985 3425 4052 κρίνα
3466 3984 3628 4037 παντὶ

2046 4080 2124 4148 τῷ
2148 4082 2254 4150 τῆς.
2269 4081 2437 4150 νομῆς
2467 4078 2643 4149 χρόνῳ
2678 4078 2738 4130 τὸ
2767 4077 2924 4139 ἄνθος
2969 4076 3177 4129 ἑαυτῶν
3207 4077 3623 4143 παρατείνοντα,

2048 4171 2140 4225 καὶ
2172 4171 2231 4223 οὐ
2268 4171 2407 4223 κατὰ
2449 4170 2651 4240 καιρὸν·
2682 4167 2965 4232 ἀνθοῦντα,
3006 4166 3126 4224 οὐδὲ
3169 4166 3261 4218 ἐπὶ
3290 4167 3484 4238 καιροῦ
3526 4184 3626 4236 μαψ

374 4280 434 4318 se
486 4264 729 4333 praebent
778 4263 1211 4328 nutrimentum,
1256 4273 1315 4317 ut
1348 4279 1458 4318 non
1496 4265 1734 4334 amplius
1768 4264 1858 4319 dor

2116 4264 2375 4334 γινόμενα*
2429 4262 2564 4316 ἀλλὰ
2615 4261 2809 4331 διαρκῆ
2859 4260 3204 4331 παρεχόμενα
3253 4263 3365 4323 τοῖς
3413 4260 3624 4330 νεϐροῑς

374 4364 573 4410 nentur
605 4355 809 4409 umbrae
842 4354 1050 4409 erroris
1072 4391 1085 4417 ,
1119 4353 1280 4423 cujus
1315 4354 1369 4408 in
1418 4355 1560 4408 lianc
1602 4356 1770 4410 vitam
1814 4370 1946 4411 con-

373 4447 550 4500 fertur
581 4446 867 4512 studium;
901 4445 995 4501 sed
1030 4460 1155 4500 cum
1209 4446 1302 4500 lux
1340 4445 1452 4516 jam
1495 4447 1646 4502 omni
1685 4462 1751 4503 ex
1793 4426 1947 4519 parte

304 4520 307 4523 ἤ
373 4536 617 4590 illuxerit
639 4574 653 4597 ,
688 4537 1031 4589 illustrentur
1067 4536 1248 4590 omnia
1278 4553 1376 4608 per
1419 4538 1562 4593 diem
1584 4578 1599 4602 ,
1633 4539 1726 4608 qui
1767 4539 1943 4595 lucem

374 4629 467 4682 ubi
510 4628 625 4680 vult
659 4626 918 4696 spirando
967 4626 1253 4681 diﬁ‘undat.
1310 4626 1401 4682 Sic
1444 4630 1590 4683 enim
1636 4630 1771 4685 dicit
1802 4628 1942 4685 Ver-

372 4721 501 4775 bum
532 4738 543 4774 :
580 4717 748 4771 Donec
771 4719 1140 4787 perspiraverit
1163 4717 1275 4773 dies
1298 4758 1314 4785 ,
1339 4728 1391 4773 et
1419 4729 1576 4775 motw
1602 4720 1799 4790 fuerint
1829 4737 1946 4775 unt-

372 4813 501 4866 brw.
541 4808 665 4866 Scis
696 4819 877 4864 autem
911 4809 1137 4864 omnino
1177 4816 1230 4863 te
1275 4809 1535 4866 didicisse
1582 4826 1649 4866 ex
1701 4810 1946 4882 Evange-

373 4904 468 4970 lio,
515 4902 659 4972 quod
690 4909 774 4957 est
823 4900 1062 4970 Spiritus
1119 4907 1376 4966 sanctus,
1428 4903 1520 4972 qui
1561 4917 1656 4973 per
1698 4902 1753 4957 id
1798 4903 1947 4974 quod

371 4995 545 5063 spirat
574 4993 665 5047 ubi
698 4993 849 5058 vult,
879 4991 1056 5046 lucem
1099 4989 1256 5045 aﬁ'ert
1300 4991 1369 5046 iis
1406 4993 1499 5062 qui
1544 4993 1761 5059 sciunt,
1799 4993 1945 5049 unde

370 5087 585 5147 veniat,
617 5093 670 5139 et
696 5099 804 5154 quo
832 5083 1034 5137 vadat:
1072 5083 1140 5137 de
1167 5097 1276 5152 quo
1328 5098 1479 5137 nunc
1528 5085 1769 5154 loquitur
1813 5099 1944 5139 con-

371 5184 554 5231 textus
600 5175 779 5244 bujus‘
812 5173 1115 5240 orationis,
1170 5172 1362 5230 dicens
1406 5193 1419 5228 :
1474 5174 1592 5228 Duo
1636 5174 1799 5230 ubera
1848 5187 1943 5229 tua

375 5269 508 5322 sicut
539 5267 643 5320 duo
673 5265 878 5319 hinnuli
913 5266 1119 5336 gemelli
1152 5282 1390 5336 capram,
1431 5268 1521 5336 qui
1563 5278 1855 5336 pascuntur
1888 5269 1941 5320 in

2048 4352 2257 4413 τούτοις
2305 4351 2371 4404 δι’
2423 4351 2626 4404 ἑαυτῶν
2672 4350 2767 4419 τὴν
2810 4349 3033 4420 τροφὴν,
3081 4349 3158 4412 ὡς
3205 4348 3272 4402 ἂν
3321 4350 3523 4420 μηκέτι
3570 4350 3622 4402 at

2051 4444 2200 4497 σκιαὶ
2253 4444 2496 4514 κρατῶσι
2541 4443 2634 4513 τῆς
2692 4441 3130 4512 σπουδαζομένης
3185 4443 3313 4512 περὶ
3362 4441 3453 4495 τὸν
3511 4442 3621 4511 βίον

2048 4538 2262 4607 ἀπάτης
2280 4553 2295 4568 ο
2330 4535 2443 4588 ἀλλ’
2475 4534 2575 4604 ἤδη
2600 4533 2692 4587 τοῦ
2726 4532 2899 4603 φωτὸς
2930 4534 3174 4603 πανταχῆ
3202 4532 3617 4602 διαλάμψαντος,

2047 4626 2398 4697 καταυγασοῇ
2432 4625 2499 4679 τὰ
2525 4625 2700 4701 πάντα
2726 4623 2815 4677 διὰ
2841 4625 2936 4693 τῆς
2975 4623 3206 4695 ἡμέρας,
3237 4623 3335 4693 τῆς
3374 4623 3508 4675 ὅπου
3536 4622 3621 4675 θέ-

2044 4721 2126 4774 λει
2158 4719 2513 4789 διαπνεούσης
2553 4717 2615 4770 τὸ
2660 4717 2794 4785 φῶς.
2828 4716 2983 4768 Οὒτω
3021 4717 3129 4785 γάρ
3161 4732 3323 4785 φησιν
3355 4718 3384 4767 ὁ
3411 4715 3614 4782 Λόγος.

2049 4812 2199 4877 Ἕως
2242 4806 2313 4866 οὗ
2346 4809 2684 4877 dcam-nim]
2723 4809 2761 4875 ἡ
2791 4806 2999 4877 ἡμέρα,
3054 4805 3150 4859 καί
3187 4803 3517 4872 κινηθῶση·
3559 4806 3615 4858 al

2042 4903 2229 4961 σκιαί.
2254 4898 2414 4963 Οἶδας
2433 4898 2490 4952 δὲ
2519 4899 2734 4961 πάντως
2762 4897 2911 4969 παρὰ
2931 4896 3024 4950 τοῦ
3051 4895 3383 4964 Εὐαγγελίου
3408 4896 3610 4966 μαθὼν,

2041 4994 2123 5046 ὅτι
2151 4992 2213 5044 τὸ
2257 4989 2483 5061 Πνεῦμά
2511 4991 2627 5042 ἐστι
2670 4989 2730 5042 τὸ
2759 4990 2932 5057 ἅγιον,
2965 4988 3026 5040 τὸ
3053 4987 3140 5041 διὰ
3166 4986 3259 5040 τοῦ
3291 4988 3446 5039 πνεῖν
3482 4987 3612 5040 ὅπου

2040 5082 2287 5152 βούλεται
2333 5080 2448 5149 φῶς
2504 5079 2766 5150 ἐμποιοῦν
2823 5081 2936 5141 τοῖς
2995 5076 3443 5147 ἐπανισταμένοις
3495 5077 3611 5131 ὅθεν

2038 5173 2253 5244 ἔρχεται
2276 5214 2290 5240 ,
2319 5175 2412 5228 καὶ
2441 5174 2542 5228 ποῦ
2569 5163 2765 5241 ὑπάγει
2788 5189 2801 5201 ο
2826 5171 2954 5242 περὶ
2997 5161 3059 5223 οῦ
3088 5168 3181 5223 νῦν
3207 5171 3235 5222 ὁ
3260 5168 3416 5237 λόγος
3445 5168 3611 5232 οὕτως

2038 5265 2386 5336 διεξέρχεται*
2417 5268 2530 5321 Δύο
2564 5264 2786 5333 μαστοί
2819 5278 2934 5315 σου
2975 5262 3055 5326 ὠς
3081 5260 3190 5314 δύο
3223 5260 3419 5327 νεϐροί
3454 5259 3612 5313 δίδυ-

375 5351 505 5407 liln's
524 5393 540 5417 ,
572 5354 733 5406 donec
758 5355 1009 5421 perspiret
1039 5354 1150 5407 dies
1176 5363 1225 5408 et
1257 5366 1560 5409 moveantur
1580 5356 1802 5410 umbrw.
1835 5355 1858 5409 Ε

2118 5372 2136 5406 ι
2169 5353 2481 5421 δορκάδος,
2529 5357 2582 5409 οἱ
2610 5353 2921 5423 νεμόμενοι
2953 5351 3022 5404 ἐν
3058 5349 3181 5416 τοῖς
3225 5350 3474 5418 κρίνοις,
3505 5346 3609 5414 ἕως

447 5530 491 5559 ⁸⁵
537 5528 657 5582 ι’δηι
714 5546 902 5593 xxxm,
944 5530 1026 5583 l8.

1135 5531 1181 5562 ⁸⁸
1209 5530 1349 5584 Psal.
1386 5546 1552 5596 vau,
1588 5530 1672 5584 l8.
1743 5528 1786 5561 ⁸⁷
1830 5524 1858 5580 ι

2116 5545 2194 5596 ιιι,
2232 5527 2318 5582 72.
2398 5524 2443 5557 ⁸⁸
2473 5524 2662 5578 Matth.
2725 5540 2772 5589 v,
2810 5523 2898 5580 Li.
