3742 5986
153 173 255 228 937

1185 170 1252 225 IN
1283 168 1581 226 CANTICA
1633 164 1902 222 CANTIC.
1943 163 2227 221 HOMILIA
2265 162 2379 219 VII.

3310 155 3413 211 958

153 282 225 344 οὗ
255 285 601 354 διαπνεύσῃ
637 285 676 351 ἠ
709 285 922 354 ἡμέρα,
960 286 1059 338 καὶ
1094 285 1422 354 κινηθῶσιν
1457 289 1514 338 al
1548 282 1734 337 σκιαΙ.

1928 283 1984 336 ad
2020 284 2140 338 dies
2172 280 2394 351 quidem
2429 278 2647 335 dicatur
2682 276 2923 365 §piritus
2953 288 3180 332 sanctus
3206 315 3219 339 ,
3258 272 3326 329 iis
3361 273 3414 326 in

164 375 330 431 "sua:
355 376 419 428 τὸ
463 375 562 445 μὲν
595 376 809 446 ἡμέραν
852 374 1105 442 λέγεσθαι
1135 376 1195 430 τὸ
1221 376 1444 448 Πνεῦμα
1472 376 1533 428 τὸ
1563 375 1735 444 ἆγιον,

154 467 266 535 φῶς
297 465 461 519 πνέον
499 459 582 528 οἷς
611 464 677 519 ἂν
696 465 1009 534 ἐγγένηται,
1037 466 1136 520 οὐκ
1158 463 1311 538 οἶμαί
1340 485 1460 521 τινα
1484 468 1590 521 τῶν
1615 466 1740 521 νοῦν

153 558 388 627 ἑχόντων
436 556 778 609 ἐπιδιστάσαι
824 555 903 626 τῷ
949 557 1112 628 λόγῳ.
1154 559 1215 612 Ei
1265 560 1373 630 γὰρ
1408 559 1513 613 υἱοί¹
1566 559 1740 627 φωτὸς
1792 623 1799 630 ,

153 648 249 702 καὶ
298 646 408 699 etot
436 646 647 717 ἡμέρας
691 646 931 714 γίνονται
982 650 1031 701 ot
1075 648 1424 719 γεννηθέντες
1469 648 1621 720 παρὰ
1647 647 1739 701 τοῦ

154 740 493 810 Πνεύματος,
522 738 574 790 τί
609 739 737 793 ἄλλο
769 739 874 809 χρὴ
903 742 1043 794 νοεῖν
1067 739 1386 815 τὸηΠνεῦμα
1409 739 1472 792 τὸ
1499 741 1671 809 ἆγιον,
1705 740 1740 811 ἢ

152 830 270 898 φῶς
298 831 395 883 καὶ
425 830 657 901 ἡμέραν,
685 824 754 900 ἧς
786 831 819 900 ἡ
850 829 985 902 πνοὴ
1014 831 1381 901 φυγαδευτικὴ
1425 830 1534 884 τῶν
1571 830 1741 883 σκιῶν

151 920 254 990 τῆς
308 920 669 991 ματαιότητος
720 920 965 986 γίνεται;
1029 921 1264 987 Ἀνάγκη
1295 916 1407 991 γὰρ’
1452 921 1600 972 πᾶσα
1647 917 1740 971 τοῦ

153 1016 308 1086 ἡλίου
339 1015 598 1083 φανέντος
624 1014 722 1077 τὰς
768 1014 927 1077 σκιάς
962 1014 1037 1084 μὴ
1084 1015 1285 1083 μένειν,
1320 1014 1455 1067 ἀλλὰ
1500 1031 1744 1083 μεταχω-

158 1110 272 1177 ρεῖν
303 1123 364 1158 τε
407 1106 503 1159 καὶ
534 1105 979 1176 μετανίστασθαι.
1017 1104 1090 1157 Τὸ
1128 1105 1182 1179 δὲ
1230 1107 1358 1172 περὶ
1389 1104 1497 1156 τῶν
1539 1105 1630 1158 δύο
1657 1123 1743 1157 νε-

154 1194 306 1263 ϐρῶν
334 1192 438 1256 τῆς
464 1191 722 1263 δορκάδος
752 1194 1048 1263 μυστήριον
1085 1191 1338 1264 εὐκαιρον
1366 1193 1431 1247 ἂν
1452 1194 1536 1264 εἴη
1580 1211 1746 1263 προσ-

153 1286 331 1337 θεῖναι
395 1286 463 1354 τῇ
494 1282 735 1348 ἐξετάσει
765 1283 859 1335 τοῦ
903 1283 1084 1351 λόγου.
1114 1277 1189 1337 ὧν
1214 1284 1431 1355 δίδυμος
1470 1286 1569 1355 μέν
1598 1287 1744 1338 ἐστιν

154 1380 188 1444 ἡ
224 1376 462 1443 γένεσις,
511 1375 685 1445 τροφὴ
730 1374 786 1426 δὲ
816 1374 878 1427 τὸ
915 1376 1129 1444 κρίνον·
1165 1376 1329 1439 τόπος
1374 1378 1430 1430 δὲ
1478 1378 1668 1448 νομῆς,
1711 1378 1743 1446 ἡ

153 1466 339 1537 ἀγαθή
391 1483 451 1517 τε
499 1465 595 1519 καὶ
636 1465 809 1536 πιαρὰ
858 1466 952 1536 γῆ.
982 1466 1129 1537 Αὐτὴ
1174 1467 1232 1520 δέ
1270 1470 1418 1520 ἐστιν
1460 1472 1492 1539 ἡ
1528 1470 1742 1540 καρδία,

155 1556 302 1611 κατὰ
336 1555 430 1608 τὸν
455 1556 555 1625 τῆς
585 1554 899 1626 παραϐολῆς
931 1556 1025 1609 τοῦ
1064 1557 1270 1627 Κυρίου
1300 1558 1487 1626 λόγον’
1525 1562 1581 1611 ἐν
1610 1560 1742 1629 αὐτῇ

1841 372 2046 440 quibus
2076 370 2243 428 fuerit
2276 372 2453 426 lucem
2488 363 2741 440 spirans,
2780 368 3056 423 neminem
3096 380 3222 422 esse
3264 363 3415 421 arbi-

1842 472 1957 517 tror
1983 480 2047 518 ex
2081 465 2150 519 iis
2177 466 2283 534 qui
2307 463 2528 533 sapiunt
2569 462 2665 532 qui
2712 461 2943 516 dubitet.
2989 460 3046 515 Si
3089 460 3236 516 enim
3281 459 3417 514 ﬁunt

1845 556 1937 610 ﬁlii
1974 556 2112 611 lucis
2140 566 2195 611 et
2222 556 2319 610 ﬁlii
2351 556 2459 610 diei
2493 555 2585 625 qui
2615 560 2952 625 generantur
2980 569 3044 608 ex
3073 562 3265 609 sancto
3293 550 3415 621 Spi-

1842 649 1953 701 ritu
1983 663 1995 700 :
2046 647 2178 716 quid
2225 647 2372 701 aliud
2409 632 2712 716 intelligere
2747 651 2963 714 Oportet
2991 642 3258 714 Spiritum
3290 657 3419 698 san—

1842 747 1990 791 etum
2012 775 2027 800 ,
2061 752 2224 806 quam
2250 736 2429 792 lucem
2459 742 2511 789 et
2541 736 2719 799 diem,
2749 734 2908 804 cujus
2963 734 3192 804 spiratio
3229 731 3416 803 expel-

1845 825 1907 878 lit
1940 825 2164 880 umbras
2207 825 2513 880 vanitatis?
2556 823 2795 879 Omnino
2836 823 2982 879 euim
3027 837 3254 879 necesse
3300 831 3417 887 est,

1845 921 1904 964 ut
1938 927 2059 967 cum
2105 914 2187 967 sol
2214 913 2572 983 apparuerit,
2611 913 2820 968 umbra:
2849 927 2958 966 non
2991 920 3280 974 maneant,
3324 909 3422 966 sed

1845 1013 2128 1057 transeant
2153 1013 2205 1058 et
2233 1004 2539 1059 discedant.
2563 1003 2878 1075 Mysterium
2911 1013 3089 1058 autem
3117 1003 3184 1058 de
3208 1002 3422 1057 duobus

1846 1109 2059 1163 caprea:
2108 1095 2353 1149 hinnulis
2397 1103 2769 1165 opportunum
2822 1095 2989 1151 fuerit
3024 1096 3266 1163 adjicere
3299 1110 3424 1149 ver-

1844 1186 2040 1237 boru‘m
2086 1195 2376 1240 contextus
2412 1185 2848 1246 examinationi,
2884 1199 3121 1254 quorum
3166 1183 3423 1255 geminus

1846 1274 2066 1342 quidem
2102 1274 2204 1330 fuit
2235 1283 2466 1353 partus,
2520 1277 2924 1332 nutrimentum
2979 1284 3161 1331 autem
3208 1276 3421 1339 lilium,

1848 1381 2066 1436 pascuae
2094 1374 2276 1422 autem
2309 1377 2456 1423 terra
2489 1369 2631 1423 bona
2664 1378 2719 1424 et
2748 1370 2989 1440 pinguis.
3019 1368 3096 1423 Ea
3125 1376 3308 1422 autem
3340 1375 3425 1423 est

1852 1472 1968 1522 cor,
1993 1460 2386 1514 convenienter
2407 1460 2455 1514 ei
2479 1460 2625 1530 quod
2651 1461 2786 1515 dicit
2808 1460 3025 1515 Domini
3051 1460 3310 1530 parabola
3335 1461 3382 1492 ⁸⁸
3409 1478 3423 1515 :

1850 1549 1903 1600 in
1950 1563 2014 1602 eo
2061 1557 2353 1617 pascentes
2380 1589 2394 1611 ,
2430 1560 2481 1603 et
2528 1565 2790 1619 purarutn
2826 1549 3221 1619 cogitationum
3261 1564 3329 1603 ex
3362 1562 3428 1600 ro

153 1649 216 1701 δὲ
235 1615 549 1717 νεμόμενοί,
580 1615 677 1703 καί
697 1644 822 1709 τούς
858 1615 1137 1716 καθαροὺς
1156 1615 1225 1711 ’ἐξ
1252 1615 1422 1715 αὐτῑξς
1458 1615 1749 1718 λογισμοὺς

1928 1657 2013 1693 res
2043 1615 2315 1711 legentes,
2344 1615 2736 1712 pinguescunt.
2770 1615 3107 1697 Flosvautem
3138 1641 3233 1694 lilii
3264 1639 3429 1695 habet

155 1736 598 1805 ἁνθολογοῦντες,
630 1736 954 1791 πιαίνονται.
991 1737 1064 1789 Τὸ
1092 1736 1148 1791 δὲ
1178 1738 1336 1803 ἄνθος
1370 1739 1430 1791 τὸ
1457 1740 1637 1808 κρίνον
1672 1739 1749 1791 δι-

157 1830 305 1899 πλῆν
341 1829 454 1899 ἔχει
486 1828 585 1899 τὴν
610 1828 771 1900 χάριν
811 1828 963 1899 παρὰ
991 1830 1089 1900 τῆς
1119 1828 1354 1897 φύσεως,
1387 1831 1639 1897 εὐπνοίας
1681 1835 1746 1901 τῇ

156 1921 388 1991 εὐχροίᾳ
414 1920 893 1991 συμμεμιγμένης,
928 1919 1004 1983 ὡς
1033 1921 1155 1974 καθ’
1190 1923 1450 1992 ἑκάτερον
1474 1918 1612 1975 εἶναι
1638 1926 1748 1986 τοῖς

157 2016 517 2084 δρεπομένοις
557 2011 840 2082 ἐράσμιον,
873 2013 981 2065 εἴτε
1011 2015 1076 2084 τῇ
1106 2013 1370 2084 ὀσφρήσει
1403 2013 1746 2085 προσάγοιεν,

158 2105 274 2157 εἴτε
312 2105 427 2165 τοῖς
458 2101 752 2173 ὀφθαλμοῖς
790 2103 882 2157 τοῦ
914 2102 1143 2167 κάλλους
1181 2105 1280 2173 τῆς
1305 2104 1453 2176 ὥρας
1484 2122 1752 2176 κατατρυ-

161 2194 332 2265 φῷεν.
380 2194 446 2246 Ἦ
479 2193 578 2263 μὲν
606 2193 715 2264 γάρ
746 2193 1012 2264 ὄσφρησις
1034 2193 1132 2263 τῆς
1156 2194 1249 2247 τοῦ
1272 2194 1504 2264 Χριστοῦ
1529 2195 1751 2257 εὐωδίας

163 2286 386 2355 πλήρης
434 2284 675 2353 γίνεται’
720 2284 807 2339 διὰ
851 2285 907 2338 δὲ
959 2285 1053 2339 τοῦ
1102 2286 1277 2349 εἴδους
1317 2285 1646 2339 ἐνδείκνυται
1693 2285 1752 2339 τὸ

162 2375 412 2446 καθαρόν
438 2393 497 2428 τε
531 2376 625 2428 καὶ
650 2374 1001 2444 ἀκηλίδωτον.

237 2466 394 2535 Τάχα
419 2465 599 2518 τοίνυν
627 2465 727 2537 ἢδη
756 2464 844 2518 διὰ
876 2466 983 2518 τῶν
1016 2467 1318 2538 εἰρημένων
1364 2470 1752 2539 σεσαφήνισται

165 2559 301 2625 ¹ἡμῖν
326 2556 387 2608 τὸ
408 2556 514 2609 ὐπὸ
544 2553 637 2609 τοῦ
668 2555 828 2623 λόγου
850 2555 1197 2627 δηλούμενον,
1221 2559 1302 2611 ὅτι
1326 2558 1421 2611 δύο
1449 2558 1753 2630 ἀνθρώπων

166 2651 227 2699 ὲν
258 2648 374 2710 τοῖς
412 2645 532 2699 καθ’
561 2646 788 2699 ἕκαστον
828 2646 1236 2718 θεωρουμένων,
1264 2650 1357 2702 τοῦ
1385 2651 1483 2720 μὲν
1515 2668 1756 2722 σωματι-

168 2738 268 2791 κοῦ
318 2755 377 2791 τε
424 2738 517 2794 καὶ
555 2738 902 2809 φαινομένου,
939 2739 1033 2793 τοῦ
1070 2740 1124 2792 δὲ
1160 2741 1348 2810 νοητοῦ
1376 2760 1435 2795 τε
1468 2743 1564 2797 καὶ
1589 2745 1754 2816 ἀορά-

165 2848 285 2893 του,
330 2830 552 2901 δίδυμος
597 2831 695 2902 μὲν
720 2831 1027 2903 ἀμφῶερός
1072 2834 1219 2886 ἐστιν
1257 2835 1291 2904 ἡ
1333 2836 1564 2903 γένεσις,
1611 2837 1753 2890 κατὰ

1847 1735 2119 1803 duplicem
2152 1750 2183 1787 ει
2212 1741 2410 1788 natura
2441 1736 2674 1804 gratiam
2698 1775 2711 1795 .
2747 1742 2935 1804 utpote
2964 1734 3119 1789 suavi
3147 1734 3317 1789 odore
3346 1735 3427 1789 si-

1851 1827 1963 1878 mul
2012 1826 2178 1880 misto
2220 1840 2345 1878 cum
2402 1825 2587 1880 colore
2617 1843 2629 1878 :
2669 1826 2804 1877 adeo
2833 1833 2893 1877 ut
2924 1824 2971 1879 is
3005 1825 3059 1877 in
3094 1831 3326 1892 utroque
3356 1824 3428 1878 sit

1849 1926 2038 1986 gratus
2095 1924 2149 1969 et
2196 1915 2449 1970 amabilis
2497 1915 2847 1979 hominibus,
2886 1924 2946 1968 ut
2984 1916 3109 1985 qui,
3161 1915 3277 1970 sive
3312 1929 3432 1968 mo-

1853 2016 2080 2061 veantur
2102 2005 2308 2061 olfactu
2328 2047 2341 2067 ,
2372 2007 2488 2062 sive
2515 2008 2715 2072 oculis,
2744 2007 2866 2077 ejus
2893 2023 2952 2062 se
2974 2009 3193 2077 possint
3214 2008 3431 2063 abunde

1850 2099 2114 2152 oblectari
2151 2098 2582 2168 pulchritudine.
2619 2097 2898 2155 Odoratus
2929 2100 3150 2169 quidem
3187 2101 3432 2170 repletur

1851 2189 1994 2244 bono
2025 2189 2194 2244 odore
2225 2175 2468 2255 Christi,
2504 2205 2603 2259 per
2634 2190 2864 2245 formam
2900 2198 3084 2246 autem
3120 2191 3432 2249 ostenditur

1852 2282 2064 2352 puritas
2095 2290 2150 2336 et
2176 2283 2321 2336 nulla
2349 2297 2473 2339 esse
2500 2282 2845 2353 inquinatum
2874 2284 3112 2339 macula.

1928 2472 2087 2528 Forte
2119 2480 2298 2526 autem
2329 2487 2517 2527 eorum
2551 2486 2672 2542 quae
2706 2470 2851 2526 dicta
2879 2478 3025 2547 "sunt
3062 2471 3433 2527 declarabitur

1853 2565 2168 2619 obscuritas
2187 2605 2203 2629 ,
2231 2565 2276 2620 si
2307 2565 2412 2619 hoc
2439 2564 2711 2634 signiﬁcet
2741 2564 2921 2619 oratio
2944 2602 2958 2627 ,
2986 2562 3134 2634 quod
3165 2578 3290 2617 cum
3322 2564 3434 2619 duo

1854 2657 2106 2710 homines
2136 2654 2564 2711 considerentur
2605 2656 2659 2710 in
2702 2656 2972 2726 singulis,
3023 2670 3170 2710 unus
3210 2646 3429 2725 quidem

1855 2748 2161 2819 corporalis
2189 2759 2241 2802 et
2270 2762 2539 2817 apparens
2558 2790 2573 2815 ,
2609 2748 2749 2802 alter
2777 2763 2911 2803 vero
2945 2748 3039 2816 qui
3074 2747 3434 2817 intelligentia

1859 2839 2181 2912 percipitur,
2211 2847 2266 2894 et
2293 2855 2400 2893 non
2445 2847 2531 2895 est
2579 2839 2964 2909 aspectabilis,
3014 2839 3267 2909 geminus
3313 2838 3437 2909 qui-

168 2920 367 2974 ταύτὸν
393 2921 646 2992 ἀλλήλοις
684 2922 1193 2994 συνεπιδημούντων
1217 2924 1297 2996 τῷ
1331 2925 1451 2996 βίῳ.
1482 2927 1617 2980 Οῦτε
1644 2930 1752 2999 γὰρ

1932 2948 1983 2985 m
2012 2942 2095 2987 est
2121 2932 2409 2985 amborum
2440 2938 2633 2986 ortus:
2664 2945 2790 2985 cum
2820 2930 2925 3000 ipsi
2970 2929 3137 2985 simul
3182 2930 3329 2985 inter
3379 2943 3436 2983 se

171 3013 519 3085 προῦπάρχει
567 3013 660 3067 τοῦ
709 3012 959 3085 σώματος
1000 3017 1033 3086 ἠ
1077 3016 1222 3087 ψυχή
1244 3030 1259 3044 ⁸
1308 3017 1430 3072 οὐτε
1481 3037 1754 3090 προκατα-

172 3103 500 3167 σκευάζεται
539 3104 641 3173 τῆς
677 3105 853 3175 ψυχῆς
881 3106 943 3159 τὸ
972 3106 1132 3177 σῶμα
1153 3123 1168 3138 ⁸
1207 3108 1323 3161 ἀλλ’
1360 3112 1669 3180 ὀμοχρόνως
1698 3113 1755 3163 ἐν

172 3196 239 3264 τῇ
274 3191 389 3264 ζωῇ
421 3194 680 3261 γίνονται.
718 3195 904 3266 Τροφὴ
944 3197 1001 3250 δὲ
1043 3198 1254 3261 τούτοις
1286 3198 1428 3252 κατὰ
1460 3201 1622 3269 φύσιν
1656 3204 1755 3271 μέν

173 3287 345 3348 ἐστιν,
367 3287 402 3355 ἠ
428 3286 738 3357 καθαρότης
756 3286 849 3339 καὶ
877 3287 1095 3354 εὐωδία,
1114 3288 1210 3342 καὶ
1239 3291 1417 3344 πάντα
1432 3292 1501 3345 τά
1530 3292 1756 3347 τοιαῦτα

170 3369 246 3429 ὧν
285 3376 609 3447 εὐφοροῦσιν
633 3378 689 3429 αί
721 3377 929 3448 ἀρεταί.
966 3380 1122 3432 Ἔστι
1149 3380 1205 3432 δὲ
1243 3382 1333 3434 ὅτε
1352 3382 1415 3435 τὸ
1433 3383 1756 3455 δηλητήριον

171 3482 314 3519 τισιν
359 3467 483 3519 ἀντὶ
524 3467 789 3538 τροφίμου
844 3469 1217 3535 σπουδάζεται,
1262 3471 1313 3524 οἳ
1360 3474 1481 3544 οὐχὶ
1520 3474 1590 3528 τὰ
1620 3476 1755 3544 άνθη

173 3557 281 3610 τῶν
321 3557 534 3629 ἀρετῶν
562 3558 963 3626 ἐπιδόσκονται,
1013 3562 1128 3615 ἀλλ’
1156 3563 1418 3628 ἀκάνθαις
1447 3566 1758 3637 ἐπιτέρπον-

173 3664 263 3701 ται
309 3647 406 3700 καὶ
447 3648 735 3717 τριϐόλοις.
800 3649 954 3705 Οὕτω
1003 3652 1109 3725 γὰρ
1155 3653 1255 3723 τῆς
1306 3656 1620 3728 παραϐολῆς
1662 3658 1754 3710 τοῦ

176 3737 507 3805 Εὐαγγελίου
552 3740 926 3812 ὀνομαζούσης
963 3744 1059 3806 τὰς
1101 3745 1374 3816 ἁμαρτίας
1419 3748 1755 3818 ἠκούσαμεν,

175 3819 250 3879 ὧν
294 3828 328 3897 ὴ
372 3827 589 3897 κατάρα
630 3829 725 3889 τοῦ
773 3829 949 3898 ὅψεως
994 3834 1093 3903 τὴν
1137 3834 1313 3906 κακὴν
1363 3836 1598 3907 βλάστην
1632 3840 1756 3911 ἐδη-

179 3918 536 3990 μιούργησεν.
603 3920 818 3991 Ἐπειδὴ
858 3922 1037 3976 τοίνυν
1070 3925 1422 3997 διακριτικῶν
1466 3931 1758 4001 ὀφθαλμῶν

178 4013 294 4063 ἐστι
323 4010 504 4081 χρεία,
537 4011 644 4064 τῶν
666 4012 978 4083 δυναμένων
1006 4019 1062 4069 ὲν
1090 4019 1347 4092 ἀκριϐείᾳ
1380 4021 1670 4090 διαγνῶναι
1698 4025 1759 4077 τὸ

180 4099 362 4170 κρίνον
407 4117 468 4152 τε
514 4100 607 4153 καὶ
650 4101 748 4171 τὴν
787 4102 1047 4167 ἄκανθαν,
1088 4107 1181 4160 καὶ⁹
1233 4110 1292 4161 τὸ
1344 4113 1441 4181 μὲν
1494 4115 1758 4185 σωτήριον

179 4191 530 4262 προελέσθαι,
577 4192 638 4246 τὸ
680 4192 739 4246 δὲ
793 4194 1114 4267 φθοροποιὸν
1161 4201 1620 4273 ἀποπέμψασθαι·
1672 4208 1759 4260 διὰ

1856 3024 2137 3094 conjuncti
2172 3022 2394 3077 veniant
2422 3018 2477 3076 in
2510 3022 2699 3075 vitam.
2736 3019 2870 3074 Nam
2906 3036 3085 3091 neque
3127 3021 3313 3075 anima
3355 3028 3435 3075 est

1859 3128 1983 3171 ante
2013 3130 2217 3184 corpus
2242 3132 2256 3179 ;
2293 3129 2469 3183 neque
2512 3120 2638 3168 ante
2668 3113 2907 3167 animam
2938 3113 3286 3168 construitur
3313 3127 3436 3168 cor-

1861 3224 1961 3287 pus
1986 3249 2000 3271 ι
2037 3209 2129 3263 sed
2161 3207 2352 3264 eodem
2403 3213 2649 3275 tempore
2679 3205 2733 3258 in
2767 3206 2876 3258 vita
2910 3204 3074 3259 simul
3104 3205 3437 3259 conveniunt

1858 3316 1921 3353 ac
1966 3300 2337 3354 consentiunt.
2397 3297 2728 3350 Alimentum
2781 3305 2960 3351 autem
3011 3296 3091 3350 eis
3134 3295 3438 3350 secundum

1858 3396 2109 3444 naturam
2139 3390 2358 3458 quidem
2385 3396 2472 3442 est
2498 3387 2711 3456 puritas
2737 3395 2788 3441 et
2820 3387 3000 3442 bonus
3024 3387 3183 3451 odor,
3213 3395 3267 3441 et
3293 3402 3438 3456 qua:-

1858 3496 2075 3552 cunque
2121 3489 2249 3537 sum
2282 3481 2824 3550 ejusmodi,quorum
2859 3478 3069 3534 fertiles
3104 3489 3236 3533 sunt
3267 3481 3439 3533 virtu-

1867 3584 1969 3631 tes.
1995 3574 2227 3640 Quidam
2285 3580 2465 3626 autem
2497 3583 2891 3638 nonnunquam
2924 3575 3180 3622 tenentur
3229 3569 3439 3637 majore

1860 3668 2042 3721 studio
2073 3665 2264 3719 veneni
2298 3678 2464 3732 quam
2496 3659 2818 3715 nutrimenti
2844 3698 2860 3722 ,
2893 3659 2987 3728 qui
3024 3659 3289 3713 virtutum
3338 3657 3439 3713 ﬂo-

1860 3758 2013 3812 ribus
2045 3770 2154 3808 non
2187 3762 2511 3822 pascuntur,
2548 3750 2642 3806 sed
2676 3749 2851 3819 spinis
2887 3735 3229 3803 delectantur
3254 3756 3309 3803 et
3338 3750 3437 3803 tri‘

1861 3849 2029 3902 bulis.
2059 3843 2193 3899 Nam
2226 3842 2543 3913 parabolam
2579 3838 2858 3908 Evangelii
2888 3837 3198 3893 audivimus
3224 3837 3304 3892 sic
3335 3852 3438 3891 no-

1859 3940 2156 3993 minantem
2179 3941 2422 4006 peccata,
2444 3948 2675 4003 quorum
2701 3931 2903 3985 malum
2922 3944 3144 4001 germen
3166 3931 3438 3999 serpentis

1861 4033 2125 4086 fabricata
2170 4036 2255 4085 est
2289 4027 2619 4081 maledictio.
2653 4024 2789 4079 Cum
2829 4039 2960 4094 ergo
2999 4021 3344 4077 discernendi
3388 4023 3439 4075 vi

1864 4122 2074 4193 przl‘dlll
2100 4121 2245 4174 oculi
2277 4125 2535 4173 accurate
2559 4125 2858 4187 exacteque
2884 4116 3098 4187 possint
3126 4113 3440 4170 discernere

1862 4216 2040 4269 lilium
2089 4220 2142 4266 et
2189 4211 2437 4281 spinam,
2474 4218 2531 4264 et
2572 4209 2771 4279 eligere
2798 4206 3018 4277 quidem
3063 4206 3115 4260 id
3162 4206 3307 4275 quod
3356 4212 3441 4260 est

176 4282 335 4336 τοῦτο
364 4283 455 4336 τὸν
486 4282 606 4336 καθ’
633 4286 924 4358 ὁμοιότητα
949 4288 1041 4341 τοῦ
1076 4292 1310 4361 μεγάλου
1345 4295 1559 4349 Παύλου
1588 4297 1752 4367 μαζὸν

1931 4308 2141 4371 lutare,
2190 4304 2487 4359 amandare
2531 4310 2713 4355 autem
2765 4299 2818 4352 id
2862 4300 3006 4367 quod
3052 4306 3136 4352 est
3177 4297 3437 4362 exitiale;

176 4377 288 4438 τοῖς
320 4375 538 4444 νηπίοις
584 4377 894 4446 γενόμενον,
932 4382 1027 4434 καὶ
1060 4383 1604 4458 γαλακτοτροφοῦντα
1632 4393 1757 4454 τούς

176 4471 479 4538 άρτιγενεῖς
526 4468 626 4538 τῆς
681 4470 1024 4542 Ἐκκλησίας,
1069 4474 1236 4529 δυάδα
1285 4477 1472 4548 μαζῶν
1510 4481 1758 4552 ἀλλήλοις

180 4557 650 4627 συγγεννηθέντων
674 4558 780 4613 τῶν
808 4563 918 4623 τοῖς
954 4563 1163 4633 νεϐροῖς
1185 4566 1575 4640 τῆς,δορκάδος
1602 4572 1759 4626 ἀπει-

179 4652 467 4721 κασμένων
522 4652 840 4721 ὠνόμασεν,
897 4655 986 4708 διὰ
1044 4657 1262 4712 πάντων
1326 4665 1620 4734 μαρτυρῶν
1678 4666 1758 4738 τῷ

179 4743 403 4813 τοιούτῳ
453 4743 604 4811 μέλει
649 4744 749 4813 τῆς
791 4746 1118 4817 Ἐκκλησίας
1159 4750 1219 4803 τὸ
1266 4751 1522 4824 δόκιμονο
1574 4756 1656 4810 ὅτι
1699 4776 1758 4812 τε

182 4832 300 4886 καθ’
330 4834 594 4906 ἑκάτερον
625 4834 900 4891 εὐοδοῦται
943 4839 1077 4910 πρὸς
1098 4841 1197 4910 τὴν
1225 4843 1333 4896 τῶν
1363 4845 1616 4919 καθαρῶν
1643 4850 1761 4920 κρί-

180 4939 281 5013 νων
324 4924 521 5013 νομὴν,
559 4924 862 4997 ὀξυδερκῶς
900 4928 1174 5001 διακρίνον
1219 4934 1314 4987 τοῦ
1358 4939 1622 5009 τροφίμου
1662 4943 1759 5013 τὴν

179 5010 415 5099 ἄκανθαν
434 5029 450 5044 ’
482 5013 575 5066 καὶ
611 5014 691 5067 ὅτι
734 5017 863 5087 περὶ¹
886 5017 947 5070 τὸ
975 5019 1299 5090 ἡγεμονικὸν
1338 5010 1754 5099 ἀναστρέφεται,

186 5097 238 5158 »ὗ
271 5105 545 5177 σύμϐολον
574 5107 608 5177 ἠ
653 5108 849 5180 καρδία
882 5111 1053 5176 ἐστὶν,
1090 5114 1122 5183 ή
1164 5114 1230 5167 δι’
1265 5116 1463 5188 ἑαυτῆς
1492 5097 1616 5185 τοὺς
1654 5141 1760 5195 μα-

182 5194 305 5259 ζοὺς
331 5196 785 5266 ὑποστρέφουσα·
819 5200 914 5253 καὶ
960 5199 1039 5253 ἔτι
1083 5203 1221 5273 πρὸς
1253 5205 1483 5271 τούτοις,
1533 5211 1616 5266 ὅτι
1658 5215 1758 5268 οὐκ

182 5287 236 5338 ἐν
264 5286 444 5357 ἐαυτῷ
472 5287 782 5341 κατακλείει
804 5289 902 5361 τὴν
926 5291 1107 5364 χάριν,
1136 5294 1251 5348 ἀλλ’
1284 5298 1473 5368 ἐπέχει
1497 5304 1607 5367 τοῖς
1643 5304 1756 5359 δεο-

189 5375 360 5443 μένοις
386 5376 482 5432 τοῦ
513 5377 674 5432 λόγου
699 5380 799 5433 τίκν
827 5380 1015 5453 θηλὴν,
1045 5383 1121 5447 ὡς
1145 5385 1211 5440 ἂν
1242 5388 1439 5459 τροφὸς
1467 5391 1660 5450 θάλπει
1690 5396 1759 5452 τὰ

249 5554 297 5586 ⁵⁹
328 5554 525 5612 Matth.
557 5572 678 5622 xm,
719 5557 753 5611 '5
778 5572 899 5630 sqq.

422 5654 694 5716 ΡΑτιιοι..
737 5654 829 5715 Gtt
893 5655 1108 5720 XLIV.
1210 5720 1215 5725 .

1869 4402 2158 4463 propterea
2190 4407 2313 4445 eum
2348 4391 2439 4460 qui
2487 4389 2684 4445 similis
2722 4400 2917 4456 magno
2947 4384 3118 4439 Paulo
3151 4393 3237 4440 est
3268 4386 3441 4439 instar

1866 4482 2098 4539 nutricis
2137 4482 2442 4536 infantibus
2465 4523 2479 4545 ,
2512 4488 2566 4535 et
2609 4480 2746 4533 lacte
2784 4476 2956 4531 nutrit
2998 4492 3093 4532 eos
3122 4476 3214 4547 qui
3250 4491 3441 4532 recens

1867 4577 1981 4631 nati
2014 4585 2145 4633 sunt
2175 4576 2230 4630 in
2274 4574 2549 4636 Ecclesia,
2583 4572 2695 4627 duo
2734 4572 2904 4641 ubera
2945 4571 3108 4626 simul
3148 4569 3438 4640 congenita

1865 4669 2204 4734 nominavit,
2234 4683 2355 4737 quae
2383 4665 2685 4721 assimilata
2731 4675 2863 4719 sunt
2912 4664 3154 4720 hinnulis
3186 4677 3399 4734 capreae
3421 4705 3437 4729 ,

1867 4777 1962 4831 per
1989 4761 2173 4815 omnia
2215 4759 2519 4815 testiﬁcans
2563 4758 2833 4827 ejusmodi
2884 4757 3130 4810 membro
3180 4755 3440 4811 Ecclesia:

1865 4852 2236 4920 praestantiam
2265 4853 2449 4907 inesse
2474 4850 2553 4904 illi
2582 4867 2595 4904 :
2622 4847 2765 4920 quod
2792 4854 2941 4902 recte
2966 4846 3271 4901 deducatur
3296 4857 3446 4901 utra-

1864 4959 1971 5014 que
2000 4958 2066 4998 ex
2109 4952 2264 5013 parte
2307 4943 2371 4996 ad
2417 4956 2619 5012 pascua
2658 4955 2918 5011 purorum
2962 4937 3238 5001 liliorum,
3278 4946 3443 4994 acute

1864 5053 2097 5093 cernens
2135 5049 2191 5091 et
2229 5036 2552 5092 discernens
2591 5036 2804 5106 spinam
2850 5034 2917 5089 ab
2945 5048 3012 5089 eo
3042 5032 3185 5102 quod
3217 5031 3313 5086 alit
3344 5050 3360 5087 :
3388 5041 3443 5088 et

1865 5130 2013 5200 quod
2055 5136 2306 5185 versatur
2349 5129 2403 5183 in
2448 5143 2512 5183 ea
2558 5129 2754 5183 anima:
2783 5125 3047 5182 facultate
3071 5139 3193 5195 quae
3221 5124 3438 5180 obtinet

1865 5219 2268 5289 principatum,
2314 5218 2474 5288 cujus
2511 5233 2610 5274 cor
2650 5224 2737 5273 est
2780 5218 2994 5288 signum
3019 5256 3035 5283 ,
3078 5213 3224 5286 quod
3254 5229 3352 5284 per
3382 5227 3443 5268 se

1868 5309 1967 5364 alit
1994 5308 2165 5364 ubera
2190 5327 2204 5363 :
2233 5315 2288 5364 et
2316 5306 2465 5378 quod
2509 5308 2566 5361 in
2604 5305 2689 5363 eis
2724 5321 2836 5361 non
2867 5306 2924 5360 in
2955 5320 3014 5361 se
3042 5303 3276 5358 includit
3299 5315 3435 5373 gra«

1867 5401 2041 5469 tiam,
2087 5398 2183 5457 sed
2230 5398 2435 5463 praebet
2477 5397 2766 5470 egentibus
2814 5396 2967 5455 verbi
3009 5394 3341 5461 mamillam,
3385 5400 3441 5450 et

3125 5675 3209 5739 30
