3742 5986
285 160 386 214 959

1577 153 1634 207 S.
1669 150 1996 206 GREGORII
2035 149 2321 205 NYSSENI

3434 154 3552 208 93.0

284 287 542 347 tanquam
578 276 760 331 nutrix
795 290 926 331 suos
960 274 1106 330 fovet
1138 273 1278 329 ﬁlios
1301 312 1315 336 ,
1361 274 1502 328 sicut
1541 273 1776 326 faciebat
1799 279 1853 326 ct

2034 272 2155 341 δτῆς
2188 273 2373 339 τέκνα,
2415 273 2592 336 καθὼς
2628 275 2797 326 ἐποίει
2847 290 2904 326 τε
2956 275 3050 328 καὶ
3083 273 3265 341 ἔλεγεν
3307 275 3337 326 ό
3376 271 3549 326 Ἀπόο

281 368 497 423 dicebat
523 365 906 437 ApOStolus“.
936 363 1074 420 Cum
1104 372 1283 418 autem
1313 364 1599 433 hucusque
1615 360 1855 416 Verbum

284 459 500 515 laudem
549 457 902 529 produxisset
945 456 1314 512 membrorum
1363 454 1657 517 Ecclesiae,
1689 455 1745 508 in
1789 455 1857 508 iis

282 568 404 624 qua:
430 551 690 622 deinceps
717 556 1045 620 sequuntur,
1074 548 1243 603 totius
1268 547 1389 617 ejus
1417 548 1668 617 corporis
1694 546 1857 602 simul
1910 600 1918 608 ,

286 641 786 706 facitcncomium,
820 639 1039 711 quando
1092 654 1189 710 per
1238 645 1471 693 mortem
1525 638 1859 693 destruxerit

283 748 409 788 eum
476 733 571 804 qui
620 732 817 787 mortis
864 731 1098 786 habebat
1138 731 1427 800 imperium
1464 730 1529 796 “,
1562 728 1855 785 et‘iterum

285 826 526 894 seipsum
580 822 864 878 reduxerit
910 821 979 876 ad
1030 837 1184 877 suam
1232 823 1460 893 gloriam
1513 821 1856 885 divinitatis,

284 929 447 983 quam
494 913 684 967 habuit
731 912 799 967 ab
852 911 1031 977 initio,
1054 913 1373 983 priusquam
1413 921 1560 967 esset
1600 912 1856 967 mundus.

286 1004 418 1059 Nam
458 1019 581 1058 cum
614 1003 883 1059 dixisset:
938 1001 1035 1055 Ibo
1068 1002 1197 1056 mihi
1237 1003 1305 1056 ad
1334 1012 1560 1057 montem
1606 1001 1857 1072 myrrhw,

285 1106 335 1152 et
358 1096 427 1149 ad
466 1094 651 1149 collem
682 1094 874 1158 thuris,
902 1093 1102 1164 adjecit
1141 1094 1447 1148 divinitatis
1475 1094 1861 1172 gloriam_quze

286 1187 562 1242 indicatur
597 1202 609 1237 :
645 1185 778 1239 Tota
809 1185 1031 1255 pulchra
1062 1201 1139 1250 es,
1170 1186 1463 1256 propinqua
1493 1202 1627 1252 mea,
1671 1194 1719 1239 et
1756 1202 1861 1237 ma-

285 1279 409 1333 cula
437 1294 540 1331 non
565 1285 643 1331 est
677 1276 730 1330 in
788 1288 856 1345 te,
891 1277 1090 1333 docens
1122 1290 1217 1347 per
1243 1290 1304 1330 ea
1339 1290 1457 1345 qua:
1490 1282 1503 1289 λ
1525 1275 1667 1329 dicta
1709 1284 1858 1339 sunt,

286 1370 524 1441 primum
564 1367 711 1438 quod
772 1382 933 1422 nemo
971 1367 1038 1423 ab
1089 1367 1210 1437 ipso
1249 1367 1391 1421 tollit
1445 1365 1702 1433 animam,
1766 1366 1861 1421 sed

286 1457 450 1513 habet
490 1464 813 1527 potestatem
855 1455 1091 1525 ponendi
1122 1470 1267 1520 eam,
1327 1459 1382 1508 et
1421 1454 1583 1509 habet
1616 1463 1860 1526 potesta-

288 1559 395 1604 tem
457 1563 656 1604 rursus
695 1546 996 1618 accipiendi
1050 1558 1198 1612 eam,
1252 1545 1356 1601 sibi
1414 1547 1772 1616 proficiscens
1793 1548 1860 1603 ad

287 1648 527 1695 montem
571 1639 825 1709 myrrhae,
874 1653 981 1692 non
1013 1653 1078 1693 ex
1120 1637 1385 1707 operibus
1426 1639 1649 1705 nostris,
1684 1648 1743 1694 ut
1790 1655 1859 1696 ne

287 1733 553 1804 glorietur
574 1731 743 1794 ullus,
775 1729 868 1785 sed
899 1744 965 1784 ex
994 1744 1093 1784 sua
1129 1729 1325 1798 gratia,
1359 1729 1668 1798 suscipiens
1720 1746 1861 1786 mor-

287 1833 395 1878 tem
447 1836 545 1893 pro
585 1820 996 1890 peccatoribus;
1033 1817 1226 1873 deinde
1247 1818 1393 1888 quod
1424 1834 1531 1873 non
1556 1820 1711 1873 aliter
1735 1821 1859 1875 licet

286 1915 542 1968 humanae
577 1925 793 1967 natura!
824 1909 1047 1981 purgari
1083 1924 1110 1962 a
1136 1909 1370 1983 macula,
1399 1924 1562 1980 quam
1603 1910 1649 1965 si
1686 1925 1858 1980 agnus

285 2006 377 2076 qui
404 2005 546 2059 tollit
579 2010 860 2075 peccatum
895 2000 1107 2064 mundi,
1146 2016 1243 2071 per
1276 2016 1334 2055 se
1363 2000 1674 2054 universum
1716 2002 1860 2057 dc-le—

286 2096 423 2151 verit
463 2086 674 2149 vitium.
715 2093 818 2159 Qui
857 2107 988 2162 ergo
1015 2092 1153 2146 dixit
1180 2111 1192 2145 :
1222 2090 1353 2144 Tota
1386 2090 1606 2158 pulchra
1637 2108 1712 2154 es,
1740 2108 1861 2160 pro-

285 2185 484 2255 pinqua
517 2186 656 2247 utea,
682 2190 730 2235 et
761 2180 971 2233 macula
1004 2195 1107 2232 non
1147 2188 1222 2231 est
1269 2178 1323 2230 in
1362 2188 1430 2241 le,
1465 2184 1520 2229 et
1574 2177 1861 2246 subjunxit

288 2274 611 2347 mysterium
652 2269 801 2341 quod
864 2277 945 2325 est
985 2269 1038 2323 in
1080 2269 1359 2338 passione.
1400 2282 1465 2321 ex
1526 2282 1592 2322 eo
1625 2267 1769 2337 quod
1807 2276 1860 2322 et

291 2365 527 2436 myrrha:
564 2361 900 2432 :enigmatis,
944 2368 999 2413 ct
1058 2358 1254 2414 deinde
1304 2358 1857 2422 thuris'meminerit,

287 2471 384 2527 per
421 2452 566 2525 quod
596 2452 904 2507 ostenditur
936 2450 1229 2517 divinitas;
1273 2465 1337 2503 eo
1366 2464 1468 2514 nos
1496 2450 1674 2517 docet,
1714 2450 1856 2521 quod

284 2548 377 2619 qui
403 2562 528 2602 cum
552 2548 674 2617 ipso
706 2545 871 2600 fuerit
911 2543 1145 2615 myrrhas
1172 2543 1464 2612 particeps,
1505 2542 1728 2596 omnino
1756 2542 1860 2596 erit

285 2640 447 2696 etiam
478 2639 753 2709 particeps
780 2635 978 2689 thuris.
1007 2631 1140 2685 Nam
1172 2633 1264 2701 qui
1297 2631 1457 2685 fuerit
1483 2646 1605 2685 cum
1643 2647 1708 2687 eo
1738 2647 1861 2701 pas-

286 2746 403 2796 sus,
429 2729 591 2785 simul
615 2728 779 2782 etiam
809 2722 1328 2795 congloriﬁcabitur.
1357 2721 1460 2787 Qui
1491 2730 1671 2775 autent
1694 2724 1860 2777 semel

287 2822 451 2877 luerit
481 2822 537 2875 in
579 2820 750 2890 gloria
805 2816 1008 2882 divina,
1065 2822 1215 2869 totus
1254 2812 1311 2868 ﬁt
1341 2812 1585 2883 pulcher,
1620 2823 1858 2869 remotus

286 2913 354 2966 ab
380 2911 528 2966 omni
558 2911 770 2965 macula
814 2907 1062 2963 adversa.
1109 2906 1153 2958 A
1184 2920 1290 2975 qua
1322 2919 1421 2958 nos
1452 2919 1668 2973 quoque
1700 2919 1858 2974 sepa-

1961 363 2162 426 στολος.
2216 364 2367 417 Μετά
2399 364 2456 417 δέ
2487 366 2691 419 τούτων
2716 366 2824 418 τῶν
2866 366 3041 435 μελῶν
3069 366 3165 438 τῆς
3215 363 3553 435 Ἐκκλησίας

1960 452 2290 523 προαγαγὼν
2306 457 2333 507 ό
2364 454 2532 522 Λόγος
2548 455 2639 507 τὸν
2654 454 2892 519 ἔπαινον,
2908 458 2965 508 ἐν
2980 457 3091 520 τοῖς
3116 455 3314 526 ἐφεξῆς
3342 454 3555 508 ὁλοσώο

1962 560 2130 613 ματον
2158 549 2388 598 ποιεῖται
2417 547 2585 617 αὐτῆς
2622 547 2683 599 τὸ
2715 546 3010 617 ἐγκώμιον,
3039 548 3167 602 ὃταν
3191 546 3279 602 διὰ
3310 546 3403 600 τοῦ
3438 546 3548 600 θα⁴

1959 634 2117 687 νάτου
2151 637 2469 707 καταργήσῃ
2499 636 2589 689 τὸν
2616 636 2677 689 τὸ
2702 639 2901 708 κράτος
2926 637 3116 709 ἔχοντα
3145 637 3239 691 τοῦ
3269 637 3510 691 θανάτου
3529 652 3546 666 °

1960 726 2054 779 καὶ
2085 726 2246 779 πάλιν
2287 727 2607 799 ἐπαναγάγῃ
2649 726 2840 781 ἐαυτὸν
2883 729 3025 799 πρὸς
3060 728 3158 800 τὴν
3204 728 3340 782 ἰδίαν
3377 728 3553 795 δόξαν

1959 817 2059 887 τῆς
2096 816 2370 887 θεότητος,
2404 818 2473 888 ἢν
2524 814 2670 889 εἶχεν
2708 820 2803 871 ἀπ’
2834 819 3013 890 ἀρχῆς
3060 820 3167 889 πρὸ
3202 820 3295 872 τοῦ
3336 822 3553 892 κόσμον

1960 906 2115 963 εῖναι.
2169 910 2353 964 Εἰπὼν
2385 911 2603 982 γὰρ,ὄτι
2647 912 3021 981 Πορεύσομαι
3058 910 3291 980 ἐμαυτῷ
3337 914 3425 976 εις
3476 913 3551 966 τὸ

1962 1000 2099 1068 ὄρος
2135 1000 2246 1069 τῆς
2280 1003 2574 1070 σμύρνης,
2631 1004 2729 1056 καὶ
2768 1005 2857 1069 εἰς
2897 1003 3007 1057 τὸν
3028 1004 3264 1067 ,ϐουνὸν
3290 1003 3396 1057 τοῦ
3444 1006 3551 1057 λι-

1962 1091 2167 1158 ϐάνου,
2204 1094 2302 1164 τὴν
2339 1091 2496 1156 δόξαν
2524 1091 2624 1162 τῆς
2658 1093 2910 1164 θεότητος
2942 1093 3313 1164 ἐνδειξάμενος
3334 1093 3552 1166 προσέ-

1961 1181 2158 1253 θηκεν·
2191 1183 2341 1249 Ὀλη
2395 1181 2551 1250 καλή
2599 1180 2674 1245 εἷ,
2717 1184 2986 1250 πλησίον
3024 1184 3165 1252 μοῦ,
3205 1183 3303 1237 καὶ
3333 1183 3553 1253 μῶμος

1962 1274 2071 1327 οὐκ
2106 1273 2278 1328 ἔστιν
2326 1275 2396 1328 ἐν
2446 1275 2565 1336 σοι,
2607 1274 2873 1328 διδάσκων
2922 1275 3011 1330 διὰ
3055 1275 3163 1329 τῶν
3208 1276 3553 1347 εἰρημένων,

1963 1365 2179 1436 πρῶτον
2233 1365 2328 1435 μὲν
2378 1367 2466 1425 ὅτι
2486 1365 2660 1427 οὐδεὶς
2702 1366 2846 1437 αἴρει
2890 1365 2986 1438 τὴν
3025 1365 3200 1439 ψυχὴν
3244 1367 3404 1420 αὐτοῦ
3442 1369 3551 1422 ἀπ’

1962 1456 2147 1522 αὐτοῦ,
2203 1456 2317 1510 ἀλλ’
2369 1457 2614 1521 ἐξουσίαν
2654 1457 2768 1528 ἔχει
2806 1458 2973 1511 θεῖναι
3010 1457 3199 1529 αὐτὴν,
3239 1459 3332 1512 καὶ
3383 1458 3545 1526 ἐξου-

1964 1546 2082 1598 σίαν
2128 1545 2240 1617 ἔχει
2272 1547 2434 1602 πάλιν
2477 1547 2659 1600 λαϐεῖν
2706 1547 2893 1619 αὐτὴν,
2944 1549 3303 1620 πορευόμενος
3354 1549 3550 1622 ἐαυτῷ

1964 1636 2056 1688 ἐπὶ
2084 1636 2145 1689 τὸ
2178 1637 2301 1707 ὅρος
2336 1638 2434 1709 τῆς
2465 1637 2730 1708 σμύρνης,
2761 1639 2862 1691 οὐκ
2892 1639 2957 1692 ἐκ
2984 1637 3093 1692 τῶν
3125 1641 3409 1710 ἡμετέρων
3440 1641 3555 1713 ἐρ-

1963 1743 2096 1796 γων,
2130 1728 2219 1782 ἵνα
2244 1730 2319 1800 μή
2352 1746 2436 1792 τις
2476 1730 2835 1800 καυχήσηται,
2884 1728 2997 1783 ἀλλ’
3031 1730 3090 1795 ἐξ
3132 1731 3267 1795 ιδίας
3295 1732 3551 1805 χάριτος,

1962 1820 2053 1873 τὸν
2107 1820 2249 1892 ὑπὲρ
2299 1820 2407 1874 τῶν
2455 1821 2791 1893 ἁμαρτωλῶν
2840 1821 3232 1893 ἀναδεξάμενος
3285 1822 3555 1878 θάνατον’

1962 1913 2147 1968 ἔπειτα
2241 1910 2298 1963 δέ
2346 1910 2426 1964 ὅτι
2490 1911 2591 1963 οὐκ
2638 1910 2782 1963 ἐστιν
2834 1911 3009 1974 ἄλλως
3053 1912 3386 1985 καθαρθῆναι
3440 1911 3555 1966 τοῦ

1969 1999 2158 2070 μώμου
2187 2001 2287 2073 τὴν
2328 2000 2673 2074 ἀνθρωπίνην
2720 2000 2898 2070 φύσιν,
2955 2004 3029 2075 μὴ
3071 2001 3164 2055 τοῦ
3219 1998 3389 2073 ἀμνοῦ
3437 2003 3551 2058 τοῦ

1965 2089 2208 2159 αἴροντος
2233 2091 2328 2159 τὴν
2354 2091 2626 2162 ἁμαρτίαν
2666 2090 2759 2143 τοῦ
2792 2090 2999 2162 κόσμου
3023 2093 3200 2146 πᾶσαν
3243 2094 3309 2146 δι’
3338 2095 3555 2165 ἑαυτῆς

1965 2181 2063 2251 τὴν
2106 2182 2303 2235 κακίαν
2351 2183 2787 2252 ἐξαφανίσαντος.
2821 2184 3010 2237 Τοίνυν
3048 2184 3236 2247 εἰπὼν,
3266 2186 3347 2239 ὅτι
3379 2186 3555 2254 Ὄλη

1967 2271 2124 2340 καλὴ
2156 2269 2230 2337 εἴ,
2266 2273 2533 2342 πλησιον
2565 2273 2704 2343 μοῦ,
2743 2274 2841 2328 καὶ
2886 2272 3090 2344 μῶμος
3121 2277 3230 2329 οὐκ
3261 2277 3433 2330 ἐστιν
3469 2276 3560 2331 ἐν

1966 2364 2101 2417 σοί·
2147 2365 2238 2416 καὶ
2270 2363 2563 2433 ἐπαγαγὼν
2599 2364 2659 2418 τὸ
2702 2365 2842 2419 κατὰ
2890 2365 2952 2418 τὸ
2997 2366 3165 2430 πάθος
3214 2369 3559 2438 μυστήριον⁹

1964 2452 2055 2505 διὰ
2096 2453 2188 2507 τοῦ
2236 2455 2377 2507 κατὰ
2430 2454 2529 2525 τὴν
2579 2453 2824 2524 σμύρναν
2875 2455 3228 2525 αἰνίγματος,
3288 2455 3406 2510 εἶτα
3445 2458 3558 2512 τοῦ

1964 2537 2181 2591 λιϐάνου
2239 2539 2530 2611 μνησθεὶς,
2599 2540 2665 2593 δι’
2725 2536 2786 2594 οὗ
2841 2541 2902 2595 τὸ
2962 2540 3101 2597 θεῖον
3168 2544 3502 2599 ἐνδείκνυται
3530 2566 3556 2579 -

1963 2630 2136 2701 τούτῳ
2192 2631 2434 2686 παιδεύει
2475 2634 2652 2704 ἡμᾶς,
2709 2634 2793 2686 ὅτι
2835 2634 2865 2687 ὁ
2914 2634 3313 2705 συμμετασχὼν
3385 2639 3563 2710 αὐτῷ

1963 2724 2064 2793 τῆς
2112 2722 2374 2794 σμύρνης,
2426 2724 2754 2795 συμμεθέξει
2804 2727 3022 2790 πάντως
3083 2728 3178 2781 καὶ
3232 2728 3326 2781 τοῦ
3380 2729 3559 2785 λιϐά-

1964 2829 2077 2866 νου.
2132 2813 2193 2866 '0
2238 2812 2346 2884 γὰρ
2407 2813 2704 2885 συμπαθὼν
2747 2816 2840 2869 καὶ
2868 2817 3241 2884 συνδοξάςεται
3294 2822 3544 2887 πάντως.

1977 2903 2035 2956 '0
2062 2903 2119 2957 δέ
2150 2905 2298 2969 ἅπαξ
2324 2908 2382 2958 ἐν
2418 2908 2484 2976 τῇ
2516 2905 2635 2977 θείᾳ.
2667 2906 2791 2979 δόξῃ
2828 2911 3140 2980 γενόμενος,
3170 2911 3290 2976 ὅλος
3326 2913 3551 2980 γίνεται

286 3017 491 3065 remur,
563 3016 659 3069 per
714 3015 839 3054 eum
889 2998 980 3068 qui
1039 3010 1139 3065 pro
1184 2995 1345 3049 nobis
1394 3007 1641 3051 mortuus
1678 2996 1779 3050 fuit
1808 3006 1854 3051 et

2036 2996 2156 3060 λὸς,
2211 2997 2316 3064 ἔξω
2372 2997 2465 3051 τοῦ
2525 3000 2901 3072 ἀντικειμένου
2967 3002 3156 3074 μώμου
3221 3007 3553 3076 γενόμενος-

294 3092 613 3155 resurrexit,
662 3090 864 3144 Iesum.
906 3089 1182 3143 Christum
1240 3085 1524 3139 Dominum
1587 3095 1858 3149 nostrum,

303 3183 392 3238 cui
448 3182 700 3237 convenit
737 3181 905 3251 gloria
940 3189 991 3232 et
1023 3177 1310 3241 imperium
1365 3178 1419 3232 in
1454 3180 1648 3236 saecula
1686 3197 1854 3235 saccu-

298 3279 493 3331 lorum.‘
521 3275 710 3327 Amen.

832 3455 1116 3510 IIOMIIJA
1158 3456 1292 3511 VIII.

356 3551 488 3606 Cn.
520 3566 591 3611 tv,
624 3565 674 3601 v.
707 3549 760 3601 8.
815 3547 937 3601 Veni
968 3565 999 3600 a
1030 3548 1251 3613 Libano,
1289 3563 1502 3615 sponsa,
1543 3548 1653 3601 seni
1694 3564 1724 3599 a
1763 3544 1857 3599 Li-

296 3650 462 3697 bano:
498 3642 686 3700 replies,
736 3648 785 3693 et
830 3638 1081 3692 transibis
1126 3640 1190 3692 ab
1233 3640 1383 3693 initio
1412 3637 1557 3707 ﬁdei,
1603 3655 1634 3690 a
1678 3638 1858 3713 rapite

286 3735 447 3789 Sanir
482 3745 530 3789 et
586 3733 840 3799 Harmon,
876 3749 903 3786 ε
947 3733 1206 3799 speluncis
1244 3733 1476 3797 leonum,
1522 3747 1550 3785 ε
1596 3730 1856 3785 montibus

283 3827 589 3895 pardorum.
617 3826 669 3879 9.
696 3824 799 3879 Cor
826 3824 1069 3877 indidisti
1086 3822 1253 3891 nobis,
1271 3841 1423 3878 soror
1445 3834 1626 3877 nostra
1642 3840 1853 3893 sponsa.

284 3917 389 3972 Cor
423 3916 666 3971 indidiin
694 3915 842 3968 nobis
881 3931 983 3968 uno
1008 3930 1071 3967 ea:
1102 3915 1266 3968 oculis
1297 3916 1424 3977 tuis,
1456 3915 1579 3969 etin
1614 3930 1718 3967 una
1747 3925 1854 3968 tor-

280 4026 379 4081 que
404 4009 524 4063 colli
556 4008 650 4062 tui.

353 4100 579 4171 Magnus
614 4099 925 4169 Apostolus,
976 4096 1067 4167 qui
1126 4113 1347 4167 magnas
1407 4097 1472 4151 ad
1532 4098 1853 4156 Corinthios

281 4192 558 4249 recensuit
582 4190 839 4252 visiones,
870 4190 937 4243 de
965 4203 1063 4243 sua
1095 4194 1287 4242 natura
1313 4188 1446 4242 dicit
1478 4204 1536 4243 se
1580 4189 1850 4253 dubitare,

1961 3083 2035 3142 Οὗ
2095 3089 2188 3142 καὶ
2247 3091 2407 3159 ἡμεῖς
2455 3091 2853 3165 χωρισθείημεν
2908 3096 2996 3148 διὰ
3036 3094 3129 3149 τσῦ
3188 3097 3330 3169 ὑπὲρ
3378 3099 3553 3169 ἡμῶν

1961 3180 2321 3243 ἀποθανόντος
2345 3182 2437 3234 καὶ
2464 3182 2782 3253 ἐγερθέντος
2822 3186 3059 3257 Χριστοῦ
3101 3188 3274 3258 Ἰησοῦ
3303 3189 3394 3242 τοῦ
3424 3192 3556 3244 Κυ-

1965 3272 2080 3341 ρίου
2110 3270 2288 3342 ἡμῶν,
2392 3273 2595 3343 πρέπει
2628 3275 2660 3344 ὴ
2701 3273 2827 3339 δόξα
2854 3276 2946 3329 καὶ
2979 3277 3039 3329 τὸ
3077 3277 3273 3347 κράτος
3305 3282 3383 3343 εἰς
3408 3280 3557 3345 τοὺς

1961 3362 2161 3424 αἰῶνας
2189 3362 2297 3415 τῶν
2320 3363 2549 3418 αἰώνων.
2602 3366 2791 3435 Ἀμήν.

2561 3458 2803 3510 OMIAIA
2855 3460 2936 3510 H'.

2029 3544 2209 3613 Δεῦρο
2254 3547 2370 3600 ἀπὸ
2407 3545 2688 3609 Λιϐάνου,
2722 3551 2946 3619 νύμφη,
2981 3551 3157 3619 δεῦρο
3204 3552 3320 3605 ἀπὸ
3363 3554 3551 3608 Λιϐά-

1958 3653 2102 3689 νου’
2136 3637 2385 3703 ἐλεύσῃ,
2418 3637 2527 3690 καὶ.
2550 3638 2833 3709 διε.1εύσῃ
2875 3640 2978 3694 ἀπ’
3022 3641 3213 3710 ἀρχῆς
3254 3644 3545 3709 πίστεως,

1959 3725 2077 3778 ἀπὸ
2118 3725 2389 3795 κεφαλῆς
2434 3727 2633 3796 Σανὴρ
2668 3730 2765 3782 καὶ
2817 3730 3060 3798 Ἑρμῶν,
3109 3730 3225 3785 ἀπὸ
3259 3732 3551 3801 μανδρῶν

1957 3817 2252 3879 λεόντων,
2296 3816 2414 3871 ἀπὸ
2464 3818 2649 3885 ὀρέων
2705 3818 3072 3889 παρδάλεων.
3139 3823 3547 3891 Ἐκαρδίωσας

1959 3906 2142 3975 ἡμᾶς,
2176 3908 2409 3977 ἀδελφή
2450 3928 2567 3978 μου
2595 3912 2797 3979 νύμφη
2819 3926 2832 3941 ⁶
2864 3911 3232 3980 ὲκαρδίωσας
3260 3914 3417 3982 ἡμᾶς
3445 3916 3544 3971 ἑνὶ

1956 4000 2074 4055 ἀπὸ
2096 4000 2417 4069 ὀφθαλμῶν
2436 4002 2648 4063 vomer
2660 4000 3045 4070 μιᾷένθέματι
3076 4000 3377 4071 τραχήλου
3394 4021 3543 4060 σον.

2039 4094 2096 4145 ,Ο
2151 4093 2249 4153 τὰς
2299 4092 2539 4162 μεγάλας
2583 4093 2848 4155 ὀπτασίας
2896 4092 3179 4157 διεξελθὼν
3230 4094 3367 4164 πρὸς
3409 4097 3551 4160 τοὺς

1958 4179 2297 4249 Κορινθίους,
2345 4183 2372 4233 ὀ
2409 4181 2578 4251 μέγας
2620 4182 2959 4246 Ἀπόστολος,
2994 4184 3081 4235 ὅτε
3114 4184 3206 4235 καὶ
3234 4184 3545 4253 ἀμφίϐολος

282 4292 499 4339 essetne
553 4297 753 4351 corpus
801 4295 869 4334 an
921 4279 1291 4349 intelligentia,
1339 4287 1581 4349 tempore
1639 4282 1853 4336 traditae

2034 4274 2085 4343 ρὶ
2118 4273 2218 4342 τῆς
2251 4275 2443 4327 ἑαυτοῦ
2477 4274 2688 4342 φύσεως
2716 4273 2913 4344 ἔφησεν
2932 4272 3088 4338 εἶναι,
3116 4277 3224 4329 εἴτε
3260 4276 3423 4347 σῶμα
3445 4275 3544 4349 ἦν,

283 4370 430 4424 illius
462 4368 526 4423 ad
557 4369 814 4440 mysteria
843 4368 1261 4423 introductionis
1293 4367 1477 4432 :Ilaec,
1513 4368 1710 4439 inquit,
1770 4380 1850 4427 le-

284 4458 511 4523 Stiilcor,
540 4459 684 4528 quod
712 4474 797 4511 me
818 4460 1058 4513 nondum
1089 4459 1325 4514 arbitror
1352 4461 1853 4529 comprehendisse,

283 4549 379 4606 sed
410 4549 477 4604 ad
499 4564 563 4604 ea
590 4558 711 4619 qua:
731 4557 860 4603 sunt
887 4550 1163 4604 anteriora
1194 4550 1480 4616 extendor,
1520 4567 1706 4606 eorum
1732 4570 1852 4621 qum

281 4645 436 4717 prius
498 4654 717 4714 peracta
754 4651 883 4698 sunt
944 4643 1382 4711 obliviscens";
1420 4643 1630 4698 scilicet
1688 4645 1850 4699 etiam

278 4743 404 4806 post
440 4735 659 4790 tertium
690 4732 824 4787 illud
862 4733 1061 4788 coelum
1109 4731 1255 4802 quod
1294 4732 1410 4800 ipse
1478 4734 1629 4788 solus
1696 4735 1849 4789 nuvit

280 4826 494 4898 (neque
522 4825 667 4880 enim
683 4825 904 4896 Moyses
931 4823 1000 4878 de
1027 4838 1091 4879 eo
1119 4823 1360 4877 narravit
1393 4823 1446 4877 in
1478 4825 1665 4879 ntuudi
1698 4840 1850 4881 crea-

278 4919 508 4988 tione);
540 4924 595 4973 et
624 4925 912 4988 postquam
949 4914 1155 4969 audivit
1185 4930 1383 4970 arcana
1425 4917 1703 4987 mysteria,
1746 4918 1845 4971 ad-

275 5012 384 5065 huc
415 5009 580 5065 altius
606 5010 802 5079 pergit,
833 5016 889 5062 et
921 5022 1029 5062 non
1059 5015 1239 5062 cessat
1276 5006 1597 5072 ascendere,
1642 5008 1843 5062 bonum

272 5100 417 5168 quod
448 5096 927 5169 comprehenditur
956 5112 1234 5167 nunquam
1262 5112 1384 5153 esse
1410 5097 1620 5153 ducens
1656 5099 1848 5154 termi-

273 5206 403 5244 num
438 5190 792 5261 cupiditatis:
829 5205 923 5259 per
955 5189 1090 5253 haec,
1126 5198 1183 5243 ut
1211 5189 1428 5258 opinor,
1480 5204 1583 5244 nos
1613 5188 1841 5252 docens,

271 5281 416 5350 quod
455 5281 628 5337 beata:
654 5283 801 5338 illius
826 5283 1094 5340 bonorum
1123 5290 1330 5336 natura}
1357 5282 1589 5335 multum
1619 5281 1837 5352 quidem

275 5372 533 5439 estquod
571 5375 885 5440 invenitur;
939 5372 1166 5427 inﬁnitis
1228 5380 1410 5427 autem
1469 5372 1717 5441 partibus
1757 5380 1841 5428 est

346 5549 389 5579 ε’
416 5552 434 5604 ι
463 5550 653 5605 Thess.
700 5571 760 5616 ιι,
794 5554 843 5605 7.
924 5554 965 5584 δ’
1003 5551 1042 5604 II
1075 5553 1201 5606 Cur.
1238 5569 1333 5615 xu,
1362 5554 1381 5604 1
1424 5568 1576 5620 seqq.

1954 4365 2062 4417 εἴτε
2095 4365 2293 4435 νόημα,
2316 4367 2372 4416 ἐν
2392 4364 2470 4434 τῷ
2489 4366 2665 4436 καιρῷ
2693 4366 2792 4435 τῆς
2815 4368 2873 4420 ἐν
2904 4369 2980 4437 τῷ
2997 4368 3307 4441 παραδείσῳ
3332 4389 3546 4441 μυστα-

1955 4457 2198 4525 γωγίας,
2224 4451 2393 4507 ταῦτα
2429 4450 2926 4525 διαμαρτυρόμενος
2967 4454 3133 4527 λέγει,
3149 4455 3239 4512 δτι
3276 4463 3546 4535 Ἐμαυτδν

1954 4547 2107 4601 οὔπω
2134 4548 2421 4617 λογίζομαι
2449 4549 2849 4619 κατειληφέναι,
2867 4550 3077 4603 ἀλλ’ἐτι
3094 4555 3208 4615 τοῖς
3225 4553 3545 4625 ἔμπροσθεν

1955 4638 2358 4708 ἐπεκτείνομαι,
2375 4638 2485 4691 τῶν
2513 4639 2986 4712 προδιηνυσμένων
3003 4641 3172 4712 λήθην
3190 4640 3538 4715 ποιούμενος,

1957 4730 2115 4801 δῆλον
2160 4731 2240 4783 ὅτι
2290 4730 2383 4784 καὶ
2415 4731 2549 4801 μετά
2587 4730 2676 4784 τὸν
2717 4731 2898 4802 τρίτον
2941 4731 3167 4803 οὐρανὸν
3213 4735 3445 4802 ἐκεῖνον,
3477 4737 3543 4791 ὃν

1958 4823 2119 4885 αὐτὸς
2156 4821 2296 4892 ἐγνω
2348 4824 2508 4894 μόνος
2531 4841 2546 4855 ·
2580 4826 2641 4878 οὺ
2675 4826 2784 4896 γάρ
2822 4833 2871 4878 τι
2916 4826 3155 4898 Μωῡσῆς
3205 4830 3335 4899 περὶ
3367 4832 3539 4888 αὑτοῦ

1956 4915 2014 4968 ἐν
2042 4917 2105 4985 τῇ
2139 4914 2493 4987 κοσμογενεέᾳ
2513 4914 2836 4987 διηγήσατο*
2866 4918 2959 4970 καὶ
2993 4918 3129 4987 μετά
3156 4919 3255 4991 τὴν
3292 4920 3539 4992 ἄρρητον

1954 5005 2062 5059 τῶν
2089 5005 2181 5060 τοῦ
2214 5006 2541 5078 παραδείσου
2575 5008 2887 5078 μυστηρίων
2916 5009 3198 5078 ἀκρόασιν,
3241 5010 3322 5064 ἔτι
3353 5013 3448 5065 ἐπὶ
3474 5014 3541 5067 τὸ

1953 5096 2223 5166 ἀνώτερον
2257 5098 2411 5163 ἵεται,
2449 5100 2540 5151 καὶ
2584 5100 2644 5151 οὐ
2691 5099 2850 5169 λήγει
2878 5101 2976 5170 τῆς
3007 5101 3343 5167 ἀναϐάσεως,
3379 5105 3535 5157 οὐδέ-

1952 5204 2081 5241 ποτε
2123 5188 2184 5241 τὸ
2225 5189 2770 5259 καταλαμϐανόμενον
2812 5190 3015 5257 ἀγαθὸν
3046 5193 3169 5262 ὅρον
3204 5192 3303 5262 τῆς
3339 5194 3536 5246 ἐπιθυ-

1951 5281 2078 5351 μίας
2112 5281 2449 5352 ποιούμενος,
2489 5279 2774 5343 διδάσκων,
2805 5274 2979 5350 οἶμαι,
3009 5280 3097 5334 διά
3119 5280 3324 5335 τούτων
3358 5283 3532 5353 ἡμᾶς,

1943 5374 2026 5427 ὅτι
2059 5375 2157 5444 τῆς
2193 5374 2467 5444 μακαρίας
2500 5371 2714 5441 ἐκείνης
2742 5372 2849 5425 τῶν
2874 5373 3090 5441 ἀγαθῶν
3136 5373 3353 5442 φύσεως
3390 5372 3530 5430 πολὺ

1657 5553 1700 5582 δ’
1733 5550 1971 5622 Philipp.
2006 5567 2089 5621 ιιι,
2122 5554 2199 5606 I5.
