3742 5986
179 219 277 274 Ml

1211 215 1274 270 IN
1298 214 1593 272 CANTFCA
1626 216 1899 273 CANTIC.
1941 216 2229 271 HUMILIA
2266 216 2404 273 Vill.

3334 215 3435 271 949

182 327 286 401 μέν
334 328 449 381 ἐστι
497 328 560 382 τὸ
612 329 702 383 ἀεὶ
751 326 1167 401 εὑρισκόμενον·
1227 328 1649 402 ἀπειροπλόωιον
1705 330 1762 384 δὲ

1969 333 2045 392 lus
2070 330 2215 400 quod
2247 335 2418 385 restat
2455 326 2698 398 quolibet
2725 325 2871 397 quod
2929 323 3435 397 comprehenditur,

179 416 275 472 τοῦ
332 417 563 471 πάντοτε
621 419 1175 491 καταλαμϐανομένου
1225 419 1287 473 τὸ
1349 420 1762 489 ὑπερκείμενον,

181 512 274 566 καὶ
309 509 467 565 τοῦτο
500 513 583 575 εἰς
613 512 674 564 τὸ
719 512 968 584 διηνεκὲς
1015 511 1224 580 γίνεται
1252 511 1330 583 τῷ
1370 510 1669 582 μετέχοντι,
1704 512 1763 565 ἐν

183 604 330 674 πάσῃ
363 606 433 674 τῇ
463 604 573 657 τῶν
606 602 820 658 αἰώνων
848 603 1111 676 ἀῖδιότητι
1130 603 1219 658 διὰ
1250 603 1358 656 τῶν
1380 603 1468 656 ἀεὶ
1503 599 1765 673 μειζόνων

181 695 280 766 τῆς
322 695 678 768 ὲπαυξήσεως
729 699 841 760 τοῖς
890 697 1177 769 μετέχουσι
1210 695 1521 767 γινομένης.
1574 695 1630 749 '0
1666 693 1766 765 μὲν

182 787 289 856 γὰρ
342 786 617 858 καθαρὸς-
637 787 738 858 τὴν
781 786 1027 857 καρδίαν,
1076 785 1217 840 κατὰ
1258 786 1358 858 τὴν
1411 783 1619 854 ἀψευδῆ
1669 781 1763 837 τοῦ

180 864 454 932 ἀεσπὸτου
493 878 700 951 φωνὴν,
734 880 838 951 όρᾷ
872 878 963 933 τὸν
1006 877 1159 933 Θεὸν.
1203 878 1291 932 ἀεὶ
1323 876 1465 931 κατὰ
1508 876 1606 946 τὴν
1635 875 1763 929 ἀνα-

179 967 369 1036 λογίαν
396 970 498 1038 τῆς
525 966 829 1039 δυνάμεως,
869 968 992 1021 ὅσον
1023 966 1269 1038 χωρῆσαι
1295 967 1539 1029 δύναται,
1578 964 1764 1018 τοσοῦ-

178 1076 271 1113 τον
295 1059 397 1130 τὴν
427 1059 755 1130 κατανόησιν
782 1058 1087 1129 δεχόμενος.
1131 1059 1205 1112 T6
1250 1058 1348 1129 μέν
1390 1075 1472 1111 τοι
1515 1055 1764 1128 ἀόριστόν

177 1168 241 1204 τε
285 1152 381 1204 καὶ
415 1150 788 1222 ἀπερίληπτον
833 1151 933 1219 τῆς
979 1150 1233 1222 θεότητος
1278 1149 1540 1203 ἐπέκεινα
1584 1147 1764 1218 πάσης

180 1242 544 1313 καταλήψεως
585 1242 847 1314 διαμένει.
895 1236 971 1298 Οὗ
1002 1243 1113 1315 γὰρ
1151 1244 1250 1315 τῆς
1294 1240 1764 1313 μεγαλοπρεπείας

178 1333 279 1403 τῆς
317 1332 480 1404 δόξης
508 1333 608 1385 οὑκ
636 1331 751 1386 ἔστι
789 1332 983 1406 πέρας,
1030 1330 1213 1397 καθὼς
1240 1334 1269 1386 6
1296 1332 1589 1403 Προφήτης
1624 1347 1763 1401 μαρ-

179 1422 425 1495 τύρεται,
461 1422 620 1476 τοῦτο
656 1422 888 1477 πάντοτε
931 1422 1195 1486 ὡσαύτως
1226 1422 1359 1493 ἔχει,
1407 1423 1466 1475 ἐν
1510 1420 1588 1492 τῷ
1618 1419 1765 1491 αὑτῷ

180 1513 307 1584 ὕψει
333 1513 628 1576 διαπαντὸς
657 1513 1048 1586 θεωρούμενον.
1083 1514 1295 1585 Ὥσπερ
1334 1513 1391 1567 δὲ
1419 1513 1512 1567 καὶ
1535 1515 1563 1567 6
1594 1514 1765 1583 μέγας

180 1604 345 1657 Δαϐὶδ
369 1606 398 1657 6
430 1603 529 1668 τὰς
551 1603 720 1667 me;
751 1604 987 1657 ἀναὸἀσε
997 1621 1043 1667 ις
1067 1607 1125 1657 ἐν
1146 1605 1211 1675 τῇ
1244 1603 1441 1675 καρδίᾳ
1458 1602 1762 1672 τιθέμενος,

1862 432 1917 477 ει
1940 421 2043 476 hoc
2078 420 2138 475 tit
2173 427 2435 492 perpetuo
2459 420 2509 475 ei
2541 418 2637 489 qui
2666 424 2753 473 est
2782 417 2930 475 illius
2973 419 3268 489 particeps,
3310 433 3434 474 cum

1865 512 1918 565 in
1952 512 2207 567 universa
2237 510 2562 567 saeculorum
2594 508 2904 565 aeternitate
2941 524 3040 579 per
3060 524 3124 565 ea
3159 524 3282 579 quae
3308 515 3432 565 sunt

1863 601 2071 670 majora
2135 616 2349 672 semper
2416 599 2507 655 ﬁat
2573 609 2927 671 augmentum
3000 598 3069 654 iis
3133 602 3228 668 qui
3310 605 3438 655 sunt

1863 694 2179 763 participes.
2210 692 2345 748 Nam
2376 694 2467 749 ille
2498 693 2717 764 quidem
2751 691 2960 748 mundo
2986 692 3153 748 corde
3175 692 3242 756 ⁸³,
3307 705 3438 747 con-

1863 794 2124 855 gruenter
2151 786 2268 840 voci
2295 784 2532 850 Domini,
2588 783 2758 840 Deum
2823 799 3043 855 semper
3079 784 3246 848 videt,
3304 797 3439 839 con-

1865 872 2143 928 venienter
2174 872 2371 927 virium
2417 874 2789 944 proportioni,
2829 884 3091 945 quantum
3139 880 3318 943 potest
3350 887 3440 927 ca-

1864 979 2014 1034 pere,
2051 973 2260 1019 tantum
2288 966 2596 1036 suscipiens
2635 965 2805 1020 animi
2847 964 3178 1036 cognitione.
3232 964 3290 1020 Id
3317 964 3440 1036 qui-

1864 1055 1989 1110 dem
2015 1063 2162 1111 certe
2198 1055 2504 1111 divinitatis
2537 1056 2686 1126 quod
2733 1056 2968 1111 termino
3020 1063 3194 1119 caret.
3241 1064 3296 1112 et
3354 1064 3440 1112 est

1866 1145 2441 1215 incomprehensibile,
2500 1154 2686 1201 manet
2752 1147 2896 1201 ultra
2954 1160 3172 1201 omnem
3242 1145 3441 1202 mentis

1868 1241 2302 1308 conceptionem.
2345 1240 2401 1294 ld
2444 1242 2627 1306 enim,
2665 1241 2825 1308 cujus
2879 1239 3293 1310 magnificentiae
3321 1239 3440 1309 glo-

1868 1327 1961 1381 riae.
1990 1343 2101 1382 non
2150 1337 2237 1384 est
2278 1328 2423 1393 linis,
2463 1329 2605 1384 sicut
2647 1337 2881 1386 testatur
2921 1327 3197 1398 Propheta
3220 1327 3286 1391 “,
3338 1327 3442 1383 hoc

1866 1419 2091 1475 omnino
2123 1421 2378 1477 similiter
2406 1438 2465 1477 se
2528 1422 2687 1477 habet
2719 1429 2981 1492 perpetuo
3032 1418 3444 1476 consideratum

1866 1507 1921 1563 in
1956 1510 2142 1564 eadem
2167 1511 2475 1568 altitudine.
2512 1511 2794 1578 Quomodo
2823 1511 2989 1567 etiam
3015 1526 3248 1582 magnus
3274 1509 3444 1566 David

1870 1602 1924 1655 in
1958 1602 2122 1658 corde
2148 1603 2405 1672 pulchras
2434 1603 2732 1674 disponens
2760 1603 3133 1668 ascensiones,
3171 1610 3228 1659 et
3269 1617 3299 1658 a
3332 1602 3446 1659 vir-

180 1695 276 1748 καὶ
305 1696 371 1748 ἐκ
404 1693 691 1764 δυνάμεως
713 1696 792 1758 εἰς
824 1693 1052 1765 δύναμιν
1080 1694 1167 1748 ἀεὶ
1188 1674 1584 1765 πορευόμενος,
1610 1694 1769 1747 τοῦτο

1969 1710 1989 1750 ε
2027 1696 2317 1769 ambulans
2341 1697 2395 1750 in
2423 1696 2682 1752 virtutem
2704 1697 2771 1761 ",
2807 1696 2912 1751 hoc
2947 1695 3014 1750 ad
3055 1674 3225 1750 Deum
3255 1695 3445 1765 expia.

181 1785 319 1854 πρὸς
348 1784 443 1837 τὸν
472 1783 605 1837 Θεὸν
633 1782 895 1855 ἀνεϐόησε
916 1798 930 1813 '
951 1783 1128 1842 τὸνΣὺ
1157 1782 1227 1836 δὲ
1262 1783 1522 1852 ὕψιστος
1553 1785 1640 1848 εἰς
1662 1783 1771 1837 τὸν

180 1874 391 1939 αίιῖινα,
427 1874 641 1942 Κύριε’
679 1873 853 1937 τοῦτο,
892 1868 1064 1944 οἶμαι,
1100 1872 1190 1928 διὰ
1224 1873 1326 1944 τῆς
1355 1876 1537 1945 φωνῆς
1569 1874 1772 1945 ταύτης

184 1968 490 2038 σημαίνων,
521 1966 605 2019 ὅτι
634 1967 692 2017 ὲν
730 1964 878 2037 πάσῃ
903 1968 970 2035 τῇ
1003 1964 1360 2036 ἀτελευτήτου
1389 1965 1583 2030 αἰῶνος
1607 1965 1771 2019 ἀῖδιό-

181 2074 329 2127 τητι,
360 2057 391 2109 6
436 2056 534 2127 μὲν
584 2047 721 2126 πρὸς
760 2056 819 2108 σὲ
846 2056 1055 2127 τρέχων
1083 2054 1276 2109 ἑαυτοῦ
1311 2055 1509 2127 μείζων
1541 2056 1768 2110 πάντοτε

184 2149 280 2205 καὶ
306 2147 584 2217 ἀνώτερος
614 2148 845 2217 γίνεται,
881 2149 970 2203 ἀεὶ
998 2147 1087 2201 διὰ
1123 2148 1222 2218 τῆς
1249 2147 1358 2200 τῶν
1392 2147 1613 2217 ἀγαθῶν
1637 2149 1768 2203 ἀνα-

185 2241 401 2307 ϐάσεως
452 2239 731 2309 ἀναλόγως
778 2240 1159 2311 αὐξανόμενος.
1214 2240 1286 2293 Σὺ
1338 2239 1395 2293 δὲ
1446 2242 1475 2293 6
1524 2239 1684 2303 αὑτὸς
1723 2235 1776 2293 εἶ

186 2333 435 2403 ὕψιστος,
467 2334 548 2396 είς
590 2331 683 2385 τὸν
716 2330 888 2385 αἰῶνα
918 2333 1116 2403 μένων,
1145 2331 1395 2385 υὺδέποτε
1426 2327 1775 2401 χθαμαλώτε-

190 2443 281 2496 po;
327 2427 444 2488 τοῖς
495 2423 704 2478 ἀνιοῦσι
756 2424 988 2493 φανῆναι
1034 2422 1355 2494 δυνάμενος,
1404 2421 1483 2490 τῷ
1530 2419 1672 2474 κατά
1715 2420 1775 2473 τὸ

189 2520 304 2572 ἴσον
330 2516 605 2589 ἀνώτερος
636 2516 865 2570 πάντοτε
891 2517 984 2570 καὶ
1010 2515 1341 2589 ὑψηλότερος
1372 2509 1509 2567 εἶναι
1541 2514 1639 2584 τῆς
1666 2512 1775 2566 τῶν

191 2608 513 2679 ὑψουμένων
541 2608 843 2678 δυνάμεως.
874 2607 1058 2660 Ταῦτα
1078 2606 1253 2660 τοίνυν
1279 2607 1407 2677 περὶ
1439 2606 1537 2674 τῆς
1564 2604 1776 2673 φύσεως

187 2700 297 2753 τῶν
330 2701 633 2771 ἀφράστων
670 2699 892 2769 ἀγαθῶν
937 2698 1285 2770 δογματίζειν
1330 2698 1419 2751 τὸν
1460 2696 1776 2750 Ἀπόστολον

192 2789 580 2861 ὑπειλήφαμεν
618 2789 866 2859 λέγοντα,
900 2790 983 2843 ὄτι
1028 2790 1089 2842 τὸ
1133 2788 1336 2856 ἀγαθὸν
1367 2789 1543 2842 έκεῖνο
1569 2786 1775 2855 ὀφθαλ-
1818 2814 1827 2823 ~

196 2869 296 2951 μδς
323 2882 428 2934 οὑκ
454 2877 584 2943 οἶδε,
614 2881 718 2935 κᾶν
748 2881 837 2935 ἀεὶ
869 2879 1060 2951 βλέπῃ.
1093 2880 1166 2934 Οὐ
1216 2879 1323 2951 γάρ
1355 2880 1477 2933 ὅσον
1514 2878 1631 2931 ἐστὶ
1656 2878 1776 2948 βλέ-

194 2989 307 3032 πει,
339 2971 458 3024 ἀλλ’
496 2972 621 3024 ὅσον
652 2970 732 3040 τῷ
779 2969 1043 3041 ὀφθαλμῷ
1075 2969 1298 3022 δυνατόν
1345 2970 1462 3022 ἐστι
1497 2967 1772 3033 δέξασθαι.

1870 1778 2076 1841 ιπενίιέ
2112 1793 2185 1844 Tu
2238 1800 2411 1844 autem
2468 1791 2751 1845 altissimus
2801 1791 2854 1844 in
2905 1798 3153 1845 internum
3207 1804 3279 1851 es.
3338 1786 3448 1839 DO-

1868 1878 2040 1930 mine:
2097 1890 2194 1945 per
2221 1873 2365 1930 hanc
2390 1890 2600 1939 vocem,
2633 1883 2694 1930 ut
2721 1874 2977 1940 arbitror,
3012 1873 3351 1946 signiﬁcans,
3387 1875 3444 1930 in

1871 1963 2125 2018 universa
2153 1965 2339 2020 saeculi
2374 1964 2520 2034 quod
2550 1980 2833 2034 nunquam
2872 1964 3072 2021 desinit
3119 1966 3443 2029 aeternitate,

1873 2055 1966 2125 qui
2008 2056 2074 2110 ad
2134 2064 2188 2111 te
2213 2056 2432 2127 quidem
2461 2056 2660 2122 currit,
2689 2071 2910 2127 semper
2939 2057 3124 2127 seipse
3162 2057 3340 2126 major
3388 2057 3446 2111 tit

1871 2154 1925 2202 et
1948 2145 2238 2208 excelsior,
2272 2161 2367 2216 per
2424 2147 2692 2202 bonorum
2737 2159 3025 2203 ascensum
3058 2147 3449 2203 convenienter

1871 2252 1984 2292 suae
2016 2237 2354 2307 proportioni
2396 2252 2613 2308 semper
2644 2252 2925 2293 crescens.
2975 2236 3056 2292 Tu
3087 2245 3271 2293 autem
3300 2236 3445 2293 idem

1872 2343 1933 2385 es
1967 2329 2288 2398 altissimus,
2352 2331 2407 2385 in
2470 2340 2737 2386 aeternum
2775 2346 3026 2396 manens,
3078 2347 3256 2401 neque
3293 2336 3450 2401 potes

1875 2422 1962 2477 his
2018 2421 2115 2492 qui
2167 2423 2473 2478 ascendunt
2511 2422 2740 2478 inferior
2771 2423 2966 2489 videri,
3023 2438 3091 2477 eo
3124 2422 3270 2492 quod
3329 2423 3450 2493 pari

1876 2513 2086 2567 ratione
2133 2528 2351 2583 semper
2383 2514 2656 2569 excelsior
2711 2515 2790 2570 sis
2844 2529 3035 2568 eorum
3072 2514 3298 2577 virtute,
3353 2513 3449 2584 qui

1876 2605 2207 2660 exaltantnr.
2241 2604 2368 2660 Hice
2396 2621 2527 2677 ergo
2559 2605 2626 2662 de
2653 2605 3005 2660 ineti‘abilium
3041 2606 3309 2660 bonorum
3356 2620 3452 2661 na-

1876 2704 2000 2751 tura
2046 2706 2287 2753 statuere
2337 2698 2718 2754 existimamus
2776 2698 3096 2769 Apostolum
3156 2698 3451 2777 dicentem,

1879 2787 2079 2842 bonum
2118 2788 2252 2842 illud
2287 2788 2436 2858 quod
2474 2790 2667 2845 oculus
2715 2804 2824 2844 non
2869 2789 3042 2854 vidit,
3071 2790 3285 2845 etiamsi
3312 2804 3456 2846 sem-

1879 2894 1974 2948 per
2027 2880 2229 2934 videat.
2297 2879 2416 2935 Non
2485 2881 2630 2936 enim
2684 2881 2835 2941 videt
2877 2891 3140 2951 quantum
3200 2888 3307 2946 est,
3357 2879 3455 2937 sed

1877 2982 2141 3041 quantum
2167 2986 2363 3042 capere
2394 2980 2573 3043 potest
2605 2973 2817 3028 oculus.
2850 2971 2917 3027 Et
2944 2972 3096 3028 auris
3133 2987 3244 3027 non
3285 2971 3458 3027 audi-

196 3061 305 3115 Καὶ
331 3057 430 3125 οὖς
456 3062 557 3115 οὑκ
586 3062 807 3133 ἤκουσε,
854 3062 978 3115 καθ’
1008 3062 1132 3114 ὅσον
1171 3062 1286 3115 ἐστὶ
1332 3060 1392 3115 τὸ
1428 3060 1776 3131 δηλούμενον,

1969 3102 1978 3124 ,
2018 3063 2144 3119 licet
2180 3064 2367 3119 audiat
2400 3072 2663 3134 quantum
2694 3065 2749 3120 id
2783 3064 2932 3135 quod
2985 3065 3350 3135 signiﬁcatur,
3403 3072 3458 3120 et

197 3151 298 3205 κᾶν
346 3153 581 3207 πάντοτε
630 3153 851 3224 δέχηται
886 3157 952 3225 τῇ
1002 3155 1137 3224 ἀκοῇ
1172 3153 1271 3205 τὸν,
1304 3153 1491 3222 λόγον⁹
1545 3154 1639 3207 καὶ
1683 3154 1773 3207 ἐπὶ

197 3245 427 3316 καρδίαν
468 3244 562 3297 τοὺ
601 3244 888 3315 ἀνθρώπου
922 3246 1022 3298 οὑκ
1052 3245 1239 3315 ἀνέϐη,
1273 3244 1377 3300 κᾶν
1415 3245 1704 3309 διαπαντὸς
1748 3245 1778 3297 6

198 3334 439 3407 καθαρὸς
466 3337 535 3407 τῇ
573 3336 774 3407 καρδία
818 3336 941 3389 ὅσον
968 3336 1189 3389 δύναται
1219 3335 1390 3409 βλέπῃ
1409 3353 1422 3366 ·
1457 3336 1519 3389 τὸ
1549 3336 1659 3406 γὰρ
1692 3335 1779 3388 ἀεὶ

200 3425 754 3496 καταλαμῦανόμενον
783 3425 890 3480 τῶν
921 3428 1019 3497 μὲν
1055 3428 1615 3498 προκαταληφθέντων
1647 3428 1780 3482 πάν-

199 3535 308 3572 των
336 3517 526 3590 μεῖζόν
552 3518 721 3579 ἐστιν,
747 3517 807 3570 οὑ
837 3518 943 3588 μὴν
974 3518 1145 3589 ὁρίζει
1184 3520 1243 3572 ὲν
1281 3518 1459 3590 ἑαυτῷ
1498 3518 1559 3572 τὸ
1590 3518 1781 3589 ζητού-

207 3626 400 3680 μενον·
434 3609 574 3663 ἀλλὰ
618 3610 679 3662 τὸ
718 3609 891 3679 πέρας
934 3609 1027 3662 τοῦ
1073 3609 1404 3683 εὑρεθέντος,
1450 3611 1593 3682 ἀρχὴ
1645 3609 1781 3681 πρὸς

204 3700 299 3771 τὴν
326 3700 439 3753 τῶν
468 3698 819 3770 ὑψηλοτέρων
862 3697 1080 3770 εὕρεσιν
1111 3702 1223 3762 τοῖς
1264 3700 1609 3754 ἀναϐαίνουσι
1640 3703 1783 3768 γίνε-

207 3807 314 3846 ται.
339 3790 454 3844 Καὶ
482 3788 607 3843 οὔτε
642 3792 673 3844 6
700 3788 864 3844 ἀνιών
894 3807 1025 3844 ποτε
1055 3791 1289 3856 ἵσταται,
1317 3791 1491 3862 ἀρχὴν
1520 3790 1580 3856 ἐξ
1610 3792 1783 3863 ἀρχῆς

211 3879 671 3951 μεταλαμϐάνων,
696 3878 817 3933 οὔτε
850 3879 1085 3934 τελεῖται
1113 3881 1238 3952 περὶ
1268 3881 1464 3951 ἑαυτὴν
1494 3883 1527 3951 ἡ
1564 3880 1673 3934 τῶν
1698 3880 1785 3934 ἀεὶ

212 3969 475 4043 μειζόνων
506 3973 672 4043 ἀρχή.
715 3972 983 4026 Οὐδέποτε
1014 3972 1121 4044 γὰρ
1145 3973 1270 4045 περὶ
1295 3973 1402 4026 τῶν
1427 3972 1785 4044 ἐγνωσμένων

209 4065 243 4133 ἡ
266 4064 362 4117 τοῦ
400 4062 643 4129 ἀνιόντος
670 4063 935 4133 ἐπιθυμία
977 4063 1210 4128 ἵσταται,
1244 4063 1378 4117 ἀλλά
1412 4063 1500 4117 διὰ
1542 4062 1787 4134 μείζονος

212 4155 374 4208 πάλιν
408 4154 604 4225 ἑτέρας
652 4154 943 4225 ἐπιθυμίας
982 4154 1116 4225 πρὸς
1145 4155 1337 4225 ἑτέραν
1383 4154 1787 4225 ὑπερκειμένην

212 4246 350 4300 κατὰ
386 4246 450 4298 τὸ
476 4244 675 4315 ἑφεξῆς
705 4244 849 4317 ψυχὴ
873 4245 1118 4310 ἀνιοῦσα,
1148 4244 1376 4299 πάντοτε
1399 4244 1488 4299 διά
1511 4245 1618 4299 τῶν
1646 4246 1789 4299 ἀνω-

212 4338 384 4409 τέρων
411 4337 589 4390 ὁδεύει
626 4338 762 4409 πρὸς
795 4337 855 4390 τὸ
886 4338 1152 4405 ἀόριστον.

288 4517 511 4570 Τούτων
537 4515 594 4568 δὲ
643 4516 774 4585 ἡμῖν
805 4514 947 4567 οὑτω
978 4512 1340 4584 διῃρημένων,
1377 4511 1567 4583 καιρὸς
1610 4513 1677 4565 ἂν
1706 4514 1793 4583 είη

217 4608 536 4681 προσθεῖναι
578 4606 687 4659 τῶν
740 4605 898 4659 θείων
933 4604 1127 4671 λογίων
1166 4603 1263 4675 τὴν
1313 4603 1565 4675 θεωρίαν.
1615 4603 1794 4671 Δεῦρο

217 4697 336 4754 ἀπὸ
361 4695 644 4760 Λιϐάνου,
666 4696 890 4763 νύμφη,
914 4692 1088 4760 δεῦρο
1113 4692 1233 4747 ἀπὸ
1260 4690 1536 4756 Λιϐάνου,
1568 4690 1793 4759 ἐλεύσῃ

220 4791 317 4845 καὶ
345 4769 636 4853 διελεύσῃ
675 4787 772 4840 ἀπ’
807 4783 1003 4854 ἀρχῆς
1041 4785 1318 4849 πίστεως,
1374 4781 1493 4837 ἀπὸ
1527 4779 1795 4850 κεφαλῆς

221 4879 436 4948 Sat-sip
466 4877 565 4935 καί
603 4876 848 4946 Ἑρμῶν,
895 4875 1014 4930 ἀπὸ
1050 4872 1331 4944 μανδρῶν
1355 4873 1638 4938 λεόντων,
1674 4872 1794 4927 ἀπὸ

223 4971 407 5039 ὀρέων
451 4965 824 5038 παρδάλεων.
860 4966 925 5020 Τί
963 4965 1143 5020 τοίνυν
1172 4965 1231 5018 ὲν
1257 4964 1467 5029 τούτοις
1494 4965 1796 5036 ὑπενοήσα-

225 5077 358 5131 μεν;
421 5060 532 5113 Ἀεὶ
579 5058 689 5111 τῶν
729 5057 950 5127 ἀγαθῶν
997 5059 1031 5129 ἠ
1082 5056 1232 5128 πηγὴ
1278 5055 1415 5127 πρὸς
1444 5057 1642 5128 έαυτὴν
1671 5058 1796 5121 τοὺς

222 5149 493 5223 δαμῖιντας
515 5147 822 5217 ἐφέλκεται,
855 5146 1034 5210 καθὼς
1066 5147 1123 5200 ὲν
1151 5145 1230 5217 τῷ
1274 5145 1589 5217 Εὑαγγελίῳ
1633 5147 1797 5218 φησὶν

224 5243 261 5314 ἡ
299 5242 488 5311 πηγήο
537 5242 617 5295 ὅτι
651 5239 727 5294 El
754 5256 844 5305 τις
883 5235 1051 5306 διψᾷ,
1092 5236 1357 5307 ἐρχέσθω
1405 5236 1555 5304 πρὸς
1592 5238 1672 5306 μὲ
1699 5238 1799 5291 καὶ

226 5331 464 5390 πινέτω.
524 5332 614 5384 Ἐν
642 5330 852 5393 τούτοις
891 5329 1000 5401 γὰρ
1042 5328 1164 5382 οὒτε
1192 5329 1290 5399 τῆς
1318 5327 1496 5399 δίψης,
1535 5326 1658 5381 οὔτε
1702 5328 1803 5400 τῆς

231 5423 364 5498 πρὸς
413 5422 577 5477 αὑτὸν
607 5420 805 5494 ὁρμῆς,
846 5420 970 5474 οὔτε
1010 5420 1112 5491 τῆς
1146 5421 1203 5473 ὲν
1229 5418 1309 5490 τῷ
1347 5419 1522 5474 πίνειν
1568 5419 1804 5474 ἀπολαύ-

1889 3155 2169 3211 auditione
2211 3155 2439 3212 verbum
2494 3165 2673 3227 potest
2701 3158 2926 3212 omnino
2971 3155 3456 3227 comprehendere.

1889 3247 1956 3301 Et
1981 3247 2036 3301 in
2071 3263 2168 3303 cor
2212 3248 2451 3304 hominis
2496 3265 2605 3304 non
2659 3249 2929 3313 ascendit,
2963 3247 3180 3304 tametsi
3218 3261 3457 3317 semper,

1887 3339 1978 3407 qui
2010 3340 2214 3393 mundo
2240 3350 2324 3395 est
2356 3341 2541 3403 corde,
2571 3340 2736 3402 videt.
2764 3349 3030 3410 quantum
3060 3347 3241 3409 potest
3275 3358 3289 3395 :
3333 3353 3459 3393 nam

1886 3428 2033 3497 quod
2073 3445 2290 3500 semper
2335 3431 2842 3499 comprehenditur,
2894 3441 2980 3484 est
3013 3430 3192 3499 majus
3233 3432 3300 3486 iis
3337 3445 3461 3501 qua!

1888 3527 2020 3576 sunt
2064 3520 2483 3589 comprehensa,
2538 3534 2648 3573 non
2689 3529 2870 3573 tamen
2908 3519 2961 3573 in
3018 3533 3078 3574 se
3113 3520 3369 3573 terminat
3404 3519 3461 3574 id

1889 3609 2034 3679 quod
2065 3609 2366 3678 quaeritur:
2410 3610 2504 3664 sed
2546 3608 2669 3663 [luis
2699 3609 2820 3678 ejus
2855 3608 3000 3678 quod
3041 3616 3128 3664 est
3153 3611 3461 3676 inventum,

1892 3698 1950 3752 [lt
1975 3698 2303 3768 principium
2334 3698 2762 3753 ascendentibus
2785 3697 2851 3753 ad
2878 3699 3245 3753 inventionem
3269 3715 3460 3755 eorum

1890 3805 2012 3860 quae
2040 3795 2169 3846 sunt
2195 3792 2410 3845 altiora.
2467 3789 2656 3860 Neque
2688 3806 2933 3860 unquam
2967 3806 3026 3846 se
3075 3791 3224 3845 sistit
3273 3805 3495 3845 ascenr

1891 3882 2047 3947 dens,
2080 3897 2147 3937 ex
2185 3882 2452 3953 principio
2504 3897 2731 3938 sumens
2782 3881 3131 3951 principium,
3169 3895 3347 3951 neque
3409 3881 3466 3935 in

1894 3988 1952 4029 se
1978 3973 2260 4044 perﬁcitur
2292 3988 2483 4027 eorum
2514 3988 2636 4043 quae
2663 3983 2791 4028 sunt
2813 3988 3029 4042 semper
3063 3971 3297 4042 majora,
3318 3971 3469 4041 prin-

1893 4064 2114 4134 cipium.
2164 4062 2225 4116 In
2281 4064 2347 4118 iis
2377 4065 2521 4118 enim
2562 4079 2684 4133 quae
2732 4072 2867 4127 sunt
2911 4063 3150 4133 cognita,
3187 4075 3467 4133 nunquam

1896 4156 2241 4211 ascendentis
2305 4155 2521 4212 sistitur
2578 4155 2933 4220 desiderium,
2994 4155 3090 4211 sed
3137 4171 3233 4225 per
3292 4156 3470 4228 majus

1894 4259 2093 4299 rursus
2141 4245 2472 4300 desiderium
2525 4243 2593 4299 ad
2649 4245 2796 4299 aliud
2860 4245 3164 4314 subjectum
3210 4246 3471 4317 deinceps

1897 4338 2204 4393 ascendens
2240 4337 2440 4401 anima,
2471 4337 2695 4392 omnino
2728 4335 2977 4391 ascendit
3029 4337 3363 4406 per.altiora
3400 4338 3469 4393 ad

1824 4411 1867 4467 D
1897 4428 1950 4483 id
1990 4428 2137 4498 quod
2179 4436 2264 4483 est
2293 4428 2657 4482 indefinitum.

1969 4517 2065 4574 His
2087 4511 2266 4573 autem
2298 4519 2458 4574 nobis
2487 4519 2567 4574 sic
2598 4518 2872 4574 distinctis
2906 4534 2970 4574 ae
3002 4518 3217 4588 divisis,
3250 4529 3474 4594 tempus

1896 4617 1982 4664 est
2014 4617 2073 4663 ut
2096 4611 2610 4679 contemplationem
2644 4608 2955 4665 divinorum
3001 4612 3344 4679 eloquiorum
3388 4614 3477 4666 ait-

1893 4696 2154 4767 jiciamus
2187 4715 2201 4752 :
2266 4697 2391 4751 Veni
2432 4715 2462 4750 a
2504 4697 2728 4762 Libano,
2762 4715 2974 4769 sponsa,
3033 4701 3149 4753 veni
3179 4717 3212 4753 a
3247 4700 3471 4762 Libano,

1899 4789 2069 4844 venies
2101 4797 2150 4842 et
2197 4789 2447 4842 transibis
2496 4788 2561 4842 ab
2596 4789 2747 4843 initio
2774 4790 2919 4858 ﬁdei,
2956 4806 2988 4843 a
3027 4791 3197 4858 capite
3234 4789 3397 4844 Sanir
3426 4801 3475 4844 ct

1905 4876 2159 4942 Hermon,
2213 4896 2247 4932 a
2282 4879 2465 4934 lustris
2509 4880 2737 4942 leonum,
2771 4897 2805 4934 (ι
2847 4879 3111 4934 montibus
3158 4879 3473 4948 pardornm.

1903 4967 2044 5035 Quid
2083 4985 2215 5040 ergo
2247 4970 2301 5025 in
2333 4970 2418 5026 his
2462 4971 2624 5028 nobis
2657 4972 2802 5027 venit
2835 4972 2892 5031 in
2938 4971 3216 5026 mentem?
3252 4969 3479 5041 Semper

1905 5062 2026 5118 fons
2056 5063 2326 5118 bonorum
2353 5079 2448 5120 eos
2478 5065 2574 5134 qui
2609 5066 2802 5121 sitiunt
2831 5064 2898 5119 ad
2940 5079 2998 5120 se
3036 5063 3283 5124 attrahit.
3334 5065 3477 5119 sicut.

1911 5149 2034 5207 fons
2066 5152 2200 5205 dicit
2224 5153 2280 5205 in
2314 5151 2609 5224 Evangelia
2638 5170 2652 5206 :
2691 5152 2751 5209 Si
2777 5154 2896 5224 quis
2931 5154 3066 5217 sitit,
3096 5153 3267 5208 veniat
3307 5151 3377 5207 ad
3400 5170 3478 5207 me

1907 5252 1956 5297 et
1978 5242 2121 5296 bibat
2145 5243 2211 5295 “.
2236 5242 2295 5297 In
2318 5242 2403 5297 his
2421 5245 2565 5298 enim
2584 5258 2760 5313 neque
2783 5245 2922 5309 sitis,
2945 5259 3120 5314 neque
3143 5246 3480 5300 vehementis

1907 5332 2086 5403 ipsius
2113 5332 2484 5403 appetitionis,
2511 5348 2688 5405 neque
2728 5335 2849 5405 ejus
2880 5349 3001 5405 quae
3037 5335 3090 5390 in
3119 5335 3355 5392 bibendo
3388 5350 3483 5391 ca—

1908 5424 2055 5495 pitur
2076 5424 2454 5481 delectationis
2483 5422 2633 5481 dedit
2677 5425 2991 5493 terminum,
3036 5427 3131 5485 sed
3163 5427 3484 5484 extensione

308 5603 353 5635 ⁸³
390 5596 584 5655 Matth.
620 5615 672 5665 ν,
705 5598 759 5654 8.
850 5604 893 5636 ⁸ἰ
920 5600 1057 5657 Psal;
1080 5618 1249 5667 chtv,
1302 5598 1351 5653 5.
1433 5598 1476 5630 "
1501 5597 1643 5654 Psal.
1673 5612 1793 5652 ux:

1969 5599 2000 5667 ἰ,
2032 5602 2086 5659 8.
2170 5604 2215 5636 "
2242 5602 2400 5659 Joan.
2433 5618 2531 5671 vn,
2560 5596 2654 5661 57.
