3730 5980
327 241 432 296 953

1598 235 1654 289 S.
1697 233 2025 289 GREGOHII

2090 236 2378 292 tVYSSENl
3473 235 3573 290 9H

330 355 582 427 prawepti
626 354 677 405 in
717 361 1055 422 perpetuum,
1108 351 1236 404 facit
1270 349 1706 404 adhortationem
1737 357 1790 401 et
1820 349 1892 399 si-

2081 371 2134 415 υς
2165 353 2361 406 ἔδωκεν
2410 353 2552 421 ὅρον,
2602 347 2736 402 ἀλλά
2769 347 2846 417 τῷ
2892 342 3241 416 παρατατικῷ
3275 341 3370 396 τοῦ
3401 357 3572 413 προσ-

328 447 495 502 tiendi
540 453 594 500 et
633 442 873 504 bibendi,
920 450 974 495 et
1020 441 1222 510 impetu
1255 439 1321 493 ad
1353 456 1477 493 cum
1509 437 1894 493 contendendi.

329 540 400 596 lis
429 547 609 592 autem
657 537 748 606 qui
785 537 897 604 jam
940 541 1251 604 gustarunt,
1302 541 1354 586 et
1388 531 1725 600 experientia
1757 529 1889 582 didi-

327 638 520 684 cerunt
546 628 689 698 quod
727 627 902 680 bonus
925 627 995 680 sit
1015 623 1298 686 Dominus,
1331 632 1523 692 gustus
1555 621 1615 675 ﬁt
1649 619 1894 689 quaedam

329 721 496 776 veluti
525 719 836 772 adhortatio
853 717 920 770 ad
949 715 1228 786 amplioris
1255 715 1382 769 boni
1399 712 1895 784 participationem.

330 811 615 880 Propterea
647 808 962 864 ascendenti
994 821 1273 876 nunquam
1319 804 1500 860 deﬁcit
1538 818 1659 874 qua:
1690 801 1793 872 ipsi
1841 800 1899 853 ﬁt

328 900 652 961 adhortatio,
671 899 737 953 ad
769 897 823 952 id
853 897 996 968 quod
1022 904 1108 952 est
1128 895 1304 964 majus
1335 895 1560 949 omnino
1591 893 1893 946 attrahens.

328 991 666 1046 Revocemus
705 990 850 1044 enim
893 991 946 1043 in
993 987 1310 1043 memoriam
1348 987 1462 1057 jam
1507 1001 1651 1056 smpe
1680 999 1896 1054 sponsa:

327 1085 526 1136 factum
550 1082 602 1136 in
624 1083 821 1150 iisqu:e
841 1088 1238 1149 prmcesserunt
1256 1079 1418 1133 Verbi
1437 1079 1892 1138 adhortationem,

325 1173 561 1227 dicentis
597 1191 610 1225 :
641 1171 785 1234 Veni,
804 1172 1093 1240 propinqua
1115 1187 1248 1224 mea.
1270 1169 1334 1222 Et
1365 1185 1590 1224 rursus:
1622 1168 1748 1222 Veni
1773 1168 1892 1231 huc,

325 1263 568 1316 columba
598 1279 730 1324 mea,
787 1269 840 1316 et
875 1277 885 1311 :
933 1261 1056 1314 Veni
1102 1261 1201 1313 huc
1242 1263 1296 1314 in
1337 1269 1684 1329 tegumentum
1713 1273 1893 1327 petra.

325 1357 569 1424 Cumque
607 1353 705 1408 has
729 1361 782 1406 et
807 1351 1076 1420 ejusmodi
1105 1352 1240 1405 alias
1273 1351 1628 1405 adhortantes
1655 1357 1708 1404 et
1736 1358 1897 1402 attra-

326 1447 521 1500 hentes
568 1443 634 1497 ad
682 1443 948 1511 majorum
981 1442 1312 1497 desiderium
1357 1441 1424 1496 ad
1471 1443 1706 1495 animam
1733 1455 1896 1495 voces

325 1537 597 1593 emisisset
625 1535 886 1596 Verbum,
927 1540 982 1588 et
1021 1534 1074 1587 ei
1103 1534 1216 1603 jam
1252 1533 1318 1587 ad
1360 1534 1536 1602 ipsum
1577 1532 1894 1588 ascendenti

327 1628 654 1682 testiﬁcatus
686 1633 853 1688 esset,
891 1623 1040 1693 quod
1065 1635 1226 1678 .esset
1264 1623 1490 1676 omnino
1522 1622 1889 1684 immaculata,

1997 445 2269 512 τάγματος
2322 441 2455 512 πρὸς
2501 440 2560 491 τὸ
2621 436 2866 508 διηνεκὲς
2933 437 3074 488 ποιεῖ
3114 431 3210 503 τὴν
3255 429 3572 501 προτροπὴν

1999 535 2090 585 καί
2119 532 2214 585 τοῦ
2247 529 2406 600 διψῆν
2448 533 2541 584 καὶ
2579 528 2671 582 τοῦ
2719 527 2912 589 πίνειν,
2953 527 3045 579 καὶ
3090 525 3184 578 τοῦ
3231 524 3368 594 πρὸς
3408 521 3572 576 αὑτὸν

1997 623 2094 692 τὴν
2122 623 2296 695 ὁρμὴν
2343 622 2503 692 ἔχειν.
2554 622 2676 683 Τοῖς
2725 621 2781 673 δὲ
2823 617 3179 687 γευσαμένοις
3211 615 3334 685 ἤδη,
3383 614 3478 668 καὶ
3503 616 3568 684 τῇ

2000 716 2163 786 πείρᾳ
2197 714 2456 784 μαθοῦσιν
2483 715 2564 767 ὅτι
2610 711 2839 784 χρηστὸς
2866 712 2894 762 ὁ
2923 711 3143 780 Κύριος,
3173 703 3284 762 οἷόν
3323 723 3408 769 τις
3439 722 3569 776 προ·

1997 806 2170 876 τροπὴ
2203 805 2336 875 πρὸς
2377 804 2473 876 τὴν
2525 803 2618 857 τοῦ
2670 803 2912 865 πλείονος
2966 799 3253 871 μετουσίαν
3295 800 3328 866 ἡ
3381 795 3568 864 γεῦσις

1998 898 2226 964 γίνεται.
2264 897 2361 949 Διά
2408 895 2564 948 τοῦτο
2609 895 2859 948 οὐδέποτε
2892 893 3065 945 λείπει
3103 890 3180 959 τῷ
3223 888 3566 942 ἀναϐαίνοντι

1999 991 2030 1057 ὴ
2077 988 2330 1058 γινομένη
2362 988 2498 1057 πρὸς
2527 987 2687 1039 αὑτὸν
2737 984 3019 1056 προτροπὴ
3070 986 3103 1052 ἡ
3149 983 3381 1036 πάντοτε
3432 977 3566 1048 πρὸς
3605 1046 3609 1051 _

1995 1081 2055 1133 τὸ
2107 1080 2288 1149 μεῖζον
2349 1079 2704 1149 ἐφελκομένη.
2776 1074 3241 1147 Ὑπομνησθῶμεν
3291 1072 3402 1141 γὰρ
3469 1067 3567 1138 τῆς

1951 1225 1957 1232 ,
1999 1170 2254 1233 πολλάκις
2283 1173 2338 1222 ἐν
2371 1172 2482 1234 τοῖς
2521 1169 2786 1238 φθάσασιν
2817 1168 2916 1239 ἤδη
2947 1165 3318 1235 γεγενημένης
3359 1176 3567 1231 παρορ-

2001 1264 2218 1332 μήσεως
2247 1262 2394 1332 παρά
2421 1260 2513 1315 τοῦ
2539 1259 2709 1328 Λόγου
2739 1263 2806 1332 τῇ
2857 1260 3042 1331 νύμφῃ
3061 1275 3074 1286 '
3123 1255 3315 1322 Ἐλθέ,
3346 1255 3386 1321 ἡ
3415 1256 3570 1319 πλη-

1997 1356 2134 1407 σίον
2159 1355 2298 1424 μοῦ,
2329 1353 2472 1422 λέγει
2494 1371 2508 1384 ο
2539 1355 2632 1406 καὶ
2657 1353 2837 1417 πάλιν,
2865 1352 3066 1420 Δεῦρο,
3087 1347 3402 1418 περιστερὰ
3425 1365 3565 1416 pcv'

1995 1445 2110 1506 καὶ,
2156 1443 2335 1512 Δεῦρο
2389 1444 2658 1510 σεαυτὴν
2697 1445 2766 1496 ἐν
2797 1442 2992 1510 σκέπῃ
3039 1441 3114 1510 τῇ
3166 1439 3407 1507 πέτρας.
3458 1439 3568 1491 Καὶ

1995 1535 2158 1598 ἄλλας
2182 1539 2431 1599 τοιαύτας
2458 1537 2640 1604 φωνὰς
2674 1535 3072 1607 προτρεπτικάς
3105 1551 3163 1587 τε
3195 1533 3287 1585 καὶ
3313 1531 3568 1591 ἐλκτικὲς

1994 1625 2092 1694 τῆς
2120 1625 2226 1677 τῶν
2256 1623 2514 1694 μειζόνων
2543 1624 2835 1695 ἐπιθυμίας
2857 1627 2885 1678 ό
2913 1625 3082 1690 Λόγος
3115 1624 3247 1694 πρὸς
3271 1621 3371 1692 τὴν
3391 1622 3569 1690 ψυχὴν

325 1720 545 1774 dicens:
585 1718 719 1772 Tota
763 1716 983 1783 pulchra
1023 1732 1097 1777 es,
1147 1724 1196 1768 et
1237 1715 1446 1768 macula
1493 1730 1598 1768 non
1636 1725 1712 1769 est
1740 1715 1794 1766 in
1827 1724 1893 1776 te,

2081 1716 2384 1785 ιησάμενος,
2430 1715 2523 1768 καὶ
2571 1717 2922 1786 μαρτυρήσας
2966 1715 3066 1785 ήδη
3108 1719 3175 1785 τῇ
3227 1714 3360 1783 πρὸς
3407 1713 3570 1765 αὐτόν

325 1825 392 1864 ne
432 1811 531 1863 hoc
565 1808 879 1862 testimonio
917 1809 1058 1862 elata
1105 1815 1159 1860 et
1193 1806 1335 1860 facta
1368 1807 1694 1861 insolentior
1726 1807 1893 1876 impe-

324 1900 552 1964 diretur,
583 1913 693 1968 quo
727 1898 909 1953 minus
934 1898 1252 1954 ascenderet
1291 1897 1358 1950 ad
1385 1899 1601 1961 altiora,
1635 1914 1730 1967 per
1753 1898 1895 1952 hanc

324 1987 650 2041 adhortandi
684 2002 868 2040 vocem
901 2003 1094 2042 rursus
1121 1987 1446 2040 adhortatur
1468 1987 1534 2041 ad
1560 1987 1892 2042 desideriqu

325 2096 504 2136 rerum
537 2095 916 2149 supernarum,
961 2079 1183 2134 dicens:
1234 2079 1349 2133 Huc
1379 2097 1411 2132 a
1449 2078 1891 2148 Libano,sponsa.

325 2171 438 2226 Hoc
462 2181 644 2227 autem
676 2171 819 2242 quod
851 2171 1054 2225 dicitur
1083 2179 1164 2226 est
1195 2171 1461 2241 ejusmodi
1485 2169 1683 2225 :Recte
1707 2178 1896 2225 secuta

322 2278 404 2329 es,
447 2263 624 2332 inquit
690 2263 746 2316 in
803 2261 1253 2332 praecedentibus,
1311 2262 1510 2316 venisti
1563 2277 1776 2316 mecum
1835 2265 1892 2316 in

325 2363 561 2410 montem
605 2355 856 2424 myrrbze.
899 2355 1228 2423 Consepulta
1286 2355 1429 2408 enim
1481 2352 1630 2408 fuisti
1683 2367 1893 2408 mecum

327 2461 422 2517 per
463 2445 788 2514 baptismum
836 2447 891 2499 iu
928 2439 1176 2500 mortem.
1231 2444 1404 2499 Simul
1455 2461 1670 2501 mecum
1730 2446 1894 2500 etiam

324 2531 620 2587 ascendisti
664 2533 715 2586 in
745 2533 936 2587 collem
970 2534 1168 2588 thuris.
1202 2532 1336 2588 Nam
1371 2535 1790 2598 consurrexisti,
1842 2542 1897 2590 et

325 2623 380 2676 in
407 2625 575 2677 altum
621 2623 772 2678 fuisti
805 2624 1018 2678 sublata
1060 2627 1114 2678 in
1147 2627 1528 2680 communione
1567 2626 1893 2689 divinitatis,

325 2729 488 2784 quam
521 2714 763 2770 ostendit
811 2729 1010 2769 nomen
1047 2715 1246 2770 thuris.
1285 2716 1534 2770 Asceude
1585 2731 1714 2786 ergo
1761 2716 1894 2769 mihi

325 2805 488 2860 etiam
520 2808 589 2860 ab
621 2806 706 2860 his
733 2805 1010 2861 montibus
1050 2807 1103 2860 in
1135 2808 1274 2862 alios
1316 2816 1550 2870 montes,
1603 2809 1895 2878 proﬁciens

325 2903 380 2950 et
427 2895 482 2950 in
535 2897 702 2950 altum
755 2903 942 2951 evecta
996 2912 1092 2966 per
1142 2895 1446 2952 evidentem
1500 2899 1891 2968 cognitionem.

295 2985 465 3059 ,lluc,
507 2987 704 3056 inquit,
761 3001 791 3040 a
841 2986 1072 3049 Libano,
1127 3002 1238 3041 non
1281 2988 1517 3056 amplius
1555 2988 1624 3042 ad
1675 2990 1894 3057 nuptias

325 3079 515 3146 petita,
554 3078 651 3132 sed
679 3091 879 3145 sponsa
909 3077 1093 3146 potius
1121 3077 1204 3132 vel
1231 3085 1420 3146 nupta.
1460 3077 1576 3132 Non
1601 3079 1746 3132 enim
1778 3078 1893 3132 ﬁeri

327 3173 526 3234 potest,
557 3175 614 3218 ut
637 3179 850 3218 mecum
897 3165 1020 3219 vitae
1062 3165 1515 3220 consuetudinem
1569 3166 1763 3221 habeat
1793 3169 1894 3221 ali-

325 3257 473 3326 quis,
522 3255 626 3310 nisi
678 3271 774 3324 per
820 3256 1012 3312 mortis
1065 3255 1355 3326 myrrham-
1399 3263 1797 3314 transmutelur
1828 3258 1896 3312 ad

325 3347 504 3403 thuris
525 3346 884 3402 divinitatem.
913 3347 1180 3412 Quoniam
1207 3349 1320 3416 jam
1345 3349 1410 3402 ad
1434 3349 1574 3404 hanc
1602 3351 1896 3419 pervenisti

327 3438 688 3501 altitudinem,
741 3453 810 3492 ne
849 3445 962 3493 stes
991 3437 1313 3503 ascendens,
1359 3447 1418 3493 ut
1451 3455 1572 3510 quae
1612 3442 1724 3508 jam
1772 3457 1897 3510 pro-

328 3537 512 3597 pterea
581 3527 893 3598 perveneris
947 3526 1016 3580 ad
1075 3527 1484 3598 perfectionem.
1545 3530 1696 3586 Fidei
1751 3533 1894 3586 enim

328 3620 654 3689 principium
689 3620 788 3674 tibi
815 3627 901 3675 est
948 3619 1051 3674 hoc
1073 3621 1221 3685 thus,
1253 3623 1412 3691 cujus
1447 3623 1596 3677 fuisti
1627 3625 1897 3694 particeps

333 3727 427 3778 per
451 3711 930 3784 resurrectionem,
966 3711 1294 3781 principium
1324 3723 1408 3769 est
1430 3726 1612 3768 autem
1645 3730 1896 3785 progres-

332 3800 414 3854 sui
474 3799 542 3854 ad
598 3800 737 3854 bona
784 3801 1106 3854 excelsiora.
1160 3801 1242 3854 Ab
1279 3803 1381 3856 hoc
1427 3819 1559 3874 ergo
1602 3805 1891 3874 principio,

328 3891 471 3958 quod
509 3897 594 3943 est
647 3890 800 3951 ﬁdes,
837 3889 1024 3944 venies
1073 3897 1127 3944 et
1173 3893 1436 3947 transibis
1483 3909 1493 3942 :
1531 3894 1635 3947 hoc
1681 3903 1782 3955 cst,
1835 3893 1896 3946 Et

332 3994 476 4035 nunc
509 3979 712 4044 venies,
763 3987 818 4033 et
867 3994 975 4033 non
1008 3980 1252 4035 cessabis
1281 3997 1494 4052 semper
1521 3984 1759 4038 transire
1804 4001 1896 4054 per
1934 3994 1945 4001 '

329 4065 646 4137 hujusmodi
676 4068 1042 4124 ascensiones.

391 4248 494 4323 _Sic
528 4257 706 4302 autem
741 4248 901 4303 habet
935 4249 1219 4304 verborum
1263 4260 1550 4308 contextus
1583 4273 1596 4307 :
1637 4253 1816 4308 Venics
1842 4265 1893 4310 ἐι

330 4339 579 4393 transibis
615 4339 678 4392 ab
708 4340 858 4393 initio
901 4341 1046 4409 ﬁdei,
1095 4358 1126 4394 a
1164 4343 1333 4410 capite
1373 4342 1534 4397 Sanir
1557 4355 1605 4396 et
1639 4344 1888 4400 llermon.

329 4430 431 4485 Per
463 4431 564 4485 hoc
592 4439 770 4485 autem
811 4431 1120 4486 subindicat
1152 4437 1468 4504 mysterium
1504 4439 1756 4491 secundae
1798 4455 1894 4492 na-

328 4521 578 4577 tivitatis.
609 4519 746 4574 Hinc
769 4521 912 4575 enim
937 4523 1126 4577 dicunt
1155 4517 1377 4579 manare
1407 4525 1583 4581 fontes
1599 4527 1890 4593 'Jordanis,

328 4626 492 4681 supra
524 4627 663 4681 quos
687 4612 825 4666 situs
853 4622 934 4667 est
965 4614 1052 4667 hic
1087 4631 1243 4671 mons
1277 4616 1367 4685 qui
1399 4617 1659 4670 dividitur
1699 4621 1750 4671 in
1783 4620 1892 4673 duo

326 4703 632 4767 cacumina,
659 4702 859 4772 quibus
891 4705 1140 4775 imposita
1180 4715 1306 4760 sunt
1341 4707 1452 4760 hare
1479 4710 1698 4761 nomina
1733 4709 1894 4764 Sanir

323 4805 379 4848 et
405 4792 659 4850 llermon.
702 4793 969 4860 Quoniam
1020 4812 1149 4867 ergo
1201 4797 1345 4867 quod
1394 4814 1460 4850 ex
1513 4799 1598 4875 his
1646 4801 1888 4857 fontibus

325 4894 510 4938 manat
561 4883 846 4948 ﬂuentum,
909 4887 1009 4940 fuit
1061 4887 1215 4942 nobis
1264 4887 1588 4956 principium
1635 4891 1686 4943 in
1720 4891 1886 4946 Deum

325 4975 846 5041 transformationis,
907 4991 969 5030 ea
1027 4975 1094 5029 de
1144 4992 1308 5030 causa
1361 4980 1512 5031 audit
1551 4994 1734 5034 vocem
1773 4983 1892 5049 ejus

324 5067 416 5136 qui
445 5074 606 5120 vocat
636 5065 704 5119 ad
732 5066 932 5136 ipsum,
965 5067 1154 5121 dicens
1181 5084 1192 5120 :
1236 5065 1368 5120 Veni
1401 5083 1426 5119 a
1459 5066 1688 5134 Libano,
1736 5083 1789 5126 ct
1826 5075 1894 5128 ab

325 5159 479 5212 initio
509 5157 653 5221 ﬁdei,
683 5167 736 5211 et
767 5173 796 5210 a
826 5158 1001 5228 capite
1037 5155 1198 5211 Sanir
1239 5165 1292 5211 et
1322 5156 1554 5212 llermon
1591 5178 1603 5212 :
1630 5176 1666 5212 ιι
1695 5165 1890 5232 capite,

325 5245 567 5314 inquam,
602 5245 794 5300 horum
825 5247 1090 5301 montium
1119 5245 1261 5300 unde
1289 5246 1382 5298 tibi
1415 5247 1520 5299 orti
1551 5259 1680 5302 sunt
1710 5250 1887 5308 fontes

323 5335 590 5403 mysterii.
633 5334 864 5390 Pulchre
893 5345 1072 5391 autem
1109 5337 1258 5391 addit
1299 5337 1627 5392 mentionem
1672 5341 1886 5401 leonum

322 5434 376 5475 et
401 5423 718 5491 pardorum,
759 5435 820 5480 ut
867 5443 961 5496 per
989 5427 1316 5484 additiouem
1355 5449 1546 5489 eorum
1596 5450 1716 5503 qua:
1760 5445 1889 5490 sunt

325 5514 579 5572 molesta.
615 5515 918 5570 suaviorem
947 5517 1138 5572 reddat
1173 5535 1294 5588 quae
1328 5537 1392 5576 ex
1424 5526 1588 5580 rebus
1611 5526 1886 5581 delectan-

323 5603 470 5658 tibus
499 5602 818 5672 percipitur,
853 5607 1204 5676 voluptatem.
1239 5609 1506 5675 Quoniam
1535 5615 1680 5670 enim
1723 5617 1884 5672 homo

1997 1805 2220 1878 ἀνιούσῃ
2267 1807 2330 1859 τὸ
2367 1807 2454 1860 διὰ
2483 1807 2700 1860 πάντων
2730 1807 3046 1876 ἀμώμητον,
3079 1805 3270 1867 εἰπὼν,
3304 1807 3384 1858 ὅτι
3423 1805 3568 1870 Ὄλη

1997 1894 2177 1962 καλὴ,
2214 1895 2308 1948 καὶ
2349 1892 2551 1964 μῶμος
2581 1898 2692 1949 οὐκ
2714 1898 2886 1950 ἐστιν
2913 1897 2982 1949 ἐν
3006 1895 3123 1959 σοὶ,
3156 1897 3230 1959 ὡς
3265 1895 3331 1948 ἂν
3381 1896 3458 1964 μὴ
3502 1898 3568 1964 τῇ

1999 1987 2274 2057 μαρτυρίᾳ
2305 1995 2475 2060 ταύτῃ
2526 1988 2948 2057 ἐγχαυνωῦεῖσα,
2986 1990 3121 2058 πρὸς
3157 1991 3255 2058 τὴν
3293 1989 3401 2040 τῶν
3447 2004 3566 2057 μει-

1997 2078 2162 2142 ζόνων
2193 2077 2375 2132 ἄνοδον
2405 2077 2769 2150 ἐμποδισθείη·
2789 2079 2946 2130 πάλιν
2979 2079 3062 2130 διὰ
3091 2079 3185 2148 τῆς
3239 2094 3571 2148 προτρεπτι-

1997 2168 2100 2238 κῆς
2129 2168 2328 2239 ταύτης
2374 2170 2555 2240 φωνῆς
2585 2169 2678 2221 ἐπὶ
2707 2169 2807 2240 τὴν
2851 2170 2956 2221 τῶν
3005 2171 3414 2240 ὑπερκειμένων
3447 2172 3569 2222 ἑπι-

1997 2257 2198 2326 θυμίαν
2224 2257 2485 2329 ἀναϐῆναι
2516 2258 2965 2329 παρακελεύεται,
2997 2260 3196 2326 λέγων·
3231 2259 3415 2324 Δεῦρο
3451 2260 3572 2312 ἀπὸ

1998 2347 2275 2412 Λιϐάνου,
2316 2351 2539 2418 νύμφη.
2587 2351 2659 2402 Τὸ
2705 2350 2762 2402 δὲ
2808 2351 3095 2420 λεγόμενον
3141 2350 3380 2402 τοιοῦτόν
3413 2353 3570 2402 ἐστι·

1993 2441 2204 2506 Καλῶς,
2231 2441 2414 2512 φησὶν,
2444 2444 2500 2494 ἐν
2536 2445 2650 2504 τοῖς
2689 2441 2956 2510 φθάσασιν
2982 2440 3370 2512 ὴκολούθησας,
3407 2437 3574 2512 ἦλθες

2001 2533 2118 2601 μετ’
2145 2533 2280 2602 ἐμοῦ
2319 2533 2450 2604 πρὸς
2476 2534 2536 2586 τὸ
2561 2534 2682 2604 ὄρος
2701 2534 2801 2604 τῆς
2829 2533 3092 2604 σμύρνης.
3124 2535 3440 2604 Συνετάφης
3461 2535 3575 2604 γάρ

2001 2641 2088 2693 μοι
2112 2624 2198 2676 διὰ
2220 2624 2313 2679 τεῦ
2353 2625 2724 2694 βαπτίσματος
2767 2629 2843 2690 είς
2882 2626 2974 2680 τὸν
3007 2627 3253 2680 θάνατον.
3302 2625 3575 2696 Συνῆλθές

2001 2732 2089 2784 μοι
2121 2715 2214 2768 καὶ
2258 2716 2350 2768 ἐπὶ
2400 2716 2489 2769 τὸν
2544 2715 2728 2786 βουνὸν
2777 2717 2870 2770 τοῦ
2939 2715 3178 2774 λιὸάνου.
3235 2717 3574 2785 Συνανέστης

1997 2806 2104 2874 γὰρ
2149 2808 2240 2859 καὶ
2291 2805 2510 2878 ύψὼθης
2557 2811 2614 2860 ἐν
2651 2812 2714 2879 τῇ
2755 2809 2854 2877 τῆς
2907 2809 3155 2881 θεότητος
3196 2810 3466 2879 κοινωνίᾳ,
3503 2811 3574 2879 ἢν

1999 2896 2328 2950 ἐνδείκνυται
2378 2896 2472 2950 τοῦ
2539 2899 2757 2952 λιϐάνου
2817 2899 2876 2951 τὸ
2920 2899 3110 2970 ὄνομα.
3175 2901 3432 2970 Ἀνάόηθί
3479 2918 3574 2970 μοι

1998 2985 2104 3035 ἀπὸ
2137 2985 2340 3038 τούτων
2369 2988 2462 3039 καὶ
2498 2988 2590 3039 ἐπὶ
2621 2987 2783 3056 ἕτερα
2813 2987 2934 3058 ὅρη,
2970 2988 3352 3058 προκόπτουσᾶ
3383 3007 3439 3041 τε
3477 2990 3576 3046 καὶ

2001 3073 2273 3145 ύψουμένη
2321 3075 2408 3128 διά
2437 3077 2536 3146 τῆς
2568 3079 2822 3148 ἐνεργοῦς
2859 3078 3132 3146 γνώσεως.
3185 3080 3355 3150 Δεῦρο
3393 3081 3574 3132 τοίνυν

1998 3167 2104 3218 ἀπὸ
2143 3167 2398 3233 Λιϐάνου,
2444 3172 2629 3239 φησιν,
2673 3170 2855 3223 οὐκέτι
2907 3170 3142 3241 μνηστὴ.
3179 3171 3313 3224 ἀλλὰ
3358 3171 3572 3240 νύμφη.

1997 3255 2071 3307 Οὐ
2102 3255 2208 3326 γάρ
2253 3260 2367 3309 ἐστι
2410 3258 2628 3312 δυνατὸν
2679 3259 2802 3329 ἐμοὶ
2836 3261 3062 3331 συζῆσαι
3092 3260 3180 3314 τὸν
3232 3261 3306 3332 μὴ
3352 3261 3577 3314 ἀλλοιω-

1999 3347 2156 3400 θέντα
2187 3348 2274 3401 διά
2306 3349 2404 3419 τῆς
2434 3350 2528 3403 τοῦ
2577 3351 2804 3405 Θανάτου
2856 3352 3098 3422 σμύρνης
3150 3353 3287 3424 πρὸς
3331 3351 3431 3422 τὴν
3475 3352 3574 3404 τοῦ

2013 3436 2230 3490 λιϐάνου
2262 3436 2511 3508 θεότητα.
2558 3439 2776 3510 Ἐπειδὴ
2803 3440 2859 3492 ἐν
2885 3439 3059 3510 τούτῳ
3083 3441 3313 3508 γέγονας
3350 3441 3450 3511 ἤδη
3496 3441 3576 3510 τῷ

2001 3529 2142 3616 ὕφει,
2177 3529 2251 3600 μὴ
2291 3532 2418 3601 στῇς
2453 3531 2696 3596 ἀνιοῦσα,
2725 3531 2801 3594 ὡς
2827 3532 2924 3604 ἤδη
2959 3531 3047 3585 διὰ
3089 3533 3294 3586 τούτων
3337 3534 3576 3586 ἐπιϐᾶσα

1997 3621 2097 3688 τῆς
2136 3619 2485 3692 τελειότητος.
2530 3621 2694 3692 Ἀρχὴ
2741 3623 2846 3692 γάρ
2881 3638 2960 3675 σοι
3001 3623 3234 3686 πίστεως
3272 3623 3302 3674 ὁ
3357 3623 3575 3687 λίϐανςς

1997 3707 2147 3772 οὗτος
2194 3711 2422 3778 γίνεται,
2471 3703 2532 3764 οῦ
2582 3713 2841 3782 μετέσχες
2895 3713 2982 3766 διὰ
3039 3715 3137 3784 τῆς
3186 3715 3572 3777 ἀναστάσεως·

1998 3801 2140 3870 ἀρχὴ
2175 3799 2230 3852 δὲ
2260 3801 2354 3853 καὶ
2384 3803 2450 3872 τῇ
2485 3801 2578 3853 ἐπὶ
2622 3800 2690 3853 τὰ
2733 3799 3038 3872 ὑψηλότερα
3074 3800 3181 3852 τῶν
3222 3799 3443 3868 ἀγαθῶν
3473 3817 3574 3852 πο-

2000 3891 2140 3958 ρεία.
2190 3890 2320 3942 Ἀπὸ
2349 3889 2524 3942 τοίνυν
2555 3891 2652 3960 τῆς
2695 3890 2868 3960 ἀρχῆς
2903 3889 3126 3960 ταύτης,
3198 3890 3319 3960 ⁴ἥτις
3352 3891 3500 3944 ἐστὶν
3537 3892 3572 3959 ἠ

1999 3984 2199 4046 πίστις,
2231 3981 2421 4052 ἐλεύσῃ
2453 3983 2546 4035 καὶ
2572 3981 2814 4052 διελεύσῃ
2837 3999 2850 4011 ·
2879 3981 3140 4047 τουτέστι,
3161 3981 3273 4034 Καὶ
3290 3981 3384 4034 νῦν
3398 3983 3570 4052 ἥξεις,

2000 4077 2090 4127 καὶ
2125 4076 2293 4126 εἰσαεὶ
2325 4075 2638 4144 διερχομένη
2687 4073 2773 4125 διὰ
2807 4073 2914 4126 τῶν
2945 4073 3194 4126 τοιούτων
3234 4074 3436 4127 ἀνόδων
3470 4076 3570 4127 οὐκ

2011 4167 2020 4176 .
2108 4166 2119 4175 .
2151 4167 2160 4181 .
2181 4166 2202 4182 ..

1998 4181 2305 4236 αποληςεις.

2073 4259 2222 4328 Ἔχει
2253 4259 2308 4310 δέ
2348 4260 2379 4327 ἡ
2413 4258 2552 4324 λέξις
2589 4258 2758 4322 οὕτως
2780 4277 2793 4290 ο
2836 4259 3091 4327 Ἑλεύσιι
3130 4261 3227 4312 καὶ
3257 4259 3568 4327 διελεύσῃ,

1997 4350 2098 4403 ἀπ’
2147 4349 2336 4418 ἀρχῆς
2390 4351 2661 4416 πίστεως,
2717 4351 2834 4404 ἀπὸ
2886 4351 3155 4420 κεφαλῆς
3199 4353 3412 4418 Eat-sip
3468 4353 3568 4407 καὶ

2014 4439 2258 4508 Ἑρμῶν.
2290 4440 2386 4494 Διά
2431 4444 2630 4495 τούτων
2669 4443 2724 4495 δὲ
2776 4443 2836 4495 τὸ
2883 4443 2981 4513 τῆς
3030 4443 3233 4496 ἀνωθεν
3262 4444 3570 4514 γεννήσεως

2002 4531 2287 4599 ὑποφαίνει
2361 4535 2672 4602 μυστήριον.
2743 4533 3017 4586 Ἐντεῦθεν
3075 4535 3183 4602 γὰρ
3249 4534 3569 4605 προχεῖσθαί

1999 4638 2130 4690 φησι
2164 4621 2260 4684 τὰς
2286 4622 2376 4675 τοῦ
2421 4623 2680 4693 Ἰορδάνου
2713 4624 2914 4692 πηγᾶς,
2950 4618 3024 4678 ὧν
3082 4626 3402 4696 ὑπέρκειται
3445 4625 3567 4678 τοῦς

1997 4731 2058 4766 το
2081 4713 2224 4782 ὅρος,
2254 4713 2344 4765 δύο
2375 4713 2582 4781 λοφιαῖς
2624 4716 2993 4786 μεριζόμενον,
3032 4712 3120 4780 αἶς
3164 4717 3336 4772 ταῦτα
3367 4719 3572 4772 ἐπίκειο

1995 4819 2084 4854 ται
2110 4801 2176 4854 τά
2209 4802 2444 4871 ὀνόματα
2475 4804 2666 4872 Σανεὶρ
2696 4805 2788 4857 καὶ
2819 4805 3053 4874 Ἑρμῶν.
3101 4806 3257 4859 Ἐπεὶ
3301 4802 3393 4860 οὖν
3418 4808 3480 4859 τὸ
3507 4809 3569 4859 ἐκ

1992 4889 2100 4940 τῶν
2131 4889 2320 4958 πηγῶν
2363 4890 2566 4942 τούτων
2612 4875 2824 4962 ῥεῖθρον
2849 4895 2989 4964 ἀρχὴ
3029 4895 3250 4962 γέγονεν
3295 4899 3428 4966 ημῖν
3466 4898 3568 4966 τὴς

1994 4980 2132 5050 πρὸς
2178 4980 2238 5032 τὸ
2270 4981 2422 5033 θεῖον
2458 4984 2884 5052 μεταποιήσεως,
2939 4986 3128 5038 τούτου
3174 4988 3332 5058 χάριν
3379 4989 3568 5042 ἀκούει

1992 5069 2082 5122 τοῦ
2127 5069 2260 5138 πρὸς
2287 5071 2478 5142 ἐμυτὸν
2508 5072 2796 5136 καλοῦντος
2825 5076 3013 5144 αύτήν.
3048 5077 3144 5140 ’⁷ος
3171 5095 3335 5148 φησιν
3361 5095 3374 5106 ο
3397 5079 3568 5151 Δεῦρο

1991 5159 2099 5212 ἀπὸ
2125 5160 2358 5214 Λιϐάνου
2385 5162 2480 5214 καὶ
2513 5163 2618 5216 ἀπὸ
2643 5165 2816 5235 ἀρχῆς
2844 5165 3096 5230 πίστεως,
3129 5169 3222 5220 καὶ
3249 5168 3360 5220 ἀπὸ
3399 5185 3567 5236 κεφαο

1993 5253 2092 5324 λῆς
2139 5253 2248 5307 τῶν
2295 5255 2465 5326 ὀρέων
2509 5255 2734 5319 τούτων,
2776 5256 2899 5310 ὅθεν
2947 5259 3029 5311 σοι
3062 5260 3348 5326 γεγόνασιν
3381 5261 3437 5312 αἱ
3473 5259 3567 5313 τοῦ

1997 5345 2296 5415 μυστηρίου
2349 5347 2555 5416 πηγαί·
2612 5347 2792 5410 καλῶς
2835 5348 2891 5401 δὲ
2944 5349 3268 5419 προστίθησι
3315 5350 3414 5420 τὴν
3461 5350 3567 5404 τῶν

1993 5434 2219 5488 λεόντων
2245 5453 2306 5488 τε
2349 5439 2442 5489 καὶ
2475 5437 2792 5508 παρδάλεων
2826 5441 3067 5513 μνήμην,
3109 5443 3196 5495 ἵνα
3220 5441 3308 5494 διὰ
3335 5443 3430 5512 τῆς
3461 5444 3566 5495 τῶν

1993 5523 2250 5594 λυπηρῶν
2284 5525 2660 5595 παραθέσεως,
2707 5529 3047 5600 γλυκυτέραν
3092 5534 3294 5606 ποιήσῃ
3333 5534 3430 5603 τὴν
3460 5535 3565 5586 των

1995 5615 2387 5685 εὐφραινόντων
2431 5618 2749 5675 ἀπόλαυσιν.
2819 5623 3032 5694 Ἐπειδὴ
3071 5624 3178 5692 γὰρ
3233 5625 3564 5691 ἀποθέμελός
