3742 5986
222 278 330 340 945

1249 291 1315 346 IN
1345 292 1641 352 CANTICA
1665 288 2264 357 CANTICJHOMIL-IA
2305 301 2438 357 vui.

3368 298 3470 367 me
3544 394 3547 401 ,

226 409 351 492 πρῖε
374 394 609 492 τδθεῗον
643 393 781 492 εἶδος
804 400 834 453 6
870 401 1174 475 ἄνθρωπος,
1212 409 1348 479 πρὸς
1378 412 1475 482 τὴν
1511 415 1758 487 ὁμοιότητ

1941 416 1991 469 ui
2022 425 2238 472 creatus
2289 418 2464 472 l‘uerat
2508 418 2573 472 ad
2610 418 2770 474 Verbi
2821 419 3132 492 imaginem,
3186 437 3310 476 cum
3363 426 3465 477 ali-

222 484 317 554 τῆς
363 486 562 555 ἀλόγου
611 488 825 558 φύσεως
876 493 1171 567 ὲθηριώθη,
1218 500 1483 571 πάρδαλις
1525 484 1620 559 καὶ
1663 484 1798 560 λέων

222 574 312 670 διά
330 575 463 670 ,τῶν
495 580 746 670 πονηρῶν
779 583 1223 657 ἐπιτηδευμάτων
1251 595 1554 665 γενόμενος.
1601 600 1658 651 Ὀ
1693 600 1799 670 γὰρ

224 665 327 719 ὑπὸ
370 667 465 720 τοῦ
517 668 732 736 λέοντος
776 674 1055 742 ὲλκυσθεὶς
1102 680 1196 733 τοῦ
1243 682 1610 755 ἐνεδρεύοντος
1644 665 1795 761 ἐν*τῇ

224 755 455 849 μάνδρᾳ,
488 758 673 824 καθώς
700 780 863 833 φησιν
896 768 923 818 6
954 769 1263 848 Προφήτης.
1300 775 1394 826 καὶ
1429 776 1487 828 ἐν
1514 780 1580 849 τῇ
1614 755 1797 846 παγίδι

221 847 386 899 αὑτοῦ
437 852 811 916 ταπεινωθεὶς,
860 856 994 927 πρὸς
1037 860 1135 930 τὴν
1179 847 1384 916 ἐκείνου
1419 847 1577 934 φύσιν
1630 886 1795 937 μετα-

226 940 544 1007 μορφοῦται,
578 947 1085 1016 κατακρατήσαντος
1108 952 1200 1003 τοῦ
1229 952 1415 1024 θηρίου
1439 957 1535 1026 τῆς
1560 958 1791 1027 φύσεως.

223 1026 448 1096 Ὅμοιοι
481 1032 589 1102 γάρ
618 1036 824 1101 αὐτοῖς
862 1037 1128 1105 γένοιντο
1167 1046 1219 1096 οἱ
1255 1047 1566 1114 ποιοῦντες
1610 1052 1793 1117 αὐτὰ,

220 1120 376 1189 φησὶ,
409 1124 502 1174 καὶ
529 1123 748 1191 πάντες
769 1131 821 1179 οἱ
841 1133 1184 1198 πεποιθότες
1205 1135 1533 1204 ἐπάὐτοῖς.
1566 1142 1795 1211 Ὁμοίως

222 1209 279 1302 δε
311 1212 407 1302 καὶ⁹
437 1213 704 1284 πάρδαλις
728 1218 933 1284 γίνεται
990 1223 1018 1273 6
1041 1221 1127 1275 διὰ
1157 1224 1264 1277 τῶν
1289 1227 1382 1279 τοῦ
1414 1228 1529 1298 βίου
1564 1209 1794 1302 κηλίδων

220 1299 318 1369 τὴν
348 1301 525 1372 ψυχὴν
569 1309 945 1373 στιγματίσας.
990 1311 1140 1363 Ἐπεὶ
1180 1310 1272 1367 οὖν
1314 1312 1383 1385 ἦν
1433 1335 1561 1371 ποτε
1603 1299 1690 1374 ότε
1736 1324 1793 1375 ὲν

221 1393 393 1444 τοῖσδε
420 1390 486 1461 ἦν
514 1394 575 1445 τὸ
599 1396 956 1467 ἀνθρώπινον.
987 1400 1074 1454 διά
1097 1404 1195 1472 τῆς
1235 1407 1673 1479 είδωλολατρείας
1698 1415 1793 1466 καὶ

220 1479 316 1548 τῆς
356 1482 655 1552 Ἰουδαϊκῆς
689 1485 924 1556 ἀπάτης,
957 1490 1049 1542 καὶ
1081 1491 1177 1560 τῆς
1203 1493 1449 1563 ποικίλης
1474 1497 1582 1549 τῶν
1610 1500 1792 1570 ἁμαρ-

219 1570 406 1623 τωλῶν
440 1575 640 1638 κακίας
674 1577 1021 1648 πλανώμενον
1042 1601 1054 1614 ·
1090 1586 1226 1653 μετὰ
1268 1587 1435 1640 ταῦτα
1480 1590 1533 1641 δὲ
1578 1592 1665 1644 διὰ
1697 1593 1789 1646 τοῦ

234 1660 497 1731 Ἰορδάνου
547 1667 639 1719 καὶ
684 1668 781 1736 τῆς
835 1670 1077 1742 σμύρνης
1121 1677 1213 1728 καὶ
1262 1677 1355 1730 τοῦ
1389 1680 1620 1734 Λιϐάνου
1657 1683 1792 1753 πρὸς

219 1752 468 1806 τοσοῦτον
496 1756 702 1835 ὑψῴθη,
741 1758 880 1813 ὥστε
914 1763 1071 1815 αὑτὸν
1105 1765 1202 1836 ἤδη
1243 1752 1790 1845 συμμετεωροπορεῖν

219 1841 297 1911 τῷ
346 1843 505 1913 θεῷ’
560 1847 749 1901 τούτου
803 1852 960 1921 χάριν
988 1853 1296 1921 ’πλεονάζει
1343 1860 1452 1913 τῶν
1506 1864 1789 1935 παρόντων

218 1933 441 1999 ἀγαθῶν
467 1936 566 2008 τὴν
596 1939 930 2013 εὐφροσύνην
957 1946 985 1997 6
1021 1944 1194 2013 λόγος.
1237 1949 1333 2003 Διά
1378 1951 1474 2020 τῆς
1511 1933 1618 2005 τῶν
1661 1960 1789 2007 ποτε

216 2028 602 2095 γεγενημένων
658 2031 896 2103 ἀνιαρῶν
955 2037 1310 2106 παραθέσεως
1398 2045 1687 2115 προφέρων
1733 2051 1789 2100 ὲν

215 2116 355 2171 τετιν
382 2113 453 2187 ἦν
485 2119 691 2192 ἡψυχὴ
741 2125 844 2194 πρὸ
866 2125 960 2178 τοῦ
995 2128 1224 2183 Λιϐάνου
1255 2124 1349 2185 καὶ
1375 2135 1474 2204 τῆς
1501 2113 1674 2208 ἀρχῆς
1690 2140 1789 2209 τῆς

217 2209 472 2272 πίστεως,
506 2212 600 2265 καὶ
632 2214 737 2283 πρὸ
757 2216 864 2270 τῶν
902 2218 992 2271 ἐπὶ
1031 2220 1122 2273 τοῦ
1172 2223 1433 2293 Ἰορδάνου
1462 2229 1788 2299 γνωρισθέν-

214 2316 319 2397 rem
362 2302 496 2397 ἡμῖν
528 2305 858 2397 μυστηρίων.
904 2309 991 2373 Ὠς
1031 2311 1139 2383 γάρ
1182 2316 1214 2385 ἡ
1258 2318 1377 2370 κατ’
1408 2320 1631 2393 εἰρήνην
1675 2323 1788 2397 ζωὴ

215 2390 524 2486 γλυκυτέρα
557 2394 693 2463 μετὰ
736 2397 828 2450 τὸν
862 2399 1096 2471 πόλεμον
1135 2406 1363 2473 γίνεται,
1391 2390 1519 2474 τοῖς
1539 2390 1786 2486 σκυθρωζ

217 2485 334 2574 παῖς
360 2482 695 2554 διηγήμασιν
720 2487 1019 2562 ήδυνομένη
1041 2510 1052 2523 ·
1083 2496 1177 2547 καὶ
1214 2497 1274 2550 1:6
1313 2500 1412 2571 τῆς
1441 2503 1628 2571 ὑγείας
1654 2482 1788 2574 άγα-

212 2571 323 2634 θδν,
375 2574 577 2644 μᾶλλον
621 2579 1039 2647 καταγλυκαίνει
1082 2587 1151 2639 τά
1198 2588 1292 2642 τοῦ
1341 2591 1590 2663 σώματος
1632 2571 1787 2669 ἡμῶν

211 2664 563 2760 αἰσθητήρια.
600 2669 649 2720 εί
675 2669 738 2723 ἔκ
765 2687 909 2732 τινος
934 2676 1381 2750 ἀρρωστημάτων
1424 2686 1616 2755 ἀηδίας
1654 2664 1789 2760 πρὸς

212 2757 727 2852 ἑαυτὴν-ἐπανέλθοι
770 2764 931 2818 πάλιν
979 2769 1010 2838 ἡ
1043 2771 1231 2838 φύσιςθ
1272 2776 1364 2829 τὸν
1404 2780 1562 2832 αὑτὸν
1590 2757 1787 2852 τρόπον

211 2848 460 2901 ὲπίτασίν
496 2866 617 2904 τινα
666 2855 760 2907 καὶ
801 2857 1139 2932 πλεονασμὸν
1170 2864 1272 2933 τῆς
1312 2867 1369 2919 ὲν
1408 2873 1519 2935 τοῖς
1562 2848 1786 2942 ἀγαθοῖς

208 2940 549 3038 εὑφροσύνης
600 2946 895 3016 οἰκονομῶν
940 2952 967 3003 6
1014 2952 1218 3020 ἀγαθὸς
1261 2959 1493 3029 νυμφίος
1538 2940 1619 3036 τῇή
1656 2969 1787 3038 πρὸς

209 3028 369 3082 αὑτὸν
400 3030 625 3105 ἁνιούσῃ
656 3034 820 3105 ψυχῇ.
872 3039 932 3090 οὑ
971 3041 1130 3108 μόνον
1167 3044 1228 3097 τὸ
1262 3028 1452 3102 ἑαυτοῦ
1496 3028 1747 3118 κάλλοςτ

209 3118 395 3211 νύμφῃ
445 3124 851 3193 προδείκνυσιν·
902 3131 1034 3185 ἀλλὰ
1073 3135 1167 3188 καὶ
1208 3137 1302 3191 τοῦ
1347 3118 1781 3211 φρικωδεστάτού

206 3209 312 3306 τῶν
342 3210 548 3306 θηρίων
567 3216 739 3281 εἴδους
760 3220 1254 3298 ὑπομιμνήσκειτῷ
1280 3209 1443 3302 λόγω,
1477 3234 1562 3288 ἵνα
1587 3237 1785 3306 μᾶλλον

206 3300 493 3401 ἐντρυξροόη
534 3308 665 3401 τοῖς.
691 3311 922 3380 παροῦσι
967 3317 1170 3382 καλοῖς,
1209 3300 1551 3391 μανθάνουσα
1576 3300 1662 3382 διὰ
1689 3332 1783 3401 τῆς

208 3393 581 3483 παραθέσεως,
608 3391 695 3452 οἵα
724 3400 843 3454 ἀνθ’
874 3404 1002 3458 οἵων
1030 3408 1315 3477 ἠλλάξατο.
1349 3414 1499 3483 Τάχα
1524 3418 1579 3470 δέ
1614 3438 1662 3471 τι

205 3482 394 3556 ἕτερον
446 3486 542 3584 διά⁸
586 3488 790 3543 τούτων
838 3494 902 3547 ὲκ
952 3500 1205 3567 προνοίας
1248 3482 1461 3572 ἀγαθὸν
1501 3513 1566 3580 τῇ
1601 3511 1783 3584 νύμφῃ

207 3578 696 3670 κατασκευάζεται.
734 3583 949 3656 Ἐπειδὴ
984 3588 1091 3659 γὰρ
1124 3590 1370 3660 βούλεται
1394 3578 1601 3667 ἡμᾶς-ὁ
1632 3578 1783 3670 λόγοξ

203 3668 471 3735 τρεπτοὺς
516 3668 674 3734 ὄντας
716 3673 855 3726 κατά
898 3676 999 3745 τὴν
1032 3678 1212 3746 φύσιν,
1253 3682 1325 3754 μὴ
1359 3687 1495 3755 πρὸς
1526 3689 1585 3741 τὸ
1618 3668 1783 3745 κακὸν

206 3753 438 3827 διάτῆς
493 3761 699 3832 τροπῆς
734 3764 1055 3835 ἀπορῤἐεινο
1098 3770 1232 3825 ἀλλὰ
1283 3753 1370 3827 διὰ
1405 3753 1504 3847 τῆς
1550 3781 1685 3850 προς
1724 3784 1783 3835 τὸ

207 3849 453 3941 κρεῖττον
483 3850 568 3903 ἀεὶ
590 3855 880 3926 γινομένης
912 3859 1208 3930 αὐξήσεως,
1247 3869 1503 3937 συνεργὸν
1532 3849 1630 3941 τὴν
1662 3890 1783 3941 τρο-

208 3937 314 4002 πὴν
367 3939 505 4029 πρὸς
531 3941 629 4013 τὴν
658 3945 766 3998 τῶν
814 3947 1158 4021 ὑψηλοτέρων
1201 3954 1382 4008 ἄνοδον
1433 3937 1596 4029 ἔχειν,
1640 3937 1779 4017 ὥστε

205 4028 615 4123 κατορθωθῆναι
657 4033 744 4089 διὰ
779 4037 873 4090 τίοῦ
910 4042 1144 4112 τρεπτοῦ
1171 4044 1268 4114 τῆς
1307 4028 1520 4116 φύσεως
1543 4053 1698 4123 ἡμῶν
1721 4059 1780 4109 1:6

203 4119 341 4189 πρὸς
372 4122 434 4175 τὸ
480 4125 652 4179 κακὸν
703 4129 1090 4185 ἀναλλοίωτον·
1143 4136 1331 4190 τούτου
1390 4143 1545 4212 χάριν
1594 4146 1780 4220 ὥσπερ

198 4210 321 4301 τινὰ
372 4213 718 4285 παιδαγωγὸν
765 4221 860 4275 καὶ
901 4223 1115 4290 φύλακα
1150 4227 1286 4296 πρὸς
1315 4210 1418 4301 τὴν
1443 4210 1551 4286 τῶν
1596 4210 1779 4290 κακῶν

201 4300 576 4374 ἀλλοτρίωσιν,
612 4307 712 4379 τὴν
748 4313 964 4383 μνήμην
1005 4316 1115 4370 τῶν
1156 4335 1284 4371 ποτε
1331 4329 1779 4397 κατακρατησάν-

1751 3060 1851 3152 i5c

1903 507 2120 576 quando
2166 507 2394 562 formam
2455 510 2688 564 divinam
2729 511 2993 573 exuisset,
3049 512 3147 565 fuit
3187 512 3465 578 eli‘eratus,

1904 597 2062 650 malis
2101 598 2297 652 studiis
2331 598 2555 654 eﬂ‘ectus
2589 608 2672 655 est
2697 600 2899 670 pardus
2929 610 2983 655 et
3027 603 3128 656 leo.
3170 603 3271 669 Qui
3320 607 3463 660 enim

1903 695 2167 742 attractus
2224 687 2323 742 fuit
2361 706 2388 742 a
2438 691 2590 745 leone
2624 693 2715 761 qui
2754 692 3043 746 insidiatur
3093 693 3145 746 in
3187 695 3465 763 spelunca.

1902 778 2041 831 sicut
2074 777 2205 832 dicit
2228 778 2497 849 Propheta
2522 781 2586 846 ⁸⁷,
2630 789 2683 836 et
2709 791 2792 837 est
2818 784 2936 851 ejus
2970 784 3164 853 laqueo
3199 785 3464 859 irretitus,

1903 869 2323 923 transl‘ormatur
2351 871 2401 922 in
2437 872 2580 927 illius
2612 881 2884 936 naturam,
2912 876 3056 944 quod
3095 891 3122 927 a
3162 876 3339 931 bellua
3371 893 3470 931 na-

1900 968 2019 1012 tura
2062 970 2366 1030 superetur.
2415 962 2627 1018 Similes
2665 966 2841 1028 enim,
2883 966 3085 1034 inquit,
3122 967 3195 1021 eis
3225 968 3357 1036 ﬁant
3380 970 3469 1038 qui

1899 1050 2099 1119 faciunt
2128 1067 2210 1114 ea,
2232 1061 2281 1104 et
2315 1068 2490 1106 omnes
2519 1054 2608 1125 qui
2634 1053 2903 1122 conﬁdunt
2934 1055 2986 1106 in
3017 1055 3092 1108 eis
3116 1055 3181 1108 ⁸⁸.
3205 1057 3470 1111 Similiter

1899 1152 2076 1194 autem
2113 1141 2165 1194 ﬁt
2195 1144 2354 1195 etiam
2396 1143 2617 1213 pardus,
2662 1145 2752 1214 qui
2800 1160 2895 1214 per
2933 1145 3054 1198 vitae
3088 1148 3329 1200 maculas
3371 1156 3469 1201 no-

1897 1229 2030 1281 tavit
2066 1239 2118 1283 et
2168 1235 2486 1301 compunxit
2536 1234 2792 1290 animam.
2840 1234 2973 1287 Cum
3014 1250 3140 1304 ergo
3180 1237 3469 1305 aliquando

1896 1319 1950 1372 in
1985 1321 2069 1376 his
2098 1320 2290 1376 fuisset
2314 1323 2496 1385 homo,
2527 1338 2719 1377 errans
2751 1340 2845 1392 per
2888 1323 3251 1377 idololatriam
3283 1334 3337 1380 et
3374 1324 3470 1379 Juv

1896 1410 2111 1466 daicum
2160 1427 2421 1478 errorem,
2475 1423 2529 1467 et
2574 1412 2784 1467 varium
2841 1422 3189 1483 peceatorum
3244 1417 3465 1480 vitium;

1896 1508 2084 1570 postea
2131 1510 2310 1557 autem
2349 1518 2444 1572 per
2474 1502 2764 1559 Jordancm
2797 1512 2849 1559 et
2892 1507 3165 1575 myrrham
3215 1516 3269 1562 et
3307 1507 3470 1563 Liba-

1894 1605 2023 1645 num
2055 1590 2191 1645 adeo
2225 1592 2278 1644 in
2310 1592 2475 1645 altum
2501 1600 2648 1648 esset
2677 1603 2910 1658 erectus,
2956 1604 3011 1649 ut
3033 1596 3145 1664 jam
3178 1611 3300 1650 cum
3350 1598 3470 1666 ipso

1894 1680 2004 1735 Deo
2019 1681 2278 1736 sublimis
2307 1681 2622 1737 incederet:
2654 1682 2776 1738 ideo
2803 1683 3020 1754 Seriptu
3034 1700 3089 1738 ra
3118 1687 3465 1755 praesentium

1824 1765 1865 1818 Β
1896 1773 2164 1826 bonorum
2219 1772 2543 1842 multiplicat
2598 1774 2862 1836 laetitiam,
2900 1774 3150 1829 adductis
3184 1791 3303 1844 qua:
3337 1777 3466 1829 olim

1892 1862 2113 1918 fuerunt
2144 1864 2404 1926 molestis,
2436 1862 2666 1919 aﬂ‘crens
2692 1865 2745 1917 in
2768 1865 3093 1934 quibusnam
3121 1875 3265 1922 esset
3288 1866 3466 1919 anima

1891 1963 2017 2009 ante
2045 1952 2310 2007 Libanum
2338 1961 2391 2008 et
2431 1954 2646 2008 initium
2698 1955 2841 2021 ﬁdei,
2886 1965 2941 2012 et
2971 1964 3096 2012 ante
3125 1973 3154 2011 a
3182 1959 3341 2014 nobis
3369 1973 3464 2013 co-

1890 2042 2039 2116 gnita
2069 2046 2122 2099 in
2155 2044 2393 2099 Jordane
2419 2047 2698 2116 mysteria.
2749 2048 3036 2113 Quomodo
3073 2049 3219 2104 enim
3254 2064 3376 2119 qua:
3409 2051 3465 2103 in

1890 2153 2023 2208 pace
2069 2138 2250 2207 agitur
2283 2138 2412 2199 vita,
2451 2146 2575 2207 post
2621 2138 2821 2193 bellum
2865 2139 2924 2193 ﬁt
2966 2141 3201 2205 dulcior,
3237 2142 3461 2197 suavior

1888 2225 2099 2282 reddita
2133 2227 2384 2283 tristibus
2417 2228 2859 2285 narrationibus:
2891 2239 2944 2285 et
2969 2231 3175 2286 bonum
3210 2233 3464 2288 sanitatis

1888 2318 2082 2388 majori
2113 2317 2275 2374 allicit
2307 2320 2597 2374 dulcedine
2636 2328 2859 2378 nostros
2887 2338 3104 2389 sensus,
3145 2323 3189 2378 si
3229 2339 3295 2377 ex
3319 2324 3462 2379 tristi

1889 2411 2067 2481 aliqua
2089 2410 2409 2481 aegritudine
2431 2410 2498 2465 ad
2522 2426 2580 2467 se
2608 2411 2793 2466 redeat
2820 2422 3013 2467 natura
3047 2432 3060 2467 :
3089 2412 3276 2468 eodem
3301 2415 3462 2469 modo

1888 2510 2236 2572 augmentum
2267 2509 2319 2556 et
2352 2501 2863 2571 multiplicationem
2896 2502 3096 2557 laetitiae
3134 2517 3255 2570 quae
3291 2510 3376 2557 est
3410 2502 3464 2556 in

1888 2593 2067 2660 bonis,
2098 2593 2426 2663 dispensans
2453 2593 2629 2647 bonus
2666 2608 2904 2663 sponsus
2948 2593 3145 2647 anima:
3184 2592 3250 2646 ad
3284 2592 3463 2662 ipsum

1888 2684 2224 2748 ascendenti,
2269 2698 2376 2737 non
2412 2683 2588 2738 solum
2622 2697 2837 2752 sponsae
2874 2697 3029 2738 suam
3069 2682 3311 2737 ostendit
3343 2683 3464 2752 pul-

1888 2778 2273 2842 ehritudinem,
2318 2777 2412 2833 sed
2462 2777 2644 2832 verbis
2668 2777 2828 2831 etiam
2871 2792 2990 2832 eam
3037 2777 3292 2831 admonet
3338 2777 3463 2830 hor-

1888 2868 2068 2924 rendae
2105 2867 2293 2922 formae
2344 2867 2605 2929 ferarum,
2666 2874 2724 2921 ut
2781 2867 2836 2921 in
2890 2867 3252 2936 praesentibus
3307 2866 3463 2921 bonis

1887 2957 2145 3028 majorem
2173 2958 2353 3027 capiat
2393 2958 2751 3027 voluptatem,
2790 2957 3010 3013 discens
3042 2973 3137 3027 per
3180 2972 3462 3028 compara-

1889 3049 2114 3111 tionem,
2142 3063 2390 3117 quaenam
2424 3047 2753 3118 quibusnam
2784 3048 3028 3101 mutavit.
3075 3044 3331 3103 Forzassc
3367 3063 3463 3101 au--

1888 3147 1994 3196 tem
2028 3140 2190 3195 etiam
2238 3140 2458 3210 aliquod
2509 3140 2658 3194 aliud
2689 3141 2892 3195 bonum
2945 3155 3041 3211 per
3085 3141 3203 3195 inec
3252 3156 3461 3210 sponsae

1886 3232 2144 3287 conciliat
2172 3247 2236 3288 ex
2281 3233 2641 3304 providentia.
2679 3232 2947 3299 Quoniam
2991 3234 3138 3289 enim
3181 3232 3460 3303 Scriptura

1886 3324 2001 3378 vult
2036 3339 2136 3378 nos
2166 3326 2258 3393 qui
2300 3339 2490 3379 sumus
2527 3326 2818 3380 mutabiles
2851 3325 3153 3380 secundum
3186 3332 3459 3388 naturam,

1887 3413 2109 3467 minime
2144 3412 2377 3467 deﬂuere
2426 3412 2491 3465 ad
2526 3414 2728 3467 malum
2776 3430 2871 3484 per
2910 3415 3308 3469 mutationem:
3367 3415 3458 3469 sed

1885 3519 1981 3572 per
2006 3505 2403 3559 incrementum
2444 3504 2589 3573 quod
2616 3519 2834 3573 semper
2870 3505 2961 3559 ﬁat
2996 3506 3061 3559 ad
3094 3506 3310 3568 melius,
3367 3506 3458 3561 ad-

1881 3594 2138 3663 jutricem
2170 3595 2371 3650 habere
2399 3593 2811 3649 conversionem
2866 3595 2933 3649 ad
2963 3609 3252 3649 ascensum
3275 3597 3341 3651 ad
3374 3613 3459 3652 res

1884 3686 2235 3751 excelsiores,
2261 3695 2347 3740 .ut
2382 3700 2482 3740 nos
2513 3693 2660 3739 recte
2700 3699 2955 3754 geramus
2993 3700 3089 3755 per
3125 3693 3335 3741 natura:
3363 3702 3456 3741 no-

1885 3786 2012 3834 strae
2053 3779 2470 3832 conversionem
2511 3792 2540 3829 a
2574 3778 2874 3832 mutatione
2911 3777 2976 3830 ad
3014 3778 3251 3832 malum:
3302 3793 3365 3832 ea
3393 3779 3457 3834 de

1884 3860 2071 3932 causa,
2127 3877 2383 3939 tanquam
2429 3867 2758 3939 paedagogus
2808 3868 3080 3938 quispiam
3127 3876 3181 3923 et
3227 3870 3457 3934 amicus,

1885 3961 1950 4015 ad
1984 3976 2087 4016 nos
2112 3976 2142 4015 a
2177 3961 2335 4016 malis
2367 3961 2709 4024 alienandos,
2744 3959 2970 4015 adduxit
3002 3959 3284 4030 Scriptura
3308 3975 3453 4015 men-

1884 4052 2085 4107 tionem
2116 4051 2352 4107 fcrarum
2372 4065 2493 4121 quae
2525 4051 2818 4122 aliquando
2841 4049 3181 4105 dominatum
3209 4048 3453 4103 obtinue-

1883 4151 2033 4205 runt,
2074 4148 2132 4194 ut
2164 4156 2259 4211 per
2291 4140 2632 4196 aversionem
2662 4140 2730 4195 ab
2765 4139 2832 4194 iis
2859 4152 2981 4209 quae
3011 4146 3139 4193 sunt
3162 4136 3453 4195 deteriora,

1883 4234 2108 4289 stabiles
2139 4247 2456 4288 maneamus
2497 4232 2552 4286 in
2583 4232 2764 4297 bonis,
2804 4245 2983 4299 neque
3007 4230 3265 4285 sistentcs
3294 4225 3359 4279 ad
3403 4227 3453 4279 id

1882 4326 2027 4395 quod
2075 4332 2159 4380 est
2198 4324 2395 4378 melius
2438 4323 2816 4384 mutationem,
2873 4335 3049 4389 neque
3081 4334 3181 4373 nos
3224 4333 3451 4372 conver-

198 4405 308 4443 των
341 4391 546 4464 θηρίων
606 4398 634 4448 ὀ
685 4399 837 4467 λόγος
872 4400 1233 4475 προήνεγκεν,
1267 4411 1350 4463 ἵνα
1396 4417 1460 4485 τῇ
1495 4416 1758 4490 ἀποτροπῇ

1941 4423 2058 4469 ntes
2090 4415 2154 4468 ad
2193 4414 2418 4467 malum.
2450 4412 2742 4481 Propterea
2788 4411 2942 4479 jubet
2979 4423 3236 4479 sponsam
3269 4409 3452 4464 venire

199 4480 307 4533 τῶν
354 4485 613 4553 χειρόνων
645 4488 705 4541 τὸ
737 4490 951 4556 ἀκλινές
1001 4512 1056 4547 τε
1110 4500 1202 4551 καὶ
1248 4501 1668 4575 ἀπαράτρεπτον
1716 4511 1772 4561 ἐν

199 4577 308 4638 τοῖς
338 4576 563 4643 ἀγαθοῖς
592 4581 1046 4656 κατορθώσωμεν,
1076 4588 1198 4642 οὔτε
1229 4594 1504 4664 ἱστάμενοι
1550 4599 1648 4668 τῆς
1681 4602 1773 4652 ἐπὶ

197 4665 258 4717 τὸ
299 4671 563 4760 κρείττον
583 4665 807 4743 τροπῆς,
838 4674 959 4729 οὔτε
1009 4681 1144 4749 πρὸς
1174 4684 1232 4735 τὸ
1262 4687 1427 4739 κακὸν
1457 4665 1770 4760 ἀλλοιούμε-

199 4769 298 4808 νοι.
333 4758 436 4811 Διὰ
481 4759 652 4814 ταῦτα
675 4764 768 4815 καὶ
806 4764 979 4820 ἐλθεῖν
1002 4770 1344 4837 ὲγκελεύεται
1388 4778 1493 4830 ἀπὸ
1528 4780 1621 4832 τοῦ
1668 4758 1768 4834 λι-

1880 4520 1909 4557 a
1954 4503 2183 4568 Libano,
2235 4511 2289 4556 et
2328 4502 2374 4556 ei
2412 4502 2464 4555 in
2503 4501 2819 4554 memoriam
2873 4509 3089 4554 revocat
3139 4496 3450 4565 speluncam

1881 4596 2097 4649 leonum
2131 4595 2184 4647 in
2216 4608 2321 4662 qua
2354 4593 2643 4647 stationem
2672 4591 2907 4646 habebat
2937 4609 2950 4644 :
2987 4599 3040 4645 ct
3069 4594 3282 4642 montes
3320 4601 3448 4656 par-

1879 4690 2075 4743 dorum
2116 4686 2164 4741 ei
2194 4683 2431 4749 adducit,
2485 4684 2539 4737 in
2579 4684 2779 4752 quibus
2832 4682 3175 4743 versabatur,
3232 4678 3450 4747 quando

1875 4782 2040 4833 vitam
2071 4776 2301 4846 degebat
2326 4777 2489 4832 simul
2524 4790 2649 4830 cum
2672 4777 2886 4831 bestiis.
3030 4782 3041 4791 ’

198 4847 357 4899 δάνον
384 4849 487 4918 τὴν
530 4850 768 4922 νύμφην,
816 4857 911 4908 καὶ
963 4858 1062 4927 τῆς
1105 4861 1345 4933 μάνδρας
1388 4868 1497 4920 τῶν
1544 4869 1771 4922 λεόντων
1811 4869 2212 4938 ὑπομιμνήσκει
2250 4862 2367 4940 ὲνῇ
2407 4863 2675 4936 ηὐλίζετο,
2712 4869 2804 4920 καὶ
2864 4869 2932 4921 τὰ
2964 4871 3071 4924 τῶν
3136 4876 3447 4945 παροάλεων

196 4938 292 5008 ὅρη
323 4942 588 5012 προφέρει
627 4944 705 5013 τῷ
745 4945 902 5017 λόγῳ,
927 4944 1008 5009 οἷς
1038 4952 1362 5022 ἐνδιέτριϐεν
1396 4960 1489 5013 ἴτε
1516 4964 1628 5024 τοῖς
1662 4961 1869 5031 θηρίοις
1893 4957 2197 5031 ὁμοδίαιτος
2223 4955 2311 5032 ἦν·

280 5031 418 5083 Ἀλλ’
472 5032 655 5101 ἐπειδὴ
697 5036 925 5090 πάντοτε
965 5041 999 5109 ἡ
1025 5040 1118 5093 τοῦ
1150 5044 1321 5111 Λόγου
1366 5052 1550 5120 φωνὴ,
1606 5053 1769 5107 δυνά-

1941 5047 2050 5105 Sed
2080 5051 2207 5119 quia
2248 5065 2348 5104 vox
2394 5049 2551 5105 Verbi
2575 5060 2659 5107 est
2683 5052 2907 5105 omnino
2943 5068 3046 5106 vox
3077 5054 3297 5110 virtutis
3323 5098 3337 5121 ,
3390 5068 3445 5113 et

200 5119 339 5189 μεώς
386 5124 501 5175 ἐστι
549 5128 731 5194 φωνή·
791 5128 885 5179 καὶ⁹
930 5129 1187 5203 καθάπερ
1241 5137 1331 5188 ἐπὶ
1384 5119 1758 5208 τῆςνκτίσεως

1944 5142 2143 5197 omodo
2179 5145 2232 5197 in
2262 5142 2436 5212 prima
2462 5143 2739 5199 creatione
2780 5145 2872 5197 lux
2913 5145 3094 5200 illuxit
3120 5147 3283 5201 simul
3315 5164 3440 5203 cum

197 5209 563 5280 συνεξέλαμψε
591 5212 649 5264 τὸ
676 5214 791 5281 φῶς
811 5214 887 5285 τῷ
915 5220 1316 5289 προστάγματι.
1341 5227 1435 5277 καὶ
1466 5230 1758 5301 συνεπέστη

1941 5250 2042 5297 ssu,
2098 5241 2150 5287 et
2195 5251 2389 5289 rursus
2421 5234 2603 5289 Verbo
2642 5236 2940 5305 imperante
2966 5238 3213 5293 constitit
3256 5240 3441 5295 ﬁrma-

196 5301 350 5354 πάλιν
393 5301 472 5371 τῷ
512 5307 895 5377 προστακτικῷ
933 5310 1137 5380 ῥήματι
1167 5313 1228 5365 τὸ
1273 5318 1576 5388 στερέωμα,
1609 5324 1700 5376 καὶ
1730 5326 1760 5393 ὴ

197 5392 347 5462 λοιπὴ
376 5395 526 5445 πᾶσα
554 5394 728 5458 κτίσις
752 5395 1010 5462 ὡσαύτως
1037 5401 1112 5471 τῷ
1147 5406 1413 5475 ποιητικῷ
1445 5392 1763 5479 συνανεφαίὲ

198 5499 307 5534 νίτο
357 5484 542 5553 Λόγῳ·
591 5485 681 5537 τὸν
718 5484 879 5539 αὐτὸν
927 5492 1125 5547 τρόπον
1178 5495 1271 5547 καὶ
1310 5497 1426 5560 νῦν,
1460 5500 1551 5552 τοῦ
1590 5503 1760 5570 Λόγου

293 5659 335 5688 ⁸⁷
378 5659 520 5715 Psal.
567 5677 619 5725 x,
662 5663 713 5715 9.
792 5665 835 5693 ⁶⁴
879 5648 1024 5719 Pal-al.
1074 5682 1223 5730 cxm,
1286 5674 1332 5723 ‘3.

1866 5333 2129 5390 mentum,
2162 5335 2215 5380 et
2238 5327 2485 5382 similiter
2514 5330 2765 5383 universa
2792 5336 3044 5381 creatura
3078 5330 3243 5382 simul
3280 5345 3441 5400 appa-

1869 5417 1979 5471 ruit
2016 5431 2140 5470 cum
2177 5417 2355 5473 Verbo
2381 5418 2659 5485 ellicienti;
2715 5419 2903 5473 eodem
2937 5419 3097 5473 modo
3129 5436 3275 5474 nunc
3306 5436 3441 5489 quo-

1872 5524 1977 5578 qtte
2013 5524 2134 5562 cum
2172 5507 2405 5563 Verbum
2453 5511 2708 5579 jussissct
2759 5512 2823 5567 ad
2857 5526 2915 5566 se
2945 5511 3127 5566 venire
3181 5512 3437 5567 animam,
