3730 5980
291 229 392 286 947

291 434 502 499 borata,
538 436 662 491 talis
690 437 746 491 fit
768 439 982 509 qualem
1011 455 1130 496 eam
1165 442 1280 497 vult
1320 459 1577 514 sponsus,
1615 448 1865 503 traducta

290 522 359 576 ad
400 523 453 578 id
483 527 629 595 quod
655 535 739 584 est
762 528 1025 593 divinius,
1058 538 1112 586 et
1142 546 1173 584 ιι
1202 532 1373 602 gloria
1420 534 1474 588 in
1500 550 1607 604 qua
1645 547 1764 591 erat
1797 538 1864 593 ad

291 618 579 685 superiore
603 638 631 670 ιι
701 622 1089 678 transformata
1146 625 1374 694 gloriam
1432 642 1530 697 per
1582 629 1864 697 pulchram

293 707 688 762 mutationem:
726 710 860 764 adeo
908 719 965 763 ut
999 721 1145 766 esset
1189 714 1534 770 admirationi
1564 718 1731 773 choro
1769 732 1867 772 an-

291 795 536 865 gelorum
568 799 660 868 qui
686 809 770 854 est
795 801 940 855 circa
967 817 1254 872 sponsum,
1281 815 1334 860 et
1357 807 1539 862 omnis
1566 808 1726 864 bonis
1754 825 1869 865 ver-

293 887 379 941 bis
425 901 489 941 ac
540 888 795 945 laudibus
846 906 965 944 eam
1020 906 1435 965 prosequentes,
1491 898 1630 953 hanc
1679 913 1866 954 vocem

291 977 601 1034 emitterent
624 980 1076 1037 admirabundam
1100 1002 1112 1037 :
1134 983 1241 1039 Cor
1260 985 1502 1041 indidisti
1526 988 1695 1053 nobis,
1716 1005 1867 1043 soror

293 1076 479 1123 nostra
518 1086 731 1138 sponsa.
764 1071 901 1127 Nam
936 1075 1222 1132 character
1263 1079 1681 1148 impatibilitatis
1709 1082 1759 1136 ei
1791 1081 1867 1137 si-

293 1159 496 1213 militer
527 1160 857 1219 illucescens
892 1174 1055 1236 atque
1092 1169 1320 1238 angelis,
1346 1184 1466 1225 eam
1498 1171 1649 1225 ducit
1677 1171 1745 1226 ad
1776 1187 1869 1227 (-0-

292 1253 607 1320 gnationcm
651 1264 704 1309 et
733 1253 1133 1314 fraternitatem
1179 1276 1362 1315 rerum
1398 1262 1877 1333 incorporearum,

293 1349 355 1394 ut
381 1356 503 1411 quae
540 1343 591 1397 in
624 1359 791 1401 carne
824 1361 884 1400 se
929 1347 1003 1403 ita
1037 1352 1292 1420 gesserit,
1339 1360 1398 1406 ut
1437 1354 1600 1409 nullis
1628 1354 1868 1411 allicere-

294 1438 385 1486 tur
429 1435 597 1489 animi
646 1439 1173 1507 perturbationibus.
1217 1441 1513 1512 Propterea
1558 1446 1748 1501 dicunt
1775 1447 1865 1501 ei:

296 1521 405 1578 Cor
452 1524 696 1581 indidisti
743 1530 915 1595 nobis,
969 1547 1120 1584 soror
1162 1541 1346 1587 nostra
1378 1550 1594 1603 sponsa.
1642 1535 1869 1607 Proprie

1518 238 1575 296 5.
1616 239 1943 297 GREGORII
1979 239 2272 296 NYSSENI

181 360 189 368 ·
291 345 496 413 absque
529 346 637 400 ulla
666 346 1006 406 dubitatione
1033 350 1194 420 jussu
1221 353 1544 409 conﬁrmata
1578 371 1643 412 ac

2094 357 2263 429 ψυχὴν
2307 355 2589 428 κρείττονα
2636 353 2934 426 γενομένην
2977 353 3112 426 πρὸς
3140 354 3334 408 ἑαυτὸν
3376 352 3567 409 ἐλθεῖν

3460 242 3571 299 θέε

1966 446 2451 518 ἐγκελευσαμένου,
2492 445 2827 507 ἀδιαστὰτως
2859 442 3236 513 δυναμωθεῖσα
3266 442 3349 513 τῷ
3384 460 3566 513 προσ-

1965 541 2223 610 τάγματι,
2268 536 2490 617 τοιαύτη
2539 536 2872 605 γεγένηται,
2907 533 3028 587 οἵαν
3061 536 3090 588 ὁ
3132 533 3368 605 νυμφίος
3396 532 3560 588 ἐϐού-

1966 630 2106 695 λετο,
2138 628 2562 701 μεταποιηθεῖσα
2601 627 2737 699 πρὸς
2767 625 2829 679 τὸ
2859 624 3149 697 θειότερον,
3179 626 3275 679 καὶ
3312 624 3429 679 ἀπὸ
3461 627 3559 696 τῆς

1965 723 2124 792 δόξης
2155 723 2210 774 ἐν
2299 716 2388 790 ἦν,
2420 717 2554 790 πρὸς
2575 718 2673 789 τὴν
2695 718 2973 788 ἀνωτέραν
2997 716 3151 782 δόξαν
3180 734 3560 788 μεταμορφω-

1968 812 2123 866 θείσα
2152 812 2242 866 διὰ
2285 811 2387 881 τῆς
2424 810 2637 879 ἀγαθῆς
2680 808 3048 873 ἀλλοιώσεως·
3096 808 3172 871 ὠς
3219 808 3413 878 θαῦμα
3463 824 3562 875 γε·

1967 902 2154 957 νέσθαι
2182 902 2259 973 τῷ
2296 902 2424 974 περὶ⁹
2456 902 2546 955 τὸν
2577 900 2808 972 νυμφίον
2842 900 2948 953 τῶν
2982 898 3228 968 ἀγγέλων
3253 899 3431 970 χορῷ,
3464 901 3562 952 καὶ

1969 992 2176 1055 πάντας
2203 992 2461 1063 εὐφήμως
2491 991 2626 1061 πρὸς
2672 989 2840 1060 αὐτὴν
2860 990 2960 1062 τὴν
2998 989 3380 1060 θαυμαστικὴν
3414 1007 3559 1059 προ-

1969 1085 2122 1140 έσθαι
2180 1086 2395 1156 φωνήνο
2450 1085 2533 1138 ὅτι
2600 1082 3004 1150 Ἐκαρδίωσας
3058 1080 3249 1150 ἡμᾶς,
3307 1081 3558 1151 ἀδελφὴ

1966 1179 2137 1248 ἡμῶν
2161 1180 2385 1248 νύμφη.
2420 1179 2476 1231 Ὀ
2497 1176 2607 1248 γὰρ
2622 1177 2725 1245 τῆς
2747 1175 3012 1238 ἀπαθείας
3031 1174 3317 1246 χαρακτὴρ
3344 1174 3558 1245 ὁμοίιος

1969 1267 2292 1338 ἐπιλάμπων
2320 1266 2457 1335 αὑτῇ
2503 1281 2562 1317 τε
2596 1264 2686 1317 καὶ
2728 1265 2839 1326 τοῖς
2883 1261 3153 1331 ἀγγέλοις,
3186 1264 3267 1326 είς
3296 1263 3398 1333 τὴν
3444 1263 3557 1315 τῶν

1969 1359 2273 1430 ἀσωμάτων
2326 1356 2495 1426 αὐτὴν
2530 1356 2723 1423 ἀνάγει
2756 1352 3075 1420 συγγένειάν
3100 1370 3161 1405 τε
3191 1353 3288 1407 καὶ
3318 1353 3557 1422 ἀδελφά-

1967 1467 2127 1522 τητα,
2160 1449 2258 1518 τὴν
2308 1449 2365 1500 ἐν
2404 1447 2565 1517 σαρκὶ
2610 1445 2671 1499 τδ
2714 1443 2923 1507 ἀπαθὲς
2968 1442 3420 1514 κατορθώσασαν.
3454 1444 3557 1497 Διά

1968 1540 2125 1595 τοῦτό
2166 1554 2299 1608 φασι
2349 1537 2483 1608 πρὸς
2524 1536 2729 1607 αὑτήν·
2776 1536 2858 1588 ὅτι
2909 1534 3314 1602 Ἐκαρδίωσας
3363 1533 3555 1604 ἡμᾶς,

295 1620 531 1684 utroque
566 1617 788 1671 nomine
834 1619 1100 1688 glorians.
1139 1621 1357 1678 Sororis
1382 1624 1603 1694 quidem
1642 1637 1766 1684 nost

2084 1630 2199 1699 λφὴ
2242 1627 2409 1698 ἡμῶν
2457 1630 2680 1695 νύμφη.
2721 1626 2940 1697 κυρίως
2989 1625 3234 1696 ἐκατέρῳ
3268 1625 3381 1680 τῶν
3437 1628 3557 1681 ovo-

294 1710 518 1772 propter
541 1702 958 1781 impatibilitatis
979 1710 1395 1781 cognationem:
1424 1729 1639 1784 sponsae
1665 1724 1868 1779 autem,

294 1805 516 1867 propter
560 1812 686 1854 cum
737 1799 918 1857 Verbo
961 1804 1431 1874 conjunctionem.
1469 1809 1643 1879 Hujus
1688 1820 1867 1866 autem

295 1889 567 1955 vocabuli,
598 1890 959 1963 Cordiﬁcasti,
986 1898 1147 1952 talem
1169 1900 1547 1956 existimamus
1569 1918 1691 1959 esse
1710 1903 1897 1979 signi-_

295 1981 641 2039 licationem:
691 1985 982 2053 Animasti,
1028 1989 1256 2058 perinde
1301 2006 1366 2046 ac
1399 1992 1447 2046 si
1476 1993 1552 2046 illi
1590 1994 1867 2050 dicerent:

295 2071 403 2128 Cor
429 2075 587 2130 nobis
617 2076 884 2133 indidisti.
918 2077 1335 2150 Perspieuitatis
1367 2091 1548 2138 autem
1578 2084 1775 2155 gratia,
1815 2095 1872 2139 ut

294 2165 444 2234 quod
477 2166 681 2222 dicitur
706 2171 777 2225 sit
807 2170 966 2225 nobis
1000 2172 1317 2240 dilucidius,
1346 2189 1688 2231 assumemus
1734 2176 1873 2231 divi-

295 2272 425 2312 num
479 2260 798 2329 Apostolum
852 2263 919 2317 ad
971 2263 1088 2318 lucc
1135 2263 1542 2335 interpretanda
1590 2268 1868 2337 mysteria.

294 2346 389 2403 Ille
416 2350 561 2404 enim
593 2351 729 2406 dicit
752 2353 972 2420 alicubi,
1002 2353 1071 2409 de
1099 2357 1281 2426 seipso
1309 2358 1557 2413 scribens
1591 2358 1656 2413 ad
1695 2358 1872 2429 Ephe-

294 2438 428 2504 sios,
454 2441 673 2509 quando
706 2443 865 2499 nobis
896 2445 1141 2499 narravit
1161 2460 1411 2516 magnam
1446 2447 1595 2501 illam
1627 2465 1748 2518 qua:
1779 2466 1872 2519 per

296 2543 517 2583 carnem
546 2531 754 2586 exstitit
779 2531 872 2585 Dei
908 2534 1323 2602 apparitionem,
1364 2535 1507 2605 quod
1548 2552 1653 2589 non
1696 2538 1868 2591 solum

297 2618 550 2676 humanae
578 2629 809 2686 naturae,
859 2624 952 2679 sed
988 2625 1152 2679 etiam
1190 2626 1587 2694 principatibus
1631 2634 1684 2680 et
1718 2642 1869 2696 pote-

297 2711 534 2767 statibus
565 2727 686 2782 quae
724 2722 851 2767 sunt
901 2714 957 2768 in
995 2714 1174 2777 coctis,
1206 2723 1335 2768 nota
1365 2716 1538 2769 evasit
1589 2719 1869 2787 multiplex

298 2811 350 2856 et
381 2803 531 2856 varia
556 2802 650 2858 Dei
682 2805 971 2873 sapientia,
1007 2804 1352 2861 manifestata
1383 2821 1481 2874 per
1506 2807 1874 2876 dispensatio-

297 2910 422 2949 nem
470 2895 674 2952 Christi
720 2896 863 2952 iuter
892 2897 1163 2952 homines.
1211 2896 1288 2951 lta
1326 2907 1506 2952 autem
1545 2899 1708 2955 habet
1732 2915 1866 2954 con-

1976 1723 2164 1793 μάτων
2202 1717 2595 1788 σεμνυνομένη.
2641 1714 2868 1785 ’Λδελφὴ
2905 1715 3000 1785 μὲν
3031 1714 3274 1797 ἡμετέρα
3319 1715 3409 1767 διά
3454 1716 3556 1785 τὴν

1970 1812 2069 1883 τῆς
2093 1809 2360 1871 ἀπαθείας
2400 1806 2747 1876 συγγένειαν·
2798 1805 2981 1875 νύμφη
3025 1805 3103 1866 δὲ.
3149 1806 3237 1858 διὰ
3280 1806 3381 1877 τὴν
3415 1806 3555 1878 πρὸς

1971 1902 2061 1956 τὸν
2087 1900 2259 1969 Λόγον
2293 1899 2605 1966 συνάφειαν.
2642 1895 2749 1951 Τοῦ
2773 1896 2830 1950 δὲ
2859 1896 3229 1964 ἐκαρδίωσας
3254 1896 3318 1948 τὸ
3342 1914 3553 1967 σημαι-

1971 1993 2193 2064 νόμενον
2219 1988 2456 2045 τοιοῢτον
2477 1984 2614 2042 εἶναι
2635 1987 2946 2058 νομίζομεν,
2978 1980 3088 2039 οἷόν
3108 1987 3230 2038 ἐστι
3258 1986 3339 2050 τὸ,
3377 1987 3557 2055 Ἑψύ-

1971 2098 2194 2153 χωσας,
2227 2082 2359 2134 ὡσεὶ
2402 2082 2588 2148 ἔλεγον
2616 2079 2751 2149 πρὸς
2781 2078 2970 2148 αὐτὴν,
3007 2078 3087 2130 ὅτι
3157 2077 3398 2149 Καρδίαν
3420 2081 3553 2148 ἡμῖν

1971 2176 2252 2247 ἐνέθηκας,
2296 2170 2619 2241 ’Σαφηνείας
2648 2170 2707 2222 δὲ
2749 2169 2929 2240 χάριν,
2963 2169 3038 2233 ὡς
3071 2167 3136 2221 ἂν
3169 2167 3378 2234 γένοιτο
3412 2167 3554 2237 μᾶλ-

1969 2267 2061 2320 λον
2107 2266 2417 2332 καταφανὲς
2449 2264 2582 2334 ἡμῖν
2616 2261 2677 2314 τὸ
2724 2260 3034 2330 λεγόμενον,
3084 2258 3176 2311 τὸν
3212 2257 3353 2311 θεῖον
3393 2258 3556 2311 Ἀπό-

1973 2357 2157 2410 στολον
2204 2354 2339 2425 πρὸς
2383 2351 2480 2422 τὴν
2514 2351 2619 2404 τῶν
2670 2349 2983 2421 μυστηρίων
3017 2348 3221 2403 τούτων
3251 2347 3555 2418 ἑρμηνείαν

1972 2444 2425 2518 παραληψόμεθα.
2475 2442 2612 2512 Φησὶ
2659 2441 2768 2512 γάρ
2823 2458 2925 2493 που
2971 2440 3079 2493 τῶν
3133 2440 3328 2493 ἑαυτοῦ
3372 2440 3553 2506 λόγων

1971 2540 2175 2600 ἐκεῖνος
2223 2534 2358 2605 πρὸς
2415 2533 2692 2603 Ἐφεσίους
2743 2534 2991 2603 γράφων,
3036 2532 3124 2584 ὅτε
3174 2531 3270 2602 τὴν
3307 2531 3553 2601 μεγάλην

1969 2630 2279 2700 οἰκονομίαν
2317 2628 2419 2697 τῆς
2460 2626 2548 2697 διά
2593 2625 2794 2696 σαρκὸς
2826 2626 3195 2695 γεγενημένης
3231 2623 3555 2692 θεοφανείας

1971 2724 2104 2794 ἡμῖν
2153 2721 2447 2792 διηγήσατο
2470 2733 2483 2747 ⁸
2525 2719 2607 2770 ὃτι
2653 2717 2714 2769 οὐ
2757 2716 2914 2786 μόνον
2961 2718 2994 2787 ὴ
3030 2714 3343 2786 ἀνθρωπίνη
3390 2713 3554 2782 φύσις

1972 2812 2261 2882 ἐπαιδεύθη
2286 2810 2354 2863 τὰ
2386 2811 2502 2864 θεία
2527 2808 2613 2862 διὰ
2635 2808 2735 2877 τῆς
2765 2808 2985 2878 χάριτος
3011 2806 3213 2873 ταύτης
3241 2808 3547 2876 μυστήρια·

1971 2903 2108 2958 ἀλλὰ
2156 2904 2249 2956 καὶ
2294 2904 2414 2964 ταῖς
2458 2902 2650 2971 ἀρχαῖς
2700 2898 2795 2952 καὶ
2841 2899 2959 2961 ταῖς
3008 2897 3279 2962 ἐξουσίαις
3329 2898 3387 2949 ἐν
3437 2896 3550 2958 τοῖς

296 2993 480 3042 textus
504 3006 517 3041 :
551 2986 934 3041 Ut'innotescat
956 2989 1339 3056 principatibus
1368 2998 1418 3043 et
1442 2992 1769 3059 potestatibu.

2078 2994 2316 3067 υρανίοις
2367 2990 2670 3062 ἐγνωρίσθη
2721 2993 2755 3061 ἡ
2813 2988 3193 3051 πολυποίκιλος
3244 2989 3407 3056 σοφία
3455 2986 3548 3040 τοῦ

297 3077 593 3132 coelestibus
624 3095 715 3148 per
752 3079 1049 3133 Ecclesium
1087 3081 1431 3150 multiformis
1464 3084 1726 3150 sapientia
1756 3084 1871 3147 Dei,

298 3166 586 3221 secundum
626 3169 1032 3239 prwﬁnitionem
1078 3173 1417 3236 strculorum,
1466 3190 1624 3244 quam
1665 3175 1786 3243 fecit
1820 3177 1876 3229 in

299 3258 510 3314 Christo
532 3258 662 3314 Iesu
684 3260 911 3317 Domino
929 3272 1106 3317 nostra
1133 3264 1195 3317 ".
1229 3265 1285 3318 In
1308 3280 1416 3335 quo
1443 3265 1703 3325 habemus
1738 3268 1876 3325 fidu-

300 3350 442 3406 ciam
490 3360 546 3407 et
592 3367 875 3409 accessum
930 3355 984 3408 in
1025 3354 1353 3410 confidentia
1399 3374 1495 3426 per
1529 3358 1686 3414 fidem
1730 3362 1872 3430 ejus.

301 3442 512 3498 llevera
546 3445 690 3499 enim
742 3459 837 3514 per
869 3444 1171 3501 Eeclesiam
1222 3448 1517 3504 innotescit
1547 3466 1875 3521 supermun-

300 3534 459 3591 danis
488 3536 854 3605 potestatibus
880 3538 1026 3591 varia
1053 3545 1107 3592 et
1140 3539 1423 3610 multiplex
1458 3540 1549 3595 Dei
1583 3544 1872 3612 sapientia,

300 3644 421 3696 quae
452 3644 545 3698 per
579 3630 855 3683 contraria
878 3671 884 3677 .
906 3645 996 3685 res
1029 3629 1190 3684 elIicit
1223 3647 1452 3703 magnas
1478 3641 1532 3688 et
1578 3633 1875 3689 admirabi-

300 3718 399 3772 les.
448 3718 734 3783 Quomodo
774 3720 919 3773 enim
952 3719 1092 3774 facta
1118 3719 1222 3775 fuit
1267 3724 1376 3775 vita
1408 3738 1505 3792 per
1537 3733 1786 3786 mortem,
1823 3732 1876 3778 et

301 3823 399 3877 per
441 3819 723 3878 peccatum
753 3809 993 3878 justitia,
1021 3818 1075 3866 et
1107 3826 1204 3881 per
1244 3812 1681 3868 maledictionem
1707 3815 1872 3871 bene-

299 3898 487 3964 dictio,
526 3908 579 3953 et
629 3914 724 3969 per
771 3900 1126 3970 ignominiam
1188 3902 1385 3971 gloria,
1441 3912 1495 3958 et
1549 3907 1722 3959 virtus
1777 3921 1873 3974 per

301 3988 768 4044 imbecillitatem?
812 3989 945 4044 Nam
1002 3991 1057 4045 in
1088 3992 1375 4061 prioribus
1412 3997 1748 4064 temporibus
1788 4011 1876 4049 so-

302 4081 407 4133 lam
439 4080 745 4151 simplicem
784 4088 838 4137 et
868 4081 1199 4137 uniformem
1240 4084 1334 4139 Dei
1361 4085 1683 4154 sapientiam
1720 4102 1880 4142 nove-

300 4178 426 4225 rant
467 4172 926 4242 supramundana:
970 4180 1291 4243 potestates,
1350 4186 1713 4246 congruenter
1765 4196 1877 4235 sua:

300 4276 512 4319 natura:
541 4264 827 4321 facientem
864 4266 1148 4320 miracula.
1179 4265 1290 4321 Nec
1323 4267 1392 4322 iis
1435 4284 1556 4338 quae
1586 4273 1879 4328 cerneban-

303 4367 391 4412 tur
421 4364 540 4412 erat
568 4358 869 4428 quidquam
912 4359 1144 4424 varium,
1195 4359 1250 4414 in
1290 4374 1357 4415 eo
1400 4360 1546 4430 quod
1577 4376 1699 4415 cum
1733 4376 1877 4421 esset

298 4446 477 4502 virtus
534 4462 596 4502 ac
648 4456 892 4517 potestas
941 4455 1140 4503 natura
1172 4449 1379 4514 divina,
1438 4451 1606 4509 libere
1659 4467 1874 4510 omnem

301 4535 511 4592 faceret
537 4545 845 4593 creaturam
877 4540 995 4595 solo
1021 4548 1172 4596 motu
1206 4549 1260 4599 et
1286 4543 1522 4613 impulsu
1555 4545 1874 4613 voluntatis,

298 4635 355 4682 et
390 4642 576 4684 rerum
626 4637 881 4683 naturam
923 4630 1201 4688 deducens
1232 4632 1299 4686 ad
1342 4634 1772 4704 generationem,
1821 4646 1878 4691 et

301 4719 484 4775 omnia
512 4719 717 4776 faceret
747 4721 906 4777 valde
931 4722 1160 4792 pulchra
1185 4724 1464 4778 manantia
1488 4739 1552 4778 ex
1581 4724 1730 4779 fonte
1759 4727 1878 4795 pul-

300 4809 651 4867 chritudinis.
683 4809 909 4865 Varium
942 4820 1122 4869 autem
1169 4812 1273 4866 hoc
1304 4827 1368 4866 ac
1399 4813 1677 4883 multiplex
1708 4829 1878 4884 genus

300 4903 602 4972 sapientim,
652 4903 798 4972 quod
839 4911 1057 4959 constat
1087 4918 1153 4956 ex
1197 4904 1537 4961 connexione
1585 4921 1711 4960 cum
1745 4923 1879 4963 con-

299 4995 506 5057 trariis,
566 5010 715 5050 nunc
769 5003 958 5065 aperte
1013 4994 1192 5050 edocti
1237 5007 1367 5050 sunt
1412 5012 1508 5067 per
1551 4996 1877 5066 Ecclesiam,

301 5103 497 5158 nempe
542 5088 998 5159 quemadmodum
1031 5086 1267 5144 Verbum
1310 5104 1442 5145 caro
1483 5091 1561 5155 ﬁt,
1617 5094 1877 5162 quemad-

302 5178 522 5233 modum
574 5181 738 5235 morti
784 5181 894 5235 vita
953 5180 1237 5247 miscetur,
1284 5182 1745 5263 quemadmodum
1777 5199 1879 5239 suo

302 5269 476 5344 livore
536 5273 759 5342 suisque
819 5272 1094 5330 vibicibus
1160 5282 1347 5331 nostra
1394 5284 1554 5331 sanat
1610 5276 1876 5330 vulnera:

302 5361 763 5430 quemadmodum
808 5362 1184 5420 imbecillitate
1216 5365 1399 5422 crucis
1431 5366 1574 5421 vires
1605 5377 1880 5436 expugnat

301 5451 646 5510 adversarii:
695 5452 1153 5522 quemadmodum
1192 5455 1247 5509 in
1296 5470 1463 5512 carne
1501 5456 1884 5513 manifestatur

376 5626 424 5661 ⁸⁸
463 5622 665 5682 Enhes.
726 5640 810 5687 Ill,
850 5625 1045 5682 lO-IQ.

1974 3085 2131 3152 Θεοῦ,
2162 3086 2250 3138 διά
2269 3085 2368 3154 τῆς
2395 3084 2537 3137 κατά
2567 3081 2801 3152 Χριστὸν
2831 3082 2888 3133 ἐν
2927 3083 3037 3142 τοῖς
3071 3079 3376 3149 ἀνθρώποις
3408 3080 3550 3131 οἱκο-

1976 3179 2168 3249 νομίας
2212 3175 2602 3248 φανερωθεῖσα.
2636 3170 2792 3244 Ἔχει
2840 3173 2898 3225 δὲ
2941 3173 2973 3242 ὴ
3007 3170 3150 3235 λέξις
3178 3169 3379 3233 οὕτως·
3418 3170 3551 3223 Ἵνα

1974 3266 2275 3339 γνωρισθῇ
2304 3267 2432 3332 ταῖς
2460 3264 2671 3335 ἀρχαῖς
2701 3264 2800 3318 καὶ
2826 3262 2955 3328 ταῖς
2985 3262 3294 3327 ἐξουσίαις
3321 3262 3392 3313 ἐν
3433 3259 3552 3325 τοῖς

1975 3359 2353 3429 ἐπουρανίοις
2379 3357 2477 3411 διὰ
2503 3356 2613 3426 τῆς
2650 3356 3011 3422 Ἐκκλησίας
3036 3354 3072 3419 ἡ
3113 3352 3552 3415 πολυποίκιλος

1976 3453 2161 3522 σοφία
2186 3450 2292 3505 τοῦ
2332 3448 2500 3513 Θεοῦ,
2538 3445 2687 3501 κατὰ
2720 3447 3007 3514 πρόθεσιν
3035 3442 3154 3496 τῶν
3193 3441 3441 3506 αἰώνων,
3471 3439 3552 3508 ἣν

1976 3545 2263 3612 ἐποίησεν
2289 3542 2360 3595 ἐν
2387 3538 2618 3608 Χριστῷ
2652 3536 2853 3605 Ἰησοῦ
2878 3535 2957 3601 τῷ
2992 3535 3183 3603 Κυρίῳ
3215 3531 3402 3603 ἡμῶν.
3464 3532 3551 3585 Ἐν

1975 3630 2020 3705 ᾧ
2058 3635 2255 3706 ἔχομεν
2283 3632 2382 3703 τὴν
2416 3628 2727 3702 παρρησίαν
2758 3628 2849 3680 καὶ
2881 3625 3245 3696 προσαγωγὴν
3279 3623 3337 3674 ἐν
3361 3639 3550 3675 πεποι-

1977 3729 2132 3799 θήσει
2163 3724 2252 3779 διά
2280 3724 2381 3794 τῆς
2427 3723 2662 3783 πίστεως
2708 3718 2893 3773 αὐτοῦ.
2936 3716 3026 3786 Τῷ
3049 3716 3164 3769 δντι
3193 3714 3301 3785 γὰρ
3326 3713 3415 3767 διὰ
3452 3712 3551 3781 τῆς

1990 3815 2312 3886 Ἐκκλησίας
2343 3812 2666 3883 γνωρίζεται
2694 3811 2810 3872 ταῖς
2844 3805 3235 3878 ὑπερκοσμίοις
3261 3805 3552 3875 δυνάμεσιν

1978 3910 2011 3979 ἡ
2041 3907 2252 3976 ποικίλη
2300 3902 2393 3958 τοῦ
2423 3902 2557 3956 Θεοῦ
2594 3900 2773 3969 σοφία,
2806 3900 2838 3970 ἡ
2868 3897 2957 3951 διὰ
2999 3897 3105 3949 τῶν
3144 3895 3403 3949 ἐναντίων
3431 3890 3551 3948 θαυ-

1982 3997 2411 4068 ματουργήσασα
2457 3991 2523 4044 τὰ
2575 3987 3123 4061 μεγάλα..θαυμάσια’
3176 3986 3293 4049 πῶς
3323 3985 3430 4055 γὰρ
3455 3984 3548 4054 γέο

1977 4104 2100 4157 γονε
2127 4087 2214 4139 διὰ
2247 4084 2478 4138 θανάτου
2508 4081 2642 4151 ζωὴ,
2677 4080 2772 4134 καὶ
2796 4078 3105 4149 δικαιοσύνη
3139 4078 3227 4131 διὰ
3253 4078 3353 4146 τῆς
3375 4080 3550 4147 ἀμαρο

1976 4180 2117 4243 τίας,
2148 4177 2242 4230 καὶ
2283 4175 2370 4229 διὰ
2424 4175 2666 4243 κατάρας
2709 4170 2949 4239 εὐλογία,
3000 4171 3094 4222 καὶ
3136 4169 3264 4235 δόξα
3309 4167 3395 4221 διὰ
3452 4169 3547 4237 τῆς

1980 4269 2221 4340 ἀτιμίας,
2271 4267 2363 4320 καὶ
2402 4263 2489 4318 διὰ
2541 4265 2634 4333 τῆς
2679 4261 2958 4324 ἀσθενείας
2998 4262 3031 4331 ἡ
3068 4260 3324 4330 δύναμις;
3370 4259 3548 4328 Μόνην

1981 4363 2089 4434 γὰρ
2128 4363 2184 4415 ἐν
2229 4362 2343 4422 τοῖς
2374 4358 2480 4426 πρὸ
2511 4356 2696 4410 τούτου
2730 4354 2940 4426 χρόνοις
2988 4353 3086 4424 τὴν
3138 4351 3315 4422 ἀπλῆν
3355 4368 3411 4403 τε
3455 4354 3547 4404 καὶ

1983 4452 2225 4525 μονοειδῆ
2253 4450 2347 4504 τοῦ
2390 4449 2524 4502 Θεοῦ
2557 4447 2748 4517 σοφίαν
2790 4448 2844 4499 αί
2894 4445 3252 4516 ὑπερκόσμιοι
3296 4442 3545 4511 δυνάμεις

1979 4548 2306 4616 ἐγίνωσκον,
2369 4541 2714 4611 καταλλήλως
2766 4538 3094 4609 ἐνεργοῦσαν
3141 4539 3206 4607 τῇ
3274 4535 3433 4604 φύσει
3479 4535 3543 4587 τὰ

1980 4637 2233 4707 θαύματα
2253 4653 2266 4667 ·
2312 4634 2405 4686 καὶ
2444 4631 2683 4685 ποικίλον
2717 4626 2783 4701 ἦν
2816 4630 2872 4681 ἐν
2903 4630 3014 4692 τοῖς
3042 4628 3340 4697 ὁρωμένοις
3380 4626 3538 4684 οὐδὲν.

1979 4731 2037 4782 ἐν
2081 4726 2158 4796 τῷ
2187 4724 2414 4793 δύναμιν
2457 4721 2684 4791 ἔχουσαν
2715 4720 2814 4790 τὴν
2848 4718 2998 4771 θείαν
3033 4717 3214 4784 φύσιν,
3248 4717 3425 4768 πᾶσαν
3453 4714 3543 4783 τὴν

1981 4820 2157 4873 κτίσιν
2191 4815 2310 4868 κατ’
2361 4813 2606 4880 ἐξουσίαν
2648 4808 2994 4882 ἐργάζεσθαι,
3047 4810 3103 4861 ἐν
3144 4807 3278 4879 μόνῃ
3312 4810 3377 4877 τῇ
3408 4808 3539 4878 ὁρμῇ

1982 4908 2074 4963 τοῦ
2093 4908 2394 4977 θελήματος
2413 4904 2508 4974 τὴν
2537 4902 2644 4955 τῶν
2662 4902 2830 4955 ὄντων
2860 4900 3020 4970 φύσιν
3055 4901 3133 4963 εἰς
3159 4900 3372 4969 γένεσιν
3396 4898 3543 4965 ἄγω-

1983 5017 2102 5061 σαν,
2137 5000 2231 5050 καὶ
2277 4996 2445 5048 ποιεῖν
2493 4994 2562 5047 τὰ
2611 4993 2787 5046 πάντα
2836 4991 2975 5045 καλὰ
3020 4991 3160 5054 λίαν,
3205 4991 3274 5043 τὰ
3322 4989 3426 5042 ἀπὺ
3451 4990 3539 5059 τῆς

1979 5091 2073 5143 τοῦ
2105 5088 2268 5141 καλοῦ
2303 5087 2485 5156 πηγῆς
2522 5085 2876 5156 ἅναδρύοντα.
2912 5084 2983 5137 Τὺ
3024 5084 3079 5136 δέ
3124 5083 3363 5136 ποικίλον
3399 5082 3541 5136 τοῦτο

1983 5183 2080 5251 τῆς
2114 5182 2304 5248 σοφίας
2329 5174 2486 5241 εἶδος,
2515 5178 2575 5230 τὸ
2605 5178 2669 5229 ἐκ
2692 5176 2793 5243 τῆς
2828 5175 2962 5246 πρὸς
2991 5175 3058 5227 τὰ
3084 5174 3301 5228 ἐναντία
3339 5174 3537 5227 διαπλο-

1985 5273 2085 5336 κῆς
2136 5270 2540 5339 συνιστάμενον,
2572 5267 2668 5320 νῦν
2723 5265 2811 5319 διά
2857 5266 2957 5335 τῆς
2996 5263 3316 5335 Ἐκκλησίας
3372 5264 3540 5333 σαφῶς

1986 5362 2323 5433 ἐδείχθησαν,
2360 5360 2472 5423 πῶς
2518 5362 2544 5413 ὁ
2587 5358 2755 5427 Λόγος
2786 5355 2921 5427 σὰρξ
2949 5357 3176 5423 γίνεται,
3212 5355 3332 5420 πῶς
3376 5358 3406 5426 ἡ
3436 5354 3534 5427 ζωὴ

1988 5455 2202 5524 θανάτῳ
2233 5454 2509 5523 μίγνυται,
2552 5450 2667 5513 πῶς
2697 5450 2773 5520 τῷ
2810 5448 2922 5518 ίδίῳ
2957 5445 3181 5518 μώλωπι
3220 5447 3322 5519 τὴν
3362 5446 3535 5518 ἡμετέ-
