3730 5980
185 299 316 361 949

1224 315 1288 367 IN
1317 314 1614 373 CANTICA
1634 318 1903 376 CANTIC.
1939 322 2228 380 HOMILIA
2263 323 2398 380 Vlll.

190 436 307 489 ραν
338 419 548 486 ἑξιᾶται
586 424 832 494 πληγήν·
883 425 998 489 πῶς
1028 431 1090 498 τῇ
1122 430 1373 503 ἀσθενείᾳ
1407 433 1499 487 τοῦ
1552 452 1663 489 σται

1975 441 2118 510 quod
2160 455 2272 496 non
2306 439 2453 499 cadit
2490 440 2594 496 sub
2636 450 2940 514 aspectum,
2995 442 3448 512 quemadmodum

183 511 573 571 καταπαλαίει
627 513 721 566 τοῦ
751 515 1126 587 ἀντικειμένου
1150 520 1247 591 τὴν
1278 522 1506 595 δύναμιν
1527 543 1540 556 ·
1582 526 1699 591 πῶς
1725 529 1786 583 τὸ

182 599 434 669 ἀόρατον
461 602 519 654 ὲν
550 603 715 672 σαρκὶ
762 606 1120 677 φανεροῦταν
1169 611 1286 675 πῶς
1335 614 1612 678 ἑξωνεῖται
1660 620 1785 683 τοὺς

182 689 606 760 αἰχμαλώτους,
646 693 807 756 αύτός
852 712 911 746 τε
957 696 1034 749 ὢν
1065 699 1093 751 ὀ
1141 700 1463 769 ὠνούμενος,
1499 707 1592 759 καὶ
1623 708 1784 770 αὐτὸς

180 779 391 849 χρῆμα
433 780 746 851 γινόμενος·
792 784 982 838 ἑαυτὸν
1028 786 1136 857 γάρ
1196 788 1361 843 ἔδωκε
1395 791 1587 864 λῦτρον
1644 797 1782 868 ὑπὲρ

182 868 358 937 ἡμῶν
406 869 485 939 τῷ
521 871 767 944 θανάτῳο
800 874 917 937 πῶς
967 878 1058 930 καὶ
1104 881 1161 932 ὲν
1185 879 1262 952 τῷ
1294 881 1509 955 θανάτῳ
1554 888 1776 955 γίνεται,

179 956 293 1008 καὶ
324 958 425 1027 τῆς
451 957 597 1028 ζωῆς
636 960 735 1013 οὐκ
768 961 1073 1026 ἐξίσταται·
1101 967 1215 1031 πῶς
1251 971 1342 1023 καὶ
1375 974 1433 1025 ὲν
1464 977 1529 1045 τῇ
1569 962 1779 1047 δουλεία

179 1048 621 1116 καταμίγνυται,
662 1054 754 1105 καὶ
783 1054 837 1106 ὲν
868 1056 933 1125 τῇ
982 1054 1224 1129 βασιλείᾳ
1259 1061 1424 1130 μένει.
1460 1065 1644 1119 Πάντα
1671 1069 1777 1139 γὰρ

177 1136 370 1191 ταῦτα
408 1140 502 1193 καὶ
544 1142 611 1195 τά
652 1143 872 1198 τοιαῦτα
922 1147 1139 1201 ποικίλα
1187 1150 1315 1205 δντα
1343 1152 1436 1207 καὶ
1485 1157 1581 1225 οὐχ
1633 1136 1776 1212 ἀπλά

175 1228 297 1297 τῆς
330 1231 524 1300 σοφίας
558 1232 715 1304 ἔργα,
759 1235 846 1289 διά
886 1237 986 1307 τῆς
1045 1239 1365 1313 Ἐκκλησίας
1398 1246 1445 1297 οί
1496 1246 1636 1314 φίλοι
1679 1248 1773 1302 τοῦ

177 1320 433 1390 νυμφίου
467 1323 746 1392 μαθόντες,
798 1327 1222 1399 ἐκαρδιὼθησαν,
1256 1332 1414 1387 ἄλλον
1449 1340 1774 1411 χαρακτῆρα

174 1413 295 1481 τῆς
322 1411 471 1474 θείας
495 1414 685 1481 σοφίας
715 1417 771 1467 ὲν
795 1416 874 1486 τῷ
920 1422 1201 1490 μυστηρίῳ
1229 1428 1657 1495 κατανοήσαντες
1679 1447 1692 1459 ο
1723 1432 1771 1483 εί

172 1500 244 1553 δὲ
291 1501 367 1573 μὴ
412 1503 806 1577 τολμηρότερόν
835 1508 981 1561 ἐστιν
1010 1512 1200 1578 εἰπεῖν,
1232 1514 1369 1584 τάχα
1406 1517 1646 1571 κάκεῖνοι
1683 1519 1769 1574 διὰ

175 1589 293 1659 τῆς
314 1591 533 1661 νύμφης
560 1592 622 1646 τὸ
640 1594 731 1646 τοῦ
755 1597 987 1666 νυμφίου
1010 1599 1203 1664 κάλλος
1232 1601 1429 1668 ίδόντες
1451 1605 1768 1676 ἐθαύμασαν

174 1679 248 1733 τὸ
283 1684 419 1735 πᾶσι
452 1686 563 1746 τοῖς
587 1681 735 1738 οὖσιν
759 1688 988 1758 ἀόρατόν
1012 1707 1070 1744 τε
1111 1693 1203 1745 καὶ
1231 1695 1631 1767 ἀκατάληπτον.
1673 1702 1767 1754 Ὃν

1886 531 2104 587 redimit
2128 533 2393 602 captivos,
2432 547 2555 587 cum
2586 533 2704 603 ipse
2729 534 2799 589 sit
2821 535 2913 604 qui
2952 545 3116 599 emat,
3146 543 3200 589 et
3238 537 3308 591 sit
3335 537 3451 605 ipse

1884 621 2153 693 pretium:
2182 623 2423 692 seipsum
2456 623 2602 679 enim
2640 624 2790 680 dedit
2816 640 2915 695 pro
2949 625 3107 680 nobis
3144 627 3304 679 morti
3328 630 3452 695 prec
3544 622 3549 625 ’

1883 711 2019 766 tium
2048 712 2463 784 raiemptionis:
2490 713 2946 784 quemadmodum
2972 723 3026 770 et
3054 724 3140 769 est
3171 715 3223 769 in
3255 724 3448 780 morte,

1882 809 1937 856 et
1965 818 1994 856 a
2024 802 2135 857 vita
2166 818 2275 858 non
2304 804 2545 861 recedit:
2593 806 3050 876 quemadmodum
3087 815 3141 860 ct
3185 806 3447 862 miscetur

1882 893 2132 949 servituti
2165 905 2218 950 et
2243 903 2424 950 manet
2453 896 2506 950 in
2546 911 2730 967 regno.
2775 894 2909 951 Nam
2942 912 3066 951 cum
3096 897 3210 951 haec
3240 899 3444 961 omnia,

1879 988 1933 1033 et
1959 995 2079 1050 quae
2124 990 2254 1037 sunt
2308 982 2641 1054 hujusmodi,
2690 1000 2813 1039 cum
2853 985 2975 1040 sint-
2994 987 3139 1041 varia
3167 994 3219 1039 et
3264 986 3445 1041 multi~

1880 1071 2061 1140 plicia,
2088 1089 2182 1141 per
2206 1073 2505 1130 Ecclesiam
2528 1076 2852 1131 didicissent
2869 1077 3025 1130 amici
3056 1078 3263 1146 sponsi,
3283 1076 3447 1133 cordo

1876 1162 2065 1218 donati
2105 1173 2252 1228 sunt,
2291 1174 2348 1220 ut
2376 1167 2466 1236 qui
2498 1168 2661 1221 alium
2706 1166 2903 1222 divinae
2934 1169 3211 1236 sapientiae
3250 1168 3443 1223 chara-

1876 1260 2078 1306 cterem
2115 1253 2599 1310 animadverterint
2628 1257 2681 1310 in
2712 1257 2998 1326 mysterio:
3049 1265 3099 1309 et
3144 1258 3188 1311 si
3224 1272 3329 1311 non
3373 1257 3443 1313 sit

1874 1342 2102 1397 nimium
2137 1344 2361 1401 audacis
2391 1346 2594 1408 dicere,
2636 1347 2712 1399 illi
2748 1347 2886 1403 forte
2907 1361 3030 1401 cum
3060 1362 3155 1416 per
3188 1363 3441 1417 sponsam

1874 1435 2060 1502 sponsi
2104 1435 2369 1491 vidissent
2418 1437 2903 1506 pulchritudinem,
2937 1437 3189 1491 admirati
3232 1448 3358 1492 sunt
3388 1438 3439 1491 id

1872 1524 2016 1593 quod
2042 1525 2297 1581 omnibus
2322 1542 2443 1596 qua:
2470 1534 2619 1594 sunt,
2644 1535 2728 1582 est
2758 1527 3147 1596 inaspectabile
3166 1537 3221 1584 et
3240 1529 3441 1583 incom-

1871 1617 2253 1684 preliensibile.
2305 1617 2445 1674 Deus
2495 1620 2674 1684 enim,
2731 1635 2889 1688 quem
2939 1635 3100 1676 nemo
3150 1620 3283 1673 vidit
3332 1635 3437 1674 un-

1868 1718 2053 1774 quam,
2087 1715 2145 1759 ut
2168 1706 2639 1772 dicitJoannes",
2672 1723 2772 1763 nec
2798 1716 2976 1778 potest
3003 1708 3200 1778 aliquis
3234 1709 3439 1773 videre,

172 1769 298 1842 γὰρ
347 1773 524 1837 οὐδεὶς
557 1775 767 1846 ἑώρακε
800 1775 1033 1845 πώποτε,
1065 1782 1246 1846 καθώς
1290 1802 1451 1855 φησιν
1494 1789 1644 1842 Ἰωάν

1962 1801 2009 1847 ut
2033 1803 2261 1849 testatur
2281 1793 2558 1861 Paulus“,
2578 1808 2774 1865 corpus
2793 1812 2950 1852 suum
2976 1796 3100 1853 fecit
3117 1797 3435 1866 Ecclesiam,

169 1863 309 1952 ούδὲ
341 1864 470 1917 ἰδεῖν
493 1883 578 1930 τις
605 1867 846 1931 δύναται,
875 1870 1056 1935 καθὼς
1086 1875 1114 1926 ὁ
1147 1874 1359 1940 Παῦλος
1390 1885 1760 1952 μαρτυρεῖται,

171 1944 344 2018 οὗτος
376 1955 534 2026 σῶμα
563 1957 753 2011 ἑαυτοῦ
791 1960 888 2031 τὴν
926 1960 1251 2034 Ἐκκλησίαν
1284 1944 1527 2039 ἐποίησε,
1554 1944 1647 2025 καὶ
1678 1944 1764 2026 διά

170 2045 282 2115 τῆς
308 2049 627 2120 προσθήκης
655 2050 763 2103 τῶν
802 2051 1143 2123 σωζομένων,
1194 2057 1466 2131 οἰκοδομεῖ
1498 2063 1666 2131 αὐτὴν
1705 2066 1761 2116 ὲν

169 2135 399 2210 ἀγάπῃ,
437 2140 627 2210 μέχρις
651 2142 716 2194 ἂν
747 2145 1165 2216 καταντήσωμεν
1185 2149 1234 2199 οί
1268 2149 1469 2215 πάντες
1499 2154 1577 2216 είς
1594 2154 1760 2224 ἄνδρα

170 2228 421 2294 τέλειον,
464 2234 542 2294 είς
602 2233 800 2303 μέτρον
857 2234 1071 2306 ἡλικίας
1124 2237 1216 2290 τοῦ
1257 2239 1616 2312 πληρώματος
1666 2245 1759 2297 τοῦ

170 2320 446 2389 Χριστοῦ.
481 2321 543 2375 ΕΞ
587 2319 680 2377 οὖν
725 2324 881 2395 σῶμα
927 2326 1021 2379 τοῦ
1073 2329 1310 2398 Χριστοῦ
1348 2333 1379 2400 ἡ
1447 2333 1757 2404 Ἐκκλησία,

170 2409 396 2481 κεφαλὴ
442 2411 499 2465 δὲ
551 2413 646 2466 τοῦ
700 2415 948 2485 σώματος
994 2419 1023 2469 6
1077 2419 1327 2489 Χριστὸς,
1377 2421 1453 2491 τῷ
1505 2424 1621 2494 ίδίῳ
1656 2443 1759 2495 χα-

174 2501 423 2574 ρακτῆρι
484 2504 710 2574 μορφῶν
770 2505 868 2576 τῆς
932 2506 1257 2578 Ἐκκλησίας
1312 2510 1373 2562 τὺ
1427 2513 1752 2583 πρόσωπον·

168 2590 322 2660 τάχα
352 2592 438 2645 διά
463 2594 669 2648 τούτων
702 2596 838 2666 πρὸς
869 2599 1041 2654 ταῦτα
1077 2600 1362 2671 βλέποντες
1397 2607 1444 2657 οἱ
1474 2607 1616 2675 φίλοι
1662 2607 1754 2661 τοῦ

168 2682 435 2750 νυμφίου,
467 2685 875 2757 ὲκαρδιώθησαν
895 2705 908 2718 ⁸
942 2690 1024 2744 ὅτι
1053 2692 1386 2765 τρανώτερον
1414 2696 1471 2748 ὲν
1505 2697 1638 2769 αύτῇ
1665 2700 1755 2752 τὸν

168 2769 411 2839 ἀόρατον
457 2771 732 2841 βλέπουσι.
762 2776 1027 2849 Καθάπερ
1063 2781 1112 2833 οί
1157 2782 1317 2836 αὐτὸν
1361 2784 1453 2838 τοῦ
1488 2786 1637 2854 ἡλίου
1664 2788 1755 2842 τὸν

168 2858 379 2912 κύκλον
429 2863 555 2944 ίδείν
587 2867 1006 2933 ἀδυνατοῦντες*
1055 2870 1141 2924 διὰ
1191 2871 1248 2925 δὲ
1286 2874 1382 2944 τῆς
1427 2875 1519 2928 τοῦ
1567 2876 1755 2943 ὓδατος

167 2951 356 3020 αὐγῆς
384 2955 462 3016 εἰς
488 2956 649 3010 αὑτὸν
687 2959 920 3030 ὁρῶντες
940 2978 953 2992 ’
986 2961 1126 3015 οὕτω
1165 2964 1404 3019 κάκεῖνοι
1432 2966 1506 3030 ὡς
1536 2971 1592 3020 ὲν
1622 2987 1754 3022 κατ-

1867 1888 1920 1933 et
1952 1895 2047 1949 per
2095 1884 2460 1937 accessionem
2497 1899 2685 1939 eorum
2734 1886 2827 1955 qui
2859 1886 2993 1941 salvi
3048 1887 3204 1951 ﬁunt,
3261 1887 3433 1957 ipsam

1867 1969 2098 2024 aediﬁcat
2138 1972 2191 2025 in
2229 1973 2515 2038 charitate,
2555 1975 2730 2030 donec
2765 1990 3122 2032 occurramus
3152 1993 3344 2035 omnes
3378 1980 3433 2034 in

1866 2063 2041 2115 virum
2083 2061 2405 2132 perfectum,
2444 2066 2496 2120 in
2529 2082 2841 2121 mensuram
2873 2069 3048 2124 aetatis
3084 2069 3434 2140 plenitudinis

1864 2151 2067 2206 Christi
2089 2153 2156 2204 ν’.
2194 2151 2248 2205 Si
2273 2169 2402 2224 ergo
2420 2154 2661 2211 Ecclesia
2687 2168 2768 2211 est
2797 2172 2997 2228 corpus
3019 2158 3244 2226 Christi,
3278 2159 3434 2215 Chri-

1867 2250 1984 2296 stus
2011 2249 2188 2295 autcm
2225 2252 2307 2297 est
2341 2255 2501 2314 caput
2534 2247 2803 2315 corporis,
2846 2263 2947 2302 suo
2980 2248 3294 2305 charactere
3320 2249 3433 2307 for-

1866 2347 2022 2386 rnans
2066 2331 2258 2387 faciem
2288 2334 2563 2400 Ecclesia},
2619 2338 2757 2392 forte
2802 2355 2897 2408 per
2933 2337 3035 2392 huc
3071 2339 3137 2393 ad
3176 2356 3239 2394 ea
3286 2342 3433 2412 aspi-

1864 2421 2071 2477 cientes
2103 2424 2261 2478 amici
2298 2426 2507 2494 sponsi,
2552 2426 2719 2481 corde
2747 2427 2930 2483 donati
2963 2437 3123 2484 sunt:
3168 2430 3429 2500 quoniam

1861 2526 1958 2580 per
1996 2515 2167 2583 ipsam
2204 2515 2407 2569 clarius
2452 2517 2724 2586 aspiciunt
2772 2534 3031 2588 sponsum
3072 2522 3163 2591 qui
3198 2537 3308 2602 non
3340 2536 3431 2578 ca-

1861 2602 1940 2656 dit
1972 2604 2074 2659 sub
2104 2614 2405 2674 aspectum.
2443 2605 2506 2660 Et
2529 2607 2805 2677 quomodo
2847 2610 2882 2663 ii
2915 2612 3007 2681 qui
3041 2613 3217 2680 ipsum
3241 2614 3427 2670 orbem

1861 2695 1994 2750 solis
2053 2712 2161 2750 non
2217 2707 2446 2766 possunt
2485 2699 2697 2764 videre,
2754 2715 2847 2770 per
2887 2716 3041 2772 aqua:
3089 2703 3426 2774 splendorem

1860 2787 2037 2856 ipsum
2067 2787 2290 2843 vident:
2326 2790 2399 2843 ita
2450 2790 2525 2845 illi
2581 2806 2798 2863 quoque
2839 2792 2890 2847 in
2934 2790 3138 2849 mundo
3183 2796 3425 2865 speculo,

1863 2874 2057 2948 nempe
2104 2879 2243 2934 facie
2274 2879 2564 2946 Ecclesiae,
2614 2883 2800 2938 vident
2842 2885 3010 2941 solem
3047 2886 3293 2955 justitia,
3331 2886 3423 2956 qui

1862 2984 1958 3040 per
1993 2970 2044 3024 id
2073 2971 2217 3040 quod
2248 2981 2492 3041 apparet,
2525 2983 2706 3029 mente
2736 2976 3231 3046 comprehenditur.

166 3039 363 3113 όπτρῳ
397 3046 735 3117 καθορῶντες
766 3050 1010 3123 καθαρῷ,
1041 3054 1118 3125 τῷ
1166 3057 1436 3129 προσώπῳ
1478 3060 1575 3130 τῆς
1619 3039 1958 3134 Ἐκκλησίας,
2002 3039 2220 3132 τὸνῗτῆς
2251 3039 2589 3134 δικαιοσύνης
2648 3066 2797 3137 ἥλιον
2860 3039 3135 3138 βλέπουσι,
3191 3072 3285 3123 τὸν
3338 3070 3425 3125 διὰ

166 3134 269 3188 τοῦ
300 3139 625 3208 φαινομένου
656 3144 1102 3216 κατανοούμενον.

244 3229 451 3284 Τούτου
500 3232 659 3306 χάριν
704 3236 801 3306 οὐχ
824 3235 970 3302 ἅπαξ
1011 3239 1221 3310 εἴρηται
1271 3244 1336 3311 τῇ
1389 3242 1571 3315 νύμφῃ
1600 3246 1749 3315 ποιρά
1783 3251 1825 3309 C

164 3317 289 3373 τῶν
314 3318 504 3388 φίλων,
539 3323 622 3385 τὸ,
661 3324 1077 3393 Ἐκαρδίωσας,
1105 3329 1240 3399 ὅπερ
1266 3332 1434 3396 ἐστὶν,
1462 3333 1542 3385 ὅτι
1560 3332 1749 3404 Ψυχήν

164 3426 297 3463 τινα
325 3412 420 3465 καί
439 3412 680 3466 διάνοιαν
705 3415 839 3486 πρὸς
865 3418 964 3486 τὴν
998 3419 1093 3473 τοῦ
1131 3421 1305 3491 φωτὸς
1337 3425 1661 3493 κατανόησιν
1683 3424 1748 3476 δι’

166 3499 376 3569 ἑαυτῆς
403 3502 534 3571 ἡμῖν
566 3503 882 3575 ὲνεποίησας
905 3523 916 3535 ·
952 3507 1087 3561 ἀλλά
1130 3511 1224 3562 καὶ
1273 3511 1433 3564 πάλιν
1459 3512 1549 3565 τὸν
1591 3514 1749 3566 αὐτὸν

166 3588 690 3659 ἐπαναλαμϐάνουσι
736 3592 928 3662 λόγον,
984 3597 1320 3662 ἀξιοπιστίαν
1374 3600 1751 3670 προστιθέντες

165 3678 250 3748 τῷ
275 3679 573 3752 λεγομένῳ,
623 3681 711 3736 διὰ
755 3684 857 3754 τῆς
913 3685 1305 3759 δευτερώσεως.
1359 3691 1589 3759 Λέγουσι
1641 3692 1749 3762 γάρ

166 3770 714 3842 ὲπαναλαμϐἀνοντες
733 3791 747 3806 ο
779 3775 859 3828 ὅτι
906 3777 1297 3846 Ἑκαρδίωσας
1328 3779 1484 3849 ἡμᾶς
1510 3782 1597 3835 ἐνί
1629 3782 1747 3836 ἀπὸ

172 3862 506 3933 ὀφθαλμῶν
543 3881 680 3922 σου.
717 3867 885 3921 Τοῦτό
912 3871 1027 3922 ἐστι
1077 3869 1307 3940 μάλιστα
1353 3871 1381 3924 ὃ
1411 3872 1508 3944 τὴν
1544 3872 1749 3944 θαυμα-

173 3953 372 4023 στικὴν
400 3952 683 4028 ἐνεποίησε
727 3960 838 4023 τοῖς
868 3958 1041 4028 φίλοις
1085 3962 1212 4032 περὶ
1254 3963 1352 4033 τῆς
1381 3962 1598 4034 νύμφης
1630 3963 1747 4018 διά-

168 4045 344 4099 θεσιν.
373 4046 578 4117 Διπλῆς
600 4049 707 4119 γάρ
735 4048 900 4122 οὔσης
926 4049 992 4126 τῇ
1025 4052 1171 4124 ψυχῇ
1199 4053 1299 4123 τῆς
1329 4054 1558 4125 ὀπτικῆς
1598 4057 1747 4126 ἐνερ-

168 4138 366 4206 γείας·
417 4142 512 4194 καὶ
550 4142 649 4213 τῆς
698 4142 799 4213 μὲν
843 4143 942 4215 τὴν
973 4143 1229 4214 ἀλήθειαν
1278 4144 1513 4215 ὁρώσης,
1547 4147 1643 4215 τῆς
1688 4147 1745 4200 δὲ

166 4227 365 4299 ἑτέρας
414 4231 541 4302 περὶ
592 4231 659 4284 τά
712 4231 916 4304 μάταια
970 4232 1352 4304 πλανωμένης·
1398 4236 1583 4305 ἐπειδὴ
1620 4238 1746 4308 περὶ

170 4323 345 4393 μόνην
368 4322 461 4376 τοῦ
488 4323 694 4394 ἀγαθοῦ
720 4327 819 4397 τὴν
854 4325 1013 4395 φύσιν
1046 4327 1314 4398 ἀνέῳκται
1345 4328 1444 4397 τῆς
1475 4330 1690 4400 νύμφης
1717 4332 1745 4382 6

166 4413 411 4485 καθαρὸς
433 4416 708 4488 ὀφθαλμός
730 4433 744 4448 ο
775 4419 937 4488 ἀργεῖ
963 4417 1017 4470 δὲ
1041 4418 1256 4482 πάντως
1288 4420 1316 4471 ό
1347 4418 1743 4490 ἓτερος,τούτου

165 4505 330 4577 χάριν
373 4504 450 4576 τῷ
495 4508 574 4560 ἑνὶ
601 4509 708 4561 τῶν
750 4508 1042 4578 ὀφθαλμῶν
1090 4510 1456 4578 προσάγουσιν
1507 4512 1555 4563 οί
1599 4511 1743 4578 φίλοι

1934 3244 2002 3296 Ea
2034 3244 2101 3298 de
2119 3260 2284 3299 causa
2306 3261 2414 3300 non
2441 3247 2606 3301 semel
2641 3254 2853 3301 tantum
2877 3246 3082 3303 dictum
3100 3260 3183 3305 est
3211 3268 3424 3322 sponsa:

1850 3331 1920 3386 ab
1951 3331 2143 3386 amicis
2197 3333 2413 3402 sponsi,
2477 3330 2580 3388 Cor
2627 3333 2860 3389 indidisti
2911 3334 3073 3400 nobis,
3139 3342 3282 3410 quod
3317 3354 3418 3409 est,

1850 3424 2093 3479 Animam
2136 3427 2417 3496 quamdam
2458 3437 2511 3482 et
2553 3427 2958 3494 cogitationem,
2995 3429 3062 3483 ad
3106 3431 3242 3488 lucis
3268 3449 3419 3488 eom-

1849 3512 2290 3584 prehensionem,
2324 3529 2417 3583 per
2464 3516 2693 3584 teipsam
2746 3517 2902 3573 nobis
2956 3520 3196 3577 indidiin
3248 3540 3262 3575 :
3326 3529 3419 3583 sed

1849 3618 2041 3659 rursus
2060 3603 2302 3658 eamdem
2336 3612 2586 3675 repetunt
2612 3608 2937 3674 orationem,
2970 3625 3064 3677 per
3084 3626 3270 3666 eorum
3301 3631 3422 3684 qua:

1848 3694 2107 3749 dicuntur
2149 3693 2490 3748 iterationem
2548 3696 2598 3749 id
2639 3698 2783 3767 quod
2816 3697 3017 3753 dicitur
3057 3700 3161 3757 ﬁde
3193 3703 3415 3775 dignum

1851 3784 2127 3840 facientes.
2184 3783 2379 3839 Dicunt
2430 3787 2576 3839 cnim
2638 3797 2943 3858 repetentes
2978 3809 2991 3843 :
3025 3791 3131 3845 Cor
3177 3793 3419 3852 indidisti

1849 3876 1999 3930 nobis
2030 3891 2133 3929 uno
2166 3891 2233 3929 ea:
2259 3876 2424 3930 oculis
2453 3878 2577 3930 tuis.
2612 3875 2727 3933 Hoc
2766 3890 2852 3934 est
2894 3881 3037 3950 quod
3083 3884 3276 3940 amicis
3320 3886 3416 3941 ad-

1848 3967 2231 4021 mirationisin
2253 3981 2510 4037 sponsam
2538 3970 2829 4045 maximam
2849 3973 3028 4026 attulit
3052 3972 3413 4041 aﬂ‘ectionem.

1846 4052 1978 4109 Nam
2022 4072 2143 4109 cum
2196 4059 2268 4111 sit
2307 4057 2503 4127 duplex
2536 4059 2731 4113 animm
2772 4061 2986 4116 videndi
3027 4067 3269 4134 operatio
3294 4107 3309 4134 ,
3364 4078 3415 4123 ct

1847 4143 2016 4197 altera
2042 4145 2260 4212 quidem
2284 4145 2466 4200 videat
2490 4149 2794 4214 veritatem,
2826 4152 2994 4206 altera
3018 4169 3148 4209 vero
3172 4166 3417 4211 versetur

1846 4234 1903 4287 in
1935 4235 2099 4290 rebus
2127 4235 2278 4291 vanis
2320 4221 2830 4311 {quandoquidem
2878 4244 3025 4298 circa
3060 4246 3230 4300 solam
3288 4248 3416 4302 boni

1847 4333 2096 4380 naturam
2150 4337 2373 4398 apertus
2419 4339 2503 4384 est
2553 4346 2721 4399 purus
2770 4347 2983 4401 sponsae
3014 4335 3228 4401 oculus,
3283 4339 3417 4395 alter

1846 4425 2025 4471 autem
2052 4416 2212 4487 plane
2252 4420 2463 4474 otiosus
2498 4428 2617 4486 est;
2650 4421 2739 4475 uni
2782 4436 2848 4476 ex
2879 4424 3052 4480 oculis
3086 4426 3244 4482 amici
3297 4429 3414 4482 lau-

1844 4507 1965 4561 dern
1998 4508 2270 4573 tribuunt,
2302 4523 2399 4580 per
2428 4525 2587 4579 quem
2623 4510 2797 4566 solum
2823 4512 2972 4567 illum
2995 4517 3411 4586 contemplatur,

162 4595 259 4649 τὸν
287 4596 529 4660 ἔπαινον,
563 4599 629 4651 δι’
656 4592 716 4653 οὗ
753 4599 913 4669 μόνου
942 4599 1136 4671 θεωρεῖ
1170 4600 1260 4653 τὸν
1309 4601 1488 4671 μόνον,
1537 4604 1635 4654 ἐκεί

1930 4612 2021 4662 Im,
2067 4599 2310 4669 inquam,
2359 4601 2533 4655 solum
2562 4602 2655 4671 qui
2701 4604 3181 4673 comprehenditur
3216 4608 3268 4661 in
3311 4608 3403 4662 im-

162 4686 311 4757 λέγω
341 4689 430 4741 τὸν
456 4690 636 4759 μόνον,
669 4691 758 4743 τὸν
784 4692 840 4743 ὲν
868 4693 934 4761 τῇ
959 4686 1213 4762 ἀτρέπτῳ
1245 4709 1303 4743 τε
1338 4693 1429 4745 καὶ
1466 4692 1620 4758 ἀϊδίῳ
1644 4711 1740 4745 κα-

160 4779 645 4849 ταλαμϐανόμενον
674 4781 853 4850 φύσει,
887 4782 977 4835 τόν
1006 4800 1063 4834 τε
1090 4782 1339 4853 ἀληθινὸν
1379 4783 1617 4854 Πατέρα,
1647 4783 1739 4837 καὶ

161 4869 254 4924 τὸν
283 4862 545 4941 μονογενῆ
588 4872 734 4936 Υίὸν,
765 4873 858 4925 καὶ
885 4872 946 4924 τὸ
974 4873 1126 4940 ἆγιον
1160 4873 1401 4943 Πνεῦμα.
1433 4874 1608 4928 Μόνον
1634 4876 1738 4946 γάρ

159 4961 311 5011 ἐστιν
347 4959 424 5023 ὡς
453 4959 683 5030 ἀληθῶς.
717 4961 778 5013 τὸ
803 4962 859 5012 ὲν
893 4962 990 5032 μιᾷ
1016 4960 1385 5033 θεωρούμενον
1414 4962 1593 5032 φύσει,
1638 4981 1739 5034 μη-

158 5050 286 5103 δένα
314 5051 590 5122 χωρισμὸν
619 5051 651 5122 ἢ
682 5051 1031 5122 ἀλλοτρίωσιν
1059 5054 1156 5124 τῆς
1189 5054 1329 5107 κατά
1364 5054 1463 5119 τάς
1492 5056 1731 5109 ὑποστά-

159 5159 276 5206 σεις
300 5142 562 5215 διαφορᾶς
595 5144 941 5214 ἐμποιούσης.
993 5144 1111 5197 Etsi.
1156 5145 1263 5216 γάρ
1292 5163 1435 5211 τινες
1461 5148 1509 5200 οἳ
1550 5148 1732 5217 διαφό-

159 5250 277 5305 ροις
304 5233 600 5304 ὀφθαλμοῖς
620 5235 805 5297 κακῶς
834 5236 961 5304 περὶ
985 5236 1075 5288 τὸν
1096 5235 1435 5306 ἀνύπαρκτον
1457 5236 1730 5300 ὀξυωποῦ-

159 5341 264 5387 σιν,
317 5325 395 5387 είς
440 5323 639 5386 πολλάς
683 5325 871 5393 φύσεις
913 5326 974 5378 τὸ
995 5325 1055 5377 ’ἐν
1092 5327 1212 5390 ταῖς
1256 5324 1363 5378 τῶν
1395 5325 1731 5397 διαστρόφων

154 5413 452 5485 ὀφθαλμῶν
502 5417 821 5485 φαντασίαις
872 5418 1355 5487 καταμερίζοντες·
1402 5410 1546 5469 οὗτοί
1597 5420 1732 5470 εἰσιν

154 5504 205 5560 οἱ
236 5504 516 5576 λεγόμενοι
557 5506 693 5558 πολὺ
721 5507 1024 5577 βλέποντες,
1056 5510 1105 5560 οἱ
1144 5508 1228 5562 διά
1272 5507 1362 5560 τοῦ
1405 5507 1572 5560 πολλά
1608 5508 1726 5578 βλέο

1844 4689 2090 4744 mutabili
2120 4698 2175 4746 et
2209 4698 2414 4745 aaterna
2461 4698 2679 4758 natura,
2723 4707 2918 4764 nempe
2946 4712 3135 4750 verum
3172 4696 3408 4761 Patrem,

1839 4784 1893 4831 et
1919 4778 2256 4849 unigenitum
2281 4778 2501 4844 Filium,
2528 4788 2583 4835 et
2615 4788 2864 4836 sanctum
2906 4782 3191 4853 Spiritum.
3224 4784 3407 4840 Solum

1838 4869 1981 4922 enim
2016 4885 2141 4925 vere
2166 4878 2250 4926 est
2280 4872 2330 4924 id
2367 4872 2513 4941 quod
2543 4880 2649 4937 est,
2687 4872 2832 4943 quod
2874 4874 2928 4927 in
2961 4890 3065 4928 una
3098 4875 3409 4930 considera-

1838 4967 1926 5012 tur
1959 4968 2172 5026 natura,
2205 4963 2410 5015 nullam
2437 4961 2694 5019 afferente
2724 4963 3120 5034 separationem
3152 4974 3246 5018 aut
3277 4967 3405 5021 alie-

1842 5050 2117 5105 nationem
2150 5051 2455 5107 diﬂ'erentia
2483 5070 2603 5123 qua:
2636 5062 2721 5109 est
2754 5054 2808 5108 in
2836 5053 3243 5125 hypostasibus.
3271 5054 3409 5109 Sunt

1839 5145 1983 5198 enim
2007 5145 2253 5199 nonnulli
2281 5147 2373 5216 qui
2408 5147 2461 5200 in
2489 5148 2717 5204 diversis
2742 5147 2917 5202 oculis
2943 5146 3084 5201 male
3110 5157 3237 5200 sunt
3263 5147 3407 5202 acris

1841 5238 1990 5291 risus
2033 5237 2087 5289 in
2134 5236 2188 5291 id
2226 5236 2371 5306 quod
2407 5253 2511 5291 non
2544 5247 2718 5307 potest
2752 5238 3071 5303 consistere,
3123 5239 3177 5292 in
3207 5239 3405 5293 multas

1839 5327 2223 5396 dispertientes
2244 5338 2468 5382 naturas
2487 5329 2537 5382 id
2566 5330 2709 5398 quod
2731 5346 2897 5384 unum
2917 5337 3001 5386 est
3022 5345 3402 5400 perversurum

1838 5420 2118 5474 oculorum
2176 5420 2497 5475 visionibus.
2546 5419 2585 5474 li
2628 5430 2758 5476 sunt
2798 5422 2891 5492 qui
2941 5422 3201 5478 dicuntur
3239 5425 3406 5478 multa

1838 5512 2104 5573 videntes,
2131 5511 2223 5581 qui
2248 5517 2531 5581 propterea
2559 5512 2702 5581 quod
2736 5512 2907 5567 multa
2940 5513 3234 5583 aspiciunt,
3269 5511 3403 5569 nihil

224 5684 272 5717 ⁷⁸
310 5681 518 5738 lJoan.
562 5699 635 5751 tv,
676 5685 759 5738 ιε.
837 5686 877 5715 τί
916 5684 932 5737 ι
971 5682 1205 5739 Timoth.
1238 5702 1312 5751 γι,
1361 5684 1443 5737 16.
1521 5684 1565 5715 "
1604 5681 1696 5752 Epl

574 5699 635 5751 ιν,
676 5685 759 5738 ιε.
837 5686 877 5715 ⁷³
916 5684 932 5737 l
971 5682 1205 5739 Timoth.
1238 5702 1312 5751 γι,
1361 5684 1443 5737 16.
1521 5684 1565 5715 "
1604 5681 1799 5752 Epltcs.
1844 5697 1916 5739 Iv.
1962 5685 2047 5738 l5.

3348 333 3453 386 950
3550 398 3555 401 _
