3730 5980
286 305 385 363 951

1530 298 1588 356 S.
1613 300 1943 357 GREGORII
1979 300 2271 356 NYSSENI

3448 288 3557 346 952

291 424 525 481 vident:
575 433 632 481 et
677 435 950 496 quatenus
993 440 1141 482 nunc
1188 423 1409 502 quidem
1443 423 1611 480 Deum
1656 420 1864 486 vident,

2046 440 2094 475 tv
2117 422 2350 494 ὁρῶντες
2372 420 2521 475 οὐδέν
2546 437 2558 450 ·
2603 421 2697 474 καὶ⁸
2722 419 2836 472 ὅσοι
2863 416 2957 471 νῦν
2995 415 3093 487 μὲν
3128 410 3266 484 προς
3288 409 3380 464 τὸν
3418 408 3554 463 Θεδν

293 528 489 570 rursus
526 522 707 571 autem
740 516 797 570 iu
836 516 1218 572 materialibus
1248 517 1511 571 oberrant
1542 512 1866 579 visionibus,

292 613 421 660 sunt
458 606 680 678 indigni
727 623 867 679 quos
918 609 1171 664 laudibus
1222 615 1624 679 prosequantur
1670 604 1868 674 angeli,

291 706 350 749 ut
393 698 486 767 qui
528 708 861 755 evanescant
895 700 949 754 in
1005 701 1312 773 phantasiis
1359 713 1549 755 eorum
1599 712 1722 768 quae
1761 711 1868 750 non

290 799 522 858 possunt
568 808 713 848 esse.
750 792 854 858 Qui
893 802 1078 849 autem
1131 794 1199 848 ad
1248 792 1417 846 Deum
1459 791 1634 845 solum
1671 791 1873 843 acriter

291 881 558 949 intuetur,
593 893 677 938 est
707 898 886 940 caecus
920 885 973 938 in
1003 885 1126 939 aliis
1164 885 1442 947 omnibus,
1476 882 1698 951 ad.quae
1726 880 1868 949 vulgi

291 971 551 1043 dirigitur
581 984 856 1045 aspectus.
899 974 1193 1047 Propterea
1226 991 1335 1031 uno
1365 973 1649 1030 oculorum
1678 970 1871 1027 amicis

293 1059 450 1116 aﬂ'crt
481 1078 685 1135 sponsa
708 1066 1144 1122 admirationem.
1179 1066 1273 1122 Est
1293 1081 1421 1135 ergo
1446 1079 1624 1120 caicus
1651 1062 1869 1133 quidem

291 1153 342 1208 is
394 1154 489 1223 qui
539 1156 743 1212 multos
775 1157 937 1213 habet
965 1158 1178 1221 oculos,
1235 1158 1332 1226 qui
1372 1155 1562 1210 multis
1598 1154 1775 1208 oculis
1804 1154 1872 1207 ad

290 1258 428 1298 vana
476 1246 671 1315 aspicit
707 1247 829 1303 :llle
857 1259 1039 1303 autem
1075 1254 1161 1304 est
1203 1248 1348 1303 acris
1379 1246 1530 1302 visus
1560 1253 1614 1300 et
1660 1245 1871 1315 perspi-

292 1348 417 1401 cax,
451 1336 544 1405 qui
572 1352 667 1406 per
698 1354 866 1394 unum
901 1341 1097 1394 animze
1118 1339 1336 1394 oculum
1365 1337 1433 1392 ad
1464 1339 1639 1392 solum
1669 1335 1870 1389 bonum

287 1428 509 1497 'aSpicit.

362 1517 626 1583 Quaenam
658 1522 732 1576 sit
766 1531 948 1578 autem
980 1524 1070 1577 illa
1108 1541 1238 1587 una,
1273 1534 1365 1579 aut
1395 1525 1522 1593 quid
1553 1524 1624 1579 sit
1648 1532 1873 1592 torques

294 1609 421 1664 colli
453 1624 691 1680 sponsae,
728 1627 836 1666 non
867 1621 951 1668 est
979 1613 1204 1668 difﬁcile
1244 1613 1601 1668 considerare
1653 1626 1748 1681 per
1810 1625 1873 1664 ea

292 1715 416 1769 quae
456 1700 681 1756 fuerunt
741 1704 897 1772 prius
941 1706 1280 1767 examinata,
1346 1704 1567 1760 etiamsi
1619 1703 1874 1758 videatur

293 1792 556 1848 dictionis
586 1802 876 1851 contextus
898 1811 1021 1851 esse
1042 1798 1357 1851 obscurior.
1388 1799 1471 1850 Ita
1493 1797 1639 1850 enim
1670 1795 1868 1849 habet:
1904 1770 1949 1828 Β

292 1883 400 1940 Cor
429 1885 673 1940 ἰηάὶάὶεεὶ
700 1888 847 1942 nobis
886 1905 988 1942 uno
1017 1905 1079 1942 ea:
1109 1889 1275 1943 oculis
1305 1895 1407 1942 tuis
1431 1889 1482 1941 in
1509 1903 1637 1950 una,
1670 1888 1723 1940 in
1760 1896 1872 1939 tor-

269 1966 392 2047 'que
421 1977 548 2030 colli
578 1980 677 2040 tui,
708 1978 845 2033 adeo
868 1990 928 2033 ut
959 1979 1094 2033 illud
1124 1980 1365 2049 quidem,
1400 1977 1465 2031 In
1516 1995 1644 2042 una,
1675 1992 1876 2032 conve-

293 2066 410 2119 niat
442 2065 489 2119 ci
519 2067 663 2135 quod
700 2064 816 2120 Uno
843 2083 909 2121 ea-
934 2068 1102 2122 oculis
1148 2070 1274 2133 tuis,
1310 2068 1741 2138 intelligentibus
1771 2082 1873 2121 no-

292 2158 376 2211 bis
397 2173 462 2212 ex
494 2160 868 2230 assumptione
899 2161 1051 2226 illud,
1079 2160 1145 2214 In
1171 2178 1276 2215 una
1306 2163 1508 2215 anima.
1534 2160 1712 2215 Multae
1729 2160 1875 2215 enim

290 2258 421 2304 sunt
455 2251 510 2303 in
546 2266 880 2321 unoquoque
916 2252 1316 2308 ineruditorum
1345 2253 1559 2318 animze,
1589 2253 1643 2306 in
1674 2252 1877 2321 quibus

290 2344 460 2396 :mimi
484 2344 925 2415 perturbationes
941 2360 1035 2415 per
1058 2345 1396 2399 dominatum
1421 2360 1580 2415 quem
1602 2344 1873 2406 obtinent,

291 2444 583 2491 transeunt
614 2436 670 2490 in
704 2452 887 2492 mores
925 2437 1141 2502 animae,
1162 2438 1227 2491 ad
1265 2437 1508 2491 dolorem
1541 2444 1593 2490 et
1624 2438 1875 2504 volupta-

291 2537 422 2593 tem,
455 2536 551 2584 aut
578 2529 716 2583 iram
745 2538 799 2585 et
845 2537 1069 2592 metum,
1105 2543 1171 2583 ac
1198 2527 1571 2583 'l'ormidiuem
1607 2536 1658 2582 et
1704 2528 1877 2581 conli-

290 2623 530 2676 dentiam
566 2628 780 2676 mutato
804 2622 1122 2676 charactere
1147 2619 1361 2673 animae.
1394 2619 1496 2685 Qui
1528 2625 1707 2672 autem
1738 2617 1880 2686 aspi-

286 2718 362 2771 cit
398 2715 465 2768 ad
497 2713 829 2769 uniformem
862 2713 1132 2768 rationem
1164 2713 1289 2766 vitae
1315 2728 1435 2782 qua:
1468 2713 1648 2782 agitur
1676 2726 1739 2766 ex
1768 2710 1880 2765 vir-

288 2818 423 2875 tute,
453 2805 603 2877 quod
628 2821 735 2861 una
766 2806 946 2859 anima
978 2807 1145 2870 vivat,
1171 2806 1341 2860 latum
1375 2813 1459 2859 est
1484 2804 1876 2858 testimonium.

291 2902 381 2955 Sic
402 2916 532 2972 ergo
567 2898 952 2969 distinguenda
971 2906 1055 2953 est
1080 2900 1277 2963 oratio,
1303 2898 1449 2968 quod
1478 2897 1611 2951 illud
1636 2895 1876 2967 quidem,

291 2995 347 3048 In
374 3006 500 3056 una,
548 2993 909 3062 coniunctum
960 2990 1010 3045 ei
1042 2991 1112 3045 sit
1145 2990 1289 3060 quod
1322 2988 1623 3059 praecessit,
1684 2989 1765 3043 sic
1815 3004 1880 3041 ex

1969 515 2155 587 ὁρῶσι,
2184 517 2343 570 πάλιν
2376 516 2433 570 δὲ
2468 517 2587 578 ταῖς
2614 513 2825 575 ύλικαῖς
2860 509 3179 579 φαντασίαις
3207 502 3547 559 ὲπιπλανῶνο

1970 623 2081 670 ται,
2110 607 2319 674 ἀνάξιοι
2346 604 2448 677 τῆς
2474 605 2580 659 τῶν
2625 603 2871 674 ἀγγέλων
2912 599 3186 671 εὐφημίας
3225 595 3388 660 εἰσὶν,
3430 593 3551 652 ταῖς

1971 698 2078 752 τῶν
2115 700 2478 771 ἀνυπάρκτων
2520 696 2840 767 φαντασίαις
2865 691 3355 764 ὲμματαιὰζοντες.
3397 686 3458 738 Ὀ
3496 683 3550 736 δὲ

1973 792 2109 863 πρὸς
2141 792 2298 862 μόνον
2327 790 2387 844 τὸ
2403 788 2556 842 Θεῖον
2583 788 2862 855 ὀξυωπῶν,
2901 784 3097 854 τυφλὸς
3128 786 3186 836 ἐν
3229 783 3345 845 τοῖς
3373 780 3551 841 ἄλλοις

1973 885 2139 940 πᾶσίν
2189 886 2326 950 ἐστι,
2373 883 2509 955 πρὸς
2561 881 2703 951 ἆπερ
2748 880 2804 933 αἱ
2847 877 2955 931 τῶν
3005 874 3214 930 πολλῶν
3260 872 3551 944 βλέπουσιν

1974 976 2146 1046 ὀψεις.
2177 976 2275 1030 Διὰ
2306 974 2463 1028 τοῦτο
2488 973 2565 1044 τῷ
2593 974 2673 1025 ἐνὶ
2698 970 2807 1024 τῶν
2830 966 3121 1039 ὀφθαλμῶν
3147 967 3292 1019 ποιεῖ
3318 965 3438 1025 τοῖς
3468 960 3554 1029 φί-

1973 1068 2082 1132 λοις
2122 1071 2156 1138 ή
2186 1068 2373 1139 νύμφη
2395 1067 2458 1120 τὸ
2493 1064 2699 1135 θαῦμα.
2733 1060 2942 1117 Οὐκοῦν
2968 1058 3160 1126 τυφλὸς
3192 1056 3292 1127 μέν
3338 1057 3489 1107 ἐστιν
3526 1055 3553 1104 ὀ

1974 1161 2374 1231 πολυόμματος,
2416 1162 2445 1212 ὀ
2488 1158 2622 1230 πρὸς
2650 1156 2720 1209 τὰ
2760 1156 2983 1226 μάταια
3010 1151 3224 1214 πολλοῖς
3253 1147 3552 1216 ὀφθαλμοῖς

1977 1251 2205 1320 βλέπων.
2255 1240 2593 1319 ³οξυδερκὴς
2636 1248 2693 1301 δὲ
2738 1247 2831 1299 καὶ
2881 1242 3185 1314 διορατικός
3235 1242 3478 1300 ἐκεῖνος,
3525 1240 3552 1289 ὁ

1973 1344 2038 1396 δι’
2069 1343 2188 1405 ἐνὸς
2209 1342 2302 1395 τοῦ
2333 1341 2432 1411 τῆς
2459 1339 2638 1410 ψυχῆς
2668 1334 2949 1406 ὀφθαλμοῦ
2974 1334 3110 1404 πρὸς
3140 1333 3300 1402 μόνον
3327 1330 3392 1381 τὸ
3418 1328 3550 1394 ἀγα-

1975 1434 2066 1487 θὸν
2108 1433 2336 1503 βλέπων.

2045 1526 2140 1587 Τίς
2180 1526 2273 1577 καὶ
2302 1522 2482 1591 ἐκείνη
2516 1521 2660 1573 ἐστὶν
2698 1520 2731 1588 ὴ
2782 1519 2899 1587 μία,
2938 1516 2970 1586 ἢ
3014 1516 3064 1568 τί
3111 1515 3172 1567 τὸ
3213 1513 3417 1582 ἕνθεμα
3460 1510 3550 1562 τοῦ

1974 1616 2247 1689 τραχήλου
2293 1615 2392 1684 τῆς
2438 1614 2673 1682 νύμφης,
2720 1611 2780 1662 ού
2828 1608 3059 1680 χαλεπὸν
3097 1607 3163 1661 ἂν
3191 1607 3279 1675 εἴη
3321 1604 3412 1657 διὰ
3447 1602 3552 1655 τῶν

1978 1706 2356 1779 ὲξητασμένων
2400 1701 2827 1771 ἐπιλογίσασθαι,
2874 1699 2975 1754 κᾶν
3006 1694 3133 1768 δοκῇ
3178 1714 3295 1759 πως
3338 1695 3551 1762 ἀσαφὴς

1977 1804 2010 1872 ἡ
2037 1800 2181 1865 λέξις
2208 1795 2345 1850 εἶναι
2377 1795 2516 1848 κατὰ
2548 1795 2645 1863 τὴν
2679 1793 3008 1862 σύμφρασιν.
3043 1788 3197 1843 Οὕτω
3217 1788 3327 1857 γὰρ
3350 1786 3378 1837 ὀ
3398 1784 3552 1850 λόγος

1979 1893 2139 1963 φησίν
2165 1910 2177 1922 ι
2230 1892 2309 1944 ὅτι
2346 1887 2741 1956 Ἑκαρδίωσας
2773 1884 2928 1954 ἡμᾶς
2960 1884 3048 1936 ἐνί
3079 1881 3196 1936 ἀπὸ
3230 1877 3551 1949 ὀφθαλμῶν

1976 1999 2092 2037 σου
2119 1983 2187 2034 ἐν
2210 1978 2345 2050 μιᾷ,
2391 1976 2666 2046 ἐνθέματι
2693 1973 3000 2043 τραχήλου
3035 1989 3171 2030 σου.
3228 1970 3305 2032 ὡς
3344 1967 3406 2020 τὸ
3454 1967 3551 2036 μὲν

1990 2074 2094 2128 Ἐν
2127 2070 2256 2141 μιᾷ,
2300 2070 2588 2140 σύμφωνον
2624 2063 2760 2119 εἶναι
2792 2064 2868 2134 τῷ
2912 2063 3036 2118 Ἑνὶ
3081 2061 3200 2116 ἀπὸ
3233 2057 3551 2130 ὀφθαλμῶν

1977 2182 2114 2231 σου,
2149 2164 2409 2218 νοούντων
2453 2162 2608 2231 ἡμῶν
2648 2159 2789 2214 κατὰ
2820 2155 3130 2229 παράληψιν
3194 2154 3254 2207 τὸ
3312 2153 3414 2205 Ἐν
3445 2147 3551 2219 μιᾷ

1976 2254 2169 2326 ψυχῇ.
2208 2254 2405 2307 Πολλαὶ
2448 2254 2554 2322 γὰρ
2578 2254 2633 2304 ὲν
2658 2252 2877 2319 ἑκάστῳ
2898 2249 3136 2317 γίνονται
3166 2244 3270 2297 τῶν
3298 2240 3552 2296 ἀπαιδεύ-

1977 2366 2086 2401 των
2116 2348 2306 2418 ψυχαὶ,
2354 2348 2411 2399 ὲν
2456 2340 2536 2408 οἷς
2570 2343 2639 2397 τὰ
2686 2342 2833 2412 πάθη
2875 2341 2963 2394 διὰ
3000 2340 3096 2409 τῆς
3140 2335 3552 2405 ὲπικρατήσεως

1978 2445 2058 2503 εἰς
2090 2441 2180 2493 τὸν
2204 2439 2303 2508 τῆς
2327 2438 2502 2507 ψυχῆς
2535 2436 2698 2488 τόπον
2722 2431 3188 2503 ἁντιμεθίοπαται,
3215 2426 3348 2495 πρὸς
3378 2422 3551 2492 λύπην

1979 2534 2072 2587 καὶ
2099 2531 2313 2602 ἡδονὴν,
2340 2528 2508 2598 θυμὸν
2536 2528 2629 2579 καὶ
2658 2526 2841 2594 φόϐον,
2872 2521 2962 2575 καὶ
2985 2519 3184 2574 δειλίαν
3207 2518 3299 2570 καὶ
3334 2516 3549 2586 θράσος,

1984 2620 2450 2696 μεταϐαλλομένου
2495 2616 2589 2670 τοῦ
2630 2617 2727 2686 τῆς
2765 2614 2944 2684 ψυχῆς
2984 2608 3350 2680 χαρακτῆρος.
3405 2606 3467 2657 Ἡ
3498 2603 3553 2656 δὲ

1982 2715 2118 2787 πρὸς
2143 2713 2232 2766 τὸν
2270 2712 2426 2780 λόγον
2463 2709 2649 2781 ὁρῶσα
2672 2707 2749 2778 τῷ
2794 2703 3052 2777 μονοειδεῖ
3076 2701 3175 2770 τῆς
3212 2698 3330 2752 κατ’
3354 2698 3553 2768 ἀρετὴν

1982 2807 2128 2876 ζωῆς
2161 2807 2256 2876 μιᾷ
2287 2804 2430 2875 ψυχῇ
2481 2803 2647 2872 συζῇν
2689 2797 3123 2871 μεμαρτύρηται.
3160 2790 3369 2845 Οὐκοῦν
3416 2788 3555 2842 οὕτω

1981 2895 2321 2950 διασταλτέον
2355 2893 2443 2946 τὸν
2477 2891 2652 2960 λόγον,
2701 2890 2776 2954 ὡς
2807 2889 2869 2942 τὸ
2905 2888 3003 2958 μὲν
3062 2886 3163 2938 Ἐν
3188 2879 3314 2951 μιᾷ,
3348 2879 3425 2949 τῷ
3460 2880 3553 2932 λα-

1983 2988 2129 3041 ϐόντι
2181 2984 2523 3056 συνημμένον
2574 2978 2713 3035 εἶναι
2761 2978 2902 3034 κατὰ
2928 2978 3026 3049 τὴν
3055 2975 3263 3028 ἔννοιαν
3295 2971 3558 3025 νοούντων

293 3083 493 3139 mentis
521 3059 883 3153 conceptione
906 3082 1069 3137 nobis
1092 3059 1547 3150 intielligcntibus,
1575 3089 1669 3133 aut
1690 3080 1742 3132 in
1773 3094 1873 3132 una

2045 3076 2162 3143 ιῶν,
2191 3075 2223 3146 ἢ
2257 3077 2314 3128 ἐν
2343 3077 2439 3145 μιᾷ
2488 3072 2652 3143 ψυχῇ,
2684 3071 2800 3142 ἢέν
2856 3070 2953 3140 μιᾷ
2999 3064 3351 3120 καταστάσει.
3387 3060 3459 3114 Τὸ
3504 3059 3564 3112 δὲ

292 3175 499 3238 anima,
543 3182 635 3229 aut
668 3175 722 3229 iu
772 3189 882 3227 uno
928 3180 1094 3227 statu.
1130 3171 1190 3224 Id
1228 3179 1408 3226 autem
1448 3171 1593 3242 quod
1628 3169 1884 3240 deinceps

200 3300 207 3307 -
294 3268 548 3338 sequitur
587 3268 753 3321 alium
792 3265 956 3320 habet
997 3280 1242 3328 sensum,
1280 3280 1474 3334 nempe.
1514 3274 1722 3333 torques
1761 3262 1884 3316 colli

296 3361 402 3414 (ui:
432 3369 492 3416 ut
519 3360 564 3416 si
592 3359 717 3431 quis
738 3360 905 3424 dicat,
931 3367 1104 3413 totum
1127 3356 1422 3414 traducens
1447 3358 1513 3412 ad
1536 3371 1753 3413 sensum
1776 3356 1886 3409 cla—

302 3450 538 3506 riorem:
571 3448 638 3502 Et
666 3465 812 3504 unus
837 3457 921 3505 est
953 3448 1049 3502 tibi
1078 3449 1294 3512 oculus,
1316 3455 1370 3502 et
1393 3449 1571 3501 anima
1596 3462 1725 3511 una,
1756 3446 1883 3500 dum

303 3543 358 3596 in
389 3557 562 3596 unum
605 3541 856 3610 respicis,
885 3550 1174 3612 propterea
1205 3539 1350 3611 quod
1383 3554 1488 3592 non
1524 3546 1887 3608 cognoscatur

304 3649 373 3688 ex
400 3632 635 3689 diversis
678 3631 1082 3687 affectionibus.
1134 3631 1199 3685 Et
1239 3631 1377 3685 situs
1419 3629 1544 3683 colli
1575 3628 1655 3680 tui
1709 3625 1887 3696 perfe-

304 3726 541 3782 Ctionem
572 3725 755 3787 habet,
782 3741 906 3779 cum
938 3725 1182 3780 divinum
1207 3723 1395 3793 jugnm
1430 3719 1733 3776 sustulerit.
1753 3716 1885 3771 Nam

306 3816 461 3871 visus
494 3816 551 3871 in
576 3816 702 3871 colli
729 3816 949 3886 quidem
982 3823 1177 3884 torque
1210 3814 1354 3873 videt
1398 3811 1600 3865 Christi
1653 3809 1843 3879 jugum
1871 3826 1885 3863 :

310 3907 368 3961 in
417 3906 706 3961 alfcctione
756 3913 935 3960 autem
986 3906 1043 3958 in
1084 3920 1208 3958 eum
1238 3904 1330 3973 qui
1379 3910 1463 3957 est
1501 3916 1628 3955 vere
1688 3900 1885 3959 bonus,

310 4014 481 4053 unum
511 3999 732 4051 oculum
764 4005 817 4051 et
847 4012 1010 4049 unam
1048 3995 1307 4049 animam.
1328 3993 1622 4062 PrOpterca
1666 3990 1891 4044 eonlite-

309 4105 435 4144 mur
456 4088 602 4159 quod
628 4088 738 4142 tuis
767 4087 1048 4140 miraculis
1077 4101 1172 4139 cor
1206 4084 1472 4142 indidisti,
1510 4098 1677 4137 unum
1707 4089 1891 4135 osten‘

310 4183 449 4237 deus
480 4181 721 4242 oculum,
757 4186 811 4233 et
844 4192 1008 4232 unam
1045 4176 1284 4229 animam
1320 4176 1374 4228 in
1406 4182 1597 4243 torque
1623 4171 1745 4225 colli
1771 4171 1846 4225 tui
1873 4190 1886 4224 :

310 4286 537 4344 torques
577 4279 758 4326 autem
805 4269 929 4324 colli
975 4282 1193 4339 sponsae
1231 4275 1315 4321 est
1352 4266 1541 4335 jugum
1584 4262 1889 4333 quoddam,

317 4368 462 4422 sicut
487 4365 747 4420 diximus.
769 4363 944 4432 Atque
966 4362 1080 4416 haec
1108 4359 1325 4428 quidem
1350 4366 1436 4413 est
1465 4356 1704 4411 laudatio
1726 4370 1890 4423 ange-

1985 3167 2181 3237 ἐφεξῆς
2210 3165 2399 3235 ἑτέραν
2427 3163 2538 3233 ἔχει
2567 3162 2837 3216 διάνοιανε
2867 3160 2927 3212 τὸ
2960 3156 3265 3226 Ἐνθέματι
3292 3152 3395 3207 τοῦ
3421 3167 3545 3218 τρο

1986 3260 2178 3329 χήλου
2225 3273 2376 3311 σου’
2434 3255 2509 3319 ὡς
2543 3254 2607 3308 ἄν
2655 3270 2739 3316 τις
2784 3252 2902 3306 ὅλον
2946 3248 3079 3320 πρὸς
3120 3248 3181 3300 τὸ
3231 3243 3563 3312 σαφέστερον

1986 3350 2334 3425 μεταϐάλλων
2367 3346 2530 3410 εἴποι,
2561 3348 2640 3399 ὅτι
2676 3344 2774 3398 Σου
2799 3348 2890 3399 καὶ
2930 3343 2958 3394 ὀ
2986 3339 3258 3410 ὀφθαλμὸς
3299 3330 3378 3397 εἷς
3414 3336 3563 3386 ἐστιν

1987 3446 2045 3496 ὲν
2077 3440 2153 3512 τῷ
2202 3441 2337 3512 πρὸς
2370 3438 2426 3491 ἒν
2474 3435 2723 3506 βλέπειν⁶
2773 3435 2866 3487 καὶ
2907 3431 3053 3502 ψυχὴ
3101 3431 3221 3500 μία,
3249 3425 3437 3491 διὰ-τὸ
3488 3425 3566 3496 μὴ

1989 3535 2123 3606 πρὸς
2151 3531 2435 3602 διαφόρους
2478 3527 2744 3590 διαθέσεις
2792 3521 3126 3595 μερίζεσθαι.
3186 3521 3307 3573 Καὶ
3337 3520 3370 3588 ἡ
3416 3516 3567 3579 θέσις

1988 3623 2081 3679 τοῦ
2132 3621 2403 3694 τραχήλου
2438 3637 2531 3673 σου
2577 3618 2637 3671 τὸ
2686 3616 2885 3669 τέλειον
2918 3614 3051 3686 ἔχει,
3103 3612 3192 3665 τὸν
3231 3610 3371 3662 θεῖον
3405 3607 3568 3676 ζυγὸν

1990 3718 2073 3785 ἐφ’
2101 3713 2292 3782 ἑαυτὴν
2331 3711 2597 3782 ἀραμένη.
2646 3708 2799 3760 Ἐπεὶ
2834 3702 2922 3758 οὖν
2951 3708 3007 3758 ὲν
3058 3703 3157 3775 μὲν
3184 3701 3262 3772 τῷ
3310 3700 3568 3769 ἐνθέματι

1989 3806 2083 3859 τοῦ
2111 3804 2379 3876 τραχήλου
2410 3820 2501 3854 σου
2527 3800 2616 3852 τὸν
2645 3797 2738 3850 τοῦ
2769 3794 3005 3867 Χριστοῦ
3035 3795 3248 3865 ὁρῶμεν
3276 3790 3439 3859 ζυγόν
3463 3808 3477 3819 ·
3512 3791 3570 3843 ὲν

1989 3898 2044 3951 δὲ
2084 3900 2147 3966 τῇ
2184 3895 2311 3965 περὶ
2358 3894 2416 3945 τὸ
2440 3893 2606 3953 ὅντως
2641 3888 2842 3957 ἀγαθὸν
2867 3886 3123 3948 διαθέσει,
3160 3885 3256 3936 ’ἐνα
3290 3881 3571 3951 ὀφθαλμὸν

1993 3990 2087 4042 καὶ
2141 3987 2267 4057 μίαν
2315 3985 2510 4055 ψυχήν·
2577 3982 2661 4038 διὰ
2691 3980 2844 4033 τοῦτο
2897 3977 3265 4046 ὁμολογοῦμεν
3318 3974 3400 4026 ὅτι
3456 3975 3573 4034 τοῖς

1995 4080 2105 4140 σοῖς
2165 4077 2309 4145 ἡμᾶς
2364 4072 2635 4143 θαύμασιν
2682 4069 3052 4140 ἐκαρδίωσας,
3107 4067 3202 4118 ἕνα
3250 4062 3575 4117 δεικνύουσα

1993 4168 2266 4237 ὀφθαλμὸν
2295 4166 2387 4219 καὶ
2434 4164 2561 4234 μίαν
2589 4160 2765 4231 ψυχὴν
2796 4162 2853 4211 ὲν
2899 4159 2978 4228 τῷ
3029 4158 3284 4227 ἐνθέματι
3315 4156 3410 4209 τοῦ
3444 4172 3575 4225 τρα-

1994 4262 2155 4332 χήλου
2208 4271 2333 4310 σου·
2390 4255 2591 4325 ἔνθεμα
2636 4253 2691 4305 δὲ
2740 4249 2833 4304 τοῦ
2888 4249 3158 4321 τραχήλου
3206 4247 3313 4315 τῆς
3355 4246 3577 4315 νύμφης

1994 4352 2022 4403 ὁ
2078 4349 2239 4416 ζυγός
2295 4348 2445 4412 ἐστι,
2505 4343 2685 4407 καθὼς
2755 4341 2988 4412 εἴρηται.
3071 4338 3219 4409 Αὕτη
3290 4337 3485 4405 μενοῦν
3540 4337 3574 4406 ή

316 4462 495 4514 lorum
518 4472 624 4528 qua
649 4470 907 4525 sponsam
940 4461 1066 4510 sunt
1093 4450 1368 4522 prosecuti
1401 4456 1622 4519 promer
1645 4446 1873 4517 pulchri-

2045 4442 2106 4493 ὒν
2149 4439 2393 4508 ἀγγέλων
2460 4438 2604 4489 ἐστὶν
2653 4433 2928 4504 εὐφημία,
2991 4433 3056 4501 ἢν
3106 4432 3197 4483 ἐπὶ
3254 4429 3335 4499 τῷ
3391 4427 3579 4481 κάλλει

312 4552 556 4606 tudinem
597 4567 609 4601 ε
662 4563 758 4601 eos
807 4547 951 4600 enim
978 4542 1491 4614 comprehendimus
1525 4555 1648 4594 esse
1687 4538 1892 4592 amicos

314 4644 530 4717 sponsi.
563 4641 639 4696 Ne
668 4640 919 4695 videatur
947 4646 1128 4691 autem
1157 4652 1278 4691 esse
1330 4632 1620 4688 temeraria
1671 4639 1725 4684 et
1757 4629 1893 4683 falsa

312 4742 435 4794 laus
470 4750 705 4807 sponsae,
739 4731 1027 4786 confirmat
1052 4728 1291 4783 Verbum
1326 4727 1626 4780 amicorum
1653 4724 1716 4777 de
1740 4737 1896 4791 Spon-

315 4847 390 4887 sae
433 4809 842 4900 pulchritudine
873 4823 1163 4892 judicium,
1216 4822 1270 4874 id
1321 4834 1422 4874 suo
1457 4816 1716 4884 suffragio
1747 4829 1897 4868 eom—

315 4921 577 4992 prolnaus.
609 4925 663 4971 ct
712 4913 1033 4969 testimonio
1064 4907 1492 4981 pulchritudinis
1522 4905 1729 4974 majora
1782 4904 1898 4973 ipse

317 5012 468 5067 addit
503 5008 792 5071 miracula,
843 5005 1094 5059 oratione
1123 5002 1443 5058 describens
1475 4997 1797 5067 elegantiam
1835 5010 1897 5049 ac

317 5110 569 5161 decorem
604 5102 695 5172 qui
732 5099 991 5154 tribuitur
1049 5096 1184 5166 ipsis
1246 5092 1526 5153 membris,
1577 5103 1738 5158 quem
1789 5087 1898 5142 Deo

319 5179 486 5251 dante
520 5196 773 5264 adjiciam
805 5194 859 5248 in
894 5193 962 5246 iis
988 5205 1109 5260 quae
1146 5189 1404 5255 deinceps
1432 5192 1756 5253 sequuntur,
1791 5181 1836 5236 si
1868 5197 1897 5233 a

321 5288 508 5341 divino
537 5287 742 5340 auxilio
774 5285 913 5339 datae
945 5282 1104 5337 nobis
1139 5279 1340 5334 fuerint
1372 5278 1519 5331 vires
1578 5276 1642 5328 ad
1700 5272 1898 5327 intelli-

321 5378 561 5447 gentiam
594 5373 1002 5444 mysteriorum,
1034 5379 1088 5425 et
1134 5370 1198 5423 ad
1232 5368 1562 5438 agnitionem
1598 5363 1899 5434 pulchritu-

324 5467 471 5522 dinis
498 5465 776 5527 Ecclesiae,
805 5474 857 5517 et
887 5463 954 5517 ad
1000 5461 1214 5515 laudem
1246 5459 1430 5529 gloria:
1460 5458 1645 5525 gratiae
1695 5456 1901 5525 ipsius,

330 5556 383 5609 in
411 5554 629 5608 Christo
660 5552 810 5617 Jesu,
838 5569 998 5622 quem
1023 5552 1176 5607 decet
1208 5551 1388 5604 omnis
1432 5549 1603 5617 gloria
1646 5547 1700 5600 iu
1732 5559 1904 5600 saecu-

331 5650 398 5705 la.
436 5647 633 5702 Amen.

1998 4532 2098 4601 τῆς
2145 4531 2358 4600 νύμφης
2414 4526 2771 4598 πεποίηνται·
2826 4524 3046 4585 τούτους
3097 4522 3204 4591 γὰρ
3253 4516 3394 4572 εἶναι
3452 4518 3580 4580 τοὺς

2001 4625 2183 4692 φίλους
2230 4622 2323 4676 τοῦ
2384 4620 2616 4690 νυμφίου
2662 4614 3092 4684 κατελαϐὀμεθα.
3156 4615 3241 4676 Ὠς
3295 4612 3338 4665 δ’
3383 4611 3448 4664 ἂν
3504 4612 3580 4681 μὴ

2000 4716 2178 4783 δοκοίη
2231 4713 2450 4783 ἄκριτος
2495 4709 2673 4763 αὐτῶν
2720 4704 2856 4760 εἶναι
2923 4707 3014 4759 καὶ
3062 4704 3509 4774 διημαρτημένος
3554 4704 3583 4754 ὁ

2002 4808 2240 4868 ἔπαινος,
2290 4804 2446 4876 κυροῖ
2497 4801 2604 4854 τῶν
2646 4801 2809 4870 φίλων
2855 4798 2951 4870 τὴν
2996 4797 3092 4850 ἐπὶ
3130 4795 3206 4863 τῷ
3258 4794 3445 4848 κάλλει
3485 4794 3585 4865 τῆς

2003 4898 2217 4967 νύμφης
2261 4895 2439 4966 κρίσιν
2470 4891 2804 4961 ἐπιψηφίσας
2839 4891 2867 4941 ὀ
2902 4889 3088 4956 Λόγος.
3126 4885 3220 4938 καὶ
3253 4882 3585 4954 προστίθησι

2003 4989 2097 5045 καὶ
2122 4987 2281 5049 αὐτὸς
2304 4984 2371 5037 τὰ
2405 4983 2574 5054 μείζω
2604 4982 2856 5053 θαύματα
2905 4981 2970 5049 τῇ
3009 4976 3280 5047 μαρτυρίᾳ
3324 4974 3417 5027 τοῦ
3449 4973 3587 5026 κάλ-

2003 5083 2146 5143 λους,
2179 5078 2275 5148 τὴν
2310 5076 2491 5137 αὐτοῖς
2524 5076 2633 5136 τοῖς
2693 5071 2910 5135 μέλεσιν
2958 5064 3383 5134 ἐπιφαινομένην
3436 5063 3587 5133 ὥραν

2002 5171 2315 5241 διαγράφων
2348 5167 2425 5236 τῷ
2470 5166 2636 5233 λόγῳ,
2664 5163 2728 5234 ἥν
2760 5163 2816 5214 ἐν
2848 5163 2959 5222 τοῖς
2991 5156 3207 5227 ἑφεξῆς,
3253 5153 3387 5207 Θεοῦ
3416 5154 3587 5207 διδόν-

2004 5261 2510 5332 τοςΑτροΟὴσομεν,
2543 5256 2593 5308 εἴ
2613 5253 2676 5322 γέ
2713 5270 2796 5315 τις
2825 5251 3033 5319 γένοιτο
3074 5249 3198 5321 ἡμῖν
3228 5246 3291 5298 ὲκ
3319 5244 3422 5313 τῆς
3450 5246 3589 5332 ἄνω-

2004 5358 2094 5410 θεν
2146 5351 2456 5423 συμμαχίας
2508 5348 2733 5417 δύναμις
2772 5345 2906 5414 πρὸς
2959 5342 3057 5412 τὴν
3107 5339 3437 5407 κατανόησιν
3481 5328 3589 5388 τῶν

2008 5445 2342 5519 μυστηρίων,
2376 5441 2469 5495 καὶ
2504 5442 2579 5502 εἰς
2612 5438 2903 5505 ἐπίγνωσιν
2933 5433 3027 5486 τοῦ
3060 5431 3287 5492 κάλλους
3313 5429 3412 5497 τῆς
3463 5427 3587 5478 Ἐκ-

2005 5517 2255 5609 κλησίας,
2303 5533 2397 5587 καὶ
2438 5534 2517 5594 εἰς
2554 5530 2770 5583 ἔπαινον
2797 5528 2895 5597 τῆς
2925 5524 3083 5595 δόξης
3114 5524 3211 5593 τῆς
3238 5521 3460 5591 χάριτος
3494 5517 3587 5571 αὑ-

2006 5627 2138 5681 τοῦ·
2189 5630 2246 5679 ὲν
2300 5621 2517 5696 Χριστῷ
2574 5619 2770 5691 Ἰησοῦ,
2811 5611 2853 5684 ᾧ
2888 5616 3083 5688 πρέπει
3134 5614 3280 5666 πᾶσα
3331 5608 3458 5676 δόξα
3512 5608 3588 5670 είς

2009 5719 2132 5781 τοὺς
2160 5715 2379 5778 αἰῶνας.
2429 5713 2620 5782 Ἁλίην.
