3742 5986
189 287 288 345 953

784 404 1024 459 OMIAIA
1076 403 1153 457 ϐ’.

257 493 318 548 Tl
356 491 824 560 ἐκαλλιώθησαν
865 494 1084 563 μαστοι
1137 509 1274 558 σου,
1333 489 1564 560 ἀδελφή
1614 507 1755 560 μου.

187 584 418 654 νύμφης
448 585 512 639 Tl
550 583 1004 652 ἐκαλλιώθησαν
1022 583 1245 654 μαστοι
1269 599 1385 638 σου
1412 581 1529 637 ἀπὸ
1566 583 1755 645 οῖνου,

189 675 282 730 καὶ
319 675 482 745 ὀσμὴ
541 675 786 745 ἱματίων
833 689 949 728 σου
997 675 1148 742 ὑπὲρ
1199 675 1397 727 πάντα
1450 670 1757 741 ἀρώματα;

191 767 410 835 Κηρίον
456 765 868 827 άποστάζουσι
915 766 1088 834 χειλη
1135 779 1274 828 σου,
1332 765 1536 833 νύμφη
1557 777 1571 792 ⁶
1617 763 1759 831 μέλι

191 861 282 914 καί
317 858 477 930 τάλα
509 859 628 914 ὑπὸ
661 857 777 926 τὴν
800 855 1090 928 γλῶσσάν
1117 874 1254 920 σου,
1290 856 1390 911 καὶ
1425 854 1584 923 ὀσμὴ
1631 857 1759 922 ίμα-

190 950 320 1004 τίων
355 965 474 1004 σου
527 949 610 1016 ὡς
645 948 804 1019 ὀσμὴ
845 948 1114 1004 λιϐάνου.
1168 947 1375 1016 Κῆπος
1415 947 1759 1016 κεκλεισμέ-

189 1059 311 1108 voc,
339 1041 580 1112 ἀδελφή
610 1060 752 1111 μου,
785 1042 992 1110 νύμφη
1020 1057 1033 1070 ο
1072 1039 1267 1106 κῆπος
1310 1037 1756 1108 κεκλεισμένας,

193 1132 346 1201 πηγὴ
379 1131 853 1200 ἐσφραγισμένη.
915 1131 1275 1183 Ἀποστολαί
1322 1147 1438 1185 σου
1480 1129 1758 1198 παράδει-

193 1239 301 1290 σος
320 1221 489 1290 ῥοῶν
529 1224 679 1292 μετὰ
723 1220 955 1290 καρποῦ
1003 1220 1370 1288 ἀκροδρύων,
1399 1219 1496 1272 καί
1544 1221 1759 1286 κύπροι

189 1313 331 1383 μετὰ
375 1311 635 1381 νάρδων.
679 1309 908 1380 Νάρὸος
945 1309 1044 1363 καὶ
1084 1309 1314 1378 κρόκος,
1347 1309 1614 1378 κάλαμος
1661 1307 1757 1361 καί

194 1405 588 1475 κιννάμωμον,
618 1407 770 1476 μετὰ
811 1405 1054 1459 πάντων
1085 1402 1285 1467 ξύλων
1328 1401 1432 1456 τοῦ
1479 1398 1756 1462 Λιϐάνου,

196 1499 425 1568 σμύρνα
462 1498 565 1552 καὶ
601 1497 766 1564 ἀλωὴ
811 1497 962 1566 μετὰ
987 1494 1229 1550 πάντων
1266 1493 1509 1561 πρώτων
1534 1491 1756 1562 μύρων.

200 1588 357 1658 lim-ii
397 1589 622 1656 κήπου,
661 1589 759 1643 καὶ
793 1587 980 1657 φρέαρ
1011 1586 1228 1652 ὕδατος
1257 1584 1485 1648 ζῶντος,
1515 1583 1612 1637 καὶ
1636 1583 1759 1650 ροι-

195 1678 430 1746 ζοῦντος
461 1681 584 1735 ἀπὸ
619 1680 724 1735 τοῦ
752 1679 1030 1734 Λιϐάνου.

1219 292 1284 348 IN
1306 290 1602 348 CANTICA
1629 258 1897 346 came.
1938 287 2221 345 HOMILIA
2259 289 2348 344 ιχ.

1783 407 1830 459 Α

3319 280 3428 339 954

2423 401 2717 458 ΙΙΟΜΙΜΑ
2775 396 2868 454 ΙΧ.

1931 493 2058 547 CAP.
2101 509 2176 555 ιν,
2214 509 2266 546 v.
2317 494 2402 549 Ιθ.
2472 493 2612 560 Quid
2659 491 2878 560 pulchra
2909 489 3051 558 facta
3084 495 3206 541 sunt
3265 485 3425 539 ubera

1863 591 1976 648 tua,
2004 600 2158 638 soror
2185 601 2299 638 mea
2327 587 2560 653 sponsa?
2595 581 2734 648 Quid
2785 580 2946 634 ubera
3006 590 3098 633 tua
3127 572 3271 647 facta
3307 588 3426 631 sunt

1861 677 2177 743 speciosiora
2197 677 2337 740 uino,
2359 684 2410 732 at
2435 675 2566 729 odor
2591 675 3009 728 vestimentorum
3035 679 3245 722 tuorum
3269 647 3440 736 supra.

1863 759 2041 821 omnia
2069 771 2342 822 aromata?
2373 765 2670 821 H.Favurn
2697 761 2962 817 distillant
2989 759 3130 814 labia
3149 769 3430 825 tua,spon-

1863 873 1960 913 sa:
1994 859 2094 912 mel
2117 868 2166 912 et
2195 857 2280 912 lae
2303 857 2398 911 sub
2427 859 2605 927 lingua
2631 864 2742 918 tua,
2768 865 2816 908 et
2847 853 2979 908 odor
3008 853 3430 906 vestimentorum

1864 957 2072 1003 tuorum
2102 957 2353 1018 tanquam
2391 946 2521 1001 odor
2551 945 2737 998 thuris.
2772 944 2860 998 12.
2899 942 3098 996 Hortus
3131 941 3428 1000 conclusus,

1863 1054 2014 1091 soror
2045 1053 2162 1090 mea
2189 1053 2405 1107 sponsa,
2437 1037 2619 1088 hortus
2645 1034 2939 1095 conclusus,
2959 1033 3076 1100 fons
3103 1030 3429 1098 obsignatas.

1865 1129 1950 1181 15.
1991 1126 2312 1182 Emissiones
2357 1137 2462 1180 tua:
2495 1125 2779 1196 paradisus
2808 1123 3067 1176 malortun
3098 1120 3428 1187 punicorum,

1865 1236 1980 1273 cum
2007 1219 2182 1286 {ructu
2211 1234 2505 1287 pomorum,
2541 1227 2588 1272 et
2619 1216 2766 1286 cypri
2793 1230 2908 1268 cum
2933 1212 3140 1266 nantis.
3169 1210 3253 1262 14.
3277 1201 3435 1261 ’Νἰινο

1863 1312 1962 1364 dus
1983 1319 2030 1364 et
2056 1325 2258 1374 crocus,
2277 1309 2514 1362 calamus
2535 1319 2584 1361 et
2611 1308 3016 1368 cinnamomum,
3046 1317 3162 1354 cum
3195 1299 3434 1354 omnibus

1866 1403 2024 1473 lignis
2054 1401 2266 1463 Libani,
2304 1399 2518 1468 myrrha
2549 1411 2599 1452 et
2661 1399 2776 1452 aloe
2807 1412 2924 1448 cum
2957 1393 3198 1448 omnibus
3253 1391 3435 1458 primis

1865 1495 2164 1562 unguentis.
2198 1491 2283 1545 15.
2312 1490 2456 1544 Fons
2483 1491 2642 1551 horti,
2679 1498 2862 1556 puteus
2897 1502 3043 1556 aqua;
3081 1485 3227 1564 tiiva',
3259 1490 3305 1536 et
3339 1483 3437 1533 im-

1864 1597 1985 1658 petu
2015 1587 2226 1654 ﬂuentis
2253 1601 2318 1638 ea:
2344 1583 2567 1638 Libano.

262 1773 328 1825 El
379 1769 788 1840 συνηγέρθητε
843 1771 922 1836 τῷ
979 1766 1239 1838 Χριστῷ..
1302 1766 1374 1820 τὰ
1424 1765 1546 1819 ἄνω
1614 1779 1756 1832 φρο-

1950 1769 1994 1826 Si
2019 1783 2138 1824 cum
2183 1765 2392 1822 Christo
2425 1759 2852 1820 consurrexistis,
2908 1772 3026 1826 qua:
3067 1770 3276 1810 sursum
3319 1763 3439 1806 sunt

197 1863 363 1924 νεὶτε,
404 1862 494 1930 μὴ
565 1863 636 1916 τὰ
677 1861 774 1914 ἐπὶ
834 1861 942 1930 τῆς
999 1859 1147 1929 τῆς·
1201 1859 1346 1926 λέγει
1399 1857 1569 1911 ταῦτα
1630 1855 1764 1926 πρὸς

200 1955 339 2022 ἡμᾶς
385 1956 414 2008 ὁ
458 1957 518 2006 ὲν
570 1952 768 2023 Παύλῳ
803 1951 1010 2005 λαλῶνο
1059 1948 1400 2004 Ἁπεθάνετε
1435 1948 1562 2018 γὰρ,
1611 1948 1763 2018 φησὶ,

202 2045 292 2098 καὶ
351 2046 390 2111 ἠ
453 2043 570 2111 ζωὴ
629 2043 795 2114 ὑμῶν
847 2043 1165 2110 κέκρυπται
1225 2040 1346 2094 σὺν
1397 2037 1476 2102 τῷ
1521 2035 1750 2104 Χριστῷ

201 2137 266 2189 ἐν
306 2135 388 2202 τῷ
435 2136 580 2201 Θεῷ.
631 2136 806 2189 Ὅταν
853 2138 886 2188 ό
927 2131 1180 2202 Χριστὸς
1233 2129 1545 2200 φανερωθῇ
1584 2131 1623 2195 ἡ
1657 2127 1766 2194 ζωὴ

203 2227 380 2297 ὑμῶν,
413 2227 555 2281 τότε
607 2226 706 2279 καὶ
750 2223 918 2294 ὑμεῖς
964 2222 1456 2293 φανερωθήσεσθε
1498 2221 1568 2272 ἐν
1597 2218 1766 2287 δόξῃ,

206 2324 263 2377 El
319 2324 498 2376 τοίνυν
547 2322 734 2391 νεκροὶ
777 2323 842 2388 τῇ
909 2319 1058 2372 κάτω
1104 2315 1264 2385 φύσει
1311 2313 1634 2382 γεγόναμεν,
1689 2313 1768 2375 εἰς

205 2415 423 2484 οὐρανὸν
460 2413 574 2467 ἀπὸ
619 2412 723 2481 γῆς
759 2410 857 2480 τὴν
898 2408 1090 2462 ἐλπίδα
1111 2410 1210 2477 τῆς
1251 2405 1394 2474 ζωῆς
1433 2403 1770 2475 μετοικίσαν-

206 2523 319 2572 τες,
351 2506 445 2559 καὶ
495 2507 532 2574 ἡ
583 2502 671 2556 διὰ
719 2501 920 2572 σαρκὸς
972 2498 1084 2569 ζωὴ
1147 2496 1450 2565 κέκρυπται
1499 2496 1582 2560 ἐφ’
1620 2492 1774 2562 ήμῶν

209 2596 340 2650 κατὰ
359 2597 448 2650 τὸν
479 2591 819 2663 παροιμιώδη
841 2591 1017 2658 λόγον,
1041 2590 1099 2652 ὃς
1128 2604 1310 2658 φησιν,
1335 2589 1415 2640 ὅτι
1437 2584 1616 2653 Σοφοὶ
1645 2583 1774 2650 κρύ-

209 2701 456 2740 πτουσιν
511 2685 804 2751 αἴσθησιν
835 2680 849 2714 ⁵
883 2679 1238 2751 ἀναμένωμεν
1282 2678 1339 2730 δὲ
1393 2677 1492 2747 τὴν
1521 2672 1777 2744 ἀληθινήν

210 2781 263 2832 ἐν
296 2781 424 2849 ἡμῖν
457 2775 842 2846 φανερωθῆναι
883 2773 1048 2844 ζωὴν,
1097 2773 1220 2841 ἥτις
1269 2769 1414 2822 ἐστὶν
1450 2769 1478 2820 ὁ
1506 2763 1739 2836 Χριστός
1762 2779 1776 2793 ⁶

211 2870 339 2924 ὥστε
369 2871 464 2924 καὶ
482 2873 518 2940 ή
529 2869 638 2940 μᾶς
665 2865 1042 2937 φανερωθῆναι
1067 2865 1124 2917 ἐν
1147 2859 1292 2933 δόξῃ,
1319 2856 1780 2931 μεταποιηθέντας

213 2963 337 3033 πρὸς
371 2961 433 3015 τὸ
476 2959 782 3029 θειότερον·
817 2956 960 3010 οὕτω
1001 2955 1109 3007 τῶν
1141 2953 1422 3022 παρόντων
1451 2949 1776 3018 ἀκούσομεν,

1865 1862 2105 1933 quierite,
2157 1875 2258 1912 non
2307 1871 2424 1926 quae
2466 1869 2626 1920 supra
2661 1860 2890 1904 terram:
2925 1849 3036 1900 huic
3072 1847 3201 1901 dicit
3237 1847 3328 1914 qui
3385 1847 3438 1897 in

1867 1955 2035 2008 Paulo
2092 1951 2351 2019 loquitur.
2415 1945 2615 2000 Mor-tui
2645 1943 2782 1997 enim
2815 1942 2970 2003 estis,
3017 1938 3212 2006 inquit,
3243 1947 3291 1990 et
3336 1937 3440 1988 rita

1869 2054 2043 2098 uestra
2087 2040 2357 2094 absconsa'
2379 2047 2456 2090 est
2477 2051 2593 2090 cum
2650 2033 2864 2088 Christo
2925 2031 2979 2083 in
3025 2028 3154 2082 Deo.
3217 2026 3442 2092 Quando

1871 2135 2113 2192 Christus
2188 2130 2560 2199 manifestatus
2621 2126 2781 2194 fuerit
2864 2125 2968 2176 vita
3051 2115 3443 2180 eestra,‘tune

1871 2242 1959 2280 vos
2005 2239 2206 2294 quoque
2257 2218 2730 2289 manifestabimini
2785 2217 2838 2268 in
2889 2213 3062 2284 gloria
3099 2213 3166 2263 ⁷³.
3214 2209 3268 2262 Si
3315 2222 3444 2275 ergo

1875 2315 2119 2387 inferiori
2145 2321 2360 2366 natura:
2395 2309 2669 2366 evasimus
2707 2305 2930 2369 mortui,
2972 2319 3070 2373 spe
3107 2302 3230 2354 vitae
3263 2307 3444 2352 trans-

1875 2407 1981 2461 lata
2013 2407 2066 2458 in
2103 2405 2300 2458 cmlum
2358 2417 2386 2454 a
2420 2409 2584 2462 terra,
2616 2407 2669 2454 et
2718 2397 2764 2453 si
2802 2412 2922 2467 quae
2951 2409 3049 2464 per
3087 2405 3306 2464 carnem
3363 2396 3446 2442 est

1878 2503 2006 2563 vita,
2044 2497 2212 2552 estin
2255 2495 2412 2549 nobis
2473 2493 2762 2554 abseonsa,
2814 2492 3176 2556 congruenter
3213 2483 3262 2534 ei
3303 2477 3447 2549 quod

1877 2590 2077 2645 dicitur
2105 2589 2158 2642 in
2192 2584 2526 2646 Proverbiis,
2559 2582 2833 2650 Sapientes
2863 2576 3104 2632 celabunt
3137 2571 3448 2636 sensum";

1877 2685 2260 2746 exspectemus
2290 2683 2468 2727 autem
2502 2671 2616 2726 fore
2651 2678 2709 2724 ut
2738 2683 2866 2723 vera
2912 2666 3021 2720 vita
3057 2667 3110 2718 in
3151 2663 3309 2717 nobis
3336 2677 3452 2714 ma-

1881 2769 2323 2836 nifestetur,qua:
2351 2773 2432 2820 est
2461 2762 2748 2818 Christus:
2795 2759 2869 2812 ita
2901 2765 2958 2810 ut
2983 2765 3038 2810 et
3085 2770 3186 2808 nos
3218 2768 3318 2827 per
3339 2751 3453 2820 glo-

1883 2863 2015 2914 riam
2048 2858 2460 2913 manil‘estemur
2493 2851 2843 2908 transmutati
2875 2849 2940 2904 ad
2971 2848 3025 2902 id
3071 2847 3214 2915 quod
3258 2852 3342 2898 est
3371 2843 3453 2896 di-

1882 2952 2062 3006 vinius
2108 2950 2225 3006 :sic
2255 2945 2543 3018 praesentia
2577 2943 2885 3002 audiemus,
2936 2947 3196 3006 tanquam
3249 2931 3452 2990 mortui

214 3053 280 3116 ὡς
305 3025 669 3114 ἀποθανόντες
709 3049 788 3118 τῷ
845 3047 1090 3118 σώματι·
1123 3045 1259 3114 πρὸς
1296 3043 1353 3095 δὲ
1400 3041 1473 3110 μὴ
1527 3037 1765 3108 σαρκώδτ

1955 3039 2247 3112 rpore;ad
2311 3053 2420 3092 non
2449 3033 2723 3089 carnalem
2779 3041 2958 3084 autem
3015 3041 3232 3081 sensum
3264 3041 3328 3076 ea
3388 3025 3454 3076 iis

215 3145 436 3198 διάνοιαν
482 3145 552 3197 ὲκ
593 3137 701 3196 τῶν
731 3139 1038 3208 λεγομένων
1071 3127 1458 3204 διῖκσυρόμενοι.
1489 3131 1544 3182 Ὀ
1568 3128 1674 3198 γὰρ
1697 3144 1776 3183 νε-

217 3235 337 3305 κρὸς
373 3239 487 3300 τοῖς
527 3233 814 3304 παθήμασι
844 3231 935 3284 καὶ
963 3230 1085 3291 ταῖς
1113 3225 1450 3295 ἐπιθυμίαις,
1473 3221 1564 3274 ἐπὶ
1593 3220 1653 3272 τὸ
1682 3234 1782 3271 κα-

218 3325 367 3396 θαρὸν
407 3328 504 3380 καὶ
544 3326 817 3395 ἀκήρατον
843 3319 1083 3392 μετοίσει
1111 3317 1212 3380 τὰς
1237 3315 1346 3368 τῶν
1398 3311 1656 3384 ῥημάτων
1686 3311 1784 3378 sp:-

219 3417 417 3483 φάσεις,
453 3413 528 3470 τὰ
555 3415 670 3470 ἄνω
699 3411 934 3486 φρονῶν,
968 3403 1030 3464 οὗ
1059 3410 1088 3461 ὁ
1119 3409 1350 3479 Χριστός
1374 3408 1521 3458 ἐστιν
1550 3405 1607 3454 ὲν
1638 3400 1787 3470 δεξιᾷ

219 3508 305 3562 τοῦ
344 3507 558 3578 Πατρδς
611 3504 937 3576 καθήμενος,
984 3503 1042 3554 ἐν
1071 3493 1115 3566 ᾧ
1145 3498 1316 3560 πάθος
1359 3495 1460 3548 οὐκ
1507 3493 1644 3555 ἔστι,
1679 3490 1788 3543 τῶν

220 3600 480 3652 ταπεινῶν
510 3615 572 3651 τε
600 3596 696 3652 καὶ
720 3593 1073 3666 χαμαιζήλων
1104 3587 1390 3659 νοημάτων
1415 3583 1584 3654 λήθην
1609 3579 1790 3634 ποιού-

227 3706 390 3757 μενός.
439 3686 787 3756 Ἀκούσωμεν
825 3684 1007 3737 τοίνυν
1059 3680 1167 3734 τῶν
1218 3678 1375 3732 θείων
1411 3674 1693 3748 ῥημάτων,
1723 3671 1788 3724 δι’

224 3773 291 3832 ὧν
316 3779 624 3851 ὑπεγράφει
661 3780 690 3830 ό
715 3776 887 3844 Λόγος
912 3777 1011 3844 τῆς
1039 3772 1304 3842 ἀμιάντου
1332 3767 1549 3838 νύμφης
1577 3763 1636 3816 τὸ
1669 3761 1791 3816 κάλ.

224 3869 327 3935 λος.
378 3870 728 3940 ’Δκούσωμεν
763 3860 817 3921 δὲ
865 3867 940 3930 ὡς
988 3864 1094 3930 ἔξω
1119 3861 1402 3933 γεγονότες
1451 3857 1652 3928 σαρκὸς
1699 3854 1792 3908 καί

227 3961 475 4032 αἵματος,
511 3963 593 4024 εἰς
631 3959 689 4012 δὲ
721 3960 820 4029 τὴν
858 3955 1236 4026 πνευματικὴν
1279 3945 1792 4022 μεταστοιχειωθέν-

227 4068 311 4115 τες
337 4053 518 4122 φύσιν.
559 4051 619 4104 Tl
640 4049 1101 4116 ἐκαλλιώθησαν
1119 4043 1342 4115 μαστοι
1379 4057 1516 4102 σου,
1559 4037 1792 4106 ἀδελφή

228 4161 332 4209 μου
373 4144 580 4212 νύμφη
613 4157 630 4204 ;
667 4141 728 4193 Τί
769 4137 1226 4204 ἐκαλλιώθησαν
1268 4132 1490 4203 μαστοί
1523 4147 1638 4184 σου
1676 4128 1794 4181 ἀπὸ

229 4232 408 4296 οῖνου,
438 4232 538 4286 καὶ
571 4231 732 4299 ὀσμὴ
768 4229 974 4299 μύρων
1005 4241 1121 4280 σου
1145 4224 1297 4292 ὑπὲρ
1334 4223 1529 4275 πάντα
1559 4220 1630 4272 τὰ
1656 4215 1797 4286 ἀρώ-

231 4339 370 4390 ματα
399 4343 417 4389 ;

299 4506 544 4578 Ὀτι’μὲν
585 4499 677 4556 οὖν
706 4503 813 4564 πᾶς
853 4503 881 4554 ὁ
923 4501 1092 4553 ποιῶν
1121 4499 1180 4552 τὸ
1231 4496 1443 4564 θέλημα
1479 4491 1572 4546 τοῦ
1623 4490 1792 4554 Θεοῦ,

233 4595 446 4666 ἁδελφὸς
471 4593 637 4650 αὐτοῦ
667 4593 762 4646 καὶ
787 4591 987 4662 ἀδελφὴ
1016 4592 1108 4644 καὶ
1135 4592 1316 4660 μήτηρ
1347 4585 1492 4638 ἐστί·
1523 4585 1664 4654 καὶὴ
1699 4585 1798 4654 ἁρ-

239 4689 490 4758 μοσθεῖσα
523 4686 602 4757 τῷ
629 4686 819 4758 Κυρίῳ
853 4683 1121 4754 παρθένος
1148 4679 1306 4750 ἁγνὴ,
1343 4677 1477 4749 πρὸς
1514 4673 1802 4746 μετουσίαν

235 4777 328 4848 τῆς
356 4779 627 4851 ἀχράντου
650 4776 946 4839 παστάδος,
981 4775 1170 4844 νύμφη
1207 4770 1411 4841 κυρίως
1435 4763 1804 4836 κατονομάζε-

237 4883 338 4934 ται,
365 4869 531 4923 παντὶ
556 4867 718 4938 δῆλον
743 4865 808 4919 ἂν
847 4864 932 4935 εἴη
983 4863 1138 4916 τοῦτο
1179 4860 1258 4930 τῷ
1289 4861 1366 4930 μὴ
1393 4855 1675 4926 ἀγνοοῦντι
1707 4853 1806 4918 τὰς

239 4957 616 5022 θεοπνεύστους
656 4957 839 5026 φωνάς
862 4974 874 4986 ·
906 4954 1018 5024 ἐγὼ
1044 4954 1101 5006 δὲ
1149 4952 1256 5005 τῶν
1297 4950 1455 5004 θείων
1479 4947 1660 5019 ῥητῶν
1680 4946 1804 4999 τού-

239 5065 338 5103 των
359 5047 783 5122 διερευνώμενος
805 5048 904 5118 τὴν
934 5043 1269 5107 διάνοιαν,οὐ
1293 5041 1443 5112 ψιλὸν
1481 5040 1701 5093 ἔπαινον
1741 5040 1806 5091 ἐκ

240 5138 330 5210 τῆς
359 5138 618 5208 τοιαύτης
642 5137 888 5208 κλήσεως
928 5133 1038 5205 ὁρῶ
1079 5131 1486 5203 προσαγόμενον
1515 5129 1666 5199 παρὰ
1711 5129 1806 5182 τοῦ

241 5229 388 5299 λόγου
419 5233 488 5302 τῇ
517 5229 732 5300 νύμφῃ,
762 5227 897 5281 ἀλλὰ
927 5227 1025 5288 τὰς
1059 5225 1236 5286 αἰτίας
1266 5223 1366 5292 τῆς
1407 5225 1485 5285 εἰς
1516 5223 1578 5275 τὸ
1613 5222 1807 5284 κάλλος

243 5319 402 5392 αὐτῆς
433 5320 727 5380 ἐπιδόσεως
751 5317 1004 5382 διεξιέναι
1027 5315 1114 5368 τὸν
1150 5313 1379 5383 νυμφίον
1413 5313 1584 5382 φημί·
1615 5313 1690 5376 ὡς
1709 5311 1808 5364 οὐκ

245 5409 305 5465 ἄν
325 5413 491 5483 αὐτῆς
529 5409 922 5480 καλλιωθείσης
951 5411 1012 5461 ὲν
1043 5409 1161 5468 ταῖς
1199 5405 1307 5458 τῶν
1351 5404 1571 5472 ἀγαθῶν
1601 5409 1806 5476 πηγαῖς

245 5501 598 5577 διδαγμάτων,
628 5503 721 5567 οὒς
751 5503 953 5574 μαζοὺς
981 5500 1068 5554 διὰ
1101 5499 1198 5568 τῆς
1227 5499 1492 5570 τροπικῆς
1528 5499 1803 5568 σημασίας

311 5679 354 5714 ⁷³
387 5682 596 5739 Coloss.
646 5697 726 5743 ιιι,
789 5681 807 5735 l
855 5695 975 5748 sqq.
1055 5675 1098 5707 ⁷³
1138 5675 1290 5729 Prov.
1335 5692 1388 5744 χ,
1441 5676 1521 5729 ii.

1885 3150 2004 3206 qua:
2029 3134 2286 3189 dicuntur
2313 3127 2553 3183 attracti.
2591 3125 2696 3190 Qui
2723 3122 2868 3178 enim
2898 3127 2982 3176 est
3015 3126 3265 3173 mortuus
3287 3113 3454 3168 animi

1885 3223 2390 3299 perturbationibus
2429 3229 2484 3274 et
2531 3216 2838 3280 desideriis,
2874 3213 3165 3268 verborum
3219 3206 3456 3262 traducit

1886 3319 2313 3390 signiﬁcationes
2339 3315 2402 3368 ad
2438 3313 2488 3367 id
2516 3311 2662 3383 quod
2695 3319 2778 3364 est
2813 3321 3006 3378 purum
3037 3319 3102 3388 ac
3157 3301 3454 3362 sincerum,

1885 3417 1940 3465 et
1993 3406 2240 3462 interitui
2303 3402 2527 3457 minime
2581 3399 2910 3457 obnoxium,
2965 3383 3086 3463 quae
3119 3404 3283 3460 supra
3331 3395 3458 3440 sunt

1888 3508 2069 3554 mente
2107 3496 2340 3566 agitans,
2367 3493 2459 3545 ubi
2499 3501 2583 3545 est
2629 3489 2880 3542 Christus
2929 3483 3124 3538 sedens
3157 3481 3210 3532 in
3269 3477 3457 3531 dextra

1890 3585 1983 3640 Dei
2014 3583 2213 3646 Patris,
2243 3581 2297 3634 in
2337 3594 2448 3649 quo
2483 3578 2630 3631 nulla
2661 3583 2745 3629 est
2780 3572 2993 3626 aﬂ'ectio
3020 3569 3296 3635 animique
3337 3579 3459 3633 per-

1891 3676 2150 3741 turbatio,
2187 3671 2517 3728 oblivisccns
2559 3681 2747 3721 eorum
2798 3677 2918 3732 qua:
2949 3668 3076 3714 sunt
3106 3655 3332 3710 humilia
3407 3661 3461 3707 et
3491 3667 3500 3677 ·

1892 3763 2126 3833 ahjeela.
2157 3761 2459 3814 Audiamus
2496 3769 2627 3824 ergo
2661 3751 2824 3806 verba
2859 3747 3064 3810 divina,
3098 3760 3194 3816 per
3222 3757 3342 3812 qua!
3369 3741 3462 3794 de—

1894 3831 2085 3911 scribit
2111 3853 2392 3922 Scriptura
2435 3845 2794 3902 immaculata
2827 3840 3070 3922 Virginis
3102 3831 3464 3907 pulchritudi-

1893 3961 2040 4000 nem.
2069 3942 2370 3997 Audiamus
2412 3947 2613 3999 autem,
2662 3921 2842 4003 utqui
2895 3931 3006 4000 jam
3073 3941 3262 3984 sumus
3311 3932 3464 3978 extra

1894 4051 2114 4093 carnem
2143 4045 2197 4089 et
2225 4031 2567 4103 sanguinem,
2604 4028 2658 4082 in
2693 4023 3032 4096 spiritualem
3073 4027 3250 4074 autem
3287 4027 3467 4069 trans-

1896 4127 2087 4183 mutati
2119 4134 2392 4180 naturam.
2426 4118 2566 4186 Quid
2594 4117 2814 4188 pulchra
2845 4115 2992 4184 facta
3020 4119 3140 4166 sunt
3163 4108 3321 4162 ubera
3353 4115 3465 4169 tua,

1895 4238 2048 4278 soror
2071 4236 2182 4273 mea
2213 4217 2454 4286 sponsa?
2483 4212 2624 4280 Quid
2658 4210 2817 4264 ubera
2863 4217 2955 4260 tua
2991 4205 3137 4274 facta
3189 4210 3309 4253 sunt
3355 4213 3468 4264 spe—

1897 4315 2126 4370 ciosiora
2177 4312 2319 4376 vino,
2353 4318 2400 4362 et
2451 4305 2585 4360 odor
2612 4303 3030 4357 vestimentorum
3069 4305 3277 4346 tuorum
3309 4305 3471 4357 supra

1821 4399 1866 4453 D
1892 4403 2070 4459 omnia
2126 4407 2367 4452 aromata
2395 4399 2420 4450 ?

1969 4495 2148 4562 Atque
2203 4487 2348 4559 quod
2426 4483 2603 4538 omnis
2665 4479 2882 4550 quidem
2931 4474 3022 4544 qui
3085 4473 3212 4526 facit
3269 4469 3474 4530 ,wluno

1900 4592 2063 4638 tatem
2115 4578 2350 4640 Domini,
2397 4583 2480 4628 est
2535 4572 2655 4640 ejus
2718 4567 2884 4622 frater
2951 4573 3004 4618 et
3057 4577 3213 4618 soror
3271 4569 3323 4614 et
3361 4573 3473 4612 ina-

1903 4686 2022 4740 ter;
2080 4683 2136 4726 et
2174 4667 2318 4741 quod
2381 4681 2500 4736 qum
2545 4671 2630 4716 cst
2685 4661 3016 4728 desponsata
3065 4671 3129 4708 ac
3182 4651 3472 4720 conjuncta

1907 4738 2138 4821 Domino
2169 4738 2319 4818 c—asta
2350 4760 2524 4828 virgo,
2552 4755 2617 4809 ad
2667 4749 3006 4807 itmnaculati
3045 4743 3268 4799 thalami
3302 4738 3476 4812 'paiti-

1906 4855 2257 4927 cipationem,
2283 4827 2484 4920 sponsa
2525 4841 2744 4916 proprie
2789 4836 3123 4897 nominatur,
3156 4829 3331 4883 cuivis
3363 4827 3480 4881 fue-

1908 4916 1979 4998 rii
2023 4916 2370 5013 perspicuum
2413 4935 2506 5006 qui
2544 4949 2652 4988 non
2693 4929 2904 5000 ignorat
2941 4923 3252 4990 Seripturas
3303 4933 3333 4970 a
3365 4916 3478 4970 Dro

1909 5036 2244 5105 inspiratus:
2276 5045 2376 5100 ego
2402 5037 2582 5082 autem
2619 5027 2976 5094 perscrutans
3015 5027 3237 5068 sensum
3282 5009 3474 5062 horum

1907 5128 2218 5181 divinorum
2245 5123 2556 5184 verborum,
2595 5133 2702 5170 non
2759 5113 2916 5166 video
2972 5107 3142 5163 solum
3200 5117 3416 5172 sponsa:
3449 5117 3478 5152 ιι

1913 5219 2194 5288 Scriptura
2224 5214 2387 5270 tribui
2413 5209 2628 5264 laudem
2661 5222 2726 5260 ex
2769 5197 3042 5274 ejusmodi
3092 5192 3478 5264 appellatione,

1909 5311 2003 5367 sed
2032 5287 2156 5364 dico
2186 5320 2448 5378 sponsum
2477 5299 2734 5373 persequi
2760 5309 2976 5357 causas,
3001 5288 3146 5362 quod
3179 5287 3244 5340 ad
3275 5293 3478 5339 tantam

1906 5401 2136 5459 creverit
2167 5395 2625 5470 pulchritudinem
2651 5407 2666 5445 :
2700 5395 2885 5458 utpote
2913 5382 3052 5454 quod
3076 5381 3192 5450 ipsa
3225 5392 3329 5432 non
3354 5391 3480 5429 eva-

1911 5498 2073 5553 sisset
2127 5489 2353 5564 pulchra
2422 5486 2474 5540 in
2544 5481 2788 5538 fontibus
2823 5477 3092 5534 bonorum
3145 5470 3478 5540 dogmatum,
