3742 5986
284 255 391 314 955

1499 251 1557 307 3.
1589 248 1919 304 GREGORII
1954 247 2247 303 NYSSISNI

3449 237 3542 293 956

284 388 427 444 quos
457 375 707 428 nominat
736 375 901 428 ubera
934 387 1030 442 per
1065 371 1331 441 tropicam
1388 369 1854 441 significationem,

2052 365 2350 435 τονομάξει,
2383 364 2431 415 εἰ
2462 360 2537 432 μὴ
2569 361 2786 431 πρῶτον
2816 358 3049 429 ἀδελφὴν
3076 356 3276 428 ἑαυτὴν
3315 354 3408 410 τοῦ
3443 357 3540 407 Κυ-

288 466 397 522 nisi
430 466 546 535 ipsa
580 465 815 535 primum
854 463 1069 517 Domini
1116 478 1363 517 sororem
1423 478 1482 516 se
1538 460 1867 515 reddidisset

285 571 386 626 per
415 557 685 625 bonorum
718 570 945 625 operum
977 553 1342 615 etl‘ectionem,
1384 561 1437 606 et
1486 559 1746 606 renovata
1799 549 1867 603 ad

287 645 660 715 virginitatem
716 658 814 713 per
866 642 1163 697 secundam
1217 642 1663 712 generationem,
1725 640 1865 692 facta

288 745 435 793 esset
462 751 663 805 sponsa
694 736 814 804 ejus
869 736 962 805 qui
993 736 1165 805 ipsam
1223 735 1533 805 despondit.
1578 735 1678 811 Qui
1737 748 1867 804 ergo

290 843 409 882 eam
441 828 744 882 nominavit
775 843 1023 882 sororem
1053 835 1107 880 et
1135 841 1391 896 sponsam
1428 841 1602 890 suam,
1641 840 1862 879 causam

289 917 422 972 dicit
447 918 566 986 ejus
597 918 826 972 uberum
854 917 1175 972 mutationis
1206 919 1271 971 ad
1308 917 1362 970 id
1388 918 1531 988 quod
1556 925 1640 971 est
1670 917 1865 977 melius

289 1017 344 1064 ct
386 1010 704 1079 perfectius,
746 1026 810 1064 ex
847 1010 1048 1079 quibus
1102 1010 1187 1062 lac
1249 1024 1356 1063 non
1413 1008 1646 1077 amplius
1681 1014 1864 1060 manat

289 1101 685 1156 nutrimentum
721 1099 1034 1168 infantium,
1065 1101 1158 1155 sed
1191 1101 1375 1155 vinum
1417 1098 1534 1152 ﬂuit
1555 1098 1864 1153 immortale

289 1193 355 1248 ad
378 1192 631 1267 laetitiam
684 1190 1096 1261 perfectiorum,
1131 1192 1290 1261 cujus
1334 1192 1564 1261 gratiam
1606 1205 1712 1243 non
1747 1204 1867 1243 cor-

287 1281 434 1351 rupit
463 1296 603 1350 aqua
633 1289 1086 1348 cauponatorum.
1110 1280 1369 1334 Servatur
1398 1287 1579 1333 autem
1601 1279 1864 1347 quodam-

285 1371 448 1427 modo
512 1372 566 1426 in
628 1372 695 1427 iis
738 1387 858 1442 quaa
909 1371 1188 1434 dicuntur,
1228 1378 1486 1439 tanquam
1547 1370 1601 1423 in
1634 1369 1864 1439 nuptiali

286 1463 497 1530 laetitia,
534 1465 780 1534 quaedam
818 1464 1105 1519 charitatis
1138 1462 1467 1531 benignitas,
1508 1460 1576 1513 ab
1620 1460 1867 1528 utrisque

287 1556 391 1611 sibi
443 1556 680 1610 invicem
724 1557 1046 1610 amatoriam
1096 1553 1455 1625 largientibus
1499 1551 1861 1606 affectionem.

290 1646 574 1703 Similibus
612 1648 757 1702 enim
797 1647 1029 1702 vocibus
1075 1646 1321 1699 vicissim
1385 1658 1622 1714 sponsus
1662 1644 1863 1713 excipit

1973 460 2087 528 ρίου
2123 458 2212 509 διὰ
2236 455 2342 508 τῶν
2390 452 2611 522 ἀγαθῶν
2644 454 2821 524 ἔργων
2874 452 3093 522 ἐποίησε
3117 491 3131 515 ,
3160 450 3256 503 καὶ
3294 451 3376 512 είς
3409 465 3540 520 παρ-

1968 547 2147 599 θενίαν
2165 545 2251 598 διά
2273 545 2373 615 τῆς
2395 543 2598 599 ἀνωθεν
2611 544 2912 613 γεννήσεως
2929 539 3395 604 ἀνακαινισθεῖσα,
3417 555 3541 609 μνη-

1970 636 2068 705 στὴ
2098 635 2190 687 καὶ
2220 632 2408 703 νύμφη
2450 632 2544 685 τοῦ
2584 630 2970 700 ἁρμοσαμένου
3000 623 3236 697 ἐγένετο.
3278 629 3338 681 '0
3372 627 3541 680 τοίνυν

1967 722 2201 793 ἀδελφὴν
2226 720 2420 776 ἑαυτοῦ
2448 722 2541 774 καὶ
2570 719 2787 789 νύμφην
2825 717 2993 789 αὐτὴν
3022 718 3423 789 κατονομάσας,
3454 714 3542 787 τὴν

1967 815 2145 867 αἰτίαν
2176 815 2324 883 λέγει
2352 815 2448 884 τῆς
2475 813 2612 883 πρὸς
2632 813 2693 865 τὸ
2723 812 2968 883 κρεῖττόν
3000 828 3057 864 τε
3088 812 3186 864 καὶ
3211 810 3543 879 τελειότερον

1965 904 2075 957 τῶν
2097 904 2283 975 μαζῶν
2307 903 2479 973 αὐτῆς
2499 901 2855 968 ἀλλοιώσεως,
2873 901 2922 956 οἳ
2947 903 3130 956 οὐκέτι
3156 902 3297 971 γάλα
3323 901 3542 971 βρύουσι

1966 992 2062 1063 τὴν
2098 991 2206 1045 τῶν
2253 992 2460 1061 νηπίων
2493 990 2727 1061 τροφὴν,
2761 990 2896 1044 ἀλλά
2933 991 3041 1044 τὸν·
3080 992 3358 1061 ἀκήρατον
3406 986 3542 1043 οἶνον

1966 1084 2060 1136 ἐπὶ
2092 1082 2398 1154 εὐφροσύνῃ
2425 1082 2534 1135 τῶν
2580 1081 2929 1152 τελειοτέρων
2963 1081 3323 1151 πγάζουσιν,
3356 1075 3418 1135 οὗ
3449 1084 3540 1152 τὴν

1966 1176 2126 1246 χάριν
2151 1176 2214 1229 τὸ
2252 1177 2360 1229 τῶν
2394 1178 2655 1247 καπήλων
2695 1176 2838 1247 ὕδωρ
2878 1176 2978 1229 οὐκ
3012 1176 3338 1246 ἐλυμήνατο.
3372 1174 3541 1240 Σώζε-

1964 1286 2054 1321 ται
2083 1269 2138 1321 δέ
2177 1286 2291 1332 πως
2320 1271 2376 1321 ἐν
2409 1272 2520 1332 τοῖς
2569 1270 2881 1341 λεγομένοις
2919 1269 2995 1332 ὡς
3037 1269 3093 1322 ἐν
3126 1272 3333 1339 γαμικῇ
3372 1268 3541 1339 Θυμη-

1965 1358 2084 1429 δίᾳ,
2120 1361 2153 1429 ἡ
2210 1361 2527 1433 ἀγαπητικὴ
2567 1361 2956 1432 φιλοφροσύνη,
3000 1360 3067 1413 δι’
3124 1361 3363 1430 ἀμοιϐῆς
3412 1361 3540 1431 παρ’

1918 1484 1938 1495 ι
1966 1451 2291 1520 ἀμφοτέρων
2320 1453 2571 1523 ἀλλήλοις
2612 1454 2710 1524 τὴν
2743 1452 3008 1525 ἐρωτικὴν
3039 1453 3539 1524 ἀντιχαριζομένων

1965 1541 2222 1596 διάθεσιν.
2256 1544 2385 1607 Ταῖς
2435 1544 2543 1614 γὰρ
2588 1544 2802 1613 ὁμοίαις
2850 1548 3054 1612 φωναῖς
3085 1543 3475 1608 ἀντιδεξιοίὴαι
3511 1548 3537 1597 ὀ

1966 1633 2196 1702 νυμφίος
2236 1635 2334 1703 τὴν
2388 1635 2733 1704 Ἐκκλησίαν,
2765 1630 2845 1698 οἷς
2874 1636 3057 1707 ἐκείνη
3098 1635 3446 1706 προλαϐοῦσα
3482 1636 3537 1688 τδ

287 1739 629 1804 Ecclesiam,
686 1740 890 1810 quibus
947 1739 1037 1792 illa
1070 1745 1229 1790 antea
1280 1736 1427 1790 illius
1481 1736 1534 1789 in
1580 1735 1854 1805 prooemiis

2052 1725 2172 1778 μίνου
2203 1725 2397 1789 κάλλος
2418 1727 2476 1778 ἐν
2504 1729 2617 1789 τοῖς
2659 1727 2965 1799 προοιμίοις
2996 1728 3323 1797 ἀνύμνησεν.
3366 1726 3539 1789 Εὐθὺς

285 1830 526 1883 laudavit
566 1831 1050 1899 pulchritudinem.
1108 1828 1303 1882 Statim
1358 1827 1529 1881 enim‘
1562 1828 1615 1880 in
1672 1828 1862 1898 primis

284 1924 533 1989 vocibus,
568 1926 788 1995 quando
825 1924 1064 1978 Verbum
1095 1922 1239 1991 quod
1277 1920 1521 1989 procedit
1555 1936 1619 1973 ex
1654 1934 1748 1972 ore
1775 1917 1859 1972 di-

285 2017 432 2082 vino,
467 2016 796 2072 desideravit
833 2033 957 2071 esse
990 2016 1042 2068 in
1074 2029 1169 2069 ore
1192 2013 1354 2082 ejus;
1410 2013 1511 2066 hoc
1545 2011 1862 2081 signiﬁcans

283 2124 380 2177 per
416 2109 647 2179 aenigma
674 2110 870 2172 osculi,
903 2108 1041 2162 dixit
1078 2121 1302 2161 causam
1370 2105 1536 2174 hujus
1568 2104 1859 2168 desiderii,

284 2214 479 2268 nempe
518 2198 661 2268 quod
719 2198 861 2253 bona
918 2198 1037 2269 ejus
1107 2197 1218 2251 sint
1248 2195 1366 2265 ipsa
1403 2195 1592 2259 ubera,
1652 2193 1861 2248 liberali

282 2289 404 2357 ejus
441 2289 881 2358 suppeditatione
917 2289 1191 2343 vincentia
1217 2287 1330 2341 vini
1361 2292 1637 2350 naturam,
1683 2291 1737 2339 et
1767 2299 1861 2339 su-

283 2381 533 2448 perantia
574 2394 789 2433 omnem
824 2379 1029 2433 bonum
1078 2377 1305 2432 odorem
1353 2383 1757 2445 unguentorum
1811 2386 1864 2428 et

287 2479 616 2535 aromatum,
648 2471 762 2525 haec
786 2471 874 2531 bis
910 2469 1095 2525 verbis
1117 2470 1341 2524 dicens:
1370 2467 1521 2521 Bona
1550 2477 1670 2521 sunt
1703 2467 1863 2520 ubera

289 2573 381 2615 tua
412 2552 568 2630 super
596 2562 794 2625 vinum,
822 2571 871 2614 et
891 2562 1022 2614 odor
1051 2568 1437 2631 unguentorum
1470 2568 1679 2610 tuorum
1702 2572 1863 2627 supra

288 2652 466 2706 omnia
491 2661 752 2705 aromata.
777 2650 1048 2718 Quoniam
1085 2664 1215 2721 ergo
1238 2652 1294 2703 in
1329 2650 1451 2704 aliis
1479 2649 1736 2703 omnibus
1761 2649 1861 2702 hoc

286 2741 483 2813 dogma
517 2743 784 2797 discimus
820 2758 849 2796 a
891 2742 1075 2797 divina
1135 2741 1499 2811 plrilos0phia,
1552 2740 1698 2810 quod
1738 2740 1862 2794 talis

284 2833 343 2888 ﬁt
374 2836 531 2890 nobis
561 2833 729 2899 Deus,
777 2835 965 2903 quales
998 2848 1098 2888 nos
1149 2832 1257 2887 Deo
1313 2832 1717 2887 ostenderimus
1766 2846 1863 2899 per

283 2925 509 2981 liberam
540 2926 750 2979 arbitrii
787 2925 959 2979 nostri
984 2924 1341 2990 electionem;
1379 2939 1500 2977 eum
1525 2923 1669 2976 enim
1702 2923 1860 2976 bonis

1965 1815 2072 1886 γὰρ
2096 1818 2152 1868 ἐν
2201 1819 2319 1880 ταῖς
2368 1816 2613 1888 πρώταις
2644 1822 2867 1886 φωναῖς,
2900 1820 2988 1871 ὅτε
3016 1821 3106 1871 τὸν
3137 1818 3245 1872 ἀπὸ
3273 1818 3370 1871 τοῦ
3394 1819 3537 1871 θείου

1966 1909 2233 1980 στόματος
2275 1911 2446 1978 Λόγον
2475 1910 2553 1981 τῷ
2585 1913 2813 1982 στόματι
2861 1912 3032 1982 αὐτῆς
3067 1911 3385 1980 ἐγγενέσθαι
3413 1912 3539 1963 ἐπό-

1964 1999 2097 2070 θησε
2116 2019 2130 2030 ο
2149 1999 2227 2069 τῷ
2249 2000 2342 2052 τοῦ
2367 2000 2665 2070 φιλήματος
2691 2001 2972 2070 αἰνίγματι
3001 1999 3157 2053 τοῦτο
3177 2000 3335 2068 διαση
3346 2000 3540 2068 μάνας,

1963 2091 2060 2161 τὴν
2079 2092 2256 2145 αἰτίαν
2280 2092 2380 2161 τῆς
2411 2090 2705 2161 ἐπιθυμίας
2727 2087 2870 2143 εἷπε.
2902 2091 2974 2142 Τὸ
3009 2090 3247 2158 ἀγαθοὺς
3275 2086 3415 2143 εἶναι
3444 2089 3541 2141 αύ-

1962 2183 2057 2236 τοῦ
2082 2185 2209 2246 τοὺς
2247 2186 2505 2253 μαστοὺς,
2524 2184 2790 2247 νικῶντας
2821 2185 2886 2252 τῇ
2920 2182 3049 2253 παρ’
3073 2182 3282 2235 ἑαυτῶν
3309 2186 3541 2253 χορηγίᾳ

1962 2274 2061 2346 τὴν
2115 2273 2207 2327 τοῦ
2260 2275 2403 2327 οἴνου
2439 2274 2631 2342 φύσιν,
2666 2275 2761 2327 καὶ
2804 2273 3099 2346 παριόντας
3131 2275 3311 2326 πᾶσαν
3354 2274 3541 2343 μύρων

1962 2382 2021 2417 τε
2055 2365 2148 2417 καὶ
2186 2364 2493 2435 ἀρωμάτων
2533 2363 2782 2426 εὐωδίαν,
2806 2363 2977 2427 οὕτως
3001 2363 3231 2416 εἰποῦσα
3262 2363 3340 2434 τῷ
3370 2363 3547 2433 λόγῳο

1964 2457 2044 2509 ὅτι
2091 2455 2311 2523 Ἀγαθοὶ
2333 2455 2555 2523 μαστοι
2582 2471 2697 2507 σου
2718 2453 2869 2520 ὑπὲρ
2898 2451 3085 2519 οἶνον,
3110 2454 3208 2507 καὶ
3238 2454 3400 2523 ὀσμὴ
3433 2456 3541 2522 μύο

1957 2561 2082 2612 ρων
2106 2558 2221 2597 σου
2248 2543 2399 2612 ὑπὲρ
2436 2544 2632 2597 πάντα
2658 2549 2731 2598 τὰ
2776 2546 3074 2616 ἀρώματα.
3113 2545 3331 2617 Ἐπειδὴ
3365 2547 3545 2599 τοίνυν

1965 2635 2059 2688 καὶ
2091 2636 2149 2689 ἐν
2180 2637 2290 2696 τοῖς
2323 2634 2501 2698 ἄλλοις
2543 2637 2675 2688 πᾶσι
2704 2634 2863 2690 τοῦτο
2895 2637 3044 2706 παρὰ
3072 2637 3173 2707 τῆς
3215 2636 3366 2700 θείας
3398 2638 3546 2707 φιλο-

1966 2725 2155 2791 σοφίας
2186 2725 2245 2776 τὸ
2273 2724 2447 2794 δόγμα
2476 2723 2836 2794 μανθάνομεν,
2869 2725 2951 2777 ὃτι
2992 2726 3230 2779 τοιοῦτον
3274 2727 3362 2780 ἀεὶ
3394 2728 3540 2796 γίνε-

1963 2833 2053 2869 ται
2078 2814 2136 2869 τὸ
2160 2813 2311 2867 Θεῖον
2337 2817 2488 2885 ἡμῖν,
2523 2816 2666 2878 οἴους
2691 2816 2756 2870 ἂν
2779 2818 3003 2880 ἑαυτοὺς
3034 2817 3111 2888 τῷ
3135 2818 3255 2889 Θεῷ
3286 2820 3380 2872 διὰ
3414 2837 3539 2891 προ-

1966 2927 2019 2962 αι
2029 2910 2231 2980 ρέσεως
2260 2908 2541 2978 δείξωμεν.
2576 2908 2803 2975 Ἀγαθὸν
2832 2911 2928 2980 μὲν
2951 2910 3058 2982 γὰρ
3087 2912 3248 2967 αὑτὸν
3276 2908 3416 2966 εἶναι
3436 2916 3543 2976 τοῖς

282 3032 405 3072 csse
436 3017 641 3071 bonum
687 3024 920 3070 testatur
967 3015 1139 3070 David
1176 3016 1229 3069 in
1283 3031 1381 3070 sua
1421 3014 1749 3084 prophetia:
1782 3016 1854 3067 eis

2052 3001 2187 3062 πιθοῖς
2228 3001 2257 3051 ὁ
2294 2998 2453 3051 Δαὸῖδ
2486 3001 2541 3051 ἐν
2586 3002 2649 3070 τῇ
2698 3002 3002 3073 προφητείᾳ
3037 3003 3406 3074 μαρτύρεται·
3437 3010 3546 3073 τοῖς

282 3114 466 3162 autem
500 3108 592 3176 qui
647 3109 757 3161 vita
793 3114 923 3161 sunt
974 3104 1207 3172 ell'erati,
1247 3107 1389 3161 alius
1452 3121 1515 3160 ex
1581 3104 1860 3175 prophetis

286 3213 471 3253 ursum
499 3199 632 3253 dicit
659 3207 712 3253 et
752 3199 1002 3268 pardum,
1042 3214 1138 3267 per
1183 3198 1470 3267 aenigmata
1520 3187 1692 3251 multo
1736 3204 1861 3251 ante

282 3290 571 3361 proferens
602 3291 916 3359 evangelica
944 3290 1296 3357 documenta,
1328 3289 1381 3341 in
1419 3288 1621 3356 quibus
1652 3288 1794 3342 alius
1830 3304 1860 3341 a

281 3381 491 3436 dextris
516 3383 779 3443 cernitur,
821 3381 963 3436 alius
996 3396 1024 3435 a
1067 3380 1310 3435 sinistris
1346 3379 1633 3433 character
1665 3379 1860 3434 verbo-

281 3489 405 3529 rum
442 3474 628 3542 regis:
661 3474 785 3532 aliis
807 3474 1025 3544 quidem
1062 3475 1240 3528 bonus
1272 3481 1327 3526 et
1354 3472 1559 3537 suavis,
1584 3471 1704 3527 aliis
1730 3486 1860 3527 vero

283 3567 545 3623 terribilis
579 3574 632 3621 et
688 3568 974 3632 insuavis,
1028 3568 1273 3637 seipsum
1331 3576 1702 3637 congruenter
1765 3563 1860 3617 ad-

284 3669 481 3729 aplans
522 3659 678 3714 liberi
713 3660 924 3715 arbitrii
964 3659 1217 3714 electioni
1263 3673 1453 3713 eorum
1486 3657 1579 3727 qui
1605 3656 1861 3725 judican-

283 3758 391 3801 tur.
418 3746 489 3800 Ea
519 3748 585 3802 de
614 3764 779 3803 causa
812 3764 960 3803 nunc
992 3764 1212 3819 quoque
1246 3763 1276 3801 a
1308 3747 1588 3815 Scriptura
1645 3759 1862 3814 sponsa:

283 3853 384 3906 par
421 3836 674 3902 refertur,
703 3839 793 3892 ubi
826 3837 1039 3892 Domini
1088 3836 1388 3890 celebravit
1431 3834 1689 3889 laudibus
1724 3836 1858 3904 pul-

282 3929 677 3992 chritudinem,
720 3945 843 3981 cum
874 3929 980 3997 ipsi
1011 3930 1064 3982 in
1096 3926 1365 3982 similibus
1396 3924 1660 3981 Dominus
1696 3926 1862 3982 vicis-

283 4017 385 4072 sim
422 4017 635 4071 laudem
670 4016 1008 4085 rependerit.
1050 4015 1183 4069 Nam
1217 4015 1334 4084 ipse
1360 4030 1577 4084 quoque
1608 4014 1728 4083 ejus
1761 4013 1859 4089 ad»—

280 4110 449 4166 mittit
499 4123 819 4171 mammam,
870 4122 1065 4177 nempe
1094 4121 1235 4170 eam,
1291 4122 1413 4177 quae
1455 4122 1549 4177 per
1583 4106 1861 4176 Operatio.

279 4217 406 4257 nem
475 4200 543 4255 ad
598 4201 794 4256 melius
832 4199 973 4255 facta
1024 4208 1127 4262 est,
1178 4200 1557 4262 mutationem,
1600 4198 1857 4268 quoniam

281 4303 570 4351 cessantes
596 4296 735 4350 lacte
761 4295 996 4358 nutrire,
1021 4296 1205 4347 vinum
1268 4299 1322 4346 et
1350 4307 1470 4357 non,
1509 4292 1594 4345 lac
1631 4287 1856 4360 profun-

1965 3091 2020 3143 δὲ
2055 3089 2365 3160 θηριωθεῖσι
2402 3089 2490 3142 διὰ
2521 3089 2614 3142 τοῦ
2668 3090 2810 3159 βίου,
2852 3093 3039 3163 ἕτερός
3080 3111 3164 3156 τις
3201 3094 3309 3147 τῶν
3344 3112 3546 3165 προφη-

1962 3179 2069 3231 τῶν
2097 3179 2294 3250 ἄρκτον
2324 3180 2487 3232 αὐτὸν
2515 3179 2662 3247 λέγει
2685 3183 2779 3234 καὶ
2812 3183 3096 3254 πάρδαλιν,
3119 3184 3187 3237 δι’
3207 3186 3546 3253 αίνιγμάτων

1961 3271 2028 3325 τὰ
2055 3272 2385 3340 εὐαγγελικά
2435 3274 2886 3345 προεκτιθέμενος
2912 3276 3177 3345 δόγματα,
3192 3279 3248 3329 ἐν
3278 3272 3360 3340 οἷς
3388 3276 3545 3340 ἄλλος

1961 3365 2073 3426 τοῖς
2111 3363 2326 3429 δεξιοῖς,
2374 3365 2467 3417 καὶ
2499 3364 2687 3436 ἕτερος
2715 3369 2824 3429 τοῖς
2856 3367 3157 3436 εὐωνύμοις
3180 3369 3207 3419 ὁ
3229 3368 3340 3421 τῶν
3371 3368 3542 3435 λόγων

1962 3455 2054 3508 τοῦ
2094 3454 2357 3524 βασιλέως
2394 3458 2680 3529 χαρακτὴρ
2709 3457 3010 3530 καθορᾶται
3030 3476 3044 3491 ·
3063 3463 3175 3524 τοῖς
3214 3460 3313 3531 μέν
3341 3461 3546 3528 ἀγαθός

1961 3564 2021 3600 τε
2042 3549 2135 3601 καὶ
2169 3549 2556 3619 μείλιχος,τοῖς
2582 3550 2639 3602 δὲ
2662 3551 2892 3622 φοϐερὸς
2925 3552 3016 3605 καὶ
3046 3552 3360 3623 ἀμείλικτος
3377 3592 3392 3616 ,
3419 3570 3546 3606 κατ-

1961 3637 2209 3709 αλλὴλως
2273 3643 2338 3711 τῇ
2399 3641 2718 3711 προαιρέσει
2775 3642 2885 3695 τῶν
2951 3645 3287 3714 κρινομένων
3352 3645 3545 3698 ἑαυτὸν

1965 3729 2350 3811 μεθαρμόξων.
2401 3732 2604 3788 Τούτου
2635 3737 2793 3811 χάριν
2843 3737 2937 3790 καὶ
2979 3736 3076 3791 νῦν
3117 3739 3429 3810 πρόσφορος
3476 3741 3543 3809 τῇ

1962 3823 2148 3895 νύμφῃ
2190 3808 2341 3894 παρὰ
2383 3824 2476 3877 τοῦ
2519 3808 2677 3895 λόγου
2730 3829 2762 3898 ἡ
2796 3829 3063 3893 ἀντίδοσις
3099 3808 3344 3897 γίνεται,
3376 3834 3435 3882 ἐν
3465 3808 3543 3895 οἷς

1963 3914 2172 3985 ὕμνησε
2202 3915 2296 3968 τοῦ
2330 3917 2598 3971 Δεσπότου
2628 3918 2688 3972 τὸ
2709 3919 2926 3986 κάλλος,
2952 3922 3010 3975 ἐν
3035 3924 3149 3985 τοῖς
3167 3923 3375 3993 ὁμοίοις
3407 3924 3542 3994 αὐτῇ

1961 4011 2056 4064 τοῦ
2082 4013 2287 4083 Κυρίου
2322 4014 2814 4087 ἀντιχαρισαμένου
2846 4018 2934 4071 τὸν
2966 4017 3208 4071 ἔπαινον.
3256 4019 3545 4087 Ἀποδέχε-

1960 4120 2052 4156 ται
2078 4103 2187 4175 γάρ
2243 4105 2338 4158 καὶ
2383 4106 2541 4171 αὐτὸς
2583 4107 2688 4160 τῶν
2742 4108 2928 4177 μαζῶν
2975 4110 3145 4179 αὐτῆς
3180 4110 3280 4180 τὴν
3325 4109 3413 4162 διά
3449 4111 3547 4179 τῆς

1962 4196 2244 4266 ἐνεργείας
2281 4182 2420 4271 πρδς
2446 4199 2508 4251 τὸ
2545 4202 2790 4269 κρεῖττον
2828 4202 3199 4271 γεγενημένην
3238 4201 3545 4263 ἀλλοίωσιν,

1962 4288 2044 4341 ὅτι
2085 4289 2178 4341 τοῦ
2229 4289 2656 4361 γαλακτοφορεῖν
2682 4293 3059 4362 παυσάμενοι,
3091 4288 3234 4346 οἶνον
3272 4293 3369 4346 καὶ
3427 4294 3549 4363 οὐχὶ

282 4387 443 4453 dunt,
477 4387 636 4456 cujus
673 4402 839 4456 opera
884 4385 1306 4456 perfectioribus
1360 4382 1623 4438 cordibus
1680 4382 1854 4434 oritur

2052 4387 2103 4431 tat
2153 4380 2483 4450 προχέουσι,
2518 4380 2582 4434 δι’
2622 4373 2682 4433 οὗ
2716 4384 2836 4445 ταῖς
2881 4382 3247 4453 τελειοτέραις
3294 4382 3548 4446 καρδίαις

281 4478 490 4541 laetitia,
531 4494 652 4546 quae
695 4478 1000 4546 juventutis
1033 4491 1141 4530 non
1189 4474 1425 4545 amplius
1474 4480 1709 4544 aguntur
1750 4472 1855 4526 llu-

283 4566 600 4631 ctibns,scd
637 4577 865 4637 possunt
903 4583 1000 4622 ore
1043 4566 1254 4638 impleri
1284 4581 1349 4621 ex
1384 4576 1596 4619 cratere
1639 4564 1858 4635 sapien-

281 4660 474 4723 tize,.ct
502 4659 641 4712 bona
677 4658 969 4713 attrahere.

350 4835 645 4907 Postquam
708 4837 873 4907 igitur
929 4834 1173 4890 laudavit
1227 4834 1396 4889 ubera
1481 4843 1705 4904 propter
1742 4834 1857 4888 vini

281 4928 698 4992 abundantiam,
752 4929 901 4982 addit
944 4929 1110 4981 etiam
1172 4927 1388 4981 laudem
1439 4927 1568 4982 boni
1620 4926 1806 4980 odoris
1839 4966 1853 4989 ,

281 5020 503 5075 dicens:
541 5020 606 5073 Et
632 5020 763 5073 odor
802 5021 1230 5074 restimeutorum
1264 5027 1474 5071 tuorum
1497 5033 1655 5087 super
1679 5018 1858 5071 omm'a

281 5112 548 5167 aromata.
599 5111 826 5183 Oportet
883 5122 1064 5167 autem
1107 5112 1250 5165 hanc
1304 5112 1513 5166 laudem
1556 5112 1858 5181 intelligere

280 5214 398 5265 eos,
443 5204 534 5272 qui
574 5203 867 5258 didicerint
929 5220 997 5259 ex
1050 5186 1209 5259 saera
1252 5201 1538 5272 Scriptura
1598 5212 1851 5256 naturam

281 5306 473 5346 eorum
518 5310 638 5363 qua:
687 5294 1043 5348 nominantur
1091 5299 1357 5347 aromata.
1412 5291 1653 5358 Quodvis
1719 5291 1857 5344 bene

282 5381 502 5452 spirans
531 5399 716 5438 aroma
749 5385 807 5439 fit
844 5387 1093 5456 voluptas
1125 5402 1321 5442 sensus
1357 5386 1645 5440 odoratus.
1688 5381 1850 5437 Intel-

282 5473 513 5542 ligamus
534 5490 663 5543 ergo
698 5476 790 5528 illa
843 5476 947 5531 dici
1024 5487 1289 5539 aromata,
1312 5493 1434 5544 quae
1470 5478 1609 5530 bene
1640 5475 1851 5545 spirare
1882 5540 1891 5553 ⁸

284 5562 639 5617 dilicimusa
694 5563 975 5633 Scriptura
1037 5581 1213 5620 sacra.
1271 5565 1339 5620 Ut
1395 5564 1507 5620 Noe
1537 5567 1696 5620 ollert
1743 5563 1848 5618 Dco

299 5648 641 5710 sacrificium.
677 5659 731 5703 et
767 5652 1024 5705 odoratus
1062 5663 1141 5706 est
1203 5653 1341 5707 Deus
1402 5654 1622 5709 odorem
1676 5654 1851 5707 suavi-

1963 4473 1997 4542 ἡ
2027 4471 2329 4544 εὐφροσύνη
2381 4472 2610 4541 γίνεται,
2654 4473 2759 4526 τῶν
2808 4475 3000 4544 μηκέτι
3053 4474 3157 4528 ὑπὸ
3219 4474 3548 4543 νηπιότητος

1966 4564 2462 4635 κλυδωνιζομένων,
2497 4564 2609 4618 ἀλλ’
2644 4567 2709 4619 ἐκ
2750 4564 2846 4619 τοῦ
2892 4565 3167 4637 κρατῆρος
3208 4564 3309 4633 τῆς
3353 4567 3549 4634 σοφίας

1967 4655 2320 4727 ἐμφορεῖσθαι
2371 4656 2682 4728 δυναμένων
2721 4658 2799 4728 τῷ
2842 4657 3068 4729 στόματι
3112 4657 3204 4711 καὶ
3246 4656 3316 4710 τά
3368 4657 3549 4725 ἀγαθά

1967 4747 2304 4816 ἐφέλκεσθαι.

2052 4840 2374 4902 Ἐπαινέσας
2406 4840 2585 4892 τοίνυν
2631 4841 2757 4902 τοὺς
2802 4837 3008 4910 μαζοὺς
3031 4839 3116 4892 διὰ
3153 4840 3251 4910 τὴν
3275 4840 3371 4893 τοῦ
3399 4840 3543 4895 οἴνου

1964 4928 2155 5000 φορὰν,
2182 4927 2504 4998 προστίθησι
2534 4929 2629 4979 καὶ
2657 4928 2757 4998 τῆς
2799 4928 3055 4998 εύοδμίας
3075 4927 3167 4980 τὸν
3197 4927 3438 4991 ἔπαινον,
3469 4932 3545 4983 εί-

1964 5018 2109 5071 πώνο
2132 5017 2214 5069 ὅτι
2249 5015 2357 5069 Kal
2388 5016 2548 5084 ὀσμὴ
2574 5013 2692 5067 τῶν
2716 5017 2961 5084 ἱματίων
2987 5032 3105 5069 σου
3169 5014 3322 5082 ὑπὲρ
3348 5015 3544 5069 πάντα

1962 5109 2033 5161 τὰ
2071 5105 2365 5175 ἀρώματα.
2398 5106 2605 5177 Νοῆσαι
2643 5106 2700 5158 δὲ
2745 5106 2851 5177 χρὴ
2899 5105 2990 5158 τὸν
3020 5104 3259 5158 τοιοῦτον
3300 5105 3542 5165 ἔπαινον.

1963 5201 2028 5252 ἐκ
2069 5200 2167 5268 τῆς
2212 5196 2370 5266 ἁγίας
2403 5198 2624 5269 Γραφῆς
2653 5196 2758 5251 τῶν
2781 5196 3188 5265 ὀνομασθέντων
3233 5197 3546 5267 ἀρωμάτων

1965 5290 2310 5362 διδαχθέντας
2354 5291 2451 5361 τὴν
2494 5289 2672 5359 φύσιν.
2726 5291 2844 5342 Πᾶν
2874 5290 2936 5343 τὸ
2957 5287 3187 5342 εὔπνουν
3216 5289 3418 5360 ἀρωμα
3452 5289 3549 5359 τῆς

1966 5382 2331 5453 ὀσφραντικῆς
2363 5381 2666 5452 αἰσθήσεως
2688 5379 2848 5451 ἡδονὴ
2874 5380 3080 5448 γίνεται
3120 5379 3330 5432 Οὐκοῦν
3363 5381 3546 5432 ἐκεῖνα

1967 5473 2144 5542 λέγειν
2189 5472 2457 5543 ἀρώματα
2492 5473 2583 5524 τὸν
2621 5471 2778 5537 λόγον
2805 5472 3224 5540 νοήσωμεν,ὄσα
3262 5470 3411 5542 παρά
3450 5469 3547 5539 τῆς

1966 5565 2186 5633 Γραφῆς
2227 5564 2472 5616 εὐπνοεῖν
2519 5561 2893 5631 ἐδιδάχθημεν.
2932 5556 3056 5613 Οἷον
3105 5561 3371 5631 προσάγει
3422 5560 3543 5613 Νῶε

1968 5655 2040 5720 τῷ
2087 5654 2205 5720 Θεῷ
2254 5654 2350 5721 τὴν
2392 5652 2603 5717 θυσίαν,
2647 5653 2739 5705 καὶ
2800 5652 3093 5721 ώσφράνθη
3130 5651 3331 5721 Κύριος
3370 5651 3542 5721 ὀσμὴν
