3742 5986
167 251 271 309 957

1189 263 1255 318 IN
1293 266 1591 326 CANTICA
1622 271 1893 328 CANTIC.
1926 271 2211 331 HOMILIA
2251 276 2341 332 ιχ.

3329 274 3433 330 958

169 373 416 473 εὐωδίας.
472 376 681 430 Οὐκοῦν
728 379 924 449 ἄρωμα
969 381 1179 450 γίνεται
1212 385 1291 456 τῷ
1320 387 1439 458 Θεῷ
1478 393 1512 463 ἡ
1554 393 1715 447 θυσία
1740 412 1755 426 ο

1923 395 1992 451 tis
2012 398 2080 449 ⁷⁸.
2113 395 2206 450 Est
2243 410 2376 473 ergo
2406 393 2518 449 Deo
2547 407 2734 448 aroma
2773 389 3131 454 scrilicium,
3169 397 3224 444 et
3262 390 3430 443 multa

165 462 363 518 πολλαὶ
407 467 500 519 καὶ
530 470 671 537 μετά
711 468 880 524 ταῦτα
909 474 1271 542 προσάγονται
1303 478 1383 546 τῷ
1399 462 1517 551 Θεῷ
1544 482 1630 536 διά
1659 483 1752 536 τοῦ

168 554 336 623 νόμου
365 554 644 610 ἱλεωτικαὶ
673 558 874 625 θυσίαι,
896 564 1242 635 χαριστήριοί
1268 584 1328 620 τε
1352 571 1446 623 καὶ
1474 573 1752 643 σωτήριοι,

170 645 264 700 καὶ
294 647 606 721 καθάρσιοι,
638 652 733 703 καὶ
763 653 890 723 περὶ
928 654 1229 725 ἁμαρτίας.
1262 659 1449 714 Πάντα
1481 662 1657 717 ταῦτα
1676 663 1758 717 τί·

168 739 253 792 Θει
283 740 344 792 ὲν
380 743 494 804 τοῖς
525 736 804 813 ἀρώμασι,
836 745 929 797 καὶ
963 746 1063 809 τὰς
1092 748 1514 820 δλοκαρπώσεις,
1539 756 1625 808 καὶ
1661 755 1758 819 τὰς

166 830 584 898 ὁλοκαυτώσεις,
639 835 732 887 καὶ
781 835 881 900 τάς
928 839 1158 909 μερικάς
1207 840 1315 894 τῶν
1363 844 1758 916 ἀφαιρεμάτων

169 924 526 995 ἀφιερώσεις,
550 926 611 979 τὸ
654 926 939 998 στηθύνιον
979 929 1072 983 τοῦ
1113 932 1331 1004 ἱερείου,
1368 935 1459 989 τὸν
1484 936 1639 991 λόεον
1661 937 1756 992 τοῦ

170 1012 402 1082 ἥπατος,
421 1017 484 1070 τὸ
517 1018 882 1090 ἐπινεφρίδιον
918 1021 1081 1092 στέαρ
1101 1064 1115 1089 ,
1145 1026 1241 1077 καὶ
1273 1025 1350 1080 ἔτι
1387 1028 1523 1099 πρὸς
1548 1030 1757 1095 τούτοις

167 1107 263 1160 τὸν
295 1107 534 1171 λίϐανον,
568 1107 667 1179 τὴν
700 1109 778 1181 τῷ
828 1110 993 1182 ἐλαίῳ
1036 1098 1502 1189 διαϐεόρεγμένην
1539 1098 1769 1191 σεμίδαέ

168 1199 279 1261 λιν,
309 1199 372 1251 τὸ
400 1198 653 1270 θυμίαμα
682 1202 781 1270 τῆς
810 1200 1133 1267 συνθέσεως,
1171 1206 1263 1258 καὶ
1287 1207 1355 1259 τὰ
1395 1208 1530 1263 ἀλλα
1560 1210 1756 1276 πάντα,

168 1290 273 1341 ὅσα
303 1289 393 1341 διὰ
424 1289 594 1360 πυρὸς
617 1286 729 1360 εἶχε
758 1289 857 1362 τὴν
893 1292 1232 1363 ἀγχιστείαν,
1255 1298 1314 1349 ὲν
1360 1297 1438 1367 τῷ
1472 1300 1759 1371 καταλόγῳ

165 1380 284 1433 τῶν
339 1376 648 1451 ἀρωμάτων
691 1380 849 1435 ἔστω.
889 1383 1055 1437 Ὅταν
1080 1379 1175 1439 οὖν
1204 1387 1527 1459 ἀκούσωμεν
1561 1392 1622 1443 τὸ
1660 1392 1757 1462 τῆς

166 1471 395 1542 νύμφης
446 1471 616 1543 μύρον
652 1472 892 1538 πλείονος
922 1473 1062 1547 ὑπὲρ
1105 1477 1282 1532 πάντα
1323 1479 1588 1550 ἀρώματα
1627 1484 1760 1536 ἀπο-

168 1559 337 1630 δοχῆς
357 1559 697 1629 ἀξιούμενον,
732 1560 905 1634 τούτῳ
934 1563 1011 1634 τῷ
1035 1565 1179 1637 λόγῳ
1204 1568 1569 1639 μανθάνομεν,
1592 1573 1675 1625 ὅτι
1698 1573 1761 1625 τὸ

168 1650 277 1720 τῆς
329 1649 587 1721 ἀληθείας
649 1654 966 1725 μυστήριον,
1000 1655 1061 1708 τὸ
1112 1657 1199 1710 διὰ
1247 1659 1345 1728 τῆς
1395 1661 1756 1731 εύαγγελικῆς

168 1739 526 1803 διδασκαλίας
577 1741 1019 1813 ὲπιτελούμενον,
1058 1745 1216 1816 μόνον
1273 1746 1470 1811 εὐῶδές
1526 1751 1642 1802 ἐστι
1676 1750 1755 1819 τῷ
1794 1738 1834 1790 Β

170 1831 321 1902 Θεῷ,
347 1831 562 1885 πάντων
603 1832 711 1885 τῶν
750 1834 987 1904 νομικῶν
1031 1837 1339 1907 ἀρωμάτων
1400 1841 1760 1911 προκεκριμέ-

171 1938 303 1987 νον,
336 1921 431 1975 ﬁt:
461 1922 524 1993 δὴ
555 1924 752 1994 μηκέτι
796 1925 951 1995 τύπῳ
1001 1929 1108 1981 τινὶ
1137 1929 1232 1981 καὶ
1266 1932 1391 2001 σκιᾷ
1416 1931 1759 2001 ’καλυπτόμε-

174 2030 291 2079 νον,
307 2012 442 2066 ἀλλά
483 2017 552 2086 τῇ
588 2014 889 2086 φανερώσει
920 2017 1018 2087 τῆς
1051 2018 1305 2089 ἀληθείας
1344 2020 1575 2075 εὔπνουν
1612 2022 1759 2089 γινόο

177 2122 369 2176 μενον.
420 2107 481 2158 Εἰ
512 2107 618 2178 γάρ
658 2124 710 2159 τι
743 2108 836 2160 καὶ
884 2108 993 2160 τῶν
1025 2109 1402 2180 προλαὸόντων
1454 2112 1759 2181 ἀρωμάτων

179 2197 478 2305 ὠσφράνθη
516 2198 720 2305 Κύριος
751 2201 830 2304 si“;
864 2201 1038 2273 ὀσμὴν
1067 2202 1327 2283 εὐωδίας,
1360 2204 1501 2258 κατὰ
1544 2206 1633 2257 τὸν
1664 2207 1760 2305 ἐμ-

178 2288 507 2357 φαινόμενον
558 2282 724 2356 λόγον
792 2289 1020 2342 ’ἑκαστον
1087 2291 1266 2344 αὐτῶν
1332 2293 1426 2363 τῆς
1491 2282 1760 2363 ἀποδοχῆς

171 2374 410 2446 ἠξιώθη,
438 2375 496 2427 οὐ
529 2376 667 2429 κατά
690 2376 749 2428 τὸ
767 2377 1054 2448 πρόχειρόν
1082 2395 1140 2429 τε
1164 2381 1258 2432 καὶ
1289 2382 1598 2451 σωματικὸν
1626 2381 1763 2444 εἶδος

174 2465 291 2517 τῶν
317 2467 635 2534 γινομένων.
669 2468 776 2520 Καὶ
808 2467 967 2520 τοῦτο
1009 2468 1168 2538 δῆλόν
1194 2471 1343 2523 ἐστιν
1379 2474 1443 2524 ἐκ
1468 2473 1565 2542 τῆς
1595 2473 1757 2542 μεγά-

174 2554 277 2624 λης
305 2554 398 2607 τοῦ
445 2555 728 2627 Προφήτου
757 2557 965 2627 φωνῆς,
999 2556 1034 2628 ἤ
1069 2576 1259 2629 φησιν,
1296 2560 1378 2614 ὅτι
1409 2564 1490 2615 Οὐ
1518 2562 1761 2631 δέξομαι

175 2647 245 2699 ἐκ
290 2645 398 2699 τοῦ
420 2646 587 2700 οἴκου
609 2662 727 2701 σου
747 2650 1041 2717 μόσχους,
1066 2649 1207 2703 οὐδὲ
1246 2652 1314 2704 ἐκ
1338 2652 1454 2705 τῶν
1477 2656 1765 2723 ποιμνίων

178 2757 303 2794 σου
346 2740 633 2809 χιμάρους
654 2760 666 2770 ·
696 2745 766 2795 οὐ
797 2742 907 2812 γὰρ
952 2742 1208 2813 φάγομαι
1243 2744 1387 2812 κρέα
1436 2748 1687 2814 ταύρων,
1723 2747 1761 2816 ἢ

178 2828 327 2902 αἷμα
350 2831 583 2900 τράγων
610 2834 837 2903 πίομαι.
865 2835 1057 2888 Καίτοι
1104 2836 1295 2889 πολλαὶ
1328 2837 1585 2902 πολλάκις
1630 2840 1764 2903 ζωο-

180 2923 367 2977 Ουσίαι
408 2924 693 2992 γεγόνασιν
718 2942 730 2952 ⁸
762 2924 895 2978 ἀλλά
923 2926 1027 2979 κᾶν
1079 2925 1301 2997 γένηται
1348 2928 1539 2992 ταῦτα,
1581 2930 1793 3000 ἔτερόν·

180 3018 303 3068 ἐστι
328 3015 388 3067 τὸ
418 3015 505 3067 διὰ
542 3014 741 3067 τούτων
769 3017 825 3067 ὲν
860 3016 1145 3085 αἱνίγματί
1176 3034 1257 3069 σοι
1288 3019 1761 3090 νομοθετούμενον,

180 3106 244 3159 τὸ
274 3106 382 3159 δεῖν
405 3106 474 3158 τὰ
524 3106 666 3175 πάθη
708 3109 764 3159 ἐν
813 3108 897 3160 σοὶ
939 3080 1363 3176 σιραγιάζεσθαιί
1401 3080 1595 3171 evertat
1623 3080 1765 3181 γὰρ,
1798 3080 1840 3139 C

182 3200 342 3269 φησὶ,
375 3197 454 3263 τῷ
495 3197 616 3264 Θεῷ
666 3200 902 3266 πνεῦμα
936 3203 1442 3272 συντετριμμένον
1472 3220 1483 3232 ’
1522 3205 1770 3273 καρδίαν

183 3289 702 3358 συντετριμμένην
737 3290 837 3344 καὶ
892 3293 1402 3362 τεταπεινωμένην
1430 3297 1463 3347 ὀ
1490 3294 1631 3360 Θεὸς
1660 3297 1769 3349 οὐκ

183 3378 604 3445 ἐξουδενώσει.
640 3380 802 3433 Ὅθεν
848 3381 1056 3449 γίνεται
1103 3384 1136 3454 ἡ
1174 3382 1336 3438 θυσία
1364 3384 1463 3455 τῆς
1513 3386 1771 3450 αἰνέσεως

185 3469 382 3542 ἡμῶν,
414 3473 447 3539 ἡ
496 3469 789 3534 δοξάζουσα
834 3471 924 3523 τὸν
959 3471 1213 3542 τοιαύτην
1265 3473 1441 3545 ὀσμὴν
1487 3476 1773 3545 ὀσφραινὸε-

190 3579 371 3631 μενον.
418 3561 636 3632 Ἐπειδὴ
688 3562 866 3616 τοίνυν
908 3564 975 3616 τὰ
1021 3564 1224 3617 τυπικά
1253 3565 1432 3620 πάντα
1479 3566 1569 3618 τοῦ
1608 3568 1771 3638 νόμου

188 3651 459 3722 ἀρώματα
494 3652 779 3721 ὑπερδᾶσα
818 3655 850 3724 ἡ
885 3656 1275 3724 πνευματικῶς
1306 3656 1606 3711 εὐπνοοῦσα
1633 3660 1773 3712 κατὰ

189 3739 284 3793 τὸν
317 3739 530 3793 Παῦλον
568 3740 735 3810 ψυχὴ,
761 3741 817 3804 ὃς
866 3742 1101 3813 Χριστοῦ
1151 3745 1348 3798 εὐωδία
1386 3741 1474 3816 ἧν,
1506 3747 1599 3799 καὶ
1632 3747 1772 3818 αὐτὴ

190 3829 397 3900 εὐώδης
421 3830 510 3884 διὰ
531 3830 625 3884 τοῦ
662 3830 778 3901 βίου
831 3834 1047 3901 ἐγένετο
1069 3836 1160 3887 καί
1188 3835 1248 3888 τὸ
1286 3836 1456 3907 μύρον
1488 3836 1589 3907 τῆς
1619 3841 1775 3908 ἱερω-

191 3921 361 3992 σύνης
400 3922 582 3975 καὶτὸ
617 3923 870 3994 θυμίαμα
896 3925 994 3996 τῆς
1040 3926 1363 3991 συνθέσεως,
1399 3928 1487 3982 διὰ
1526 3929 1776 4000 ποικίλης

192 4012 302 4066 τῶν
345 4013 557 4086 ἀρετῶν
606 4018 965 4086 συνεισφορᾶς
1010 4033 1067 4069 τε
1104 4018 1195 4070 καὶ
1252 4020 1450 4089 μίξεως
1482 4019 1660 4084 καλῶς
1693 4022 1779 4073 εύ-

198 4104 508 4174 τενοήσασα,
536 4103 662 4169 ἀξία
710 4104 884 4173 ὲφάνη
923 4108 989 4176 τῇ
1019 4106 1284 4177 ὀσφρήσει
1319 4106 1412 4160 τοῦ
1442 4108 1671 4178 νυμφίου
1699 4111 1779 4172 εἰς

194 4197 372 4267 ὀσμὴν
415 4196 643 4260 εὐωδίας
673 4215 685 4227 ·
724 4196 813 4249 διὰ
856 4197 1014 4249 τοῦτο
1050 4200 1083 4269 ἡ
1121 4197 1240 4251 Θεία
1284 4198 1566 4267 αἴσθησις,
1598 4198 1779 4262 καθὼς

195 4289 224 4340 ὁ
256 4286 513 4360 Σολομὼν
546 4287 823 4358 ὀνομάζει,
851 4287 960 4342 τῶν
984 4288 1312 4359 σωματικῶν
1351 4291 1657 4361 ἀρωμάτων
1681 4289 1777 4343 τοῦ

1859 496 2144 557 propterea
2178 486 2290 541 Deo
2331 501 2428 556 per
2475 485 2649 555 legem
2692 484 2997 538 olferuntur
3050 481 3453 552 propitiatoria'

1857 577 2147 637 sacrificia.
2173 587 2226 633 et
2273 592 2373 647 pro
2408 576 2601 647 gratiis
2653 573 2881 645 agendis
2926 571 3198 633 instituta,
3232 577 3286 625 et
3334 585 3431 623 es-

1856 671 2109 740 piatoria,
2140 678 2195 724 et
2239 685 2336 739 pro
2379 668 2695 737 peccato".
2735 668 2855 720 lliee
2880 664 3067 717 omnia
3094 678 3233 732 pone
3290 664 3434 716 inter

1828 771 2128 825 Iaromata,
2160 771 2215 815 et
2257 761 2602 824 holocausta,
2630 768 2682 814 et
2718 757 3032 827 singulares
3073 768 3264 809 eorum
3313 769 3433 822 quae

1857 861 1988 908 sunt
2043 854 2222 907 oblata
2269 850 2742 914 consecrationes,
2792 846 3174 917 pectusculum
3219 844 3430 906 hostiae,

1859 945 2044 999 lobum
2068 944 2294 1013 jecoris,
2332 941 2546 1012 adipem
2574 955 2696 1008 qua:
2722 946 2806 994 est
2837 939 2892 992 in
2924 936 3175 998 renibus,
3207 944 3261 989 et
3293 949 3433 1003 prae-

1867 1042 2021 1089 terea
2063 1034 2192 1090 thus
2242 1041 2297 1090 et
2325 1034 2448 1087 oleo
2479 1029 2841 1085 madefactam
2901 1029 3161 1092 similam,
3195 1025 3431 1082 sullitum

1859 1126 2357 1196 compositionis,et
2384 1124 2494 1177 alia
2533 1122 2720 1177 omnia
2754 1122 2955 1191 quibus
2996 1120 3107 1176 Deo
3133 1135 3229 1189 per
3253 1119 3431 1189 ignem

1859 1218 2042 1273 cultus
2082 1216 2462 1281 exhibebatur,
2513 1211 2830 1269 referuntur
2862 1211 2918 1266 in
2961 1224 3254 1265 numerum
3301 1223 3430 1263 aro-
3490 1272 3497 1279 ,

1860 1317 2091 1363 malum.
2152 1305 2384 1373 Quando
2448 1321 2578 1376 ergo
2642 1302 3018 1358 audiverimus
3094 1307 3432 1371 unguentum

1861 1415 2098 1470 sponsae,
2125 1399 2269 1469 quod
2310 1411 2478 1466 supra
2535 1397 2720 1451 omnia
2752 1404 2995 1449 aromata
3032 1392 3258 1461 dignum
3307 1406 3435 1444 cen-

1861 1499 2014 1544 setur
2053 1486 2204 1559 quod
2269 1486 2639 1555 suscipiatur,
2674 1484 2761 1540 bis
2823 1483 3007 1537 verbis
3060 1480 3435 1550 intelligimus,

1862 1582 2008 1652 quod
2076 1580 2396 1651 mysterium
2451 1577 2698 1632 veritatis
2756 1574 3084 1642 evangelicae
3143 1570 3433 1652 doctrinae,

1864 1673 2006 1744 quod
2037 1674 2336 1743 peragitur,
2389 1679 2470 1725 est
2507 1671 2683 1724 solum
2745 1664 2857 1719 Deo
2898 1650 3258 1723 odoriferuln,
3298 1675 3436 1729 pra:-

1863 1767 2100 1838 positmn
2141 1764 2397 1818 omnibus
2444 1760 2713 1830 legalibus
2749 1754 3113 1815 aromatibus,
3175 1758 3232 1803 ut
3291 1748 3438 1818 quod

1863 1876 1971 1916 non
1996 1866 2212 1929 tegatur
2249 1856 2486 1925 amplius
2515 1855 2622 1908 ulla
2655 1851 2824 1921 ﬁgura
2863 1856 2919 1903 et
2946 1846 3161 1904 umbra,
3192 1844 3285 1897 sed
3318 1856 3441 1895 tua-

1864 1949 2214 2005 niiestatione
2244 1945 2491 2001 veritatis
2523 1941 2782 1997 reddatur
2808 1941 2946 1994 bene
2975 1937 3152 1991 olens.
3196 1932 3328 1987 Nam
3380 1942 3438 1986 et

1867 2042 1913 2096 si
1940 2039 2148 2108 aliquid
2175 2053 2241 2093 ex
2272 2037 2339 2091 iis
2368 2049 2490 2105 quze
2532 2036 2936 2102 praecesserunt
2987 2022 3330 2080 aromatibus
3358 2025 3439 2076 ol-

1869 2132 1996 2186 fecit
2030 2130 2255 2186 odorem
2315 2124 2637 2186 suavitatis,
2689 2137 2758 2176 ex
2799 2117 2980 2173 Verbo
3030 2112 3175 2185 quod
3214 2112 3285 2167 iis
3319 2126 3440 2181 quae

1869 2223 2070 2277 ﬁebant
2102 2216 2412 2289 apparebat,
2441 2208 2858 2281 unumquodque
2879 2220 3066 2264 eorum
3097 2206 3325 2273 dignum
3358 2210 3441 2255 cst

1869 2310 2114 2366 habitum
2147 2306 2291 2377 quod
2321 2302 2713 2371 susciperetur,
2744 2312 2858 2352 non
2898 2312 2968 2352 ex
3003 2293 3276 2364 corporali
3317 2306 3440 2362 spe-

1869 2400 1951 2454 cie
1984 2413 2175 2454 eorum
2218 2409 2339 2465 quae
2371 2392 2592 2452 ﬁebant,
2640 2397 2695 2444 et
2723 2386 2872 2458 quod
2899 2394 3017 2441 erat
3064 2385 3120 2438 in
3161 2391 3436 2452 promptu.

1871 2489 1985 2543 lloc
2026 2494 2206 2541 autem
2252 2494 2335 2539 est
2392 2482 2740 2551 perspicuum
2772 2495 2838 2533 ex
2871 2490 3068 2546 magna
3119 2487 3254 2527 voce
3307 2469 3442 2524 Pro-

1867 2582 2063 2650 pheta}.
2100 2594 2203 2647 qua
2234 2576 2403 2629 dicit:
2438 2571 2559 2624 Non
2590 2572 2847 2639 accipiam
2884 2568 2947 2622 de
2978 2567 3134 2620 domo
3172 2575 3265 2618 tua
3302 2564 3442 2617 vitu-

1870 2673 1970 2734 los,
2002 2687 2161 2740 neque
2178 2684 2243 2723 ex
2270 2667 2507 2738 gregibus
2550 2665 2652 2718 tuis
2686 2661 2884 2717 haedos.
2936 2658 3062 2712 Non
3091 2658 3227 2712 enim
3273 2670 3442 2709 come—

1869 2761 1994 2816 dero
2020 2775 2204 2813 carnes
2248 2767 2542 2819 taurorum,
2594 2769 2758 2824 neque
2814 2751 3129 2820 sanguinem
3176 2747 3441 2799 hircorum

1869 2860 2115 2920 potavero
2133 2848 2201 2902 ⁷⁷.
2245 2844 2489 2901 Tametsi
2520 2846 2691 2899 multa
2726 2857 2870 2911 saepe
2900 2842 3045 2894 facta
3080 2846 3206 2893 sum
3232 2837 3443 2888 anima-

1873 2942 2006 2995 lium
2042 2937 2313 2995 sacriﬁcia
2342 2956 2355 2991 :
2417 2935 2668 3006 quamvis
2701 2944 2884 2987 tamen
2917 2947 2980 2986 ea
3021 2930 3165 2984 facta
3221 2928 3444 2987 fuerint,

1872 3032 2019 3086 aliud
2048 3038 2155 3093 est,
2183 3029 2456 3102 quodper
2487 3028 2602 3082 haec
2636 3027 2689 3080 in
2715 3026 3005 3093 aenigmate
3036 3022 3133 3075 tibi
3168 3021 3281 3089 lege
3316 3035 3449 3073 con-

1873 3124 2142 3185 stituitur,
2180 3135 2375 3190 nempe
2406 3126 2659 3189 oportere
2684 3116 2922 3171 interimi
2978 3128 3097 3182 quae
3152 3113 3206 3164 in
3242 3119 3292 3164 te
3323 3117 3450 3163 sunt

1873 3215 2001 3269 vitia
2033 3223 2087 3269 et
2116 3212 2286 3267 animi
2341 3209 2821 3281 perturbationes:
2882 3204 3220 3272 Sacriﬁcium
3271 3198 3448 3262 enim,

1873 3304 2069 3372 inquit,
2100 3302 2205 3357 Deo
2228 3302 2445 3369 spiritus
2498 3298 2793 3360 contritus;
2825 3311 2915 3347 cor
2943 3292 3231 3346 contritum
3274 3300 3324 3342 et
3354 3288 3451 3339 Im-

1874 3395 2139 3448 miliatum
2192 3393 2332 3446 Deus
2380 3407 2483 3444 non
2529 3389 2775 3455 despiciet
2808 3386 2875 3439 "°.
2918 3383 3073 3438 Unde
3109 3383 3166 3436 [it
3204 3388 3449 3434 nostrum

1874 3485 2204 3540 sacriﬁcium
2256 3481 2466 3542 laudis,
2508 3479 2650 3548 quod
2692 3475 2962 3548 gloriﬁcat
2998 3488 3121 3529 eum
3156 3472 3247 3540 qni
3291 3469 3451 3523 talem

1875 3578 2139 3630 odoratur
2198 3571 2442 3625 odorem.
2516 3567 2786 3632 Quoniam
2823 3579 2951 3632 ergo
3004 3561 3273 3630 superatis
3318 3558 3454 3627 legis

1875 3659 2075 3732 typicis
2104 3657 2463 3715 aromatibus,
2492 3668 2611 3723 qua:
2642 3651 3002 3719 spiritualiter
3024 3649 3177 3717 juxta
3199 3645 3453 3707 Paulum,

1876 3750 1969 3821 qui
2003 3756 2120 3805 erat
2150 3747 2326 3802 bonus
2349 3746 2485 3825 odor
2502 3743 2703 3799 Christi
2726 3744 2794 3806 ⁷⁸,
2818 3743 2956 3796 bene
2978 3739 3216 3813 spirabat
3246 3737 3452 3799 anima,

1877 3845 1994 3914 ipsa
2022 3857 2118 3911 per
2143 3842 2307 3894 vitam
2341 3839 2634 3893 beneolens
2665 3835 2857 3891 eﬂ‘ecta
2880 3841 2988 3896 est,
3028 3839 3083 3886 et
3113 3836 3452 3900 unguentum

1881 3934 2202 3997 sacerdotii,
2231 3941 2284 3988 et
2318 3931 2533 3988 sumtus
2583 3927 3022 3999 compositionis,
3052 3926 3191 3980 bene
3237 3922 3456 3991 spirans

1879 4043 1979 4098 per
2008 4025 2215 4079 variam
2251 4023 2518 4077 virtutum
2548 4019 3004 4090 compositionem
3032 4022 3087 4070 et
3114 4013 3426 4067 mistionem

1880 4120 2042 4190 digna
2073 4119 2186 4174 visa
2209 4124 2294 4172 est
2316 4114 2502 4185 sponsi
2528 4112 2778 4166 odoratui
2800 4112 2856 4166 in
2878 4109 3102 4164 odorem
3127 4103 3448 4161 suavitatis:

1881 4217 2170 4281 propterea
2198 4222 2394 4264 sensus
2426 4206 2668 4267 divinus,
2702 4203 2844 4257 sicut
2891 4200 3135 4254 nominat
3167 4195 3448 4253 Salomon,

1854 4298 2249 4368 corporalium
2287 4295 2421 4365 legis
2461 4299 2790 4353 aromatum,
2838 4289 2988 4342 addit
3020 4287 3171 4340 illum
3218 4284 3458 4337 materia:

193 4379 384 4450 νόμου,
419 4377 743 4450 προστίθησι
795 4379 892 4448 τὴν
937 4378 1097 4432 άῦλον
1147 4380 1361 4450 ἐκείνην
1412 4382 1505 4434 καὶ
1536 4381 1780 4451 καθαρὰν

1921 4397 2163 4459 xpertem
2193 4393 2247 4442 et
2286 4400 2482 4456 purum
2519 4384 2765 4443 odorem,
2803 4381 2894 4450 qui
2939 4393 3033 4447 per
3066 4376 3297 4435 virtutps
3326 4389 3456 4427 cou-

196 4469 296 4538 τὴν
325 4468 413 4522 διὰ
443 4469 554 4522 τῶν
593 4468 805 4540 ἀρετῶν
841 4470 1256 4540 μυρεψουμένην
1285 4470 1532 4535 εὐωδίαν,
1566 4471 1738 4540 λέγων
1762 4488 1775 4501 ·

197 4560 307 4613 Kal
351 4559 513 4630 ὀσμὴ
549 4562 757 4629 μύρων
784 4579 899 4615 σου
949 4563 1100 4630 ὑπὲρ
1148 4563 1345 4616 πάντα
1384 4562 1456 4616 τὰ
1482 4548 1778 4632 ἀρώματα.

282 4676 338 4727 ’0
359 4675 415 4728 δὲ
446 4673 645 4744 ἐφεξῆς
670 4674 825 4742 λόγος
858 4675 994 4755 πρρς
1012 4673 1073 4727 τὸ
1090 4673 1415 4746 ὑψηλότερον
1445 4675 1675 4744 προάγει
1692 4674 1783 4727 τὸν

203 4765 444 4828 ἔπαινον,
470 4764 567 4834 τὴν
592 4765 659 4816 ἐκ
689 4763 917 4835 μελέτης
937 4765 1031 4817 καὶ
1060 4766 1332 4836 προσοχῆς
1366 4766 1668 4835 γενομένην
1689 4765 1785 4818 αὺ-

203 4857 269 4926 τῇ
300 4856 409 4908 τῶν
437 4855 821 4926 πνευματικῶν
853 4857 1210 4928 χαρισμάτων
1239 4856 1557 4925 περιουσίαν
1582 4873 1787 4928 μαρτυ-

207 4946 314 5015 ρῶν
343 4945 423 5015 τῷ
468 4946 631 5016 λόγῳ.
680 4946 900 5016 Ἐπειδὴ
930 4945 1039 5016 γὰρ
1061 4945 1213 5015 παρὰ
1252 4946 1349 5016 τὴν
1381 4946 1641 5016 μέλισσαν
1668 4965 1785 5016 φοι-

207 5039 305 5106 τᾷν
338 5037 592 5108 βούλεται
618 5037 710 5092 τὸν
740 5036 841 5107 τῆς
871 5038 1063 5106 σοφίας
1096 5037 1341 5108 μαθητὴν
1365 5040 1393 5090 ὁ
1422 5040 1786 5108 παροιμιακὸς

206 5128 357 5196 λόγος
377 5129 542 5199 (νοεῖς
566 5127 626 5181 δὲ
645 5128 862 5191 πάντως
892 5130 956 5182 ὲκ
983 5128 1092 5181 τῶν
1116 5127 1371 5199 μαθητῶν
1399 5128 1499 5196 τὴν
1525 5128 1783 5182 διδάσκασ

207 5219 294 5272 λον
338 5221 457 5290 ἥτις
521 5219 691 5289 ἐστὶν)
737 5220 909 5288 λέγων
953 5224 1066 5283 τοῖς
1099 5221 1352 5291 ἐρασταῖς
1401 5219 1498 5287 τῆς
1552 5219 1777 5287 σοφίας’

210 5314 533 5380 Πορεύθητι
559 5310 709 5379 πρὸς
742 5310 854 5377 τὴν
871 5310 1200 5379 μέλισσαν,
1219 5310 1315 5362 καὶ
1341 5308 1494 5377 μάθε
1510 5309 1590 5374 ὡς
1617 5309 1787 5379 ἐργά-

208 5423 289 5471 τις
316 5408 472 5469 ἐστὶ,
502 5407 604 5476 τήν
643 5422 707 5457 τε
734 5396 996 5475 ἐργασίαν
1031 5406 1106 5469 ὡς
1147 5403 1350 5475 σεμνὴν
1394 5404 1783 5474 ἐμπορεύεται,

277 5584 327 5618 ⁷⁸
364 5585 501 5640 (ἔνι.
542 5602 658 5646 rm,
699 5587 787 5641 2|.

218 5649 262 5683 ”
302 5653 465 5709 lia-li.
509 5672 583 5709 XI.
621 5656 673 5708 5.

1882 4478 2063 4534 ﬁcitur
2088 4494 2152 4533 ac
2173 4476 2541 4546 componitur,
2582 4474 2813 4527 dicens:
2871 4467 2941 4521 Et
2981 4467 3112 4522 odor
3167 4471 3460 4535 unguento-

1883 4586 2000 4624 rum
2034 4579 2244 4622 tuorum
2271 4583 2432 4636 supra
2467 4564 2642 4618 oucnia
2668 4569 2933 4619 aromata.

1956 4680 2015 4736 ld
2072 4686 2252 4733 autem
2287 4676 2433 4747 quod
2472 4674 2727 4744 deinceps
2789 4671 3039 4740 sequitur
3067 4708 3082 4732 ,
3123 4668 3191 4722 ad
3248 4667 3461 4721 laudem

1887 4770 2116 4826 deducit
2165 4768 2438 4831 altiorem,
2501 4779 2754 4821 sermone
2785 4762 3085 4816 testiﬁcans
3141 4760 3218 4813 illi
3285 4760 3463 4813 inesse

1890 4864 2104 4933 cepiam
2156 4860 2520 4931 spiritualium
2562 4858 2864 4941 donorum,
2904 4868 3026 4924 quas
3067 4852 3116 4907 ei
3166 4850 3366 4905 accidit
3400 4867 3462 4904 ex

1892 4953 2245 5007 meditatione
2274 4961 2327 5006 et
2370 4950 2687 5004 attentione.
2720 4945 2856 4999 Nam
2898 4942 3158 5012 quoniam
3190 4941 3260 4994 ad
3308 4954 3459 5008 apem

1892 5044 2175 5113 sapientize
2200 5042 2534 5112 discipulum
2579 5040 2847 5095 ventitare
2893 5036 3011 5089 vult
3043 5033 3095 5087 id
3127 5030 3271 5101 quod
3329 5028 3465 5085 scri-

1889 5136 2037 5189 bitur
2092 5136 2146 5187 in
2189 5132 2496 5188 Proverbiis
2555 5129 2859 5201 (intelligis
2889 5136 3067 5180 autem
3117 5123 3341 5178 omnino
3400 5136 3466 5175 ex

1891 5224 2176 5295 discipulis
2229 5240 2350 5293 qua:
2397 5225 2469 5279 sit
2521 5219 2838 5293 magistra),
2886 5219 3079 5272 dicens
3130 5213 3467 5271 amatoribus

1893 5315 2212 5387 sapientiae:
2247 5314 2393 5369 Vade
2423 5315 2491 5369 ad
2537 5330 2684 5384 apem
2728 5321 2778 5367 et
2825 5312 2965 5364 disce
2994 5307 3133 5380 quod
3173 5309 3243 5362 sit
3283 5322 3466 5375 opera-

1893 5407 1979 5461 ria
2011 5408 2093 5472 ⁸ο,
2160 5405 2390 5476 ejusque
2450 5405 2729 5477 opiﬁcium
2791 5400 3155 5466 nundinatur,
3207 5408 3466 5467 tanquam

865 5588 909 5615 ⁷⁸
954 5586 1124 5682 [0νίῑὶ
1170 5602 1243 5653 Ix,
1275 5588 1307 5640 ιι
1336 5603 1454 5656 sqq.
1546 5587 1590 5619 ⁷⁷
1628 5584 1770 5641 [‘sal.
1800 5600 1946 5653 XLII,
1988 5587 2022 5641 9
2060 5603 2178 5657 sqq.
2276 5588 2319 5615 7"
2361 5584 2504 5640 Psal.
2549 5600 2598 5645 L,
2650 5585 2711 5639 l9
2757 5602 2874 5654 sqq.
2952 5584 2997 5615 7’
3028 5580 3066 5634 ll
3106 5581 3232 5632 Cor.
3277 5592 3333 5638 ll,
3379 5574 3445 5627 15
