3742 5986
322 283 424 341 959

1570 284 1629 339 S.
1674 283 2006 340 GREGORII
2048 278 2340 338 NYSSENI

3465 237 3563 325 sco

321 396 662 467 praeclarum,
694 404 853 471 cujus
896 404 1132 467 labores,
1159 409 1217 457 el.
1249 416 1422 472 reges,
1481 409 1534 455 et
1569 401 1763 470 privati
1799 415 1842 453 at

2093 401 2205 463 τοὺς
2227 399 2421 459 πόνους
2443 393 2680 466 βασιλεῖς
2707 394 2800 447 καὶ
2825 391 3029 446 ίδιῶται
3057 391 3192 463 πρὸς
3218 390 3378 460 ὑγίαν
3404 404 3565 457 προσ-

321 487 505 541 hibent
528 490 594 544 ad
632 493 940 559 sanitatem,
968 502 1022 548 et
1050 509 1168 548 eam
1200 493 1333 547 dicit
1373 492 1627 546 omnibus
1674 491 1887 545 deside-

320 578 547 633 rabilem
580 591 631 635 et
664 584 953 654 insignem,
996 593 1055 639 ut
1110 600 1233 655 quae
1282 587 1352 639 sit
1408 583 1616 637 viribus
1671 582 1891 653 quidem

321 665 631 723 inbecilla:
675 672 1023 727 honoraverit
1051 682 1230 727 autem
1280 672 1628 740 sapientiam,
1670 681 1723 726 ct
1773 671 1894 724 ideo

324 755 691 817 vitae-virtutis
729 763 981 818 studiosis
1026 765 1284 832 producta
1336 763 1407 818 sit
1454 760 1507 814 in
1563 762 1891 832 exemplum.

324 848 525 903 Pl’OllUf
544 863 594 904 ta
624 860 707 908 est
734 855 902 918 enim,
932 855 1129 923 inquit,
1159 865 1217 908 ut
1247 870 1370 925 qua:
1423 855 1772 909 honoraverit
1804 870 1895 911 sa-

322 940 608 1009 pientiam.
644 940 897 996 Consulit
948 949 1128 996 autem
1176 958 1271 1013 per
1297 958 1360 997 ea
1409 958 1529 1012 quae
1560 942 1704 997 dicta
1745 953 1894 1007 sunt,

325 1046 355 1082 a
384 1030 533 1083 nulla
564 1031 703 1085 bona
741 1033 1018 1088 abstinere
1050 1033 1361 1102 disciplina,
1401 1033 1496 1088 sed
1527 1034 1896 1103 pervolantem

323 1130 540 1190 pratum
567 1122 957 1190 inspiratorum
987 1140 1017 1177 a
1058 1124 1167 1178 Deo
1198 1125 1563 1193 eloquiorum,
1595 1122 1902 1194 colligendo

324 1211 531 1280 aliquid
585 1221 841 1281 tanquam
871 1214 1059 1268 florem
1109 1232 1173 1270 ex
1216 1232 1543 1283 unoquoque
1596 1231 1785 1270 eorum
1832 1215 1900 1268 ad

324 1303 756 1370 procreationem
806 1307 1107 1375 sapientiae,
1165 1307 1270 1362 sibi
1327 1308 1579 1362 fabricari
1629 1324 1808 1363 ceram
1847 1310 1901 1362 in

325 1389 491 1445 corde
525 1406 644 1457 suo,
699 1401 954 1463 tanquam
1008 1396 1212 1450 alveari
1272 1397 1533 1465 quodam,
1595 1400 1903 1467 reponendo

327 1480 469 1534 hanc
498 1480 824 1537 industriam
861 1493 915 1538 et
945 1486 1180 1539 laborem
1230 1487 1611 1555 multiplicium
1659 1490 1903 1556 discipli-

327 1571 520 1624 narum
555 1574 607 1625 in
639 1574 942 1629 inconfusis
974 1577 1027 1630 in
1071 1579 1333 1631 memoria
1372 1579 1591 1643 loculis,
1641 1588 1901 1647 tanquam

326 1663 655 1729 quibusdam
692 1665 745 1717 in
781 1666 903 1719 favo
939 1667 1114 1723 mellis
1147 1667 1343 1724 fistulis
1373 1668 1689 1725 fabricatis:
1723 1680 1777 1725 et
1823 1674 1903 1727 sic

1995 491 2289 561 φέρονται·
2329 488 2580 556 ποθεινὴν
2620 486 2675 539 δὲ
2729 486 2861 538 πᾶσι
2911 485 3058 553 λέγει
3108 483 3276 555 αὐτὴν
3313 478 3450 535 εἶναι
3482 483 3569 534 καὶ

1994 581 2255 647 ἐπίδοξον,
2288 578 2622 635 ἀσθενοῦσαν
2662 579 2758 648 μὲν
2792 576 2935 630 κατά
2975 576 3071 648 τὴν
3115 576 3342 647 ῥώμην,
3379 574 3474 644 τὴν
3513 572 3571 626 δὲ

1997 674 2185 743 σοφίαν
2200 672 2543 742 ετιμήσασαν,
2568 669 2663 723 καὶ
2688 669 2774 721 διὰ
2788 667 2943 721 τοῦτο
2960 667 3323 738 προαχθεῖσαν
3348 666 3427 728 είς
3457 663 3574 718 ύπό-

1994 766 2187 834 δειγμα
2238 763 2351 832 βίου
2393 764 2505 825 τοῖς
2541 761 2831 832 ὲναρέτοις.
2872 760 2982 831 Τὴν
3024 759 3133 829 γὰρ
3167 756 3380 826 σοφίαν.
3424 761 3571 825 φησὶ,

1995 856 2271 926 τιμήσασα
2325 852 2593 925 προήχθη.
2646 851 3011 931 Συμὸουλεύει
3042 851 3100 903 δὲ
3144 850 3232 903 διὰ
3271 848 3383 901 τῶν
3432 850 3574 918 εἰρη-

2003 949 2178 1019 μένων
2217 946 2443 1018 μηδενὸς
2466 943 2764 1015 ἀπέχεσθαι
2813 942 2923 996 τῶν
2970 940 3189 1010 ἀγαθῶν
3217 939 3569 1011 μαθημάτων,

1999 1038 2132 1091 ἀλλὰ
2158 1037 2237 1108 τῷ
2266 1037 2490 1108 λειμῶνι
2542 1035 2650 1089 τῶν
2693 1033 3063 1087 θεοπνεύστων
3106 1030 3477 1099 ἐφιπτάμενον
3499 1026 3573 1079 λό-

2000 1147 2132 1196 γων,
2176 1130 2269 1197 ἀφ’
2302 1129 2531 1181 ἑκάστου
2581 1144 2633 1179 τι
2685 1125 2820 1197 πρὸς
2873 1124 2971 1192 τὴν
3005 1122 3198 1192 κτῆσιν
3243 1120 3346 1190 τῆς
3395 1118 3577 1187 σοφίας

2005 1220 2455 1289 ἁπανθιζόμενον,
2490 1216 2886 1288 κηροπλαστεῖν
2916 1211 3093 1282 ἑαυτῷ
3125 1212 3185 1264 τὸ
3215 1211 3412 1281 κηρίον
3434 1249 3448 1273 ,
3477 1202 3579 1260 οἷον

2002 1315 2059 1367 ὲν
2084 1312 2135 1364 σί
2143 1310 2292 1382 μ6λῳ
2316 1310 2421 1362 τινὶ
2440 1311 2506 1380 τῇ
2526 1306 2719 1361 ἑαυτοῦ
2741 1305 2935 1381 καρδίᾳ
2957 1304 3056 1375 τὴν
3075 1300 3363 1373 φιλεργίαν
3383 1298 3580 1368 ταύτην

2004 1402 2391 1471 ἀποτιθέμενον
2412 1417 2424 1429 ·
2466 1399 2654 1469 ὥσπερ
2682 1397 2833 1460 τινὰς
2854 1398 2910 1448 ὲν
2949 1395 3128 1465 κηρίῳ
3173 1391 3464 1464 σύριγγας,
3482 1389 3585 1443 τῶν

2008 1492 2298 1547 πολυειδῶν
2338 1490 2676 1562 μαθημάτων
2714 1486 3050 1557 ἀσυγχύτους
3083 1487 3140 1536 ὲν
3167 1485 3233 1553 τῇ
3269 1482 3461 1553 μνήμῃ
3491 1480 3587 1543 τὰς

2008 1587 2179 1657 θήκας
2200 1586 2393 1654 δημιου
2405 1584 2681 1654 ργήσαντα
2701 1597 2714 1610 °
2744 1582 2835 1633 καὶ
2862 1578 3032 1639 οὕτως
3064 1574 3206 1628 κατὰ
3238 1574 3472 1647 μίμησιν
3493 1572 3587 1641 τῆς

2012 1677 2180 1744 σοφῆς
2211 1675 2420 1744 ἐκείνης
2446 1673 2721 1744 μελίσσης,
2741 1669 2807 1744 ἧς
2835 1670 2931 1739 ἡδὺ
2969 1669 3067 1739 μὲν
3097 1668 3157 1721 τὸ
3187 1664 3589 1737 κηρίον,’ἄπλη-

328 1752 502 1804 instar
542 1754 813 1822 sapientis
848 1756 993 1810 illius
1021 1752 1160 1826 apis,
1203 1759 1364 1828 cujus
1393 1758 1550 1814 favus
1574 1762 1794 1830 quidem
1822 1779 1842 1816 ε

2093 1785 2132 1820 ›ν
2160 1767 2215 1818 δὲ
2250 1764 2313 1817 τὸ
2356 1764 2596 1835 κέντρον,
2627 1761 2722 1832 τὴν
2758 1761 2960 1831 σεμνὴν
2987 1757 3192 1828 ταύτην
3223 1756 3334 1808 τῶν
3377 1753 3588 1825 ἀρετῶν

328 1841 526 1902 dulcis,
547 1858 653 1896 non
683 1860 931 1913 puugens
958 1858 1137 1901 autem
1165 1849 1447 1911 stimulus,
1485 1861 1744 1920 perpetuo
1770 1870 1907 1907 nun-

327 1932 505 1985 dinari
535 1933 675 1987 hanc
700 1938 1018 2004 pricelaram
1046 1938 1311 1993 virtutum
1340 1944 1738 2009 operationem.
1768 1943 1907 2000 Vere

326 2024 470 2076 cnim
504 2024 593 2077 ille
649 2028 1001 2091 nundinatur,
1043 2030 1136 2099 qui
1206 2031 1347 2085 bona
1382 2038 1585 2085 acterna
1625 2034 1906 2087 laboribus

327 2113 420 2183 qui
449 2115 538 2170 hic
577 2119 960 2187 suscipiuntur
986 2130 1278 2189 permutat,
1306 2133 1376 2175 -et
1426 2140 1556 2179 suos
1597 2125 1811 2185 labores
1843 2125 1908 2177 ad

329 2206 617 2261 sanitatem
661 2209 856 2264 anima:
904 2211 1186 2265 distribuit
1241 2214 1460 2282 regibus
1522 2223 1575 2268 et
1604 2216 1905 2282 sprivatis:

331 2298 466 2352 adeo
498 2307 557 2351 ut
587 2316 788 2369 sponso
820 2302 911 2354 fiat
940 2303 1054 2356 haec
1082 2305 1263 2357 anima
1294 2304 1699 2368 desiderabilis,
1732 2307 1910 2360 clara-

329 2403 436 2455 que
465 2396 519 2444 ct
548 2390 774 2460 insignis
813 2393 1046 2461 angelis,
1081 2394 1211 2447 dum
1250 2397 1301 2448 iu
1346 2395 1664 2450 infirmitate
1698 2397 1911 2465 perficit

330 2480 585 2536 virtutem
612 2491 834 2552 propter
867 2485 1131 2539 honorem
1165 2487 1465 2555 sapientiae.
1486 2487 1752 2553 Quoniam
1782 2503 1911 2557 ergo

330 2576 657 2632 eruditionis
693 2584 747 2632 et
779 2578 1070 2648 diligentia:
1097 2589 1227 2635 sunt
1261 2583 1528 2652 exempla,
1562 2599 1682 2652 quae
1716 2584 1781 2637 de
1811 2600 1913 2637 sa—

333 2668 501 2738 pienti
562 2670 652 2722 illa
714 2686 812 2739 ape
846 2680 974 2726 sunt
1025 2674 1394 2737 narrationes,
1436 2682 1491 2729 et
1545 2676 1909 2744 Spiritualiutn

331 2761 729 2815 charismatum
761 2763 927 2816 variat
961 2762 1283 2827 divisiones,
1319 2766 1707 2823 convenienter
1746 2766 1913 2819 studii

333 2861 389 2905 ct
420 2852 712 2921 diligentia:
746 2854 1085 2923 proportioni
1129 2855 1395 2910 accedunt
1432 2856 1500 2910 iis
1561 2857 1653 2926 qui
1703 2858 1914 2911 labora-

333 2951 461 2996 runt
486 2961 499 3009 ;
528 2944 813 3013 pr0pte'rea
843 2946 975 2998 dicit
1003 2960 1215 3014 sponsae
1244 2964 1256 2999 :
1287 2948 1397 3000 Cor
1425 2958 1576 3000 tuum
1608 2947 1805 3002 factum
1833 2955 1916 3000 est

336 3035 555 3103 pleuutn
592 3036 727 3089 favis
756 3051 918 3089 omne
950 3052 1121 3103 genus
1151 3036 1499 3101 eruditionis,
1530 3040 1675 3092 unde
1700 3038 1912 3107 profers

334 3138 401 3177 ex
431 3124 573 3177 bono
612 3124 871 3178 thesauro
900 3126 1085 3179 cordis
1117 3141 1314 3182 suaves
1346 3128 1519 3182 stillas
1554 3144 1867 3183 sermonum
1895 3148 1907 3182 :

335 3211 472 3265 adeo
517 3218 575 3264 ut
627 3212 725 3264 tibi
788 3213 859 3265 sit
911 3215 1088 3266 oratio
1120 3215 1226 3267 mel
1273 3217 1496 3270 mistum
1563 3232 1685 3270 cum
1750 3219 1908 3272 lacte.

336 3300 546 3354 Favum
578 3304 741 3365 enim,
785 3303 982 3373 inquit,
1035 3304 1297 3360 distillant
1332 3307 1473 3361 labia
1524 3319 1633 3367 tua.
1679 3327 1872 3379 sponsa
1899 3350 1911 3374 ,

336 3392 440 3445 me!
471 3402 521 3445 et
566 3395 649 3445 lac
696 3395 792 3447 sub
829 3394 1010 3465 lingua
1062 3406 1175 3450 tua.
1220 3399 1317 3453 Est
1354 3399 1496 3452 enim
1560 3401 1657 3454 tibi
1692 3412 1914 3471 paratus

337 3497 538 3545 sermo,
571 3485 915 3540 aulitoribus
947 3502 1055 3541 non
1100 3489 1426 3544 uniformem
1460 3494 1760 3546 ostendens
1802 3495 1913 3547 Uti—

336 3573 563 3638 litatem,
615 3574 709 3628 sed
758 3590 1064 3647 congruens
1118 3578 1330 3633 viribus
1386 3594 1575 3634 eorum
1611 3582 1702 3650 qui
1738 3582 1912 3652 ipsum

338 3665 647 3734 suscipiunt
679 3685 692 3719 :
733 3666 870 3721 adeo
903 3676 961 3721 ut
989 3679 1043 3723 et
1072 3668 1490 3737 perfectioribus
1519 3674 1808 3727 conveniat
1863 3682 1915 3726 ct

338 3757 647 3812 infantibus
673 3776 686 3811 :
717 3758 972 3827 perfectis
1003 3761 1224 3830 quidem
1256 3763 1359 3816 mel
1393 3762 1592 3827 factus,
1630 3763 1713 3816 lac
1736 3775 1913 3818 autem

338 3848 664 3913 infantibus,
721 3852 1032 3917 cuiusmodi
1086 3862 1204 3906 erat
1236 3852 1462 3917 Paulus,
1498 3863 1556 3907 ut
1605 3856 1697 3922 qui
1739 3857 1916 3909 verbis

337 3939 558 4006 quidem
592 3939 849 3993 mollibus
904 3941 1075 3993 aleret
1107 3956 1301 3995 recens
1350 3951 1533 4006 natos,
1591 3943 1915 4012 sapientiam

339 4037 523 4084 autem
551 4029 867 4098 loqueretur
903 4030 1160 4099 perfectis
1188 4030 1243 4084 in
1274 4031 1555 4101 mysterio,
1588 4032 1915 4088 absconsam

341 4134 372 4171 a
410 4120 647 4177 saaculis.
679 4134 842 4187 quam
892 4134 1000 4172 non
1063 4118 1209 4187 capit
1242 4120 1344 4172 hoc
1400 4121 1678 4183 saeculum,
1746 4138 1917 4191 neque

339 4211 620 4282 principes
645 4210 806 4280 hujus
835 4210 1019 4264 saeculi
1042 4210 1110 4264 ⁸¹.
1143 4208 1293 4265 Hanc
1327 4225 1455 4279 ergo
1485 4212 1658 4267 mellis
1685 4223 1736 4266 et
1764 4213 1918 4269 lactis

250 4303 253 4307 ’
340 4300 796 4370 prmparationem
833 4299 966 4353 dicit
1003 4315 1127 4354 csse
1156 4300 1260 4353 sub
1321 4300 1529 4370 lingua,
1595 4317 1790 4371 nempe
1830 4318 1918 4356 rc—

2008 1856 2266 1927 ὲργασίαν
2328 1854 2619 1915 διαπαντὸς
2689 1847 3111 1922 ἐμπορεύεσθαι.
3192 1844 3590 1917 Ἐμπορεύεται

2008 1946 2118 2017 γὰρ
2146 1946 2219 2006 ὣς
2248 1944 2479 2015 ἀληθῶς,
2509 1944 2577 1996 τὰ
2602 1942 2782 2011 ἀγαθὰ
2810 1944 2879 1994 τὰ
2906 1939 3098 1994 αἰώνια
3126 1939 3233 1992 τῶν
3260 1936 3387 2008 τῇδε
3417 1935 3591 1989 πόνων

2008 2036 2441 2108 διαμειϐόμενος,
2479 2036 2571 2087 καὶ
2621 2036 2748 2097 τοὺς
2801 2034 2963 2096 ἰδίους
3000 2032 3197 2095 πόνους
3244 2033 3324 2094 εἰς
3355 2028 3594 2100 ψυχικὴν

2011 2128 2220 2195 ὑγίειαν
2265 2125 2543 2196 βασιλεῦσί
2574 2141 2633 2176 τε
2668 2123 2762 2175 καὶ
2805 2120 3037 2184 ἰδιώταις
3076 2120 3287 2189 νέμων’
3320 2117 3463 2170 ὥστε
3494 2133 3593 2169 πο-

2011 2218 2192 2287 θεινὴν
2222 2217 2299 2285 τῷ
2323 2215 2540 2286 νυμφίῳ
2568 2215 2666 2285 τὴν
2718 2213 2973 2282 τοιαύτην
3000 2209 3252 2279 γενέσθαι
3277 2208 3475 2279 ψυχὴν,
3500 2209 3598 2260 καὶ

2009 2313 2122 2372 τοῖς
2171 2309 2422 2377 ἀγγέλοις
2464 2305 2741 2371 ἐπίδοξον,
2781 2308 2837 2358 ὲν
2874 2304 3123 2374 ἀσθενείᾳ
3158 2302 3469 2355 τελειοῦσαν
3497 2298 3598 2370 τὴν

2010 2398 2236 2468 δύναμιν
2281 2397 2368 2449 διὰ
2402 2397 2500 2467 τὴν
2542 2396 2640 2465 τῆς
2694 2394 2884 2462 σοφίας
2924 2395 3111 2463 τιμήν.
3156 2389 3376 2459 Ἐπειδὴ
3417 2390 3600 2441 τοίνυν

2013 2488 2343 2552 παιδεύσεως
2369 2491 2485 2541 ἐστι
2533 2489 2626 2540 καὶ
2665 2486 2979 2549 φιλοπονίας
3017 2483 3320 2551 ὑπόδειγμα
3356 2482 3425 2534 τὰ
3466 2480 3598 2551 περὶ

2014 2581 2109 2651 τὴν
2144 2579 2312 2650 σοφὴν
2347 2579 2560 2649 ἐκείνην
2609 2578 2858 2650 μέλιτταν
2885 2575 3230 2645 διηγήματα,
3260 2574 3357 2626 καὶ
3380 2573 3437 2624 αἱ
3480 2587 3600 2623 ποι-

2014 2672 2161 2724 κίλαι
2185 2671 2292 2723 τῶν
2324 2668 2712 2740 πνευματικῶν
2740 2667 3093 2738 χαρισμάτων
3122 2664 3434 2735 διαιρέσεις,
3456 2662 3601 2715 κατὰ

2013 2764 2111 2832 τὴν
2135 2765 2233 2832 τῆς
2257 2763 2495 2831 σπουδῆς
2516 2762 2806 2829 ἀναλογίαν
2837 2762 2949 2822 τοῖς
2974 2776 3031 2811 τε
3060 2757 3398 2826 πεπονηκόσι
3429 2771 3599 2825 προσ-

2015 2854 2274 2922 γίνονται,
2300 2852 2387 2906 διὰ
2406 2852 2566 2905 τοῦτό
2599 2868 2732 2921 φησι
2759 2849 2893 2922 πρὸς
2929 2849 3029 2919 τὴν
3051 2847 3267 2917 νύμφην
3284 2864 3297 2878 ·
3322 2850 3406 2902 ὅτι
3443 2848 3557 2917 ΠΑή
3576 2876 3590 2884 -

2021 2962 2118 3015 ρης
2167 2962 2247 2997 σοι
2294 2945 2514 3012 γέγονεν
2547 2944 2580 3013 ἡ
2624 2941 2819 3013 καρδία
2865 2939 2974 2993 τῶν
3009 2940 3072 2992 ἐκ
3112 2938 3210 3009 τῆς
3250 2935 3601 3005 παντοδαπῆς

2019 3035 2350 3099 παιδεύσεως
2406 3033 2591 3105 κηρῶν
2611 3073 2626 3097 ,
2654 3032 2776 3085 ὅθεν
2819 3031 3115 3103 προφέρεις
3148 3032 3211 3083 ἐκ
3259 3028 3354 3081 τοῦ
3384 3028 3595 3096 ἀγαθοῦ

2015 3123 2291 3194 θησαυροῦ
2319 3124 2419 3193 τῆς
2451 3122 2677 3193 καρδίας
2703 3122 2802 3185 τὰς
2835 3121 3095 3192 μελιχρὰς
3124 3118 3235 3172 τῶν
3269 3117 3446 3187 λόγων
3480 3134 3604 3170 στα-

2013 3216 2175 3283 γόνας
2203 3231 2216 3244 ·
2242 3215 2316 3276 ὡς
2339 3212 2477 3266 εἷναί
2508 3231 2588 3266 σοι
2614 3213 2733 3283 μέλι
2759 3212 2847 3265 τὸν
2872 3211 3028 3278 λόγον
3052 3209 3599 3281 συναναμεμιγμένον

2011 3304 2089 3375 τῷ
2143 3306 2392 3373 γάλακτι.
2419 3305 2643 3372 Κηρίον
2674 3307 2805 3372 γὰρ,
2833 3303 3018 3372 φησὶν,
3064 3300 3385 3361 ἀποστάζει
3425 3300 3601 3370 χείλη

2013 3415 2151 3463 σου,
2169 3399 2393 3467 νύμφη,
2408 3396 2546 3466 μέλι
2572 3396 2670 3449 καὶ
2694 3395 2847 3463 γάλα
2872 3394 2989 3449 ὑπὸ
3017 3393 3129 3462 τὴν
3150 3391 3599 3463 γλῶσσάν-σου.

2014 3489 2461 3560 Παρεσκεύασται
2522 3488 2630 3558 γάρ
2672 3503 2753 3539 σοι
2803 3489 2830 3538 ὁ
2869 3485 3057 3553 λόγος,
3098 3484 3157 3537 ού
3212 3482 3461 3553 μονοειδῆ
3506 3481 3601 3551 τὴν

2013 3581 2278 3647 ὠφέλειαν
2302 3582 2412 3642 τοῖς
2429 3577 2717 3632 ἀκούουσιν
2746 3575 3205 3645 ἐπιδεικνύμενος,
3222 3573 3365 3655 ,ἀλλά
3399 3574 3599 3626 καταλι-

2014 3672 2186 3742 λῆλως
2233 3671 2367 3739 πρὸς
2400 3670 2496 3741 τὴν
2538 3670 2645 3721 τῶν
2687 3668 2992 3738 δεχομένων
3028 3666 3255 3747 δύναμιν
3286 3665 3592 3735 ἁρμοζόμεο

2015 3776 2102 3821 νος
2124 3776 2136 3790 ⁸
2154 3758 2229 3821 ώς
2260 3761 2352 3811 καὶ
2381 3762 2491 3820 τοῖς
2517 3757 2865 3825 τελειοτέροις
2890 3755 2982 3808 καὶ
3002 3755 3357 3825 νηπιάζουσιν
3386 3755 3602 3815 οἰκείως

2014 3849 2193 3919 ἔχειν’
2228 3853 2339 3911 τοῖς
2369 3851 2464 3918 μὲν
2498 3847 2721 3909 τελείοις
2763 3846 2921 3915 μέλι,
2960 3848 3069 3909 τοῖς
3115 3845 3171 3898 δὲ
3209 3844 3425 3915 νηπίοις
3465 3844 3601 3912 γάλα

2013 3941 2291 4011 γινόμενος
2326 3957 2339 3970 °
2365 3937 2474 4003 οἷος
2499 3940 2526 3991 ὁ
2568 3939 2777 3998 Παῦλος
2824 3934 2910 4010 ἦν,
2939 3940 3050 3999 τοῖς
3081 3937 3179 4006 μὲν
3223 3938 3599 4007 ἀπαλωτέροις

2015 4032 2125 4084 τῶν
2174 4034 2346 4100 λόγων
2377 4033 2504 4094 τοὺς
2549 4031 2851 4100 ἁρτιγενεῖς
2882 4028 3286 4099 τιθηνούμενος,
3324 4029 3518 4096 σοφίαν
3547 4029 3599 4079 δὲ

2016 4122 2191 4176 λαλῶν
2218 4126 2273 4177 ὲν
2298 4125 2410 4185 τοῖς
2438 4122 2662 4184 τελείοις
2683 4124 2738 4176 ὲν
2772 4121 3077 4192 μυστηρίῳ,
3118 4120 3216 4189 τὴν
3247 4120 3602 4188 ἀποκεκρυμ-

2022 4216 2185 4285 μένην
2217 4214 2323 4266 timo
2354 4212 2462 4265 τῶν
2512 4211 2743 4276 αἰώνων,
2773 4214 2840 4283 ἢν
2896 4213 2954 4264 ού
3008 4213 3178 4281 χωρεῖ
3203 4212 3231 4263 ό
3258 4209 3393 4263 αἰὼν
3427 4205 3599 4274 οὗτος,

2017 4306 2137 4359 οὐδὲ
2183 4308 2230 4357 οἱ
2266 4306 2521 4375 ἄρχοντες
2553 4304 2761 4357 τούτου.
2794 4304 2903 4374 Τὴν
2956 4298 3047 4355 οὗν
3102 4304 3357 4372 τοιαύτην
3422 4320 3598 4373 παραο

341 4387 621 4441 condituin
648 4396 701 4439 ct
728 4397 1095 4457 Opportunum
1128 4402 1285 4441 usum
1346 4390 1618 4444 sermonis
1649 4405 1743 4459 per
1774 4391 1840 4443 ha

2093 4395 2252 4466 ευὴν,
2282 4396 2379 4467 τὴν
2417 4395 2627 4464 μέλιτός
2670 4412 2729 4447 τε
2774 4394 2866 4447 καὶ
2915 4393 3008 4445 τοῦ
3047 4393 3347 4460 γάλακτος,
3383 4394 3601 4445 ὑποκεῖ-

342 4491 531 4532 vocem
564 4478 832 4535 iudicans.
863 4476 995 4531 Nam
1029 4479 1123 4546 qui
1148 4481 1253 4533 scit
1272 4481 1729 4550 quemadmodum
1751 4498 1915 4551 opor-

343 4575 457 4622 teat
491 4568 787 4637 unicuique
819 4569 1173 4638 rcspoudcre,
1204 4572 1520 4643 sub‘lingua
1544 4573 1750 4629 habens
1773 4574 1914 4628 hanc

343 4658 552 4713 variam
612 4660 723 4713 vim
785 4662 1078 4729 sermonis,
1137 4673 1260 4734 apte
1300 4668 1503 4735 prmhet
1565 4666 1619 4717 in
1673 4675 1912 4734 tempore

345 4749 641 4817 unicuique
667 4764 734 4804 ex
773 4750 1116 4807 auditoribus
1149 4754 1198 4805 id
1240 4753 1382 4821 quod
1420 4766 1498 4806 es:
1543 4753 1590 4805 ci
1625 4753 1768 4805 usui.

2024 4486 2144 4538 σθαι
2170 4486 2314 4553 λέγει
2342 4489 2408 4557 τῇ
2437 4485 2678 4556 γλώσσῃ,
2702 4484 2799 4556 τὴν
2827 4485 3264 4556 τεταμιευμένην
3306 4501 3367 4536 τε
3393 4486 3491 4537 καὶ
3515 4484 3600 4537 εὖ·

2021 4595 2206 4646 καιρον
2258 4578 2366 4630 τῶν
2400 4577 2571 4645 λόγων
2620 4577 2814 4646 χρῆσιν
2844 4575 2933 4629 διὰ
2974 4576 3073 4647 τῆς
3124 4575 3380 4646 τοιαύτης
3422 4577 3600 4646 φωνῆς

2019 4667 2442 4736 ἐνδεικνύμενος.
2491 4669 2549 4719 Ὀ
2592 4668 2701 4738 γὰρ
2753 4666 2907 4730 εἰδὼς
2955 4667 3071 4729 πῶς
3129 4667 3209 4719 δεῖ
3254 4668 3333 4718 ἑνὶ
3387 4668 3599 4736 ἑκάστῳ

2019 4759 2430 4828 ἀποκρίνεσθαι,
2476 4759 2613 4828 ἔχων
2644 4759 2749 4811 ὑπὸ
2786 4758 2885 4829 τὴν
2917 4758 3169 4828 γλῶσσαν
3197 4758 3295 4829 τὴν
3355 4759 3599 4829 ποικίλην

341 4842 544 4913 ταύτην
576 4840 669 4895 τοῦ
721 4842 878 4912 λόγου
932 4832 1155 4915 δύνα⁶μιν
1181 4887 1197 4911 ,
1235 4845 1503 4916 ἁρμοδίως
1543 4844 1756 4912 ἑκάστῳ
1802 4844 1908 4897 τῶν
1948 4847 2251 4902 ἀκουόντων
2309 4851 2368 4901 τὸ
2412 4850 2545 4918 πρὸς
2567 4851 2663 4919 τὴν
2684 4850 2872 4919 χρείαν
2912 4850 3003 4901 ἐπὶ
3045 4849 3238 4920 καιροῦ
3317 4850 3597 4920 προχειρί-

343 4937 511 5000 ζεται.

412 5029 551 5083 Cum
580 5030 720 5083 hanc
750 5042 931 5083 autem
967 5028 1208 5084 dedisset
1238 5025 1457 5081 laudem
1495 5028 1576 5080 ori
1637 5036 1691 5081 et
1719 5029 1916 5096 lingua:

346 5134 582 5185 sponsae,
613 5119 812 5174 transit
833 5133 1028 5174 rursus
1056 5117 1124 5171 ad
1156 5117 1366 5187 majora
1393 5116 1665 5179 cncomia,
1686 5116 1874 5170 dicens
1903 5135 1913 5169 :

349 5208 495 5263 Udor
523 5210 945 5263 vestimentorum
1000 5219 1208 5262 tuorum
1255 5218 1504 5277 tanquam
1543 5207 1673 5261 ador
1727 5206 1917 5260 thuris.

348 5298 464 5351 lloc
485 5300 632 5367 quod
664 5298 871 5354 dicitur
895 5308 980 5355 est
1002 5300 1248 5370 quadam
1274 5300 1645 5369 philosophia,
1670 5299 1918 5351 indicans

347 5389 613 5454 quidnam
653 5392 934 5447 intueatur
983 5394 1299 5447 hominibus
1334 5394 1442 5446 vita
1476 5408 1598 5460 quze
1627 5408 1690 5444 cx
1720 5393 1920 5444 virtute

352 5485 553 5545 agitur.
587 5479 719 5532 Nam
777 5484 894 5535 vita:
932 5500 1050 5552 qua:
1098 5497 1161 5535 ev
1230 5484 1427 5535 virtute
1464 5484 1642 5551 agitur
1679 5482 1799 5535 finis
1838 5490 1919 5534 cst

432 5658 474 5685 ⁶¹
524 5655 538 5707 l
573 5654 696 5707 (Zur.
729 5670 804 5713 tu.
845 5658 894 5709 8.

2093 5027 2343 5081 Τοιοῦτον
2410 5029 2465 5082 δὲ
2517 5027 2882 5096 προσαγαγὼν
2940 5026 3016 5095 τῷ
3090 5027 3320 5095 στόματι
3375 5030 3474 5081 καὶ
3533 5035 3593 5100 τῇ

2023 5118 2239 5189 γλώσσῃ
2262 5119 2359 5188 τῆς
2380 5118 2596 5188 νύμφης
2621 5119 2712 5171 τὸν
2734 5118 2972 5179 ἔπαινον,
3002 5116 3162 5170 πάλιν
3186 5118 3322 5186 πρὸς
3337 5120 3401 5171 τὰ
3430 5122 3595 5188 μείζω

2023 5207 2131 5260 τῶν
2170 5207 2459 5276 ἐγκωμίων
2495 5207 2843 5278 μετέρχεται,
2878 5206 3081 5273 λέγων·
3117 5207 3197 5258 ὅτι
3244 5207 3434 5277 Ὁσμὴ
3469 5213 3591 5277 lya-

2036 5298 2177 5350 τίων
2208 5315 2344 5359 σου,
2391 5299 2472 5363 ὡς
2521 5297 2679 5366 ὀσμὴ
2728 5297 2992 5352 λιϐάνου.
3063 5298 3121 5349 Ὀ
3161 5297 3217 5350 δὲ
3253 5297 3411 5366 λόγος
3447 5295 3593 5363 οὖττις

2027 5390 2312 5457 φιλοσοφία
2336 5390 2418 5452 τίς
2450 5392 2614 5452 ἐστιν,
2649 5392 2727 5451 εἰς
2760 5390 2788 5441 ὃ
2808 5407 2860 5441 τι
2884 5390 3068 5458 βλέπει
3100 5393 3210 5452 τοῖς
3234 5390 3541 5461 ἀνθρώποις
3570 5395 3594 5443 ὁ

2031 5481 2148 5532 κατ’
2178 5480 2373 5550 ἀρετὴν
2410 5481 2517 5547 βῖος
2552 5480 2934 5535 ύττῖδεικνύων.
2984 5481 3161 5549 Πέρας
3193 5481 3300 5550 γὰρ
3341 5481 3441 5549 τῆς
3476 5484 3585 5535 ἐνα-
