3730 5980
131 152 270 206 961

1240 154 1304 208 ΙΝ
1341 153 1638 210 CANTICA
1662 150 1928 207 CANTIC.
1970 149 2255 206 IIOMILIA
2295 151 2386 206 ιχ.

3328 157 3434 212 962

135 264 332 336 ρὲτου
357 265 504 334 ξωῆς
533 268 564 336 ή
597 267 734 336 πρὸς
759 268 820 322 τὸ
839 269 991 322 Θεῖόν
1017 271 1163 322 ἐστιν
1187 269 1445 340 ὁμοίωσις
1465 309 1481 334 ,
1511 270 1602 322 καὶ
1632 269 1749 322 τούο

1939 280 1971 319 o
1998 267 2314 334 assimilari,
2343 275 2398 323 et
2434 282 2498 323 ea
2531 269 2598 324 de
2647 285 2814 326 causa
2847 269 3044 326 anima:
3095 271 3330 341 paritas,
3379 284 3433 329 ct

132 369 267 406 του
293 353 512 426 χάρινιῆ
533 371 592 407 τε
627 357 722 426 τῆς
761 356 940 427 ψυχῆς
972 357 1310 430 καθαρότης,
1349 359 1444 412 καὶ¹
1475 359 1535 412 τὸ
1575 359 1752 429 πάσης

137 445 458 515 ὲμπαθοῦς
483 446 776 512 διαθέσεως
805 450 1186 520 ἀνεπίμικτον,
1217 449 1282 502 δι’
1313 450 1624 521 ἐπιμελείας
1656 467 1752 504 κα·

137 535 458 607 τορθοῦται
490 540 604 600 τοῖς
637 537 928 610 ἐναρέτοις,
964 539 1105 593 ὥστε
1137 539 1263 594 τινὰ
1294 539 1620 612 χαρακτῆρα
1658 542 1753 610 τῆς

142 627 580 698 ὑπερκειμένης
612 631 828 698 φύσεως
856 630 946 684 διὰ
981 631 1085 702 τῆς
1111 632 1460 704 ἀστειοτέρας
1483 630 1634 702 ζωῆς
1665 633 1755 684 καὶ

141 719 228 771 ὲν
263 719 452 782 αὐτοῖς
483 719 756 788 γενέσθαι.
805 721 1026 792 Ἐπειδὴ
1059 723 1238 776 τοίνυν
1263 725 1326 777 οὐ
1365 721 1640 794 μονοειδής
1672 722 1756 784 τίς

143 810 346 874 ἐστιν,
379 811 500 864 οὐδὲ
533 811 866 883 μονότροπος
893 813 925 882 ή
963 815 1084 866 κατ’
1115 813 1314 886 ἀρετὴν
1345 813 1614 875 πολιτεία..
1639 813 1754 866 ἀλλ’

145 901 366 972 ὥσπερ
391 902 486 955 ὲπὶ
508 901 608 972 τῆς
633 901 742 954 τῶν
769 903 1108 973 ὑφασμάτων
1137 907 1479 974 κατασκευῆς
1509 905 1597 957 διὰ
1625 903 1755 956 πολ-

144 991 278 1044 λῶν
327 994 584 1063 νημάτων
623 993 733 1046 τῶν
777 994 877 1064 μὲν
927 996 1014 1047 ἐπ’
1065 995 1282 1059 εὐθείας
1316 994 1752 1065 ἀνατεταμένων,

142 1083 280 1136 τῶν
331 1084 388 1136 δὲ
431 1085 576 1161 κατά
617 1085 678 1136 τὸ
722 1085 951 1152 πλάγιον
997 1084 1367 1158 διῃρημένων,
1417 1087 1450 1154 ἡ
1489 1085 1755 1156 ὑφαντικὴ

144 1174 334 1244 τέχνη
362 1173 460 1245 τὴν
483 1173 688 1244 ἐσθῆτα
727 1177 903 1228 ποιεῖ·
946 1173 1088 1227 οὕτω
1116 1176 1212 1228 καὶ
1249 1175 1339 1228 ἐπὶ
1372 1176 1470 1244 τῆς
1501 1175 1755 1246 ἐναρέτου

147 1261 320 1332 ζωῆς
354 1263 524 1316 πολλά
564 1268 668 1334 χρὴ
709 1265 1070 1335 συνδραμεῖν,
1103 1264 1168 1316 δι’
1199 1259 1273 1318 ὧν
1307 1267 1334 1318 6
1383 1266 1596 1327 ἀστεῖος
1634 1263 1757 1329 ἐξυ-

150 1352 426 1420 φαίνεται
457 1353 604 1423 βίος,
637 1354 820 1417 καθὼς
854 1356 1250 1427 ἀπαριθμεῖται
1292 1355 1361 1408 τά
1406 1355 1626 1408 τοιαῦτα
1665 1355 1760 1425 νή-

155 1460 328 1512 ματα
372 1445 402 1496 6
451 1443 594 1506 θεῖος
653 1445 1010 1508 Ἀπόστολος,
1041 1445 1109 1498 δι’
1156 1440 1230 1498 ὧν
1277 1447 1309 1515 ἡ
1349 1445 1456 1498 τῶν
1505 1443 1758 1516 καθαρῶν

153 1534 352 1604 ἔργων
389 1534 671 1604 ίστουργία
705 1536 1018 1589 συνίσταται
1039 1553 1052 1566 ⁸
1081 1536 1300 1606 ἀγάπην
1333 1535 1506 1604 λέγων
1544 1538 1636 1588 καὶ
1661 1553 1756 1606 χα-

1856 355 1988 408 nihil
2023 357 2222 412 habere
2254 357 2548 412 admistum
2581 360 2826 412 omnium
2858 359 3028 414 animi
3081 367 3330 416 motuum
3367 376 3432 429 ac

1855 446 2355 534 perturbationum,
2387 461 2416 500 a
2437 447 2578 501 'viris
2611 447 2772 501 bonis
2800 448 3092 518 diligenter
3116 459 3428 514 exercetur,

1857 547 1915 590 ut
1939 551 2034 606 per
2059 539 2338 592 meliorem
2371 539 2534 592 vitam
2571 539 2644 592 sit
2674 540 2727 592 in
2761 539 2841 594 eis
2875 540 3121 609 quaedam
3157 540 3328 610 ﬁgura
3375 548 3432 596 et

1855 630 2141 684 character
2185 639 2394 684 natura:
2433 631 2921 701 supereminentis.
2980 629 3254 696 Quoniam
3300 647 3431 701 ergo

1857 736 1964 776 non
1987 728 2074 775 est
2106 721 2426 786 uniformis,
2456 738 2636 791 neque
2671 723 2836 777 unius
2871 721 3016 774 modi
3054 721 3164 774 vita
3215 736 3337 791 qua:
3367 737 3432 775 ex

1859 813 2058 866 virtute
2115 812 2320 882 agitur,
2376 813 2472 866 sed
2526 812 2804 882 quomodo
2853 813 2906 866 in
2952 799 3058 866 tela
3120 819 3215 866 aut
3267 811 3432 882 panni

1859 912 2094 968 textura,
2143 919 2240 974 per
2290 904 2467 958 multa
2527 903 2636 966 lila,
2692 919 2922 973 quorum
2957 905 3064 958 alia
3117 903 3338 973 quidem
3377 903 3435 957 in

1857 1003 2068 1048 rectum
2103 1003 2232 1049 sunt
2267 1003 2518 1061 extensa,
2547 995 2652 1046 alia
2683 1003 2864 1048 autem
2905 1009 3002 1062 per
3052 1002 3433 1049 transversum

1857 1085 2052 1149 divisa,
2089 1099 2179 1139 ars
2215 1085 2435 1140 texendi
2471 1085 2602 1139 facit
2642 1093 2848 1139 vestem
2880 1102 2894 1138 :
2937 1085 3010 1138 ita
3035 1086 3197 1139 etiam
3232 1076 3284 1137 in
3327 1085 3434 1137 vita

1857 1191 1979 1244 qua:
2010 1191 2074 1228 ex
2128 1175 2334 1229 virtute
2381 1175 2584 1244 agitur,
2629 1174 2798 1228 multa
2862 1181 3080 1243 oportet
3137 1188 3436 1228 concurre-

1859 1279 1938 1326 re,
1972 1279 2070 1334 per
2118 1278 2240 1332 quae
2296 1263 2436 1316 bona
2499 1263 2706 1317 texitur
2764 1263 2874 1316 vita
2927 1281 2939 1317 :
3010 1263 3156 1318 sicut
3215 1263 3436 1319 divinus

1858 1353 2063 1409 Paulus
2147 1355 2260 1408 haec
2350 1354 2438 1408 lila
2507 1364 2838 1416 enumerat,
2905 1371 3001 1424 per
3086 1371 3208 1426 qua:
3303 1371 3438 1410 con-

1859 1445 2004 1498 sistit
2081 1448 2297 1497 textura
2387 1439 2662 1496 Bonorum
2749 1458 3021 1518 operum,
3112 1445 3436 1500 charitatem

1861 1535 2074 1600 dicens,
2112 1541 2165 1589 et
2193 1533 2476 1604 gaudium,
2516 1542 2569 1588 et
2598 1548 2810 1603 pacem,
2863 1535 3353 1605 longanimitatem,
3386 1545 3440 1592 ct

160 1601 280 1695 pth
309 1626 408 1678 καὶ
441 1601 686 1697 εἰρήνην,
735 1601 1141 1698 μακροθυμίαν-
1163 1643 1223 1679 τε
1258 1601 1358 1678 καὶ
1394 1601 1756 1696 γρηστότηντα,

1939 1601 2274 1694 uiguitatein,
2329 1634 2384 1678 et
2447 1601 2792 1695 quacunque
2850 1601 2983 1681 sunt
3031 1628 3438 1695 huiusmodi“,

156 1719 269 1770 καὶ
301 1718 483 1772 πάντα
509 1719 578 1772 τὰ
609 1718 852 1784 τοιαῦτα,
879 1715 959 1782 οἷς
989 1718 1414 1788 κατακοσμεῖ-,ται
1443 1721 1470 1770 ὁ
1495 1720 1558 1770 ὲκ
1585 1718 1759 1792 φθαρ-

157 1807 273 1860 τοῦ
297 1827 358 1861 τε
393 1811 487 1863 καὶ
519 1811 707 1879 γηῖνου
753 1810 867 1880 βίου
911 1811 1008 1881 τὴν
1049 1811 1296 1880 οὐράνιον
1329 1810 1633 1881 ἀφθαρσίαν
1668 1828 1760 1880 μευ

157 1898 548 1968 τενδυόμενος.
604 1899 805 1953 Τούτου
864 1900 1024 1970 χάριν
1073 1899 1398 1968 ἀποδέχεται
1443 1899 1534 1952 τὸν
1582 1901 1638 1951 ἐν
1692 1901 1758 1969 τῇ

159 1989 362 2061 ἐσθῆτι
392 1991 594 2061 κόσμον
626 1992 724 2062 τῆς
752 1991 993 2063 νύμφης,
1022 1991 1096 2053 ὡς
1131 1990 1208 2061 τῷ
1241 1989 1444 2060 λιϐάνῳ
1487 1989 1628 2043 κατά
1661 1991 1760 2062 τὴν

158 2079 352 2150 ὀσμὴν
399 2081 774 2151 ὁμοιούμενον.
833 2081 1095 2148 Καίτοιγε
1153 2081 1259 2150 πρὸ
1307 2078 1496 2132 τούτου
1543 2078 1760 2132 πάντων

161 2166 332 2226 εἶπεν
372 2171 481 2224 τῶν
528 2173 837 2243 ἀρωμάτων
881 2173 1132 2243 προέχειν
1167 2173 1265 2240 τὴν
1295 2171 1386 2223 τοῦ
1443 2169 1613 2240 μύρου
1663 2170 1761 2239 τῆς

163 2260 396 2332 νύμφης
425 2261 762 2333 εύωδίαν,ιῖ›ς
783 2263 958 2317 δοκεῖν
989 2265 1045 2317 ἐν
1071 2262 1244 2332 τούτῳ
1270 2260 1590 2332 καθαίρεσιν
1622 2256 1760 2313 εἶναι

163 2353 283 2406 τῶν
319 2353 642 2428 ἐγκωμίων,
675 2356 832 2425 εἴπερ
874 2357 906 2424 ἡ
955 2353 1155 2416 παντὸς
1197 2351 1487 2423 ἀρεῦματος
1531 2351 1761 2422 ὑπερτει-

164 2441 352 2508 Οεῖσα,
410 2443 504 2496 νῦν
557 2443 695 2510 πρὸς
735 2442 794 2496 ἓν
835 2443 944 2496 τῶν
989 2443 1296 2513 ἀρωμάτων
1349 2439 1626 2512 ὁμοιοῦται
1675 2440 1762 2494 διά

72 2541 80 2545 ’
166 2533 553 2604 συγκρίσεως,
607 2533 780 2596 οὕτως
822 2533 1066 2596 εἰπόντος
1107 2533 1200 2585 τοῦ
1240 2531 1412 2601 Λόγου
1437 2547 1450 2562 ο
1487 2533 1568 2585 ὅτι
1608 2532 1761 2584 Κατά

167 2624 272 2694 τὴν
315 2624 490 2694 ὀσμὴν
519 2622 613 2676 τοῦ
644 2623 864 2676 λιϐάνου
895 2622 1002 2677 τῶν
1037 2623 1267 2694 ἱματίων
1299 2621 1392 2675 σού
1431 2609 1578 2675 ἐστιν
1608 2623 1640 2692 ἡ
1673 2621 1762 2674 εὑ-

167 2717 333 2771 ωδία.
376 2717 517 2770 Ἀλλ’
563 2717 751 2788 ἐπειδὴ
787 2717 1092 2789 ἰδιαζόντως
1133 2716 1276 2770 κατά
1317 2732 1442 2770 τινα
1479 2715 1636 2784 λόγον
1664 2717 1760 2778 ιείς

177 2811 272 2865 τὴν
303 2809 400 2864 τοῦ
431 2807 587 2863 Θείου
631 2809 798 2881 τιμὴν
841 2808 1282 2878 ἀποτεταγμένον
1326 2802 1396 2878 ἦν
1446 2807 1507 2860 τὸ
1541 2806 1636 2860 τοῦ
1674 2805 1760 2859 λι-

170 2903 344 2956 ϐάνου
366 2901 637 2972 θυμίαμα,
669 2901 855 2953 τούτου
884 2900 1042 2970 χάριν
1077 2901 1109 2969 ἡ
1139 2900 1278 2970 ὑπὲρ
1310 2900 1487 2952 πάντα
1518 2899 1584 2952 τά
1615 2897 1761 2970 ἀρώ-

171 3011 328 3065 ματα
355 2990 493 3046 εἷναι
531 2992 778 3064 κριθεῖσα
803 2990 1047 3055 ἀξιοῦται
1075 2991 1172 3060 τῆς
1217 2990 1353 3062 πρὸς
1385 2990 1446 3044 τὸ
1469 2990 1532 3053 ἓν
1564 2989 1760 3062 ἀρωμα

171 3085 511 3154 ὁμοιώσεως,
547 3086 608 3138 τὸ
631 3084 710 3154 τῷ
735 3083 852 3154 Θεῷ
876 3083 1254 3154 ἀνακείμενον,
1279 3082 1354 3146 ὡς
1382 3084 1442 3136 τὸ
1465 3082 1642 3154 νόημα
1667 3080 1760 3134 τοῦ

173 3176 500 3244 αἰνίγματος
537 3173 774 3230 τοιοῦτον
817 3168 986 3227 εἶναι·
1031 3175 1112 3226 ὅτι
1163 3165 1340 3236 zona)
1401 3172 1609 3242 νύμφη,
1656 3171 1762 3224 τῶν

175 3267 446 3338 ἀρετῶνή
477 3265 736 3337 περιϐολὴ
764 3267 863 3337 τὴν
901 3265 1050 3318 θείαν
1085 3265 1331 3335 μιμεῖται
1364 3263 1760 3335 μακαριότητα,

176 3357 267 3412 διά
297 3356 666 3428 καθαρότητός
695 3373 753 3410 τε
775 3358 868 3411 καὶ
893 3355 1184 3420 ἀπαθείας,
1211 3361 1278 3429 τῇ
1301 3357 1578 3426 ἀπροσίτῳ
1605 3353 1761 3421 φύσει
1796 3400 1812 3412 ,

177 3452 535 3524 ὁμοιουμένη.
557 3449 791 3522 Τοιαύτη
818 3449 927 3522 γάρ
955 3452 988 3520 ἡ
1016 3450 1124 3502 τῶν
1155 3451 1312 3502 θείων
1345 3448 1570 3520 ἱματίων
1599 3444 1761 3514 ὀσμὴ,

179 3546 261 3608 ὡς
299 3543 435 3616 πρὸς
471 3542 563 3596 τὸν
597 3541 810 3594 λίϐανον
838 3539 1093 3611 ἐμφερῶς
1121 3538 1267 3609 ἔχειν
1293 3539 1383 3590 τὸν
1412 3535 1763 3604 ἀνακείμενον

179 3638 264 3699 είς
290 3633 387 3704 τὴν
415 3632 507 3686 τοῦ
540 3632 674 3687 Θεοῦ
698 3633 884 3703 τιμήν.

256 3726 424 3780 Πάλιν
465 3724 800 3796 μανθάνομεν
836 3723 922 3777 διὰ
959 3721 1066 3776 τῶν
1109 3721 1302 3792 ἐφεξῆς
1343 3721 1597 3783 ἐπαίνων,
1649 3720 1766 3781 πῶς

185 3818 252 3871 ἄν
279 3836 364 3882 τις
388 3819 598 3886 γένοιτο
620 3815 716 3868 τοῦ
759 3817 966 3886 Κυρίου
1005 3815 1208 3886 ἀδελφὴ
1249 3813 1342 3866 καὶ
1376 3811 1658 3882 ὁμόζυγος,
1698 3811 1762 3863 δι’

181 3903 260 3962 ὧν
300 3925 485 3978 φησιν,
516 3908 598 3960 ὅτι
637 3905 842 3974 Κῆπος
884 3905 1330 3974 κεκλεισμένος,
1381 3902 1612 3973 ἀδελφή
1645 3920 1764 3971 μου

182 4001 410 4068 νύμφη.
447 3995 656 4052 Οὐκοῦν
690 3997 742 4050 εἴ
766 4014 850 4059 τις
891 3999 1279 4065 μεταποιεζται,
1316 3993 1500 4063 νύμφη
1539 3992 1634 4062 μὲν
1681 3991 1766 4044 διά

183 4091 280 4146 τοῦ
315 4089 784 4164 προσκολληθῆναι
824 4087 900 4158 τῷ
938 4087 1127 4156 Κυρίῳ
1157 4084 1438 4153 γενέσθαι·
1479 4083 1680 4153 ἀδελφὴ
1709 4081 1765 4134 δὲ

183 4183 273 4238 διὰ
303 4181 399 4236 τοῦ
429 4181 487 4235 τὸ
519 4181 732 4252 θέλημα
755 4179 918 4234 αὐτοῦ
939 4177 1392 4250 κατεργάζεσθαι,
1415 4175 1594 4238 καθὼς
1621 4174 1766 4242 λέγει

1859 1718 2058 1786 quibus
2109 1725 2339 1770 ornatur
2394 1717 2488 1786 qui
2549 1718 2830 1771 cwlestem
2886 1719 3136 1772 induitur
3186 1720 3439 1773 incorru-

1860 1809 2121 1878 ptionem,
2155 1823 2218 1861 ex
2259 1809 2368 1861 vita
2407 1817 2625 1862 terrena
2674 1809 2726 1860 in
2769 1824 2934 1877 quam
2975 1810 3124 1862 cadit
3161 1810 3437 1866 interitus.

1857 1897 2155 1968 Propterea
2187 1898 2392 1968 accipit
2425 1898 2517 1968 qui
2559 1899 2612 1952 in
2647 1909 2799 1953 veste
2825 1909 2910 1954 est
2960 1908 3214 1954 ornatum
3273 1917 3441 1970 spon-

1857 2004 1950 2051 sae,
1989 1989 2177 2064 utqui
2233 1988 2404 2044 odore
2461 1989 2534 2043 sit
2583 1989 2783 2045 similis
2833 1990 3006 2044 tlturi.
3058 1989 3224 2061 Atqui
3287 1993 3440 2061 prius

1851 2080 1996 2132 dixit
2049 2080 2310 2134 omnibus
2367 2081 2709 2136 aromatibus
2775 2083 3106 2137 antecellere
3171 2085 3440 2153 unguenti

1859 2185 2074 2240 sponsae
2108 2171 2309 2224 bonum
2344 2170 2568 2225 odorem
2602 2188 2616 2224 ι
2653 2170 2789 2226 adeo
2832 2179 2890 2226 nt
2934 2172 2990 2226 in
3019 2173 3124 2227 hoc
3183 2174 3439 2229 videatur

1858 2259 2038 2312 omnia
2069 2259 2260 2313 tollere
2293 2260 2572 2324 encomia,
2607 2261 2879 2331 siquidem
2921 2278 3042 2332 qua:
3089 2263 3265 2319 cuivis
3300 2279 3442 2334 prte-

1860 2349 1968 2400 lata
2006 2346 2110 2402 fuit
2164 2348 2424 2414 aromati,
2482 2366 2632 2405 nunc
2669 2367 2769 2421 per
2822 2357 3290 2422 comparationem
3343 2356 3441 2409 uni

1859 2437 2202 2493 assimilatur
2254 2439 2517 2504 aromati,
2571 2443 2827 2510 cumqsic
2873 2443 3073 2498 dixerit
3106 2445 3439 2515 Scriptura:

1863 2527 2016 2584 Sicut
2045 2530 2184 2585 odor
2215 2532 2392 2587 thuris
2422 2541 2507 2588 est
2541 2533 2720 2588 bonus
2753 2534 2891 2589 odor
2928 2545 3146 2590 tuarum
3181 2539 3442 2592 vestium.

1862 2619 1968 2676 Sed
1996 2623 2254 2692 quoniam
2284 2625 2550 2694 peculiari
2602 2625 2842 2694 quadam
2876 2627 3091 2683 ratione
3125 2628 3218 2683 Dei
3248 2629 3444 2685 honori

1860 2715 2159 2784 deputatus
2189 2723 2307 2769 erat
2338 2716 2514 2772 thuris
2544 2716 2780 2780 suﬁitus,
2811 2731 2874 2771 ea
2897 2717 2964 2772 de
2995 2735 3163 2790 causa
3192 2736 3312 2790 qua:
3342 2719 3446 2774 fuit

1861 2806 2084 2874 prtelata
2115 2806 2372 2862 omnibus
2409 2808 2774 2873 aromatibus,
2803 2808 2969 2876 digna
3011 2821 3269 2864 censetur
3325 2827 3446 2880 quae

1863 2897 2198 2952 assimiletur
2228 2899 2322 2952 nni
2352 2899 2609 2964 aromati,
2643 2899 2790 2970 quod
2823 2899 2932 2956 Deo
2961 2901 3297 2956 dedicatum.
3325 2903 3445 2968 Quo

1815 2985 1832 3004 ‘
1865 2987 1922 3041 ﬁt
1961 2996 2019 3041 nt
2051 2988 2124 3041 sit
2151 2988 2246 3066 hic
2305 3004 2502 3044 sensus
2533 2991 3098 3060 aenigmatiszTunm,
3154 3008 3188 3046 ο
3221 3007 3446 3062 sponsa;

1863 3079 2130 3134 vit-tutum
2168 3080 2550 3136 indumentum
2606 3082 2856 3137 imitatur
2887 3083 3125 3138 divinam
3159 3084 3440 3140 beatitudi-

1863 3182 2026 3231 nem,
2072 3184 2172 3237 per
2239 3169 2531 3238 puritatem
2586 3177 2642 3224 et
2715 3171 3176 3242 impatibilitatem
3226 3172 3486 3228 assimi-.

1863 3257 1970 3310 lata
2034 3269 2245 3314 natum
2300 3261 2364 3313 ad
2420 3276 2584 3329 quam
2646 3277 2753 3316 non
2813 3270 2963 3332 patet
3029 3262 3233 3317 aditus.
3297 3262 3446 3316 Talis

1863 3357 1946 3403 est
2006 3351 2196 3415 enim,
2261 3351 2486 3420 inquit,
2548 3351 2688 3405 odor
2782 3359 3004 3406 tuorum
3087 3353 3446 3408 vestimento-

1865 3453 2025 3500 rum,
2086 3449 2145 3492 ut
2189 3439 2262 3492 sit
2319 3437 2516 3492 similis
2559 3439 2727 3502 thuri,
2784 3438 2926 3508 quod
2979 3437 3070 3493 Dei
3121 3439 3315 3492 honori
3363 3447 3446 3492 est

1865 3521 2130 3576 dicatum.
2971 3537 2976 3542 '

1939 3706 2150 3758 Rursus
2208 3719 2305 3772 per
2383 3703 2573 3757 laudes
2630 3717 2751 3772 qua:
2825 3702 3088 3773 deinceps
3139 3715 3450 3774 sequuntur

1865 3795 2152 3854 discimus,
2187 3794 2651 3864 quemadmodum
2702 3795 2794 3848 ﬁat
2844 3795 3122 3865 quispiam
3181 3812 3342 3851 soror
3393 3808 3450 3852 et

1866 3886 2067 3953 conjux
2106 3885 2321 3938 Domini
2359 3901 2454 3956 per
2495 3887 2597 3939 hoc
2633 3886 2777 3955 quod
2832 3885 2988 3954 dicit,
3023 3885 3093 3940 Es
3123 3888 3300 3942 hortus
3325 3905 3449 3942 ron-

1867 3977 2068 4042 clusus,
2097 3991 2250 4030 soror
2283 3992 2396 4030 mea
2434 3994 2648 4045 sponsa.
2681 3975 2738 4031 Si
2770 3978 3040 4048 quispiam
3067 3993 3196 4048 ergo
3219 3979 3322 4032 hoc
3345 3979 3449 4033 sihi

1869 4067 2130 4131 vindieat,
2177 4076 2235 4121 ut
2287 4067 2357 4122 sit
2407 4069 2626 4138 quidem
2692 4084 2918 4139 sponsa,
2968 4078 3256 4139 propterea
3305 4071 3450 4136 quod

1868 4161 2238 4230 conjungatur
2271 4159 2522 4226 Domino,
2554 4175 2714 4215 soror
2747 4169 2950 4223 autem,
2984 4169 3270 4230 prOpterea
3303 4160 3448 4229 quod

185 4275 247 4328 τὸ
276 4271 631 4341 Εὑαγγέλιον·
658 4251 841 4337 κῆπος
867 4268 1095 4339 εὐανθὴς
1122 4267 1362 4335 γενέσθω
1388 4268 1603 4320 πάντων
1630 4263 1766 4334 ἔχων

1939 4269 1994 4307 Lzs
2025 4252 2188 4306 faciat
2221 4251 2584 4316 voluntatem,
2613 4252 2758 4306 sicut
2785 4251 2919 4304 dicit
2955 4251 3331 4320 Evangelium,
3356 4251 3450 4305 ﬁat

185 4369 244 4418 ἐν
279 4363 459 4433 ἐαυτῷ
484 4363 590 4415 τῶν
629 4361 807 4430 φυτῶν
837 4359 933 4430 τὴν
969 4359 1137 4430 ὥραν,
1167 4359 1266 4428 τήν
1295 4374 1355 4409 τε
1391 4355 1646 4422 γλυκεῖαν
1676 4371 1767 4406 συ-

185 4456 316 4523 κῆν,
351 4455 444 4506 καὶ
473 4453 570 4524 τὴν
610 4451 960 4521 κατάκαρπον
1003 4449 1206 4510 ἐλαίαν,
1244 4448 1338 4501 καὶ
1377 4447 1466 4500 τὸν
1503 4445 1768 4515 ὑψίκομον

185 4546 430 4614 φοίνικα,
473 4543 569 4598 καὶ
611 4543 710 4614 τὴν
752 4541 1081 4610 εὐθηνοῦσαν
1124 4537 1386 4609 ἄμπελον,
1438 4537 1513 4606 μὴ
1563 4535 1766 4606 θάμνον

187 4635 482 4702 ἀκανθώδη
513 4634 658 4698 τινὰ,
692 4631 824 4704 μηδὲ
852 4629 1102 4696 κόνυζαν,
1126 4629 1262 4682 ἀλλά
1287 4627 1620 4699 κυπάρισσον
1651 4625 1766 4680 ἀντ’

187 4725 370 4779 αὐτῶν
405 4725 498 4777 καὶ
547 4722 830 4794 μυρσίνην.
877 4720 1032 4773 Οὖτω
1071 4718 1179 4790 γάρ
1208 4717 1299 4770 τὸν
1329 4715 1566 4770 τοιοῦτον
1596 4715 1768 4786 κῆπον

190 4810 331 4868 οἶδεν
355 4811 615 4882 ὡραῖζειν
643 4813 672 4864 6
711 4810 884 4881 μέγας
915 4807 1094 4873 Δαϐὶδ,
1116 4808 1210 4864 καὶ
1233 4808 1262 4858 6
1288 4805 1486 4876 ὑψηλὸς
1511 4799 1764 4866 Ἠσαῒας·

193 4907 225 4961 ὁ
249 4906 348 4978 μὲν
365 4905 540 4972 λέγων
560 4920 573 4933 ·
605 4901 840 4969 Δίκαιος
857 4901 938 4966 ὡς
958 4897 1158 4968 φοῖνιξ
1178 4895 1446 4963 ἀνθήσει·
1469 4895 1582 4958 καὶ,
1623 4893 1772 4963 Ἐγὼ

192 4997 264 5052 δὲ
293 4997 375 5062 ὡς
398 4995 570 5049 ἐλαία
597 4992 989 5060 κατάκαρπος·
1016 4989 1130 5053 καὶ,
1149 4987 1218 5042 'II
1238 4985 1390 5056 γυνή
1415 5001 1530 5040 σου
1559 4985 1640 5051 ὡς
1664 4984 1771 5054 ἄμ-

191 5090 383 5152 πελος
427 5082 800 5151 εὐθηνοῦσαυ
844 5080 937 5134 καὶ
983 5079 1112 5148 παρ’
1166 5076 1335 5146 ἑτέρῳ
1380 5075 1487 5127 τινι
1518 5073 1770 5146 προφήτῃ

197 5177 560 5252 μακαρίζεται
588 5177 616 5228 6
640 5173 893 5227 ὑποκάτω
921 5172 1020 5240 τῆς
1051 5168 1219 5239 συκῆς
1245 5167 1342 5236 τῆς
1372 5166 1507 5227 ιδίας
1529 5167 1771 5219 ἀναπαυ-

193 5271 408 5342 όμενος.
456 5267 516 5320 Ὁ
539 5267 596 5320 δὲ
635 5263 858 5329 Ἡσαΐας
883 5263 1002 5318 ἀντὶ
1045 5260 1249 5330 θάμνου
1292 5257 1412 5326 μὲν,
1446 5257 1545 5326 τὴν
1591 5254 1769 5308 κυπά-

200 5377 382 5433 ρισσον
406 5375 420 5389 ·
459 5358 577 5412 ἀντὶ
601 5357 657 5411 δὲ
689 5355 921 5426 κονύζης
948 5354 1046 5419 τὴν
1081 5349 1341 5424 μυρτίνην
1360 5347 1535 5417 ,φησὶν
1567 5347 1771 5418 ἀναϐή-

263 5531 312 5564 ⁸¹
352 5531 526 5587 Galat.
559 5548 610 5597 v,
643 5531 732 5586 2'2.
816 5529 861 5562 ⁸³
901 5527 1044 5584 Ρειιι.
1083 5541 1188 5590 κει,
1238 5523 1318 5576 ιδ.

1404 5520 1449 5552 ’δ
1489 5518 1636 5576 Psal.
1662 5532 1864 5584 cnvn,
1889 5517 1980 5572 ιο.

1873 4343 2066 4396 hortus
2098 4340 2325 4395 ﬂoridus
2355 4349 2406 4394 et
2429 4341 2568 4395 bene
2598 4341 2938 4410 germinans,
2965 4340 3208 4393 omnium
3238 4340 3452 4396 habens

1874 4437 1930 4488 in
1965 4450 2024 4489 se
2065 4435 2321 4487 arborum
2354 4432 2842 4502 pulehritmlinem,
2901 4448 3096 4501 nempe
3137 4440 3192 4487 et
3235 4433 3450 4488 dulcem

1876 4531 2058 4593 ticum,
2117 4538 2171 4584 et
2213 4526 2444 4582 fertilem
2493 4527 2692 4588 oleam,
2725 4533 2782 4578 et
2826 4526 3136 4580 alticomam
3187 4526 3448 4597 palmam,

1875 4629 1930 4677 et
1979 4619 2352 4675 abundantem
2403 4618 2596 4681 vitem,
2631 4633 2738 4670 non
2801 4617 3084 4686 Spinosum
3136 4619 3447 4687 quempiam

1877 4712 2098 4776 rubum,
2154 4725 2334 4780 neque
2385 4722 2649 4778 conyzam
2685 4722 2779 4761 seu
2830 4707 3174 4774 pnlicariam,
3225 4709 3317 4762 sed
3353 4722 3450 4774 pro

1874 4806 1956 4860 eis
1982 4818 2307 4874 cupressum
2345 4809 2400 4856 et
2433 4811 2693 4872 myrtum.
2727 4797 2818 4851 Sic
2853 4799 2998 4851 enim
3031 4797 3192 4850 talem
3231 4799 3446 4850 hortum

1875 4901 2139 4951 decorare
2183 4895 2378 4957 novit,
2441 4899 2495 4948 et
2549 4905 2780 4961 magnus
2838 4887 3048 4949 David,
3097 4895 3150 4940 et
3202 4887 3454 4945 sublimis

1874 4984 2062 5040 Isaias.
2101 4983 2194 5039 Ille
2231 4982 2449 5052 quidem
2489 4981 2683 5037 dicens
2713 4999 2726 5034 :
2759 4977 2948 5033 Justus
2981 4986 3036 5029 ut
3078 4977 3256 5044 palma
3295 4977 3457 5048 πονρ-

1878 5077 1951 5129 bit
1980 5076 2064 5142 ἠς
2106 5083 2160 5129 et
2196 5095 2206 5129 :
2237 5073 2348 5145 Ego
2375 5082 2550 5128 autem
2587 5082 2838 5143 tanquam
2879 5071 3018 5125 oliva
3046 5068 3236 5137 fertilis
3257 5068 3342 5134 ⁸⁸;
3376 5078 3452 5131 et,

1883 5148 2028 5220 Uxor
2056 5176 2148 5218 tua
2185 5167 2320 5218 sicut
2345 5165 2465 5218 vitis
2505 5161 2788 5216 abundans
2812 5161 2879 5214 ⁸⁸.
2915 5158 3050 5213 Nam
3086 5165 3140 5212 et
3171 5157 3236 5211 ab
3270 5157 3464 5228 aliquo

1879 5257 1986 5310 alio
2027 5255 2290 5325 propheta
2344 5254 2540 5308 beatus
2583 5251 2870 5321 judicatur
2914 5249 3005 5320 qui
3042 5247 3146 5304 sub
3198 5261 3299 5302 sua
3348 5246 3454 5302 lien

1885 5345 2114 5409 quiescit
2141 5344 2208 5396 3“.
2240 5342 2408 5398 Isaias
2450 5348 2631 5397 autem
2661 5340 2794 5396 dicit
2828 5340 3072 5394 futurum
3104 5344 3162 5392 ut
3187 5351 3287 5408 pro
3315 5337 3457 5392 rubo

2056 5515 2100 5548 ⁸⁵
2126 5513 2259 5570 ibid.
2289 5507 2339 5567 3.
2417 5515 2460 5546 ⁸⁵
2489 5510 2652 5570 Micb.
2698 5528 2771 5580 Iv,
2799 5511 2854 5566 4.
