  <div class='ocr_page' id='page_1' title='image "/cluster/home/n/w/nwhite01/storage/ocr_20150623/44/mdp.39015011915454/489.png"; bbox 0 0 3730 5980; ppageno 0'>
   <div class='ocr_carea' id='block_1_1' title="bbox 336 183 442 238">
    <p class='ocr_par' dir='ltr' id='par_1_1' title="bbox 336 183 442 238">
     <span class='ocr_line' id='line_1_1' title="bbox 336 183 442 238; baseline 0 0"><span class='ocrx_word' id='word_1_1' title='bbox 336 183 442 238; x_wconf 77' lang='grc'><strong>963</strong></span> 
     </span>
    </p>
   </div>
   <div class='ocr_carea' id='block_1_2' title="bbox 1600 178 2357 237">
    <p class='ocr_par' dir='ltr' id='par_1_2' title="bbox 1600 178 2357 237">
     <span class='ocr_line' id='line_1_2' title="bbox 1600 178 2357 237; baseline -0.001 -2"><span class='ocrx_word' id='word_1_2' title='bbox 1600 182 1656 236; x_wconf 83' lang='lat' dir='ltr'><strong>S.</strong></span> <span class='ocrx_word' id='word_1_3' title='bbox 1699 179 2024 237; x_wconf 72' lang='lat' dir='ltr'><strong>GREGORII</strong></span> <span class='ocrx_word' id='word_1_4' title='bbox 2064 178 2357 236; x_wconf 67' lang='lat' dir='ltr'><strong>NYSSENI</strong></span> 
     </span>
    </p>
   </div>
   <div class='ocr_carea' id='block_1_3' title="bbox 3505 182 3600 239">
    <p class='ocr_par' dir='ltr' id='par_1_3' title="bbox 3505 182 3600 239">
     <span class='ocr_line' id='line_1_3' title="bbox 3505 182 3600 239; baseline 0.011 -1"><span class='ocrx_word' id='word_1_5' title='bbox 3505 182 3600 239; x_wconf 38' lang='lat'><strong>9&#39;61</strong></span> 
     </span>
    </p>
   </div>
   <div class='ocr_carea' id='block_1_4' title="bbox 335 294 1901 373">
    <p class='ocr_par' dir='ltr' id='par_1_4' title="bbox 335 297 1901 373">
     <span class='ocr_line' id='line_1_4' title="bbox 335 297 1901 373; baseline -0.004 -16"><span class='ocrx_word' id='word_1_6' title='bbox 335 300 557 373; x_wconf 82' lang='lat' dir='ltr'><strong>quidem</strong></span> <span class='ocrx_word' id='word_1_7' title='bbox 590 312 911 370; x_wconf 84' lang='lat' dir='ltr'><strong>cupressus,</strong></span> <span class='ocrx_word' id='word_1_8' title='bbox 949 313 1049 369; x_wconf 90' lang='lat' dir='ltr'><strong>pro</strong></span> <span class='ocrx_word' id='word_1_9' title='bbox 1079 312 1284 369; x_wconf 78' lang='lat' dir='ltr'><strong>conyza</strong></span> <span class='ocrx_word' id='word_1_10' title='bbox 1319 306 1501 353; x_wconf 88' lang='lat' dir='ltr'><strong>autetn</strong></span> <span class='ocrx_word' id='word_1_11' title='bbox 1548 297 1738 354; x_wconf 81' lang='lat' dir='ltr'><strong>floreat</strong></span> <span class='ocrx_word' id='word_1_12' title='bbox 1770 313 1901 369; x_wconf 88' lang='lat' dir='ltr'><strong>myr-</strong></span> 
     </span>
    </p>
   </div>
   <div class='ocr_carea' id='block_1_5' title="bbox 2082 294 3600 373">
    <p class='ocr_par' dir='ltr' id='par_1_5' title="bbox 2083 294 3600 371">
     <span class='ocr_line' id='line_1_5' title="bbox 2083 294 3600 371; baseline 0.005 -22"><span class='ocrx_word' id='word_1_13' title='bbox 2083 294 2225 349; x_wconf 90' lang='grc' dir='ltr'>σθαι.</span> <span class='ocrx_word' id='word_1_14' title='bbox 2258 298 2339 351; x_wconf 83' lang='grc' dir='ltr'>Τὰ</span> <span class='ocrx_word' id='word_1_15' title='bbox 2371 297 2426 351; x_wconf 84' lang='grc' dir='ltr'>δὲ</span> <span class='ocrx_word' id='word_1_16' title='bbox 2456 297 2574 352; x_wconf 82' lang='grc' dir='ltr'>καθ’</span> <span class='ocrx_word' id='word_1_17' title='bbox 2600 297 2825 352; x_wconf 78' lang='grc' dir='ltr'>ἕκαστον</span> <span class='ocrx_word' id='word_1_18' title='bbox 2857 299 2980 371; x_wconf 79' lang='grc' dir='ltr'>περὶ</span> <span class='ocrx_word' id='word_1_19' title='bbox 3006 299 3114 353; x_wconf 86' lang='grc' dir='ltr'><strong>τῶν</strong></span> <span class='ocrx_word' id='word_1_20' title='bbox 3143 299 3374 370; x_wconf 87' lang='grc' dir='ltr'>δένδρων</span> <span class='ocrx_word' id='word_1_21' title='bbox 3400 300 3600 356; x_wconf 76' lang='grc' dir='ltr'>τούτων</span> 
     </span>
    </p>
   </div>
   <div class='ocr_carea' id='block_1_6' title="bbox 334 390 1909 465">
    <p class='ocr_par' dir='ltr' id='par_1_6' title="bbox 334 390 1909 465">
     <span class='ocr_line' id='line_1_6' title="bbox 334 390 1909 465; baseline -0.004 -16"><span class='ocrx_word' id='word_1_22' title='bbox 334 404 424 451; x_wconf 90' lang='lat' dir='ltr'><strong>tus</strong></span> <span class='ocrx_word' id='word_1_23' title='bbox 449 395 517 447; x_wconf 85' lang='grc'><strong>⁸⁷.</strong></span> <span class='ocrx_word' id='word_1_24' title='bbox 552 393 778 465; x_wconf 85' lang='lat' dir='ltr'><strong>Singula</strong></span> <span class='ocrx_word' id='word_1_25' title='bbox 821 400 1002 447; x_wconf 89' lang='lat' dir='ltr'><strong>autem</strong></span> <span class='ocrx_word' id='word_1_26' title='bbox 1043 391 1110 446; x_wconf 88' lang='lat' dir='ltr'><strong>de</strong></span> <span class='ocrx_word' id='word_1_27' title='bbox 1140 390 1225 444; x_wconf 77' lang='lat' dir='ltr'><strong>his</strong></span> <span class='ocrx_word' id='word_1_28' title='bbox 1281 391 1569 448; x_wconf 83' lang='lat' dir='ltr'><strong>arboribus</strong></span> <span class='ocrx_word' id='word_1_29' title='bbox 1599 391 1909 462; x_wconf 61' lang='lat' dir='ltr'><strong>aenigmata,</strong></span> 
     </span>
    </p>
   </div>
   <div class='ocr_carea' id='block_1_7' title="bbox 335 481 1912 555">
    <p class='ocr_par' dir='ltr' id='par_1_7' title="bbox 335 481 1912 555">
     <span class='ocr_line' id='line_1_7' title="bbox 335 481 1912 555; baseline -0.004 -14"><span class='ocrx_word' id='word_1_30' title='bbox 335 503 455 555; x_wconf 71' lang='lat' dir='ltr'><strong>quae</strong></span> <span class='ocrx_word' id='word_1_31' title='bbox 490 485 650 540; x_wconf 87' lang='lat' dir='ltr'><strong>nobis</strong></span> <span class='ocrx_word' id='word_1_32' title='bbox 681 493 903 538; x_wconf 88' lang='lat' dir='ltr'><strong>ostensa</strong></span> <span class='ocrx_word' id='word_1_33' title='bbox 958 482 1161 538; x_wconf 92' lang='lat' dir='ltr'><strong>fuerint</strong></span> <span class='ocrx_word' id='word_1_34' title='bbox 1204 498 1234 537; x_wconf 91' lang='lat' dir='ltr'><strong>a</strong></span> <span class='ocrx_word' id='word_1_35' title='bbox 1267 483 1573 554; x_wconf 83' lang='lat' dir='ltr'><strong>prOphetia,</strong></span> <span class='ocrx_word' id='word_1_36' title='bbox 1610 481 1775 537; x_wconf 90' lang='lat' dir='ltr'><strong>fuerit</strong></span> <span class='ocrx_word' id='word_1_37' title='bbox 1815 497 1912 537; x_wconf 87' lang='lat' dir='ltr'><strong>su-</strong></span> 
     </span>
    </p>
   </div>
   <div class='ocr_carea' id='block_1_8' title="bbox 336 569 1914 646">
    <p class='ocr_par' dir='ltr' id='par_1_8' title="bbox 336 569 1914 646">
     <span class='ocr_line' id='line_1_8' title="bbox 336 569 1914 646; baseline -0.003 -16"><span class='ocrx_word' id='word_1_38' title='bbox 336 589 736 646; x_wconf 87' lang='lat' dir='ltr'><strong>pervacaneum</strong></span> <span class='ocrx_word' id='word_1_39' title='bbox 773 580 1029 626; x_wconf 74' lang='lat' dir='ltr'><strong>accurate</strong></span> <span class='ocrx_word' id='word_1_40' title='bbox 1059 585 1349 641; x_wconf 79' lang='lat' dir='ltr'><strong>exponere,</strong></span> <span class='ocrx_word' id='word_1_41' title='bbox 1379 585 1504 625; x_wconf 92' lang='lat' dir='ltr'><strong>cum</strong></span> <span class='ocrx_word' id='word_1_42' title='bbox 1554 570 1628 624; x_wconf 90' lang='lat' dir='ltr'><strong>sit</strong></span> <span class='ocrx_word' id='word_1_43' title='bbox 1657 569 1914 626; x_wconf 89' lang='lat' dir='ltr'><strong>omnibus</strong></span> 
     </span>
    </p>
   </div>
   <div class='ocr_carea' id='block_1_9' title="bbox 340 660 1915 734">
    <p class='ocr_par' dir='ltr' id='par_1_9' title="bbox 340 660 1915 734">
     <span class='ocr_line' id='line_1_9' title="bbox 340 660 1915 734; baseline -0.003 -15"><span class='ocrx_word' id='word_1_44' title='bbox 340 668 716 734; x_wconf 90' lang='lat' dir='ltr'><strong>perspicuum,</strong></span> <span class='ocrx_word' id='word_1_45' title='bbox 741 663 867 731; x_wconf 82' lang='lat' dir='ltr'><strong>quis</strong></span> <span class='ocrx_word' id='word_1_46' title='bbox 901 662 973 715; x_wconf 87' lang='lat' dir='ltr'><strong>sit</strong></span> <span class='ocrx_word' id='word_1_47' title='bbox 1007 661 1193 716; x_wconf 81' lang='lat' dir='ltr'><strong>suavis</strong></span> <span class='ocrx_word' id='word_1_48' title='bbox 1218 660 1430 714; x_wconf 90' lang='lat' dir='ltr'><strong>fructus</strong></span> <span class='ocrx_word' id='word_1_49' title='bbox 1466 660 1622 725; x_wconf 87' lang='lat' dir='ltr'><strong>ficus,</strong></span> <span class='ocrx_word' id='word_1_50' title='bbox 1654 674 1720 715; x_wconf 81' lang='lat' dir='ltr'><strong>ex</strong></span> <span class='ocrx_word' id='word_1_51' title='bbox 1747 674 1915 714; x_wconf 90' lang='lat' dir='ltr'><strong>succo</strong></span> 
     </span>
    </p>
   </div>
   <div class='ocr_carea' id='block_1_10' title="bbox 336 752 1915 822">
    <p class='ocr_par' dir='ltr' id='par_1_10' title="bbox 336 752 1915 822">
     <span class='ocr_line' id='line_1_10' title="bbox 336 752 1915 822; baseline -0.003 -11"><span class='ocrx_word' id='word_1_52' title='bbox 336 756 608 811; x_wconf 84' lang='lat' dir='ltr'><strong>acerrimo</strong></span> <span class='ocrx_word' id='word_1_53' title='bbox 658 761 990 817; x_wconf 86' lang='lat' dir='ltr'><strong>maturatus,</strong></span> <span class='ocrx_word' id='word_1_54' title='bbox 1050 753 1141 822; x_wconf 89' lang='lat' dir='ltr'><strong>qui</strong></span> <span class='ocrx_word' id='word_1_55' title='bbox 1205 752 1273 806; x_wconf 91' lang='lat' dir='ltr'><strong>ab</strong></span> <span class='ocrx_word' id='word_1_56' title='bbox 1338 752 1495 805; x_wconf 87' lang='lat' dir='ltr'><strong>initio</strong></span> <span class='ocrx_word' id='word_1_57' title='bbox 1547 752 1765 820; x_wconf 84' lang='lat' dir='ltr'><strong>quidem</strong></span> <span class='ocrx_word' id='word_1_58' title='bbox 1830 758 1915 806; x_wconf 90' lang='lat' dir='ltr'><strong>est</strong></span> 
     </span>
    </p>
   </div>
   <div class='ocr_carea' id='block_1_11' title="bbox 337 844 1912 915">
    <p class='ocr_par' dir='ltr' id='par_1_11' title="bbox 337 844 1912 915">
     <span class='ocr_line' id='line_1_11' title="bbox 337 844 1912 915; baseline -0.002 -12"><span class='ocrx_word' id='word_1_59' title='bbox 337 864 562 903; x_wconf 90' lang='lat' dir='ltr'><strong>amarus</strong></span> <span class='ocrx_word' id='word_1_60' title='bbox 593 855 646 901; x_wconf 91' lang='lat' dir='ltr'><strong>et</strong></span> <span class='ocrx_word' id='word_1_61' title='bbox 677 845 901 900; x_wconf 90' lang='lat' dir='ltr'><strong>minime</strong></span> <span class='ocrx_word' id='word_1_62' title='bbox 926 846 1261 911; x_wconf 73' lang='lat' dir='ltr'><strong>esculentus,</strong></span> <span class='ocrx_word' id='word_1_63' title='bbox 1295 854 1484 915; x_wconf 89' lang='lat' dir='ltr'><strong>postea</strong></span> <span class='ocrx_word' id='word_1_64' title='bbox 1527 854 1705 899; x_wconf 92' lang='lat' dir='ltr'><strong>autem</strong></span> <span class='ocrx_word' id='word_1_65' title='bbox 1735 844 1912 900; x_wconf 82' lang='lat' dir='ltr'><strong>dulcis</strong></span> 
     </span>
    </p>
   </div>
   <div class='ocr_carea' id='block_1_12' title="bbox 335 934 1908 1001">
    <p class='ocr_par' dir='ltr' id='par_1_12' title="bbox 335 934 1908 1001">
     <span class='ocr_line' id='line_1_12' title="bbox 335 934 1908 1001; baseline -0.003 -6"><span class='ocrx_word' id='word_1_66' title='bbox 335 938 549 995; x_wconf 86' lang='lat' dir='ltr'><strong>fructus</strong></span> <span class='ocrx_word' id='word_1_67' title='bbox 596 935 858 1001; x_wconf 76' lang='lat' dir='ltr'><strong>effectus,</strong></span> <span class='ocrx_word' id='word_1_68' title='bbox 906 952 1102 992; x_wconf 89' lang='lat' dir='ltr'><strong>sensus</strong></span> <span class='ocrx_word' id='word_1_69' title='bbox 1155 939 1348 991; x_wconf 63' lang='lat' dir='ltr'><strong>animae</strong></span> <span class='ocrx_word' id='word_1_70' title='bbox 1393 934 1558 991; x_wconf 76' lang='lat' dir='ltr'><strong>aﬂicit</strong></span> <span class='ocrx_word' id='word_1_71' title='bbox 1601 935 1908 991; x_wconf 85' lang='lat' dir='ltr'><strong>dulcedine.</strong></span> 
     </span>
    </p>
   </div>
   <div class='ocr_carea' id='block_1_13' title="bbox 335 1028 1913 1099">
    <p class='ocr_par' dir='ltr' id='par_1_13' title="bbox 335 1028 1913 1099">
     <span class='ocr_line' id='line_1_13' title="bbox 335 1028 1913 1099; baseline -0.003 -13"><span class='ocrx_word' id='word_1_72' title='bbox 335 1031 476 1099; x_wconf 85' lang='lat' dir='ltr'><strong>Quid</strong></span> <span class='ocrx_word' id='word_1_73' title='bbox 506 1041 686 1085; x_wconf 88' lang='lat' dir='ltr'><strong>autem</strong></span> <span class='ocrx_word' id='word_1_74' title='bbox 715 1030 877 1085; x_wconf 91' lang='lat' dir='ltr'><strong>nobis</strong></span> <span class='ocrx_word' id='word_1_75' title='bbox 916 1028 1127 1084; x_wconf 76' lang='lat' dir='ltr'><strong>confert</strong></span> <span class='ocrx_word' id='word_1_76' title='bbox 1155 1030 1466 1098; x_wconf 79' lang='lat' dir='ltr'><strong>procreatio</strong></span> <span class='ocrx_word' id='word_1_77' title='bbox 1512 1028 1722 1084; x_wconf 91' lang='lat' dir='ltr'><strong>fructus</strong></span> <span class='ocrx_word' id='word_1_78' title='bbox 1780 1028 1913 1083; x_wconf 73' lang='lat' dir='ltr'><strong>uleze</strong></span> 
     </span>
    </p>
   </div>
   <div class='ocr_carea' id='block_1_14' title="bbox 336 1110 1914 1192">
    <p class='ocr_par' dir='ltr' id='par_1_14' title="bbox 336 1110 1914 1192">
     <span class='ocr_line' id='line_1_14' title="bbox 336 1110 1914 1192; baseline -0.001 -15"><span class='ocrx_word' id='word_1_79' title='bbox 336 1138 435 1192; x_wconf 89' lang='lat' dir='ltr'><strong>per</strong></span> <span class='ocrx_word' id='word_1_80' title='bbox 474 1123 804 1177; x_wconf 88' lang='lat' dir='ltr'><strong>acerrimum</strong></span> <span class='ocrx_word' id='word_1_81' title='bbox 841 1127 896 1175; x_wconf 89' lang='lat' dir='ltr'><strong>et</strong></span> <span class='ocrx_word' id='word_1_82' title='bbox 950 1120 1356 1175; x_wconf 89' lang='lat' dir='ltr'><strong>amarissimum</strong></span> <span class='ocrx_word' id='word_1_83' title='bbox 1410 1110 1659 1184; x_wconf 88' lang='lat' dir='ltr'><strong>succum,</strong></span> <span class='ocrx_word' id='word_1_84' title='bbox 1696 1120 1791 1189; x_wconf 88' lang='lat' dir='ltr'><strong>qui</strong></span> <span class='ocrx_word' id='word_1_85' title='bbox 1847 1120 1914 1175; x_wconf 90' lang='lat' dir='ltr'><strong>ab</strong></span> 
     </span>
    </p>
   </div>
   <div class='ocr_carea' id='block_1_15' title="bbox 336 1209 1910 1281">
    <p class='ocr_par' dir='ltr' id='par_1_15' title="bbox 336 1209 1910 1281">
     <span class='ocr_line' id='line_1_15' title="bbox 336 1209 1910 1281; baseline -0.002 -15"><span class='ocrx_word' id='word_1_86' title='bbox 336 1212 492 1266; x_wconf 89' lang='lat' dir='ltr'><strong>initio</strong></span> <span class='ocrx_word' id='word_1_87' title='bbox 524 1213 578 1265; x_wconf 91' lang='lat' dir='ltr'><strong>in</strong></span> <span class='ocrx_word' id='word_1_88' title='bbox 611 1227 677 1266; x_wconf 88' lang='lat' dir='ltr'><strong>eo</strong></span> <span class='ocrx_word' id='word_1_89' title='bbox 702 1211 888 1276; x_wconf 79' lang='lat' dir='ltr'><strong>alitur,</strong></span> <span class='ocrx_word' id='word_1_90' title='bbox 919 1220 1108 1281; x_wconf 85' lang='lat' dir='ltr'><strong>postea</strong></span> <span class='ocrx_word' id='word_1_91' title='bbox 1148 1219 1328 1265; x_wconf 91' lang='lat' dir='ltr'><strong>autem</strong></span> <span class='ocrx_word' id='word_1_92' title='bbox 1366 1225 1464 1280; x_wconf 93' lang='lat' dir='ltr'><strong>per</strong></span> <span class='ocrx_word' id='word_1_93' title='bbox 1494 1209 1910 1265; x_wconf 86' lang='lat' dir='ltr'><strong>convenientem</strong></span> 
     </span>
    </p>
   </div>
   <div class='ocr_carea' id='block_1_16' title="bbox 336 1302 1911 1357">
    <p class='ocr_par' dir='ltr' id='par_1_16' title="bbox 336 1302 1911 1357">
     <span class='ocr_line' id='line_1_16' title="bbox 336 1302 1911 1357; baseline -0.002 0"><span class='ocrx_word' id='word_1_94' title='bbox 336 1304 761 1357; x_wconf 90' lang='lat' dir='ltr'><strong>maturationem</strong></span> <span class='ocrx_word' id='word_1_95' title='bbox 814 1312 868 1357; x_wconf 93' lang='lat' dir='ltr'><strong>et</strong></span> <span class='ocrx_word' id='word_1_96' title='bbox 926 1303 1198 1356; x_wconf 91' lang='lat' dir='ltr'><strong>culturam</strong></span> <span class='ocrx_word' id='word_1_97' title='bbox 1255 1310 1501 1356; x_wconf 87' lang='lat' dir='ltr'><strong>mutatur</strong></span> <span class='ocrx_word' id='word_1_98' title='bbox 1551 1302 1607 1356; x_wconf 90' lang='lat' dir='ltr'><strong>in</strong></span> <span class='ocrx_word' id='word_1_99' title='bbox 1665 1313 1911 1356; x_wconf 88' lang='lat' dir='ltr'><strong>naturam</strong></span> 
     </span>
    </p>
   </div>
   <div class='ocr_carea' id='block_1_17' title="bbox 339 1392 1911 1465">
    <p class='ocr_par' dir='ltr' id='par_1_17' title="bbox 339 1392 1911 1465">
     <span class='ocr_line' id='line_1_17' title="bbox 339 1392 1911 1465; baseline -0.001 -18"><span class='ocrx_word' id='word_1_100' title='bbox 339 1395 490 1449; x_wconf 88' lang='lat' dir='ltr'><strong>olei?</strong></span> <span class='ocrx_word' id='word_1_101' title='bbox 519 1396 665 1465; x_wconf 90' lang='lat' dir='ltr'><strong>quod</strong></span> <span class='ocrx_word' id='word_1_102' title='bbox 710 1394 768 1447; x_wconf 86' lang='lat' dir='ltr'><strong>fit</strong></span> <span class='ocrx_word' id='word_1_103' title='bbox 804 1394 943 1449; x_wconf 91' lang='lat' dir='ltr'><strong>lucis</strong></span> <span class='ocrx_word' id='word_1_104' title='bbox 977 1394 1225 1456; x_wconf 87' lang='lat' dir='ltr'><strong>materia,</strong></span> <span class='ocrx_word' id='word_1_105' title='bbox 1264 1402 1476 1448; x_wconf 81' lang='lat' dir='ltr'><strong>recreat</strong></span> <span class='ocrx_word' id='word_1_106' title='bbox 1506 1392 1911 1455; x_wconf 88' lang='lat' dir='ltr'><strong>lassitudinem,</strong></span> 
     </span>
    </p>
   </div>
   <div class='ocr_carea' id='block_1_18' title="bbox 338 1485 1911 1555">
    <p class='ocr_par' dir='ltr' id='par_1_18' title="bbox 338 1485 1911 1555">
     <span class='ocr_line' id='line_1_18' title="bbox 338 1485 1911 1555; baseline -0.001 -16"><span class='ocrx_word' id='word_1_107' title='bbox 338 1488 548 1542; x_wconf 82' lang='lat' dir='ltr'><strong>relaxat</strong></span> <span class='ocrx_word' id='word_1_108' title='bbox 578 1487 842 1553; x_wconf 83' lang='lat' dir='ltr'><strong>laborem,</strong></span> <span class='ocrx_word' id='word_1_109' title='bbox 869 1496 1034 1555; x_wconf 90' lang='lat' dir='ltr'><strong>caput</strong></span> <span class='ocrx_word' id='word_1_110' title='bbox 1095 1486 1387 1549; x_wconf 80' lang='lat' dir='ltr'><strong>exhilarat,</strong></span> <span class='ocrx_word' id='word_1_111' title='bbox 1416 1492 1470 1539; x_wconf 91' lang='lat' dir='ltr'><strong>et</strong></span> <span class='ocrx_word' id='word_1_112' title='bbox 1503 1485 1568 1539; x_wconf 90' lang='lat' dir='ltr'><strong>ad</strong></span> <span class='ocrx_word' id='word_1_113' title='bbox 1614 1485 1911 1540; x_wconf 85' lang='lat' dir='ltr'><strong>certamina</strong></span> 
     </span>
    </p>
   </div>
   <div class='ocr_carea' id='block_1_19' title="bbox 335 1574 1909 1647">
    <p class='ocr_par' dir='ltr' id='par_1_19' title="bbox 335 1574 1909 1647">
     <span class='ocr_line' id='line_1_19' title="bbox 335 1574 1909 1647; baseline -0.003 -16"><span class='ocrx_word' id='word_1_114' title='bbox 335 1593 493 1647; x_wconf 88' lang='lat' dir='ltr'><strong>opem</strong></span> <span class='ocrx_word' id='word_1_115' title='bbox 525 1577 629 1632; x_wconf 84' lang='lat' dir='ltr'><strong>fert</strong></span> <span class='ocrx_word' id='word_1_116' title='bbox 661 1578 727 1632; x_wconf 88' lang='lat' dir='ltr'><strong>iis</strong></span> <span class='ocrx_word' id='word_1_117' title='bbox 754 1577 846 1646; x_wconf 91' lang='lat' dir='ltr'><strong>qui</strong></span> <span class='ocrx_word' id='word_1_118' title='bbox 875 1583 1089 1631; x_wconf 90' lang='lat' dir='ltr'><strong>certant</strong></span> <span class='ocrx_word' id='word_1_119' title='bbox 1112 1577 1398 1646; x_wconf 83' lang='lat' dir='ltr'><strong>legitime?</strong></span> <span class='ocrx_word' id='word_1_120' title='bbox 1420 1574 1704 1641; x_wconf 85' lang='lat' dir='ltr'><strong>Quomodo</strong></span> <span class='ocrx_word' id='word_1_121' title='bbox 1731 1583 1909 1629; x_wconf 90' lang='lat' dir='ltr'><strong>autem</strong></span> 
     </span>
    </p>
   </div>
   <div class='ocr_carea' id='block_1_20' title="bbox 335 1665 1911 1738">
    <p class='ocr_par' dir='ltr' id='par_1_20' title="bbox 335 1665 1911 1738">
     <span class='ocr_line' id='line_1_20' title="bbox 335 1665 1911 1738; baseline -0.002 -16"><span class='ocrx_word' id='word_1_122' title='bbox 335 1668 498 1723; x_wconf 72' lang='lat' dir='ltr'><strong>edicit</strong></span> <span class='ocrx_word' id='word_1_123' title='bbox 538 1669 742 1738; x_wconf 88' lang='lat' dir='ltr'><strong>palma,</strong></span> <span class='ocrx_word' id='word_1_124' title='bbox 803 1675 860 1721; x_wconf 94' lang='lat' dir='ltr'><strong>ut</strong></span> <span class='ocrx_word' id='word_1_125' title='bbox 902 1666 1139 1720; x_wconf 86' lang='lat' dir='ltr'><strong>fructum</strong></span> <span class='ocrx_word' id='word_1_126' title='bbox 1204 1683 1361 1720; x_wconf 89' lang='lat' dir='ltr'><strong>suum</strong></span> <span class='ocrx_word' id='word_1_127' title='bbox 1415 1667 1564 1721; x_wconf 87' lang='lat' dir='ltr'><strong>fures</strong></span> <span class='ocrx_word' id='word_1_128' title='bbox 1619 1665 1911 1721; x_wconf 77' lang='lat' dir='ltr'><strong>diiiiciliter</strong></span> 
     </span>
    </p>
   </div>
   <div class='ocr_carea' id='block_1_21' title="bbox 334 1757 1909 1832">
    <p class='ocr_par' dir='ltr' id='par_1_21' title="bbox 334 1757 1909 1832">
     <span class='ocr_line' id='line_1_21' title="bbox 334 1757 1909 1832; baseline -0.004 -15"><span class='ocrx_word' id='word_1_129' title='bbox 334 1761 751 1832; x_wconf 78' lang='lat' dir='ltr'><strong>aggrediantur,</strong></span> <span class='ocrx_word' id='word_1_130' title='bbox 805 1767 864 1813; x_wconf 91' lang='lat' dir='ltr'><strong>ut</strong></span> <span class='ocrx_word' id='word_1_131' title='bbox 916 1773 1037 1828; x_wconf 59' lang='lat' dir='ltr'><strong>quae</strong></span> <span class='ocrx_word' id='word_1_132' title='bbox 1087 1775 1211 1814; x_wconf 89' lang='lat' dir='ltr'><strong>eum</strong></span> <span class='ocrx_word' id='word_1_133' title='bbox 1273 1767 1533 1828; x_wconf 86' lang='lat' dir='ltr'><strong>tanquam</strong></span> <span class='ocrx_word' id='word_1_134' title='bbox 1590 1757 1909 1812; x_wconf 83' lang='lat' dir='ltr'><strong>thesaurum</strong></span> 
     </span>
    </p>
   </div>
   <div class='ocr_carea' id='block_1_22' title="bbox 332 1848 1912 1915">
    <p class='ocr_par' dir='ltr' id='par_1_22' title="bbox 332 1848 1912 1915">
     <span class='ocr_line' id='line_1_22' title="bbox 332 1848 1912 1915; baseline -0.006 -5"><span class='ocrx_word' id='word_1_135' title='bbox 332 1868 553 1910; x_wconf 79' lang='lat' dir='ltr'><strong>sursum</strong></span> <span class='ocrx_word' id='word_1_136' title='bbox 589 1852 869 1915; x_wconf 88' lang='lat' dir='ltr'><strong>recondat,</strong></span> <span class='ocrx_word' id='word_1_137' title='bbox 902 1866 1003 1905; x_wconf 87' lang='lat' dir='ltr'><strong>nec</strong></span> <span class='ocrx_word' id='word_1_138' title='bbox 1028 1851 1271 1905; x_wconf 91' lang='lat' dir='ltr'><strong>vicinum</strong></span> <span class='ocrx_word' id='word_1_139' title='bbox 1313 1858 1472 1905; x_wconf 83' lang='lat' dir='ltr'><strong>terrae</strong></span> <span class='ocrx_word' id='word_1_140' title='bbox 1503 1864 1627 1903; x_wconf 90' lang='lat' dir='ltr'><strong>eum</strong></span> <span class='ocrx_word' id='word_1_141' title='bbox 1664 1848 1825 1914; x_wconf 89' lang='lat' dir='ltr'><strong>ferat,</strong></span> <span class='ocrx_word' id='word_1_142' title='bbox 1858 1857 1912 1903; x_wconf 90' lang='lat' dir='ltr'><strong>et</strong></span> 
     </span>
    </p>
   </div>
   <div class='ocr_carea' id='block_1_23' title="bbox 331 1939 1908 2013">
    <p class='ocr_par' dir='ltr' id='par_1_23' title="bbox 331 1939 1908 2013">
     <span class='ocr_line' id='line_1_23' title="bbox 331 1939 1908 2013; baseline -0.003 -15"><span class='ocrx_word' id='word_1_143' title='bbox 331 1944 460 1998; x_wconf 82' lang='lat' dir='ltr'><strong>vitis</strong></span> <span class='ocrx_word' id='word_1_144' title='bbox 478 1953 561 1998; x_wconf 91' lang='lat' dir='ltr'><strong>est</strong></span> <span class='ocrx_word' id='word_1_145' title='bbox 583 1943 756 2013; x_wconf 87' lang='lat' dir='ltr'><strong>gratia</strong></span> <span class='ocrx_word' id='word_1_146' title='bbox 775 1957 838 1995; x_wconf 93' lang='lat' dir='ltr'><strong>ac</strong></span> <span class='ocrx_word' id='word_1_147' title='bbox 860 1940 1047 2007; x_wconf 87' lang='lat' dir='ltr'><strong>decor,</strong></span> <span class='ocrx_word' id='word_1_148' title='bbox 1072 1950 1269 2011; x_wconf 83' lang='lat' dir='ltr'><strong>estque</strong></span> <span class='ocrx_word' id='word_1_149' title='bbox 1290 1939 1568 1995; x_wconf 86' lang='lat' dir='ltr'><strong>odorifera</strong></span> <span class='ocrx_word' id='word_1_150' title='bbox 1592 1955 1908 2010; x_wconf 86' lang='lat' dir='ltr'><strong>cupressus,</strong></span> 
     </span>
    </p>
   </div>
   <div class='ocr_carea' id='block_1_24' title="bbox 332 2031 1912 2105">
    <p class='ocr_par' dir='ltr' id='par_1_24' title="bbox 332 2031 1912 2105">
     <span class='ocr_line' id='line_1_24' title="bbox 332 2031 1912 2105; baseline -0.003 -16"><span class='ocrx_word' id='word_1_151' title='bbox 332 2044 385 2089; x_wconf 87' lang='lat' dir='ltr'><strong>et</strong></span> <span class='ocrx_word' id='word_1_152' title='bbox 418 2044 503 2089; x_wconf 88' lang='lat' dir='ltr'><strong>est</strong></span> <span class='ocrx_word' id='word_1_153' title='bbox 538 2034 698 2105; x_wconf 83' lang='lat' dir='ltr'><strong>myrti</strong></span> <span class='ocrx_word' id='word_1_154' title='bbox 728 2033 1012 2088; x_wconf 83' lang='lat' dir='ltr'><strong>suavitas?</strong></span> <span class='ocrx_word' id='word_1_155' title='bbox 1058 2031 1184 2086; x_wconf 80' lang='lat' dir='ltr'><strong>Haec</strong></span> <span class='ocrx_word' id='word_1_156' title='bbox 1222 2031 1404 2086; x_wconf 91' lang='lat' dir='ltr'><strong>omnia</strong></span> <span class='ocrx_word' id='word_1_157' title='bbox 1436 2046 1533 2101; x_wconf 89' lang='lat' dir='ltr'><strong>per</strong></span> <span class='ocrx_word' id='word_1_158' title='bbox 1573 2031 1912 2100; x_wconf 43' lang='lat' dir='ltr'><strong>contempla:</strong></span> 
     </span>
    </p>
   </div>
   <div class='ocr_carea' id='block_1_25' title="bbox 334 2120 1907 2194">
    <p class='ocr_par' dir='ltr' id='par_1_25' title="bbox 334 2120 1907 2194">
     <span class='ocr_line' id='line_1_25' title="bbox 334 2120 1907 2194; baseline -0.003 -15"><span class='ocrx_word' id='word_1_159' title='bbox 334 2125 539 2180; x_wconf 87' lang='lat' dir='ltr'><strong>tionem</strong></span> <span class='ocrx_word' id='word_1_160' title='bbox 603 2125 865 2194; x_wconf 89' lang='lat' dir='ltr'><strong>tropicam</strong></span> <span class='ocrx_word' id='word_1_161' title='bbox 923 2123 989 2176; x_wconf 89' lang='lat' dir='ltr'><strong>ad</strong></span> <span class='ocrx_word' id='word_1_162' title='bbox 1046 2123 1263 2177; x_wconf 84' lang='lat' dir='ltr'><strong>virtutis</strong></span> <span class='ocrx_word' id='word_1_163' title='bbox 1322 2120 1573 2175; x_wconf 85' lang='lat' dir='ltr'><strong>traducta</strong></span> <span class='ocrx_word' id='word_1_164' title='bbox 1618 2122 1907 2186; x_wconf 90' lang='lat' dir='ltr'><strong>rationem,</strong></span> 
     </span>
    </p>
   </div>
   <div class='ocr_carea' id='block_1_26' title="bbox 331 2212 1911 2284">
    <p class='ocr_par' dir='ltr' id='par_1_26' title="bbox 331 2212 1911 2284">
     <span class='ocr_line' id='line_1_26' title="bbox 331 2212 1911 2284; baseline -0.004 -12"><span class='ocrx_word' id='word_1_165' title='bbox 331 2217 555 2272; x_wconf 85' lang='lat' dir='ltr'><strong>evidens</strong></span> <span class='ocrx_word' id='word_1_166' title='bbox 586 2224 670 2270; x_wconf 91' lang='lat' dir='ltr'><strong>est</strong></span> <span class='ocrx_word' id='word_1_167' title='bbox 704 2214 970 2270; x_wconf 89' lang='lat' dir='ltr'><strong>omnibus</strong></span> <span class='ocrx_word' id='word_1_168' title='bbox 999 2214 1276 2284; x_wconf 88' lang='lat' dir='ltr'><strong>sapienter</strong></span> <span class='ocrx_word' id='word_1_169' title='bbox 1307 2212 1682 2275; x_wconf 87' lang='lat' dir='ltr'><strong>audientibus,</strong></span> <span class='ocrx_word' id='word_1_170' title='bbox 1744 2229 1911 2282; x_wconf 90' lang='lat' dir='ltr'><strong>quor-</strong></span> 
     </span>
    </p>
   </div>
   <div class='ocr_carea' id='block_1_27' title="bbox 333 2303 1906 2377">
    <p class='ocr_par' dir='ltr' id='par_1_27' title="bbox 333 2303 1906 2377">
     <span class='ocr_line' id='line_1_27' title="bbox 333 2303 1906 2377; baseline -0.002 -16"><span class='ocrx_word' id='word_1_171' title='bbox 333 2322 454 2362; x_wconf 89' lang='lat' dir='ltr'><strong>sum</strong></span> <span class='ocrx_word' id='word_1_172' title='bbox 484 2317 751 2377; x_wconf 88' lang='lat' dir='ltr'><strong>spectent.</strong></span> <span class='ocrx_word' id='word_1_173' title='bbox 792 2305 1116 2375; x_wconf 85' lang='lat' dir='ltr'><strong>llujusmodi</strong></span> <span class='ocrx_word' id='word_1_174' title='bbox 1144 2314 1227 2359; x_wconf 91' lang='lat' dir='ltr'><strong>est</strong></span> <span class='ocrx_word' id='word_1_175' title='bbox 1255 2321 1383 2375; x_wconf 86' lang='lat' dir='ltr'><strong>ergo</strong></span> <span class='ocrx_word' id='word_1_176' title='bbox 1406 2304 1665 2358; x_wconf 89' lang='lat' dir='ltr'><strong>arborum</strong></span> <span class='ocrx_word' id='word_1_177' title='bbox 1690 2303 1906 2367; x_wconf 90' lang='lat' dir='ltr'><strong>hortus,</strong></span> 
     </span>
    </p>
   </div>
   <div class='ocr_carea' id='block_1_28' title="bbox 331 2393 1910 2468">
    <p class='ocr_par' dir='ltr' id='par_1_28' title="bbox 331 2393 1910 2468">
     <span class='ocr_line' id='line_1_28' title="bbox 331 2393 1910 2468; baseline -0.003 -16"><span class='ocrx_word' id='word_1_178' title='bbox 331 2400 423 2468; x_wconf 87' lang='lat' dir='ltr'><strong>qui</strong></span> <span class='ocrx_word' id='word_1_179' title='bbox 455 2400 592 2453; x_wconf 88' lang='lat' dir='ltr'><strong>bene</strong></span> <span class='ocrx_word' id='word_1_180' title='bbox 630 2398 920 2466; x_wconf 85' lang='lat' dir='ltr'><strong>germinat,</strong></span> <span class='ocrx_word' id='word_1_181' title='bbox 954 2404 1009 2451; x_wconf 86' lang='lat' dir='ltr'><strong>et</strong></span> <span class='ocrx_word' id='word_1_182' title='bbox 1036 2404 1120 2451; x_wconf 90' lang='lat' dir='ltr'><strong>cst</strong></span> <span class='ocrx_word' id='word_1_183' title='bbox 1147 2397 1282 2449; x_wconf 86' lang='lat' dir='ltr'><strong>bene</strong></span> <span class='ocrx_word' id='word_1_184' title='bbox 1308 2396 1572 2461; x_wconf 86' lang='lat' dir='ltr'><strong>consitus,</strong></span> <span class='ocrx_word' id='word_1_185' title='bbox 1598 2403 1652 2448; x_wconf 87' lang='lat' dir='ltr'><strong>et</strong></span> <span class='ocrx_word' id='word_1_186' title='bbox 1685 2393 1910 2447; x_wconf 78' lang='lat' dir='ltr'><strong>manda-</strong></span> 
     </span>
    </p>
   </div>
   <div class='ocr_carea' id='block_1_29' title="bbox 330 2482 1909 2554">
    <p class='ocr_par' dir='ltr' id='par_1_29' title="bbox 330 2482 1909 2554">
     <span class='ocr_line' id='line_1_29' title="bbox 330 2482 1909 2554; baseline -0.004 -13"><span class='ocrx_word' id='word_1_187' title='bbox 330 2496 513 2541; x_wconf 88' lang='lat' dir='ltr'><strong>torum</strong></span> <span class='ocrx_word' id='word_1_188' title='bbox 559 2488 696 2540; x_wconf 83' lang='lat' dir='ltr'><strong>vallo</strong></span> <span class='ocrx_word' id='word_1_189' title='bbox 742 2485 889 2540; x_wconf 89' lang='lat' dir='ltr'><strong>omni</strong></span> <span class='ocrx_word' id='word_1_190' title='bbox 922 2501 988 2538; x_wconf 77' lang='lat' dir='ltr'><strong>ex</strong></span> <span class='ocrx_word' id='word_1_191' title='bbox 1024 2494 1177 2554; x_wconf 88' lang='lat' dir='ltr'><strong>parte</strong></span> <span class='ocrx_word' id='word_1_192' title='bbox 1207 2486 1470 2546; x_wconf 87' lang='lat' dir='ltr'><strong>munitus,</strong></span> <span class='ocrx_word' id='word_1_193' title='bbox 1505 2491 1565 2536; x_wconf 87' lang='lat' dir='ltr'><strong>ut</strong></span> <span class='ocrx_word' id='word_1_194' title='bbox 1599 2482 1812 2539; x_wconf 87' lang='lat' dir='ltr'><strong>furibus</strong></span> <span class='ocrx_word' id='word_1_195' title='bbox 1851 2490 1909 2537; x_wconf 84' lang='lat' dir='ltr'><strong>et</strong></span> 
     </span>
    </p>
   </div>
   <div class='ocr_carea' id='block_1_30' title="bbox 332 2571 1906 2642">
    <p class='ocr_par' dir='ltr' id='par_1_30' title="bbox 332 2571 1906 2642">
     <span class='ocr_line' id='line_1_30' title="bbox 332 2571 1906 2642; baseline -0.004 -12"><span class='ocrx_word' id='word_1_196' title='bbox 332 2575 525 2630; x_wconf 89' lang='lat' dir='ltr'><strong>bestiis</strong></span> <span class='ocrx_word' id='word_1_197' title='bbox 584 2575 795 2627; x_wconf 91' lang='lat' dir='ltr'><strong>nullutu</strong></span> <span class='ocrx_word' id='word_1_198' title='bbox 856 2575 923 2626; x_wconf 89' lang='lat' dir='ltr'><strong>ad</strong></span> <span class='ocrx_word' id='word_1_199' title='bbox 973 2589 1032 2627; x_wconf 92' lang='lat' dir='ltr'><strong>se</strong></span> <span class='ocrx_word' id='word_1_200' title='bbox 1084 2574 1322 2642; x_wconf 69' lang='lat' dir='ltr'><strong>prtebeat</strong></span> <span class='ocrx_word' id='word_1_201' title='bbox 1359 2572 1588 2625; x_wconf 85' lang='lat' dir='ltr'><strong>aditum.</strong></span> <span class='ocrx_word' id='word_1_202' title='bbox 1648 2571 1781 2624; x_wconf 86' lang='lat' dir='ltr'><strong>Nam</strong></span> <span class='ocrx_word' id='word_1_203' title='bbox 1812 2572 1906 2641; x_wconf 87' lang='lat' dir='ltr'><strong>qtti</strong></span> 
     </span>
    </p>
   </div>
   <div class='ocr_carea' id='block_1_31' title="bbox 332 2661 1902 2734">
    <p class='ocr_par' dir='ltr' id='par_1_31' title="bbox 332 2661 1902 2734">
     <span class='ocr_line' id='line_1_31' title="bbox 332 2661 1902 2734; baseline -0.003 -14"><span class='ocrx_word' id='word_1_204' title='bbox 332 2666 715 2720; x_wconf 85' lang='lat' dir='ltr'><strong>mandatorum</strong></span> <span class='ocrx_word' id='word_1_205' title='bbox 747 2665 864 2734; x_wconf 91' lang='lat' dir='ltr'><strong>sepi</strong></span> <span class='ocrx_word' id='word_1_206' title='bbox 897 2672 981 2718; x_wconf 90' lang='lat' dir='ltr'><strong>est</strong></span> <span class='ocrx_word' id='word_1_207' title='bbox 1008 2664 1159 2716; x_wconf 88' lang='lat' dir='ltr'><strong>omni</strong></span> <span class='ocrx_word' id='word_1_208' title='bbox 1203 2680 1268 2718; x_wconf 86' lang='lat' dir='ltr'><strong>ex</strong></span> <span class='ocrx_word' id='word_1_209' title='bbox 1310 2671 1467 2732; x_wconf 90' lang='lat' dir='ltr'><strong>parte</strong></span> <span class='ocrx_word' id='word_1_210' title='bbox 1507 2661 1902 2724; x_wconf 85' lang='lat' dir='ltr'><strong>circumdatus,</strong></span> 
     </span>
    </p>
   </div>
   <div class='ocr_carea' id='block_1_32' title="bbox 332 2753 1904 2827">
    <p class='ocr_par' dir='ltr' id='par_1_32' title="bbox 332 2753 1904 2827">
     <span class='ocr_line' id='line_1_32' title="bbox 332 2753 1904 2827; baseline -0.003 -16"><span class='ocrx_word' id='word_1_211' title='bbox 332 2758 473 2812; x_wconf 90' lang='lat' dir='ltr'><strong>adiri</strong></span> <span class='ocrx_word' id='word_1_212' title='bbox 506 2773 612 2811; x_wconf 89' lang='lat' dir='ltr'><strong>non</strong></span> <span class='ocrx_word' id='word_1_213' title='bbox 644 2765 825 2827; x_wconf 83' lang='lat' dir='ltr'><strong>potest</strong></span> <span class='ocrx_word' id='word_1_214' title='bbox 858 2771 888 2808; x_wconf 89' lang='lat' dir='ltr'><strong>a</strong></span> <span class='ocrx_word' id='word_1_215' title='bbox 920 2756 1037 2809; x_wconf 91' lang='lat' dir='ltr'><strong>fero</strong></span> <span class='ocrx_word' id='word_1_216' title='bbox 1072 2754 1357 2825; x_wconf 82' lang='lat' dir='ltr'><strong>singulari,</strong></span> <span class='ocrx_word' id='word_1_217' title='bbox 1392 2769 1492 2808; x_wconf 91' lang='lat' dir='ltr'><strong>nec</strong></span> <span class='ocrx_word' id='word_1_218' title='bbox 1510 2770 1632 2808; x_wconf 88' lang='lat' dir='ltr'><strong>eum</strong></span> <span class='ocrx_word' id='word_1_219' title='bbox 1657 2753 1904 2823; x_wconf 78' lang='lat' dir='ltr'><strong>depascit</strong></span> 
     </span>
    </p>
   </div>
   <div class='ocr_carea' id='block_1_33' title="bbox 329 2845 1902 2919">
    <p class='ocr_par' dir='ltr' id='par_1_33' title="bbox 329 2845 1902 2919">
     <span class='ocr_line' id='line_1_33' title="bbox 329 2845 1902 2919; baseline -0.001 -18"><span class='ocrx_word' id='word_1_220' title='bbox 329 2865 393 2903; x_wconf 90' lang='lat' dir='ltr'><strong>ac</strong></span> <span class='ocrx_word' id='word_1_221' title='bbox 432 2850 727 2919; x_wconf 87' lang='lat' dir='ltr'><strong>populatur</strong></span> <span class='ocrx_word' id='word_1_222' title='bbox 758 2863 889 2917; x_wconf 88' lang='lat' dir='ltr'><strong>aper</strong></span> <span class='ocrx_word' id='word_1_223' title='bbox 916 2863 980 2900; x_wconf 78' lang='lat' dir='ltr'><strong>ex</strong></span> <span class='ocrx_word' id='word_1_224' title='bbox 1013 2848 1168 2901; x_wconf 90' lang='lat' dir='ltr'><strong>silva.</strong></span> <span class='ocrx_word' id='word_1_225' title='bbox 1226 2845 1282 2900; x_wconf 90' lang='lat' dir='ltr'><strong>Si</strong></span> <span class='ocrx_word' id='word_1_226' title='bbox 1318 2848 1590 2917; x_wconf 85' lang='lat' dir='ltr'><strong>quispiam</strong></span> <span class='ocrx_word' id='word_1_227' title='bbox 1637 2862 1765 2916; x_wconf 86' lang='lat' dir='ltr'><strong>ergo</strong></span> <span class='ocrx_word' id='word_1_228' title='bbox 1820 2859 1902 2899; x_wconf 85' lang='lat' dir='ltr'><strong>cst</strong></span> 
     </span>
    </p>
   </div>
   <div class='ocr_carea' id='block_1_34' title="bbox 2019 389 3596 463">
    <p class='ocr_par' dir='ltr' id='par_1_34' title="bbox 2019 389 3596 463">
     <span class='ocr_line' id='line_1_34' title="bbox 2019 389 3596 463; baseline 0.003 -21"><span class='ocrx_word' id='word_1_229' title='bbox 2019 389 2337 459; x_wconf 80' lang='grc' dir='ltr'>αἰνίγματα,</span> <span class='ocrx_word' id='word_1_230' title='bbox 2360 389 2470 443; x_wconf 87' lang='grc' dir='ltr'><strong>τῶν</strong></span> <span class='ocrx_word' id='word_1_231' title='bbox 2500 391 2604 444; x_wconf 73' lang='grc' dir='ltr'>ὑπὸ</span> <span class='ocrx_word' id='word_1_232' title='bbox 2622 391 2719 461; x_wconf 88' lang='grc' dir='ltr'>τῆς</span> <span class='ocrx_word' id='word_1_233' title='bbox 2744 391 3077 463; x_wconf 70' lang='grc' dir='ltr'><strong>προφητείας</strong></span> <span class='ocrx_word' id='word_1_234' title='bbox 3101 394 3232 462; x_wconf 79' lang='grc' dir='ltr'>ἡμῖν</span> <span class='ocrx_word' id='word_1_235' title='bbox 3254 389 3596 461; x_wconf 80' lang='grc' dir='ltr'>ὖποδειχθέν-</span> 
     </span>
    </p>
   </div>
   <div class='ocr_carea' id='block_1_35' title="bbox 2012 482 3599 557">
    <p class='ocr_par' dir='ltr' id='par_1_35' title="bbox 2012 482 3599 557">
     <span class='ocr_line' id='line_1_35' title="bbox 2012 482 3599 557; baseline 0.001 -23"><span class='ocrx_word' id='word_1_236' title='bbox 2012 499 2121 534; x_wconf 89' lang='grc' dir='ltr'><strong>των</strong></span> <span class='ocrx_word' id='word_1_237' title='bbox 2155 482 2427 553; x_wconf 86' lang='grc' dir='ltr'>παρέλκον</span> <span class='ocrx_word' id='word_1_238' title='bbox 2464 483 2530 537; x_wconf 79' lang='grc' dir='ltr'>ἂν</span> <span class='ocrx_word' id='word_1_239' title='bbox 2571 483 2656 555; x_wconf 75' lang='grc' dir='ltr'>εἴη</span> <span class='ocrx_word' id='word_1_240' title='bbox 2687 484 2755 538; x_wconf 82' lang='grc' dir='ltr'>δι’</span> <span class='ocrx_word' id='word_1_241' title='bbox 2784 485 3068 557; x_wconf 78' lang='grc' dir='ltr'>ἀκρισείὰς</span> <span class='ocrx_word' id='word_1_242' title='bbox 3099 483 3433 547; x_wconf 79' lang='grc' dir='ltr'>ἐκτίθεσθαι,</span> <span class='ocrx_word' id='word_1_243' title='bbox 3465 499 3599 555; x_wconf 69' lang='grc' dir='ltr'>προμ-</span> 
     </span>
    </p>
   </div>
   <div class='ocr_carea' id='block_1_36' title="bbox 2012 569 3601 642">
    <p class='ocr_par' dir='ltr' id='par_1_36' title="bbox 2012 569 3601 642">
     <span class='ocr_line' id='line_1_36' title="bbox 2012 569 3601 642; baseline 0 -20"><span class='ocrx_word' id='word_1_244' title='bbox 2012 570 2173 641; x_wconf 86' lang='grc' dir='ltr'>δήλου</span> <span class='ocrx_word' id='word_1_245' title='bbox 2209 573 2371 626; x_wconf 77' lang='grc' dir='ltr'>πᾶσιν</span> <span class='ocrx_word' id='word_1_246' title='bbox 2400 571 2567 636; x_wconf 75' lang='grc' dir='ltr'>ὄντος,</span> <span class='ocrx_word' id='word_1_247' title='bbox 2608 572 2690 636; x_wconf 84' lang='grc' dir='ltr'><strong>τίς</strong></span> <span class='ocrx_word' id='word_1_248' title='bbox 2724 573 2822 642; x_wconf 83' lang='grc' dir='ltr'><strong>μὲν</strong></span> <span class='ocrx_word' id='word_1_249' title='bbox 2860 575 2888 626; x_wconf 98' lang='lat'><strong>6</strong></span> <span class='ocrx_word' id='word_1_250' title='bbox 2915 571 3121 640; x_wconf 76' lang='grc' dir='ltr'>γλυκὺς</span> <span class='ocrx_word' id='word_1_251' title='bbox 3153 569 3254 641; x_wconf 81' lang='grc' dir='ltr'>τῆς</span> <span class='ocrx_word' id='word_1_252' title='bbox 3284 571 3458 640; x_wconf 80' lang='grc' dir='ltr'><strong>συκῆς</strong></span> <span class='ocrx_word' id='word_1_253' title='bbox 3491 570 3601 622; x_wconf 70' lang='grc' dir='ltr'>ἐστι</span> 
     </span>
    </p>
   </div>
   <div class='ocr_carea' id='block_1_37' title="bbox 2015 661 3601 734">
    <p class='ocr_par' dir='ltr' id='par_1_37' title="bbox 2015 661 3601 734">
     <span class='ocr_line' id='line_1_37' title="bbox 2015 661 3601 734; baseline 0.001 -21"><span class='ocrx_word' id='word_1_254' title='bbox 2015 661 2245 732; x_wconf 76' lang='grc' dir='ltr'>καρπὸς,</span> <span class='ocrx_word' id='word_1_255' title='bbox 2289 663 2317 715; x_wconf 90' lang='lat'><strong>6</strong></span> <span class='ocrx_word' id='word_1_256' title='bbox 2355 663 2420 716; x_wconf 81' lang='grc' dir='ltr'>ὲκ</span> <span class='ocrx_word' id='word_1_257' title='bbox 2451 663 2545 716; x_wconf 90' lang='grc' dir='ltr'><strong>τοῦ</strong></span> <span class='ocrx_word' id='word_1_258' title='bbox 2575 663 2904 734; x_wconf 83' lang='grc' dir='ltr'>δριμυτάτου</span> <span class='ocrx_word' id='word_1_259' title='bbox 2938 662 3075 716; x_wconf 83' lang='grc' dir='ltr'>ὀποῦ</span> <span class='ocrx_word' id='word_1_260' title='bbox 3111 662 3547 734; x_wconf 82' lang='grc' dir='ltr'><strong>πεπαινόμενος,</strong></span> <span class='ocrx_word' id='word_1_261' title='bbox 3573 663 3601 715; x_wconf 85' lang='lat'><strong>6</strong></span> 
     </span>
    </p>
   </div>
   <div class='ocr_carea' id='block_1_38' title="bbox 2014 751 3598 826">
    <p class='ocr_par' dir='ltr' id='par_1_38' title="bbox 2014 751 3598 826">
     <span class='ocr_line' id='line_1_38' title="bbox 2014 751 3598 826; baseline 0.001 -20"><span class='ocrx_word' id='word_1_262' title='bbox 2014 754 2134 806; x_wconf 76' lang='grc' dir='ltr'>κατ’</span> <span class='ocrx_word' id='word_1_263' title='bbox 2178 753 2352 825; x_wconf 91' lang='grc' dir='ltr'>ἀρχάς</span> <span class='ocrx_word' id='word_1_264' title='bbox 2393 753 2491 825; x_wconf 76' lang='grc' dir='ltr'><strong>μὲν</strong></span> <span class='ocrx_word' id='word_1_265' title='bbox 2521 755 2718 826; x_wconf 84' lang='grc' dir='ltr'>πικρός</span> <span class='ocrx_word' id='word_1_266' title='bbox 2752 771 2812 806; x_wconf 86' lang='grc' dir='ltr'><strong>τε</strong></span> <span class='ocrx_word' id='word_1_267' title='bbox 2847 755 2943 808; x_wconf 72' lang='grc' dir='ltr'><strong>καὶ</strong></span> <span class='ocrx_word' id='word_1_268' title='bbox 2982 754 3247 824; x_wconf 74' lang='grc' dir='ltr'>ἄϐρωτος,</span> <span class='ocrx_word' id='word_1_269' title='bbox 3280 751 3511 825; x_wconf 82' lang='grc' dir='ltr'>ὕστερον</span> <span class='ocrx_word' id='word_1_270' title='bbox 3547 754 3598 807; x_wconf 65' lang='grc' dir='ltr'>δὲ</span> 
     </span>
    </p>
   </div>
   <div class='ocr_carea' id='block_1_39' title="bbox 2015 836 3600 914">
    <p class='ocr_par' dir='ltr' id='par_1_39' title="bbox 2015 836 3600 914">
     <span class='ocr_line' id='line_1_39' title="bbox 2015 836 3600 914; baseline 0.004 -23"><span class='ocrx_word' id='word_1_271' title='bbox 2015 836 2225 912; x_wconf 67' lang='grc' dir='ltr'>καρπός</span> <span class='ocrx_word' id='word_1_272' title='bbox 2256 842 2530 912; x_wconf 65' lang='grc' dir='ltr'>εἰρηνικὸς</span> <span class='ocrx_word' id='word_1_273' title='bbox 2566 843 2878 914; x_wconf 78' lang='grc' dir='ltr'><strong>γινόμενος,</strong></span> <span class='ocrx_word' id='word_1_274' title='bbox 2921 844 3017 896; x_wconf 73' lang='grc' dir='ltr'>καὶ</span> <span class='ocrx_word' id='word_1_275' title='bbox 3047 843 3505 912; x_wconf 86' lang='grc' dir='ltr'>καταγλυκαίνων</span> <span class='ocrx_word' id='word_1_276' title='bbox 3539 845 3600 898; x_wconf 76' lang='grc' dir='ltr'>τὰ</span> 
     </span>
    </p>
   </div>
   <div class='ocr_carea' id='block_1_40' title="bbox 2013 936 3595 1010">
    <p class='ocr_par' dir='ltr' id='par_1_40' title="bbox 2013 936 3595 1010">
     <span class='ocr_line' id='line_1_40' title="bbox 2013 936 3595 1010; baseline 0.002 -21"><span class='ocrx_word' id='word_1_277' title='bbox 2013 937 2111 1008; x_wconf 84' lang='grc' dir='ltr'>τῆς</span> <span class='ocrx_word' id='word_1_278' title='bbox 2145 936 2323 1008; x_wconf 81' lang='grc' dir='ltr'>ψυχῆς</span> <span class='ocrx_word' id='word_1_279' title='bbox 2358 939 2708 1010; x_wconf 71' lang='grc' dir='ltr'>αἰσθητήρια.</span> <span class='ocrx_word' id='word_1_280' title='bbox 2738 938 2804 991; x_wconf 86' lang='grc' dir='ltr'>Τί</span> <span class='ocrx_word' id='word_1_281' title='bbox 2831 938 2888 992; x_wconf 84' lang='grc' dir='ltr'>δὲ</span> <span class='ocrx_word' id='word_1_282' title='bbox 2925 941 3059 1009; x_wconf 82' lang='grc' dir='ltr'>ἡμῖν</span> <span class='ocrx_word' id='word_1_283' title='bbox 3087 939 3180 992; x_wconf 72' lang='grc' dir='ltr'><strong>καὶ</strong></span> <span class='ocrx_word' id='word_1_284' title='bbox 3218 939 3252 1010; x_wconf 75' lang='grc' dir='ltr'><strong>ἡ</strong></span> <span class='ocrx_word' id='word_1_285' title='bbox 3283 939 3386 1009; x_wconf 83' lang='grc' dir='ltr'>τῆς</span> <span class='ocrx_word' id='word_1_286' title='bbox 3416 938 3595 1004; x_wconf 75' lang='grc' dir='ltr'>ἐλαίας</span> 
     </span>
    </p>
   </div>
   <div class='ocr_carea' id='block_1_41' title="bbox 2015 1028 3593 1101">
    <p class='ocr_par' dir='ltr' id='par_1_41' title="bbox 2015 1028 3593 1101">
     <span class='ocr_line' id='line_1_41' title="bbox 2015 1028 3593 1101; baseline 0.003 -21"><span class='ocrx_word' id='word_1_287' title='bbox 2015 1029 2348 1098; x_wconf 84' lang='grc' dir='ltr'>καρπογονία</span> <span class='ocrx_word' id='word_1_288' title='bbox 2379 1028 2660 1100; x_wconf 75' lang='grc' dir='ltr'>χαρίζεται</span> <span class='ocrx_word' id='word_1_289' title='bbox 2694 1029 2781 1084; x_wconf 91' lang='grc' dir='ltr'><strong>διά</strong></span> <span class='ocrx_word' id='word_1_290' title='bbox 2806 1030 2898 1083; x_wconf 89' lang='grc' dir='ltr'><strong>τοῦ</strong></span> <span class='ocrx_word' id='word_1_291' title='bbox 2928 1031 3257 1101; x_wconf 85' lang='grc' dir='ltr'>δριμυτάτου</span> <span class='ocrx_word' id='word_1_292' title='bbox 3296 1048 3355 1083; x_wconf 90' lang='grc' dir='ltr'><strong>τε</strong></span> <span class='ocrx_word' id='word_1_293' title='bbox 3390 1030 3485 1083; x_wconf 72' lang='grc' dir='ltr'>καὶ</span> <span class='ocrx_word' id='word_1_294' title='bbox 3514 1049 3593 1084; x_wconf 85' lang='grc' dir='ltr'>πι-</span> 
     </span>
    </p>
   </div>
   <div class='ocr_carea' id='block_1_42' title="bbox 2015 1116 3594 1192">
    <p class='ocr_par' dir='ltr' id='par_1_42' title="bbox 2015 1116 3594 1192">
     <span class='ocr_line' id='line_1_42' title="bbox 2015 1116 3594 1192; baseline 0.003 -23"><span class='ocrx_word' id='word_1_295' title='bbox 2015 1116 2276 1186; x_wconf 81' lang='grc' dir='ltr'>κροτάτου</span> <span class='ocrx_word' id='word_1_296' title='bbox 2332 1118 2532 1188; x_wconf 81' lang='grc' dir='ltr'>χυμοῦ,</span> <span class='ocrx_word' id='word_1_297' title='bbox 2580 1117 2674 1171; x_wconf 89' lang='grc' dir='ltr'><strong>τοῦ</strong></span> <span class='ocrx_word' id='word_1_298' title='bbox 2708 1120 2828 1172; x_wconf 85' lang='grc' dir='ltr'>κατ’</span> <span class='ocrx_word' id='word_1_299' title='bbox 2871 1120 3046 1190; x_wconf 79' lang='grc' dir='ltr'>ἀρχὰς</span> <span class='ocrx_word' id='word_1_300' title='bbox 3091 1119 3492 1191; x_wconf 77' lang='grc' dir='ltr'>ἐντρεφομένου</span> <span class='ocrx_word' id='word_1_301' title='bbox 3532 1125 3594 1192; x_wconf 80' lang='grc' dir='ltr'>τῇ</span> 
     </span>
    </p>
   </div>
   <div class='ocr_carea' id='block_1_43' title="bbox 2013 1205 3594 1280">
    <p class='ocr_par' dir='ltr' id='par_1_43' title="bbox 2013 1205 3594 1280">
     <span class='ocr_line' id='line_1_43' title="bbox 2013 1205 3594 1280; baseline 0.004 -23"><span class='ocrx_word' id='word_1_302' title='bbox 2013 1205 2222 1277; x_wconf 75' lang='grc' dir='ltr'>ὀπώρᾳ,</span> <span class='ocrx_word' id='word_1_303' title='bbox 2262 1207 2396 1276; x_wconf 84' lang='grc' dir='ltr'><strong>μετά</strong></span> <span class='ocrx_word' id='word_1_304' title='bbox 2433 1206 2607 1261; x_wconf 88' lang='grc' dir='ltr'>ταῦτα</span> <span class='ocrx_word' id='word_1_305' title='bbox 2646 1208 2734 1263; x_wconf 75' lang='grc' dir='ltr'><strong>διὰ</strong></span> <span class='ocrx_word' id='word_1_306' title='bbox 2768 1211 2869 1280; x_wconf 85' lang='grc' dir='ltr'>τῆς</span> <span class='ocrx_word' id='word_1_307' title='bbox 2911 1209 3244 1280; x_wconf 83' lang='grc' dir='ltr'>καταλλήλου</span> <span class='ocrx_word' id='word_1_308' title='bbox 3278 1209 3594 1274; x_wconf 79' lang='grc' dir='ltr'>πεπὰνσεὼς</span> 
     </span>
    </p>
   </div>
   <div class='ocr_carea' id='block_1_44' title="bbox 2013 1294 3597 1367">
    <p class='ocr_par' dir='ltr' id='par_1_44' title="bbox 2013 1294 3597 1367">
     <span class='ocr_line' id='line_1_44' title="bbox 2013 1294 3597 1367; baseline 0.005 -23"><span class='ocrx_word' id='word_1_309' title='bbox 2013 1309 2071 1345; x_wconf 88' lang='grc' dir='ltr'><strong>τε</strong></span> <span class='ocrx_word' id='word_1_310' title='bbox 2113 1294 2207 1346; x_wconf 74' lang='grc' dir='ltr'><strong>καὶ</strong></span> <span class='ocrx_word' id='word_1_311' title='bbox 2238 1295 2511 1365; x_wconf 80' lang='grc' dir='ltr'><strong>γεωργίας</strong></span> <span class='ocrx_word' id='word_1_312' title='bbox 2555 1297 2635 1358; x_wconf 88' lang='grc' dir='ltr'><strong>είς</strong></span> <span class='ocrx_word' id='word_1_313' title='bbox 2679 1296 2861 1349; x_wconf 75' lang='grc' dir='ltr'>ἐλαίου</span> <span class='ocrx_word' id='word_1_314' title='bbox 2911 1297 3322 1367; x_wconf 77' lang='grc' dir='ltr'>μεταϐάλλουσα</span> <span class='ocrx_word' id='word_1_315' title='bbox 3356 1297 3542 1367; x_wconf 79' lang='grc' dir='ltr'>φύσιν,</span> <span class='ocrx_word' id='word_1_316' title='bbox 3569 1299 3597 1352; x_wconf 85' lang='lat'><strong>6</strong></span> 
     </span>
    </p>
   </div>
   <div class='ocr_carea' id='block_1_45' title="bbox 2011 1382 3594 1461">
    <p class='ocr_par' dir='ltr' id='par_1_45' title="bbox 2011 1382 3594 1461">
     <span class='ocr_line' id='line_1_45' title="bbox 2011 1382 3594 1461; baseline 0.004 -25"><span class='ocrx_word' id='word_1_317' title='bbox 2011 1382 2105 1437; x_wconf 87' lang='grc' dir='ltr'><strong>τοῦ</strong></span> <span class='ocrx_word' id='word_1_318' title='bbox 2140 1384 2316 1453; x_wconf 84' lang='grc' dir='ltr'>φωτὸς</span> <span class='ocrx_word' id='word_1_319' title='bbox 2346 1385 2552 1454; x_wconf 82' lang='grc' dir='ltr'>γίνεται</span> <span class='ocrx_word' id='word_1_320' title='bbox 2585 1384 2683 1458; x_wconf 79' lang='grc' dir='ltr'><strong>ὕλη</strong></span> <span class='ocrx_word' id='word_1_321' title='bbox 2711 1427 2725 1450; x_wconf 88' lang='grc'><strong>,</strong></span> <span class='ocrx_word' id='word_1_322' title='bbox 2767 1387 2861 1441; x_wconf 78' lang='grc' dir='ltr'><strong>καὶ</strong></span> <span class='ocrx_word' id='word_1_323' title='bbox 2888 1388 3148 1459; x_wconf 83' lang='grc' dir='ltr'>καμάτων</span> <span class='ocrx_word' id='word_1_324' title='bbox 3179 1388 3457 1461; x_wconf 80' lang='grc' dir='ltr'>λυτήριον,</span> <span class='ocrx_word' id='word_1_325' title='bbox 3504 1391 3594 1443; x_wconf 65' lang='grc' dir='ltr'>καὶ</span> 
     </span>
    </p>
   </div>
   <div class='ocr_carea' id='block_1_46' title="bbox 2013 1475 3593 1553">
    <p class='ocr_par' dir='ltr' id='par_1_46' title="bbox 2013 1475 3593 1553">
     <span class='ocr_line' id='line_1_46' title="bbox 2013 1475 3593 1553; baseline 0.006 -26"><span class='ocrx_word' id='word_1_326' title='bbox 2013 1475 2190 1529; x_wconf 90' lang='grc' dir='ltr'>πόνων</span> <span class='ocrx_word' id='word_1_327' title='bbox 2217 1475 2418 1538; x_wconf 77' lang='grc' dir='ltr'>ἄνεσις,</span> <span class='ocrx_word' id='word_1_328' title='bbox 2455 1479 2547 1531; x_wconf 72' lang='grc' dir='ltr'><strong>καὶ</strong></span> <span class='ocrx_word' id='word_1_329' title='bbox 2577 1478 2820 1548; x_wconf 79' lang='grc' dir='ltr'>κεφαλῆς</span> <span class='ocrx_word' id='word_1_330' title='bbox 2845 1479 3154 1551; x_wconf 82' lang='grc' dir='ltr'>φαιδρότης,</span> <span class='ocrx_word' id='word_1_331' title='bbox 3189 1482 3284 1534; x_wconf 71' lang='grc' dir='ltr'>καὶ</span> <span class='ocrx_word' id='word_1_332' title='bbox 3310 1482 3446 1553; x_wconf 74' lang='grc' dir='ltr'>πρὸς</span> <span class='ocrx_word' id='word_1_333' title='bbox 3473 1481 3593 1545; x_wconf 67' lang='grc' dir='ltr'>τοὺς</span> 
     </span>
    </p>
   </div>
   <div class='ocr_carea' id='block_1_47' title="bbox 2012 1567 3593 1642">
    <p class='ocr_par' dir='ltr' id='par_1_47' title="bbox 2012 1567 3593 1642">
     <span class='ocr_line' id='line_1_47' title="bbox 2012 1567 3593 1642; baseline 0.004 -23"><span class='ocrx_word' id='word_1_334' title='bbox 2012 1567 2227 1636; x_wconf 85' lang='grc' dir='ltr'>ἀγῶνας</span> <span class='ocrx_word' id='word_1_335' title='bbox 2258 1569 2369 1631; x_wconf 89' lang='grc' dir='ltr'>τοῖς</span> <span class='ocrx_word' id='word_1_336' title='bbox 2397 1568 2642 1639; x_wconf 82' lang='grc' dir='ltr'>νομίμως</span> <span class='ocrx_word' id='word_1_337' title='bbox 2670 1568 2887 1623; x_wconf 85' lang='grc' dir='ltr'>ἀθλοῦσι</span> <span class='ocrx_word' id='word_1_338' title='bbox 2923 1572 3214 1642; x_wconf 86' lang='grc' dir='ltr'>συνεργία;</span> <span class='ocrx_word' id='word_1_339' title='bbox 3242 1572 3367 1635; x_wconf 86' lang='grc' dir='ltr'><strong>Πῶς</strong></span> <span class='ocrx_word' id='word_1_340' title='bbox 3387 1572 3445 1626; x_wconf 81' lang='grc' dir='ltr'><strong>δὲ</strong></span> <span class='ocrx_word' id='word_1_341' title='bbox 3465 1573 3593 1626; x_wconf 63' lang='grc' dir='ltr'>δυσ.</span> 
     </span>
    </p>
   </div>
   <div class='ocr_carea' id='block_1_48' title="bbox 1945 1637 3593 1731">
    <p class='ocr_par' dir='ltr' id='par_1_48' title="bbox 1945 1637 3593 1731">
     <span class='ocr_line' id='line_1_48' title="bbox 1945 1637 3593 1731; baseline 0.003 -21"><span class='ocrx_word' id='word_1_342' title='bbox 1945 1637 1985 1691; x_wconf 71' lang='grc' dir='ltr'>Β</span> <span class='ocrx_word' id='word_1_343' title='bbox 2027 1658 2373 1730; x_wconf 89' lang='grc' dir='ltr'>επιχείρητον</span> <span class='ocrx_word' id='word_1_344' title='bbox 2418 1637 2613 1713; x_wconf 77' lang='grc' dir='ltr'>ἑαυτοῦ</span> <span class='ocrx_word' id='word_1_345' title='bbox 2653 1660 2864 1731; x_wconf 81' lang='grc' dir='ltr'>καρπὸν</span> <span class='ocrx_word' id='word_1_346' title='bbox 2924 1637 3068 1715; x_wconf 69' lang='grc' dir='ltr'>ποιεί</span> <span class='ocrx_word' id='word_1_347' title='bbox 3101 1637 3217 1725; x_wconf 79' lang='grc' dir='ltr'>τοῖς</span> <span class='ocrx_word' id='word_1_348' title='bbox 3263 1661 3525 1725; x_wconf 81' lang='grc' dir='ltr'>κλέπταις</span> <span class='ocrx_word' id='word_1_349' title='bbox 3565 1664 3593 1715; x_wconf 89' lang='lat'><strong>6</strong></span> 
     </span>
    </p>
   </div>
   <div class='ocr_carea' id='block_1_49' title="bbox 2015 1750 3592 1824">
    <p class='ocr_par' dir='ltr' id='par_1_49' title="bbox 2015 1750 3592 1824">
     <span class='ocr_line' id='line_1_49' title="bbox 2015 1750 3592 1824; baseline 0.002 -21"><span class='ocrx_word' id='word_1_350' title='bbox 2015 1751 2207 1818; x_wconf 81' lang='grc' dir='ltr'>φοῖνιξ.</span> <span class='ocrx_word' id='word_1_351' title='bbox 2236 1750 2440 1804; x_wconf 86' lang='grc' dir='ltr'>ἀνωθεν</span> <span class='ocrx_word' id='word_1_352' title='bbox 2480 1750 2822 1821; x_wconf 75' lang='grc' dir='ltr'>θησαυρίζων</span> <span class='ocrx_word' id='word_1_353' title='bbox 2845 1794 2859 1817; x_wconf 89' lang='grc'><strong>,</strong></span> <span class='ocrx_word' id='word_1_354' title='bbox 2893 1755 2987 1807; x_wconf 76' lang='grc' dir='ltr'><strong>καὶ</strong></span> <span class='ocrx_word' id='word_1_355' title='bbox 3022 1754 3143 1824; x_wconf 72' lang='grc' dir='ltr'><strong>οὐχῖ⁹</strong></span> <span class='ocrx_word' id='word_1_356' title='bbox 3177 1754 3466 1824; x_wconf 79' lang='grc' dir='ltr'>πρόσγειον</span> <span class='ocrx_word' id='word_1_357' title='bbox 3498 1755 3592 1806; x_wconf 81' lang='grc' dir='ltr'>αὐ-</span> 
     </span>
    </p>
   </div>
   <div class='ocr_carea' id='block_1_50' title="bbox 2012 1838 3591 1916">
    <p class='ocr_par' dir='ltr' id='par_1_50' title="bbox 2012 1838 3591 1916">
     <span class='ocr_line' id='line_1_50' title="bbox 2012 1838 3591 1916; baseline 0.006 -25"><span class='ocrx_word' id='word_1_358' title='bbox 2012 1838 2103 1892; x_wconf 85' lang='grc' dir='ltr'><strong>τὸν</strong></span> <span class='ocrx_word' id='word_1_359' title='bbox 2141 1838 2387 1910; x_wconf 77' lang='grc' dir='ltr'>ἐκφέρων</span> <span class='ocrx_word' id='word_1_360' title='bbox 2408 1881 2424 1904; x_wconf 92' lang='grc'><strong>,</strong></span> <span class='ocrx_word' id='word_1_361' title='bbox 2452 1841 2486 1911; x_wconf 76' lang='grc' dir='ltr'>ἦ</span> <span class='ocrx_word' id='word_1_362' title='bbox 2504 1857 2561 1893; x_wconf 91' lang='grc' dir='ltr'><strong>τε</strong></span> <span class='ocrx_word' id='word_1_363' title='bbox 2581 1842 2674 1895; x_wconf 88' lang='grc' dir='ltr'><strong>τοῦ</strong></span> <span class='ocrx_word' id='word_1_364' title='bbox 2706 1842 2947 1911; x_wconf 82' lang='grc' dir='ltr'>ἀμπέλου</span> <span class='ocrx_word' id='word_1_365' title='bbox 2982 1846 3171 1914; x_wconf 81' lang='grc' dir='ltr'>χάρις,</span> <span class='ocrx_word' id='word_1_366' title='bbox 3202 1845 3298 1898; x_wconf 76' lang='grc' dir='ltr'>καὶ</span> <span class='ocrx_word' id='word_1_367' title='bbox 3327 1846 3360 1916; x_wconf 75' lang='grc' dir='ltr'>ἡ</span> <span class='ocrx_word' id='word_1_368' title='bbox 3389 1846 3591 1915; x_wconf 74' lang='grc' dir='ltr'>εὐώδης</span> 
     </span>
    </p>
   </div>
   <div class='ocr_carea' id='block_1_51' title="bbox 2014 1930 3593 2005">
    <p class='ocr_par' dir='ltr' id='par_1_51' title="bbox 2014 1930 3593 2005">
     <span class='ocr_line' id='line_1_51' title="bbox 2014 1930 3593 2005; baseline 0.006 -25"><span class='ocrx_word' id='word_1_369' title='bbox 2014 1931 2369 1999; x_wconf 82' lang='grc' dir='ltr'>κυπάρισσος,</span> <span class='ocrx_word' id='word_1_370' title='bbox 2402 1930 2497 1982; x_wconf 76' lang='grc' dir='ltr'><strong>καὶ</strong></span> <span class='ocrx_word' id='word_1_371' title='bbox 2528 1931 2589 1983; x_wconf 83' lang='grc' dir='ltr'>τὸ</span> <span class='ocrx_word' id='word_1_372' title='bbox 2612 1931 2711 2002; x_wconf 78' lang='grc' dir='ltr'>ἡδὺ</span> <span class='ocrx_word' id='word_1_373' title='bbox 2740 1932 2841 2001; x_wconf 87' lang='grc' dir='ltr'>τῆς</span> <span class='ocrx_word' id='word_1_374' title='bbox 2871 1936 3164 2005; x_wconf 82' lang='grc' dir='ltr'>μυρσίνης;</span> <span class='ocrx_word' id='word_1_375' title='bbox 3196 1935 3383 1989; x_wconf 87' lang='grc' dir='ltr'>Ταῦτα</span> <span class='ocrx_word' id='word_1_376' title='bbox 3419 1936 3593 1989; x_wconf 72' lang='grc' dir='ltr'>πάντα</span> 
     </span>
    </p>
   </div>
   <div class='ocr_carea' id='block_1_52' title="bbox 2011 2019 3591 2097">
    <p class='ocr_par' dir='ltr' id='par_1_52' title="bbox 2011 2019 3591 2097">
     <span class='ocr_line' id='line_1_52' title="bbox 2011 2019 3591 2097; baseline 0.004 -25"><span class='ocrx_word' id='word_1_377' title='bbox 2011 2019 2100 2073; x_wconf 84' lang='grc' dir='ltr'><strong>διά</strong></span> <span class='ocrx_word' id='word_1_378' title='bbox 2145 2022 2412 2092; x_wconf 80' lang='grc' dir='ltr'>τροπικῆς</span> <span class='ocrx_word' id='word_1_379' title='bbox 2457 2020 2689 2092; x_wconf 85' lang='grc' dir='ltr'>Θεωρίας</span> <span class='ocrx_word' id='word_1_380' title='bbox 2732 2022 2869 2093; x_wconf 81' lang='grc' dir='ltr'>πρὸς</span> <span class='ocrx_word' id='word_1_381' title='bbox 2900 2025 2992 2077; x_wconf 81' lang='grc' dir='ltr'><strong>τὸν</strong></span> <span class='ocrx_word' id='word_1_382' title='bbox 3019 2026 3138 2078; x_wconf 84' lang='grc' dir='ltr'>κατ’</span> <span class='ocrx_word' id='word_1_383' title='bbox 3175 2026 3377 2097; x_wconf 81' lang='grc' dir='ltr'>ἀρετὴν</span> <span class='ocrx_word' id='word_1_384' title='bbox 3422 2043 3591 2080; x_wconf 87' lang='grc' dir='ltr'>κατα-</span> 
     </span>
    </p>
   </div>
   <div class='ocr_carea' id='block_1_53' title="bbox 2012 2110 3592 2187">
    <p class='ocr_par' dir='ltr' id='par_1_53' title="bbox 2012 2110 3592 2187">
     <span class='ocr_line' id='line_1_53' title="bbox 2012 2110 3592 2187; baseline 0.006 -25"><span class='ocrx_word' id='word_1_385' title='bbox 2012 2110 2283 2180; x_wconf 72' lang='grc' dir='ltr'>ληφθέντα</span> <span class='ocrx_word' id='word_1_386' title='bbox 2326 2111 2502 2179; x_wconf 90' lang='grc' dir='ltr'>λόγον,</span> <span class='ocrx_word' id='word_1_387' title='bbox 2531 2112 2771 2184; x_wconf 84' lang='grc' dir='ltr'>πρόδηλα</span> <span class='ocrx_word' id='word_1_388' title='bbox 2804 2114 2969 2168; x_wconf 81' lang='grc' dir='ltr'>πᾶσίν</span> <span class='ocrx_word' id='word_1_389' title='bbox 3007 2116 3122 2169; x_wconf 73' lang='grc' dir='ltr'>ἐστι</span> <span class='ocrx_word' id='word_1_390' title='bbox 3171 2119 3286 2180; x_wconf 87' lang='grc' dir='ltr'>τοῖς</span> <span class='ocrx_word' id='word_1_391' title='bbox 3328 2117 3592 2187; x_wconf 81' lang='grc' dir='ltr'>νουνεχῶς</span> 
     </span>
    </p>
   </div>
   <div class='ocr_carea' id='block_1_54' title="bbox 2012 2204 3592 2276">
    <p class='ocr_par' dir='ltr' id='par_1_54' title="bbox 2012 2204 3592 2276">
     <span class='ocr_line' id='line_1_54' title="bbox 2012 2204 3592 2276; baseline 0.006 -22"><span class='ocrx_word' id='word_1_392' title='bbox 2012 2204 2260 2257; x_wconf 75' lang='grc' dir='ltr'>ἐπαΐουσι</span> <span class='ocrx_word' id='word_1_393' title='bbox 2308 2206 2444 2276; x_wconf 83' lang='grc' dir='ltr'>πρὸς</span> <span class='ocrx_word' id='word_1_394' title='bbox 2473 2206 2500 2260; x_wconf 84' lang='grc' dir='ltr'><strong>ὃ</strong></span> <span class='ocrx_word' id='word_1_395' title='bbox 2524 2222 2576 2259; x_wconf 91' lang='grc' dir='ltr'><strong>τι</strong></span> <span class='ocrx_word' id='word_1_396' title='bbox 2606 2205 2810 2276; x_wconf 84' lang='grc' dir='ltr'>βλέπει.</span> <span class='ocrx_word' id='word_1_397' title='bbox 2852 2206 3062 2260; x_wconf 90' lang='grc' dir='ltr'>Οὐκοῦν</span> <span class='ocrx_word' id='word_1_398' title='bbox 3106 2210 3135 2261; x_wconf 95' lang='lat'><strong>6</strong></span> <span class='ocrx_word' id='word_1_399' title='bbox 3180 2209 3436 2263; x_wconf 78' lang='grc' dir='ltr'>τοιούτων</span> <span class='ocrx_word' id='word_1_400' title='bbox 3474 2211 3592 2263; x_wconf 87' lang='grc' dir='ltr'>δέν-</span> 
     </span>
    </p>
   </div>
   <div class='ocr_carea' id='block_1_55' title="bbox 2008 2295 3591 2371">
    <p class='ocr_par' dir='ltr' id='par_1_55' title="bbox 2008 2295 3591 2371">
     <span class='ocr_line' id='line_1_55' title="bbox 2008 2295 3591 2371; baseline 0.004 -24"><span class='ocrx_word' id='word_1_401' title='bbox 2008 2295 2146 2365; x_wconf 87' lang='grc' dir='ltr'>δρων</span> <span class='ocrx_word' id='word_1_402' title='bbox 2180 2296 2354 2365; x_wconf 69' lang='grc' dir='ltr'>κῆπος</span> <span class='ocrx_word' id='word_1_403' title='bbox 2382 2297 2620 2364; x_wconf 86' lang='grc' dir='ltr'>γεγονὼς</span> <span class='ocrx_word' id='word_1_404' title='bbox 2650 2297 2880 2367; x_wconf 78' lang='grc' dir='ltr'>εὐθαλὴς</span> <span class='ocrx_word' id='word_1_405' title='bbox 2907 2296 2999 2351; x_wconf 77' lang='grc' dir='ltr'>καὶ</span> <span class='ocrx_word' id='word_1_406' title='bbox 3027 2298 3356 2367; x_wconf 79' lang='grc' dir='ltr'>κατάφυτος,</span> <span class='ocrx_word' id='word_1_407' title='bbox 3384 2303 3480 2353; x_wconf 74' lang='grc' dir='ltr'><strong>καὶ</strong></span> <span class='ocrx_word' id='word_1_408' title='bbox 3513 2301 3591 2371; x_wconf 80' lang='grc' dir='ltr'><strong>τῷ</strong></span> 
     </span>
    </p>
   </div>
   <div class='ocr_carea' id='block_1_56' title="bbox 2008 2386 3593 2461">
    <p class='ocr_par' dir='ltr' id='par_1_56' title="bbox 2008 2386 3593 2461">
     <span class='ocr_line' id='line_1_56' title="bbox 2008 2386 3593 2461; baseline 0.004 -23"><span class='ocrx_word' id='word_1_409' title='bbox 2008 2386 2113 2438; x_wconf 86' lang='grc' dir='ltr'><strong>τῶν</strong></span> <span class='ocrx_word' id='word_1_410' title='bbox 2158 2386 2388 2439; x_wconf 76' lang='grc' dir='ltr'>ἐντολῶν</span> <span class='ocrx_word' id='word_1_411' title='bbox 2431 2387 2599 2458; x_wconf 85' lang='grc' dir='ltr'>έρκίῳ</span> <span class='ocrx_word' id='word_1_412' title='bbox 2649 2388 2984 2451; x_wconf 84' lang='grc' dir='ltr'>πανταχόθεν</span> <span class='ocrx_word' id='word_1_413' title='bbox 3025 2389 3462 2461; x_wconf 78' lang='grc' dir='ltr'>ἡσφαλισμένος,</span> <span class='ocrx_word' id='word_1_414' title='bbox 3518 2392 3593 2456; x_wconf 81' lang='grc' dir='ltr'>ὡς</span> 
     </span>
    </p>
   </div>
   <div class='ocr_carea' id='block_1_57' title="bbox 2001 2478 3592 2554">
    <p class='ocr_par' dir='ltr' id='par_1_57' title="bbox 2001 2478 3592 2554">
     <span class='ocr_line' id='line_1_57' title="bbox 2001 2478 3592 2554; baseline 0.004 -24"><span class='ocrx_word' id='word_1_415' title='bbox 2001 2479 2280 2549; x_wconf 71' lang='grc' dir='ltr'>μηδεμίαν</span> <span class='ocrx_word' id='word_1_416' title='bbox 2308 2478 2429 2532; x_wconf 81' lang='grc' dir='ltr'>καθ’</span> <span class='ocrx_word' id='word_1_417' title='bbox 2456 2479 2648 2532; x_wconf 78' lang='grc' dir='ltr'>ἑαυτοῦ</span> <span class='ocrx_word' id='word_1_418' title='bbox 2679 2482 2979 2549; x_wconf 82' lang='grc' dir='ltr'>παρασχεῖν</span> <span class='ocrx_word' id='word_1_419' title='bbox 3009 2479 3085 2550; x_wconf 81' lang='grc' dir='ltr'>τῷ</span> <span class='ocrx_word' id='word_1_420' title='bbox 3117 2481 3323 2554; x_wconf 82' lang='grc' dir='ltr'>κλέπτῃ</span> <span class='ocrx_word' id='word_1_421' title='bbox 3355 2484 3446 2536; x_wconf 75' lang='grc' dir='ltr'><strong>καὶ</strong></span> <span class='ocrx_word' id='word_1_422' title='bbox 3477 2486 3592 2547; x_wconf 89' lang='grc' dir='ltr'>τοῖς</span> 
     </span>
    </p>
   </div>
   <div class='ocr_carea' id='block_1_58' title="bbox 2007 2569 3592 2645">
    <p class='ocr_par' dir='ltr' id='par_1_58' title="bbox 2007 2569 3592 2645">
     <span class='ocr_line' id='line_1_58' title="bbox 2007 2569 3592 2645; baseline 0.003 -24"><span class='ocrx_word' id='word_1_423' title='bbox 2007 2570 2213 2640; x_wconf 85' lang='grc' dir='ltr'>θηρίοις</span> <span class='ocrx_word' id='word_1_424' title='bbox 2253 2569 2352 2640; x_wconf 87' lang='grc' dir='ltr'>τὴν</span> <span class='ocrx_word' id='word_1_425' title='bbox 2396 2570 2647 2641; x_wconf 80' lang='grc' dir='ltr'>πάροδον.</span> <span class='ocrx_word' id='word_1_426' title='bbox 2693 2571 2753 2623; x_wconf 81' lang='lat'><strong>&#39;0</strong></span> <span class='ocrx_word' id='word_1_427' title='bbox 2786 2569 2893 2640; x_wconf 84' lang='grc' dir='ltr'>γὰρ</span> <span class='ocrx_word' id='word_1_428' title='bbox 2926 2573 2984 2624; x_wconf 78' lang='grc' dir='ltr'>ἐν</span> <span class='ocrx_word' id='word_1_429' title='bbox 3015 2570 3198 2642; x_wconf 81' lang='grc' dir='ltr'>κύκλῳ</span> <span class='ocrx_word' id='word_1_430' title='bbox 3235 2572 3313 2644; x_wconf 82' lang='grc' dir='ltr'>τῷ</span> <span class='ocrx_word' id='word_1_431' title='bbox 3345 2573 3592 2645; x_wconf 76' lang='grc' dir='ltr'>φραγμῷ</span> 
     </span>
    </p>
   </div>
   <div class='ocr_carea' id='block_1_59' title="bbox 2005 2659 3589 2738">
    <p class='ocr_par' dir='ltr' id='par_1_59' title="bbox 2005 2659 3589 2738">
     <span class='ocr_line' id='line_1_59' title="bbox 2005 2659 3589 2738; baseline 0.004 -26"><span class='ocrx_word' id='word_1_432' title='bbox 2005 2659 2357 2715; x_wconf 73' lang='grc' dir='ltr'>τῶν¹ἐντολῶν</span> <span class='ocrx_word' id='word_1_433' title='bbox 2383 2662 2784 2732; x_wconf 84' lang='grc' dir='ltr'>διειλημμένος,</span> <span class='ocrx_word' id='word_1_434' title='bbox 2812 2664 3140 2728; x_wconf 71' lang='grc' dir='ltr'>ἀνεπίϐατός</span> <span class='ocrx_word' id='word_1_435' title='bbox 3165 2666 3280 2718; x_wconf 75' lang='grc' dir='ltr'>ἐστι</span> <span class='ocrx_word' id='word_1_436' title='bbox 3308 2666 3385 2736; x_wconf 80' lang='grc' dir='ltr'>τῷ</span> <span class='ocrx_word' id='word_1_437' title='bbox 3411 2667 3589 2738; x_wconf 85' lang='grc' dir='ltr'>μονιῷ</span> 
     </span>
    </p>
   </div>
   <div class='ocr_carea' id='block_1_60' title="bbox 2003 2752 3593 2828">
    <p class='ocr_par' dir='ltr' id='par_1_60' title="bbox 2003 2752 3593 2828">
     <span class='ocr_line' id='line_1_60' title="bbox 2003 2752 3593 2828; baseline 0.004 -23"><span class='ocrx_word' id='word_1_438' title='bbox 2003 2753 2080 2823; x_wconf 82' lang='grc' dir='ltr'>τῷ</span> <span class='ocrx_word' id='word_1_439' title='bbox 2113 2753 2308 2824; x_wconf 82' lang='grc' dir='ltr'>ἀγρίῳ,</span> <span class='ocrx_word' id='word_1_440' title='bbox 2341 2754 2434 2807; x_wconf 58' lang='grc' dir='ltr'><strong>καὶ⁹</strong></span> <span class='ocrx_word' id='word_1_441' title='bbox 2463 2758 2490 2807; x_wconf 92' lang='lat'><strong>6</strong></span> <span class='ocrx_word' id='word_1_442' title='bbox 2524 2756 2586 2807; x_wconf 78' lang='grc' dir='ltr'>ἐκ</span> <span class='ocrx_word' id='word_1_443' title='bbox 2611 2754 2704 2808; x_wconf 90' lang='grc' dir='ltr'><strong>τοῦ</strong></span> <span class='ocrx_word' id='word_1_444' title='bbox 2736 2755 2939 2826; x_wconf 86' lang='grc' dir='ltr'>δρυμοῦ</span> <span class='ocrx_word' id='word_1_445' title='bbox 2972 2757 3131 2809; x_wconf 77' lang='grc' dir='ltr'>αὐτὸν</span> <span class='ocrx_word' id='word_1_446' title='bbox 3152 2752 3217 2821; x_wconf 76' lang='grc' dir='ltr'><strong>ῦς</strong></span> <span class='ocrx_word' id='word_1_447' title='bbox 3240 2759 3300 2811; x_wconf 88' lang='grc' dir='ltr'><strong>οὐ</strong></span> <span class='ocrx_word' id='word_1_448' title='bbox 3331 2758 3593 2828; x_wconf 86' lang='grc' dir='ltr'>λυμαίνε-</span> 
     </span>
    </p>
   </div>
   <div class='ocr_carea' id='block_1_61' title="bbox 2004 2846 3592 2921">
    <p class='ocr_par' dir='ltr' id='par_1_61' title="bbox 2004 2846 3592 2921">
     <span class='ocr_line' id='line_1_61' title="bbox 2004 2846 3592 2921; baseline 0.006 -25"><span class='ocrx_word' id='word_1_449' title='bbox 2004 2863 2110 2897; x_wconf 85' lang='grc' dir='ltr'>ται.</span> <span class='ocrx_word' id='word_1_450' title='bbox 2156 2846 2222 2898; x_wconf 81' lang='grc' dir='ltr'><strong>Εἴ</strong></span> <span class='ocrx_word' id='word_1_451' title='bbox 2247 2863 2330 2908; x_wconf 89' lang='grc' dir='ltr'><strong>τις</strong></span> <span class='ocrx_word' id='word_1_452' title='bbox 2354 2846 2531 2899; x_wconf 85' lang='grc' dir='ltr'>τοίνυν</span> <span class='ocrx_word' id='word_1_453' title='bbox 2562 2847 2738 2916; x_wconf 83' lang='grc' dir='ltr'>κῆπός</span> <span class='ocrx_word' id='word_1_454' title='bbox 2765 2850 2879 2901; x_wconf 77' lang='grc' dir='ltr'>ἐστι</span> <span class='ocrx_word' id='word_1_455' title='bbox 2914 2849 3010 2901; x_wconf 72' lang='grc' dir='ltr'><strong>καὶ</strong></span> <span class='ocrx_word' id='word_1_456' title='bbox 3040 2849 3458 2921; x_wconf 70' lang='grc' dir='ltr'>ἡσφαλισμένος,</span> <span class='ocrx_word' id='word_1_457' title='bbox 3496 2846 3592 2905; x_wconf 77' lang='grc' dir='ltr'>οῦ-</span> 
     </span>
    </p>
   </div>
   <div class='ocr_carea' id='block_1_62' title="bbox 329 2935 1901 3038">
    <p class='ocr_par' dir='ltr' id='par_1_62' title="bbox 329 2938 1901 3017">
     <span class='ocr_line' id='line_1_62' title="bbox 329 2938 1901 3017; baseline -0.003 -23"><span class='ocrx_word' id='word_1_458' title='bbox 329 2942 524 2994; x_wconf 87' lang='lat' dir='ltr'><strong>hortus</strong></span> <span class='ocrx_word' id='word_1_459' title='bbox 573 2942 727 3007; x_wconf 87' lang='lat' dir='ltr'><strong>isque</strong></span> <span class='ocrx_word' id='word_1_460' title='bbox 759 2939 1026 3017; x_wconf 85' lang='lat' dir='ltr'><strong>munitus,</strong></span> <span class='ocrx_word' id='word_1_461' title='bbox 1075 2939 1120 2993; x_wconf 89' lang='lat' dir='ltr'><strong>is</strong></span> <span class='ocrx_word' id='word_1_462' title='bbox 1157 2938 1215 2991; x_wconf 86' lang='lat' dir='ltr'><strong>ﬁt</strong></span> <span class='ocrx_word' id='word_1_463' title='bbox 1263 2953 1420 2993; x_wconf 90' lang='lat' dir='ltr'><strong>soror</strong></span> <span class='ocrx_word' id='word_1_464' title='bbox 1450 2946 1504 2992; x_wconf 90' lang='lat' dir='ltr'><strong>et</strong></span> <span class='ocrx_word' id='word_1_465' title='bbox 1545 2952 1745 3006; x_wconf 89' lang='lat' dir='ltr'><strong>sponsa</strong></span> <span class='ocrx_word' id='word_1_466' title='bbox 1784 2938 1901 3006; x_wconf 82' lang='lat' dir='ltr'><strong>ejus</strong></span> 
     </span>
    </p>
   </div>
   <div class='ocr_carea' id='block_1_63' title="bbox 2082 2935 3592 3038">
    <p class='ocr_par' dir='ltr' id='par_1_63' title="bbox 2082 2935 3592 3014">
     <span class='ocr_line' id='line_1_63' title="bbox 2082 2935 3592 3014; baseline 0.005 -26"><span class='ocrx_word' id='word_1_467' title='bbox 2082 2954 2095 2999; x_wconf 86' lang='lat'><strong>;</strong></span> <span class='ocrx_word' id='word_1_468' title='bbox 2130 2935 2329 3008; x_wconf 68' lang='grc' dir='ltr'>ἀδελφὴ</span> <span class='ocrx_word' id='word_1_469' title='bbox 2351 2937 2444 2990; x_wconf 74' lang='grc' dir='ltr'><strong>καὶ</strong></span> <span class='ocrx_word' id='word_1_470' title='bbox 2463 2937 2646 3008; x_wconf 82' lang='grc' dir='ltr'>νύμφη</span> <span class='ocrx_word' id='word_1_471' title='bbox 2678 2938 2886 3007; x_wconf 85' lang='grc' dir='ltr'>γίνεται</span> <span class='ocrx_word' id='word_1_472' title='bbox 2930 2940 3024 2993; x_wconf 83' lang='grc' dir='ltr'><strong>τοῦ</strong></span> <span class='ocrx_word' id='word_1_473' title='bbox 3052 2940 3187 3013; x_wconf 73' lang='grc' dir='ltr'>πρὸς</span> <span class='ocrx_word' id='word_1_474' title='bbox 3212 2942 3309 3012; x_wconf 84' lang='grc' dir='ltr'><strong>τὴν</strong></span> <span class='ocrx_word' id='word_1_475' title='bbox 3328 2942 3592 3014; x_wconf 77' lang='grc' dir='ltr'>τοιαύτην</span> 
     </span>
    </p>
   </div>
   <div class='ocr_carea' id='block_1_64' title="bbox 327 3027 1902 3101">
    <p class='ocr_par' dir='ltr' id='par_1_64' title="bbox 327 3027 1902 3101">
     <span class='ocr_line' id='line_1_64' title="bbox 327 3027 1902 3101; baseline -0.003 -17"><span class='ocrx_word' id='word_1_476' title='bbox 327 3031 420 3101; x_wconf 86' lang='lat' dir='ltr'><strong>qui</strong></span> <span class='ocrx_word' id='word_1_477' title='bbox 456 3029 593 3084; x_wconf 78' lang='lat' dir='ltr'><strong>dixit</strong></span> <span class='ocrx_word' id='word_1_478' title='bbox 630 3031 759 3083; x_wconf 87' lang='lat' dir='ltr'><strong>huic</strong></span> <span class='ocrx_word' id='word_1_479' title='bbox 789 3030 985 3083; x_wconf 76' lang='lat' dir='ltr'><strong>anima:</strong></span> <span class='ocrx_word' id='word_1_480' title='bbox 1017 3045 1029 3080; x_wconf 91' lang='lat'>:</span> <span class='ocrx_word' id='word_1_481' title='bbox 1071 3027 1139 3081; x_wconf 85' lang='lat' dir='ltr'><strong>Es</strong></span> <span class='ocrx_word' id='word_1_482' title='bbox 1186 3028 1369 3081; x_wconf 80' lang='lat' dir='ltr'><strong>hortus</strong></span> <span class='ocrx_word' id='word_1_483' title='bbox 1404 3029 1704 3090; x_wconf 73' lang='lat' dir='ltr'><strong>conclusus,</strong></span> <span class='ocrx_word' id='word_1_484' title='bbox 1750 3044 1902 3081; x_wconf 82' lang='lat' dir='ltr'><strong>soror</strong></span> 
     </span>
    </p>
   </div>
   <div class='ocr_carea' id='block_1_65' title="bbox 327 3126 689 3195">
    <p class='ocr_par' dir='ltr' id='par_1_65' title="bbox 327 3126 689 3195">
     <span class='ocr_line' id='line_1_65' title="bbox 327 3126 689 3195; baseline 0 -21"><span class='ocrx_word' id='word_1_485' title='bbox 327 3139 443 3176; x_wconf 89' lang='lat' dir='ltr'><strong>mea</strong></span> <span class='ocrx_word' id='word_1_486' title='bbox 473 3126 689 3195; x_wconf 70' lang='lat' dir='ltr'><strong>sponsa.</strong></span> 
     </span>
    </p>
   </div>
   <div class='ocr_carea' id='block_1_66' title="bbox 400 3203 1901 3281">
    <p class='ocr_par' dir='ltr' id='par_1_66' title="bbox 400 3203 1901 3281">
     <span class='ocr_line' id='line_1_66' title="bbox 400 3203 1901 3281; baseline -0.002 -14"><span class='ocrx_word' id='word_1_487' title='bbox 400 3212 505 3267; x_wconf 89' lang='lat' dir='ltr'><strong>Sed</strong></span> <span class='ocrx_word' id='word_1_488' title='bbox 531 3211 801 3281; x_wconf 88' lang='lat' dir='ltr'><strong>ejusmodi</strong></span> <span class='ocrx_word' id='word_1_489' title='bbox 842 3211 1001 3265; x_wconf 88' lang='lat' dir='ltr'><strong>horto</strong></span> <span class='ocrx_word' id='word_1_490' title='bbox 1027 3203 1165 3279; x_wconf 72' lang='lat' dir='ltr'><strong>opus</strong></span> <span class='ocrx_word' id='word_1_491' title='bbox 1197 3219 1279 3265; x_wconf 88' lang='lat' dir='ltr'><strong>est</strong></span> <span class='ocrx_word' id='word_1_492' title='bbox 1304 3211 1467 3264; x_wconf 89' lang='lat' dir='ltr'><strong>etiam</strong></span> <span class='ocrx_word' id='word_1_493' title='bbox 1501 3210 1672 3273; x_wconf 87' lang='lat' dir='ltr'><strong>fonte,</strong></span> <span class='ocrx_word' id='word_1_494' title='bbox 1703 3219 1761 3264; x_wconf 88' lang='lat' dir='ltr'><strong>ut</strong></span> <span class='ocrx_word' id='word_1_495' title='bbox 1793 3226 1901 3264; x_wconf 88' lang='lat' dir='ltr'><strong>ma-</strong></span> 
     </span>
    </p>
   </div>
   <div class='ocr_carea' id='block_1_67' title="bbox 324 3303 1898 3374">
    <p class='ocr_par' dir='ltr' id='par_1_67' title="bbox 324 3303 1898 3374">
     <span class='ocr_line' id='line_1_67' title="bbox 324 3303 1898 3374; baseline -0.003 -14"><span class='ocrx_word' id='word_1_496' title='bbox 324 3311 453 3360; x_wconf 88' lang='lat' dir='ltr'><strong>neat</strong></span> <span class='ocrx_word' id='word_1_497' title='bbox 479 3320 671 3360; x_wconf 89' lang='lat' dir='ltr'><strong>nemus</strong></span> <span class='ocrx_word' id='word_1_498' title='bbox 692 3303 891 3358; x_wconf 85' lang='lat' dir='ltr'><strong>florens</strong></span> <span class='ocrx_word' id='word_1_499' title='bbox 919 3318 983 3358; x_wconf 91' lang='lat' dir='ltr'><strong>ac</strong></span> <span class='ocrx_word' id='word_1_500' title='bbox 1002 3303 1138 3357; x_wconf 87' lang='lat' dir='ltr'><strong>bene</strong></span> <span class='ocrx_word' id='word_1_501' title='bbox 1160 3305 1492 3374; x_wconf 83' lang='lat' dir='ltr'><strong>germinans,</strong></span> <span class='ocrx_word' id='word_1_502' title='bbox 1512 3319 1650 3373; x_wconf 88' lang='lat' dir='ltr'><strong>aqua</strong></span> <span class='ocrx_word' id='word_1_503' title='bbox 1673 3303 1898 3371; x_wconf 90' lang='lat' dir='ltr'><strong>perenni</strong></span> 
     </span>
    </p>
   </div>
   <div class='ocr_carea' id='block_1_68' title="bbox 325 3394 1899 3466">
    <p class='ocr_par' dir='ltr' id='par_1_68' title="bbox 325 3394 1899 3466">
     <span class='ocr_line' id='line_1_68' title="bbox 325 3394 1899 3466; baseline -0.002 -16"><span class='ocrx_word' id='word_1_504' title='bbox 325 3396 648 3466; x_wconf 79' lang='lat' dir='ltr'><strong>irrigatum;</strong></span> <span class='ocrx_word' id='word_1_505' title='bbox 703 3402 987 3464; x_wconf 88' lang='lat' dir='ltr'><strong>propterea</strong></span> <span class='ocrx_word' id='word_1_506' title='bbox 1038 3396 1090 3448; x_wconf 90' lang='lat' dir='ltr'><strong>in</strong></span> <span class='ocrx_word' id='word_1_507' title='bbox 1143 3395 1393 3449; x_wconf 81' lang='lat' dir='ltr'><strong>laudibus</strong></span> <span class='ocrx_word' id='word_1_508' title='bbox 1441 3395 1598 3449; x_wconf 91' lang='lat' dir='ltr'><strong>horto</strong></span> <span class='ocrx_word' id='word_1_509' title='bbox 1651 3394 1899 3463; x_wconf 82' lang='lat' dir='ltr'><strong>adjunxit</strong></span> 
     </span>
    </p>
   </div>
   <div class='ocr_carea' id='block_1_69' title="bbox 323 3484 1893 3554">
    <p class='ocr_par' dir='ltr' id='par_1_69' title="bbox 323 3484 1893 3554">
     <span class='ocr_line' id='line_1_69' title="bbox 323 3484 1893 3554; baseline -0.002 -15"><span class='ocrx_word' id='word_1_510' title='bbox 323 3484 552 3547; x_wconf 78' lang='lat' dir='ltr'><strong>fontem,</strong></span> <span class='ocrx_word' id='word_1_511' title='bbox 588 3484 777 3538; x_wconf 85' lang='lat' dir='ltr'><strong>dicens</strong></span> <span class='ocrx_word' id='word_1_512' title='bbox 804 3503 816 3538; x_wconf 93' lang='lat'><strong>:</strong></span> <span class='ocrx_word' id='word_1_513' title='bbox 864 3484 1063 3537; x_wconf 83' lang='lat' dir='ltr'><strong>Hortus</strong></span> <span class='ocrx_word' id='word_1_514' title='bbox 1092 3484 1390 3545; x_wconf 83' lang='lat' dir='ltr'><strong>conclusus,</strong></span> <span class='ocrx_word' id='word_1_515' title='bbox 1420 3484 1537 3550; x_wconf 79' lang='lat' dir='ltr'><strong>[ous</strong></span> <span class='ocrx_word' id='word_1_516' title='bbox 1571 3484 1893 3554; x_wconf 76' lang='lat' dir='ltr'><strong>obsignatas.</strong></span> 
     </span>
    </p>
   </div>
   <div class='ocr_carea' id='block_1_70' title="bbox 322 3576 1896 3646">
    <p class='ocr_par' dir='ltr' id='par_1_70' title="bbox 322 3576 1896 3646">
     <span class='ocr_line' id='line_1_70' title="bbox 322 3576 1896 3646; baseline -0.002 -14"><span class='ocrx_word' id='word_1_517' title='bbox 322 3576 511 3632; x_wconf 78' lang='lat' dir='ltr'><strong>Fontis</strong></span> <span class='ocrx_word' id='word_1_518' title='bbox 544 3586 723 3631; x_wconf 87' lang='lat' dir='ltr'><strong>autem</strong></span> <span class='ocrx_word' id='word_1_519' title='bbox 755 3576 1018 3631; x_wconf 88' lang='lat' dir='ltr'><strong>rationem</strong></span> <span class='ocrx_word' id='word_1_520' title='bbox 1058 3592 1150 3645; x_wconf 89' lang='lat' dir='ltr'><strong>per</strong></span> <span class='ocrx_word' id='word_1_521' title='bbox 1175 3577 1405 3646; x_wconf 62' lang='lat' dir='ltr'><strong>aenigma</strong></span> <span class='ocrx_word' id='word_1_522' title='bbox 1443 3578 1542 3631; x_wconf 83' lang='lat' dir='ltr'><strong>nos</strong></span> <span class='ocrx_word' id='word_1_523' title='bbox 1566 3576 1721 3632; x_wconf 88' lang='lat' dir='ltr'><strong>docet</strong></span> <span class='ocrx_word' id='word_1_524' title='bbox 1761 3576 1896 3629; x_wconf 84' lang='lat' dir='ltr'><strong>Pru-</strong></span> 
     </span>
    </p>
   </div>
   <div class='ocr_carea' id='block_1_71' title="bbox 323 3665 1895 3738">
    <p class='ocr_par' dir='ltr' id='par_1_71' title="bbox 323 3665 1895 3738">
     <span class='ocr_line' id='line_1_71' title="bbox 323 3665 1895 3738; baseline 0 -18"><span class='ocrx_word' id='word_1_525' title='bbox 323 3669 590 3734; x_wconf 88' lang='lat' dir='ltr'><strong>verbium,</strong></span> <span class='ocrx_word' id='word_1_526' title='bbox 635 3684 757 3722; x_wconf 88' lang='lat' dir='ltr'><strong>cum</strong></span> <span class='ocrx_word' id='word_1_527' title='bbox 801 3668 972 3722; x_wconf 85' lang='lat' dir='ltr'><strong>dicit:</strong></span> <span class='ocrx_word' id='word_1_528' title='bbox 1020 3665 1162 3721; x_wconf 85' lang='lat' dir='ltr'><strong>Fons</strong></span> <span class='ocrx_word' id='word_1_529' title='bbox 1195 3684 1344 3738; x_wconf 81' lang='lat' dir='ltr'><strong>aqua:</strong></span> <span class='ocrx_word' id='word_1_530' title='bbox 1393 3669 1460 3721; x_wconf 87' lang='lat' dir='ltr'><strong>sit</strong></span> <span class='ocrx_word' id='word_1_531' title='bbox 1489 3667 1678 3735; x_wconf 84' lang='lat' dir='ltr'><strong>dulcis,</strong></span> <span class='ocrx_word' id='word_1_532' title='bbox 1732 3681 1781 3722; x_wconf 74' lang='lat' dir='ltr'><strong>et</strong></span> <span class='ocrx_word' id='word_1_533' title='bbox 1827 3669 1895 3721; x_wconf 81' lang='lat' dir='ltr'><strong>sit</strong></span> 
     </span>
    </p>
   </div>
   <div class='ocr_carea' id='block_1_72' title="bbox 324 3759 1895 3829">
    <p class='ocr_par' dir='ltr' id='par_1_72' title="bbox 324 3759 1895 3829">
     <span class='ocr_line' id='line_1_72' title="bbox 324 3759 1895 3829; baseline 0.001 -16"><span class='ocrx_word' id='word_1_534' title='bbox 324 3760 419 3813; x_wconf 87' lang='lat' dir='ltr'><strong>tibi</strong></span> <span class='ocrx_word' id='word_1_535' title='bbox 464 3760 585 3821; x_wconf 85' lang='lat' dir='ltr'><strong>soli,</strong></span> <span class='ocrx_word' id='word_1_536' title='bbox 638 3776 798 3829; x_wconf 82' lang='lat' dir='ltr'><strong>neque</strong></span> <span class='ocrx_word' id='word_1_537' title='bbox 827 3759 971 3813; x_wconf 83' lang='lat' dir='ltr'><strong>ullus</strong></span> <span class='ocrx_word' id='word_1_538' title='bbox 1020 3760 1220 3813; x_wconf 85' lang='lat' dir='ltr'><strong>alienus</strong></span> <span class='ocrx_word' id='word_1_539' title='bbox 1249 3759 1362 3827; x_wconf 82' lang='lat' dir='ltr'><strong>ejus</strong></span> <span class='ocrx_word' id='word_1_540' title='bbox 1399 3760 1467 3814; x_wconf 85' lang='lat' dir='ltr'><strong>sit</strong></span> <span class='ocrx_word' id='word_1_541' title='bbox 1513 3771 1676 3814; x_wconf 84' lang='lat' dir='ltr'><strong>tecum</strong></span> <span class='ocrx_word' id='word_1_542' title='bbox 1722 3761 1895 3827; x_wconf 80' lang='lat' dir='ltr'><strong>parti-</strong></span> 
     </span>
    </p>
   </div>
   <div class='ocr_carea' id='block_1_73' title="bbox 322 3851 1893 3921">
    <p class='ocr_par' dir='ltr' id='par_1_73' title="bbox 322 3851 1893 3921">
     <span class='ocr_line' id='line_1_73' title="bbox 322 3851 1893 3921; baseline 0.001 -15"><span class='ocrx_word' id='word_1_543' title='bbox 322 3869 439 3921; x_wconf 83' lang='lat' dir='ltr'><strong>ceps</strong></span> <span class='ocrx_word' id='word_1_544' title='bbox 463 3852 528 3904; x_wconf 82' lang='grc'><strong>⁸⁸.</strong></span> <span class='ocrx_word' id='word_1_545' title='bbox 561 3851 845 3919; x_wconf 85' lang='lat' dir='ltr'><strong>Quomodo</strong></span> <span class='ocrx_word' id='word_1_546' title='bbox 875 3852 1018 3905; x_wconf 87' lang='lat' dir='ltr'><strong>enim</strong></span> <span class='ocrx_word' id='word_1_547' title='bbox 1052 3851 1162 3904; x_wconf 91' lang='lat' dir='ltr'><strong>illic</strong></span> <span class='ocrx_word' id='word_1_548' title='bbox 1194 3851 1465 3919; x_wconf 85' lang='lat' dir='ltr'><strong>prohibet,</strong></span> <span class='ocrx_word' id='word_1_549' title='bbox 1500 3867 1567 3906; x_wconf 90' lang='lat' dir='ltr'><strong>ne</strong></span> <span class='ocrx_word' id='word_1_550' title='bbox 1601 3852 1654 3905; x_wconf 91' lang='lat' dir='ltr'><strong>in</strong></span> <span class='ocrx_word' id='word_1_551' title='bbox 1687 3852 1893 3907; x_wconf 89' lang='lat' dir='ltr'><strong>alienos</strong></span> 
     </span>
    </p>
   </div>
   <div class='ocr_carea' id='block_1_74' title="bbox 320 3941 1892 4011">
    <p class='ocr_par' dir='ltr' id='par_1_74' title="bbox 320 3941 1892 4011">
     <span class='ocr_line' id='line_1_74' title="bbox 320 3941 1892 4011; baseline -0.002 -13"><span class='ocrx_word' id='word_1_552' title='bbox 320 3953 677 4000; x_wconf 88' lang='lat' dir='ltr'><strong>consumatur</strong></span> <span class='ocrx_word' id='word_1_553' title='bbox 724 3958 863 4011; x_wconf 89' lang='lat' dir='ltr'><strong>aqua</strong></span> <span class='ocrx_word' id='word_1_554' title='bbox 912 3941 1104 4003; x_wconf 86' lang='lat' dir='ltr'><strong>fontis,</strong></span> <span class='ocrx_word' id='word_1_555' title='bbox 1151 3942 1219 3994; x_wconf 83' lang='lat' dir='ltr'><strong>ita</strong></span> <span class='ocrx_word' id='word_1_556' title='bbox 1260 3941 1348 3995; x_wconf 90' lang='lat' dir='ltr'><strong>hic</strong></span> <span class='ocrx_word' id='word_1_557' title='bbox 1404 3949 1635 3996; x_wconf 86' lang='lat' dir='ltr'><strong>testatur</strong></span> <span class='ocrx_word' id='word_1_558' title='bbox 1689 3943 1892 3996; x_wconf 87' lang='lat' dir='ltr'><strong>fontem</strong></span> 
     </span>
    </p>
   </div>
   <div class='ocr_carea' id='block_1_75' title="bbox 321 4030 1890 4101">
    <p class='ocr_par' dir='ltr' id='par_1_75' title="bbox 321 4030 1890 4101">
     <span class='ocr_line' id='line_1_75' title="bbox 321 4030 1890 4101; baseline -0.001 -14"><span class='ocrx_word' id='word_1_559' title='bbox 321 4035 544 4088; x_wconf 90' lang='lat' dir='ltr'><strong>minime</strong></span> <span class='ocrx_word' id='word_1_560' title='bbox 592 4031 794 4086; x_wconf 70' lang='lat' dir='ltr'><strong>effundi</strong></span> <span class='ocrx_word' id='word_1_561' title='bbox 853 4033 908 4084; x_wconf 90' lang='lat' dir='ltr'><strong>in</strong></span> <span class='ocrx_word' id='word_1_562' title='bbox 963 4030 1189 4090; x_wconf 86' lang='lat' dir='ltr'><strong>alienos.</strong></span> <span class='ocrx_word' id='word_1_563' title='bbox 1251 4031 1500 4094; x_wconf 82' lang='lat' dir='ltr'><strong>dicendo,</strong></span> <span class='ocrx_word' id='word_1_564' title='bbox 1560 4032 1890 4101; x_wconf 72' lang='lat' dir='ltr'><strong>obsignatas,</strong></span> 
     </span>
    </p>
   </div>
   <div class='ocr_carea' id='block_1_76' title="bbox 318 4120 1893 4194">
    <p class='ocr_par' dir='ltr' id='par_1_76' title="bbox 318 4120 1893 4194">
     <span class='ocr_line' id='line_1_76' title="bbox 318 4120 1893 4194; baseline 0.001 -17"><span class='ocrx_word' id='word_1_565' title='bbox 318 4123 465 4194; x_wconf 86' lang='lat' dir='ltr'><strong>quod</strong></span> <span class='ocrx_word' id='word_1_566' title='bbox 504 4122 728 4192; x_wconf 91' lang='lat' dir='ltr'><strong>perinde</strong></span> <span class='ocrx_word' id='word_1_567' title='bbox 763 4129 847 4175; x_wconf 90' lang='lat' dir='ltr'><strong>est</strong></span> <span class='ocrx_word' id='word_1_568' title='bbox 889 4135 952 4176; x_wconf 87' lang='lat' dir='ltr'><strong>ac</strong></span> <span class='ocrx_word' id='word_1_569' title='bbox 991 4121 1035 4173; x_wconf 90' lang='lat' dir='ltr'><strong>si</strong></span> <span class='ocrx_word' id='word_1_570' title='bbox 1073 4120 1244 4185; x_wconf 89' lang='lat' dir='ltr'><strong>dicas,</strong></span> <span class='ocrx_word' id='word_1_571' title='bbox 1276 4123 1604 4178; x_wconf 85' lang='lat' dir='ltr'><strong>custoditus.</strong></span> <span class='ocrx_word' id='word_1_572' title='bbox 1636 4123 1765 4178; x_wconf 88' lang='lat' dir='ltr'><strong>Tale</strong></span> <span class='ocrx_word' id='word_1_573' title='bbox 1808 4132 1893 4179; x_wconf 82' lang='lat' dir='ltr'><strong>est</strong></span> 
     </span>
    </p>
   </div>
   <div class='ocr_carea' id='block_1_77' title="bbox 317 4209 1887 4283">
    <p class='ocr_par' dir='ltr' id='par_1_77' title="bbox 317 4209 1887 4283">
     <span class='ocr_line' id='line_1_77' title="bbox 317 4209 1887 4283; baseline 0.001 -16"><span class='ocrx_word' id='word_1_574' title='bbox 317 4221 497 4267; x_wconf 90' lang='lat' dir='ltr'><strong>autem</strong></span> <span class='ocrx_word' id='word_1_575' title='bbox 540 4213 685 4282; x_wconf 90' lang='lat' dir='ltr'><strong>quod</strong></span> <span class='ocrx_word' id='word_1_576' title='bbox 725 4211 962 4266; x_wconf 89' lang='lat' dir='ltr'><strong>dicitur:</strong></span> <span class='ocrx_word' id='word_1_577' title='bbox 995 4209 1158 4275; x_wconf 87' lang='lat' dir='ltr'><strong>Fons,</strong></span> <span class='ocrx_word' id='word_1_578' title='bbox 1204 4228 1320 4267; x_wconf 88' lang='lat' dir='ltr'><strong>mea</strong></span> <span class='ocrx_word' id='word_1_579' title='bbox 1353 4214 1569 4283; x_wconf 89' lang='lat' dir='ltr'><strong>quidem</strong></span> <span class='ocrx_word' id='word_1_580' title='bbox 1601 4216 1887 4282; x_wconf 84' lang='lat' dir='ltr'><strong>sententia,</strong></span> 
     </span>
    </p>
   </div>
   <div class='ocr_carea' id='block_1_78' title="bbox 2003 3028 3590 3103">
    <p class='ocr_par' dir='ltr' id='par_1_78' title="bbox 2003 3028 3590 3103">
     <span class='ocr_line' id='line_1_78' title="bbox 2003 3028 3590 3103; baseline 0.004 -22"><span class='ocrx_word' id='word_1_581' title='bbox 2003 3029 2247 3092; x_wconf 70' lang='grc' dir='ltr'>εἰπόντος</span> <span class='ocrx_word' id='word_1_582' title='bbox 2279 3028 2460 3101; x_wconf 82' lang='grc' dir='ltr'>ψυχήν</span> <span class='ocrx_word' id='word_1_583' title='bbox 2479 3046 2493 3060; x_wconf 92' lang='grc'><strong>·</strong></span> <span class='ocrx_word' id='word_1_584' title='bbox 2526 3030 2607 3083; x_wconf 82' lang='grc' dir='ltr'>ὅτι</span> <span class='ocrx_word' id='word_1_585' title='bbox 2636 3029 2840 3098; x_wconf 82' lang='grc' dir='ltr'>Κῆπος</span> <span class='ocrx_word' id='word_1_586' title='bbox 2876 3032 3318 3101; x_wconf 75' lang='grc' dir='ltr'>κεκλεισμένος,</span> <span class='ocrx_word' id='word_1_587' title='bbox 3348 3033 3590 3103; x_wconf 55' lang='grc' dir='ltr'>ἀδελφή</span> 
     </span>
    </p>
   </div>
   <div class='ocr_carea' id='block_1_79' title="bbox 1996 3121 2360 3188">
    <p class='ocr_par' dir='ltr' id='par_1_79' title="bbox 1996 3121 2360 3188">
     <span class='ocr_line' id='line_1_79' title="bbox 1996 3121 2360 3188; baseline -0.003 -15"><span class='ocrx_word' id='word_1_588' title='bbox 1996 3138 2114 3188; x_wconf 81' lang='grc' dir='ltr'>μου</span> <span class='ocrx_word' id='word_1_589' title='bbox 2140 3121 2360 3188; x_wconf 61' lang='grc' dir='ltr'>νύμφη.</span> 
     </span>
    </p>
   </div>
   <div class='ocr_carea' id='block_1_80' title="bbox 2082 3208 3582 3284">
    <p class='ocr_par' dir='ltr' id='par_1_80' title="bbox 2082 3208 3582 3284">
     <span class='ocr_line' id='line_1_80' title="bbox 2082 3208 3582 3284; baseline 0.005 -24"><span class='ocrx_word' id='word_1_590' title='bbox 2082 3208 2241 3261; x_wconf 82' lang='grc' dir='ltr'>Ἀλλά</span> <span class='ocrx_word' id='word_1_591' title='bbox 2286 3208 2362 3278; x_wconf 81' lang='grc' dir='ltr'>τῷ</span> <span class='ocrx_word' id='word_1_592' title='bbox 2401 3210 2562 3280; x_wconf 84' lang='grc' dir='ltr'>κήπῳ</span> <span class='ocrx_word' id='word_1_593' title='bbox 2620 3209 2825 3280; x_wconf 83' lang='grc' dir='ltr'>τούτῳ,</span> <span class='ocrx_word' id='word_1_594' title='bbox 2869 3212 2959 3264; x_wconf 72' lang='grc' dir='ltr'><strong>καὶ</strong></span> <span class='ocrx_word' id='word_1_595' title='bbox 3009 3213 3189 3283; x_wconf 76' lang='grc' dir='ltr'>πηγῆς</span> <span class='ocrx_word' id='word_1_596' title='bbox 3229 3214 3340 3265; x_wconf 75' lang='grc' dir='ltr'>ἐστι</span> <span class='ocrx_word' id='word_1_597' title='bbox 3383 3214 3582 3284; x_wconf 84' lang='grc' dir='ltr'>χρεία,</span> 
     </span>
    </p>
   </div>
   <div class='ocr_carea' id='block_1_81' title="bbox 1998 3298 3591 3377">
    <p class='ocr_par' dir='ltr' id='par_1_81' title="bbox 1998 3298 3591 3377">
     <span class='ocr_line' id='line_1_81' title="bbox 1998 3298 3591 3377; baseline 0.005 -27"><span class='ocrx_word' id='word_1_598' title='bbox 1998 3298 2072 3362; x_wconf 81' lang='grc' dir='ltr'>ὡς</span> <span class='ocrx_word' id='word_1_599' title='bbox 2113 3299 2178 3353; x_wconf 84' lang='grc' dir='ltr'>ἂν</span> <span class='ocrx_word' id='word_1_600' title='bbox 2216 3299 2436 3365; x_wconf 78' lang='grc' dir='ltr'>εὐθαλὲς</span> <span class='ocrx_word' id='word_1_601' title='bbox 2477 3300 2722 3371; x_wconf 77' lang='grc' dir='ltr'>διαμένοι</span> <span class='ocrx_word' id='word_1_602' title='bbox 2772 3302 2833 3355; x_wconf 80' lang='grc' dir='ltr'><strong>τὸ</strong></span> <span class='ocrx_word' id='word_1_603' title='bbox 2871 3302 3030 3367; x_wconf 83' lang='grc' dir='ltr'>ἄλσος</span> <span class='ocrx_word' id='word_1_604' title='bbox 3056 3343 3070 3365; x_wconf 90' lang='grc'><strong>,</strong></span> <span class='ocrx_word' id='word_1_605' title='bbox 3128 3302 3207 3373; x_wconf 85' lang='grc' dir='ltr'>τῷ</span> <span class='ocrx_word' id='word_1_606' title='bbox 3248 3304 3398 3357; x_wconf 85' lang='grc' dir='ltr'>ῦδατι</span> <span class='ocrx_word' id='word_1_607' title='bbox 3444 3306 3591 3377; x_wconf 73' lang='grc' dir='ltr'>πρὸς</span> 
     </span>
    </p>
   </div>
   <div class='ocr_carea' id='block_1_82' title="bbox 2000 3391 3588 3466">
    <p class='ocr_par' dir='ltr' id='par_1_82' title="bbox 2000 3391 3588 3466">
     <span class='ocr_line' id='line_1_82' title="bbox 2000 3391 3588 3466; baseline 0.006 -23"><span class='ocrx_word' id='word_1_608' title='bbox 2000 3392 2058 3443; x_wconf 77' lang='grc' dir='ltr'>τὸ</span> <span class='ocrx_word' id='word_1_609' title='bbox 2141 3391 2387 3461; x_wconf 82' lang='grc' dir='ltr'>διηνεκὲς</span> <span class='ocrx_word' id='word_1_610' title='bbox 2455 3395 2837 3463; x_wconf 80' lang='grc' dir='ltr'>πιαινόμενον·</span> <span class='ocrx_word' id='word_1_611' title='bbox 2909 3393 2995 3446; x_wconf 71' lang='grc' dir='ltr'><strong>διὰ</strong></span> <span class='ocrx_word' id='word_1_612' title='bbox 3074 3393 3230 3448; x_wconf 86' lang='grc' dir='ltr'>τοῦτο</span> <span class='ocrx_word' id='word_1_613' title='bbox 3296 3397 3588 3466; x_wconf 77' lang='grc' dir='ltr'>συνέζευξε</span> 
     </span>
    </p>
   </div>
   <div class='ocr_carea' id='block_1_83' title="bbox 1997 3483 3587 3557">
    <p class='ocr_par' dir='ltr' id='par_1_83' title="bbox 1997 3483 3587 3557">
     <span class='ocr_line' id='line_1_83' title="bbox 1997 3483 3587 3557; baseline 0.006 -23"><span class='ocrx_word' id='word_1_614' title='bbox 1997 3485 2108 3546; x_wconf 88' lang='grc' dir='ltr'>τοῖς</span> <span class='ocrx_word' id='word_1_615' title='bbox 2136 3483 2379 3547; x_wconf 82' lang='grc' dir='ltr'>ἐπαίνοις</span> <span class='ocrx_word' id='word_1_616' title='bbox 2405 3484 2505 3555; x_wconf 84' lang='grc' dir='ltr'><strong>τὴν</strong></span> <span class='ocrx_word' id='word_1_617' title='bbox 2534 3485 2715 3555; x_wconf 80' lang='grc' dir='ltr'>πηγὴν</span> <span class='ocrx_word' id='word_1_618' title='bbox 2737 3484 2814 3555; x_wconf 86' lang='grc' dir='ltr'><strong>τῷ</strong></span> <span class='ocrx_word' id='word_1_619' title='bbox 2841 3487 3020 3555; x_wconf 83' lang='grc' dir='ltr'>κήπῳ.</span> <span class='ocrx_word' id='word_1_620' title='bbox 3053 3485 3239 3540; x_wconf 79' lang='grc' dir='ltr'>εἰπών’</span> <span class='ocrx_word' id='word_1_621' title='bbox 3261 3489 3340 3540; x_wconf 79' lang='grc' dir='ltr'><strong>ὅτι</strong></span> <span class='ocrx_word' id='word_1_622' title='bbox 3371 3486 3587 3557; x_wconf 75' lang='grc' dir='ltr'>Κῆπος</span> 
     </span>
    </p>
   </div>
   <div class='ocr_carea' id='block_1_84' title="bbox 1999 3575 3585 3652">
    <p class='ocr_par' dir='ltr' id='par_1_84' title="bbox 1999 3575 3585 3652">
     <span class='ocr_line' id='line_1_84' title="bbox 1999 3575 3585 3652; baseline 0.003 -23"><span class='ocrx_word' id='word_1_623' title='bbox 1999 3575 2441 3645; x_wconf 77' lang='grc' dir='ltr'>κεκλεισμένος,</span> <span class='ocrx_word' id='word_1_624' title='bbox 2458 3576 2619 3645; x_wconf 76' lang='grc' dir='ltr'>πηγὴ</span> <span class='ocrx_word' id='word_1_625' title='bbox 2639 3577 3107 3646; x_wconf 70' lang='grc' dir='ltr'>ἐσφραγισμένη.</span> <span class='ocrx_word' id='word_1_626' title='bbox 3131 3578 3234 3631; x_wconf 88' lang='grc' dir='ltr'><strong>Τὸν</strong></span> <span class='ocrx_word' id='word_1_627' title='bbox 3248 3577 3303 3631; x_wconf 78' lang='grc' dir='ltr'>δὲ</span> <span class='ocrx_word' id='word_1_628' title='bbox 3324 3581 3454 3650; x_wconf 80' lang='grc' dir='ltr'>περὶ</span> <span class='ocrx_word' id='word_1_629' title='bbox 3480 3581 3585 3652; x_wconf 79' lang='grc' dir='ltr'>τῆς</span> 
     </span>
    </p>
   </div>
   <div class='ocr_carea' id='block_1_85' title="bbox 1999 3665 3586 3741">
    <p class='ocr_par' dir='ltr' id='par_1_85' title="bbox 1999 3665 3586 3741">
     <span class='ocr_line' id='line_1_85' title="bbox 1999 3665 3586 3741; baseline 0.005 -25"><span class='ocrx_word' id='word_1_630' title='bbox 1999 3665 2179 3737; x_wconf 78' lang='grc' dir='ltr'>πηγῆς</span> <span class='ocrx_word' id='word_1_631' title='bbox 2215 3665 2371 3733; x_wconf 87' lang='grc' dir='ltr'>λόγον</span> <span class='ocrx_word' id='word_1_632' title='bbox 2404 3667 2437 3735; x_wconf 85' lang='grc' dir='ltr'>ὴ</span> <span class='ocrx_word' id='word_1_633' title='bbox 2471 3666 2741 3737; x_wconf 80' lang='grc' dir='ltr'>Παροιμία</span> <span class='ocrx_word' id='word_1_634' title='bbox 2773 3666 3011 3720; x_wconf 82' lang='grc' dir='ltr'>διδάσκει</span> <span class='ocrx_word' id='word_1_635' title='bbox 3043 3669 3191 3737; x_wconf 79' lang='grc' dir='ltr'>ἡμᾶς</span> <span class='ocrx_word' id='word_1_636' title='bbox 3229 3668 3296 3721; x_wconf 84' lang='grc' dir='ltr'>δι’</span> <span class='ocrx_word' id='word_1_637' title='bbox 3324 3669 3586 3741; x_wconf 80' lang='grc' dir='ltr'>αἰνίγμα-</span> 
     </span>
    </p>
   </div>
   <div class='ocr_carea' id='block_1_86' title="bbox 1994 3750 3586 3826">
    <p class='ocr_par' dir='ltr' id='par_1_86' title="bbox 1994 3750 3586 3826">
     <span class='ocr_line' id='line_1_86' title="bbox 1994 3750 3586 3826; baseline 0.004 -18"><span class='ocrx_word' id='word_1_638' title='bbox 1994 3773 2104 3820; x_wconf 84' lang='grc' dir='ltr'>τος,</span> <span class='ocrx_word' id='word_1_639' title='bbox 2136 3757 2192 3808; x_wconf 83' lang='grc' dir='ltr'><strong>έν</strong></span> <span class='ocrx_word' id='word_1_640' title='bbox 2228 3750 2311 3820; x_wconf 72' lang='grc' dir='ltr'>οἷς</span> <span class='ocrx_word' id='word_1_641' title='bbox 2340 3773 2537 3826; x_wconf 75' lang='grc' dir='ltr'>φησιν’</span> <span class='ocrx_word' id='word_1_642' title='bbox 2582 3757 2646 3811; x_wconf 86' lang='grc' dir='ltr'>Ἡ</span> <span class='ocrx_word' id='word_1_643' title='bbox 2678 3755 2838 3825; x_wconf 76' lang='grc' dir='ltr'>πηγὴ</span> <span class='ocrx_word' id='word_1_644' title='bbox 2881 3757 2988 3811; x_wconf 85' lang='grc' dir='ltr'><strong>τοῦ</strong></span> <span class='ocrx_word' id='word_1_645' title='bbox 3030 3756 3249 3823; x_wconf 76' lang='grc' dir='ltr'>ὕδατος</span> <span class='ocrx_word' id='word_1_646' title='bbox 3287 3760 3443 3813; x_wconf 77' lang='grc' dir='ltr'>ἔστω</span> <span class='ocrx_word' id='word_1_647' title='bbox 3478 3758 3586 3815; x_wconf 77' lang='grc' dir='ltr'>σοι</span> 
     </span>
    </p>
   </div>
   <div class='ocr_carea' id='block_1_87' title="bbox 1995 3847 3581 3920">
    <p class='ocr_par' dir='ltr' id='par_1_87' title="bbox 1995 3847 3581 3920">
     <span class='ocr_line' id='line_1_87' title="bbox 1995 3847 3581 3920; baseline 0.004 -21"><span class='ocrx_word' id='word_1_648' title='bbox 1995 3847 2182 3916; x_wconf 78' lang='grc' dir='ltr'>ἡδεῖα,</span> <span class='ocrx_word' id='word_1_649' title='bbox 2212 3849 2307 3902; x_wconf 81' lang='grc' dir='ltr'>καὶ</span> <span class='ocrx_word' id='word_1_650' title='bbox 2334 3848 2489 3901; x_wconf 74' lang='grc' dir='ltr'>ἔστω</span> <span class='ocrx_word' id='word_1_651' title='bbox 2525 3848 2624 3902; x_wconf 77' lang='grc' dir='ltr'>σοὶ</span> <span class='ocrx_word' id='word_1_652' title='bbox 2662 3850 2859 3918; x_wconf 80' lang='grc' dir='ltr'>μόνῳ,</span> <span class='ocrx_word' id='word_1_653' title='bbox 2885 3849 2983 3902; x_wconf 78' lang='grc' dir='ltr'>καὶ</span> <span class='ocrx_word' id='word_1_654' title='bbox 3015 3848 3230 3917; x_wconf 80' lang='grc' dir='ltr'>μήδεὶς</span> <span class='ocrx_word' id='word_1_655' title='bbox 3260 3850 3581 3920; x_wconf 73' lang='grc' dir='ltr'>ἀλλότριος</span> 
     </span>
    </p>
   </div>
   <div class='ocr_carea' id='block_1_88' title="bbox 1988 3938 3577 4014">
    <p class='ocr_par' dir='ltr' id='par_1_88' title="bbox 1988 3938 3577 4014">
     <span class='ocr_line' id='line_1_88' title="bbox 1988 3938 3577 4014; baseline 0.004 -22"><span class='ocrx_word' id='word_1_656' title='bbox 1988 3939 2333 4008; x_wconf 79' lang='grc' dir='ltr'>μετασχέτω</span> <span class='ocrx_word' id='word_1_657' title='bbox 2357 3953 2474 3993; x_wconf 86' lang='grc' dir='ltr'>σοι.</span> <span class='ocrx_word' id='word_1_658' title='bbox 2520 3939 2607 4003; x_wconf 85' lang='grc' dir='ltr'>Ὠς</span> <span class='ocrx_word' id='word_1_659' title='bbox 2639 3939 2748 4010; x_wconf 80' lang='grc' dir='ltr'>γὰρ</span> <span class='ocrx_word' id='word_1_660' title='bbox 2782 3942 2899 3993; x_wconf 78' lang='grc' dir='ltr'>ἐκεῖ</span> <span class='ocrx_word' id='word_1_661' title='bbox 2919 3938 3115 3994; x_wconf 88' lang='grc' dir='ltr'>κωλύει</span> <span class='ocrx_word' id='word_1_662' title='bbox 3135 3945 3247 4005; x_wconf 84' lang='grc' dir='ltr'>τοῖς</span> <span class='ocrx_word' id='word_1_663' title='bbox 3273 3941 3577 4014; x_wconf 83' lang='grc' dir='ltr'>ἀλλοτρίοις</span> 
     </span>
    </p>
   </div>
   <div class='ocr_carea' id='block_1_89' title="bbox 1994 4031 3579 4103">
    <p class='ocr_par' dir='ltr' id='par_1_89' title="bbox 1994 4031 3579 4103">
     <span class='ocr_line' id='line_1_89' title="bbox 1994 4031 3579 4103; baseline 0.004 -20"><span class='ocrx_word' id='word_1_664' title='bbox 1994 4031 2392 4085; x_wconf 78' lang='grc' dir='ltr'>ἐνδαπανᾶσθαι</span> <span class='ocrx_word' id='word_1_665' title='bbox 2417 4032 2516 4103; x_wconf 84' lang='grc' dir='ltr'>τῆς</span> <span class='ocrx_word' id='word_1_666' title='bbox 2549 4032 2730 4103; x_wconf 84' lang='grc' dir='ltr'>πηγῆς</span> <span class='ocrx_word' id='word_1_667' title='bbox 2764 4031 2824 4084; x_wconf 75' lang='grc' dir='ltr'>τὸ</span> <span class='ocrx_word' id='word_1_668' title='bbox 2849 4031 3016 4102; x_wconf 77' lang='grc' dir='ltr'>ὕδωρ,</span> <span class='ocrx_word' id='word_1_669' title='bbox 3051 4031 3221 4097; x_wconf 78' lang='grc' dir='ltr'>οὕτως</span> <span class='ocrx_word' id='word_1_670' title='bbox 3248 4034 3487 4088; x_wconf 76' lang='grc' dir='ltr'>ἐνταῦθα</span> <span class='ocrx_word' id='word_1_671' title='bbox 3517 4036 3579 4090; x_wconf 80' lang='grc' dir='ltr'>τὺ</span> 
     </span>
    </p>
   </div>
   <div class='ocr_carea' id='block_1_90' title="bbox 1946 4121 3575 4196">
    <p class='ocr_par' dir='ltr' id='par_1_90' title="bbox 1946 4121 3575 4196">
     <span class='ocr_line' id='line_1_90' title="bbox 1946 4121 3575 4196; baseline 0.002 -21"><span class='ocrx_word' id='word_1_672' title='bbox 1946 4178 1951 4185; x_wconf 57' lang='grc'><strong>,</strong></span> <span class='ocrx_word' id='word_1_673' title='bbox 1995 4121 2245 4194; x_wconf 81' lang='grc' dir='ltr'>μηδαμοῦ</span> <span class='ocrx_word' id='word_1_674' title='bbox 2295 4122 2592 4193; x_wconf 86' lang='grc' dir='ltr'>διαχεῖσθαι</span> <span class='ocrx_word' id='word_1_675' title='bbox 2659 4123 2796 4193; x_wconf 76' lang='grc' dir='ltr'>πρὸς</span> <span class='ocrx_word' id='word_1_676' title='bbox 2846 4123 3163 4194; x_wconf 85' lang='grc' dir='ltr'>ἀλλοτρίους</span> <span class='ocrx_word' id='word_1_677' title='bbox 3215 4123 3315 4191; x_wconf 78' lang='grc' dir='ltr'><strong>τὴν</strong></span> <span class='ocrx_word' id='word_1_678' title='bbox 3366 4126 3575 4196; x_wconf 82' lang='grc' dir='ltr'>πηγὴν,</span> 
     </span>
    </p>
   </div>
   <div class='ocr_carea' id='block_1_91' title="bbox 1996 4211 3576 4284">
    <p class='ocr_par' dir='ltr' id='par_1_91' title="bbox 1996 4211 3576 4284">
     <span class='ocr_line' id='line_1_91' title="bbox 1996 4211 3576 4284; baseline 0.001 -19"><span class='ocrx_word' id='word_1_679' title='bbox 1996 4214 2258 4283; x_wconf 85' lang='grc' dir='ltr'>μαρτυρεῖ</span> <span class='ocrx_word' id='word_1_680' title='bbox 2285 4211 2371 4264; x_wconf 73' lang='grc' dir='ltr'><strong>διὰ</strong></span> <span class='ocrx_word' id='word_1_681' title='bbox 2405 4211 2501 4264; x_wconf 86' lang='grc' dir='ltr'><strong>τοῦ</strong></span> <span class='ocrx_word' id='word_1_682' title='bbox 2539 4213 2712 4264; x_wconf 78' lang='grc' dir='ltr'>εἰπεῖν</span> <span class='ocrx_word' id='word_1_683' title='bbox 2740 4211 2819 4264; x_wconf 87' lang='grc' dir='ltr'><strong>ὅτι</strong></span> <span class='ocrx_word' id='word_1_684' title='bbox 2876 4211 3387 4281; x_wconf 71' lang='grc' dir='ltr'>Ἐσφρατισμένη,</span> <span class='ocrx_word' id='word_1_685' title='bbox 3436 4214 3576 4284; x_wconf 81' lang='grc' dir='ltr'>ὅπερ</span> 
     </span>
    </p>
   </div>
   <div class='ocr_carea' id='block_1_92' title="bbox 316 4301 1901 4389">
    <p class='ocr_par' dir='ltr' id='par_1_92' title="bbox 316 4303 1890 4389">
     <span class='ocr_line' id='line_1_92' title="bbox 316 4303 1890 4389; baseline 0.002 -32"><span class='ocrx_word' id='word_1_686' title='bbox 316 4304 536 4374; x_wconf 90' lang='lat' dir='ltr'><strong>pr0prie</strong></span> <span class='ocrx_word' id='word_1_687' title='bbox 564 4304 880 4358; x_wconf 87' lang='lat' dir='ltr'><strong>nominatur</strong></span> <span class='ocrx_word' id='word_1_688' title='bbox 908 4303 1200 4373; x_wconf 85' lang='lat' dir='ltr'><strong>cogitativa</strong></span> <span class='ocrx_word' id='word_1_689' title='bbox 1228 4314 1446 4389; x_wconf 49' lang='lat' dir='ltr'><strong>.nostrae</strong></span> <span class='ocrx_word' id='word_1_690' title='bbox 1490 4305 1682 4359; x_wconf 79' lang='lat' dir='ltr'><strong>anima:</strong></span> <span class='ocrx_word' id='word_1_691' title='bbox 1720 4305 1890 4360; x_wconf 89' lang='lat' dir='ltr'><strong>facul-</strong></span> 
     </span>
    </p>
   </div>
   <div class='ocr_carea' id='block_1_93' title="bbox 2082 4301 3576 4389">
    <p class='ocr_par' dir='ltr' id='par_1_93' title="bbox 2082 4301 3576 4373">
     <span class='ocr_line' id='line_1_93' title="bbox 2082 4301 3576 4373; baseline 0.001 -18"><span class='ocrx_word' id='word_1_692' title='bbox 2082 4319 2107 4355; x_wconf 89' lang='grc' dir='ltr'><strong>ν</strong></span> <span class='ocrx_word' id='word_1_693' title='bbox 2128 4303 2245 4355; x_wconf 71' lang='grc' dir='ltr'>ὲστὶ</span> <span class='ocrx_word' id='word_1_694' title='bbox 2279 4301 2358 4373; x_wconf 83' lang='grc' dir='ltr'>τῷ</span> <span class='ocrx_word' id='word_1_695' title='bbox 2389 4303 2582 4367; x_wconf 83' lang='grc' dir='ltr'>εἰπεῖν,</span> <span class='ocrx_word' id='word_1_696' title='bbox 2613 4302 2693 4355; x_wconf 84' lang='grc' dir='ltr'>ὅτι</span> <span class='ocrx_word' id='word_1_697' title='bbox 2720 4302 3143 4373; x_wconf 73' lang='grc' dir='ltr'>Πεφυλαγμένηο</span> <span class='ocrx_word' id='word_1_698' title='bbox 3173 4301 3234 4355; x_wconf 80' lang='grc' dir='ltr'><strong>τὸ</strong></span> <span class='ocrx_word' id='word_1_699' title='bbox 3267 4302 3325 4356; x_wconf 84' lang='grc' dir='ltr'>δὲ</span> <span class='ocrx_word' id='word_1_700' title='bbox 3355 4303 3576 4373; x_wconf 83' lang='grc' dir='ltr'>λεγόμε-</span> 
     </span>
    </p>
   </div>
   <div class='ocr_carea' id='block_1_94' title="bbox 317 4394 1888 4465">
    <p class='ocr_par' dir='ltr' id='par_1_94' title="bbox 317 4394 1888 4465">
     <span class='ocr_line' id='line_1_94' title="bbox 317 4394 1888 4465; baseline 0.001 -18"><span class='ocrx_word' id='word_1_701' title='bbox 317 4404 422 4459; x_wconf 90' lang='lat' dir='ltr'><strong>tas,</strong></span> <span class='ocrx_word' id='word_1_702' title='bbox 459 4411 579 4464; x_wconf 66' lang='lat' dir='ltr'><strong>quae</strong></span> <span class='ocrx_word' id='word_1_703' title='bbox 602 4410 761 4449; x_wconf 92' lang='lat' dir='ltr'><strong>omne</strong></span> <span class='ocrx_word' id='word_1_704' title='bbox 800 4410 972 4465; x_wconf 84' lang='lat' dir='ltr'><strong>genus</strong></span> <span class='ocrx_word' id='word_1_705' title='bbox 1002 4394 1452 4449; x_wconf 86' lang='lat' dir='ltr'><strong>ratiocinationes</strong></span> <span class='ocrx_word' id='word_1_706' title='bbox 1483 4395 1535 4449; x_wconf 92' lang='lat' dir='ltr'><strong>in</strong></span> <span class='ocrx_word' id='word_1_707' title='bbox 1564 4395 1721 4451; x_wconf 89' lang='lat' dir='ltr'><strong>nobis</strong></span> <span class='ocrx_word' id='word_1_708' title='bbox 1755 4395 1888 4449; x_wconf 87' lang='lat' dir='ltr'><strong>facit</strong></span> 
     </span>
    </p>
   </div>
   <div class='ocr_carea' id='block_1_95' title="bbox 314 4484 1883 4541">
    <p class='ocr_par' dir='ltr' id='par_1_95' title="bbox 314 4484 1883 4541">
     <span class='ocr_line' id='line_1_95' title="bbox 314 4484 1883 4541; baseline -0.001 0"><span class='ocrx_word' id='word_1_709' title='bbox 314 4493 526 4541; x_wconf 87' lang='lat' dir='ltr'><strong>scatere</strong></span> <span class='ocrx_word' id='word_1_710' title='bbox 561 4496 613 4539; x_wconf 93' lang='lat' dir='ltr'><strong>et</strong></span> <span class='ocrx_word' id='word_1_711' title='bbox 638 4501 913 4539; x_wconf 87' lang='lat' dir='ltr'><strong>emanare.</strong></span> <span class='ocrx_word' id='word_1_712' title='bbox 951 4484 1055 4538; x_wconf 89' lang='lat' dir='ltr'><strong>Sed</strong></span> <span class='ocrx_word' id='word_1_713' title='bbox 1093 4494 1225 4539; x_wconf 91' lang='lat' dir='ltr'><strong>tunc</strong></span> <span class='ocrx_word' id='word_1_714' title='bbox 1262 4494 1448 4541; x_wconf 88' lang='lat' dir='ltr'><strong>noster</strong></span> <span class='ocrx_word' id='word_1_715' title='bbox 1478 4486 1531 4540; x_wconf 81' lang='lat' dir='ltr'><strong>fit</strong></span> <span class='ocrx_word' id='word_1_716' title='bbox 1579 4494 1757 4539; x_wconf 89' lang='lat' dir='ltr'><strong>motus</strong></span> <span class='ocrx_word' id='word_1_717' title='bbox 1788 4501 1883 4540; x_wconf 90' lang='lat' dir='ltr'><strong>co-</strong></span> 
     </span>
    </p>
   </div>
   <div class='ocr_carea' id='block_1_96' title="bbox 313 4576 1886 4646">
    <p class='ocr_par' dir='ltr' id='par_1_96' title="bbox 313 4576 1886 4646">
     <span class='ocr_line' id='line_1_96' title="bbox 313 4576 1886 4646; baseline 0.001 -17"><span class='ocrx_word' id='word_1_718' title='bbox 313 4576 615 4646; x_wconf 84' lang='lat' dir='ltr'><strong>gitationis,</strong></span> <span class='ocrx_word' id='word_1_719' title='bbox 654 4577 872 4644; x_wconf 89' lang='lat' dir='ltr'><strong>quando</strong></span> <span class='ocrx_word' id='word_1_720' title='bbox 912 4579 1092 4633; x_wconf 88' lang='lat' dir='ltr'><strong>omnis</strong></span> <span class='ocrx_word' id='word_1_721' title='bbox 1126 4588 1311 4632; x_wconf 89' lang='lat' dir='ltr'><strong>nostra</strong></span> <span class='ocrx_word' id='word_1_722' title='bbox 1357 4586 1605 4632; x_wconf 87' lang='lat' dir='ltr'><strong>movetur</strong></span> <span class='ocrx_word' id='word_1_723' title='bbox 1639 4577 1886 4646; x_wconf 88' lang='lat' dir='ltr'><strong>operatio</strong></span> 
     </span>
    </p>
   </div>
   <div class='ocr_carea' id='block_1_97' title="bbox 313 4668 1886 4738">
    <p class='ocr_par' dir='ltr' id='par_1_97' title="bbox 313 4668 1886 4738">
     <span class='ocr_line' id='line_1_97' title="bbox 313 4668 1886 4738; baseline -0.001 -16"><span class='ocrx_word' id='word_1_724' title='bbox 313 4668 381 4722; x_wconf 92' lang='lat' dir='ltr'><strong>ad</strong></span> <span class='ocrx_word' id='word_1_725' title='bbox 408 4683 471 4723; x_wconf 88' lang='lat' dir='ltr'><strong>ea</strong></span> <span class='ocrx_word' id='word_1_726' title='bbox 506 4682 625 4738; x_wconf 65' lang='lat' dir='ltr'><strong>qua:</strong></span> <span class='ocrx_word' id='word_1_727' title='bbox 663 4675 788 4721; x_wconf 89' lang='lat' dir='ltr'><strong>sunt</strong></span> <span class='ocrx_word' id='word_1_728' title='bbox 817 4668 975 4722; x_wconf 93' lang='lat' dir='ltr'><strong>nobis</strong></span> <span class='ocrx_word' id='word_1_729' title='bbox 1006 4668 1388 4731; x_wconf 87' lang='lat' dir='ltr'><strong>conducibilia,</strong></span> <span class='ocrx_word' id='word_1_730' title='bbox 1414 4678 1467 4722; x_wconf 92' lang='lat' dir='ltr'><strong>et</strong></span> <span class='ocrx_word' id='word_1_731' title='bbox 1499 4668 1763 4721; x_wconf 88' lang='lat' dir='ltr'><strong>bonorum</strong></span> <span class='ocrx_word' id='word_1_732' title='bbox 1791 4684 1886 4721; x_wconf 82' lang='lat' dir='ltr'><strong>ex-</strong></span> 
     </span>
    </p>
   </div>
   <div class='ocr_carea' id='block_1_98' title="bbox 313 4744 1887 4831">
    <p class='ocr_par' dir='ltr' id='par_1_98' title="bbox 313 4744 1887 4831">
     <span class='ocr_line' id='line_1_98' title="bbox 313 4744 1887 4831; baseline -0.003 -16"><span class='ocrx_word' id='word_1_733' title='bbox 313 4760 464 4831; x_wconf 87' lang='lat' dir='ltr'><strong>hibet</strong></span> <span class='ocrx_word' id='word_1_734' title='bbox 518 4761 967 4830; x_wconf 89' lang='lat' dir='ltr'><strong>procreationem.</strong></span> <span class='ocrx_word' id='word_1_735' title='bbox 1036 4744 1271 4824; x_wconf 89' lang='lat' dir='ltr'><strong>Quando</strong></span> <span class='ocrx_word' id='word_1_736' title='bbox 1319 4766 1499 4811; x_wconf 89' lang='lat' dir='ltr'><strong>autem</strong></span> <span class='ocrx_word' id='word_1_737' title='bbox 1553 4759 1887 4812; x_wconf 88' lang='lat' dir='ltr'><strong>converterit</strong></span> 
     </span>
    </p>
   </div>
   <div class='ocr_carea' id='block_1_99' title="bbox 311 4841 1882 4923">
    <p class='ocr_par' dir='ltr' id='par_1_99' title="bbox 311 4841 1882 4923">
     <span class='ocr_line' id='line_1_99' title="bbox 311 4841 1882 4923; baseline -0.003 -16"><span class='ocrx_word' id='word_1_738' title='bbox 311 4853 583 4923; x_wconf 87' lang='lat' dir='ltr'><strong>quispiam</strong></span> <span class='ocrx_word' id='word_1_739' title='bbox 619 4841 1007 4921; x_wconf 70' lang='lat' dir='ltr'><strong>cogitationum</strong></span> <span class='ocrx_word' id='word_1_740' title='bbox 1057 4851 1433 4918; x_wconf 89' lang='lat' dir='ltr'><strong>operationem</strong></span> <span class='ocrx_word' id='word_1_741' title='bbox 1471 4846 1537 4900; x_wconf 87' lang='lat' dir='ltr'><strong>ad</strong></span> <span class='ocrx_word' id='word_1_742' title='bbox 1566 4849 1882 4919; x_wconf 82' lang='lat' dir='ltr'><strong>excogitan-</strong></span> 
     </span>
    </p>
   </div>
   <div class='ocr_carea' id='block_1_100' title="bbox 309 4938 1880 5007">
    <p class='ocr_par' dir='ltr' id='par_1_100' title="bbox 309 4938 1880 5007">
     <span class='ocr_line' id='line_1_100' title="bbox 309 4938 1880 5007; baseline -0.004 -10"><span class='ocrx_word' id='word_1_743' title='bbox 309 4944 439 4998; x_wconf 92' lang='lat' dir='ltr'><strong>dum</strong></span> <span class='ocrx_word' id='word_1_744' title='bbox 469 4944 681 5007; x_wconf 89' lang='lat' dir='ltr'><strong>vitium,</strong></span> <span class='ocrx_word' id='word_1_745' title='bbox 720 4953 847 4996; x_wconf 91' lang='lat' dir='ltr'><strong>tunc</strong></span> <span class='ocrx_word' id='word_1_746' title='bbox 884 4943 939 4995; x_wconf 90' lang='lat' dir='ltr'><strong>in</strong></span> <span class='ocrx_word' id='word_1_747' title='bbox 974 4943 1181 4995; x_wconf 89' lang='lat' dir='ltr'><strong>alienos</strong></span> <span class='ocrx_word' id='word_1_748' title='bbox 1213 4939 1554 4994; x_wconf 80' lang='lat' dir='ltr'><strong>consumitur</strong></span> <span class='ocrx_word' id='word_1_749' title='bbox 1578 4938 1838 4993; x_wconf 83' lang='lat' dir='ltr'><strong>fluentum</strong></span> <span class='ocrx_word' id='word_1_750' title='bbox 1867 4956 1880 4990; x_wconf 91' lang='lat'>:</span> 
     </span>
    </p>
   </div>
   <div class='ocr_carea' id='block_1_101' title="bbox 309 5032 1880 5104">
    <p class='ocr_par' dir='ltr' id='par_1_101' title="bbox 309 5032 1880 5104">
     <span class='ocr_line' id='line_1_101' title="bbox 309 5032 1880 5104; baseline -0.004 -12"><span class='ocrx_word' id='word_1_751' title='bbox 309 5038 446 5092; x_wconf 87' lang='lat' dir='ltr'><strong>adeo</strong></span> <span class='ocrx_word' id='word_1_752' title='bbox 483 5045 543 5090; x_wconf 91' lang='lat' dir='ltr'><strong>ut</strong></span> <span class='ocrx_word' id='word_1_753' title='bbox 573 5036 711 5095; x_wconf 86' lang='lat' dir='ltr'><strong>bene</strong></span> <span class='ocrx_word' id='word_1_754' title='bbox 750 5035 927 5088; x_wconf 89' lang='lat' dir='ltr'><strong>alatur</strong></span> <span class='ocrx_word' id='word_1_755' title='bbox 959 5033 1177 5104; x_wconf 91' lang='lat' dir='ltr'><strong>quidem</strong></span> <span class='ocrx_word' id='word_1_756' title='bbox 1212 5033 1433 5103; x_wconf 91' lang='lat' dir='ltr'><strong>spinosa</strong></span> <span class='ocrx_word' id='word_1_757' title='bbox 1474 5032 1605 5097; x_wconf 80' lang='lat' dir='ltr'><strong>vita,</strong></span> <span class='ocrx_word' id='word_1_758' title='bbox 1656 5032 1880 5104; x_wconf 89' lang='lat' dir='ltr'><strong>irrigata</strong></span> 
     </span>
    </p>
   </div>
   <div class='ocr_carea' id='block_1_102' title="bbox 1994 4393 3574 4467">
    <p class='ocr_par' dir='ltr' id='par_1_102' title="bbox 1994 4393 3574 4467">
     <span class='ocr_line' id='line_1_102' title="bbox 1994 4393 3574 4467; baseline 0.003 -22"><span class='ocrx_word' id='word_1_759' title='bbox 1994 4412 2102 4459; x_wconf 89' lang='grc' dir='ltr'>νον,</span> <span class='ocrx_word' id='word_1_760' title='bbox 2131 4394 2369 4448; x_wconf 86' lang='grc' dir='ltr'>τοιοῦτόν</span> <span class='ocrx_word' id='word_1_761' title='bbox 2394 4395 2509 4467; x_wconf 68' lang='grc' dir='ltr'>εστι</span> <span class='ocrx_word' id='word_1_762' title='bbox 2530 4411 2545 4426; x_wconf 77' lang='grc' dir='ltr'><strong>ο</strong></span> <span class='ocrx_word' id='word_1_763' title='bbox 2564 4393 2717 4465; x_wconf 84' lang='grc' dir='ltr'>Πηγὴ</span> <span class='ocrx_word' id='word_1_764' title='bbox 2744 4393 2949 4464; x_wconf 85' lang='grc' dir='ltr'>κυρίως</span> <span class='ocrx_word' id='word_1_765' title='bbox 2975 4393 3406 4464; x_wconf 80' lang='grc' dir='ltr'>κατονομάζεται</span> <span class='ocrx_word' id='word_1_766' title='bbox 3434 4399 3574 4450; x_wconf 84' lang='grc' dir='ltr'><strong>κατά</strong></span> 
     </span>
    </p>
   </div>
   <div class='ocr_carea' id='block_1_103' title="bbox 1993 4484 3573 4556">
    <p class='ocr_par' dir='ltr' id='par_1_103' title="bbox 1993 4484 3573 4556">
     <span class='ocr_line' id='line_1_103' title="bbox 1993 4484 3573 4556; baseline 0.003 -20"><span class='ocrx_word' id='word_1_767' title='bbox 1993 4500 2054 4552; x_wconf 85' lang='grc' dir='ltr'><strong>γε</strong></span> <span class='ocrx_word' id='word_1_768' title='bbox 2101 4484 2190 4537; x_wconf 80' lang='grc' dir='ltr'><strong>τὸν</strong></span> <span class='ocrx_word' id='word_1_769' title='bbox 2236 4485 2366 4555; x_wconf 79' lang='grc' dir='ltr'>ἐμὸν</span> <span class='ocrx_word' id='word_1_770' title='bbox 2407 4485 2583 4553; x_wconf 85' lang='grc' dir='ltr'>λόγον,</span> <span class='ocrx_word' id='word_1_771' title='bbox 2640 4486 2673 4555; x_wconf 84' lang='grc' dir='ltr'><strong>ἡ</strong></span> <span class='ocrx_word' id='word_1_772' title='bbox 2707 4484 3016 4555; x_wconf 83' lang='grc' dir='ltr'>διανοητικὴ</span> <span class='ocrx_word' id='word_1_773' title='bbox 3053 4484 3154 4554; x_wconf 84' lang='grc' dir='ltr'>τῆς</span> <span class='ocrx_word' id='word_1_774' title='bbox 3186 4484 3368 4554; x_wconf 79' lang='grc' dir='ltr'>ψυχῆς</span> <span class='ocrx_word' id='word_1_775' title='bbox 3413 4486 3573 4556; x_wconf 78' lang='grc' dir='ltr'>ἡμῶν</span> 
     </span>
    </p>
   </div>
   <div class='ocr_carea' id='block_1_104' title="bbox 1992 4575 3570 4648">
    <p class='ocr_par' dir='ltr' id='par_1_104' title="bbox 1992 4575 3570 4648">
     <span class='ocr_line' id='line_1_104' title="bbox 1992 4575 3570 4648; baseline 0.002 -20"><span class='ocrx_word' id='word_1_776' title='bbox 1992 4576 2237 4646; x_wconf 76' lang='grc' dir='ltr'>δύναμις,</span> <span class='ocrx_word' id='word_1_777' title='bbox 2274 4578 2305 4648; x_wconf 83' lang='grc' dir='ltr'><strong>ἡ</strong></span> <span class='ocrx_word' id='word_1_778' title='bbox 2340 4578 2626 4639; x_wconf 82' lang='grc' dir='ltr'>παντοίους</span> <span class='ocrx_word' id='word_1_779' title='bbox 2659 4576 2951 4646; x_wconf 75' lang='grc' dir='ltr'>λογισμοὺς</span> <span class='ocrx_word' id='word_1_780' title='bbox 2980 4576 3039 4627; x_wconf 84' lang='grc' dir='ltr'>ὲν</span> <span class='ocrx_word' id='word_1_781' title='bbox 3078 4577 3211 4645; x_wconf 79' lang='grc' dir='ltr'>ἡμῖν</span> <span class='ocrx_word' id='word_1_782' title='bbox 3245 4575 3489 4647; x_wconf 83' lang='grc' dir='ltr'>βρύουσά</span> <span class='ocrx_word' id='word_1_783' title='bbox 3513 4596 3570 4630; x_wconf 86' lang='grc' dir='ltr'><strong>τε</strong></span> 
     </span>
    </p>
   </div>
   <div class='ocr_carea' id='block_1_105' title="bbox 1993 4665 3569 4739">
    <p class='ocr_par' dir='ltr' id='par_1_105' title="bbox 1993 4665 3569 4739">
     <span class='ocr_line' id='line_1_105' title="bbox 1993 4665 3569 4739; baseline -0.001 -18"><span class='ocrx_word' id='word_1_784' title='bbox 1993 4668 2085 4721; x_wconf 79' lang='grc' dir='ltr'><strong>καὶ</strong></span> <span class='ocrx_word' id='word_1_785' title='bbox 2118 4668 2457 4739; x_wconf 81' lang='grc' dir='ltr'>πηγὰζουσα.</span> <span class='ocrx_word' id='word_1_786' title='bbox 2525 4666 2685 4719; x_wconf 84' lang='grc' dir='ltr'>’Δλλά</span> <span class='ocrx_word' id='word_1_787' title='bbox 2736 4668 2856 4719; x_wconf 73' lang='grc' dir='ltr'>τότε</span> <span class='ocrx_word' id='word_1_788' title='bbox 2911 4665 3177 4737; x_wconf 79' lang='grc' dir='ltr'>ἡμέτερον</span> <span class='ocrx_word' id='word_1_789' title='bbox 3223 4665 3432 4733; x_wconf 87' lang='grc' dir='ltr'>γίνεται</span> <span class='ocrx_word' id='word_1_790' title='bbox 3471 4668 3569 4737; x_wconf 78' lang='grc' dir='ltr'>τῆς</span> 
     </span>
    </p>
   </div>
   <div class='ocr_carea' id='block_1_106' title="bbox 1985 4742 3566 4828">
    <p class='ocr_par' dir='ltr' id='par_1_106' title="bbox 1985 4742 3566 4828">
     <span class='ocr_line' id='line_1_106' title="bbox 1985 4742 3566 4828; baseline 0.001 -19"><span class='ocrx_word' id='word_1_791' title='bbox 1985 4757 2224 4820; x_wconf 86' lang='grc' dir='ltr'>διανοίας</span> <span class='ocrx_word' id='word_1_792' title='bbox 2246 4758 2306 4809; x_wconf 80' lang='grc' dir='ltr'>τὺ</span> <span class='ocrx_word' id='word_1_793' title='bbox 2345 4754 2572 4828; x_wconf 74' lang='grc' dir='ltr'>κίνημα,</span> <span class='ocrx_word' id='word_1_794' title='bbox 2609 4757 2736 4809; x_wconf 85' lang='grc' dir='ltr'>ὅταν</span> <span class='ocrx_word' id='word_1_795' title='bbox 2780 4755 2914 4827; x_wconf 82' lang='grc' dir='ltr'>πρὸς</span> <span class='ocrx_word' id='word_1_796' title='bbox 2950 4754 3019 4808; x_wconf 87' lang='grc' dir='ltr'>τὰ</span> <span class='ocrx_word' id='word_1_797' title='bbox 3052 4742 3397 4825; x_wconf 71' lang='grc' dir='ltr'>συμφέροντα</span> <span class='ocrx_word' id='word_1_798' title='bbox 3430 4758 3566 4827; x_wconf 79' lang='grc' dir='ltr'>ἡμῖν</span> 
     </span>
    </p>
   </div>
   <div class='ocr_carea' id='block_1_107' title="bbox 1986 4845 3563 4918">
    <p class='ocr_par' dir='ltr' id='par_1_107' title="bbox 1986 4845 3563 4918">
     <span class='ocr_line' id='line_1_107' title="bbox 1986 4845 3563 4918; baseline 0 -17"><span class='ocrx_word' id='word_1_799' title='bbox 1986 4849 2221 4918; x_wconf 85' lang='grc' dir='ltr'>κινῆται,</span> <span class='ocrx_word' id='word_1_800' title='bbox 2254 4848 2433 4900; x_wconf 78' lang='grc' dir='ltr'>πᾶσαν</span> <span class='ocrx_word' id='word_1_801' title='bbox 2458 4847 2904 4918; x_wconf 86' lang='grc' dir='ltr'>ἡμῖν’συνεργίαν</span> <span class='ocrx_word' id='word_1_802' title='bbox 2938 4846 3075 4917; x_wconf 79' lang='grc' dir='ltr'>πρὸς</span> <span class='ocrx_word' id='word_1_803' title='bbox 3102 4845 3200 4917; x_wconf 80' lang='grc' dir='ltr'>τὴν</span> <span class='ocrx_word' id='word_1_804' title='bbox 3231 4847 3424 4917; x_wconf 79' lang='grc' dir='ltr'>κτῆσιν</span> <span class='ocrx_word' id='word_1_805' title='bbox 3452 4847 3563 4901; x_wconf 89' lang='grc' dir='ltr'><strong>τῶν</strong></span> 
     </span>
    </p>
   </div>
   <div class='ocr_carea' id='block_1_108' title="bbox 1987 4936 3566 5009">
    <p class='ocr_par' dir='ltr' id='par_1_108' title="bbox 1987 4936 3566 5009">
     <span class='ocr_line' id='line_1_108' title="bbox 1987 4936 3566 5009; baseline 0 -17"><span class='ocrx_word' id='word_1_806' title='bbox 1987 4938 2203 5009; x_wconf 87' lang='grc' dir='ltr'>ἀγαθῶν</span> <span class='ocrx_word' id='word_1_807' title='bbox 2237 4938 2626 5009; x_wconf 87' lang='grc' dir='ltr'>παρεχόμενον.</span> <span class='ocrx_word' id='word_1_808' title='bbox 2658 4937 2826 4990; x_wconf 86' lang='grc' dir='ltr'>Ὅταν</span> <span class='ocrx_word' id='word_1_809' title='bbox 2854 4936 2930 4989; x_wconf 79' lang='grc' dir='ltr'>’δέ</span> <span class='ocrx_word' id='word_1_810' title='bbox 2958 4954 3040 5000; x_wconf 92' lang='grc' dir='ltr'><strong>τις</strong></span> <span class='ocrx_word' id='word_1_811' title='bbox 3067 4936 3238 5008; x_wconf 77' lang='grc' dir='ltr'>τρέψῃ</span> <span class='ocrx_word' id='word_1_812' title='bbox 3268 4936 3380 4992; x_wconf 89' lang='grc' dir='ltr'><strong>τῶν</strong></span> <span class='ocrx_word' id='word_1_813' title='bbox 3418 4937 3566 5007; x_wconf 82' lang='grc' dir='ltr'>λογι-</span> 
     </span>
    </p>
   </div>
   <div class='ocr_carea' id='block_1_109' title="bbox 1988 5026 3564 5100">
    <p class='ocr_par' dir='ltr' id='par_1_109' title="bbox 1988 5026 3564 5100">
     <span class='ocr_line' id='line_1_109' title="bbox 1988 5026 3564 5100; baseline -0.001 -17"><span class='ocrx_word' id='word_1_814' title='bbox 1988 5030 2141 5100; x_wconf 88' lang='grc' dir='ltr'>σμῶν</span> <span class='ocrx_word' id='word_1_815' title='bbox 2164 5030 2262 5100; x_wconf 83' lang='grc' dir='ltr'>τὴν</span> <span class='ocrx_word' id='word_1_816' title='bbox 2292 5028 2568 5100; x_wconf 79' lang='grc' dir='ltr'>ἐνέργειαν</span> <span class='ocrx_word' id='word_1_817' title='bbox 2608 5027 2743 5099; x_wconf 83' lang='grc' dir='ltr'>πρὸς</span> <span class='ocrx_word' id='word_1_818' title='bbox 2770 5027 2966 5090; x_wconf 88' lang='grc' dir='ltr'>κακίας</span> <span class='ocrx_word' id='word_1_819' title='bbox 2994 5027 3256 5091; x_wconf 77' lang='grc' dir='ltr'>ἐπίνοιαν,</span> <span class='ocrx_word' id='word_1_820' title='bbox 3284 5026 3409 5080; x_wconf 73' lang='grc' dir='ltr'>τότε</span> <span class='ocrx_word' id='word_1_821' title='bbox 3449 5032 3564 5092; x_wconf 82' lang='grc' dir='ltr'>τοῖς</span> 
     </span>
    </p>
   </div>
   <div class='ocr_carea' id='block_1_110' title="bbox 307 5110 1901 5198">
    <p class='ocr_par' dir='ltr' id='par_1_110' title="bbox 307 5127 1882 5198">
     <span class='ocr_line' id='line_1_110' title="bbox 307 5127 1882 5198; baseline -0.003 -15"><span class='ocrx_word' id='word_1_822' title='bbox 307 5144 411 5198; x_wconf 91' lang='lat' dir='ltr'><strong>ope</strong></span> <span class='ocrx_word' id='word_1_823' title='bbox 468 5128 733 5181; x_wconf 88' lang='lat' dir='ltr'><strong>malarum</strong></span> <span class='ocrx_word' id='word_1_824' title='bbox 780 5127 1196 5197; x_wconf 87' lang='lat' dir='ltr'><strong>cogitationum,</strong></span> <span class='ocrx_word' id='word_1_825' title='bbox 1248 5127 1554 5179; x_wconf 77' lang='lat' dir='ltr'><strong>exsiccetur</strong></span> <span class='ocrx_word' id='word_1_826' title='bbox 1605 5130 1786 5180; x_wconf 88' lang='lat' dir='ltr'><strong>autem</strong></span> <span class='ocrx_word' id='word_1_827' title='bbox 1828 5135 1882 5180; x_wconf 93' lang='lat' dir='ltr'><strong>et</strong></span> 
     </span>
    </p>
   </div>
   <div class='ocr_carea' id='block_1_111' title="bbox 2082 5110 3557 5198">
    <p class='ocr_par' dir='ltr' id='par_1_111' title="bbox 2082 5110 3557 5191">
     <span class='ocr_line' id='line_1_111' title="bbox 2082 5110 3557 5191; baseline -0.001 -17"><span class='ocrx_word' id='word_1_828' title='bbox 2082 5120 2277 5191; x_wconf 88' lang='grc' dir='ltr'>οτρίοις</span> <span class='ocrx_word' id='word_1_829' title='bbox 2302 5120 2662 5173; x_wconf 81' lang='grc' dir='ltr'>ὲνδαπανᾶται</span> <span class='ocrx_word' id='word_1_830' title='bbox 2691 5117 2751 5170; x_wconf 80' lang='grc' dir='ltr'>τὸ</span> <span class='ocrx_word' id='word_1_831' title='bbox 2775 5118 2987 5188; x_wconf 79' lang='grc' dir='ltr'>ῥεῖθρον</span> <span class='ocrx_word' id='word_1_832' title='bbox 3007 5134 3019 5147; x_wconf 91' lang='grc'>·</span> <span class='ocrx_word' id='word_1_833' title='bbox 3041 5110 3116 5181; x_wconf 84' lang='grc' dir='ltr'><strong>ῶς</strong></span> <span class='ocrx_word' id='word_1_834' title='bbox 3144 5117 3427 5187; x_wconf 80' lang='grc' dir='ltr'>εὐτροφεῖν</span> <span class='ocrx_word' id='word_1_835' title='bbox 3457 5118 3557 5189; x_wconf 83' lang='grc' dir='ltr'>μὲν</span> 
     </span>
    </p>
   </div>
   <div class='ocr_carea' id='block_1_112' title="bbox 308 5208 1901 5288">
    <p class='ocr_par' dir='ltr' id='par_1_112' title="bbox 308 5218 1879 5288">
     <span class='ocr_line' id='line_1_112' title="bbox 308 5218 1879 5288; baseline -0.003 -14"><span class='ocrx_word' id='word_1_836' title='bbox 308 5228 614 5274; x_wconf 89' lang='lat' dir='ltr'><strong>marcescat</strong></span> <span class='ocrx_word' id='word_1_837' title='bbox 648 5219 841 5275; x_wconf 88' lang='lat' dir='ltr'><strong>melior</strong></span> <span class='ocrx_word' id='word_1_838' title='bbox 889 5219 1092 5288; x_wconf 89' lang='lat' dir='ltr'><strong>planta,</strong></span> <span class='ocrx_word' id='word_1_839' title='bbox 1138 5218 1290 5272; x_wconf 86' lang='lat' dir='ltr'><strong>nullo</strong></span> <span class='ocrx_word' id='word_1_840' title='bbox 1337 5218 1564 5273; x_wconf 87' lang='lat' dir='ltr'><strong>humore</strong></span> <span class='ocrx_word' id='word_1_841' title='bbox 1614 5218 1879 5272; x_wconf 89' lang='lat' dir='ltr'><strong>bonarum</strong></span> 
     </span>
    </p>
   </div>
   <div class='ocr_carea' id='block_1_113' title="bbox 2082 5208 3559 5288">
    <p class='ocr_par' dir='ltr' id='par_1_113' title="bbox 2114 5208 3559 5282">
     <span class='ocr_line' id='line_1_113' title="bbox 2114 5208 3559 5282; baseline -0.002 -17"><span class='ocrx_word' id='word_1_842' title='bbox 2114 5210 2399 5282; x_wconf 77' lang='grc' dir='ltr'>ἀκανθώδη</span> <span class='ocrx_word' id='word_1_843' title='bbox 2451 5211 2563 5280; x_wconf 88' lang='grc' dir='ltr'>βίον</span> <span class='ocrx_word' id='word_1_844' title='bbox 2598 5213 2664 5282; x_wconf 85' lang='grc' dir='ltr'>τῇ</span> <span class='ocrx_word' id='word_1_845' title='bbox 2719 5208 3001 5280; x_wconf 83' lang='grc' dir='ltr'>συμμαχίᾳ</span> <span class='ocrx_word' id='word_1_846' title='bbox 3034 5208 3143 5262; x_wconf 86' lang='grc' dir='ltr'><strong>τῶν</strong></span> <span class='ocrx_word' id='word_1_847' title='bbox 3182 5208 3436 5279; x_wconf 86' lang='grc' dir='ltr'>πονηρῶν</span> <span class='ocrx_word' id='word_1_848' title='bbox 3469 5210 3559 5262; x_wconf 82' lang='grc' dir='ltr'>λο-</span> 
     </span>
    </p>
   </div>
   <div class='ocr_carea' id='block_1_114' title="bbox 308 5297 1901 5380">
    <p class='ocr_par' dir='ltr' id='par_1_114' title="bbox 308 5308 1878 5380">
     <span class='ocr_line' id='line_1_114' title="bbox 308 5308 1878 5380; baseline -0.003 -14"><span class='ocrx_word' id='word_1_849' title='bbox 308 5311 700 5380; x_wconf 85' lang='lat' dir='ltr'><strong>cogitationum</strong></span> <span class='ocrx_word' id='word_1_850' title='bbox 758 5311 1029 5365; x_wconf 88' lang='lat' dir='ltr'><strong>nutriente</strong></span> <span class='ocrx_word' id='word_1_851' title='bbox 1090 5311 1349 5365; x_wconf 90' lang='lat' dir='ltr'><strong>radicem.</strong></span> <span class='ocrx_word' id='word_1_852' title='bbox 1409 5308 1679 5376; x_wconf 89' lang='lat' dir='ltr'><strong>Quoniam</strong></span> <span class='ocrx_word' id='word_1_853' title='bbox 1745 5324 1878 5379; x_wconf 86' lang='lat' dir='ltr'><strong>ergo</strong></span> 
     </span>
    </p>
   </div>
   <div class='ocr_carea' id='block_1_115' title="bbox 2082 5297 3561 5380">
    <p class='ocr_par' dir='ltr' id='par_1_115' title="bbox 2082 5297 3561 5375">
     <span class='ocr_line' id='line_1_115' title="bbox 2082 5297 3561 5375; baseline -0.003 -18"><span class='ocrx_word' id='word_1_854' title='bbox 2082 5304 2192 5375; x_wconf 87' lang='grc' dir='ltr'><strong>μῶν</strong></span> <span class='ocrx_word' id='word_1_855' title='bbox 2225 5302 2644 5374; x_wconf 87' lang='grc' dir='ltr'>καταρδόμενον,</span> <span class='ocrx_word' id='word_1_856' title='bbox 2693 5297 3153 5372; x_wconf 83' lang='grc' dir='ltr'>ἀποξηραίνεσθαι</span> <span class='ocrx_word' id='word_1_857' title='bbox 3202 5298 3253 5353; x_wconf 74' lang='grc' dir='ltr'>δὲ</span> <span class='ocrx_word' id='word_1_858' title='bbox 3310 5300 3404 5353; x_wconf 67' lang='grc' dir='ltr'>καὶ</span> <span class='ocrx_word' id='word_1_859' title='bbox 3458 5318 3561 5369; x_wconf 85' lang='grc' dir='ltr'>μα-</span> 
     </span>
    </p>
   </div>
   <div class='ocr_carea' id='block_1_116' title="bbox 309 5388 1901 5471">
    <p class='ocr_par' dir='ltr' id='par_1_116' title="bbox 309 5397 1878 5471">
     <span class='ocr_line' id='line_1_116' title="bbox 309 5397 1878 5471; baseline -0.001 -16"><span class='ocrx_word' id='word_1_860' title='bbox 309 5399 648 5471; x_wconf 83' lang='lat' dir='ltr'><strong>signaculutu</strong></span> <span class='ocrx_word' id='word_1_861' title='bbox 674 5400 721 5454; x_wconf 86' lang='lat' dir='ltr'><strong>ei</strong></span> <span class='ocrx_word' id='word_1_862' title='bbox 757 5399 900 5469; x_wconf 90' lang='lat' dir='ltr'><strong>quod</strong></span> <span class='ocrx_word' id='word_1_863' title='bbox 937 5415 1031 5468; x_wconf 87' lang='lat' dir='ltr'><strong>per</strong></span> <span class='ocrx_word' id='word_1_864' title='bbox 1065 5400 1240 5469; x_wconf 89' lang='lat' dir='ltr'><strong>ipsum</strong></span> <span class='ocrx_word' id='word_1_865' title='bbox 1279 5400 1607 5461; x_wconf 87' lang='lat' dir='ltr'><strong>custoditur,</strong></span> <span class='ocrx_word' id='word_1_866' title='bbox 1645 5399 1747 5453; x_wconf 89' lang='lat' dir='ltr'><strong>hoc</strong></span> <span class='ocrx_word' id='word_1_867' title='bbox 1776 5397 1878 5453; x_wconf 83' lang='lat' dir='ltr'><strong>do-</strong></span> 
     </span>
    </p>
   </div>
   <div class='ocr_carea' id='block_1_117' title="bbox 2082 5388 3561 5471">
    <p class='ocr_par' dir='ltr' id='par_1_117' title="bbox 2082 5388 3561 5464">
     <span class='ocr_line' id='line_1_117' title="bbox 2082 5388 3561 5464; baseline -0.003 -17"><span class='ocrx_word' id='word_1_868' title='bbox 2082 5393 2255 5448; x_wconf 82' lang='grc' dir='ltr'>νεσθαι</span> <span class='ocrx_word' id='word_1_869' title='bbox 2275 5392 2373 5462; x_wconf 79' lang='grc' dir='ltr'><strong>τὴν</strong></span> <span class='ocrx_word' id='word_1_870' title='bbox 2398 5391 2628 5464; x_wconf 79' lang='grc' dir='ltr'>κρείττω</span> <span class='ocrx_word' id='word_1_871' title='bbox 2651 5391 2872 5461; x_wconf 80' lang='grc' dir='ltr'>φυτείαν</span> <span class='ocrx_word' id='word_1_872' title='bbox 2918 5389 3192 5463; x_wconf 73' lang='grc' dir='ltr'>μηδεμιᾶς</span> <span class='ocrx_word' id='word_1_873' title='bbox 3215 5389 3314 5461; x_wconf 83' lang='grc' dir='ltr'>τῆς</span> <span class='ocrx_word' id='word_1_874' title='bbox 3338 5388 3400 5456; x_wconf 76' lang='grc' dir='ltr'><strong>ἐξ</strong></span> <span class='ocrx_word' id='word_1_875' title='bbox 3425 5389 3561 5457; x_wconf 73' lang='grc' dir='ltr'>ἀγα-</span> 
     </span>
    </p>
   </div>
   <div class='ocr_carea' id='block_1_118' title="bbox 2631 5506 2652 5537">
    <p class='ocr_par' dir='ltr' id='par_1_118' title="bbox 2631 5506 2652 5537">
     <span class='ocr_line' id='line_1_118' title="bbox 2631 5506 2652 5537; baseline 0 0"><span class='ocrx_word' id='word_1_876' title='bbox 2631 5506 2652 5537; x_wconf 69' lang='grc' dir='ltr'><strong><em>Ρ</em></strong></span> 
     </span>
    </p>
   </div>
   <div class='ocr_carea' id='block_1_119' title="bbox 414 5573 1367 5649">
    <p class='ocr_par' dir='ltr' id='par_1_119' title="bbox 414 5573 1367 5649">
     <span class='ocr_line' id='line_1_119' title="bbox 414 5573 1367 5649; baseline 0.005 -21"><span class='ocrx_word' id='word_1_877' title='bbox 414 5576 459 5607; x_wconf 78' lang='grc'><strong>⁸⁷</strong></span> <span class='ocrx_word' id='word_1_878' title='bbox 492 5573 598 5630; x_wconf 82' lang='lat' dir='ltr'><strong>lsa.</strong></span> <span class='ocrx_word' id='word_1_879' title='bbox 638 5590 724 5639; x_wconf 80' lang='lat' dir='ltr'><strong>LV,</strong></span> <span class='ocrx_word' id='word_1_880' title='bbox 752 5576 836 5629; x_wconf 82' lang='lat' dir='ltr'><strong>l5.</strong></span> <span class='ocrx_word' id='word_1_881' title='bbox 918 5578 962 5609; x_wconf 80' lang='grc'><strong>⁸⁸</strong></span> <span class='ocrx_word' id='word_1_882' title='bbox 996 5576 1252 5649; x_wconf 78' lang='lat' dir='ltr'><strong>Prov._v,</strong></span> <span class='ocrx_word' id='word_1_883' title='bbox 1283 5579 1367 5633; x_wconf 79' lang='lat' dir='ltr'><strong>l7.</strong></span> 
     </span>
    </p>
   </div>
  </div>
