3742 5986
166 204 272 263 965

1219 200 1279 255 ΙΝ
1311 200 1601 258 CANTICA
1625 200 1899 257 CAN'I'IC.
1934 200 2218 256 "0Mle
2260 202 2353 254 IX.

3317 206 3423 262 966

163 320 275 373 θῶν
334 316 614 387 λογισμῶν
670 316 893 387 ἰκμάδος
949 317 1357 388 ύποτρέφούσης
1417 317 1514 387 τὴν
1569 316 1743 387 ῥίζαν.

1895 322 1965 375 at,
1994 320 2052 367 ut
2078 314 2301 367 minime
2325 313 2680 382 subripiatur,
2709 314 2865 384 signo
2902 314 3076 370 furem
3102 314 3419 375 deterrens:

177 406 393 476 Ἐπειδὴ
429 406 612 459 τοίνυν
649 408 682 476 ή
730 406 964 475 σφραγὶς
1006 404 1065 457 τὸ
1116 406 1308 460 ἀσυλον
1346 406 1419 476 τῷ
1466 407 1533 459 δι’
1574 407 1741 476 αὐτῆς

164 497 565 568 φυλασσομένῳ
598 496 903 566 χαρίζεται,
939 497 1176 565 φοϐοῦσα
1218 497 1295 568 τῷ
1326 498 1622 568 σημάντρῳ
1652 497 1742 549 τὸν

165 584 408 653 κλέπτην
429 598 443 614 ·
498 584 606 635 πᾶν
642 584 700 636 δὲ
752 583 814 637 τὸ
864 584 937 654 μὴ
977 584 1340 656 κλεπτόμενον
1379 587 1456 656 τῷ
1506 582 1744 658 δεσπότῃ

168 672 318 743 μένει
350 672 633 742 ἀκέραιον·
658 671 754 740 τὴν
790 671 1068 740 ἀκρότητα
1100 671 1274 724 ἔοικεν
1307 670 1505 741 ἀρετὴν
1538 687 1744 741 μαρτυ-

168 766 282 832 ρεῖν
312 765 378 833 τῇ
411 762 600 832 νύμφῃ
629 762 860 815 ἐνταῦθα
891 762 921 813 ὁ
954 761 1199 826 ἔπαινος,
1230 764 1312 816 ὅτι
1341 762 1616 830 άνέπαφος
1642 760 1741 815 αύ-

163 854 262 922 τῆς
291 854 445 921 μένει
470 855 582 915 τοῖς
618 852 831 922 ἐχθροῖς
862 854 895 923 η
927 852 1151 919 διάνοια,
1198 854 1254 905 ὲν
1283 852 1611 922 καθαρότητι
1649 851 1742 904 καὶ

164 942 409 1013 ἀπαθείᾳ
441 942 842 1013 φυλασσομένη.
885 943 974 1011 Τῷ
1004 942 1118 1012 ἰδίῳ
1156 943 1400 1013 Δεσπότῃ
1449 941 1745 1011 σφραγίζε-

162 1049 254 1084 ται
280 1034 383 1099 τὴν
409 1030 590 1101 πηγὴν
614 1032 815 1101 ταύτην
844 1033 876 1102 ἠ
907 1032 1232 1102 καθαρότης,
1269 1034 1508 1103 μηδεμιᾷ
1540 1032 1747 1102 νοημά-

162 1139 275 1175 των
306 1122 414 1175 ίλύῖ
444 1121 505 1175 τὸ
535 1122 755 1189 διαυγές
776 1139 836 1174 τε
868 1123 963 1175 καὶ
987 1122 1223 1193 ἀερῶδες
1249 1124 1347 1189 τῆς
1377 1122 1596 1193 καρδίας
1624 1125 1742 1176 ὲπι-

163 1210 472 1264 θολώσασα.
508 1210 596 1273 Ὠς
617 1210 659 1262 δ’
684 1211 750 1264 ἄν
774 1227 859 1276 τις
882 1212 975 1264 ἐπὶ
998 1212 1059 1264 τὺ
1087 1212 1416 1283 σαφέστερον
1441 1212 1746 1281 προαγάγοι

162 1300 229 1353 τὸ
258 1301 476 1371 νόημα,
509 1300 750 1354 τοιοῦτόν
795 1303 969 1354 ἐστιν·
1005 1303 1222 1373 Ἐπειδὴ
1257 1302 1365 1356 τῶν
1407 1304 1465 1356 ὲν
1506 1304 1642 1373 ἡμῖν
1679 1303 1748 1357 τὰ

167 1393 272 1463 μέν
302 1395 453 1446 ἐστιν
491 1393 567 1456 ὼς
594 1391 808 1463 ἀληθῶς
844 1390 1108 1465 ἡμέτερα,
1143 1395 1241 1446 ὅσα
1260 1394 1369 1464 τῆς
1394 1394 1573 1466 ψυχῆς
1601 1397 1748 1448 ἐστιν

166 1484 280 1537 [δια
299 1500 313 1513 ·
342 1484 412 1537 τά
431 1483 489 1537 δὲ
510 1481 855 1551 οἰκειούμεθα
876 1483 952 1545 ὡς
979 1484 1241 1553 ἡμέτερα,
1264 1485 1331 1539 τά
1352 1486 1480 1557 περὶ
1505 1486 1568 1539 τὸ
1590 1487 1749 1556 σῶμα

163 1570 335 1638 λέγω,
368 1571 463 1622 καὶ
486 1572 557 1624 τὰ
588 1570 815 1634 ἔξωθεν,
847 1571 936 1623 διά
959 1590 1101 1635 τινος
1131 1574 1524 1646 ἠμαρτημένης
1555 1575 1751 1647 ὑπολή-

1845 404 2111 476 quidquid
2151 413 2330 459 autem
2363 420 2470 459 non
2509 405 2830 475 subripitur,
2861 407 3086 463 domino
3118 420 3299 466 manet
3336 411 3422 466 in-

1847 506 2057 568 tegrum
2082 515 2096 549 :
2121 497 2334 551 videtur
2362 496 2451 550 hic
2480 497 2601 551 laus
2632 511 2847 567 sponsa:
2877 498 2943 551 de
2979 515 3190 553 summa
3220 501 3423 556 virtute

1847 586 1989 641 ferre
2025 586 2421 647 testimonium,
2460 600 2651 655 nempe
2681 586 2826 654 quod
2854 588 2921 640 ab
2950 587 3186 643 inimicis
3218 591 3417 646 intacta

1843 678 1891 732 ei
1923 686 2107 732 manet
2127 676 2406 745 cogitatio,
2454 676 2731 730 custodita
2766 677 2821 730 in
2866 680 3103 746 puritate
3127 686 3179 732 et
3208 680 3424 749 impati-

1846 768 2076 821 bilitate.
2107 765 2337 821 Domino
2366 779 2464 820 suo
2503 766 2754 835 obsignat
2783 766 2930 822 hunc
2956 765 3159 821 fontem
3192 769 3422 838 puritas,

1845 859 1998 912 nullo
2053 858 2180 911 limo
2230 857 2621 927 cogitationum
2671 858 3006 913 conturbatis
3056 857 3107 912 id
3155 860 3300 928 quod
3341 867 3425 915 est

1845 949 2028 1002 cordis
2077 949 2315 1002 lucidqu
2371 956 2423 1002 et
2476 949 2704 1002 aerium.
2752 947 2821 1001 Ut
2864 958 3044 1002 autem
3087 948 3178 1001 ﬁat
3225 949 3423 1003 clarior

1846 1039 2138 1103 sententia,
2172 1040 2279 1095 tale
2322 1048 2407 1094 est
2451 1040 2595 1109 quod
2624 1039 2899 1093 dicimus:
2927 1038 3192 1105 Quoniam
3232 1054 3424 1095 eorum

1845 1147 1963 1202 (μιιε
2006 1141 2134 1185 sunt
2160 1133 2216 1186 in
2248 1134 2428 1195 nobis,
2477 1134 2582 1186 alia
2613 1133 2833 1203 quidem
2884 1140 3015 1187 sunt
3043 1148 3170 1189 vere
3208 1142 3421 1197 nostra,

1846 1239 1967 1292 uiue
2019 1231 2146 1277 sunt
2202 1224 2398 1277 animai
2454 1224 2710 1293 propria;
2773 1223 2879 1278 alia
2932 1230 3113 1278 autem
3165 1234 3421 1294 tanquam

1848 1320 2036 1366 nostra
2088 1313 2156 1366 ad
2191 1325 2432 1367 nostram
2479 1314 2826 1382 adjungimus
2874 1314 3284 1384 proprietatem,
3337 1329 3423 1381 ea,

1849 1403 2087 1472 inquam.
2126 1420 2248 1472 qum
2290 1414 2418 1459 sunt
2463 1405 2712 1474 corporis
2747 1414 2800 1459 et
2833 1421 2953 1475 qua:
3002 1413 3133 1460 sunt
3176 1417 3423 1464 externa.

1848 1493 1983 1547 falsa
2037 1494 2269 1561 quadam
2321 1495 2726 1549 existimatione
2776 1497 3156 1551 existimantes
3207 1496 3426 1567 propria

1849 1596 1971 1651 quae
1997 1589 2126 1635 sunt
2155 1584 2331 1636 aliena
2369 1585 2519 1653 (quid
2547 1585 2690 1639 enim
2724 1586 2969 1640 materia:
2990 1589 3200 1656 experti
3232 1588 3429 1640 anima:

162 1662 318 1728 ψεως
354 1661 459 1714 ἴδια
492 1662 801 1731 νομίζοντες
826 1663 893 1715 τὰ
927 1663 1212 1733 ἀλλότρια·
1246 1665 1298 1716 τί
1333 1666 1440 1736 γὰρ
1474 1668 1649 1721 κοινὸν
1679 1670 1744 1737 τῇ

1895 1688 2138 1727 immune
2188 1682 2272 1729 cst
2323 1690 2446 1728 cum
2500 1677 2741 1730 materiae
2785 1676 3213 1748 crassitudine?)
3261 1693 3323 1732 ea
3360 1679 3427 1731 de

165 1753 322 1819 άΰλῳ
343 1752 445 1822 τῆς
466 1752 646 1823 ψυχῆς
668 1752 825 1822 φύσει
853 1754 986 1825 πρὸς
1011 1755 1108 1826 τὴν
1131 1754 1319 1825 ύλικὴν
1340 1773 1481 1826 παχυ
1491 1758 1746 1828 μέρειαν;

169 1843 378 1896 Τούτου
417 1843 577 1914 χάριν
611 1843 640 1897 ὁ
676 1844 1049 1915 παροιμιώδης
1081 1845 1433 1916 συμϐουλεύει
1463 1847 1638 1915 λόγος,
1676 1851 1748 1919 μὴ

166 1937 284 1995 τοῖς
315 1932 615 2004 ἀλλοτρίοις
643 1932 820 2005 ἡμῶν,
849 1938 960 1999 τοῖς
988 1937 1117 2006 περὶ
1157 1937 1218 1989 τὸ
1249 1937 1410 2009 σῶμά
1442 1956 1585 2008 φημι
1606 1976 1620 2003 ,
1657 1939 1751 1993 καὶ

166 2026 239 2079 τὰ
274 2024 493 2089 ἔξωθεν,
523 2024 621 2096 τὴν
662 2025 845 2096 πηγὴν
877 2026 976 2095 τῆς
1010 2025 1246 2089 διανοίας
1284 2027 1441 2097 ἡμῶν
1476 2028 1752 2082 ἀναλίσκε-

171 2117 320 2170 σθαι.
380 2116 536 2169 Ἀλλά
585 2116 717 2186 περὶ
740 2116 833 2169 τὸν
870 2116 999 2170 ῐδιον
1030 2118 1516 2188 ὲναναστρέφεσθαι
1549 2119 1743 2190 κῆπον,

170 2209 273 2279 τὴν
311 2208 406 2262 τοῦ
448 2207 584 2261 Θεοῦ
624 2208 846 2276 φυτείαν
879 2199 1235 2262 πιαίνουσανί
1268 2209 1492 2279 Ἀρετάς
1517 2210 1574 2262 δὲ
1607 2205 1746 2264 εἶναι

169 2302 273 2370 τὴν
299 2300 393 2353 τοῦ
423 2297 557 2351 Θεοῦ
592 2298 815 2366 φυτείαν
845 2297 1242 2368 μεμαθήκαμεν
1261 2339 1276 2361 ,
1309 2300 1437 2369 περὶ
1468 2298 1534 2362 ἀς
1576 2301 1604 2369 ἡ
1633 2301 1748 2352 δια-

442 2390 541 2460 τῆς
569 2388 749 2458 ψυχῆς
788 2384 945 2458 ἡμῶν
978 2388 1206 2457 δύναμις
1232 2389 1622 2460 ἀσχολουμένη,
1654 2390 1748 2442 καὶ

1848 1777 2013 1816 causa
2046 1765 2403 1832 proverbialis
2458 1767 2613 1821 nobis
2643 1767 2884 1821 consulit
2915 1768 3224 1837 Scriptura,
3273 1784 3338 1822 ne
3370 1768 3424 1822 in

1847 1868 1911 1906 ea
1944 1869 2065 1923 quae
2091 1862 2219 1909 sunt
2250 1872 2278 1910 a
2310 1842 2468 1911 nobis
2509 1857 2706 1918 aliena,
2736 1858 2790 1911 in
2826 1873 3051 1927 corpus,
3084 1860 3326 1927 inquam,
3372 1868 3427 1915 et

1848 1958 1912 1996 ea
1946 1960 2068 2013 quae
2097 1955 2224 2000 sunt
2247 1955 2490 2010 externa,
2520 1957 2875 2005 consumatur
2906 1950 3028 2004 fons
3051 1950 3422 2019 cogitationis,

1850 2035 1943 2088 sed
1963 2034 2017 2088 in
2039 2050 2139 2089 suo
2162 2048 2409 2091 versetur
2427 2038 2607 2106 horto,
2636 2038 2727 2093 Dei
2754 2039 2988 2110 irrigans
3014 2042 3422 2109 plantationem.

1857 2123 2159 2181 Didicimus
2185 2135 2363 2182 autem
2392 2128 2621 2188 virtutes
2652 2144 2776 2184 esse
2805 2129 2896 2184 Dei
2924 2132 3335 2200 plantationem,
3370 2132 3425 2186 in

1853 2215 2052 2283 quibus
2085 2227 2352 2290 occupata
2381 2223 2675 2297 cogitativa
2712 2225 2909 2278 animae
2938 2234 3139 2279 nostra;
3173 2224 3424 2288 facultas,

1852 2314 1908 2359 et
1936 2306 2011 2365 ad
2039 2309 2173 2363 nihil
2219 2321 2502 2372 externum
2554 2314 2814 2381 deﬂuens,
2864 2316 3186 2386 obsignatur
3230 2316 3434 2369 chara-

1856 2404 2004 2451 clere
2034 2401 2300 2467 veritatis,
2342 2405 2633 2457 informata
2659 2406 2724 2458 ad
2755 2407 2957 2459 bonum
2998 2405 3333 2459 habitudine.

176 2488 317 2556 πρὸς
359 2486 513 2540 οὐδὲν
545 2486 654 2538 τῶν
689 2482 884 2548 ἔξωθεν
924 2483 1298 2555 ἀπορῤέουσα,
1329 2483 1409 2554 τῷ
1440 2487 1744 2558 χαρακτῆρι
1778 2487 1875 2557 τῆς
1901 2489 2155 2560 ἀληθείας
2183 2497 2564 2567 σφραγίζεται,
2627 2503 2693 2570 τῇ
2757 2499 2892 2570 πρὸς
2929 2499 2990 2552 τὸ
3018 2499 3219 2567 ἀγαθὸν
3245 2496 3433 2568 σχέσει

174 2574 627 2651 ἰ’γιλιορείνουμένηο

250 2692 484 2760 Ἵδωμεν
512 2689 568 2742 δὲ
599 2687 693 2740 καὶ
724 2686 831 2739 τῶν
870 2686 1067 2756 ἐφεξῆς
1094 2686 1329 2739 ἐπαίνων
1365 2686 1462 2757 τὴν
1504 2687 1749 2758 δύναμιν.

189 2779 547 2836 ,Αποστολαί
588 2792 735 2837 σου,
796 2778 949 2846 φησι,
1007 2776 1368 2844 παράδεισος
1407 2777 1570 2844 ῥοῶν
1605 2781 1755 2848 μετὰ

178 2870 414 2939 καρποῦ
437 2867 801 2935 ἀκροδρύων,
831 2867 1043 2932 κύπροι
1065 2865 1214 2934 μετὰ
1240 2865 1495 2934 νάρδων.
1525 2868 1754 2935 Νάρδωε

1935 2685 2226 2740 Videamus
2270 2696 2451 2740 autem
2487 2703 2672 2741 earum
2733 2703 2969 2758 quoque,
3015 2670 3135 2757 qua:
3170 2689 3434 2759 deinceps

1857 2787 2194 2848 sequuntur,
2268 2777 2486 2831 laudum
2550 2780 2826 2833 virtutem.
2899 2779 3219 2835 Emissioues
3287 2793 3428 2842 tuae.

1862 2867 2063 2949 inquit,
2104 2866 2387 2937 paradisus
2426 2871 2687 2922 malorum
2730 2872 3066 2937 punitorum,
3102 2888 3216 2924 cum
3253 2873 3432 2941 fructu

181 2962 279 3014 καὶ
314 2960 529 3027 κρόκος
546 2998 562 3022 ,
589 2957 857 3025 κάλαμος
886 2956 983 3009 καὶ
1009 2956 1405 3025 κιννάμωμον,
1429 2958 1577 3026 μετὰ
1601 2957 1749 3011 πάν-

1897 2973 2154 3019 amarunt,
2182 2965 2232 3010 et
2276 2957 2420 3025 cypri
2471 2972 2588 3009 cum
2624 2957 2827 3011 nardis.
2878 2956 3096 3010 Nat-dus
3136 2967 3184 3031 ct
3221 2974 3425 3020 crocus,

181 3069 303 3104 των
334 3050 535 3115 ξύλων
574 3049 681 3102 τοῦ
715 3048 992 3103 Λιϐάνουδ
1031 3049 1267 3117 σμύρνα
1298 3049 1396 3102 καὶ
1428 3050 1579 3117 (Hdt)
1605 3051 1756 3119 μετὰ

182 3142 427 3196 πάντων
448 3141 568 3194 τῶν
596 3140 839 3209 πρώτων
860 3142 1083 3209 μύρων.
1112 3139 1280 3208 [In-rh
1318 3139 1544 3207 κήπων,
1572 3140 1756 3210 φρέαρ

184 3234 404 3298 ὕδατος
435 3231 649 3298 ζῶντος
681 3232 777 3285 καὶ
811 3230 1150 3299 ροιζρῦντος
1183 3232 1300 3286 ἀπὸ
1337 3232 1442 3286 τοῦ
1476 3232 1753 3286 Λιϐάνου.

184 3325 310 3377 ’Ὁτι
345 3324 442 3394 μὲν
474 3319 568 3376 οὖν
603 3322 954 3393 παμμέγεθες
978 3340 1031 3375 τι
1067 3325 1160 3377 καὶ
1192 3323 1427 3388 ἐξαίσιον
1467 3328 1578 3387 τοῖς
1606 3327 1757 3396 εἰρη-

190 3414 373 3485 μένοις
414 3414 660 3482 ἔγκειται
706 3415 903 3483 νόημα,
949 3407 1110 3466 δι’·οὖ
1140 3415 1239 3485 τῆς
1275 3416 1415 3470 κατά
1450 3415 1580 3469 Θεὸν
1611 3417 1757 3485 ὑψω-

185 3506 371 3575 θείσης
407 3506 470 3558 τὸ
497 3504 692 3568 κάλλος
718 3506 775 3557 ὲν
814 3504 1051 3574 θαύματι
1080 3505 1309 3574 γίνεται,
1350 3510 1470 3569 ταῖς
1500 3507 1760 3577 πολυτρό-

190 3614 310 3659 ποις
334 3596 447 3648 τῶν
479 3595 713 3649 ἐπαίνων
757 3595 1081 3664 ὑπερϐολαῖς
1121 3597 1561 3671 εὐφημουμένης,
1606 3597 1760 3666 δῆλον

189 3689 284 3742 καὶ
324 3690 387 3740 ὲκ
431 3688 531 3757 τῆς
567 3687 854 3758 προχείρου
887 3687 1083 3753 λέξεως
1119 3687 1227 3740 τῶν
1272 3687 1578 3758 εἰρημένων
1622 3688 1757 3741 ἐστί.

188 3780 284 3841 Τίς
327 3779 385 3831 δὲ
428 3777 633 3848 ἀληθής
667 3779 782 3829 ἐστι
818 3777 1058 3841 διάνοια,
1093 3778 1158 3847 ῆν
1201 3778 1544 3848 διασημαίνει
1591 3778 1762 3832 ταῦτα

187 3870 259 3924 τά
291 3873 531 3941 ῥήματα,
579 3870 737 3937 μόνον
770 3869 835 3922 ἂν
886 3869 970 3939 εἴη
1022 3869 1209 3939 σαφῶς
1246 3870 1443 3923 είδέναι
1494 3870 1588 3922 τοῦ
1622 3871 1761 3924 κατὰ

186 3962 280 4017 τὺν
334 3963 489 4029 ἅγιον
544 3960 753 4012 Παῦλον
819 3962 1179 4032 ἐπισταμένου
1243 3960 1519 4031 Πνεύματι
1587 3961 1765 4014 λαλεῖν

187 4052 257 4105 τὰ
312 4051 432 4104 θεῖα
494 4051 790 4120 μυστήρια.
844 4035 965 4110 Πᾶῗς
1024 4048 1132 4120 γὰρ
1188 4050 1250 4101 τὸ
1308 4049 1762 4120 ἀποστελλόμενον

192 4141 346 4212 παρά
392 4141 491 4210 τῆς
530 4138 747 4209 νύμφης
794 4140 931 4209 ῥοῶν
973 4141 1087 4192 ἐστι
1140 4140 1499 4211 παράδεισος;
1539 4140 1664 4203 Πῶς
1707 4141 1763 4193 δὲ

191 4235 255 4286 ὲκ
278 4231 388 4285 τῶν
420 4229 555 4299 ῥοῶν
583 4232 612 4282 ὁ
636 4229 847 4299 καρπὸς
874 4228 981 4281 τῶν
1016 4230 1330 4300 ἀκροδρύων
1360 4231 1611 4301 φέρεται;
1641 4230 1764 4291 Πῶς

1857 3052 2094 3104 calamus
2125 3058 2174 3102 et
2202 3049 2610 3112 cinnamomum,
2644 3063 2760 3100 cum
2783 3049 3023 3101 omnibus
3043 3017 3197 3118 ligziis
3218 3047 3431 3116 Libani,

1857 3140 2072 3211 myrrha
2100 3149 2148 3193 et
2181 3140 2317 3200 aloe,
2362 3154 2479 3191 cum
2515 3140 2753 3191 omnibus
2784 3140 2971 3206 primis
3010 3140 3303 3207 unguentis.
3341 3139 3431 3193 15.

1860 3229 2006 3285 Fons
2031 3231 2188 3296 horti,
2230 3240 2417 3298 puteus
2452 3245 2602 3298 aqum
2646 3231 2774 3282 vim
2807 3240 2858 3282 et
2883 3231 3079 3299 impetu
3123 3231 3335 3299 ﬂuentis
3366 3244 3431 3283 ex

1858 3320 2080 3375 Libano.
2113 3321 2287 3389 Atque
2313 3319 2456 3390 quod
2489 3320 2541 3373 in
2585 3320 2651 3374 iis
2681 3320 2899 3388 quidem
2931 3336 3052 3389 quae
3095 3322 3239 3374 dicta
3277 3330 3428 3382 sunt,

1858 3421 1942 3467 est
1968 3412 2190 3481 quidam
2235 3410 2394 3478 longe
2423 3411 2695 3463 maximus
2723 3425 2786 3462 ac
2817 3412 3268 3478 praeclarissimis
3302 3425 3437 3466 sen-

1858 3520 1974 3569 sus,
2008 3519 2101 3573 per
2119 3518 2281 3571 quem
2306 3501 2427 3569 ejus
2454 3515 2581 3568 quat:
2599 3516 2661 3553 ex
2692 3500 2799 3554 Deo
2826 3510 2909 3554 est
2938 3503 2990 3554 in
3024 3504 3192 3554 altum
3219 3513 3438 3566 evecta,

1860 3596 1913 3650 in
1944 3596 2301 3650 admiratione
2350 3594 2578 3646 habetur
2612 3593 2979 3660 pulchritudo,
3013 3594 3183 3647 variis
3213 3602 3267 3645 et
3313 3609 3434 3649 mo-

1859 3688 1986 3742 dum
2025 3683 2481 3754 exsuperantibus
2506 3683 2776 3737 celebrata
2806 3684 3080 3746 laudibus,
3108 3694 3189 3737 est
3223 3686 3439 3753 perspi-

1860 3795 2021 3833 cuum
2053 3779 2131 3831 vel
2167 3792 2231 3830 ex
2271 3782 2529 3830 contextu
2564 3788 2627 3828 ac
2669 3788 2831 3827 sensu
2867 3774 3100 3843 primqu
3133 3776 3294 3829 obvio
3337 3791 3439 3830 eo-

1860 3885 1980 3923 rum
2036 3881 2159 3938 quae
2212 3866 2356 3921 dicta
2406 3873 2553 3919 sunt.
2601 3864 2861 3930 Quisnam
2902 3865 2974 3918 sit
3027 3877 3208 3920 autem
3268 3882 3435 3923 verus

1861 3975 2058 4016 sensus
2109 3974 2269 4028 quem
2327 3958 2440 4011 hate
2489 3956 2650 4011 verba
2701 3956 3029 4025 significant,
3088 3957 3209 4026 ejus
3260 3958 3430 4013 solius

1862 4051 2023 4105 fuerit
2083 4058 2266 4120 aperte
2330 4049 2491 4111 scire,
2556 4047 2670 4118 qui,
2721 4048 2879 4117 juxta
2933 4048 3117 4102 divum
3178 4047 3427 4113 Paulum,

1864 4142 2066 4210 Spiritu
2106 4141 2210 4194 scit
2244 4140 2389 4209 loqui
2425 4139 2609 4193 divina
2644 4140 2923 4210 mysteria.
2960 4138 3434 4206 Quemadmodum

1862 4234 2010 4286 enim
2049 4230 2195 4301 quod
2226 4232 2494 4285 emittitur
2521 4243 2551 4283 a
2579 4245 2805 4300 sponsa,
2832 4238 2915 4284 est
2945 4232 3227 4299 paradisus
3262 4234 3434 4287 malo-

189 4323 247 4375 δὲ
275 4321 344 4374 τά
371 4319 645 4391 ἀκρόδρυα
691 4319 875 4390 μύρων
904 4319 1112 4386 γίνεται
1143 4320 1234 4372 καὶ
1264 4321 1568 4390 ἀρωμάτων
1598 4320 1749 4373 κατά-

1895 4337 1987 4374 um
2032 4321 2399 4391 punicorum?
2445 4319 2905 4389 quemadmodum
2946 4328 3124 4372 autem
3174 4336 3238 4374 ex
3273 4323 3438 4376 malis

190 4413 381 4481 λογος;
428 4412 513 4463 Ἐν
536 4411 642 4483 γὰρ
668 4414 779 4473 τοῖς
802 4410 910 4463 τῶν
932 4410 1243 4483 ἀκροδρύων
1270 4414 1517 4482 καρποῖς,
1554 4410 1765 4481 κύπρος

194 4505 285 4557 καὶ
316 4504 506 4574 νάρδος
544 4504 638 4556 καὶ
673 4503 868 4573 κρόκος
897 4503 1032 4564 ἐστὶ,
1076 4503 1319 4573 κάλαμός
1364 4520 1422 4555 τε
1456 4494 1554 4556 καῖ
1576 4501 1765 4555 κιννά-

197 4612 407 4665 μωμον,
470 4594 565 4648 καὶ
611 4595 719 4647 πᾶν
767 4594 860 4646 τοῦ
893 4594 1125 4647 Λιϐάνου
1176 4594 1351 4660 ξύλον,
1391 4595 1466 4658 ὡς
1510 4595 1765 4665 οὐδεμιᾶς

196 4689 290 4757 τῆς
334 4687 479 4740 κατά
520 4686 581 4739 τὸ
623 4688 822 4757 ἀρωμα
859 4686 951 4739 τοῦ
991 4685 1225 4740 Λιϐάνου
1262 4689 1523 4757 διαφορᾶς
1555 4689 1612 4740 ὲν
1660 4690 1765 4749 τοῖς

193 4776 670 4847 ἀπηριθμημένοις
695 4777 1006 4850 λειπούσης*
1040 4774 1121 4843 οἷς
1165 4778 1511 4850 προστίθεται
1553 4777 1765 4848 σμύρνα

196 4871 291 4923 καὶ
317 4869 450 4940 ἀλόη
472 4910 485 4930 ,
518 4870 613 4923 καὶ
650 4870 718 4921 τά
750 4871 939 4941 πρῶτα
965 4871 1112 4942 μῦρα
1152 4872 1347 4935 πάντα,
1381 4872 1473 4925 καὶ
1499 4872 1531 4942 ἡ
1573 4872 1763 4942 πρότε-

202 4975 292 5028 ρον
315 4959 490 5028 κῆπος
524 4960 581 5011 ὲν
617 4961 729 5022 τοῖς
759 4960 871 5013 ἀνω
895 4961 1043 5030 παρά
1070 4958 1163 5013 τοῦ
1195 4960 1538 5023 ἐπαινοῦντος
1570 4962 1767 5030 ὀνομα-

201 5048 408 5113 σθεῖσα,
435 5048 531 5102 νῦν
564 5049 714 5119 πηγὴ
753 5049 974 5118 λέγεται
1015 5052 1226 5121 κήπων,
1254 5052 1345 5103 καὶ
1376 5051 1551 5122 φρέαρ
1576 5050 1766 5115 ὓδατος

202 5140 399 5203 ζῶντος
429 5141 521 5193 καὶ
561 5140 863 5211 ροιζούντος
896 5141 1002 5195 ἀπὸ
1047 5140 1141 5193 τοῦ
1180 5141 1432 5194 Λιϐάνου.
1491 5141 1648 5195 Ἀλλὰ
1676 5142 1765 5194 τὸν

206 5231 300 5299 μὲν
325 5229 501 5300 άληθῆ
526 5228 683 5295 λόγον
704 5228 833 5300 περὶ
858 5228 1058 5282 τούτων
1088 5230 1243 5284 ἴδοιεν
1265 5228 1349 5291 ἂν,
1382 5229 1562 5294 καθὼς
1585 5233 1767 5302 προεῖ-

204 5339 322 5384 πον,
372 5324 425 5375 oi
464 5322 525 5375 τὸ
562 5320 724 5391 βάθος
765 5320 858 5373 τοῦ
908 5322 1137 5375 πλούτου
1177 5323 1402 5393 καὶτῆς
1450 5324 1640 5391 σοφίας
1674 5325 1767 5377 καὶ

202 5414 298 5482 τῆς
316 5412 572 5482 γνώσεως
594 5411 687 5465 τοῦ
701 5410 834 5464 Θεοῦ
854 5412 1226 5485 διερευνᾶσθαι
1246 5413 1553 5483 δυνάμενοι,
1578 5413 1766 5483 Ἡμεῖς

203 5504 257 5558 δὲ
278 5506 352 5569 ὡς
374 5506 440 5559 ἂν
465 5506 539 5576 μὴ
565 5505 842 5569 παντελῶς
857 5507 1107 5573 ἄγευστοι
1134 5505 1240 5558 τῶν
1262 5506 1319 5557 ὲν
1330 5503 1406 5574 τῷ
1428 5505 1576 5574 τόπῳ
1596 5504 1767 5573 τούτῳ

205 5598 580 5668 ιιςροκειίλιένων
629 5597 870 5656 ἀγαθῶν.
928 5597 1019 5649 καὶ
1067 5597 1458 5650 ἀναπόλαυστοι
1516 5596 1763 5649 καταλει-

1865 4412 2081 4483 punicis
2135 4411 2455 4480 producitur
2510 4411 2722 4464 fructus
2778 4411 3108 4478 pomorum?
3160 4411 3441 4477 Quemado

1868 4502 2089 4556 modum
2117 4517 2247 4556 vero
2273 4517 2431 4571 poma
2466 4502 2601 4555 ﬁunt
2644 4501 2923 4570 catalogus
2953 4511 3350 4574 unguentorum
3382 4516 3441 4561 et

1867 4600 2172 4646 aromatum
2195 4592 2218 4645 Τ
2243 4593 2300 4646 In
2331 4606 2614 4661 pomorum
2641 4591 2786 4646 enim
2812 4592 3085 4650 fructibus
3108 4611 3307 4667 cyprus
3331 4605 3443 4661 est,

1867 4687 2073 4739 nardus
2122 4692 2176 4738 et
2229 4699 2448 4748 crocus,
2503 4690 2557 4737 et
2600 4684 2865 4748 calamus,
2909 4693 2964 4740 et
3005 4688 3441 4751 cinnamomum,

1866 4784 1922 4831 et
1951 4792 2112 4831 omne
2143 4778 2342 4847 lignum
2378 4775 2591 4840 Libani,
2641 4776 2796 4843 quasi
2831 4777 2980 4830 nulla
3013 4779 3065 4831 in
3100 4782 3443 4835 aromatibus

1867 4867 2058 4922 Libani
2088 4866 2394 4922 ditl‘erentia
2417 4867 2559 4922 desit
2592 4866 2646 4920 in
2674 4867 2743 4921 iis
2772 4880 2892 4935 quae
2920 4876 3048 4922 sunt
3077 4877 3391 4923 enumerata
3417 4888 3437 4924 :

1868 4958 2067 5028 quibus
2098 4958 2314 5012 additur
2338 4957 2557 5028 myrrha
2589 4967 2642 5011 et
2675 4958 2815 5019 aloe,
2845 4966 2899 5011 et
2931 4958 3109 5012 omnia
3138 4960 3309 5027 prima
3332 4976 3441 5014 uu-

1866 5055 2083 5117 guenla.
2123 5045 2187 5099 Et
2228 5062 2349 5116 quae
2398 5046 2549 5115 prius
2579 5046 2774 5101 hortus
2806 5060 2835 5098 a
2867 5047 3120 5103 laudante
3153 5063 3320 5118 supra
3350 5059 3437 5106 est

1869 5137 2170 5202 nominata,
2212 5152 2363 5191 nunc
2390 5135 2513 5192 fons
2560 5137 2764 5191 dicitur
2799 5138 3104 5201 hortorum,
3147 5147 3200 5194 et
3242 5120 3444 5209 puteus

1869 5244 2024 5297 aqua:
2052 5229 2208 5289 vivae,
2259 5234 2314 5281 et
2352 5228 2557 5296 impetu
2605 5226 2824 5284 ﬂuentis
2857 5244 2921 5283 ex
2963 5228 3189 5285 Libano.
3230 5230 3335 5286 Sed
3371 5232 3441 5288 de

1868 5322 1955 5374 his
1994 5319 2211 5390 quidem
2247 5334 2367 5388 qua:
2393 5320 2539 5373 dicta
2589 5328 2720 5375 sunt
2748 5322 3029 5376 veritatem
3065 5323 3322 5387 viderint,
3377 5334 3438 5378 ut

1869 5412 2021 5482 prius
2058 5411 2194 5473 dixi,
2245 5411 2281 5464 ii
2311 5409 2403 5479 qui
2457 5420 2689 5481 possunt
2728 5417 3063 5483 perscrutari
3092 5415 3440 5485 profundita-

1870 5512 1975 5557 tem
2007 5502 2340 5562 divitiarum.
2371 5509 2423 5557 et
2456 5503 2757 5572 sapientia,
2792 5513 2846 5559 et
2877 5506 3120 5562 scientia:
3160 5506 3276 5563 Dei.
3330 5506 3442 5561 Nos

1870 5604 2072 5657 autem,
2128 5608 2192 5649 ne
2248 5594 2471 5650 omnino
2530 5597 2903 5668 relinquantur
2948 5609 3196 5669 expettes
3246 5607 3439 5668 gustus
