3742 5986
339 143 452 203 967

1562 144 1621 199 S.
1677 145 2003 202 GRECORII
2040 146 2331 202 NYSSENI
3498 150 3590 204 968

343 258 611 315 bonorum
640 272 761 327 qua:
799 257 852 310 in
882 256 985 310 hoc
1016 257 1136 310 loco
1171 256 1273 311 sita
1307 265 1453 321 sunt,
1494 257 1669 327 iisque
1700 260 1907 314 minimt

2097 263 2310 330 είημεν,
2339 260 2407 314 δι’
2434 259 2628 327 ὀλίγων
2649 259 2821 325 λόγων
2846 258 2920 328 τῷ
2942 259 3084 329 λόγῳ
3115 261 3478 331 προσάξομεν,
3505 268 3587 320 αὺ-

344 351 612 413 lruamur,
662 349 855 420 paucis
893 348 1218 405 accedemus
1259 349 1328 403 ad
1356 357 1668 405 contextum
1715 351 1922 405 oratio-

345 446 452 504 nis,
512 445 630 512 ipso
668 441 777 496 Deo
832 438 1014 496 Verbo
1065 441 1335 504 adhibito,
1390 451 1450 495 ut
1491 442 1561 497 sit
1593 443 1703 497 dux
1751 445 1921 498 nostri

343 532 511 587 studii
563 548 627 586 ac
656 532 970 602 diligentiae.
1015 529 1316 588 Universus
1366 533 1609 598 laudum,
1661 534 1753 603 qui
1800 542 1924 588 ante

344 622 525 676 dictus
555 621 678 683 fuit,
719 622 1024 691 catalogus,
1057 628 1111 676 et
1139 638 1260 691 quae
1286 638 1432 677 nunc
1456 623 1523 679 de
1557 624 1674 693 ipsa
1701 623 1924 678 adduxit

343 712 542 775 oratio,
573 726 682 765 non
718 711 971 766 videntur
1004 711 1204 766 intueri
1239 714 1511 783 praecipue
1542 714 1608 768 ad
1630 713 1921 784 quamdam

344 804 547 858 nudam
588 818 652 857 ac
680 804 853 859 solam
896 804 1284 863 laudationem.
1332 807 1424 861 sed
1462 821 1557 875 per
1587 821 1651 861 ea
1681 822 1802 876 qua:
1839 806 1924 860 di-

343 902 566 957 cuntur,
595 894 700 947 vim
723 894 1016 962 quamdam
1046 909 1111 952 ac
1137 896 1395 949 virtutem
1418 896 1630 960 afferre,
1660 912 1721 950 ac
1740 898 1922 953 cordis

340 999 629 1040 ascensum
665 986 732 1039 ad
766 1000 827 1039 ea
861 1001 982 1055 quae
1010 995 1137 1041 sunt
1169 987 1376 1056 majora
1405 998 1459 1043 et
1489 989 1811 1054 excelsiora,
1847 1000 1923 1044 ut-

310 1083 467 1145 'pote
501 1076 816 1130 nominatur
840 1092 1002 1130 soror
1036 1084 1089 1131 et
1121 1093 1320 1147 sponsa
1361 1078 1545 1145 Verbi,
1579 1080 1674 1134 sed
1713 1089 1922 1135 utrum-

341 1176 448 1235 Que
495 1168 688 1220 horum
739 1169 1020 1220 nominum
1070 1182 1332 1236 sponsam
1363 1170 1646 1239 conjungit
1693 1186 1917 1241 sponso,

343 1273 561 1328 sponsae
584 1258 804 1328 quidem
832 1258 1230 1328 significatione
1255 1260 1398 1323 eam,
1430 1271 1489 1316 ut
1523 1263 1765 1316 nominat
1787 1264 1922 1319 Pau-

338 1347 428 1402 lus
451 1348 519 1411 3’,
554 1348 789 1403 faciente
821 1352 1269 1419 concorporalem
1301 1368 1525 1422 sponso,
1555 1355 1647 1423 qui
1680 1371 1787 1409 non
1821 1372 1919 1425 po-

343 1446 447 1494 test
472 1440 775 1509 corrumpi,
816 1448 869 1495 et
903 1441 957 1494 in
992 1458 1150 1512 quem
1184 1458 1290 1495 nou
1318 1445 1463 1497 cadit
1489 1446 1768 1499 interitus:
1807 1458 1918 1502 stu-

342 1529 433 1583 dio
461 1537 643 1584 autem
672 1531 819 1600 quod
846 1542 1094 1588 versatur
1123 1534 1177 1587 in
1205 1533 1500 1601 voluntate,
1530 1536 1593 1589 ad
1621 1535 1915 1592 fraternam

2025 354 2113 405 τὸν
2136 353 2227 406 τὸν
2253 352 2384 405 Θεὸν
2416 353 2584 418 Λόγον
2606 348 2956 421 καθηγεμόνα
2990 352 3089 421 τῆς
3114 352 3351 423 σπουδῆς
3378 356 3589 424 ποιησάο

2029 462 2194 515 μενοι.
2237 445 2453 497 Ἔοικεν
2491 444 2632 506 am;
2661 445 2689 495 6
2721 443 2829 496 τῶν
2863 442 3100 497 ἐπαίνων
3137 443 3463 512 κατάλογος,
3487 445 3515 497 ὃ
3538 462 3590 498 τι

2026 536 2132 607 π’ρὸ
2161 536 2365 589 τούτων
2393 536 2701 605 εἰρημένος,
2731 535 2823 589 καὶ
2856 536 2956 589 ὅσα
2981 534 3077 588 νῦν
3106 535 3236 605 περὶ
3268 536 3443 606 αὐτῆς
3469 539 3594 607 ἡμῖν

2023 628 2051 679 6
2096 626 2251 693 λόγος
2298 623 2605 694 παρέθετο,
2646 624 2719 694 μὴ
2774 622 2910 693 πρὸς
2959 623 3234 694 εὐφημίαν
3281 625 3405 679 τινά
3443 626 3599 697 ψιλὴν

2026 716 2166 769 κατὰ
2192 715 2254 768 τὸ
2292 714 2700 786 προηγούμενον
2728 714 2965 784 βλέπεινο
3007 714 3145 767 ἀλλά
3183 715 3418 786 δύναμιν
3464 719 3598 772 ἐντι-

2025 806 2176 860 θέναι
2213 806 2301 860 διά
2327 806 2434 858 τῶν
2467 804 2775 875 λεγομένων
2806 806 2939 876 πρὸς
2982 804 3079 875 τὴν
3106 807 3199 857 ἐπὶ
3237 808 3306 859 τὰ
3342 807 3515 877 μείζω
3541 825 3600 861 τε

2026 900 2118 951 καὶ
2168 898 2475 968 ὑψηλότερα
2519 897 2619 967 τῆς
2665 898 2893 969 καρδίας
2919 897 3205 962 ἀνάϐασιν,
3246 894 3362 952 οἷον
3399 900 3599 970 ἀδελφὴ

2024 991 2117 1042 καὶ
2145 989 2329 1059 νύμφη
2375 988 2469 1042 τοῦ
2492 989 2665 1060 Λόγου
2692 989 3145 1060 κατονομάζεται,
3168 990 3304 1044 ἀλλά
3348 992 3601 1045 συνάπτει

2023 1081 2129 1133 τῶν
2172 1082 2450 1150 ὀνομάτων
2488 1081 2693 1134 τούτων
2726 1082 2985 1152 ἑκάτερον
3024 1081 3123 1150 τὴν
3146 1081 3325 1153 ψυχὴν
3365 1082 3447 1152 τῷ
3473 1100 3603 1152 νυμ-

2023 1174 2150 1242 φίῳ,
2181 1174 2277 1244 τῆς
2315 1174 2413 1243 μὲν
2438 1173 2580 1228 κατά
2606 1172 2701 1243 τὴν
2720 1173 2938 1243 νύμφην
2971 1174 3247 1244 σημασίας
3316 1172 3603 1243 σύσσωμον

2023 1265 2215 1333 αὐτὴν,
2245 1264 2428 1329 καθὼς
2458 1268 2485 1319 6
2514 1264 2755 1328 Παῦλος,
2788 1264 3046 1337 ποιούσης
3076 1265 3154 1335 τῷ
3178 1265 3447 1336 ἀφθάρτῳ
3473 1283 3604 1335 νυμ-

2022 1356 2147 1426 φίῳ·
2182 1356 2279 1426 τῆς
2322 1356 2379 1409 δὲ
2408 1358 2537 1427 περὶ
2565 1356 2647 1408 τάί
2683 1357 2965 1427 θελήματα
3006 1356 3239 1425 σπουδῆς
3274 1359 3355 1418 εἰς
3388 1357 3603 1424 ἀδελφι-

2022 1447 2123 1518 κὴν
2148 1448 2463 1517 ἀγχιστείαν
2509 1448 2876 1518 προαγούσης,
2924 1447 3065 1500 κατά
3100 1447 3196 1516 τὴν
3228 1446 3323 1500 τοῦ
3360 1447 3603 1514 Εὑαγγε-

2017 1535 2135 1589 λίου
2169 1539 2386 1607 φωνήν·
2425 1534 2542 1589 εἶτα
2585 1538 2887 1590 ἐπαινεῖται
2934 1536 3095 1605 φύσις
3134 1535 3357 1607 μαστῶν
3402 1539 3436 1607 ἡ
3486 1538 3602 1590 ἀντὶ

341 1620 646 1677 deducente
680 1621 995 1678 allinitatem
1021 1631 1074 1677 et
1097 1625 1560 1693 conjunctionem,
1590 1631 1903 1684 convenien-

2092 1627 2288 1690 laxzo;
2328 1623 2470 1681 οἶνον
2506 1628 2845 1697 προχέουσα,
2899 1630 2992 1681 καὶ
3038 1628 3201 1698 δῆλον
3236 1628 3319 1680 ὅτι
3369 1627 3532 1698 ἔργον
3574 1630 3601 1679 6

342 1720 424 1767 ter
453 1714 572 1768 voci
603 1713 899 1784 Evangelii.
940 1713 1145 1768 Deinde
1171 1715 1423 1769 laudatur
1442 1726 1640 1783 natura
1663 1719 1912 1784 uberum,

340 1820 462 1875 quae
500 1821 599 1874 pro
646 1807 786 1861 lacte
819 1806 1005 1860 vinum
1056 1806 1304 1871 effundit,
1359 1815 1411 1861 et
1442 1807 1793 1864 manifestum
1833 1821 1916 1866 est

340 1894 484 1964 quod
509 1896 626 1950 laus
650 1910 789 1965 opus
809 1895 1064 1951 efficitur.
1092 1897 1211 1955 Non
1236 1897 1404 1962 enim,
1432 1898 1488 1953 id
1514 1901 1658 1969 quod
1685 1916 1791 1955 non
1809 1909 1913 1964 est,

343 1986 617 2040 laudatur.
653 1986 919 2041 Praeterea
946 1988 1067 2056 ejus
1106 1997 1443 2064 unguentum
1487 1990 1767 2059 judicatur
1795 2008 1917 2048 esse

340 2077 594 2146 superius
637 2078 893 2133 omnibus
934 2082 1289 2141 aromatibus,
1347 2081 1493 2150 quod
1537 2082 1755 2152 quidem
1804 2071 1916 2138 non

342 2169 414 2220 ita
435 2183 493 2222 se
510 2167 710 2222 habere
736 2167 1263 2238 fuissetjudicatum,
1285 2171 1330 2228 si
1348 2187 1456 2226 non
1480 2188 1667 2228 revera
1685 2174 1750 2229 ad
1770 2174 1914 2228 illam

341 2266 680 2333 pervenisset
728 2266 1068 2321 altitudinem
1100 2281 1197 2335 per
1229 2270 1534 2337 profectum
1585 2269 1642 2323 in
1669 2286 1736 2324 eo
1767 2272 1913 2341 quod

340 2367 424 2411 est
477 2358 690 2412 melius.
747 2356 1027 2413 [labentur
1067 2366 1251 2430 postea
1306 2362 1358 2413 in
1411 2360 1769 2417 admiratione
1808 2362 1912 2415 favi

339 2450 608 2504 orationis
633 2451 726 2520 qui
757 2450 1027 2506 distillant
1061 2466 1125 2506 ex
1161 2452 1280 2521 ejus
1317 2467 1433 2518 ore,
1460 2463 1515 2508 et
1541 2461 1912 2523 contempera-

342 2541 417 2598 tio
445 2551 666 2611 paratur
693 2544 976 2613 sapientiae
998 2542 1246 2612 subjecta
1269 2544 1485 2613 lingua‘,
1508 2552 1914 2615 contemperato

340 2632 477 2687 lacte
503 2649 628 2688 cum
679 2634 857 2688 melle.
904 2633 968 2686 Et
1000 2634 1113 2688 haec
1142 2650 1358 2704 quoque
1394 2642 1522 2691 sunt
1556 2636 1750 2699 vit-tus,
1805 2652 1912 2691 non

344 2724 524 2787 verba,
561 2732 619 2777 ut
649 2739 771 2793 qua:
799 2738 829 2777 a
866 2722 1046 2779 Verbo
1080 2724 1145 2777 ad
1170 2725 1425 2779 altiorum
1456 2725 1689 2781 deducta
1724 2741 1915 2781 ascen-

339 2829 459 2868 sum
488 2816 623 2868 adeo
652 2823 814 2869 aucta
863 2815 955 2875 sit,
994 2823 1053 2869 ut
1098 2830 1160 2871 os
1196 2815 1357 2871 faciat
1391 2816 1590 2871 fontem
1623 2817 1823 2881 mellis,
1860 2826 1914 2871 et

341 2904 580 2972 linguam
615 2906 1042 2975 promptuarium
1072 2907 1373 2961 commislae
1397 2908 1697 2976 sapientiae,
1727 2908 1781 2962 in
1805 2922 1910 2978 qua

340 2995 723 3048 consideratur
762 3007 904 3049 terra
940 2996 1340 3064 promissionis,
1376 3012 1498 3066 qua:
1531 2996 1646 3050 ﬂuit
1671 2998 1829 3051 melle
1861 3008 1914 3051 et

340 3086 500 3138 lacte.
532 3085 669 3138 Cum
698 3094 879 3139 autem
912 3086 1148 3141 Verbum
1187 3103 1285 3157 per
1323 3101 1586 3143 ascensus
1623 3102 1740 3142 eam
1780 3086 1917 3142 adeo

339 3175 644 3236 extulisset,
678 3175 830 3229 ducit
880 3176 1059 3230 adhuc
1106 3177 1293 3243 altius,
1334 3177 1523 3232 dicens
1563 3177 1682 3246 ejus
1712 3186 1915 3232 vestem

343 3267 479 3319 bene
509 3268 719 3335 spirare.
756 3266 931 3323 thuris
961 3268 1150 3334 odore,
1206 3285 1303 3337 per
1332 3269 1476 3338 quod
1526 3278 1754 3323 testatur
1784 3268 1916 3322 Ver—

339 3355 467 3410 bum
509 3372 630 3411 eam
666 3357 942 3413 Christum
988 3357 1253 3415 induisse.
1295 3358 1552 3428 Cujusvis
1597 3359 1741 3413 enim
1797 3359 1918 3412 vitae

339 3462 460 3517 quae
484 3464 550 3503 ex
583 3450 788 3505 virtute
812 3450 992 3520 agitur
1024 3449 1147 3505 linis
1170 3459 1253 3506 est
1278 3450 1371 3506 Dei
1403 3450 1770 3521 participatio.
1815 3447 1916 3503 Per

339 3540 466 3594 thus
492 3540 637 3595 enim
666 3540 808 3596 Deus
836 3541 1160 3598 ostenditur.
1195 3540 1260 3594 Et
1284 3556 1385 3596 nec
1416 3541 1470 3595 in
1501 3542 1570 3596 iis
1600 3540 1817 3610 quidem
1856 3554 1915 3594 se

338 3632 483 3687 sistit
511 3632 713 3696 anima,
760 3648 882 3703 qum
905 3649 1122 3702 semper
1151 3648 1179 3686 a
1222 3632 1400 3688 Verbo
1425 3633 1716 3689 deducitur
1748 3634 1814 3688 ad
1861 3632 1913 3687 id

337 3722 482 3793 quod
508 3731 593 3779 cst
633 3725 817 3779 altius.
853 3722 957 3780 Sed
991 3735 1278 3795 postquam
1304 3726 1608 3787 assimilata
1635 3725 1734 3779 fuit
1766 3725 1911 3779 thuri

337 3812 394 3867 in
425 3814 570 3868 bono
603 3813 791 3879 odore,
836 3815 894 3869 fit
939 3814 1131 3871 hortus
1171 3816 1346 3869 instar
1391 3816 1650 3885 paradisi.
1686 3814 1909 3879 llortus,

339 3919 449 3959 non
476 3907 620 3959 sicut
646 3912 764 3959 erat
811 3906 949 3959 inter
980 3907 1184 3974 primos
1225 3907 1495 3971 homines,
1545 3908 1704 3963 laxus
1736 3915 1789 3962 et
1829 3908 1911 3960 in-

337 3995 672 4057 custoditus,
727 3994 822 4048 sed
872 3996 1114 4065 undique
1164 3997 1407 4053 munitus
1448 3998 1709 4053 memoria
1757 4012 1911 4051 man-

337 4084 469 4138 dati.

408 4173 573 4231 Vides
629 4188 889 4245 quautam
939 4178 1207 4247 acceperit
1255 4178 1529 4243 virtutem,
1589 4178 1652 4232 ad
1700 4180 1803 4233 hoc
1847 4187 1907 4233 ut

337 4281 556 4320 sursum
600 4266 876 4323 ferretur?
906 4266 1119 4325 Rursus
1144 4270 1265 4325 vide
1292 4270 1422 4323 mihi
1455 4286 1576 4324 eum
1605 4272 1694 4339 qui
1742 4286 1905 4339 supra

338 4357 470 4411 illud
502 4357 561 4412 fit
590 4376 901 4415 ascensum.
939 4360 1056 4416 Non
1088 4362 1264 4418 solum
1298 4363 1442 4415 enim
1476 4360 1617 4416 facta
1666 4370 1749 4417 est
1780 4362 1908 4415 hor-

2019 1718 2237 1781 ἔπαινος
2277 1720 2505 1787 γίνεται.
2564 1719 2637 1771 Οὑ
2669 1719 2777 1790 γὰρ
2819 1719 3222 1787 ἐγκωμιάζεται
3258 1720 3320 1770 τὸ
3356 1719 3601 1788 ἀνύπαρ-

2018 1827 2162 1862 κτον.
2192 1810 2333 1878 Πρὸς
2363 1810 2570 1872 τούτοις
2598 1810 2660 1863 τὸ
2687 1811 2856 1880 μῦρον
2879 1809 3049 1877 αὐτῆς
3081 1809 3297 1862 πάντων
3323 1809 3433 1861 τῶν
3462 1812 3600 1880 ἀρωο

2021 1901 2201 1970 μάτων
2227 1900 2523 1970 ὑπέρτερον
2553 1900 2813 1969 κρίνεται.
2838 1901 3016 1969 Ὅπερ
3041 1898 3142 1951 οὑκ
3168 1897 3233 1951 ἂν
3256 1897 3435 1961 οὕτως
3459 1898 3596 1968 ἔχειν

2016 1992 2230 2062 ἐκρίθη,
2259 1991 2335 2061 μὴ
2366 1991 2509 2045 κατά
2531 1991 2790 2062 ἀλήθειαν
2817 1990 2952 2061 πρὸς
2977 1993 3151 2043 ὲκείνο
3181 1988 3243 2042 τὸ
3268 1989 3403 2059 ὕψος
3433 1990 3596 2057 αὑτῆς

2016 2084 2102 2137 διὰ
2147 2084 2246 2152 τῆς
2301 2086 2357 2135 ἐν
2401 2084 2477 2154 τῷ
2520 2085 2786 2154 κρείττονι
2831 2082 3112 2155 προκοπῆς
3159 2081 3593 2153 ἀναδραμούσης.

2016 2171 2361 2243 Θαυμάζεται
2398 2173 2535 2244 μετά
2570 2172 2725 2227 τοῦτο
2753 2172 2821 2225 τὰ
2871 2173 3035 2243 κηρία
3064 2172 3159 2225 τοῦ
3195 2172 3357 2240 λόγου
3403 2173 3473 2225 τὰ
3503 2172 3593 2225 τοῦ

2018 2267 2283 2336 στόματος
2315 2267 2484 2337 αὐτῆς
2528 2263 2905 2328 ἀποστάζοντα
2924 2306 2938 2329 ,
2967 2264 3059 2316 καὶ
3094 2266 3125 2333 η
3164 2263 3474 2333 σύγκρατος
3500 2265 3595 2334 τῆς

2018 2358 2210 2427 σοφίας
2240 2358 2566 2430 παρασκευὴ
2596 2355 2925 2426 ὑποκειμένη
2949 2357 3013 2426 τῇ
3044 2354 3266 2428 γλώσσῃ
3285 2394 3300 2417 ,
3325 2353 3594 2427 γάλακτος

2018 2452 2152 2523 πρὸς
2179 2451 2300 2521 μέλι
2345 2449 2809 2521 συγκεκραμένου.
2850 2448 2959 2501 Καὶ
2981 2448 3150 2500 ταῦτα
3170 2445 3402 2517 δύναμίς
3426 2450 3591 2512 ἐστιν,

2016 2543 2075 2595 οὑ
2128 2545 2366 2613 ῥήματα.
2414 2541 2556 2613 Πρὸς
2593 2539 2701 2609 γὰρ
2730 2540 2827 2610 τὴν
2872 2539 2980 2592 τῶν
3017 2538 3368 2611 ὑψηλοτέρων
3418 2539 3594 2594 ἄνοδον

2018 2633 2496 2704 χειραγωγουμένη
2534 2632 2639 2685 ὑπὸ
2672 2631 2765 2684 τοῦ
2810 2630 3016 2698 Λόγου,
3057 2630 3307 2684 τοσοῦτον
3348 2631 3590 2702 ηὐξήθη,

2016 2725 2154 2777 ὥστε
2186 2724 2398 2794 μέλιτος
2434 2722 2657 2792 ποιῆσαι
2701 2722 2882 2792 πηγὴν
2908 2722 2968 2774 τὸ
2999 2720 3198 2791 στόμα,
3233 2722 3327 2774 καὶ
3350 2727 3592 2793 ταμιεῖον

2014 2820 2113 2885 τῆς
2148 2816 2452 2886 συμμίκτου
2499 2814 2688 2882 σοφίας
2728 2815 2826 2885 τὴν
2864 2813 3135 2882 γλῶσσαν,
3183 2807 3593 2885 ᾖὲνθεωρεῖται

2016 2909 2049 2978 ἡ
2080 2908 2150 2977 γῆ
2181 2908 2281 2976 τῆς
2310 2906 2661 2976 ἐπαγγελίας,
2716 2908 2751 2976 ἡ
2786 2905 2983 2977 ῥέουσα
3013 2905 3133 2976 μέλι
3176 2906 3268 2958 καὶ
3294 2906 3457 2973 γάλα.
3495 2908 3589 2960 Το-

2021 2999 2209 3051 σοῦτον
2239 2998 2408 3067 αὐτὴν
2436 2995 2526 3050 διά
2564 2997 2672 3048 τῶν
2695 2995 3013 3049 ἀναϐάσεων
3058 2995 3279 3064 ὑψώσας
3323 2998 3352 3048 6
3384 2994 3559 3063 Λόγος
3579 3040 3593 3060 ,

2019 3091 2097 3142 ἔτι
2126 3089 2259 3160 πρὸς
2291 3090 2351 3142 τὸ
2392 3089 2720 3159 ὑψηλότερον
2750 3089 2873 3157 ἄγει
2893 3129 2906 3150 ,
2950 3087 3048 3154 τὴν
3078 3084 3279 3153 ἐσθῆτα
3306 3089 3480 3160 αὐτῆς
3507 3091 3594 3142 εὑ-

2021 3178 2201 3228 πνοείν
2232 3175 2404 3243 λέγων
2427 3175 2564 3229 κατά
2597 3177 2691 3247 τὴν
2730 3176 2822 3228 τοῦ
2859 3176 3072 3230 λιϐάνου
3111 3176 3304 3248 ὀσμὴν,
3348 3178 3417 3231 δι’
3446 3173 3508 3232 οὑ
3537 3179 3597 3230 τὸ

2018 3266 2327 3320 ὲνδεδῦσθαι
2369 3266 2538 3337 αὑτὴν
2583 3266 2675 3320 τὸν
2722 3267 2955 3336 Χριστὸν
3007 3270 3273 3338 μαρτυρεί
3322 3270 3351 3320 6
3400 3268 3588 3336 Λόγος.

2018 3356 2225 3418 Παντὸς
2254 3355 2361 3425 γὰρ
2391 3356 2647 3425 ἐναρέτου
2671 3354 2785 3425 βίου
2805 3355 2956 3418 τέλος
2987 3358 3019 3427 ἡ
3042 3356 3137 3409 τοῦ
3163 3355 3297 3409 Θεοῦ
3333 3360 3593 3426 μετουσία

2016 3448 2245 3514 γίνεται.
2283 3447 2382 3499 Διά
2425 3448 2535 3517 γὰρ
2577 3447 2671 3499 τοῦ
2711 3446 2927 3500 λιϐάνου
2966 3448 3027 3500 τὸ
3054 3446 3207 3501 Θείον
3234 3447 3589 3503 ἐνδείκνυται.

2016 3540 2125 3592 Καὶ
2165 3539 2286 3592 οὑδὲ
2322 3542 2379 3593 ὲν
2408 3540 2616 3603 τούτοις
2646 3538 2776 3610 ἔστη
2815 3542 2848 3610 ἡ
2881 3539 3016 3609 πρὸς
3046 3538 3108 3591 τὸ
3144 3538 3479 3611 ὑψηλότερον
3511 3542 3592 3594 ἀεὶ

2015 3631 2120 3684 ὑπὸ
2142 3631 2233 3683 τοῦ
2262 3632 2434 3699 Λόγου
2473 3630 2952 3701 χειραγωγουμένη
2986 3629 3130 3699 ψυχή
3152 3647 3166 3660 ο
3205 3629 3340 3683 ἁλλά
3366 3630 3506 3700 μετά
3535 3630 3592 3683 τὸ

2013 3712 2342 3794 δμοιωθῆναι
2381 3723 2475 3776 τοῦ
2498 3723 2716 3776 λιϐάνου
2743 3721 2841 3791 τὴν
2876 3720 3148 3789 εὑοδμίαν,
3182 3721 3359 3791 κῆπος
3386 3724 3588 3790 γίνεται

2014 3813 2134 3865 καθ’
2172 3812 2466 3882 ὁμοιότητα
2498 3810 2592 3863 τοῦ
2637 3808 2984 3881 παραδείσου.
3020 3808 3212 3877 Κῆπος
3235 3847 3249 3869 ,
3280 3809 3380 3879 οὑχ
3419 3810 3495 3875 ὡς
3535 3812 3588 3863 ὲν

2012 3908 2123 3968 τοῖς
2153 3904 2388 3975 πρώτοις
2416 3902 2723 3974 ἀνθρώποις
2745 3898 2834 3972 ἦν,
2860 3901 3043 3963 ἄνετός
3065 3918 3123 3952 τε
3146 3902 3238 3952 καὶ
3259 3900 3584 3968 ἀφύλακτος,

2010 3996 2148 4049 ἀλλὰ
2193 3998 2257 4066 τῇ
2308 3997 2494 4065 μνήμῃ
2543 3995 2640 4064 τῆς
2694 3993 2912 4062 ἐντολῆς
2964 3992 3297 4061 πανταχόθεν
3348 4010 3573 4063 τετειχι-

2013 4088 2204 4158 σμένος
2214 4127 2226 4140 .

2092 4179 2253 4250 Ὁρᾷς
2298 4179 2428 4247 ὅσην
2457 4174 2788 4247 προσέλαϐεν
2829 4175 2909 4238 είς
2936 4176 2994 4227 τὸ
3034 4176 3146 4229 ἄνω
3184 4175 3280 4245 τὴν
3323 4175 3580 4246 δύναμιν;

2010 4270 2181 4323 Πάλιν
2229 4270 2329 4338 ὅρα
2376 4285 2465 4338 μοι
2508 4268 2606 4337 τὴν
2654 4265 2794 4337 ὑπὲρ
2834 4264 2993 4319 τοῦτο
3035 4264 3320 4318 ἀνάϐασιν.
3358 4268 3436 4319 Ού
3481 4268 3581 4338 γάρ

2015 4362 2174 4432 μόνον
2204 4361 2378 4430 κῆπος
2415 4358 2801 4426 κεκλεισμένος
2830 4357 3064 4425 ἐγένετο,
3107 4356 3205 4428 τὴν
3240 4357 3427 4426 ἡδεῖαν
3454 4375 3578 4428 καρ-

336 4460 424 4504 tus
475 4452 789 4516 conclusus,
847 4454 1128 4523 proprium
1175 4453 1353 4508 ferens
1405 4454 1666 4516 fructum,
1724 4454 1819 4509 sed
1850 4452 1907 4507 fit

2092 4452 2317 4524 ροροῦσα
2351 4451 2588 4521 τροφὴν,
2635 4450 2769 4503 ἀλὶά
2814 4451 2908 4502 καὶ
2951 4449 3179 4519 πότιμος
3220 4450 3433 4516 γίνεται
3477 4453 3578 4511 τοῖς

334 4541 496 4595 etiam
545 4542 806 4611 potabilis
854 4544 1189 4605 sitientibus.
1246 4546 1507 4600 translata
1548 4546 1603 4599 in
1654 4553 1904 4599 naturam

2092 4544 2253 4607 νῶσιν,
2300 4544 2379 4606 είς
2410 4542 2591 4611 πηγῆς
2626 4540 2787 4610 φύσιν
2825 4541 3177 4610 μετατεθεῖσα
3199 4582 3212 4604 ,
3243 4543 3339 4595 καὶ
3384 4542 3575 4612 ταύτης

337 4632 522 4700 fontis,
564 4634 726 4702 idque
750 4634 1040 4705 obsignati.
1071 4636 1135 4690 Et
1162 4653 1264 4692 nec
1291 4638 1343 4690 in
1374 4637 1458 4691 his
1485 4636 1766 4692 constitit:
1807 4634 1904 4690 sed

2092 4633 2467 4703 ρραγισμένης.
2520 4632 2626 4684 Καὶ¹
2670 4632 2788 4684 οὑδὲ
2834 4632 2890 4682 ἐν
2926 4631 3134 4696 τούτοις
3164 4632 3324 4702 ἕστη’
3352 4634 3469 4686 ἀλλ’
3504 4636 3577 4695 εἰς

335 4723 403 4777 ad
438 4724 543 4780 hoc
582 4740 755 4795 usque
788 4726 928 4780 stitit
966 4742 1125 4781 suum
1173 4728 1226 4780 in
1276 4727 1453 4796 majus
1486 4727 1903 4786 incrementum,

335 4825 394 4871 ut
414 4834 481 4872 ex
502 4831 597 4871 ore
621 4817 742 4886 ejus
768 4818 1103 4887 germinaret
1142 4817 1449 4887 paradisus.
1487 4816 1592 4882 Qui
1632 4817 1776 4871 enim
1811 4830 1903 4869 ac-

332 4910 573 4965 curatius
596 4907 823 4963 attendit
850 4905 1147 4976 emphasim
1175 4905 1422 4962 dictionis
1473 4907 1771 4971 Hebraica),
1820 4907 1904 4960 di—

332 5004 443 5065 cit,
479 5015 578 5068 pro
600 5013 667 5055 eo
691 4998 835 5069 quod
865 4998 1156 5053 dicendum
1180 5006 1317 5064 erat,
1346 4997 1681 5055 [missiones
1710 5006 1817 5051 tua:
1837 5012 1904 5051 ex

336 5105 427 5146 ore
454 5099 547 5144 tuo
577 5111 591 5148 :
627 5091 917 5145 Paradisus
939 5085 1197 5142 malorum
1222 5088 1545 5156 punicorum.
1599 5091 1754 5157 Quod
1782 5089 1905 5160 qui-

332 5182 455 5237 dem
487 5182 713 5252 perinde
743 5189 828 5237 est
856 5176 929 5237 ac'
949 5180 998 5236 si
1041 5181 1283 5237 diceret:
1312 5181 1503 5239 Sermo
1531 5193 1657 5239 tuus
1686 5183 1778 5253 qui
1811 5196 1907 5251 per

316 5284 397 5324 tos
426 5283 578 5325 tuum
612 5271 904 5336 emittitur,
950 5279 1037 5327 est
1067 5272 1353 5341 paradisus
1384 5274 1650 5329 malorum
1680 5272 1907 5341 punico-

336 5378 480 5418 rum.
532 5363 672 5418 Mala
716 5372 896 5419 autem
951 5366 1150 5433 punica
1185 5367 1495 5439 producunt
1541 5382 1703 5423 omne
1734 5381 1906 5437 genus

377 5537 425 5573 ⁸⁹
463 5535 667 5602 Ephes.
707 5553 758 5601 ν,
817 5536 889 5591 ‘23
914 5552 1029 5604 sqq.

2004 4725 2255 4778 τοσοῦτον
2283 4722 2482 4792 ἔφθασε
2518 4723 2614 4791 τῆς
2646 4723 2739 4775 ἐπὶ
2776 4721 2836 4775 τὸ
2865 4720 3048 4792 μεῖζον
3082 4722 3383 4790 αὐξήσεως,
3418 4725 3492 4788 ὡς
3517 4726 3575 4778 ἐκ

2009 4817 2101 4870 τοῦ
2134 4815 2396 4885 στόματος
2436 4814 2604 4884 αὑτῆς
2647 4811 2962 4883 βλαστάνειν
2997 4813 3345 4883 παράδεισον.
3390 4816 3450 4867 ’0
3475 4815 3572 4884 γάρ

2011 4907 2397 4978 ἀκριϐέστερον
2444 4905 2729 4975 προσέχων
2755 4907 2821 4976 τῇ
2861 4904 2959 4975 τῆς
2997 4904 3286 4974 Ἐϐραῖκῆς
3315 4906 3568 4976 ἑμφάσει,

2010 4999 2130 5052 ἀντὶ
2158 4996 2251 5050 τοῦ
2272 4999 2445 5051 εἰπεῖν
2467 5036 2483 5062 ,
2521 4998 2586 5051 Ai.
2626 4994 2913 5052 ἀποστολαί
2951 5011 3044 5049 σου
3082 4995 3146 5049 ἐκ
3180 4995 3272 5049 τοῦ
3313 4997 3567 5068 στόματός

2014 5109 2141 5157 σου,
2179 5091 2334 5161 φησὶ,
2370 5089 2734 5156 Παρὰδεισος
2749 5085 3118 5157 ροὧν.⁹⁹οπερ
3150 5088 3390 5142 τοιοῦτόν
3415 5092 3567 5153 ἐστιν,

2008 5181 2089 5234 ὅτι
2129 5181 2186 5235 Ὀ
2214 5181 2369 5249 λόγος
2399 5182 2427 5234 6
2451 5180 2558 5233 ἀπὸ
2584 5179 2678 5232 τοῦ
2713 5178 2978 5249 στόματός
3004 5196 3096 5232 σου
3121 5179 3571 5254 ἀποστελλόμενος

2010 5273 2332 5344 παράδεισός
2367 5274 2481 5325 ἐστι
2521 5271 2677 5343 ῥοῶν.
2719 5271 2784 5323 Αἱ
2812 5270 2871 5323 δὲ
2915 5272 3034 5341 ῥοαὶ
3072 5274 3433 5343 παγκαρπίαν
3463 5274 3566 5327 τινὰ

2009 5366 2115 5420 τῶν
2161 5364 2474 5433 ἀκροδρύων
2518 5362 2776 5432 ἐκφύουσι
2802 5379 2814 5391 ·
2862 5363 2928 5416 τά
2965 5362 3022 5415 δὲ
3056 5362 3332 5433 ἀκρόδρυα
3375 5365 3566 5438 κύπρος
