3742 5986
124 189 232 248 969

1163 173 1233 230 IN
1261 171 1559 232 CANTICA
1607 170 1874 227 CABTIC.
1919 171 2206 231 HOMILIA
2246 172 2336 229 IX.

3270 173 3375 234 970

124 294 266 366 μετά
295 294 512 367 νάρδου,
543 295 638 350 καὶ
681 294 898 366 κρόκος,
933 292 1174 365 κάλαμος
1215 293 1307 347 καὶ
1332 292 1602 362 κιννάμωι

1899 297 2083 345 ctuum
2120 309 2133 346 :
2165 304 2346 361 poma,
2392 304 2618 361 cyprum
2651 304 2775 345 cum
2823 287 3017 348 nardo,
3047 294 3102 343 et
3130 300 3375 353 crocum,

122 386 218 442 καὶ
247 389 361 442 πᾶν
402 382 544 453 εἶδος
576 387 669 441 τοῦ
700 387 956 450 Λιϐάνου,
994 388 1087 441 καὶ
1115 385 1348 458 σμύρνα,
1392 384 1486 439 καὶ
1526 382 1658 451 ἀλόη
1683 422 1697 445 ,

121 481 219 535 καὶ
245 479 318 534 τά
342 480 537 553 πρῶτα
573 479 741 551 μύρα.
785 479 1002 552 Ἐπειδὴ
1033 479 1211 533 τοίνυν
1250 478 1390 533 κατά
1429 477 1519 531 τὸν
1547 478 1604 530 ὲν
1628 474 1705 545 τῷ

122 571 327 645 ψαλμῷ
366 570 810 643 διαμακαρισμὺν
843 571 944 641 τῆς
988 570 1327 642 ἀντιλήψεως
1373 570 1511 639 αὐτῇ
1552 565 1704 637 παρά

124 662 216 715 τοῦ
241 660 380 715 Θεοῦ
416 660 708 732 γινομένης
728 701 743 726 ,
775 663 874 724 τὰς
905 659 1076 720 καλὰς
1107 660 1309 723 ταύτας
1333 658 1625 721 ἀναϐάσεις
1646 658 1705 712 ὲν

123 757 190 825 τῇ
220 753 420 824 καρδία
444 752 669 815 διέθετο,
703 752 932 805 πάντοτε
956 753 1021 805 ὲκ
1047 749 1326 821 δυνάμεως
1361 747 1703 821 πορευομένη

123 847 205 910 εἰς
243 844 499 915 δύναμιν,
546 842 728 906 καλῶς
764 843 859 895 ὲπὶ
894 843 994 913 τῆς
1040 840 1378 913 τελειοτέρας
1427 840 1702 895 καταστά-

125 954 264 1002 σεως
300 935 441 1008 ῥοῶν
470 935 799 1006 παράδεισος
841 935 896 988 αί
937 933 1031 986 τοῦ
1069 933 1335 1003 στόματος
1361 932 1532 1002 αὐτῆς
1565 931 1702 985 ἀπο-

122 1027 313 1082 στολαὶ
356 1026 729 1097 ὀνομάζονται.
779 1026 1082 1097 Προσφυῶς
1132 1026 1189 1079 δὲ
1237 1025 1313 1096 τῷ
1357 1023 1704 1094 ὑποκειμένῳ

118 1121 357 1190 νοήματι
390 1121 426 1191 ῆ
458 1118 603 1182 λέξις
634 1117 737 1188 τῆς
765 1116 1073 1186 ἀποστολῆς
1112 1116 1455 1189 ὲφηρμόσθη.
1488 1115 1562 1169 Τὸ
1593 1116 1702 1187 γὰρ

121 1208 586 1278 ἀποστελλόμενον
614 1207 722 1263 ἀπὸ
749 1208 841 1262 τοῦ
880 1207 1188 1279 πέμποντος
1213 1209 1292 1271 εἰς
1327 1207 1417 1261 τὸν
1446 1205 1704 1276 ὑποδεχό-

122 1317 288 1370 μενον
329 1299 666 1371 μεταόαίνει.
709 1301 817 1355 Καὶ
856 1299 1015 1354 τοῦτο
1053 1302 1118 1354 ὲκ
1164 1299 1264 1370 τῆς
1310 1299 1572 1370 συνήθους
1607 1297 1701 1352 τοῦ

121 1389 375 1459 ῥήματος
408 1388 799 1460 καταχρήσεως
831 1386 944 1442 ἔστι
975 1388 1185 1459 μαθεῖν,
1216 1388 1293 1451 ὡς
1308 1388 1402 1442 καὶ⁹
1432 1387 1495 1440 τὸ
1524 1387 1702 1458 Εὐαγ-

119 1477 304 1546 γέλιον
325 1476 498 1545 λέγει,
526 1477 606 1533 ὅτι
633 1476 760 1538 τοὺς
786 1474 1032 1547 μαθητάς
1049 1474 1333 1553 τοὺςσπρδς
1359 1475 1420 1528 τὸ
1442 1476 1703 1546 κήρυγμα

120 1568 221 1637 τῆς
245 1566 507 1637 ἀληθείας
554 1565 1038 1636 ὲκπεμπομένους,
1082 1564 1438 1629 Ἀποστόλους
1470 1565 1498 1617 6
1529 1563 1702 1632 Λόγος

120 1659 397 1731 ὠνόμασε.
435 1659 501 1712 Τί
539 1652 632 1711 οὖν
667 1658 812 1710 ἐστιν
841 1657 870 1710 6
916 1657 1235 1711 ἀποστέλλει
1278 1656 1339 1711 τὸ
1384 1655 1560 1727 στόμα
1602 1655 1701 1724 τῆς
1734 1645 1774 1699 Β

121 1747 345 1819 νύμφης
367 1764 384 1813 ;
423 1746 592 1818 Δῆλον
618 1746 699 1800 ὅτι
720 1746 811 1800 τὸν
843 1745 1001 1815 λόγον
1026 1745 1122 1816 τῆς
1149 1745 1403 1808 πίστεως,
1431 1743 1489 1809 ὃς
1514 1745 1571 1797 ἐν
1592 1747 1703 1807 τοῖς

122 1839 545 1911 ὑποδεχομένοις
576 1837 905 1908 γενόμενος,
950 1837 1277 1908 παράδεισος
1323 1834 1573 1904 γίνεται,
1617 1835 1705 1888 διὰ

121 1934 223 2003 τῆς
250 1931 423 2001 ἀκοῆς
450 1930 571 1993 ταῖς
604 1929 851 2001 καρδίαις
871 1929 1326 1999 ὲμφυτευόμενος.
1353 1925 1427 1981 Τὸ
1454 1927 1509 1981 δὲ
1538 1927 1707 1981 κατά-

124 2039 290 2093 φυτον
323 2022 419 2075 καί
443 2022 745 2092 συνηρεφὲς
764 2020 875 2083 τοῖς
898 2018 1135 2089 δένδροις
1162 2017 1344 2081 ἄλσος,
1376 2017 1704 2088 παράδεισον

122 2113 285 2168 εἴωθε
323 2112 512 2166 καλεῖν
544 2112 579 2182 ἡ
624 2110 899 2181 συνήθεια.
945 2109 1033 2172 Ὠς
1076 2109 1142 2162 ἂν
1188 2105 1281 2163 οὖν
1319 2108 1413 2162 καί¹
1457 2109 1518 2162 τὸ
1550 2108 1706 2177 γένος

127 2204 395 2276 μάθοιμεν
425 2201 533 2257 τῶν
575 2200 777 2270 φυτῶν,
813 2201 950 2271 ὅπερ
992 2199 1079 2253 διὰ
1112 2200 1206 2253 τοῦ
1236 2199 1413 2268 Λόγου
1446 2201 1567 2261 ταῖς
1604 2199 1705 2268 ψυ-

121 2299 249 2368 χαῖς
283 2295 394 2348 τῶν
432 2293 871 2346 πεπιστευκότων
910 2291 1213 2363 κηπεύεται
1236 2329 1252 2355 ,
1284 2290 1413 2363 ῥόας
1449 2290 1704 2362 ὀνομάζει

122 2390 195 2444 τὰ
222 2388 416 2460 δένδρα
457 2387 524 2451 ἃς
553 2388 857 2458 φυτηκομεῖ
895 2387 924 2438 ό
969 2386 1167 2454 Λόγος,
1201 2387 1229 2439 6
1267 2386 1418 2457 παρὰ
1455 2384 1548 2438 τοῦ
1588 2385 1705 2438 στό-

128 2499 297 2553 ματος
330 2481 432 2550 τῆς
462 2479 679 2550 νύμφης
718 2475 1196 2547 ἀποστελλόμενος.
1248 2477 1313 2529 Ἠ
1346 2476 1402 2530 δὲ
1442 2477 1541 2548 ῥόα
1577 2476 1703 2529 δυσ-

124 2572 473 2643 επιχείρητός
513 2571 628 2623 ἐστι
659 2567 738 2640 τῷ
781 2568 986 2640 κλέπτῃ
1038 2565 1368 2631 ἀκανθώδεις
1410 2566 1705 2639 προϐαλλο-

129 2664 269 2736 μένη
312 2664 441 2726 τοὺς
468 2662 717 2734 ὄρπηκας
746 2699 760 2723 9
797 2660 1011 2714 καὶτὸν
1053 2658 1265 2732 καρπὸν
1306 2658 1563 2730 αὐστηρῷ
1599 2676 1702 2713 τινι

126 2755 221 2809 καὶ
236 2752 577 2826 πικραίνοντι
606 2751 748 2806 κατά
768 2750 867 2822 τὴν
897 2750 1086 2820 γεῦσιν
1106 2749 1185 2821 τῷ
1207 2749 1527 2821 καλύμματι
1550 2768 1705 2820 περι-

128 2846 329 2918 έχουσά
358 2862 418 2898 τε
472 2843 568 2898 καὶ
595 2842 991 2914 ὑποτρέφουσα·
1035 2841 1094 2905 ὃς
1134 2840 1276 2896 κατὰ
1308 2840 1399 2894 τὸν
1429 2841 1555 2895 ἴδιον
1584 2858 1706 2895 και-

126 2939 221 3007 ρὸν
262 2934 402 3008 μετά
432 2934 494 2988 τὸ
519 2933 878 3004 πεπανθῆναι,
912 2932 1006 2985 τοῦ
1031 2932 1252 3004 ὲλύτρου
1280 2919 1705 3004 περιρραγέντος

128 3027 337 3082 ἔνδοθεν
369 3024 731 3090 διαφαίνεται,
760 3023 893 3094 ὴδῦς
931 3022 1028 3093 μὲν
1074 3021 1172 3092 τὴν
1204 3020 1324 3089 δψιν
1348 3020 1442 3074 καὶ
1466 3018 1706 3074 εὐδιάθε-

128 3138 237 3185 τος,
276 3116 548 3189 μελιειδὴς
580 3117 634 3170 δὲ
662 3115 760 3187 τὴν
787 3118 975 3183 γεῦσιν
1020 3113 1112 3167 καὶ
1154 3112 1378 3180 ἄλυπος,
1415 3113 1507 3166 καὶ
1545 3129 1708 3166 καταο

128 3210 441 3280 γλυκαίνων
473 3208 552 3279 τῷ
584 3207 827 3261 οἱνοειδεί
856 3203 1015 3276 χυμῷ
1058 3204 1126 3257 τὰ
1153 3202 1420 3272 γευστικά
1444 3202 1709 3273 αἰσθητή-

135 3321 245 3376 ρια.
288 3302 389 3356 Διά
430 3299 590 3354 τοῦτό
633 3317 721 3370 μοι
753 3298 903 3351 δοκεῖ
949 3295 1088 3367 ῥοῶν
1134 3293 1459 3365 παράδεισος
1505 3294 1564 3346 ἐν
1589 3295 1711 3356 ταῖς

129 3396 239 3448 τῶν
266 3393 575 3449 ἀκουόντων
607 3391 805 3461 ψυχαῖς
833 3389 861 3443 6
887 3386 1348 3456 ἀποστελλόμενος
1374 3385 1439 3438 ὲκ
1463 3382 1556 3437 τοῦ
1590 3381 1711 3436 στό-

133 3502 303 3556 ματος
320 3484 423 3552 τῆς
448 3482 667 3552 νύμφης
696 3481 851 3550 λόγος
887 3476 1239 3551 ἐργάζεσθαι.
1264 3477 1348 3529 ἵνα
1376 3474 1710 3545 διδαχθῶμεν

130 3576 220 3630 διὰ
232 3575 342 3628 τῶν
361 3572 691 3643 λεγομένων,
730 3572 804 3642 μὴ
829 3571 916 3625 διά
933 3588 1078 3634 τινος
1105 3569 1375 3632 ὲκλύσεως
1392 3568 1486 3622 καὶ
1499 3566 1711 3639 τρυφῆς

130 3665 280 3720 κατά
320 3665 422 3735 τὴν
453 3661 735 3732 παροῦσαν
778 3660 923 3731 ζωὴν
970 3657 1401 3730 μαλακίζεσθαι,
1436 3656 1575 3711 ἀλλά
1619 3655 1710 3709 τὸν

131 3751 545 3823 κατεσκληκότα
597 3750 685 3803 διὰ
733 3750 830 3819 τῆς
874 3748 1202 3819 ἐγκρατείας
1243 3745 1525 3819 αἱρεῖσθαι
1573 3743 1704 3816 βίον.

133 3844 294 3898 υῢτω
319 3843 430 3914 γὰρ
450 3841 742 3913 ἀπρόσιτος
762 3838 969 3907 γένοιτο
988 3840 1102 3901 τοῖς
1131 3836 1388 3901 κλέπταις
1408 3837 1436 3889 6
1459 3835 1558 3907 τῆς
1583 3835 1712 3907 ἀρε-

130 3936 231 4005 τῆς
259 3933 492 4003 καρπὸς,
526 3934 592 4002 τῇ
624 3931 799 4001 στυφῇ
833 3928 927 3982 καὶ
973 3931 1038 3999 τῇ
1079 3929 1178 4000 τῆς
1207 3926 1533 3997 ἐγκρατείας
1556 3943 1714 3997 περι-

130 4029 263 4099 ϐολῇ
291 4025 697 4096 πεφραγμένος,
725 4023 821 4075 καὶ
851 4021 939 4074 διά
966 4022 1066 4089 τῆς
1093 4020 1298 4091 σεμνῆς
1329 4037 1389 4073 τε
1423 4020 1517 4073 καὶ
1547 4019 1710 4094 ἀμει-

130 4117 255 4180 δοῦς
286 4114 690 4175 καταστάσεως,
717 4105 826 4165 οἷόν
847 4127 986 4164 τισιν
1010 4107 1260 4162 ἀκανθῶν
1288 4108 1514 4178 ἀκμαῖς.
1539 4105 1714 4177 ἀμύσ-

134 4224 244 4262 σων
294 4206 423 4269 τοὺς
468 4205 559 4256 ἐπὶ
604 4201 758 4273 κακῷ
807 4198 1282 4270 προσεγγίζοντας.
1335 4197 1475 4251 Ἀλλ’
1515 4199 1641 4252 ὅταν
1685 4201 1713 4251 6

1804 378 2074 433 calamum
2100 388 2152 434 et
2177 380 2604 443 cinnamomum,
2635 388 2687 433 et
2709 393 2924 433 omnem
2946 377 3109 431 aliam
3140 376 3374 447 speciem

1805 468 2014 537 Libani,
2044 478 2099 525 et
2131 471 2430 543 myrrham,
2477 476 2532 525 et
2566 469 2744 533 aloen,
2788 478 2843 523 et
2871 469 3047 538 prima
3078 475 3373 537 unguenta.

1802 560 2098 634 Postquam
2131 578 2263 634 ergo
2295 564 2683 619 convenienter
2712 562 2763 617 ci
2807 576 2928 631 quae
2956 567 3039 615 cst
3069 560 3123 613 in
3159 559 3379 615 Psalmo

1805 657 2145 722 beatitudini,
2170 661 2286 728 ipsa
2300 656 2393 712 Dei
2419 657 2556 712 freta
2580 657 2807 724 auxilio,
2837 655 3109 725 disposuit
3134 654 3189 708 in
3213 652 3381 708 corde

1805 750 1904 805 has
1940 750 2200 820 pulchras
2244 751 2616 813 ascensiones,
2650 763 2865 818 semper
2895 763 2924 802 a
2954 746 3154 801 virtute
3191 744 3380 798 ambu-

1805 843 1924 898 lans
1961 843 2016 897 in
2044 843 2323 907 virtutem,
2352 842 2583 912 pulchre
2607 841 2662 896 in
2694 848 2838 896 statu
2867 838 3180 910 perfectiori
3212 835 3381 890 malo-

1807 948 1924 987 rum
1978 932 2302 1003 punicorum
2350 932 2641 1002 paradisus
2683 930 3038 985 nominantur
3087 928 3202 983 oris
3260 926 3379 996 ejus

1803 1025 2144 1081 emissiones.
2205 1023 2469 1094 Apposite
2530 1031 2714 1077 autem
2776 1021 3037 1088 subjectm
3095 1016 3380 1073 sententiae

1805 1117 2056 1185 adaptata
2108 1113 2210 1168 fuit
2269 1113 2432 1168 dictio
2471 1110 2803 1166 emissionis.
2849 1107 2983 1162 Nam
3031 1106 3176 1177 quod
3220 1104 3376 1158 emit-

1806 1207 1960 1271 titur,
1979 1206 2046 1259 ab
2098 1219 2164 1260 eo
2222 1203 2315 1275 qui
2339 1188 2544 1266 'mittit,
2586 1202 2782 1257 transit
2821 1200 2887 1255 ad
2942 1215 3066 1255 eum
3106 1198 3199 1266 qui
3251 1189 3399 1253 sus-'

1805 1298 1955 1366 cipit.
2012 1295 2178 1367 quue
2238 1297 2365 1352 licet
2419 1294 2634 1349 discere
2673 1308 2740 1348 ex
2794 1300 3065 1348 consuete
3123 1305 3226 1347 usu
3267 1304 3385 1343 vcr-

1804 1389 1894 1455 bi,
1925 1386 2101 1459 quod,
2143 1396 2204 1443 ut
2227 1386 2362 1442 dicit
2402 1385 2755 1456 Evangelium
2778 1423 2792 1448 ,
2825 1398 2921 1439 eos
2961 1383 3054 1453 qui
3089 1381 3383 1436 mittuntur

1805 1481 1869 1536 ad
1897 1479 2298 1551 praedicandam
2321 1478 2639 1545 veritatem,
2659 1475 2901 1532 Verbum
2926 1473 3228 1530 nominavit
3253 1487 3383 1542 apo-

1807 1570 1978 1626 stolos
2000 1610 2013 1633 ,
2043 1569 2099 1624 id
2136 1576 2221 1624 est
2267 1552 2487 1624 missos.
2520 1566 2661 1633 Quid
2690 1574 2776 1622 est
2808 1565 2977 1637 igitur
3005 1562 3153 1634 quod
3180 1562 3383 1619 emittit

1806 1677 1869 1718 os
1898 1660 2157 1733 sponsae?
2187 1661 2411 1716 verbum
2446 1660 2660 1716 scilicet
2691 1657 2813 1713 ﬁdei
2842 1676 2857 1724 ;
2887 1656 3034 1727 quod
3061 1671 3187 1710 cum
3212 1663 3296 1710 est
3324 1653 3379 1709 in

1806 1755 1876 1811 iis
1906 1754 1998 1824 qui
2032 1754 2376 1824 suscipiunt,
2408 1753 2466 1806 lit
2494 1752 2787 1824 paradisus
2826 1749 2919 1821 qui
2961 1749 3241 1820 plantatur
3285 1760 3383 1817 per

1806 1844 2140 1900 auditionem
2164 1844 2217 1898 in
2246 1843 2529 1899 cordibus.
2562 1841 2767 1898 Nemus
2793 1851 2973 1896 autem
3000 1841 3302 1911 plantatum
3328 1844 3382 1893 et

1807 1934 2066 2004 frequens
2118 1933 2442 1996 arboribus,
2488 1931 2804 2002 paradisum
2850 1930 2989 1985 solet
3017 1943 3216 1984 vocare
3243 1942 3380 1982 con-

1807 2025 2061 2080 suctudo.
2100 2022 2170 2077 Ut
2205 2038 2336 2093 ergo
2365 2023 2647 2078 discamus
2677 2023 2842 2078 etiam
2882 2036 3057 2093 genus
3086 2019 3378 2085 arborum,

1806 2130 1929 2185 quae
1960 2128 2054 2184 per
2081 2110 2321 2167 Verbum
2351 2112 2612 2166 coluntur
2642 2111 2696 2165 in
2726 2111 2908 2165 hortis
2944 2109 3252 2164 animarum
3291 2123 3385 2164 eo-

1807 2222 1927 2262 rum
1959 2204 2051 2275 qui
2087 2204 2440 2258 crediderunt
2463 2242 2479 2268 ,
2515 2203 2691 2258 malos
2734 2203 2962 2274 punicas
3006 2201 3257 2256 nominat
3289 2214 3384 2254 ar-

1758 2337 1764 2344 .
1808 2298 1967 2352 bores
1987 2336 2000 2359 ,
2034 2309 2173 2365 quas
2200 2292 2440 2349 Verbum
2471 2295 2682 2366 plantat
2714 2304 2768 2349 ut
2798 2293 2964 2359 colit,
2997 2292 3144 2363 quod
3176 2292 3384 2347 emitti-

1802 2377 1897 2444 tur
1923 2404 1992 2443 ex
2020 2403 2115 2442 ore
2146 2402 2380 2458 sponse.
2414 2384 2616 2441 Malum
2648 2395 2831 2441 autem
2868 2385 3123 2457 punicam
3151 2383 3384 2441 (11ωοὶιί-

1806 2490 1890 2535 ter
1918 2478 2006 2534 l‘ur
2029 2477 2363 2550 aggreditur,
2393 2485 2453 2532 ut
2476 2494 2598 2549 quae
2623 2478 2878 2549 spinosos
2904 2476 3149 2546 proferat
3175 2491 3382 2540 ramos.

1806 2580 1864 2628 et
1895 2572 2131 2644 quodam
2165 2573 2219 2628 in
2253 2580 2416 2644 gustu
2445 2578 2671 2627 austero
2700 2580 2755 2625 et
2785 2571 3148 2627 amaresccnti
3182 2585 3386 2641 propu-

1808 2665 2040 2737 gnaculo
2071 2664 2307 2719 fructum
2339 2662 2621 2719 contineat
2644 2671 2693 2717 et
2728 2662 2934 2717 nutriat
2960 2681 2972 2717 :
3000 2663 3092 2733 qui
3121 2676 3222 2718 suo
3251 2671 3388 2717 tem-

1806 2771 1959 2827 pore,
2012 2765 2300 2827 postquam
2355 2752 2705 2821 maturuerit,
2754 2749 2928 2808 tracto
2978 2755 3183 2808 cortice
3239 2754 3386 2807 intus

1807 2854 2054 2919 apparet,
2095 2846 2219 2903 visu
2270 2846 2490 2917 quidem
2532 2844 2813 2915 jucundus
2853 2852 2908 2901 et
2952 2844 3090 2900 bene
3138 2843 3385 2913 allectus,

1808 2939 1991 3012 gustui
2026 2949 2204 2995 autem
2251 2939 2491 2994 mellitus
2540 2944 2594 2992 et
2637 2937 2774 2991 nihil
2814 2936 3048 2992 aii‘erens
3100 2936 3385 2999 molestiae,

1814 3034 1908 3104 qui
1945 3047 2141 3103 sapore
2171 3031 2406 3102 quodam
2442 3031 2554 3085 vini
2589 3028 2756 3084 simili
2791 3039 2985 3099 gustus
3025 3029 3386 3083 instrumenta

1811 3122 1973 3180 allicit
2006 3121 2312 3177 dulcedine.
2346 3120 2641 3190 Propterea
2688 3119 2820 3174 mihi
2854 3119 3070 3174 videtur
3102 3117 3387 3188 paradisus

1813 3215 2080 3268 malorum
2109 3212 2433 3282 punicarum
2453 3250 2467 3275 ,
2494 3225 2690 3279 nempe
2716 3223 2897 3263 sermo
2922 3208 3014 3278 qui
3040 3209 3307 3264 emittitur
3332 3209 3387 3261 in

1812 3304 2028 3359 animas
2071 3301 2382 3359 auditorum
2415 3316 2481 3355 ex
2510 3314 2606 3355 ore
2634 3313 2878 3369 sponsae,
2909 3297 3153 3362 ellicere,
3185 3306 3244 3351 ut
3284 3296 3387 3351 do-

1812 3408 2034 3449 ceamur
2055 3407 2153 3463 per
2175 3407 2237 3447 ea
2261 3406 2383 3461 qum
2404 3389 2683 3451 dicuntur,
2715 3402 2823 3441 non
2852 3403 2948 3457 per
2973 3387 3385 3444 dissolutionem

1812 3485 2052 3554 aliquam
2100 3490 2155 3538 et
2184 3481 2414 3537 delicias
2471 3479 2527 3534 in
2579 3479 2688 3532 vita
2735 3478 2992 3548 praesenti
3037 3477 3276 3532 emolliri
3323 3492 3391 3531 ac

1810 3570 2061 3629 encrvari
2083 3610 2099 3633 ,
2126 3569 2221 3625 sed
2252 3583 2348 3636 per
2372 3567 2764 3621 continentiam
2789 3603 2805 3628 ,
2836 3565 3030 3620 duram
3057 3572 3111 3621 et
3140 3581 3388 3636 asperant

1809 3664 1974 3721 vitam
2003 3662 2223 3731 eligere.
2252 3658 2331 3712 lta
2360 3659 2503 3713 enim
2540 3657 2607 3711 ad
2639 3655 2877 3731 fructum
2912 3656 3135 3711 virtutis
3170 3656 3388 3713 furibus

1811 3772 1920 3811 non
1953 3724 2156 3825 patebit
2182 3751 2361 3806 aditus
2383 3791 2397 3815 ,
2419 3760 2477 3805 ut
2503 3749 2598 3820 qui
2629 3748 2699 3803 sit
2727 3724 2988 3819 obseptus
3014 3758 3235 3805 austero
3258 3766 3392 3804 con-
3499 3778 3509 3789 -

1811 3849 2056 3905 tinentia:
2098 3844 2304 3900 ambitu
2330 3885 2344 3907 ,
2388 3851 2443 3897 ct
2486 3856 2581 3912 per
2619 3855 2867 3896 severam
2913 3855 2977 3896 ac
3003 3840 3235 3911 rigidam
3267 3841 3392 3896 vitae

1813 3938 2297 3999 constitutionem,
2357 3933 2522 3989 veluti
2567 3948 2666 4004 per
2709 3931 2974 4004 quasdam
3021 3932 3244 4003 spinas,
3293 3948 3393 3990 eos

1813 4046 2095 4105 pungens,
2125 4028 2217 4099 qui
2252 4041 2311 4082 ut
2343 4027 2487 4081 malo
2517 4025 2784 4092 alliciant,
2829 4025 3097 4081 accedunt
3138 4026 3386 4099 propius.

1816 4126 1923 4182 Sed
1953 4123 2171 4195 quando
2198 4132 2413 4191 tempus
2443 4119 2740 4190 praebuerit
2771 4119 3239 4189 opportunitatem
3269 4120 3388 4174 fru-

1816 4218 1941 4273 endi
1974 4215 2278 4277 fructibus,
2312 4212 2489 4267 malus
2521 4211 2722 4283 punica
2751 4209 2811 4264 ﬁt
2836 4210 3080 4265 omnium
3111 4209 3390 4265 fructuum

131 4299 327 4370 καιρὸς
367 4296 625 4367 παράσχῃ
665 4294 764 4360 τῆς
810 4290 1165 4353 ἀπολαύσεως
1214 4289 1323 4343 τῶν
1375 4289 1605 4359 καρπῶν

1915 4306 2028 4361 iciae
2053 4321 2121 4361 ex
2153 4304 2353 4374 quovis
2381 4317 2582 4372 genere
2608 4301 2877 4356 malorum
2899 4341 2915 4364 ,
2946 4314 3057 4359 non
3086 4299 3233 4370 quod
3261 4315 3393 4370 pru-

134 4392 437 4461 ὲνδόσιμον,
472 4385 802 4457 παγκαρπία
828 4385 923 4453 τῆς
952 4383 1166 4454 τρυφῆς
1203 4384 1266 4435 ὲκ
1294 4381 1495 4446 παντὸς
1524 4381 1715 4449 γένους

132 4482 242 4534 τῶν
274 4477 596 4551 ἀκροδρύων
628 4477 725 4547 ῥόα
757 4476 986 4544 γίνεται,
1017 4478 1118 4528 οὐκ
1159 4475 1217 4527 ὲν
1248 4472 1537 4546 βραϐύλοις
1566 4474 1598 4544 ἢ
1629 4474 1716 4544 βα-

136 4572 348 4637 λάνοις,
382 4571 418 4641 ἦ
463 4587 574 4623 τισι
610 4571 724 4632 τοῖς
750 4567 1010 4630 τοιούτοις
1045 4567 1145 4638 τῆς
1180 4566 1289 4620 τῶν
1321 4566 1549 4637 καρπῶν
1578 4567 1714 4619 ἀπο-

134 4665 381 4727 λαύσεως
411 4660 723 4731 γινομένης·
758 4659 894 4713 ἀλλὰ
931 4658 1149 4728 ποικίλη
1171 4675 1255 4721 τις
1295 4658 1390 4711 καὶ
1434 4655 1718 4727 πολυειδὴς

139 4757 449 4829 ἀρωμάτων
472 4753 631 4823 φύσις
660 4754 724 4805 ὲκ
747 4751 856 4804 τῶν
884 4749 1197 4823 ἀκροδρύων
1236 4749 1573 4822 εὑρίσκεται.
1604 4747 1717 4800 Κύ-

142 4865 274 4921 προς
305 4845 419 4918 γάρ
451 4847 567 4899 ἐστι
603 4842 742 4914 μετά
779 4841 989 4914 νάρδων
1022 4843 1055 4912 ή
1084 4841 1224 4913 καλὴ
1250 4840 1500 4909 συζυγία,
1527 4837 1587 4891 τὸ
1618 4837 1718 4909 μὲν

139 4939 363 5012 θερμὸν,
403 4937 467 4991 τὸ
496 4936 552 4989 δὲ
583 4935 799 4998 εὐῶδες.
840 4934 915 4987 Οὐ
954 4934 1064 5004 γὰρ
1101 4934 1380 4988 ἐπαινετὸν
1407 4936 1492 5004 ἐφ’
1522 4934 1716 4990 ἑαυτοῦ

141 5031 199 5085 τδ
222 5029 450 5102 θερμδνς
474 5028 602 5082 ὅταν
623 5023 866 5095 δυσώδης
888 5024 1134 5096 πύρωσις
1156 5026 1189 5095 ἡ
1208 5024 1478 5099 θερμότης
1498 5024 1552 5101 ᾗ·
1583 5028 1719 5084 ἀλλὰ

143 5117 653 5192 συμμαρτυρεῖσθαι
696 5116 802 5188 χρὴ
839 5114 918 5186 τῷ
974 5114 1162 5186 θερμῷ
1193 5116 1279 5171 διά
1325 5117 1424 5188 τῆς
1463 5118 1720 5184 εὐπνοίας

143 5213 239 5283 τὴν
288 5209 669 5280 καθαρότητα,
717 5206 807 5260 ἵνα
833 5206 1058 5277 γένηται
1097 5204 1175 5277 τῷ
1198 5205 1475 5279 Πνεύματι
1503 5208 1659 5275 ζέων,
1689 5211 1718 5265 ὁ

141 5305 239 5374 τῆς
273 5300 476 5374 ἀηδοῦς
515 5299 849 5371 θερμότητος
887 5295 1319 5368 κεκαθαρμένος.
1383 5299 1470 5353 Ἐν
1513 5302 1722 5367 τούτοις

145 5393 288 5447 {any
313 5392 497 5463 εὑρεῖν
522 5391 635 5451 τοῖς
665 5385 1005 5459 ἀκροδρύοις,
1033 5387 1127 5440 καὶ
1162 5387 1227 5439 τὰ
1272 5386 1406 5443 ἀλλά
1434 5389 1719 5463 ἀρώματα,

142 5486 354 5561 νάρδον,
401 5486 571 5557 φησὶ,
619 5484 715 5538 καὶ⁵
762 5482 979 5554 κρόκον.
1047 5482 1206 5536 Ἀλλά
1251 5483 1350 5554 τῆς
1397 5485 1494 5555 μὲν
1529 5485 1721 5558 νάρδου

142 5581 241 5651 τῆν
268 5578 527 5634 εὔπνοιαν
558 5576 616 5628 ὲν
642 5576 752 5639 τοῖς
783 5573 896 5629 ἀνω
932 5573 1332 5647 μεμαθήκαμεν
1365 5573 1565 5644 λόγοις
1607 5575 1719 5633 λοι.

466 5671 741 5735 Pauor"
776 5667 893 5729 Gtt.
927 5666 1149 5731 XLIV.

1819 4401 1905 4456 nis
1937 4397 2289 4453 Damascenis
2309 4435 2325 4460 ,
2354 4401 2449 4449 aut
2478 4392 2768 4464 glandibus
2788 4430 2805 4456 ,
2839 4398 2937 4445 aut
2966 4390 3240 4461 aliquibus
3269 4392 3392 4448 aliis

1816 4489 2088 4561 ejusmodi
2130 4489 2202 4543 sit
2229 4485 2520 4542 fruendum
2540 4522 2556 4548 ,
2585 4481 2681 4538 sed
2708 4481 2858 4537 varia
2888 4489 2944 4537 et
2971 4480 3256 4553 multiplex
3288 4497 3391 4536 na-

1816 4589 1940 4637 tura
1988 4587 2297 4635 aromatum
2344 4577 2622 4637 invenitur
2672 4575 2729 4629 in
2772 4574 2934 4630 malis
2962 4592 2976 4629 :
3008 4583 3093 4631 est
3118 4575 3265 4630 enim
3297 4590 3392 4647 cy-

1817 4688 1950 4744 prus
1975 4687 2101 4727 cum
2132 4671 2318 4726 nardis
2346 4668 2637 4742 pulchrum
2666 4665 2978 4735 coniugium
3002 4707 3016 4729 ,
3048 4666 3141 4720 illa
3167 4666 3390 4737 quidem

1817 4762 2031 4827 calida,
2060 4762 2178 4817 haec
2205 4775 2333 4815 vero
2358 4757 2653 4814 odorifera.
2697 4753 2819 4810 Non
2839 4763 2924 4812 est
2950 4758 3095 4812 enim
3121 4756 3273 4811 calor
3295 4771 3396 4825 per

1818 4868 1879 4910 se
1906 4852 2199 4909 laudabilis
2218 4892 2233 4917 ,
2269 4851 2493 4924 quando
2520 4850 2671 4905 calor
2699 4858 2782 4904 est
2814 4846 2980 4903 fetida
3010 4844 3391 4908 inﬂammatio,

1820 4943 1916 5000 sed
1947 4951 2163 5014 oportet
2187 4944 2486 5014 puritatem
2519 4956 2618 5011 per
2644 4940 2846 4995 bonum
2879 4938 3105 4993 odorem
3143 4935 3287 4991 ferre
3313 4942 3395 4990 te-

1820 5034 2137 5092 stimonium
2167 5035 2236 5089 de
2262 5034 2478 5099 calore,
2502 5043 2567 5088 ut
2589 5032 2662 5088 sit
2690 5038 2882 5089 sancto
2912 5029 3117 5097 Spiritu
3150 5026 3392 5091 fervens,

1820 5126 1913 5197 qui
1940 5133 2025 5180 est
2052 5139 2081 5178 a
2116 5131 2257 5179 tetro
2286 5124 2469 5179 calore
2500 5130 2854 5192 expurgatus.
2892 5118 2953 5173 in
2987 5118 3075 5173 his
3108 5116 3271 5172 malis
3301 5118 3392 5172 in-

1821 5216 2008 5273 venire
2033 5215 2164 5270 licet
2208 5214 2376 5270 etiam
2412 5213 2517 5268 alia
2554 5221 2832 5275 aromata,
2877 5209 3141 5276 nardum,
3172 5208 3353 5281 inquit
3376 5247 3394 5274 ,

1821 5316 1875 5364 et
1904 5322 2149 5364 crocum.
2179 5305 2286 5363 Sed
2319 5305 2476 5361 nardi
2507 5305 2729 5376 quidem
2774 5318 2996 5359 suavem
3039 5301 3267 5357 odorem
3313 5301 3402 5358 di-

1823 5398 2057 5455 dicimus
2084 5399 2139 5453 in
2169 5398 2238 5454 iis
2264 5412 2388 5468 quae
2418 5411 2586 5467 supra
2622 5396 2769 5452 dicta
2810 5401 2939 5451 sunt
2966 5410 2981 5461 ;
3013 5402 3183 5451 restat
3214 5403 3397 5449 autem

1823 5501 1885 5545 ut
1931 5493 2076 5546 croci
2130 5489 2485 5547 ostendamus
2526 5489 2837 5561 a’nigmata.
2889 5487 3088 5545 Dicunt
3135 5500 3271 5557 ergo
3303 5483 3400 5555 qui

1825 5582 1990 5656 hujus
2028 5582 2177 5642 (loris
2216 5582 2474 5642 virtutem
2516 5582 2973 5646 considerarunt.
3021 5594 3147 5635 eum
3194 5576 3395 5633 habere

3001 5672 3070 5736 31
