3730 5980
396 205 493 265 9⁵11

1634 200 1691 256 S.
1732 199 2058 259 GREGORII
2096 197 2386 256 NYSSENI

3559 195 3673 249 9η

393 315 632 375 medium
681 315 821 371 inter
864 314 1103 370 calorem
1152 324 1204 369 et
1258 316 1463 386 lrigus,
1506 324 1560 373 et
1612 318 1667 373 in
1718 319 1959 386 utrisque

2143 335 2168 369 ν
2197 317 2240 370 δ’
2282 318 2347 368 ἂν
2386 315 2474 387 εἴη
2498 314 2589 369 τοῦ
2616 315 2811 387 κρόκου
2843 315 2902 367 τὸ
2936 314 3164 384 αἴνιγμα
3198 312 3561 385 παραστῆσαι
3590 312 3671 380 τῷ

392 411 579 482 fugere
621 408 1172 473 immoderationem,
1220 415 1274 464 et
1320 408 1521 465 habere
1568 409 1678 465 vim
1729 409 1967 466 leniendi

390 501 607 557 dolores
658 516 671 554 :
721 498 857 553 adeo
908 505 967 554 ut
1012 514 1110 570 per
1159 500 1261 554 hoc
1315 499 1454 555 forte
1507 499 1868 572 (Scriptura)
1911 500 1967 556 in

395 592 687 675 mnigmate
716 588 1132 660 philosophetur
1161 589 1229 646 de
1262 591 1485 647 virtute.

461 876 759 948 Propterea
789 875 934 947 quod
966 878 1139 933 virtus
1165 884 1250 933 est
1275 877 1454 933 media
1483 875 1624 932 inter
1653 877 1761 933 duo
1794 879 1923 932 vitia
1946 917 1961 942 ,

394 982 587 1038 nempe
615 969 759 1023 inter
802 966 1071 1022 defectum
1113 967 1327 1023 honesti
1370 976 1425 1023 et
1464 969 1961 1038 exsuperationem.

392 1055 546 1118 Sicut
566 1056 757 1112 dicunt
784 1057 961 1129 magni
987 1057 1155 1112 animi
1176 1058 1432 1113 virtutem
1461 1068 1515 1113 et
1542 1058 1923 1115 liberalitatem
1947 1099 1961 1124 ,

342 1198 347 1203 .
392 1148 537 1202 illam
576 1148 797 1218 quidem
844 1148 1184 1204 considerari
1227 1149 1279 1203 in
1324 1148 1505 1204 medio
1551 1149 1865 1207 timiditatis
1911 1158 1964 1207 et

391 1238 674 1294 audaciai:
705 1238 848 1292 hanc
883 1253 1012 1293 vero
1038 1240 1092 1293 in
1128 1238 1308 1295 medio
1338 1242 1580 1296 avaritiae
1608 1250 1662 1297 et
1688 1241 1964 1312 profusio-

390 1329 513 1395 nis;
542 1336 595 1383 et
623 1328 963 1385 timiditatem
989 1330 1207 1400 quidem
1237 1339 1291 1385 et
1321 1332 1606 1387 avaritiam
1630 1332 1820 1388 dicunt
1842 1350 1964 1391 esse

392 1422 447 1475 in
478 1420 609 1476 vitio
634 1430 858 1491 pr0pter
886 1420 1158 1477 defectum
1193 1423 1313 1494 ejus
1341 1424 1486 1494 quod
1529 1425 1685 1480 decet
1712 1445 1725 1481 :
1770 1427 1963 1497 profu-

298 1524 301 1527 '
390 1511 600 1566 sionem
643 1519 821 1565 autem
861 1521 912 1566 et
955 1510 1240 1566 audaciam
1282 1513 1339 1567 iu
1381 1529 1613 1570 excessu
1649 1524 1703 1572 et
1730 1510 1963 1588 supera-

391 1600 711 1659 bundantia.
739 1601 973 1658 Medium
1004 1612 1187 1659 autem
1231 1603 1628 1661 moderationis
1673 1608 1793 1678 ejus
1837 1625 1963 1679 quae

2075 406 2236 477 λόγῳ.
2269 408 2404 460 Φασὶ
2435 406 2531 477 μὲν
2561 401 2651 459 οὖν
2696 408 2742 458 οἱ
2782 405 2879 475 τὴν
2916 405 3145 475 δύναμιν
3182 405 3277 457 τοῦ
3306 402 3512 468 ἄνθους
3541 402 3674 455 τού-

2074 518 2166 556 του
2196 502 2645 572 κατανοήσαντες,
2682 498 2859 570 μέσως
2890 498 3033 569 ἔχειν
3057 496 3272 565 ψύξεώς
3295 515 3358 550 τε
3396 496 3499 550 καὶ
3539 495 3674 565 θερ-

2078 591 2325 662 μότητος,
2357 590 2450 644 καὶ
2482 591 2541 643 τὸ
2574 589 2796 660 φεύγειν
2823 589 2920 660 τὴν
2961 589 3046 657 ἐφ’
3076 588 3333 659 ἑκάτερον
3365 585 3671 657 ἀμετρὲαν⁸

2073 681 2149 745 ὡς
2184 681 2270 734 διὰ
2299 681 2488 734 τούτου
2516 682 2655 752 τάχα
2689 682 2788 735 τὶν
2813 681 2942 753 περὶ
2967 682 3066 752 τῆς
3096 681 3297 753 ἀρετῆς
3320 683 3462 751 ἡμῖν
3503 676 3672 747 λόγον

2074 770 2381 839 φιλοσοφεῖν
2409 770 2486 842 τῷ
2511 772 2812 841 αἰνίγματι.

2142 861 2286 914 Διότι
2317 862 2466 914 πᾶσα
2503 861 2671 930 ἁρετὴ
2704 859 2889 915 κακῶν
2916 862 3033 914 ἐστι
3062 861 3224 931 μέση,
3264 861 3369 930 τῆς
3395 879 3460 915 τε
3493 862 3671 915 ὲλλεί-

2070 953 2217 1023 ψεως
2248 952 2343 1007 τοῦ
2374 953 2564 1015 καλοῦ,
2592 954 2686 1006 καὶ
2709 954 2805 1025 τῆς
2830 953 3257 1025 ύπερπτὼσεως.
3286 949 3416 1007 Οἷον
3444 954 3547 1025 τὴν
3578 956 3671 1007 ἀν-

2070 1044 2251 1115 δρείαν
2284 1044 2378 1098 καὶ
2405 1044 2502 1115 τὴν
2546 1043 2854 1115 ἐλευθερίαν
2892 1044 3046 1113 φασὶ,
3092 1043 3190 1113 τὴν
3239 1043 3340 1113 μὲν
3372 1042 3582 1106 δειλίας
3611 1060 3669 1094 τε

2072 1137 2165 1190 καὶ
2210 1135 2563 1208 θρασύτητος,
2592 1137 2687 1207 τὴν
2730 1137 2786 1189 δὲ
2818 1135 3171 1206 μικρολογίας
3204 1151 3265 1187 τε
3292 1134 3392 1189 καὶ
3422 1134 3672 1195 ἀσωτίας

2072 1231 2129 1282 ἐν
2160 1228 2309 1298 μέσῳ
2347 1226 2700 1299 θεωρεῖσθαι·
2728 1227 2821 1282 καὶ
2853 1228 2951 1298 τὴν
2984 1226 3082 1297 μὲν
3122 1224 3323 1280 δειλίαν
3358 1242 3419 1278 τε
3450 1227 3548 1277 καὶ
3576 1244 3672 1295 μι-

2071 1319 2376 1392 κρολογίαν,
2425 1318 2546 1373 κατ’
2584 1318 2817 1388 ἔλλειψιν
2856 1318 2950 1371 τοῦ
2995 1317 3331 1388 καθήκοντος
3354 1357 3370 1380 ,
3402 1318 3466 1370 ὲν
3494 1318 3671 1387 κακίᾳ

2069 1412 2286 1479 λέγουσι
2315 1411 2579 1481 γίνεσθαι·
2611 1413 2709 1481 τὴν
2730 1410 2785 1464 δὲ
2808 1411 3043 1465 ἀσωτίαν
3068 1411 3159 1463 καὶ
3186 1410 3284 1480 τὴν
3308 1408 3666 1479 θρασύτητα,

2070 1504 2211 1559 κατὰ
2238 1503 2572 1575 πλεονασμὸν
2599 1503 2692 1557 καὶ
2730 1502 3101 1574 ύπέρπτωσινο
3147 1501 3248 1571 τῆς
3272 1501 3330 1554 δὲ
3383 1500 3512 1554 καθ’
3540 1500 3669 1553 Exi-

2068 1614 2224 1669 τερον
2268 1597 2531 1668 ἀμετρίας
2570 1595 2630 1649 τὸ
2659 1594 2843 1666 μέσον,
2872 1592 3072 1663 ἀρετὴν
3099 1592 3483 1662 ὁνομάζουσιψ
3530 1592 3667 1644 οὒκ-

389 1702 474 1748 cst
502 1695 559 1747 in
590 1700 859 1763 utroque,
891 1694 1182 1749 nominant
1214 1695 1497 1752 virtutem.
1542 1694 1715 1753 Habet
1751 1715 1881 1770 ergo
1912 1700 1959 1754 id

2143 1705 2164 1741 ν
2201 1686 2313 1757 ἔχοι
2346 1685 2413 1740 ἄν
2457 1703 2510 1739 τι
2551 1685 2682 1757 περὶ
2719 1685 2817 1756 τὴν
2857 1682 3057 1755 ἀρετὴν
3094 1684 3122 1736 ὁ
3152 1683 3280 1753 περὶ
3327 1681 3427 1734 τοῦ
3459 1682 3666 1752 κρόκου

388 1784 534 1855 quod
572 1783 641 1840 de
683 1794 847 1840 croco
887 1784 1108 1849 dicitur,
1154 1785 1300 1858 quod
1341 1786 1407 1841 ad
1452 1789 1706 1844 virtutem
1739 1790 1965 1857 attinet,

388 1874 593 1945 aliquid
621 1889 968 1947 consequens
997 1875 1362 1933 mediocritati
1393 1876 1700 1945 facultatis,
1733 1889 1793 1935 ut
1821 1882 1964 1953 quod

389 1968 785 2038 interpretatur
815 1967 953 2021 nihil
983 1968 1176 2022 virtuti
1211 1969 1446 2024 deiicere
1489 1979 1541 2025 et
1579 1971 1815 2027 ellluerc.
1857 1972 1968 2043 Ego

388 2066 569 2114 autem
598 2058 723 2114 dico
746 2098 760 2123 ,
787 2059 1004 2116 etiamsi
1033 2060 1230 2115 rudius
1260 2068 1314 2115 et
1344 2063 1617 2131 agrestius
1645 2064 1889 2119 videatur
1914 2066 1967 2120 id

387 2149 534 2219 quod
566 2148 790 2214 dicitur,
818 2150 967 2205 croci
1000 2151 1231 2221 aenigma
1260 2149 1403 2206 forte
1432 2153 1605 2223 magis
1632 2157 1854 2225 proprie
1880 2171 1969 2211 as-

390 2241 533 2296 sumi
565 2239 631 2295 ad
666 2241 934 2295 rationem
977 2238 1124 2295 ﬁdei.
1172 2239 1310 2294 Nam
1340 2238 1441 2296 llos
1471 2242 1690 2312 quidem
1720 2253 1969 2301 versatur

387 2333 446 2386 in
473 2331 673 2401 triplici
706 2330 1019 2386 involucro.
1050 2330 1233 2400 Ipsum
1275 2340 1456 2386 autem
1503 2331 1849 2390 involucrum
1883 2349 1968 2395 est

386 2421 488 2478 llos
519 2424 573 2477 in
605 2423 791 2478 colore
816 2437 995 2480 aereo.
1026 2422 1303 2477 lnvolucri
1333 2432 1511 2478 autem
1540 2433 1706 2480 exuto
1732 2429 1963 2498 amictu,

387 2523 501 2571 tres
547 2515 771 2569 omnino
815 2514 1170 2570 inveniuntur
1218 2511 1381 2569 nores
1429 2514 1569 2572 bene
1615 2520 1857 2586 olentes,
1913 2532 1967 2577 et

389 2604 550 2658 utiles
591 2602 658 2657 ad
691 2602 1035 2667 curationes,
1069 2601 1246 2671 operti
1287 2601 1626 2671 involucris,
1674 2608 1766 2677 qui
1815 2609 1967 2664 simi~

388 2695 510 2750 liter
543 2702 599 2750 et
642 2693 833 2750 eodem
878 2692 1041 2748 modo
1081 2693 1222 2748 inter
1250 2707 1372 2749 sese
1398 2694 1629 2763 habent,
1666 2699 1969 2768 pulchritu-

386 2785 519 2840 dine
547 2794 601 2840 et
633 2784 1011 2856 magnitudine
1045 2791 1099 2839 et
1133 2784 1280 2840 bono
1325 2783 1493 2844 odore
1535 2796 1589 2843 et
1633 2792 1976 2861 proprietate

387 2877 641 2940 virtutis,
672 2885 730 2932 et
757 2886 869 2934 tres
904 2892 999 2948 per
1028 2881 1213 2935 omnia
1260 2897 1405 2938 unus
1447 2882 1835 2946 ostenduntur,
1871 2897 1966 2936 co-

389 2970 523 3025 loris
553 2970 796 3023 bonitate
817 3010 834 3035 ,
868 2969 1056 3025 odoris
1091 2974 1368 3028 suavitate
1395 3012 1411 3039 ,
1455 2982 1509 3027 et
1551 2974 1814 3043 qualitate
1852 2974 1965 3027 vir-

2073 1775 2245 1845 λόγος,
2281 1775 2570 1830 ἀκόλουθον
2593 1778 2659 1846 τῇ
2684 1774 2783 1844 τῆς
2806 1773 3088 1844 δυνάμεως
3116 1772 3399 1843 μεσότητι,
3433 1773 3497 1826 τδ
3517 1773 3667 1826 ἀνελ-

2072 1866 2254 1930 λειπές
2285 1884 2343 1920 τε
2381 1868 2477 1921 καὶ
2517 1867 2804 1939 ἀπέριττον
2832 1866 2932 1936 τῆς
2964 1865 3216 1937 ἐναρέτου
3266 1866 3668 1927 καταστάσεως

2074 1959 2392 2032 ἑρμηνεῦον.
2443 1959 2584 2029 Ἐγὼ
2627 1959 2685 2013 δέ
2717 1976 2892 2029 φημι,
2928 1959 3028 2012 κᾶν
3064 1958 3485 2029 ἰδιωτικώτερον
3608 1958 3669 2011 τὺ

2072 2052 2383 2123 λεγόμενον,
2406 2053 2546 2124 τάχα
2596 2052 2793 2123 μᾶλλον
2823 2051 2958 2124 πρὸς
2991 2052 3083 2104 τὸν
3112 2052 3210 2123 τῆς
3236 2050 3483 2115 πίστεως
3504 2051 3669 2119 λόγον

2072 2144 2396 2216 οἰκειότερον
2447 2143 2508 2196 τὸ
2554 2144 2781 2214 αἴνιγμα
2832 2144 2925 2197 τοῦ
2972 2142 3172 2215 κρόκου
3226 2140 3667 2213 παραλαμϐάνε-

2075 2234 2217 2289 σθαι.
2247 2234 2468 2308 Τριπλῷ
2498 2236 2593 2308 μὲν
2632 2236 2740 2307 γάρ
2770 2236 3139 2306 ὑποτρέφεται
3167 2235 3225 2287 τὸ
3251 2233 3416 2297 ἄνθος
3444 2234 3526 2305 τῷ
3564 2235 3664 2288 κά-

2072 2326 2214 2380 λυκι³
2244 2328 2335 2380 καὶ
2365 2327 2527 2390 αὐτὸς
2553 2326 2609 2379 δὲ
2645 2326 2674 2378 ὁ
2708 2325 2875 2392 κάλυξ
2905 2327 2963 2378 ὲν
2997 2325 3263 2396 ἀεροειδεῖ
3286 2328 3354 2394 τῇ
3381 2327 3550 2397 χροίᾳ
3578 2326 3665 2379 ἀν-

2074 2418 2164 2481 θος
2192 2417 2358 2473 ὲστίν.
2420 2416 2764 2487 Ἐκλυθείσης
2790 2416 2846 2470 δὲ
2878 2418 2978 2488 τῆς
3002 2418 3111 2470 τῶν
3138 2417 3390 2472 καλύκων
3440 2419 3663 2492 περιϐο-

2072 2510 2189 2581 λῆς,
2217 2511 2343 2582 τρία
2373 2510 2684 2581 εὑρίσκεται
2710 2511 2925 2573 πάντως
2948 2508 3017 2563 τὰ
3040 2509 3371 2564 εὐπνοοῦντα
3394 2511 3496 2564 καὶ
3527 2529 3667 2583 χρη·

2076 2601 2365 2673 σιμεύοντα
2400 2601 2535 2673 πρὸς
2559 2600 2657 2665 τὰς
2688 2601 2857 2665 ίάσεις
2898 2601 3057 2673 ἄνθη,
3098 2601 3166 2656 τά
3187 2602 3664 2675 ύποκεκρυμμένα

2072 2696 2184 2758 τοῖς
2212 2691 2421 2759 κάλυξι,
2459 2693 2677 2764 μεγέθει
2718 2694 2812 2746 καὶ
2837 2692 3023 2747 κάλλει
3060 2693 3153 2746 καὶ
3191 2694 3422 2765 εὐπνοίᾳ
3464 2695 3567 2748 καὶ
3601 2696 3661 2764 τῇ

2072 2783 2173 2853 τῆς
2199 2783 2477 2854 δυνάμεως
2512 2784 2730 2854 ἰδιότητι
2756 2783 3017 2846 ὡσαύτως
3042 2783 3178 2854 πρὸς
3206 2783 3418 2852 ἄλληλα
3443 2784 3662 2855 ἔχοντα,

2076 2876 2168 2928 καὶ
2200 2874 2256 2927 ἓν
2284 2878 2350 2928 τὰ
2377 2874 2504 2945 τρία
2537 2874 2626 2927 διὰ
2665 2875 2884 2929 πάντων
2916 2874 3263 2945 δεικνύμενα,
3292 2875 3527 2947 εὐχροία
3570 2893 3661 2938 τε,

2075 2962 2253 3026 καθὼς
2282 2963 2517 3033 εἴρηται,
2552 2963 2644 3016 καὶ
2670 2962 2914 3033 εὐπνοίᾳ,
2954 2964 3048 3015 καὶ
3080 2960 3158 3032 τῷ
3190 2961 3328 3032 ποιῷ
3358 2962 3463 3033 τῆς
3496 2962 3662 3017 δυνά-

390 3059 545 3113 tutis.
580 3056 792 3124 Quibus
819 3033 1002 3128 agnati
1029 3067 1160 3115 sunt
1187 3062 1352 3115 etiam
1386 3033 1499 3143 tres
1534 3033 1661 3125 alii,
1693 3063 1811 3117 visu
1842 3064 1959 3133 qui-

2143 3071 2236 3117 ως.
2269 3048 2363 3118 Οἷς
2404 3055 2911 3126 συμπαραπέφυκεν
2946 3052 3111 3124 ἔτερα
3147 3054 3297 3125 τρία,
3341 3055 3518 3121 ξανθὰ
3565 3056 3662 3126 μὲν

391 3151 510 3204 dem
541 3142 686 3206 ﬂavi,
724 3146 791 3201 ad
823 3160 1040 3201 omnem
1073 3159 1253 3203 autem
1289 3142 1448 3205 usum
1496 3151 1773 3206 salubrem
1813 3153 1963 3207 nulla

390 3237 655 3308 qualitate
684 3237 920 3308 praediti.
972 3236 1092 3304 Quo
1127 3239 1185 3293 ﬁt
1219 3249 1277 3294 ut
1310 3241 1593 3311 imperitos
1626 3242 1680 3297 in
1722 3244 1790 3300 iis
1831 3259 1964 3300 cou-

390 3329 568 3401 tingat
594 3343 803 3392 errare,
835 3328 928 3399 qui
959 3322 1179 3400 propter
1201 3332 1403 3388 bonum
1431 3334 1668 3390 colorem
1696 3351 1796 3407 pro
1821 3337 1963 3393 bono

389 3419 690 3490 decerpunt
716 3418 1107 3476 adulterinum.
1140 3420 1297 3488 Quod
1331 3440 1478 3479 nunc
1506 3414 1721 3496 quoque
1756 3426 1966 3483 faciunt

392 3511 487 3583 qui
513 3518 703 3567 errant
730 3512 877 3567 circa
910 3511 1094 3577 ﬁdem,
1114 3515 1206 3585 qui
1237 3516 1547 3587 suscipiunt
1573 3534 1765 3575 omnes
1795 3519 1964 3575 falsas

391 3613 444 3659 et
474 3613 591 3659 arte
618 3603 925 3674 sophistica
954 3604 1235 3662 confectas
1265 3608 1584 3677 opiniones,
1616 3617 1670 3665 et
1700 3626 1792 3666 eas
1821 3628 1961 3682 prae-

394 3695 573 3752 ferunt
597 3696 759 3752 bonis
786 3703 841 3753 et
877 3698 1028 3752 sanis
1058 3697 1427 3769 dogmatibus.
1478 3700 1653 3773 Eligat
1698 3690 1964 3759 auditoris

387 3789 657 3857 judicium
710 3787 859 3860 quod
911 3790 1085 3856 velit,
1135 3791 1252 3847 sive
1299 3792 1530 3849 alterum
1580 3810 1645 3849 ex
1688 3795 1798 3863 iis,
1848 3797 1964 3853 sive

394 3888 725 3952 utrumque:
776 3888 906 3937 sunt
956 3883 1102 3937 enim
1145 3899 1316 3938 unum
1361 3885 1766 3955 quodammodo
1813 3898 1964 3945 utra—

389 3988 527 4044 que,
581 3971 834 4042 perfectze
882 3972 1145 4037 virtutis,
1192 3983 1247 4029 et
1292 3975 1596 4033 divinitatis
1647 3979 1960 4049 acquisitio.

389 4064 510 4119 Non
540 4070 625 4119 est
653 4063 798 4118 enim
835 4064 1011 4119 virtus
1040 4070 1195 4120 extra
1225 4062 1587 4122 divinitatem.

463 4154 576 4210 Nos
611 4162 790 4210 autem
816 4162 1162 4211 transeamus
1193 4156 1259 4210 ad
1294 4159 1809 4228 contemplationem
1852 4177 1957 4216 ca:-

387 4255 633 4304 terorum
665 4257 992 4312 aromatum,
1030 4245 1097 4302 de
1126 4248 1325 4318 quibus
1363 4261 1768 4321 consequenter
1816 4253 1961 4310 facta

2070 3142 2217 3207 ίδεῖν,
2245 3145 2411 3199 ἄποια
2432 3143 2487 3196 δὲ
2514 3144 2649 3215 πρὸς
2673 3145 2852 3197 πᾶσαν
2876 3143 3117 3213 ὑγιεινὴν
3137 3144 3493 3215 εὐχρηστίαν.
3523 3146 3662 3217 Περὶ

2066 3235 2101 3290 ἃ
2133 3237 2338 3304 γίνεται
2368 3239 2479 3300 τοῖς
2524 3236 2773 3307 ἀπείροις
2811 3239 2843 3306 ἡ
2891 3236 3089 3307 πλάνη,
3135 3240 3246 3300 τοῖς
3286 3237 3375 3291 διὰ
3421 3237 3525 3309 τὴν
3578 3238 3664 3291 εἶμι

2065 3346 2258 3401 χροιαν
2308 3329 2368 3382 τὸ
2413 3328 2565 3382 νόθον
2607 3329 2960 3400 δρεπομένοις
3005 3329 3125 3382 ἀντὶ
3171 3327 3266 3381 τοῦ
3316 3329 3656 3398 κρείττονος.

2067 3421 2245 3492 Ὅπερ
2284 3421 2378 3475 καὶ
2406 3420 2500 3475 νῦν
2532 3420 2777 3474 ποιοῦσιν
2812 3422 2862 3474 οἱ
2894 3421 3023 3492 περὶ
3059 3421 3157 3492 τὴν
3203 3421 3386 3474 πίστιν
3411 3421 3660 3493 ἐξαμαρ-

2063 3512 2331 3577 τεύοντες,
2353 3511 2453 3576 τὰς
2477 3512 2872 3582 σεσοφισμένας
2897 3512 3111 3575 ἀπάτας
3136 3511 3243 3583 πρὸ
3266 3512 3371 3565 τῶν
3398 3514 3658 3582 ὑγιεινῶν

2063 3603 2349 3675 δογμάτων
2392 3602 2722 3675 αἱρούμενοι.
2769 3603 3002 3657 Ἑλέσθω
3035 3603 3091 3657 δὲ
3123 3604 3181 3670 ἐξ
3204 3603 3473 3675 ἐκατέρου
3500 3608 3537 3677 ἡ
3567 3606 3655 3659 τοῦ

2064 3695 2335 3766 ἀκροατοῦ
2364 3695 2541 3768 κρίσις
2566 3695 2595 3749 ὃ
2625 3695 2892 3766 βούλεται,
2924 3696 2977 3748 εί
2993 3712 3051 3747 τε
3076 3694 3136 3747 τὸ
3162 3695 3349 3766 ἕτερον
3368 3695 3428 3763 ἐξ
3452 3697 3652 3759 αὐτῶν,

2064 3788 2118 3842 εἴ
2141 3806 2200 3842 τε
2232 3788 2537 3860 ἀμφότερα·
2573 3788 2633 3843 ἓν
2674 3785 2783 3860 γὰρ
2807 3787 3004 3859 τρόπον
3031 3787 3153 3841 τινά
3175 3788 3324 3840 ἐστιν
3346 3788 3651 3860 ἀμφότερα,

2062 3882 2098 3951 ἥ
2124 3898 2175 3935 τε
2190 3882 2288 3952 τῆς
2312 3880 2761 3952 τελείαςνὰρετῆς
2783 3920 2797 3945 ,
2830 3880 2925 3932 καὶ
2967 3881 2999 3951 ὴ
3029 3881 3127 3951 τῆς
3153 3878 3408 3950 θεότητος
3438 3884 3654 3951 κτῆσξ.

2066 3970 2141 4024 Ού
2169 3969 2277 4041 γὰρ
2305 3968 2408 4034 ἔξω
2430 3969 2597 4041 ἀρετὴ
2625 3969 2723 4038 τῆς
2748 3966 3020 4037 θεότητος.

2144 4164 2335 4233 Ἡμεῖς
2375 4164 2431 4217 δὲ
2458 4123 2557 4216 ’ἐπὶ
2587 4164 2685 4232 τὴν
2714 4162 2822 4215 τῶν
2850 4161 3050 4214 λοιπῶν
3083 4160 3394 4232 ἀρωμάτων
3417 4162 3649 4229 θεωρίαν

2069 4255 2433 4327 μετέλθωμεν,
2465 4254 2571 4307 τῶν
2604 4254 2671 4305 δι’
2702 4251 2994 4306 ἀκολούθου
3029 4251 3516 4323 μνημονευθέντων
3550 4252 3648 4306 ὑπὸ

390 4350 473 4395 est
507 4339 712 4395 mentio
742 4339 795 4394 in
822 4339 1092 4395 oratione.
1139 4338 1415 4406 Calamus,
1450 4343 1647 4414 inquit,
1700 4356 1749 4400 et
1774 4348 1959 4401 cinna-

2143 4346 2160 4400 5
2197 4346 2373 4414 λόγου.
2409 4344 2723 4414 Κάλαμος,
2762 4343 2930 4414 φησὶ,
2964 4342 3063 4397 καί
3101 4342 3516 4411 κιννάμωμον,
3553 4344 3645 4397 καί

391 4446 644 4495 momum,
689 4439 739 4485 et
769 4447 948 4500 poma.
994 4429 1158 4485 Poma
1204 4439 1386 4487 autem
1425 4442 1555 4488 sunt
1605 4434 1815 4493 fructus
1870 4441 1964 4508 qui

391 4521 772 4592 producuntur
822 4538 889 4577 ex
950 4522 1110 4578 malis
1168 4525 1384 4595 puuicis
1440 4526 1683 4596 paradisi
1720 4544 1956 4599 sponsae.

393 4611 500 4668 Sed
551 4613 821 4667 calamum
875 4613 1092 4682 quidem
1123 4615 1312 4670 dicunt
1346 4616 1489 4672 bono
1527 4618 1696 4674 odore
1744 4623 1960 4677 cmteris

389 4704 734 4771 antecellere,
766 4705 900 4761 adeo
932 4713 1044 4761 uta
1090 4707 1205 4778 lege
1244 4718 1556 4764 assumatur
1594 4712 1659 4766 ad
1716 4713 1957 4769 sumtum

388 4795 841 4852 sacerdotalem”
875 4815 888 4851 :
920 4798 1330 4863 cinnamomum
1400 4809 1579 4855 autem
1649 4806 1853 4858 variam
1914 4814 1969 4861 et

391 4885 743 4956 multiplicem
784 4887 1155 4956 Operationem
1193 4903 1294 4959 per
1326 4891 1624 4959 quamdam
1660 4896 1965 4949 naturalem

390 4977 700 5033 facultatem
731 4980 1070 5050 promittere,
1123 4996 1191 5036 ex
1221 4981 1425 5052 quibus
1473 4985 1642 5040 multa
1675 4986 1838 5044 ﬁdem
1880 4990 1963 5043 vi-

387 5069 589 5125 r‘entur
631 5086 934 5142 superare.-
968 5073 1132 5127 Aiunt
1160 5074 1304 5128 enim
1336 5090 1476 5146 aqua
1516 5076 1776 5135 bulliente
1802 5079 1857 5134 in
1890 5080 1966 5133 Ie-

392 5170 531 5225 uete,
590 5162 637 5219 si
669 5178 788 5218 eam
814 5164 991 5220 solum
1028 5171 1214 5236 tangat
1248 5166 1352 5222 hoc
1385 5182 1595 5234 aroma,
1646 5185 1843 5240 aquam
1879 5188 1964 5227 re-

392 5252 656 5323 frigerare
687 5255 961 5324 protinus,
994 5263 1048 5311 et
1072 5257 1277 5311 illatam
1310 5257 1365 5312 in
1397 5258 1615 5317 fervens
1653 5262 1959 5330 lavacrum,

390 5344 642 5399 ardorem
675 5346 766 5415 qui
801 5354 885 5403 est
912 5348 968 5402 in
1001 5363 1150 5413 aere,
1185 5357 1556 5407 transmutare
1601 5354 1657 5407 in
1693 5355 1957 5424 algorem,

387 5440 446 5488 et
473 5433 675 5489 habere
698 5445 949 5492 naturam
997 5438 1296 5509 perimendi
1328 5454 1393 5497 ea
1442 5457 1563 5514 qua:
1626 5452 1959 5512 generantur

474 5597 521 5629 ’⁸
540 5601 714 5661 Exod.
745 5622 869 5674 xxx,
892 5609 981 5666 23.

2071 4437 2393 4506 ἀκρόδρυα.
2429 4438 2583 4490 Ἔστι
2624 4436 2692 4489 τά
2728 4435 3003 4507 ἀκρόδρυα
3031 4434 3101 4488 τὰ
3144 4435 3208 4487 ὲκ
3246 4434 3355 4486 τῶν
3390 4435 3533 4505 ῥοῶν
3558 4433 3645 4488 τοῦ

2072 4528 2399 4601 παραδείσου
2423 4527 2524 4598 τῆς
2558 4526 2775 4597 νύμφης
2814 4525 3329 4597 καρποφορούμενα.
3367 4526 3536 4580 Ἀλλά
3562 4528 3645 4579 τὸν

2073 4621 2171 4689 μὲν
2204 4619 2467 4689 κάλαμον,
2492 4617 2718 4689 εύπνοία
2749 4616 3005 4688 προέχειν
3030 4616 3169 4685 ὑπὲρ
3196 4615 3263 4669 τά
3286 4615 3423 4670 ἄλλα
3452 4618 3643 4685 φασίν·

2068 4713 2144 4775 ὡς
2176 4711 2272 4765 καὶ
2320 4710 2455 4781 πρὸς
2501 4709 2562 4762 τὸ
2596 4709 2739 4779 ἱερὸν
2774 4708 3024 4779 θυμίαμα
3066 4708 3172 4761 ὑπὸ
3205 4707 3299 4761 τοῦ
3341 4708 3512 4778 νόμου
3544 4726 3644 4761 πα-

2070 4800 2544 4873 ραλαμϐάνεσθαι·
2594 4799 2654 4853 τὸ
2697 4800 2755 4852 δὲ
2807 4800 3158 4871 κιννάμωμον
3210 4798 3468 4869 πολυειδῆ
3528 4816 3643 4852 τινα

2066 4894 2162 4947 καὶ
2192 4893 2440 4963 ποικίλην
2466 4893 2766 4965 ἐνέργειαν,
2806 4891 2895 4945 διά
2925 4908 3070 4955 τινος
3099 4892 3333 4961 φυσικῆς
3362 4891 3642 4961 δυνάμεως

2065 4984 2520 5055 ἐπαγγέλλεσθαι,
2557 4978 2633 5038 ὧν
2675 4984 2745 5039 τὰ
2790 4984 2959 5038 πολλὰ
2986 4984 3079 5038 καὶ
3114 4985 3255 5057 ὑπὲρ
3294 4984 3478 5043 πίστιν
3510 4981 3640 5039 εἶναι

2064 5077 2231 5132 δοκεῖ.
2273 5077 2383 5133 Καὶ
2414 5076 2522 5146 γὰρ
2570 5074 2782 5139 ζέοντός
2818 5092 2951 5147 φησι
2990 5075 3085 5129 τοῦ
3118 5077 3175 5128 ἐν
3202 5075 3280 5145 τῷ
3303 5075 3496 5147 λέϐητι
3520 5078 3640 5131 i352-

2064 5186 2184 5232 τος,
2230 5170 2385 5239 εἴπερ
2420 5167 2558 5236 θίγοι
2586 5167 2745 5239 μόνον
2785 5166 2943 5221 τοῦτο
2979 5168 3042 5220 τὸ
3088 5168 3321 5239 άρωμα,
3356 5167 3522 5231 εὐθὺς
3552 5186 3639 5220 κα-

2065 5260 2324 5331 ταψύχειν
2364 5260 2425 5312 τὺ
2469 5259 2648 5332 ὓδωρ,
2704 5261 2796 5313 κα)⁵
2828 5257 3039 5329 λουτρῷ
3091 5259 3475 5329 ἐπεισενεχθὲν
3527 5259 3636 5313 δια-

2069 5352 2254 5425 πύρῳ,
2293 5354 2603 5424 μεταποιεῖν
2639 5351 2731 5405 τὸν
2766 5352 2823 5405 ὲν
2852 5350 2933 5420 τῷ
2976 5350 3097 5422 ἀέρι
3142 5350 3383 5422 φριγμδν
3427 5353 3507 5415 είς
3538 5352 3634 5420 Qu-

2066 5446 2328 5519 κρότητα,
2391 5446 2484 5500 καὶ
2541 5444 2901 5517 ἀφανιστικὴν
2947 5444 3054 5499 τῶν
3114 5446 3179 5499 ἐκ
3236 5444 3445 5519 φθορᾶς
3500 5461 3633 5511 τινος
