3730 5980
52 256 180 311 973

1121 266 1187 322 IN
1214 268 1509 327 (IANTICA
1548 271 1822 333 CANTIC.
1866 274 2153 335 HOMILIA
2194 282 2284 337 1X.

3250 284 3352 341 974

53 367 542 443 ζωογονουμένων
580 374 679 447 τὴν
721 376 883 446 φύσιν
932 377 1106 450 ἔχειν,
1142 384 1236 437 καὶ
1266 384 1402 440 ἄλλα
1450 387 1637 443 τοιαῦτ

1817 406 1848 444 x
1881 395 2259 464 corruptione,
2289 402 2343 451 et
2373 396 2479 452 alia
2514 396 2824 466 hujusmodi
2879 398 2947 454 de
2977 413 3044 454 eo
3094 408 3348 461 narrant,

60 463 432 553 περὶαύτοῦ
456 466 883 553 ᾲδιεξέρχονται,
931 471 969 526 δι
1007 473 1149 547 ὑπὲρ
1197 476 1298 549 τὴν
1343 479 1523 533 πίστιν
1562 482 1639 535 τῶ

1817 497 1894 537 ηαξ
1923 463 2090 553 supra
2126 485 2286 541 fidem
2318 463 2634 542 auditorum
2677 488 2936 543 videntur
2985 505 3131 547 esse.
3178 490 3348 545 Aiunt

50 551 389 608 ἀκουόντων
428 550 760 612 εἶναιδοκεῖ.
790 560 1025 631 Λέγουσι
1051 564 1191 637 γάρ,
1228 567 1278 619 εί
1318 569 1558 640 ἐντεθείη
1591 572 1639 624 τι

1817 573 1915 628 nim
1947 576 1993 631 si
2023 575 2187 631 fuerit
2215 579 2452 648 positum
2483 579 2538 634 in
2569 594 2664 635 ore
2712 579 3057 649 dormientis,
3100 596 3223 637 eum
3254 583 3347 652 qui

53 644 313 742 στόματι
348 647 444 701 τοῦ
477 647 859 742 καθεύδοντος,
894 654 1060 726 μηδὲν
1101 656 1487 728 ἐμποδίζεσθαι
1533 663 1637 733 πρὸ

1817 665 1975 720 ormit
2014 666 2239 724 minime
2261 670 2516 740 impediri
2548 671 2847 741 quominus
2892 672 3223 742 respondeat
3273 674 3338 726 ad

49 734 167 804 τὴν
220 735 333 790 τῶν
378 737 800 809 πυνθανομένων
844 742 1136 814 ἀπόκρισιν
1168 745 1262 800 τὸν
1301 747 1661 804 καθεύδοντα·

50 822 215 879 ἀλλὰ
243 826 341 880 καιὶ
373 828 431 881 ὲν
457 826 535 898 τῷ
573 822 727 901 ὕπνῳ
776 830 957 902 μένειν
1000 833 1190 903 αὐτὸν,
1236 839 1329 891 καὶ
1362 840 1664 910 νηφαλέους

46 917 156 969 καὶ
210 917 632 1006 διηρθρωμένας
658 923 930 978 ποιεῖσθαι
960 923 1098 998 πρὸς
1140 928 1270 993 ἔπος
1301 929 1400 996 τὰς
1434 932 1663 1006 ἀποκρί-

1768 771 1833 812 ea
1863 774 1987 829 quae
2016 760 2467 834 interrogantur;
2503 765 2598 822 sed
2624 772 2678 821 et
2693 781 2818 822 eum
2841 782 3063 823 manere
3099 767 3153 821 in
3198 780 3346 822 som-

1765 863 1860 915 no,
1901 851 2225 925 sobriasque
2276 861 2330 910 et
2376 854 2445 910 ad
2489 857 2716 912 verbum
2769 872 3060 928 expressas
3116 857 3345 915 reddere

1782 943 2192 1013 responsiones.
2227 943 2303 1001 De
2327 946 2526 1017 quibus
2567 948 2787 1018 quidem
2838 948 3113 1006 affirmare
3158 950 3233 1004 ita
3279 965 3342 1007 se

45 1016 201 1069 σεις.
238 1007 379 1076 Περὶ
403 996 478 1062 ὧν
505 996 1132 1086 διαϐεϐαιώσασθαιήμὲν
1166 1012 1339 1084 οὓτως
1360 1019 1526 1092 ἔχειν,
1566 996 1661 1080 τὸν

47 1095 135 1167 μὴ
165 1097 262 1151 διὰ
310 1099 413 1169 τῆς
446 1099 641 1172 πείρας
681 1102 923 1174 μαθόντα
950 1106 1060 1161 τῶν
1082 1104 1489 1182 ’ἱστορουμένων
1529 1114 1660 1187 περὶ

37 1187 232 1241 αὐτοῦ
282 1188 385 1261 τὴν
424 1190 702 1261 ἀλήθειαν,
755 1197 1026 1265 προπετὲς
1079 1197 1147 1252 ἂν
1175 1198 1259 1272 εἴη
1326 1202 1421 1256 καὶ
1467 1204 1658 1260 ἀνεπί-

45 1296 331 1335 σκεπτον.
353 1282 503 1355 Πλὴν
526 1284 639 1338 ἀλλ’
663 1287 852 1360 ἐπειδὴ
883 1289 1026 1343 κατά
1057 1308 1180 1345 τινα
1212 1296 1472 1363 μυστικὸν
1498 1297 1639 1367 λόγοι

1817 1319 1883 1357 un
1916 1307 2168 1376 mystica,
2209 1306 2314 1362 hoc
2356 1303 2573 1378 quoque
2621 1324 2809 1363 aroma
2858 1310 3091 1365 relatum
3145 1321 3229 1366 est
3277 1310 3332 1365 in

36 1369 409 1444 ὲνηριθμήθη
445 1373 523 1445 τῷ
555 1377 842 1449 καταλόγῳ
874 1379 983 1433 τῶν
1013 1381 1329 1455 ἀκροδρύων
1370 1388 1463 1441 καὶ
1497 1388 1639 1444 τοῦτι

1817 1407 2042 1448 imorum
2100 1408 2409 1464 pomorum,
2454 1412 2563 1451 non
2604 1413 2731 1451 vere
2780 1412 3017 1453 nascens
3064 1412 3130 1453 ex
3175 1399 3336 1455 malis

34 1462 381 1560 τδᾶρωμα,
426 1466 526 1520 οὐκ
564 1468 779 1539 άληθῶς
810 1471 949 1542 ῥοῶν
985 1473 1338 1546 ἐκφυομένων
1360 1495 1373 1509 ·
1397 1480 1519 1533 οὐδὲ
1543 1481 1639 1554 γὰρ

1817 1485 1973 1540 micis
2000 1485 2199 1555 (neque
2247 1487 2393 1543 enim
2416 1488 2649 1544 sensiles
2698 1491 2987 1560 paradisos
3026 1491 3226 1545 emittit
3265 1506 3331 1546 ex

33 1551 234 1616 οὕτως
269 1555 567 1626 αἰσθητοὺς
596 1558 960 1628 παραδείσους
1003 1561 1065 1614 τὸ
1095 1565 1269 1635 στόμα
1305 1567 1402 1638 τῆς
1432 1551 1639 1641 νύμφης

1819 1589 1848 1630 e
1876 1551 2125 1646 sponsa),
2180 1577 2275 1633 sed
2308 1587 2366 1634 ut
2397 1551 2740 1635 consulendo
2794 1590 3050 1651 suggerat
3092 1581 3332 1651 aliquam

38 1645 318 1713 προΐεται
340 1664 352 1676 ·
401 1646 517 1700 ἀλλ’
563 1647 703 1702 ὥστε
755 1651 1023 1723 σύμϐολον
1081 1655 1331 1723 γενέσθαι
1378 1660 1639 1731 νοήματός

1818 1645 2102 1733 ntentiam,
2157 1683 2224 1723 ex
2251 1667 2322 1725 iis
2353 1683 2477 1738 quae
2511 1684 2731 1740 sponsae
2779 1670 3075 1725 conferunt
3103 1671 3173 1726 ad
3215 1672 3333 1726 lau-

34 1752 200 1799 τινος
249 1735 363 1790 τῶν
403 1739 480 1804 είς
520 1738 738 1796 ἔπαινον
776 1742 1173 1799 συντελούντων
1201 1750 1267 1819 τῇ
1299 1749 1514 1822 νύμφῃ,
1546 1752 1639 1807 οὐκ

1822 1771 1895 1822 m,
1932 1772 2042 1812 non
2075 1765 2223 1817 recte
2240 1759 2495 1815 existimo
2531 1775 2591 1816 se
2636 1760 2856 1827 habere,
2888 1762 2936 1817 si
2968 1775 3032 1817 ea
3073 1762 3332 1831 rejician-

32 1822 208 1897 οἶμαι
235 1829 424 1894 καλῶς
469 1830 615 1902 ἔχειν
639 1833 707 1888 τά
736 1835 864 1906 περὶ
902 1835 996 1890 τοῦ
1036 1838 1391 1912 κινναμώμου
1422 1842 1639 1908 μυθολο-

1817 1864 1842 1903 ι·
1889 1864 2011 1919 quae
2040 1859 2334 1905 narrantur
2366 1849 2435 1906 de
2479 1852 2827 1907 cinnamomo
2857 1871 2870 1907 :
2905 1853 3039 1918 haec,
3081 1853 3325 1924 inquam,

34 1922 334 2015 γούμενα,
379 1923 555 1979 ταῦτά
601 1940 663 1979 τε
696 1925 733 1981 ἃ
766 1926 863 1981 νῦν
911 1929 1040 2001 περὶ
1082 1930 1247 1985 αὐτοῦ
1293 1930 1567 2005 διεξῆλθεν
1615 1935 1639 1991 ὁ

1817 1955 1873 1994 Iac
1896 1956 2042 1996 nunc
2075 1942 2432 1998 narrantibus
2463 1942 2722 2000 videntur
2744 1944 3146 2015 persequenda.

32 2007 206 2079 λόγος
228 2051 245 2074 ,
280 2013 377 2067 καὶ
405 2014 457 2066 εῐ
482 2030 535 2066 τι
570 2014 710 2082 μετὰ
737 2014 945 2073 τούτων
974 2018 1104 2073 ἄλλο
1131 2022 1246 2083 τοῖς
1277 2020 1345 2075 τὰ
1373 2023 1501 2095 περὶ
1541 2025 1642 2079 αὐ-

1764 1031 1987 1100 babere,
2024 1035 2134 1092 nisi
2164 1037 2292 1107 quis
2325 1053 2422 1109 per
2447 1040 2840 1108 experientiam
2874 1040 3336 1097 didiceriteorutu

1762 1139 1884 1193 quae
1912 1123 1981 1180 de
2012 1140 2077 1181 eo
2120 1137 2416 1183 narrantur
2467 1129 2776 1197 veritatem,
2831 1133 3177 1186 temerarium
3218 1131 3340 1189 fue-

1760 1212 1832 1267 rit
1859 1222 1913 1269 et
1948 1214 2434 1273 inconsideratum.
2503 1217 2608 1273 Sed
2666 1220 2922 1289 quoniam
2960 1221 3171 1275 ratione
3209 1235 3339 1290 qua-

30 2102 135 2154 τοῦ
163 2102 555 2173 διηγουμένοις
578 2104 835 2172 διεξιέναι
856 2108 1026 2175 δοκεῖ,
1065 2111 1413 2183 παραλιπεῖν.

107 2191 343 2247 Γένοιτο
381 2193 492 2266 γὰρ
517 2196 582 2250 ἄν
607 2214 691 2261 τις
726 2197 866 2269 πρὸς
886 2200 978 2254 τὸν
1010 2202 1131 2255 κατ’
1159 2202 1361 2275 ἀρετὴν
1385 2204 1606 2260 ἔπαινον
1625 2246 1639 2270 ,

26 2283 101 2335 ἐκ
129 2281 251 2336 τῶν
286 2282 596 2355 λεγομένων
636 2289 968 2361 συνεισφορά
993 2291 1224 2346 ἑκάστου
1268 2293 1377 2348 τῶν
1425 2295 1641 2368 ἱστορη-

1817 2198 1892 2253 Ex
1935 2200 2003 2256 iis
2039 2203 2183 2256 enim
2208 2217 2332 2274 quas
2360 2203 2639 2271 dicuntur,
2674 2205 2892 2261 videtur
2923 2207 3130 2277 aliquid
3162 2223 3325 2278 posse

1745 2291 1991 2349 conferri
2016 2294 2085 2350 ad
2118 2295 2337 2351 laudem
2368 2296 2608 2365 virtutis,
2643 2313 2976 2371 unoquoque
3000 2315 3068 2355 ex
3107 2300 3175 2357 iis
3196 2315 3320 2371 quae

26 2370 251 2426 θέντων
304 2373 564 2446 εὐσήμως
634 2378 1183 2454 μεταλαμϐανομένου
1238 2384 1377 2456 πρὸς
1419 2384 1639 2454 ἔνδειξιν

1817 2392 1875 2439 nt
1903 2384 2097 2451 relata,
2140 2394 2361 2459 sumpto
2419 2388 2486 2442 ad
2532 2370 2880 2443 iudicandam
2924 2389 3049 2445 vitae
3091 2370 3227 2461 quae,
3254 2406 3324 2447 ex

24 2464 139 2531 τῆς
167 2462 277 2517 τοῦ
313 2463 429 2535 βίου
461 2466 582 2521 κατ’
620 2469 825 2541 ἀρετὴν
853 2471 1210 2543 τελειότητος.
1246 2476 1401 2531 Ἔστι
1432 2476 1542 2549 γὰρ
1582 2479 1639 2534 ἐν

1817 2484 1947 2535 'tute
1976 2478 2158 2551 agitur
2189 2478 2602 2550 perfectionem.
2650 2479 2709 2535 In
2759 2479 2830 2537 iis
2874 2481 3018 2536 enim
3054 2481 3147 2552 qui
3191 2489 3324 2537 sunt

26 2556 150 2615 τοῖς
203 2556 669 2628 πεπαιδευμένοις
720 2576 781 2613 τε
840 2561 935 2615 καὶ
990 2562 1422 2638 λελογισμένοις,
1481 2570 1639 2626 τοῦτο

1817 2568 1942 2623 aditi
1969 2577 2024 2625 et
2051 2569 2411 2635 considerati,
2464 2569 2594 2627 licet
2619 2571 2865 2627 invenire
2903 2571 3314 2628 cinnamomum

26 2644 230 2716 εὑρεῖν
264 2647 324 2701 ἐν
360 2651 424 2719 τῇ
454 2649 600 2723 ψυχῇ
627 2651 689 2705 τὸ
731 2653 1113 2726 κιννάμωμον,
1140 2652 1277 2712 ὅταν
1312 2678 1395 2726 τις
1428 2662 1542 2734 ἦτοι
1570 2664 1636 2719 δι’

31 2736 355 2808 ἐπιθυμίαν
402 2740 564 2806 ζέων,
602 2742 634 2814 ἢ
668 2743 747 2815 τῷ
787 2744 944 2817 θυμῷ
970 2748 1418 2820 πυρακτούμενος
1447 2753 1524 2824 τῷ
1549 2754 1635 2808 λο-

27 2829 230 2900 γισμῷ
259 2834 572 2907 κατασϐέσῃ
604 2835 673 2889 τὰ
709 2836 858 2908 πάθη
877 2854 891 2869 ο
922 2837 954 2909 ἢ
984 2840 1045 2893 ἐν
1083 2840 1163 2911 τῷ
1195 2841 1348 2913 ὕπνῳ
1392 2845 1484 2899 τοῦ
1516 2846 1631 2916 βίου

1740 2663 1796 2716 in
1825 2662 2026 2729 anima,
2061 2663 2283 2734 quando
2307 2662 2578 2733 quispiam
2610 2663 2693 2718 vel
2723 2661 2943 2718 fervens
2991 2663 3316 2733 cupiditate,

1737 2752 1823 2808 vel
1849 2752 1932 2806 ira
1957 2767 2244 2817 accensus,
2277 2753 2491 2809 ratione
2521 2752 2851 2809 exstinxerit
2897 2754 3064 2808 animi
3101 2761 3321 2824 pertur-

1736 2844 2023 2912 bationes;
2084 2855 2180 2900 aut
2210 2845 2265 2900 in
2332 2860 2528 2903 somno
2566 2846 2693 2900 vitae
2740 2846 2795 2900 in
2834 2860 2930 2901 ore
2974 2846 3185 2903 habens
3226 2862 3316 2903 so-

25 2919 123 2973 διὰ
167 2921 444 2993 στόματος
477 2924 616 2995 ἔχων
662 2927 724 2981 τὸ
752 2929 1013 2999 νηφάλιον
1055 2932 1215 2988 τοῦτο
1238 2934 1330 2987 τοῦ
1370 2936 1631 3010 λογισμοῦ

1826 2951 1915 2990 um
1959 2936 2124 3008 hujus
2158 2936 2390 2992 rationis
2423 2937 2853 3002 cinnamomum,
2903 2939 3144 2994 ostendit
3165 2939 3315 2996 incr-

27 3012 422 3084 κιννάμωμον,
454 3018 855 3090 παραπλησίως
877 3024 993 3085 τοῖς
1018 3023 1247 3089 άΰπνοις
1267 3042 1326 3078 τε
1349 3028 1443 3080 καὶ
1466 3030 1633 3100 ἐγρη-

1819 3036 1946 3082 ιῑθω
1982 3034 2036 3082 et
2071 3025 2424 3083 inconfusum
2476 3043 2698 3084 sensum
2730 3044 2920 3083 eorum
2965 3045 3087 3100 qua:
3118 3031 3316 3087 dicun-

25 3102 267 3173 γορόσιν
313 3105 598 3174 ἀγγέλοις,
665 3109 881 3183 ἀπλανῆ
941 3114 1036 3167 καὶ
1069 3115 1378 3186 ἀσύγχυτον
1430 3120 1631 3174 ἐπιδειιο

1817 3130 1844 3180 ',
1903 3131 2000 3185 per
2055 3117 2332 3173 sermonis
2384 3116 2668 3172 veritatem
2720 3117 2955 3199 imitans
3003 3120 3311 3176 insomnem

26 3192 193 3245 κνύει
249 3194 346 3265 τὴν
398 3195 506 3250 τῶν
535 3196 843 3268 λεγομένων
881 3198 1151 3270 διάνοιαν,
1186 3205 1518 3277 μιμούμενος
1541 3209 1631 3264 διὰ

1817 3205 2050 3275 gelorum
2087 3212 2361 3269 naturam,
2386 3220 2527 3277 quos
2568 3193 2887 3264 neceswrio
2935 3210 3090 3265 nulla
3136 3210 3314 3281 phan-
3388 3270 3395 3278 ,

25 3284 134 3353 τῆς
194 3284 461 3354 ἀληθείας
510 3287 605 3341 τοῦ
655 3289 815 3357 λόγου
840 3290 938 3362 τὴν
983 3293 1188 3348 ἄϋπνον
1238 3296 1348 3350 τῶν
1379 3299 1630 3368 ἀγγέλων

1823 3298 1871 3349 ia
1907 3311 1972 3350 ac
1992 3297 2135 3353 visio
2171 3297 2413 3354 dimovet
2447 3313 2478 3352 a
2507 3299 2759 3366 veritate,
2798 3316 2864 3356 ex
2904 3302 3029 3372 ejus
3070 3318 3168 3360 ore
3196 3304 3311 3361 dici

24 3375 228 3443 φύσιν,
262 3375 358 3441 οὓς
383 3377 644 3448 οὐδεμιᾶς
673 3382 977 3448 φαντασίας
1002 3385 1214 3458 ἀνάγκη
1242 3388 1340 3459 τῆς
1366 3389 1625 3460 ἀληθείας

25 3466 340 3538 ἐξίστησιν,
365 3463 518 3532 οὗτος
548 3469 758 3538 λέγοιτο
792 3472 1088 3542 ἀναϐρύειν
1115 3475 1203 3530 διὰ
1234 3476 1329 3530 τοῦ
1361 3480 1628 3550 στόματος

22 3558 89 3611 τὸ
135 3560 501 3630 κιννάμωμον
527 3578 538 3590 ’
582 3560 649 3614 δι’
684 3554 744 3615 οὗ
778 3563 874 3617 καὶ
904 3567 937 3635 ἡ
979 3566 1079 3637 τῆς
1108 3566 1405 3639 ἐπιθυμίας
1438 3571 1624 3643 πύρω-

25 3666 139 3714 σις,
187 3650 288 3704 καὶ
337 3652 370 3721 ἡ
418 3654 773 3726 περικάρδιος
823 3657 917 3712 τοῦ
974 3658 1148 3731 θυμοῦ
1196 3664 1623 3719 κατασϐέννυται

24 3740 227 3805 rem,
274 3743 371 3796 καὶ
426 3744 607 3816 πάσης
650 3744 749 3817 τῆς
797 3748 938 3803 κατὰ
980 3750 1071 3804 τὸν
1101 3751 1216 3822 βίον
1245 3754 1432 3808 τοῦτον
1481 3757 1622 3808 ὀνει-

26 3832 247 3903 ρώδους
290 3835 590 3902 φαντασίας
619 3854 678 3890 τε
712 3840 806 3893 καὶ
850 3841 1164 3912 συγχύσεως
1206 3844 1501 3916 καθαρεύει
1542 3845 1622 3918 τῷ

24 3925 203 3996 λόγῳ.
255 3924 363 3979 Καὶ
421 3928 611 3998 μηδεὶς
646 3931 783 4003 πρὸς
830 3932 893 3985 τὸ
937 3934 1199 3990 ἀπίθανον
1259 3936 1470 4007 βλέπων
1511 3938 1621 3991 τῶν

22 4016 161 4087 περὶ
206 4015 306 4070 τοῦ
355 4019 712 4092 κινναμώμου
768 4023 1105 4095 λεγομένων,
1150 4026 1483 4083 διαϐαλλέτω
1529 4030 1621 4084 τὸν

21 4103 212 4176 λόγον.
244 4106 323 4171 ὡς
353 4108 452 4161 οὐκ
480 4109 544 4163 ἐκ
573 4111 682 4165 τῶν
715 4113 932 4184 ἀληθῶν
963 4118 1309 4188 προσάγοντα
1331 4122 1397 4191 τῇ
1431 4121 1620 4193 νύμφῃ

20 4194 117 4247 τὸν
149 4194 399 4249 ἔπαινον.
452 4193 575 4252 Οἵδε
616 4202 724 4274 γὰρ
760 4203 1017 4271 πολλάκις
1050 4209 1083 4278 ἡ
1114 4208 1246 4277 ἁγία
1288 4209 1478 4280 Γραφὴ
1523 4211 1618 4265 καὶ

24 4283 240 4353 μύθους
270 4284 424 4351 τινάς
462 4289 537 4340 δέκ
564 4290 673 4343 τῶν
707 4290 904 4357 ἔξωθεν
938 4298 1503 4368 συμπαραλαμϐάνειν
1537 4302 1618 4366 είς

20 4375 120 4445 τὴν
145 4373 243 4428 τ·οὲ
289 4376 420 4429 ἰδίου
453 4381 656 4435 σκοποῦ
695 4387 1015 4456 συνεργίαν,
1047 4389 1142 4442 καὶ
1171 4390 1615 4462 ἀνεπαισχύντως

20 4467 86 4519 ἐκ
105 4467 213 4536 τῆς
237 4467 476 4539 μυθικῆς
497 4470 732 4542 ἱστορίας
750 4476 1029 4547 ὀνομάτων
1054 4497 1158 4551 μνη
1168 4480 1413 4551 μονεύειν
1429 4483 1611 4548 τινῶν,

18 4558 100 4620 είς
142 4558 559 4630 ἐναργεστέραν,
586 4561 809 4631 ἔνδειξιν
855 4566 948 4620 τοῦ
991 4569 1349 4642 προκειμένου
1405 4574 1612 4644 νοήμα-

20 4665 131 4712 τοςο
165 4647 244 4710 ὡς
268 4648 363 4701 ἐπὶ
388 4649 495 4703 τῶν
524 4651 615 4705 τοῦ
647 4652 767 4707 Ἰὼϐ
795 4655 1110 4728 θυγατέρων
1132 4661 1193 4714 τὸ
1217 4661 1413 4726 κάλλος
1441 4663 1613 4735 ὑπερ-

22 4738 316 4809 θαυμάσας
337 4741 366 4792 ὀ
391 4741 568 4810 λόγος,
583 4745 678 4797 καὶ
700 4744 788 4798 διὰ
811 4749 918 4802 τῶν
948 4752 1228 4822 ὀνομάτων
1249 4752 1347 4824 τὴν
1375 4753 1611 4826 ὑπερϐο⁸

20 4827 120 4900 λὴν
136 4829 234 4882 τοῦ
258 4844 325 4882 πε
335 4830 388 4901 pl.
410 4832 587 4887 αὐτῶν
618 4833 893 4906 θαύματος
918 4842 1239 4907 ἐνεδείξατο,
1271 4843 1445 4915 λέγων
1467 4860 1480 4874 ·
1513 4845 1611 4917 τὴν

25 4920 123 4988 μὲν
165 4919 411 4991 Ἠμέραν
434 4921 704 4990 λέγεσθαι,
726 4926 823 4997 τὴν
839 4927 894 4980 δὲ
922 4931 1183 4997 Κασσίαν,
1206 4932 1301 5005 τὴν
1329 4934 1385 4988 δὲ
1404 4934 1612 5006 τρίτην,

33 5008 368 5078 ’Λμαλθείας
401 5013 604 5084 Κέρας.
638 5015 807 5070 Τοῦτο
835 5019 891 5072 δὲ
922 5024 1083 5076 παντὶ
1118 5023 1273 5095 δῆλόν
1315 5027 1483 5089 ἐστιν,
1533 5027 1617 5082 ὅτι

26 5099 198 5168 μῦθος
257 5100 565 5173 Ἐλληνικὸς
615 5107 815 5163 ἔπλασε
867 5112 928 5165 τὸ
963 5116 1103 5168 κατὰ
1135 5115 1233 5188 τὴν
1286 5117 1612 5188 ’Δμάλθειαν

21 5188 300 5261 διήγημα,
333 5194 399 5263 ἢν
426 5190 558 5264 αἶγα
586 5193 751 5252 οὖσαν
782 5203 977 5273 τροφὸν
1003 5206 1258 5273 γενέσθαι
1280 5207 1373 5261 τοῦ
1396 5211 1616 5280 Κρητὶς

24 5283 240 5337 ἐκείνου
267 5285 679 5356 μυθολογοῦσιν,
711 5286 778 5364 ἦς
802 5292 894 5347 τοῦ
922 5295 1040 5360 ἑνὸς
1066 5299 1389 5363 ἐκπεσόντος
1412 5300 1609 5372 κέρως.

25 5378 214 5451 βρύειν
249 5383 312 5435 ἐκ
332 5383 427 5436 τοῦ
463 5384 641 5438 κοίλου
667 5387 766 5457 τὴν
797 5389 1157 5460 παγκαρπίαν
1176 5390 1204 5442 ὁ
1237 5388 1404 5460 μῦθος
1425 5381 1612 5461 ἐποίη-

26 5487 140 5527 σεν.
178 5467 308 5545 'Ap‘
339 5468 432 5529 οὖν
468 5476 753 5532 ἐπίστευσε
802 5482 912 5543 τοῖς
960 5481 1087 5553 περὶ
1143 5483 1240 5554 τῆς
1285 5480 1608 5553 Ἀμαλθείας

94 5648 145 5683 ⁸⁸
175 5646 279 5705 Job
301 5664 453 5717 var,
477 5649 569 5709 ll.

1731 3394 1910 3456 potest
1957 3395 2222 3459 tanquam
2254 3405 2285 3444 e
2330 3389 2665 3460 scaturigine
2699 3390 2980 3449 effundere
3020 3394 3311 3453 cinnamo-

1731 3494 1879 3532 mum
1920 3494 2056 3549 :per
2085 3479 2230 3549 quod
2263 3489 2319 3534 et
2352 3479 2516 3534 ardor
2559 3480 2879 3551 cupiditatis
2912 3485 3306 3555 exstinguitur,

1726 3578 1781 3626 et
1807 3570 1903 3624 ira:
1918 3571 2064 3625 circa
2092 3585 2189 3626 cor
2218 3571 2486 3634 ebullitio,
2524 3580 2578 3627 et
2615 3574 2731 3640 ipse
2751 3580 2836 3629 est
2864 3589 3037 3643 purus
3090 3578 3307 3634 ratione

1726 3663 1796 3716 ab
1829 3663 1978 3721 omni
2009 3677 2130 3731 qua:
2171 3670 2258 3718 est
2295 3662 2475 3718 instar
2529 3664 2730 3720 somnii
2782 3663 3015 3721 confusa
3067 3667 3299 3725 visione.

1725 3751 1896 3808 Nemo
1960 3760 2142 3809 autem
2203 3754 2547 3809 incredibilia
2586 3755 2693 3810 ist‘a
2752 3771 2874 3811 esse
2917 3756 3299 3825 considerans,

1722 3860 1844 3914 quae
1871 3843 2133 3899 dicuntur
2162 3843 2229 3900 de
2255 3845 2638 3911 cinnamomo,
2670 3846 2977 3902 orationem
3006 3848 3303 3919 reprehen-

1723 3935 1838 3999 dat,
1872 3942 1933 3989 ut
1960 3950 2080 4004 quae
2108 3951 2172 3991 ex
2209 3936 2278 3991 iis
2302 3950 2423 4006 quae
2447 3949 2559 3991 non
2590 3943 2721 3993 sunt
2740 3951 2890 4001 vera,
2926 3952 3145 4007 sponsae
3181 3938 3301 3993 lau-

1671 4049 1676 4056 -
1721 4026 1847 4080 dem
1894 4026 2115 4081 tribuat.
2175 4024 2327 4081 Solet
2381 4026 2530 4082 enim
2578 4042 2721 4096 saepe
2772 4036 2965 4085 sancta
3011 4026 3298 4100 Scriptura

1720 4117 1884 4172 etiam
1939 4116 2008 4172 ab
2040 4117 2285 4173 externis
2335 4116 2550 4174 fabulas
2590 4119 2841 4190 accipere
2883 4119 2951 4175 ad
2997 4134 3154 4191 opem
3196 4134 3299 4176 suo

1722 4220 1888 4274 scopo
1919 4203 2225 4270 ferendam,
2274 4211 2330 4261 et
2361 4206 2497 4261 citra
2530 4206 2796 4276 pudorem
2829 4208 3148 4265 meminisse
3186 4209 3293 4264 ali-

1719 4314 1952 4370 quorum
1974 4298 2255 4353 nominum
2284 4298 2350 4353 ad
2378 4312 2599 4353 sensum
2629 4299 2968 4368 propositum
2988 4300 3296 4359 evidentius

1721 4391 2099 4453 indicandum,
2135 4390 2280 4446 sicut
2306 4390 2360 4444 in
2388 4389 2609 4445 ﬁliabus
2636 4388 2761 4453 Job,
2786 4405 3022 4460 quarum
3046 4392 3294 4461 pulchri-

1722 4482 1966 4537 tudinem
1995 4483 2170 4537 oratio
2204 4497 2370 4553 supra
2412 4481 2635 4536 modum
2683 4480 2939 4547 laudans,
2987 4485 3153 4538 etiam
3197 4500 3297 4555 per

1724 4575 1943 4629 nomina
1980 4576 2223 4632 ostendit
2263 4575 2537 4644 excellens
2568 4591 2759 4630 earum
2811 4577 3158 4644 miraculum,
3205 4580 3296 4634 di-

1705 4678 1880 4731 'cens,
1908 4680 2072 4720 unam
2123 4666 2342 4737 quidem
2392 4640 2502 4721 dici
2545 4667 2717 4732 Diem,
2766 4667 2992 4722 alteram
3026 4684 3154 4725 vero
3191 4669 3295 4725 Ca-

1723 4753 1880 4820 siam,
1898 4754 2117 4809 tertiam
2142 4764 2322 4811 autem
2350 4754 2537 4811 Cornu
2566 4756 2863 4811 Amaltheae
2886 4758 2955 4811 ³⁸.
2975 4756 3090 4814 Hoc
3111 4768 3291 4815 autem

1721 4849 1808 4897 est
1849 4841 2024 4896 cuivis
2066 4845 2443 4915 perspicuum,
2467 4845 2611 4915 quod
2651 4843 2719 4899 de
2761 4845 3061 4902 Amalthea:
3108 4847 3292 4903 fabula

1724 4931 1912 4988 Graeca
1941 4931 2205 4987 conﬁnxit
2241 4936 2638 5001 narrationem,
2674 4950 2839 5005 quam
2869 4951 2992 5002 cum
3023 4947 3170 4992 esset
3201 4952 3295 4993 ca-

1721 5041 1844 5097 pra,
1884 5017 2202 5079 fabulantur
2248 5024 2425 5081 fuisse
2467 5027 2738 5082 nutricem
2795 5027 2943 5082 illius
2982 5026 3281 5095 Cretensis,

1719 5114 1877 5185 cujus
1908 5130 2032 5170 cum
2054 5128 2225 5169 cornu
2248 5115 2557 5178 cecidisset,
2588 5117 2771 5172 fabula
2797 5115 2926 5171 fecit
2944 5130 3011 5171 ex
3041 5130 3290 5172 concavo

1716 5207 1888 5265 fluere
1916 5222 2077 5263 omne
2103 5222 2279 5277 genus
2320 5207 2534 5278 frugum
2591 5224 2655 5264 ac
2704 5208 2987 5265 fructuum
3047 5209 3286 5280 copiam.

1716 5299 1857 5355 Num
1892 5299 2059 5370 igitur
2086 5296 2319 5352 credidit
2345 5307 2536 5353 sancta
2566 5301 2850 5371 Scriptura
2887 5301 2955 5356 iis
3004 5317 3127 5371 quae
3155 5316 3289 5355 nar-

1717 5399 1910 5446 rantur
1963 5389 2033 5445 de
2079 5387 2408 5442 Amalthea?
2450 5387 2829 5459 Nequaquam,
2880 5393 2977 5448 sed
3024 5393 3147 5448 filim
3185 5390 3289 5449 Job

1717 5481 1899 5539 ferens
1933 5478 2333 5546 testimonium,
2374 5478 2522 5549 quod
2562 5487 2708 5537 esset
2771 5479 3117 5539 feracissima
3165 5496 3287 5540 om-
