  <div class='ocr_page' id='page_1' title='image "/cluster/home/n/w/nwhite01/storage/ocr_20150623/44/mdp.39015011915454/495.png"; bbox 0 0 3730 5980; ppageno 0'>
   <div class='ocr_carea' id='block_1_1' title="bbox 421 223 523 278">
    <p class='ocr_par' dir='ltr' id='par_1_1' title="bbox 421 223 523 278">
     <span class='ocr_line' id='line_1_1' title="bbox 421 223 523 278; baseline -0.02 0"><span class='ocrx_word' id='word_1_1' title='bbox 421 223 523 278; x_wconf 69' lang='lat'><strong>9&#39;75</strong></span> 
     </span>
    </p>
   </div>
   <div class='ocr_carea' id='block_1_2' title="bbox 1637 215 3675 301">
    <p class='ocr_par' dir='ltr' id='par_1_2' title="bbox 1637 215 3675 301">
     <span class='ocr_line' id='line_1_2' title="bbox 1637 215 3675 301; baseline -0.001 -25"><span class='ocrx_word' id='word_1_2' title='bbox 1637 222 1694 276; x_wconf 87' lang='lat' dir='ltr'><strong>s.</strong></span> <span class='ocrx_word' id='word_1_3' title='bbox 1737 215 2063 301; x_wconf 75' lang='lat' dir='ltr'><strong>GREGORII</strong></span> <span class='ocrx_word' id='word_1_4' title='bbox 2101 216 2386 275; x_wconf 71' lang='lat' dir='ltr'><strong>NYSSENI</strong></span> <span class='ocrx_word' id='word_1_5' title='bbox 3582 218 3675 274; x_wconf 72' lang='lat' dir='ltr'><strong>ora</strong></span> 
     </span>
    </p>
   </div>
   <div class='ocr_carea' id='block_1_3' title="bbox 417 329 1890 409">
    <p class='ocr_par' dir='ltr' id='par_1_3' title="bbox 417 335 1890 406">
     <span class='ocr_line' id='line_1_3' title="bbox 417 335 1890 406; baseline -0.003 -15"><span class='ocrx_word' id='word_1_6' title='bbox 417 337 568 391; x_wconf 89' lang='lat' dir='ltr'><strong>nium</strong></span> <span class='ocrx_word' id='word_1_7' title='bbox 598 349 716 406; x_wconf 68' lang='lat' dir='ltr'><strong>quae</strong></span> <span class='ocrx_word' id='word_1_8' title='bbox 747 344 964 391; x_wconf 80' lang='lat' dir='ltr'><strong>suntex</strong></span> <span class='ocrx_word' id='word_1_9' title='bbox 997 335 1198 391; x_wconf 87' lang='lat' dir='ltr'><strong>virtute</strong></span> <span class='ocrx_word' id='word_1_10' title='bbox 1228 335 1521 399; x_wconf 81' lang='lat' dir='ltr'><strong>bonorum,</strong></span> <span class='ocrx_word' id='word_1_11' title='bbox 1545 350 1641 406; x_wconf 90' lang='lat' dir='ltr'><strong>per</strong></span> <span class='ocrx_word' id='word_1_12' title='bbox 1661 335 1762 389; x_wconf 88' lang='lat' dir='ltr'><strong>hoc</strong></span> <span class='ocrx_word' id='word_1_13' title='bbox 1787 349 1890 388; x_wconf 89' lang='lat' dir='ltr'><strong>non</strong></span> 
     </span>
    </p>
   </div>
   <div class='ocr_carea' id='block_1_4' title="bbox 2203 329 3676 409">
    <p class='ocr_par' dir='ltr' id='par_1_4' title="bbox 2203 329 3676 409">
     <span class='ocr_line' id='line_1_4' title="bbox 2203 329 3676 409; baseline -0.003 -20"><span class='ocrx_word' id='word_1_14' title='bbox 2203 335 2593 407; x_wconf 79' lang='grc' dir='ltr'><strong>Ιολογουμένοις</strong></span> <span class='ocrx_word' id='word_1_15' title='bbox 2634 336 2668 409; x_wconf 78' lang='grc' dir='ltr'>ἡ</span> <span class='ocrx_word' id='word_1_16' title='bbox 2716 334 2849 406; x_wconf 82' lang='grc' dir='ltr'>ἁγία</span> <span class='ocrx_word' id='word_1_17' title='bbox 2891 332 3115 405; x_wconf 58' lang='grc' dir='ltr'>Γραφίμ</span> <span class='ocrx_word' id='word_1_18' title='bbox 3171 332 3271 387; x_wconf 82' lang='grc' dir='ltr'><strong>οὐκ</strong></span> <span class='ocrx_word' id='word_1_19' title='bbox 3302 331 3423 385; x_wconf 80' lang='grc' dir='ltr'>ἔστι</span> <span class='ocrx_word' id='word_1_20' title='bbox 3478 329 3676 394; x_wconf 77' lang='grc' dir='ltr'>ταῦτα,</span> 
     </span>
    </p>
   </div>
   <div class='ocr_carea' id='block_1_5' title="bbox 420 426 1994 497">
    <p class='ocr_par' dir='ltr' id='par_1_5' title="bbox 420 426 1994 497">
     <span class='ocr_line' id='line_1_5' title="bbox 420 426 1994 497; baseline -0.001 -15"><span class='ocrx_word' id='word_1_21' title='bbox 420 426 477 482; x_wconf 99' lang='lat' dir='ltr'><strong>id</strong></span> <span class='ocrx_word' id='word_1_22' title='bbox 507 426 749 482; x_wconf 85' lang='lat' dir='ltr'><strong>ostendit</strong></span> <span class='ocrx_word' id='word_1_23' title='bbox 780 445 795 482; x_wconf 88' lang='lat'><strong>:</strong></span> <span class='ocrx_word' id='word_1_24' title='bbox 824 427 960 482; x_wconf 84' lang='lat' dir='ltr'><strong>adeo</strong></span> <span class='ocrx_word' id='word_1_25' title='bbox 993 433 1053 482; x_wconf 90' lang='lat' dir='ltr'><strong>ut</strong></span> <span class='ocrx_word' id='word_1_26' title='bbox 1077 427 1169 497; x_wconf 86' lang='lat' dir='ltr'><strong>qui</strong></span> <span class='ocrx_word' id='word_1_27' title='bbox 1201 440 1286 484; x_wconf 86' lang='lat' dir='ltr'><strong>est</strong></span> <span class='ocrx_word' id='word_1_28' title='bbox 1310 427 1750 483; x_wconf 82' lang='lat' dir='ltr'><strong>considerantius</strong></span> <span class='ocrx_word' id='word_1_29' title='bbox 1765 426 1994 481; x_wconf 84' lang='lat' dir='ltr'><strong>audiens</strong></span> 
     </span>
    </p>
   </div>
   <div class='ocr_carea' id='block_1_6' title="bbox 418 515 1995 590">
    <p class='ocr_par' dir='ltr' id='par_1_6' title="bbox 418 515 1995 590">
     <span class='ocr_line' id='line_1_6' title="bbox 418 515 1995 590; baseline -0.002 -18"><span class='ocrx_word' id='word_1_30' title='bbox 418 515 785 590; x_wconf 89' lang='lat' dir='ltr'><strong>Scripturam,</strong></span> <span class='ocrx_word' id='word_1_31' title='bbox 836 518 1015 574; x_wconf 89' lang='lat' dir='ltr'><strong>solum</strong></span> <span class='ocrx_word' id='word_1_32' title='bbox 1080 516 1262 573; x_wconf 78' lang='lat' dir='ltr'><strong>laudis</strong></span> <span class='ocrx_word' id='word_1_33' title='bbox 1321 534 1550 590; x_wconf 89' lang='lat' dir='ltr'><strong>scopum</strong></span> <span class='ocrx_word' id='word_1_34' title='bbox 1609 518 1881 589; x_wconf 89' lang='lat' dir='ltr'><strong>intelligat</strong></span> <span class='ocrx_word' id='word_1_35' title='bbox 1926 530 1995 572; x_wconf 81' lang='lat' dir='ltr'><strong>ex</strong></span> 
     </span>
    </p>
   </div>
   <div class='ocr_carea' id='block_1_7' title="bbox 415 608 2000 682">
    <p class='ocr_par' dir='ltr' id='par_1_7' title="bbox 415 608 2000 682">
     <span class='ocr_line' id='line_1_7' title="bbox 415 608 2000 682; baseline -0.001 -17"><span class='ocrx_word' id='word_1_36' title='bbox 415 611 659 676; x_wconf 88' lang='lat' dir='ltr'><strong>nomine,</strong></span> <span class='ocrx_word' id='word_1_37' title='bbox 716 608 994 667; x_wconf 86' lang='lat' dir='ltr'><strong>fabulosas</strong></span> <span class='ocrx_word' id='word_1_38' title='bbox 1046 619 1226 666; x_wconf 89' lang='lat' dir='ltr'><strong>autem</strong></span> <span class='ocrx_word' id='word_1_39' title='bbox 1276 626 1450 682; x_wconf 91' lang='lat' dir='ltr'><strong>nugas</strong></span> <span class='ocrx_word' id='word_1_40' title='bbox 1479 610 1670 681; x_wconf 87' lang='lat' dir='ltr'><strong>jubeat</strong></span> <span class='ocrx_word' id='word_1_41' title='bbox 1706 610 1908 674; x_wconf 88' lang='lat' dir='ltr'><strong>valere,</strong></span> <span class='ocrx_word' id='word_1_42' title='bbox 1944 617 2000 664; x_wconf 89' lang='lat' dir='ltr'><strong>et</strong></span> 
     </span>
    </p>
   </div>
   <div class='ocr_carea' id='block_1_8' title="bbox 350 694 1997 773">
    <p class='ocr_par' dir='ltr' id='par_1_8' title="bbox 350 694 1997 773">
     <span class='ocr_line' id='line_1_8' title="bbox 350 694 1997 773; baseline -0.001 -16"><span class='ocrx_word' id='word_1_43' title='bbox 350 694 353 699; x_wconf 67' lang='grc'><em>’</em></span> <span class='ocrx_word' id='word_1_44' title='bbox 418 702 703 757; x_wconf 77' lang='lat' dir='ltr'><strong>audientes</strong></span> <span class='ocrx_word' id='word_1_45' title='bbox 731 702 932 758; x_wconf 87' lang='lat' dir='ltr'><strong>casiam</strong></span> <span class='ocrx_word' id='word_1_46' title='bbox 960 711 1015 758; x_wconf 91' lang='lat' dir='ltr'><strong>et</strong></span> <span class='ocrx_word' id='word_1_47' title='bbox 1050 702 1215 767; x_wconf 88' lang='lat' dir='ltr'><strong>diem,</strong></span> <span class='ocrx_word' id='word_1_48' title='bbox 1248 718 1424 773; x_wconf 90' lang='lat' dir='ltr'><strong>neque</strong></span> <span class='ocrx_word' id='word_1_49' title='bbox 1444 701 1795 757; x_wconf 86' lang='lat' dir='ltr'><strong>aromaticam</strong></span> <span class='ocrx_word' id='word_1_50' title='bbox 1823 708 1997 755; x_wconf 85' lang='lat' dir='ltr'><strong>mate-</strong></span> 
     </span>
    </p>
   </div>
   <div class='ocr_carea' id='block_1_9' title="bbox 418 792 1995 865">
    <p class='ocr_par' dir='ltr' id='par_1_9' title="bbox 418 792 1995 865">
     <span class='ocr_line' id='line_1_9' title="bbox 418 792 1995 865; baseline -0.003 -16"><span class='ocrx_word' id='word_1_51' title='bbox 418 795 575 859; x_wconf 84' lang='lat' dir='ltr'><strong>riam,</strong></span> <span class='ocrx_word' id='word_1_52' title='bbox 604 810 783 865; x_wconf 90' lang='lat' dir='ltr'><strong>neque</strong></span> <span class='ocrx_word' id='word_1_53' title='bbox 814 795 945 850; x_wconf 92' lang='lat' dir='ltr'><strong>solis</strong></span> <span class='ocrx_word' id='word_1_54' title='bbox 990 808 1213 849; x_wconf 84' lang='lat' dir='ltr'><strong>cursum</strong></span> <span class='ocrx_word' id='word_1_55' title='bbox 1264 808 1431 864; x_wconf 87' lang='lat' dir='ltr'><strong>supra</strong></span> <span class='ocrx_word' id='word_1_56' title='bbox 1473 800 1698 855; x_wconf 88' lang='lat' dir='ltr'><strong>terram,</strong></span> <span class='ocrx_word' id='word_1_57' title='bbox 1750 807 1846 861; x_wconf 89' lang='lat' dir='ltr'><strong>per</strong></span> <span class='ocrx_word' id='word_1_58' title='bbox 1880 792 1995 846; x_wconf 62' lang='lat' dir='ltr'><strong>haec</strong></span> 
     </span>
    </p>
   </div>
   <div class='ocr_carea' id='block_1_10' title="bbox 415 884 1994 957">
    <p class='ocr_par' dir='ltr' id='par_1_10' title="bbox 415 884 1994 957">
     <span class='ocr_line' id='line_1_10' title="bbox 415 884 1994 957; baseline -0.003 -16"><span class='ocrx_word' id='word_1_59' title='bbox 415 886 637 941; x_wconf 86' lang='lat' dir='ltr'><strong>nomina</strong></span> <span class='ocrx_word' id='word_1_60' title='bbox 661 885 973 951; x_wconf 87' lang='lat' dir='ltr'><strong>didicimus,</strong></span> <span class='ocrx_word' id='word_1_61' title='bbox 1005 884 1099 941; x_wconf 90' lang='lat' dir='ltr'><strong>sed</strong></span> <span class='ocrx_word' id='word_1_62' title='bbox 1127 884 1250 939; x_wconf 73' lang='lat' dir='ltr'><strong>vita:</strong></span> <span class='ocrx_word' id='word_1_63' title='bbox 1270 899 1457 957; x_wconf 85' lang='lat' dir='ltr'><strong>earnm</strong></span> <span class='ocrx_word' id='word_1_64' title='bbox 1490 900 1556 941; x_wconf 83' lang='lat' dir='ltr'><strong>ex</strong></span> <span class='ocrx_word' id='word_1_65' title='bbox 1590 885 1794 938; x_wconf 89' lang='lat' dir='ltr'><strong>virtute</strong></span> <span class='ocrx_word' id='word_1_66' title='bbox 1826 897 1994 954; x_wconf 80' lang='lat' dir='ltr'><strong>agen-</strong></span> 
     </span>
    </p>
   </div>
   <div class='ocr_carea' id='block_1_11' title="bbox 413 975 1993 1047">
    <p class='ocr_par' dir='ltr' id='par_1_11' title="bbox 413 975 1993 1047">
     <span class='ocr_line' id='line_1_11' title="bbox 413 975 1993 1047; baseline -0.001 -14"><span class='ocrx_word' id='word_1_67' title='bbox 413 977 498 1033; x_wconf 61' lang='lat' dir='ltr'><strong>da)</strong></span> <span class='ocrx_word' id='word_1_68' title='bbox 549 978 920 1033; x_wconf 87' lang='lat' dir='ltr'><strong>ostensionem</strong></span> <span class='ocrx_word' id='word_1_69' title='bbox 967 976 1204 1032; x_wconf 87' lang='lat' dir='ltr'><strong>dicimus</strong></span> <span class='ocrx_word' id='word_1_70' title='bbox 1240 977 1464 1031; x_wconf 90' lang='lat' dir='ltr'><strong>nomina</strong></span> <span class='ocrx_word' id='word_1_71' title='bbox 1506 975 1993 1047; x_wconf 87' lang='lat' dir='ltr'><strong>comprehendere.</strong></span> 
     </span>
    </p>
   </div>
   <div class='ocr_carea' id='block_1_12' title="bbox 414 1068 1993 1137">
    <p class='ocr_par' dir='ltr' id='par_1_12' title="bbox 414 1068 1993 1137">
     <span class='ocr_line' id='line_1_12' title="bbox 414 1068 1993 1137; baseline -0.002 -13"><span class='ocrx_word' id='word_1_72' title='bbox 414 1071 658 1137; x_wconf 87' lang='lat' dir='ltr'><strong>Quorum</strong></span> <span class='ocrx_word' id='word_1_73' title='bbox 690 1071 851 1125; x_wconf 81' lang='lat' dir='ltr'><strong>Casia</strong></span> <span class='ocrx_word' id='word_1_74' title='bbox 881 1068 1040 1124; x_wconf 89' lang='lat' dir='ltr'><strong>nobis</strong></span> <span class='ocrx_word' id='word_1_75' title='bbox 1079 1068 1321 1124; x_wconf 84' lang='lat' dir='ltr'><strong>ostendit</strong></span> <span class='ocrx_word' id='word_1_76' title='bbox 1350 1068 1655 1124; x_wconf 85' lang='lat' dir='ltr'><strong>studiorum</strong></span> <span class='ocrx_word' id='word_1_77' title='bbox 1681 1069 1807 1122; x_wconf 67' lang='lat' dir='ltr'><strong>vitae</strong></span> <span class='ocrx_word' id='word_1_78' title='bbox 1838 1068 1993 1137; x_wconf 86' lang='lat' dir='ltr'><strong>puri-</strong></span> 
     </span>
    </p>
   </div>
   <div class='ocr_carea' id='block_1_13' title="bbox 412 1160 1990 1217">
    <p class='ocr_par' dir='ltr' id='par_1_13' title="bbox 412 1160 1990 1217">
     <span class='ocr_line' id='line_1_13' title="bbox 412 1160 1990 1217; baseline -0.001 -1"><span class='ocrx_word' id='word_1_79' title='bbox 412 1170 581 1217; x_wconf 90' lang='lat' dir='ltr'><strong>tatem</strong></span> <span class='ocrx_word' id='word_1_80' title='bbox 611 1169 665 1217; x_wconf 88' lang='lat' dir='ltr'><strong>et</strong></span> <span class='ocrx_word' id='word_1_81' title='bbox 692 1162 896 1217; x_wconf 90' lang='lat' dir='ltr'><strong>bonum</strong></span> <span class='ocrx_word' id='word_1_82' title='bbox 937 1160 1161 1216; x_wconf 85' lang='lat' dir='ltr'><strong>odorem</strong></span> <span class='ocrx_word' id='word_1_83' title='bbox 1197 1178 1210 1216; x_wconf 88' lang='lat'><strong>:</strong></span> <span class='ocrx_word' id='word_1_84' title='bbox 1248 1160 1373 1216; x_wconf 88' lang='lat' dir='ltr'><strong>Dies</strong></span> <span class='ocrx_word' id='word_1_85' title='bbox 1427 1169 1610 1216; x_wconf 90' lang='lat' dir='ltr'><strong>autem</strong></span> <span class='ocrx_word' id='word_1_86' title='bbox 1649 1161 1990 1217; x_wconf 81' lang='lat' dir='ltr'><strong>honestatem</strong></span> 
     </span>
    </p>
   </div>
   <div class='ocr_carea' id='block_1_14' title="bbox 413 1252 2000 1323">
    <p class='ocr_par' dir='ltr' id='par_1_14' title="bbox 413 1252 2000 1323">
     <span class='ocr_line' id='line_1_14' title="bbox 413 1252 2000 1323; baseline -0.001 -17"><span class='ocrx_word' id='word_1_87' title='bbox 413 1267 478 1308; x_wconf 90' lang='lat' dir='ltr'><strong>ac</strong></span> <span class='ocrx_word' id='word_1_88' title='bbox 511 1254 786 1317; x_wconf 89' lang='lat' dir='ltr'><strong>decorem,</strong></span> <span class='ocrx_word' id='word_1_89' title='bbox 829 1254 974 1308; x_wconf 77' lang='lat' dir='ltr'><strong>sicut</strong></span> <span class='ocrx_word' id='word_1_90' title='bbox 1021 1252 1154 1307; x_wconf 84' lang='lat' dir='ltr'><strong>dicit</strong></span> <span class='ocrx_word' id='word_1_91' title='bbox 1190 1253 1485 1322; x_wconf 79' lang='lat' dir='ltr'><strong>Apostolus</strong></span> <span class='ocrx_word' id='word_1_92' title='bbox 1504 1254 1571 1318; x_wconf 67' lang='grc' dir='ltr'><strong>θ’,</strong></span> <span class='ocrx_word' id='word_1_93' title='bbox 1609 1267 1705 1308; x_wconf 90' lang='lat' dir='ltr'><strong>eos</strong></span> <span class='ocrx_word' id='word_1_94' title='bbox 1736 1252 1828 1323; x_wconf 89' lang='lat' dir='ltr'><strong>qui</strong></span> <span class='ocrx_word' id='word_1_95' title='bbox 1865 1266 2000 1323; x_wconf 87' lang='lat' dir='ltr'><strong>pure</strong></span> 
     </span>
    </p>
   </div>
   <div class='ocr_carea' id='block_1_15' title="bbox 412 1344 1675 1410">
    <p class='ocr_par' dir='ltr' id='par_1_15' title="bbox 412 1344 1675 1410">
     <span class='ocr_line' id='line_1_15' title="bbox 412 1344 1675 1410; baseline -0.001 -12"><span class='ocrx_word' id='word_1_96' title='bbox 412 1344 600 1400; x_wconf 86' lang='lat' dir='ltr'><strong>vivunt</strong></span> <span class='ocrx_word' id='word_1_97' title='bbox 625 1345 895 1400; x_wconf 89' lang='lat' dir='ltr'><strong>nominari</strong></span> <span class='ocrx_word' id='word_1_98' title='bbox 924 1346 1064 1399; x_wconf 90' lang='lat' dir='ltr'><strong>lilios</strong></span> <span class='ocrx_word' id='word_1_99' title='bbox 1096 1344 1254 1410; x_wconf 89' lang='lat' dir='ltr'><strong>lucis,</strong></span> <span class='ocrx_word' id='word_1_100' title='bbox 1287 1353 1340 1399; x_wconf 90' lang='lat' dir='ltr'><strong>et</strong></span> <span class='ocrx_word' id='word_1_101' title='bbox 1370 1344 1513 1400; x_wconf 86' lang='lat' dir='ltr'><strong>ﬁlios</strong></span> <span class='ocrx_word' id='word_1_102' title='bbox 1543 1345 1675 1400; x_wconf 89' lang='lat' dir='ltr'><strong>diei.</strong></span> 
     </span>
    </p>
   </div>
   <div class='ocr_carea' id='block_1_16' title="bbox 2093 421 3681 499">
    <p class='ocr_par' dir='ltr' id='par_1_16' title="bbox 2093 421 3681 499">
     <span class='ocr_line' id='line_1_16' title="bbox 2093 421 3681 499; baseline -0.001 -20"><span class='ocrx_word' id='word_1_103' title='bbox 2093 426 2227 479; x_wconf 81' lang='grc' dir='ltr'>ἀλλὰ</span> <span class='ocrx_word' id='word_1_104' title='bbox 2253 428 2312 479; x_wconf 82' lang='grc' dir='ltr'>τὸ</span> <span class='ocrx_word' id='word_1_105' title='bbox 2354 427 2642 499; x_wconf 68' lang='grc' dir='ltr'><strong>⁴ιτάμφορον</strong></span> <span class='ocrx_word' id='word_1_106' title='bbox 2681 425 2792 481; x_wconf 84' lang='grc' dir='ltr'><strong>τῶν</strong></span> <span class='ocrx_word' id='word_1_107' title='bbox 2826 427 2949 479; x_wconf 84' lang='grc' dir='ltr'>κατ’</span> <span class='ocrx_word' id='word_1_108' title='bbox 2975 422 3179 495; x_wconf 80' lang='grc' dir='ltr'>ἀρετὴν</span> <span class='ocrx_word' id='word_1_109' title='bbox 3211 421 3437 491; x_wconf 78' lang='grc' dir='ltr'><strong>ἀγαθῶν</strong></span> <span class='ocrx_word' id='word_1_110' title='bbox 3474 438 3681 493; x_wconf 81' lang='grc' dir='ltr'>μαρτν·</span> 
     </span>
    </p>
   </div>
   <div class='ocr_carea' id='block_1_17' title="bbox 2096 508 3679 591">
    <p class='ocr_par' dir='ltr' id='par_1_17' title="bbox 2096 508 3679 591">
     <span class='ocr_line' id='line_1_17' title="bbox 2096 508 3679 591; baseline -0.004 -19"><span class='ocrx_word' id='word_1_111' title='bbox 2096 517 2266 590; x_wconf 87' lang='grc' dir='ltr'><strong>ροῦσα</strong></span> <span class='ocrx_word' id='word_1_112' title='bbox 2294 521 2362 590; x_wconf 82' lang='grc' dir='ltr'>τῇ</span> <span class='ocrx_word' id='word_1_113' title='bbox 2389 514 2618 591; x_wconf 79' lang='grc' dir='ltr'>θυγατρὶ</span> <span class='ocrx_word' id='word_1_114' title='bbox 2643 517 2738 573; x_wconf 81' lang='grc' dir='ltr'>τοῦ</span> <span class='ocrx_word' id='word_1_115' title='bbox 2779 516 2919 581; x_wconf 78' lang='grc' dir='ltr'>Ἰὼϐ,</span> <span class='ocrx_word' id='word_1_116' title='bbox 2953 515 3043 569; x_wconf 74' lang='grc' dir='ltr'>διὰ</span> <span class='ocrx_word' id='word_1_117' title='bbox 3067 514 3161 568; x_wconf 80' lang='grc' dir='ltr'>τοῦ</span> <span class='ocrx_word' id='word_1_118' title='bbox 3192 513 3465 583; x_wconf 82' lang='grc' dir='ltr'>ὀνόματος</span> <span class='ocrx_word' id='word_1_119' title='bbox 3495 508 3679 591; x_wconf 66' lang='grc' dir='ltr'>τούτου</span> 
     </span>
    </p>
   </div>
   <div class='ocr_carea' id='block_1_18' title="bbox 2094 590 3684 681">
    <p class='ocr_par' dir='ltr' id='par_1_18' title="bbox 2094 590 3684 681">
     <span class='ocr_line' id='line_1_18' title="bbox 2094 590 3684 681; baseline -0.003 -18"><span class='ocrx_word' id='word_1_120' title='bbox 2094 610 2456 681; x_wconf 78' lang='grc' dir='ltr'><strong>παρίστησιν·</strong></span> <span class='ocrx_word' id='word_1_121' title='bbox 2514 590 2655 663; x_wconf 78' lang='grc' dir='ltr'>ὥστε</span> <span class='ocrx_word' id='word_1_122' title='bbox 2708 608 2799 663; x_wconf 75' lang='grc' dir='ltr'>τὸν</span> <span class='ocrx_word' id='word_1_123' title='bbox 2845 606 3247 677; x_wconf 73' lang='grc' dir='ltr'><strong>λελογισμένως</strong></span> <span class='ocrx_word' id='word_1_124' title='bbox 3294 604 3400 675; x_wconf 84' lang='grc' dir='ltr'><strong>τῆς</strong></span> <span class='ocrx_word' id='word_1_125' title='bbox 3458 590 3684 674; x_wconf 64' lang='grc' dir='ltr'>Γραφῆς</span> 
     </span>
    </p>
   </div>
   <div class='ocr_carea' id='block_1_19' title="bbox 2096 694 3685 768">
    <p class='ocr_par' dir='ltr' id='par_1_19' title="bbox 2096 694 3685 768">
     <span class='ocr_line' id='line_1_19' title="bbox 2096 694 3685 768; baseline -0.008 -11"><span class='ocrx_word' id='word_1_126' title='bbox 2096 704 2376 768; x_wconf 81' lang='grc' dir='ltr'>ἐπαΐοντα,</span> <span class='ocrx_word' id='word_1_127' title='bbox 2423 700 2514 756; x_wconf 85' lang='grc' dir='ltr'><strong>τδν</strong></span> <span class='ocrx_word' id='word_1_128' title='bbox 2566 702 2766 756; x_wconf 74' lang='grc' dir='ltr'>σκοπὸν</span> <span class='ocrx_word' id='word_1_129' title='bbox 2814 698 2910 755; x_wconf 76' lang='grc' dir='ltr'>τοῦ</span> <span class='ocrx_word' id='word_1_130' title='bbox 2940 700 3163 753; x_wconf 87' lang='grc' dir='ltr'>ἐπαίνου</span> <span class='ocrx_word' id='word_1_131' title='bbox 3191 700 3383 768; x_wconf 84' lang='grc' dir='ltr'>νοῆσαι</span> <span class='ocrx_word' id='word_1_132' title='bbox 3431 694 3601 767; x_wconf 78' lang='grc' dir='ltr'>μόνον</span> <span class='ocrx_word' id='word_1_133' title='bbox 3628 696 3685 745; x_wconf 77' lang='grc' dir='ltr'>ἐκ</span> 
     </span>
    </p>
   </div>
   <div class='ocr_carea' id='block_1_20' title="bbox 2096 786 3687 866">
    <p class='ocr_par' dir='ltr' id='par_1_20' title="bbox 2096 786 3687 866">
     <span class='ocr_line' id='line_1_20' title="bbox 2096 786 3687 866; baseline -0.008 -18"><span class='ocrx_word' id='word_1_134' title='bbox 2096 795 2189 848; x_wconf 76' lang='grc' dir='ltr'>τοῦ</span> <span class='ocrx_word' id='word_1_135' title='bbox 2232 795 2528 866; x_wconf 84' lang='grc' dir='ltr'>ὀνόματος,</span> <span class='ocrx_word' id='word_1_136' title='bbox 2579 795 2678 858; x_wconf 83' lang='grc' dir='ltr'>τὰς</span> <span class='ocrx_word' id='word_1_137' title='bbox 2729 793 2787 848; x_wconf 81' lang='grc' dir='ltr'>δὲ</span> <span class='ocrx_word' id='word_1_138' title='bbox 2854 792 3091 865; x_wconf 74' lang='grc' dir='ltr'>μυθικὰς</span> <span class='ocrx_word' id='word_1_139' title='bbox 3138 790 3431 860; x_wconf 78' lang='grc' dir='ltr'><strong>τερατείας</strong></span> <span class='ocrx_word' id='word_1_140' title='bbox 3475 786 3687 858; x_wconf 75' lang='grc' dir='ltr'><strong>χαίρειν</strong></span> 
     </span>
    </p>
   </div>
   <div class='ocr_carea' id='block_1_21' title="bbox 2095 875 3687 958">
    <p class='ocr_par' dir='ltr' id='par_1_21' title="bbox 2095 875 3687 958">
     <span class='ocr_line' id='line_1_21' title="bbox 2095 875 3687 958; baseline -0.009 -18"><span class='ocrx_word' id='word_1_141' title='bbox 2095 887 2288 952; x_wconf 80' lang='grc' dir='ltr'>ἐᾶσαι,</span> <span class='ocrx_word' id='word_1_142' title='bbox 2340 886 2415 948; x_wconf 83' lang='grc' dir='ltr'>ὡς</span> <span class='ocrx_word' id='word_1_143' title='bbox 2462 885 2556 938; x_wconf 76' lang='grc' dir='ltr'><strong>καὶ</strong></span> <span class='ocrx_word' id='word_1_144' title='bbox 2605 885 2702 958; x_wconf 81' lang='grc' dir='ltr'><strong>τὴν</strong></span> <span class='ocrx_word' id='word_1_145' title='bbox 2745 887 2974 941; x_wconf 83' lang='grc' dir='ltr'>κασσίαν</span> <span class='ocrx_word' id='word_1_146' title='bbox 3007 885 3100 938; x_wconf 70' lang='grc' dir='ltr'>καὶ</span> <span class='ocrx_word' id='word_1_147' title='bbox 3138 883 3236 954; x_wconf 79' lang='grc' dir='ltr'>τὴν</span> <span class='ocrx_word' id='word_1_148' title='bbox 3265 878 3485 952; x_wconf 78' lang='grc' dir='ltr'><strong>ἡμέραν</strong></span> <span class='ocrx_word' id='word_1_149' title='bbox 3527 875 3687 928; x_wconf 73' lang='grc' dir='ltr'>ἁκού-</span> 
     </span>
    </p>
   </div>
   <div class='ocr_carea' id='block_1_22' title="bbox 2098 966 3689 1049">
    <p class='ocr_par' dir='ltr' id='par_1_22' title="bbox 2098 966 3689 1049">
     <span class='ocr_line' id='line_1_22' title="bbox 2098 966 3689 1049; baseline -0.006 -21"><span class='ocrx_word' id='word_1_150' title='bbox 2098 992 2323 1042; x_wconf 86' lang='grc' dir='ltr'>σαντες,</span> <span class='ocrx_word' id='word_1_151' title='bbox 2349 974 2471 1029; x_wconf 73' lang='grc' dir='ltr'>οὔτε</span> <span class='ocrx_word' id='word_1_152' title='bbox 2518 977 2617 1048; x_wconf 81' lang='grc' dir='ltr'>τὴν</span> <span class='ocrx_word' id='word_1_153' title='bbox 2668 975 3027 1049; x_wconf 82' lang='grc' dir='ltr'>άρωματικὴν</span> <span class='ocrx_word' id='word_1_154' title='bbox 3076 975 3229 1043; x_wconf 80' lang='grc' dir='ltr'>ὓλην,</span> <span class='ocrx_word' id='word_1_155' title='bbox 3257 970 3384 1026; x_wconf 73' lang='grc' dir='ltr'>οὗτε</span> <span class='ocrx_word' id='word_1_156' title='bbox 3419 969 3519 1022; x_wconf 74' lang='grc' dir='ltr'><strong>τὸν</strong></span> <span class='ocrx_word' id='word_1_157' title='bbox 3551 966 3689 1035; x_wconf 45' lang='grc' dir='ltr'>ὑήρ</span> 
     </span>
    </p>
   </div>
   <div class='ocr_carea' id='block_1_23' title="bbox 2096 1058 3683 1142">
    <p class='ocr_par' dir='ltr' id='par_1_23' title="bbox 2096 1058 3683 1142">
     <span class='ocr_line' id='line_1_23' title="bbox 2096 1058 3683 1142; baseline -0.011 -17"><span class='ocrx_word' id='word_1_158' title='bbox 2096 1069 2202 1140; x_wconf 82' lang='grc' dir='ltr'><strong>γῆς</strong></span> <span class='ocrx_word' id='word_1_159' title='bbox 2235 1069 2328 1123; x_wconf 77' lang='grc' dir='ltr'>τοῦ</span> <span class='ocrx_word' id='word_1_160' title='bbox 2356 1069 2509 1141; x_wconf 78' lang='grc' dir='ltr'>ἡλίου</span> <span class='ocrx_word' id='word_1_161' title='bbox 2541 1070 2762 1142; x_wconf 83' lang='grc' dir='ltr'><strong>δρόμον,</strong></span> <span class='ocrx_word' id='word_1_162' title='bbox 2795 1068 2884 1123; x_wconf 77' lang='grc' dir='ltr'>διὰ</span> <span class='ocrx_word' id='word_1_163' title='bbox 2909 1068 3019 1122; x_wconf 83' lang='grc' dir='ltr'><strong>τῶν</strong></span> <span class='ocrx_word' id='word_1_164' title='bbox 3053 1065 3332 1136; x_wconf 83' lang='grc' dir='ltr'><strong>ὀνομάτων</strong></span> <span class='ocrx_word' id='word_1_165' title='bbox 3368 1058 3683 1132; x_wconf 79' lang='grc' dir='ltr'>ὲμάθομεν’</span> 
     </span>
    </p>
   </div>
   <div class='ocr_carea' id='block_1_24' title="bbox 2105 1152 3691 1234">
    <p class='ocr_par' dir='ltr' id='par_1_24' title="bbox 2105 1152 3691 1234">
     <span class='ocr_line' id='line_1_24' title="bbox 2105 1152 3691 1234; baseline -0.01 -19"><span class='ocrx_word' id='word_1_166' title='bbox 2105 1160 2240 1215; x_wconf 82' lang='grc' dir='ltr'>ἀλλὰ</span> <span class='ocrx_word' id='word_1_167' title='bbox 2268 1162 2365 1232; x_wconf 84' lang='grc' dir='ltr'><strong>τῆς</strong></span> <span class='ocrx_word' id='word_1_168' title='bbox 2408 1164 2529 1216; x_wconf 76' lang='grc' dir='ltr'>κατ’</span> <span class='ocrx_word' id='word_1_169' title='bbox 2571 1161 2772 1234; x_wconf 79' lang='grc' dir='ltr'>ἀρετὴν</span> <span class='ocrx_word' id='word_1_170' title='bbox 2818 1160 2997 1215; x_wconf 78' lang='grc' dir='ltr'>αὐτῶν</span> <span class='ocrx_word' id='word_1_171' title='bbox 3031 1157 3304 1219; x_wconf 88' lang='grc' dir='ltr'>πολιτείας</span> <span class='ocrx_word' id='word_1_172' title='bbox 3335 1152 3574 1217; x_wconf 78' lang='grc' dir='ltr'>ἔνδειξιν</span> <span class='ocrx_word' id='word_1_173' title='bbox 3601 1167 3691 1201; x_wconf 75' lang='grc' dir='ltr'>πε-</span> 
     </span>
    </p>
   </div>
   <div class='ocr_carea' id='block_1_25' title="bbox 2110 1240 3693 1323">
    <p class='ocr_par' dir='ltr' id='par_1_25' title="bbox 2110 1240 3693 1323">
     <span class='ocr_line' id='line_1_25' title="bbox 2110 1240 3693 1323; baseline -0.021 0"><span class='ocrx_word' id='word_1_174' title='bbox 2110 1250 2310 1321; x_wconf 75' lang='grc' dir='ltr'>ριέχειν</span> <span class='ocrx_word' id='word_1_175' title='bbox 2339 1253 2517 1323; x_wconf 80' lang='grc' dir='ltr'>φαμὲν</span> <span class='ocrx_word' id='word_1_176' title='bbox 2546 1252 2613 1306; x_wconf 78' lang='grc' dir='ltr'>τὰ</span> <span class='ocrx_word' id='word_1_177' title='bbox 2647 1254 2902 1323; x_wconf 82' lang='grc' dir='ltr'>ὀνόματα.</span> <span class='ocrx_word' id='word_1_178' title='bbox 2933 1245 3035 1303; x_wconf 81' lang='grc' dir='ltr'>Ὧν</span> <span class='ocrx_word' id='word_1_179' title='bbox 3069 1251 3102 1321; x_wconf 83' lang='grc' dir='ltr'>ἡ</span> <span class='ocrx_word' id='word_1_180' title='bbox 3131 1249 3229 1320; x_wconf 80' lang='grc' dir='ltr'>μὲν</span> <span class='ocrx_word' id='word_1_181' title='bbox 3260 1244 3489 1300; x_wconf 78' lang='grc' dir='ltr'>Κασσία</span> <span class='ocrx_word' id='word_1_182' title='bbox 3512 1240 3577 1293; x_wconf 79' lang='grc' dir='ltr'>τὸ</span> <span class='ocrx_word' id='word_1_183' title='bbox 3596 1257 3693 1292; x_wconf 81' lang='grc' dir='ltr'>κα-</span> 
     </span>
    </p>
   </div>
   <div class='ocr_carea' id='block_1_26' title="bbox 2106 1333 3696 1419">
    <p class='ocr_par' dir='ltr' id='par_1_26' title="bbox 2106 1333 3696 1419">
     <span class='ocr_line' id='line_1_26' title="bbox 2106 1333 3696 1419; baseline -0.018 -10"><span class='ocrx_word' id='word_1_184' title='bbox 2106 1344 2416 1419; x_wconf 74' lang='grc' dir='ltr'>θαρώτερον</span> <span class='ocrx_word' id='word_1_185' title='bbox 2445 1345 2541 1400; x_wconf 74' lang='grc' dir='ltr'><strong>καὶ</strong></span> <span class='ocrx_word' id='word_1_186' title='bbox 2577 1346 2773 1409; x_wconf 81' lang='grc' dir='ltr'>εὑῶδες</span> <span class='ocrx_word' id='word_1_187' title='bbox 2804 1343 2913 1397; x_wconf 81' lang='grc' dir='ltr'>τῶν</span> <span class='ocrx_word' id='word_1_188' title='bbox 2942 1342 3393 1413; x_wconf 72' lang='grc' dir='ltr'><strong>ἐπιτηδευμάτων</strong></span> <span class='ocrx_word' id='word_1_189' title='bbox 3418 1333 3696 1389; x_wconf 76' lang='grc' dir='ltr'>ἐνδείκνυ-</span> 
     </span>
    </p>
   </div>
   <div class='ocr_carea' id='block_1_27' title="bbox 413 1419 3695 1511">
    <p class='ocr_par' dir='ltr' id='par_1_27' title="bbox 413 1419 3695 1511">
     <span class='ocr_line' id='line_1_27' title="bbox 413 1419 3695 1511; baseline -0.002 -18"><span class='ocrx_word' id='word_1_190' title='bbox 413 1455 531 1495; x_wconf 88' lang='grc' dir='ltr'><strong>ται·</strong></span> <span class='ocrx_word' id='word_1_191' title='bbox 561 1443 595 1510; x_wconf 82' lang='grc' dir='ltr'><strong>ἡ</strong></span> <span class='ocrx_word' id='word_1_192' title='bbox 621 1439 677 1492; x_wconf 81' lang='grc' dir='ltr'>δὲ</span> <span class='ocrx_word' id='word_1_193' title='bbox 727 1436 940 1510; x_wconf 80' lang='grc' dir='ltr'>Ἡμέρα</span> <span class='ocrx_word' id='word_1_194' title='bbox 970 1436 1031 1490; x_wconf 80' lang='grc' dir='ltr'><strong>τὸ</strong></span> <span class='ocrx_word' id='word_1_195' title='bbox 1063 1436 1359 1508; x_wconf 80' lang='grc' dir='ltr'>εύσχημον,</span> <span class='ocrx_word' id='word_1_196' title='bbox 1389 1437 1571 1501; x_wconf 81' lang='grc' dir='ltr'>καθώς</span> <span class='ocrx_word' id='word_1_197' title='bbox 1599 1453 1765 1507; x_wconf 87' lang='grc' dir='ltr'>φησιν</span> <span class='ocrx_word' id='word_1_198' title='bbox 1795 1438 1823 1489; x_wconf 86' lang='grc' dir='ltr'><strong>ό</strong></span> <span class='ocrx_word' id='word_1_199' title='bbox 1873 1435 2192 1500; x_wconf 83' lang='grc' dir='ltr'>Ἀπόστολος</span> <span class='ocrx_word' id='word_1_200' title='bbox 2212 1480 2225 1503; x_wconf 84' lang='grc'><strong>,</strong></span> <span class='ocrx_word' id='word_1_201' title='bbox 2265 1439 2393 1501; x_wconf 82' lang='grc' dir='ltr'>τοὺς</span> <span class='ocrx_word' id='word_1_202' title='bbox 2428 1438 2683 1511; x_wconf 79' lang='grc' dir='ltr'>καθαρῶς</span> <span class='ocrx_word' id='word_1_203' title='bbox 2729 1436 3071 1508; x_wconf 77' lang='grc' dir='ltr'><strong>βιοτεύοντας</strong></span> <span class='ocrx_word' id='word_1_204' title='bbox 3132 1435 3298 1488; x_wconf 78' lang='grc' dir='ltr'>τέκνα</span> <span class='ocrx_word' id='word_1_205' title='bbox 3348 1428 3540 1500; x_wconf 75' lang='grc' dir='ltr'>φωτὸς</span> <span class='ocrx_word' id='word_1_206' title='bbox 3601 1419 3695 1478; x_wconf 58' lang='grc' dir='ltr'><strong>καλ</strong></span> 
     </span>
    </p>
   </div>
   <div class='ocr_carea' id='block_1_28' title="bbox 412 1532 1313 1607">
    <p class='ocr_par' dir='ltr' id='par_1_28' title="bbox 412 1532 1313 1607">
     <span class='ocr_line' id='line_1_28' title="bbox 412 1532 1313 1607; baseline -0.004 -18"><span class='ocrx_word' id='word_1_207' title='bbox 412 1536 563 1599; x_wconf 77' lang='grc' dir='ltr'>υἱοὺς</span> <span class='ocrx_word' id='word_1_208' title='bbox 586 1534 797 1607; x_wconf 79' lang='grc' dir='ltr'>ἡμέρας</span> <span class='ocrx_word' id='word_1_209' title='bbox 824 1532 1313 1603; x_wconf 74' lang='grc' dir='ltr'>κατονομάζεσθαι.</span> 
     </span>
    </p>
   </div>
   <div class='ocr_carea' id='block_1_29' title="bbox 482 1613 1955 1698">
    <p class='ocr_par' dir='ltr' id='par_1_29' title="bbox 482 1625 1955 1698">
     <span class='ocr_line' id='line_1_29' title="bbox 482 1625 1955 1698; baseline -0.005 -13"><span class='ocrx_word' id='word_1_210' title='bbox 482 1630 560 1685; x_wconf 88' lang='lat' dir='ltr'><strong>Ita</strong></span> <span class='ocrx_word' id='word_1_211' title='bbox 597 1629 685 1683; x_wconf 89' lang='lat' dir='ltr'><strong>hic</strong></span> <span class='ocrx_word' id='word_1_212' title='bbox 722 1643 940 1698; x_wconf 87' lang='lat' dir='ltr'><strong>quoque</strong></span> <span class='ocrx_word' id='word_1_213' title='bbox 969 1627 1034 1681; x_wconf 88' lang='lat' dir='ltr'><strong>ad</strong></span> <span class='ocrx_word' id='word_1_214' title='bbox 1081 1626 1297 1681; x_wconf 87' lang='lat' dir='ltr'><strong>laudem</strong></span> <span class='ocrx_word' id='word_1_215' title='bbox 1332 1641 1554 1697; x_wconf 71' lang='lat' dir='ltr'><strong>sponsa:</strong></span> <span class='ocrx_word' id='word_1_216' title='bbox 1586 1642 1694 1680; x_wconf 80' lang='lat' dir='ltr'><strong>non</strong></span> <span class='ocrx_word' id='word_1_217' title='bbox 1729 1634 1859 1682; x_wconf 85' lang='lat' dir='ltr'><strong>sunt</strong></span> <span class='ocrx_word' id='word_1_218' title='bbox 1904 1625 1955 1679; x_wconf 91' lang='lat' dir='ltr'><strong>in</strong></span> 
     </span>
    </p>
   </div>
   <div class='ocr_carea' id='block_1_30' title="bbox 2217 1613 3690 1698">
    <p class='ocr_par' dir='ltr' id='par_1_30' title="bbox 2217 1613 3690 1688">
     <span class='ocr_line' id='line_1_30' title="bbox 2217 1613 3690 1688; baseline -0.008 -12"><span class='ocrx_word' id='word_1_219' title='bbox 2217 1623 2347 1686; x_wconf 68' lang='lat' dir='ltr'><strong>itm;</strong></span> <span class='ocrx_word' id='word_1_220' title='bbox 2384 1619 2476 1677; x_wconf 80' lang='grc' dir='ltr'>οὗν</span> <span class='ocrx_word' id='word_1_221' title='bbox 2518 1623 2612 1676; x_wconf 74' lang='grc' dir='ltr'><strong>καὶ</strong></span> <span class='ocrx_word' id='word_1_222' title='bbox 2648 1621 2886 1676; x_wconf 76' lang='grc' dir='ltr'>ἐνταῦθα</span> <span class='ocrx_word' id='word_1_223' title='bbox 2933 1621 3033 1675; x_wconf 76' lang='grc' dir='ltr'><strong>οὐκ</strong></span> <span class='ocrx_word' id='word_1_224' title='bbox 3060 1617 3335 1688; x_wconf 83' lang='grc' dir='ltr'>ἀσυντελῆ</span> <span class='ocrx_word' id='word_1_225' title='bbox 3372 1615 3524 1688; x_wconf 71' lang='grc' dir='ltr'>πρὸς</span> <span class='ocrx_word' id='word_1_226' title='bbox 3570 1613 3690 1675; x_wconf 64' lang='lat' dir='ltr'><strong>tab;</strong></span> 
     </span>
    </p>
   </div>
   <div class='ocr_carea' id='block_1_31' title="bbox 415 1715 1991 1786">
    <p class='ocr_par' dir='ltr' id='par_1_31' title="bbox 415 1715 1991 1786">
     <span class='ocr_line' id='line_1_31' title="bbox 415 1715 1991 1786; baseline -0.004 -13"><span class='ocrx_word' id='word_1_227' title='bbox 415 1718 593 1780; x_wconf 88' lang='lat' dir='ltr'><strong>utilia,</strong></span> <span class='ocrx_word' id='word_1_228' title='bbox 647 1732 769 1786; x_wconf 77' lang='lat' dir='ltr'><strong>qua:</strong></span> <span class='ocrx_word' id='word_1_229' title='bbox 802 1716 1062 1770; x_wconf 85' lang='lat' dir='ltr'><strong>dicuntur</strong></span> <span class='ocrx_word' id='word_1_230' title='bbox 1087 1715 1154 1770; x_wconf 90' lang='lat' dir='ltr'><strong>de</strong></span> <span class='ocrx_word' id='word_1_231' title='bbox 1185 1715 1541 1770; x_wconf 87' lang='lat' dir='ltr'><strong>cinnamomo</strong></span> <span class='ocrx_word' id='word_1_232' title='bbox 1594 1731 1690 1786; x_wconf 87' lang='lat' dir='ltr'><strong>per</strong></span> <span class='ocrx_word' id='word_1_233' title='bbox 1730 1715 1991 1786; x_wconf 88' lang='lat' dir='ltr'><strong>tropicam</strong></span> 
     </span>
    </p>
   </div>
   <div class='ocr_carea' id='block_1_32' title="bbox 412 1805 1997 1879">
    <p class='ocr_par' dir='ltr' id='par_1_32' title="bbox 412 1805 1997 1879">
     <span class='ocr_line' id='line_1_32' title="bbox 412 1805 1997 1879; baseline -0.004 -15"><span class='ocrx_word' id='word_1_234' title='bbox 412 1809 832 1879; x_wconf 84' lang='lat' dir='ltr'><strong>expositionem,</strong></span> <span class='ocrx_word' id='word_1_235' title='bbox 888 1806 935 1861; x_wconf 92' lang='lat' dir='ltr'><strong>si</strong></span> <span class='ocrx_word' id='word_1_236' title='bbox 976 1813 1269 1861; x_wconf 88' lang='lat' dir='ltr'><strong>sumantur</strong></span> <span class='ocrx_word' id='word_1_237' title='bbox 1314 1805 1380 1860; x_wconf 85' lang='lat' dir='ltr'><strong>ad</strong></span> <span class='ocrx_word' id='word_1_238' title='bbox 1414 1815 1796 1877; x_wconf 81' lang='lat' dir='ltr'><strong>argumentum</strong></span> <span class='ocrx_word' id='word_1_239' title='bbox 1833 1820 1997 1860; x_wconf 70' lang='lat' dir='ltr'><strong>enco~</strong></span> 
     </span>
    </p>
   </div>
   <div class='ocr_carea' id='block_1_33' title="bbox 412 1897 1995 1967">
    <p class='ocr_par' dir='ltr' id='par_1_33' title="bbox 412 1897 1995 1967">
     <span class='ocr_line' id='line_1_33' title="bbox 412 1897 1995 1967; baseline -0.002 -12"><span class='ocrx_word' id='word_1_240' title='bbox 412 1903 670 1955; x_wconf 87' lang='lat' dir='ltr'><strong>miorum.</strong></span> <span class='ocrx_word' id='word_1_241' title='bbox 710 1897 814 1965; x_wconf 86' lang='lat' dir='ltr'><strong>Qui</strong></span> <span class='ocrx_word' id='word_1_242' title='bbox 845 1907 1027 1952; x_wconf 87' lang='lat' dir='ltr'><strong>autem</strong></span> <span class='ocrx_word' id='word_1_243' title='bbox 1057 1897 1172 1967; x_wconf 89' lang='lat' dir='ltr'><strong>jam</strong></span> <span class='ocrx_word' id='word_1_244' title='bbox 1204 1905 1394 1953; x_wconf 89' lang='lat' dir='ltr'><strong>tantus</strong></span> <span class='ocrx_word' id='word_1_245' title='bbox 1428 1899 1628 1964; x_wconf 81' lang='lat' dir='ltr'><strong>evasit,</strong></span> <span class='ocrx_word' id='word_1_246' title='bbox 1670 1907 1724 1952; x_wconf 90' lang='lat' dir='ltr'><strong>et</strong></span> <span class='ocrx_word' id='word_1_247' title='bbox 1749 1898 1817 1953; x_wconf 87' lang='lat' dir='ltr'><strong>ad</strong></span> <span class='ocrx_word' id='word_1_248' title='bbox 1856 1898 1995 1952; x_wconf 88' lang='lat' dir='ltr'><strong>hanc</strong></span> 
     </span>
    </p>
   </div>
   <div class='ocr_carea' id='block_1_34' title="bbox 410 1990 1997 2062">
    <p class='ocr_par' dir='ltr' id='par_1_34' title="bbox 410 1990 1997 2062">
     <span class='ocr_line' id='line_1_34' title="bbox 410 1990 1997 2062; baseline -0.004 -12"><span class='ocrx_word' id='word_1_249' title='bbox 410 1992 787 2049; x_wconf 88' lang='lat' dir='ltr'><strong>encomiorum</strong></span> <span class='ocrx_word' id='word_1_250' title='bbox 817 1990 928 2062; x_wconf 80' lang='lat' dir='ltr'><strong>jam</strong></span> <span class='ocrx_word' id='word_1_251' title='bbox 963 1992 1210 2059; x_wconf 87' lang='lat' dir='ltr'><strong>pervenit</strong></span> <span class='ocrx_word' id='word_1_252' title='bbox 1243 1990 1616 2054; x_wconf 87' lang='lat' dir='ltr'><strong>altitudinem,</strong></span> <span class='ocrx_word' id='word_1_253' title='bbox 1650 1990 1997 2044; x_wconf 67' lang='lat' dir='ltr'><strong>divinaaima-</strong></span> 
     </span>
    </p>
   </div>
   <div class='ocr_carea' id='block_1_35' title="bbox 412 2084 1992 2161">
    <p class='ocr_par' dir='ltr' id='par_1_35' title="bbox 412 2084 1992 2161">
     <span class='ocr_line' id='line_1_35' title="bbox 412 2084 1992 2161; baseline -0.004 -18"><span class='ocrx_word' id='word_1_254' title='bbox 412 2089 558 2161; x_wconf 73' lang='lat' dir='ltr'><strong>ginis</strong></span> <span class='ocrx_word' id='word_1_255' title='bbox 586 2087 640 2141; x_wconf 91' lang='lat' dir='ltr'><strong>in</strong></span> <span class='ocrx_word' id='word_1_256' title='bbox 677 2102 737 2143; x_wconf 92' lang='lat' dir='ltr'><strong>se</strong></span> <span class='ocrx_word' id='word_1_257' title='bbox 774 2084 1017 2142; x_wconf 87' lang='lat' dir='ltr'><strong>ostendit</strong></span> <span class='ocrx_word' id='word_1_258' title='bbox 1049 2100 1146 2156; x_wconf 90' lang='lat' dir='ltr'><strong>per</strong></span> <span class='ocrx_word' id='word_1_259' title='bbox 1181 2085 1364 2140; x_wconf 84' lang='lat' dir='ltr'><strong>omnia</strong></span> <span class='ocrx_word' id='word_1_260' title='bbox 1397 2084 1600 2154; x_wconf 82' lang='lat' dir='ltr'><strong>ﬁguras</strong></span> <span class='ocrx_word' id='word_1_261' title='bbox 1627 2092 1681 2139; x_wconf 91' lang='lat' dir='ltr'><strong>et</strong></span> <span class='ocrx_word' id='word_1_262' title='bbox 1711 2084 1992 2139; x_wconf 83' lang='lat' dir='ltr'><strong>characte-</strong></span> 
     </span>
    </p>
   </div>
   <div class='ocr_carea' id='block_1_36' title="bbox 411 2175 1995 2245">
    <p class='ocr_par' dir='ltr' id='par_1_36' title="bbox 411 2175 1995 2245">
     <span class='ocr_line' id='line_1_36' title="bbox 411 2175 1995 2245; baseline -0.003 -12"><span class='ocrx_word' id='word_1_263' title='bbox 411 2197 519 2237; x_wconf 88' lang='lat' dir='ltr'><strong>res.</strong></span> <span class='ocrx_word' id='word_1_264' title='bbox 560 2178 675 2234; x_wconf 86' lang='lat' dir='ltr'><strong>Hoc</strong></span> <span class='ocrx_word' id='word_1_265' title='bbox 704 2179 851 2234; x_wconf 87' lang='lat' dir='ltr'><strong>enim</strong></span> <span class='ocrx_word' id='word_1_266' title='bbox 891 2177 1132 2234; x_wconf 88' lang='lat' dir='ltr'><strong>ostendit</strong></span> <span class='ocrx_word' id='word_1_267' title='bbox 1158 2176 1349 2232; x_wconf 88' lang='lat' dir='ltr'><strong>dicens</strong></span> <span class='ocrx_word' id='word_1_268' title='bbox 1388 2194 1401 2229; x_wconf 91' lang='lat'><strong>:</strong></span> <span class='ocrx_word' id='word_1_269' title='bbox 1452 2175 1535 2228; x_wconf 74' lang='lat' dir='ltr'><strong>Ex</strong></span> <span class='ocrx_word' id='word_1_270' title='bbox 1559 2177 1803 2230; x_wconf 85' lang='lat' dir='ltr'><strong>omnibus</strong></span> <span class='ocrx_word' id='word_1_271' title='bbox 1838 2175 1995 2245; x_wconf 81' lang='lat' dir='ltr'><strong>lignis</strong></span> 
     </span>
    </p>
   </div>
   <div class='ocr_carea' id='block_1_37' title="bbox 411 2267 1992 2339">
    <p class='ocr_par' dir='ltr' id='par_1_37' title="bbox 411 2267 1992 2339">
     <span class='ocr_line' id='line_1_37' title="bbox 411 2267 1992 2339; baseline -0.003 -13"><span class='ocrx_word' id='word_1_272' title='bbox 411 2272 623 2327; x_wconf 82' lang='lat' dir='ltr'><strong>Libani.</strong></span> <span class='ocrx_word' id='word_1_273' title='bbox 648 2271 767 2325; x_wconf 87' lang='lat' dir='ltr'><strong>Non</strong></span> <span class='ocrx_word' id='word_1_274' title='bbox 792 2286 915 2326; x_wconf 88' lang='lat' dir='ltr'><strong>esse</strong></span> <span class='ocrx_word' id='word_1_275' title='bbox 940 2270 1087 2325; x_wconf 87' lang='lat' dir='ltr'><strong>enim</strong></span> <span class='ocrx_word' id='word_1_276' title='bbox 1133 2269 1407 2324; x_wconf 81' lang='lat' dir='ltr'><strong>uniforme</strong></span> <span class='ocrx_word' id='word_1_277' title='bbox 1439 2270 1646 2339; x_wconf 81' lang='lat' dir='ltr'><strong>lignum</strong></span> <span class='ocrx_word' id='word_1_278' title='bbox 1693 2268 1885 2323; x_wconf 88' lang='lat' dir='ltr'><strong>Libani</strong></span> <span class='ocrx_word' id='word_1_279' title='bbox 1908 2267 1992 2322; x_wconf 83' lang='lat' dir='ltr'><strong>di—</strong></span> 
     </span>
    </p>
   </div>
   <div class='ocr_carea' id='block_1_38' title="bbox 410 2359 1993 2435">
    <p class='ocr_par' dir='ltr' id='par_1_38' title="bbox 410 2359 1993 2435">
     <span class='ocr_line' id='line_1_38' title="bbox 410 2359 1993 2435; baseline -0.004 -15"><span class='ocrx_word' id='word_1_280' title='bbox 410 2373 543 2420; x_wconf 79' lang='lat' dir='ltr'><strong>runt</strong></span> <span class='ocrx_word' id='word_1_281' title='bbox 572 2363 666 2435; x_wconf 84' lang='lat' dir='ltr'><strong>qui</strong></span> <span class='ocrx_word' id='word_1_282' title='bbox 699 2363 814 2418; x_wconf 78' lang='lat' dir='ltr'><strong>haec</strong></span> <span class='ocrx_word' id='word_1_283' title='bbox 854 2363 1240 2427; x_wconf 84' lang='lat' dir='ltr'><strong>observarunt,</strong></span> <span class='ocrx_word' id='word_1_284' title='bbox 1283 2362 1426 2416; x_wconf 86' lang='lat' dir='ltr'><strong>unde</strong></span> <span class='ocrx_word' id='word_1_285' title='bbox 1457 2362 1583 2417; x_wconf 91' lang='lat' dir='ltr'><strong>thus</strong></span> <span class='ocrx_word' id='word_1_286' title='bbox 1626 2359 1768 2425; x_wconf 77' lang='lat' dir='ltr'><strong>ﬂuit,</strong></span> <span class='ocrx_word' id='word_1_287' title='bbox 1815 2361 1911 2416; x_wconf 90' lang='lat' dir='ltr'><strong>sed</strong></span> <span class='ocrx_word' id='word_1_288' title='bbox 1940 2361 1993 2413; x_wconf 89' lang='lat' dir='ltr'><strong>in</strong></span> 
     </span>
    </p>
   </div>
   <div class='ocr_carea' id='block_1_39' title="bbox 412 2453 1992 2529">
    <p class='ocr_par' dir='ltr' id='par_1_39' title="bbox 412 2453 1992 2529">
     <span class='ocr_line' id='line_1_39' title="bbox 412 2453 1992 2529; baseline -0.003 -17"><span class='ocrx_word' id='word_1_289' title='bbox 412 2458 577 2529; x_wconf 82' lang='lat' dir='ltr'><strong>lignis</strong></span> <span class='ocrx_word' id='word_1_290' title='bbox 610 2472 735 2513; x_wconf 89' lang='lat' dir='ltr'><strong>esse</strong></span> <span class='ocrx_word' id='word_1_291' title='bbox 769 2455 1155 2521; x_wconf 84' lang='lat' dir='ltr'><strong>diﬂ&#39;erentiam,</strong></span> <span class='ocrx_word' id='word_1_292' title='bbox 1201 2471 1323 2525; x_wconf 57' lang='lat' dir='ltr'><strong>qua:</strong></span> <span class='ocrx_word' id='word_1_293' title='bbox 1369 2455 1597 2525; x_wconf 82' lang='lat' dir='ltr'><strong>ﬁguram</strong></span> <span class='ocrx_word' id='word_1_294' title='bbox 1625 2454 1894 2508; x_wconf 86' lang='lat' dir='ltr'><strong>aromatis</strong></span> <span class='ocrx_word' id='word_1_295' title='bbox 1923 2453 1992 2508; x_wconf 84' lang='lat' dir='ltr'><strong>si-</strong></span> 
     </span>
    </p>
   </div>
   <div class='ocr_carea' id='block_1_40' title="bbox 412 2545 1995 2618">
    <p class='ocr_par' dir='ltr' id='par_1_40' title="bbox 412 2545 1995 2618">
     <span class='ocr_line' id='line_1_40' title="bbox 412 2545 1995 2618; baseline -0.002 -14"><span class='ocrx_word' id='word_1_296' title='bbox 412 2550 525 2604; x_wconf 88' lang='lat' dir='ltr'><strong>mul</strong></span> <span class='ocrx_word' id='word_1_297' title='bbox 560 2550 735 2604; x_wconf 86' lang='lat' dir='ltr'><strong>variat</strong></span> <span class='ocrx_word' id='word_1_298' title='bbox 759 2563 883 2602; x_wconf 90' lang='lat' dir='ltr'><strong>cum</strong></span> <span class='ocrx_word' id='word_1_299' title='bbox 916 2546 1091 2600; x_wconf 80' lang='lat' dir='ltr'><strong>forma</strong></span> <span class='ocrx_word' id='word_1_300' title='bbox 1123 2546 1277 2617; x_wconf 80' lang='lat' dir='ltr'><strong>ligni.</strong></span> <span class='ocrx_word' id='word_1_301' title='bbox 1332 2547 1438 2613; x_wconf 88' lang='lat' dir='ltr'><strong>Qui</strong></span> <span class='ocrx_word' id='word_1_302' title='bbox 1480 2562 1612 2618; x_wconf 87' lang='lat' dir='ltr'><strong>ergo</strong></span> <span class='ocrx_word' id='word_1_303' title='bbox 1646 2547 1703 2601; x_wconf 91' lang='lat' dir='ltr'><strong>in</strong></span> <span class='ocrx_word' id='word_1_304' title='bbox 1737 2545 1995 2602; x_wconf 89' lang='lat' dir='ltr'><strong>omnibus</strong></span> 
     </span>
    </p>
   </div>
   <div class='ocr_carea' id='block_1_41' title="bbox 413 2635 1995 2708">
    <p class='ocr_par' dir='ltr' id='par_1_41' title="bbox 413 2635 1995 2708">
     <span class='ocr_line' id='line_1_41' title="bbox 413 2635 1995 2708; baseline -0.001 -15"><span class='ocrx_word' id='word_1_305' title='bbox 413 2641 538 2695; x_wconf 85' lang='lat' dir='ltr'><strong>vitae</strong></span> <span class='ocrx_word' id='word_1_306' title='bbox 569 2639 773 2695; x_wconf 87' lang='lat' dir='ltr'><strong>studiis</strong></span> <span class='ocrx_word' id='word_1_307' title='bbox 806 2639 861 2693; x_wconf 93' lang='lat' dir='ltr'><strong>in</strong></span> <span class='ocrx_word' id='word_1_308' title='bbox 880 2651 939 2692; x_wconf 90' lang='lat' dir='ltr'><strong>se</strong></span> <span class='ocrx_word' id='word_1_309' title='bbox 959 2636 1236 2708; x_wconf 80' lang='lat' dir='ltr'><strong>signiﬁcat</strong></span> <span class='ocrx_word' id='word_1_310' title='bbox 1264 2635 1465 2692; x_wconf 77' lang='lat' dir='ltr'><strong>divina:</strong></span> <span class='ocrx_word' id='word_1_311' title='bbox 1511 2636 1704 2693; x_wconf 68' lang='lat' dir='ltr'><strong>formae</strong></span> <span class='ocrx_word' id='word_1_312' title='bbox 1740 2638 1995 2693; x_wconf 77' lang='lat' dir='ltr'><strong>similitu-</strong></span> 
     </span>
    </p>
   </div>
   <div class='ocr_carea' id='block_1_42' title="bbox 410 2726 1991 2798">
    <p class='ocr_par' dir='ltr' id='par_1_42' title="bbox 410 2726 1991 2798">
     <span class='ocr_line' id='line_1_42' title="bbox 410 2726 1991 2798; baseline -0.004 -11"><span class='ocrx_word' id='word_1_313' title='bbox 410 2732 616 2796; x_wconf 90' lang='lat' dir='ltr'><strong>dinem,</strong></span> <span class='ocrx_word' id='word_1_314' title='bbox 650 2731 705 2785; x_wconf 90' lang='lat' dir='ltr'><strong>in</strong></span> <span class='ocrx_word' id='word_1_315' title='bbox 742 2745 802 2785; x_wconf 94' lang='lat' dir='ltr'><strong>se</strong></span> <span class='ocrx_word' id='word_1_316' title='bbox 846 2728 1087 2784; x_wconf 84' lang='lat' dir='ltr'><strong>ostendit</strong></span> <span class='ocrx_word' id='word_1_317' title='bbox 1117 2726 1584 2798; x_wconf 83' lang='lat' dir='ltr'><strong>pulchritudinem</strong></span> <span class='ocrx_word' id='word_1_318' title='bbox 1644 2729 1888 2784; x_wconf 90' lang='lat' dir='ltr'><strong>omnium</strong></span> <span class='ocrx_word' id='word_1_319' title='bbox 1929 2730 1991 2782; x_wconf 61' lang='lat' dir='ltr'><strong>lio</strong></span> 
     </span>
    </p>
   </div>
   <div class='ocr_carea' id='block_1_43' title="bbox 410 2818 1986 2893">
    <p class='ocr_par' dir='ltr' id='par_1_43' title="bbox 410 2818 1986 2893">
     <span class='ocr_line' id='line_1_43' title="bbox 410 2818 1986 2893; baseline 0.001 -21"><span class='ocrx_word' id='word_1_320' title='bbox 410 2838 643 2893; x_wconf 75' lang='lat' dir='ltr'><strong>gnarum</strong></span> <span class='ocrx_word' id='word_1_321' title='bbox 687 2820 903 2884; x_wconf 89' lang='lat' dir='ltr'><strong>Libani,</strong></span> <span class='ocrx_word' id='word_1_322' title='bbox 936 2835 1032 2890; x_wconf 89' lang='lat' dir='ltr'><strong>per</strong></span> <span class='ocrx_word' id='word_1_323' title='bbox 1058 2835 1180 2889; x_wconf 73' lang='lat' dir='ltr'><strong>qua:</strong></span> <span class='ocrx_word' id='word_1_324' title='bbox 1214 2819 1543 2890; x_wconf 74' lang='lat' dir='ltr'><strong>exprimitur</strong></span> <span class='ocrx_word' id='word_1_325' title='bbox 1573 2818 1751 2874; x_wconf 82' lang='lat' dir='ltr'><strong>forma</strong></span> <span class='ocrx_word' id='word_1_326' title='bbox 1778 2820 1986 2875; x_wconf 80' lang='lat' dir='ltr'><strong>divina.</strong></span> 
     </span>
    </p>
   </div>
   <div class='ocr_carea' id='block_1_44' title="bbox 411 2911 1991 2981">
    <p class='ocr_par' dir='ltr' id='par_1_44' title="bbox 411 2911 1991 2981">
     <span class='ocr_line' id='line_1_44' title="bbox 411 2911 1991 2981; baseline -0.003 -12"><span class='ocrx_word' id='word_1_327' title='bbox 411 2913 582 2970; x_wconf 79' lang='lat' dir='ltr'><strong>Nemo</strong></span> <span class='ocrx_word' id='word_1_328' title='bbox 610 2912 757 2969; x_wconf 83' lang='lat' dir='ltr'><strong>enim</strong></span> <span class='ocrx_word' id='word_1_329' title='bbox 814 2911 870 2967; x_wconf 83' lang='lat' dir='ltr'><strong>ﬁt</strong></span> <span class='ocrx_word' id='word_1_330' title='bbox 891 2911 987 2967; x_wconf 84' lang='lat' dir='ltr'><strong>Dei</strong></span> <span class='ocrx_word' id='word_1_331' title='bbox 1025 2911 1214 2981; x_wconf 71' lang='lat' dir='ltr'><strong>gloriae</strong></span> <span class='ocrx_word' id='word_1_332' title='bbox 1246 2911 1549 2981; x_wconf 86' lang='lat' dir='ltr'><strong>particeps,</strong></span> <span class='ocrx_word' id='word_1_333' title='bbox 1599 2912 1693 2981; x_wconf 87' lang='lat' dir='ltr'><strong>qui</strong></span> <span class='ocrx_word' id='word_1_334' title='bbox 1720 2926 1831 2965; x_wconf 90' lang='lat' dir='ltr'><strong>non</strong></span> <span class='ocrx_word' id='word_1_335' title='bbox 1879 2911 1991 2965; x_wconf 84' lang='lat' dir='ltr'><strong>iue-</strong></span> 
     </span>
    </p>
   </div>
   <div class='ocr_carea' id='block_1_45' title="bbox 413 3002 1991 3076">
    <p class='ocr_par' dir='ltr' id='par_1_45' title="bbox 413 3002 1991 3076">
     <span class='ocr_line' id='line_1_45' title="bbox 413 3002 1991 3076; baseline -0.004 -15"><span class='ocrx_word' id='word_1_336' title='bbox 413 3007 483 3061; x_wconf 92' lang='lat' dir='ltr'><strong>rit</strong></span> <span class='ocrx_word' id='word_1_337' title='bbox 500 3006 738 3076; x_wconf 82' lang='lat' dir='ltr'><strong>primum</strong></span> <span class='ocrx_word' id='word_1_338' title='bbox 756 3004 1062 3060; x_wconf 80' lang='lat' dir='ltr'><strong>conformis</strong></span> <span class='ocrx_word' id='word_1_339' title='bbox 1087 3002 1442 3059; x_wconf 86' lang='lat' dir='ltr'><strong>similitudini</strong></span> <span class='ocrx_word' id='word_1_340' title='bbox 1460 3003 1677 3058; x_wconf 88' lang='lat' dir='ltr'><strong>mortis.</strong></span> <span class='ocrx_word' id='word_1_341' title='bbox 1695 3002 1991 3073; x_wconf 83' lang='lat' dir='ltr'><strong>Propterea</strong></span> 
     </span>
    </p>
   </div>
   <div class='ocr_carea' id='block_1_46' title="bbox 413 3093 1993 3167">
    <p class='ocr_par' dir='ltr' id='par_1_46' title="bbox 413 3093 1993 3167">
     <span class='ocr_line' id='line_1_46' title="bbox 413 3093 1993 3167; baseline -0.002 -15"><span class='ocrx_word' id='word_1_342' title='bbox 413 3099 516 3152; x_wconf 92' lang='lat' dir='ltr'><strong>hoc</strong></span> <span class='ocrx_word' id='word_1_343' title='bbox 545 3112 766 3167; x_wconf 87' lang='lat' dir='ltr'><strong>quoque</strong></span> <span class='ocrx_word' id='word_1_344' title='bbox 801 3095 935 3151; x_wconf 91' lang='lat' dir='ltr'><strong>dicit</strong></span> <span class='ocrx_word' id='word_1_345' title='bbox 968 3095 1090 3149; x_wconf 88' lang='lat' dir='ltr'><strong>laus</strong></span> <span class='ocrx_word' id='word_1_346' title='bbox 1123 3094 1179 3148; x_wconf 91' lang='lat' dir='ltr'><strong>in</strong></span> <span class='ocrx_word' id='word_1_347' title='bbox 1215 3093 1472 3164; x_wconf 87' lang='lat' dir='ltr'><strong>catalogo</strong></span> <span class='ocrx_word' id='word_1_348' title='bbox 1496 3094 1993 3165; x_wconf 86' lang='lat' dir='ltr'><strong>aromatum,quod</strong></span> 
     </span>
    </p>
   </div>
   <div class='ocr_carea' id='block_1_47' title="bbox 412 3187 1996 3256">
    <p class='ocr_par' dir='ltr' id='par_1_47' title="bbox 412 3187 1996 3256">
     <span class='ocr_line' id='line_1_47' title="bbox 412 3187 1996 3256; baseline -0.002 -14"><span class='ocrx_word' id='word_1_349' title='bbox 412 3189 680 3243; x_wconf 87' lang='lat' dir='ltr'><strong>malorum</strong></span> <span class='ocrx_word' id='word_1_350' title='bbox 734 3187 1058 3256; x_wconf 90' lang='lat' dir='ltr'><strong>punicarum</strong></span> <span class='ocrx_word' id='word_1_351' title='bbox 1107 3200 1266 3256; x_wconf 90' lang='lat' dir='ltr'><strong>poma</strong></span> <span class='ocrx_word' id='word_1_352' title='bbox 1318 3192 1448 3239; x_wconf 90' lang='lat' dir='ltr'><strong>sunt</strong></span> <span class='ocrx_word' id='word_1_353' title='bbox 1495 3194 1693 3242; x_wconf 61' lang='lat' dir='ltr'><strong>caetera</strong></span> <span class='ocrx_word' id='word_1_354' title='bbox 1749 3193 1996 3242; x_wconf 86' lang='lat' dir='ltr'><strong>aromata</strong></span> 
     </span>
    </p>
   </div>
   <div class='ocr_carea' id='block_1_48' title="bbox 412 3277 1997 3352">
    <p class='ocr_par' dir='ltr' id='par_1_48' title="bbox 412 3277 1997 3352">
     <span class='ocr_line' id='line_1_48' title="bbox 412 3277 1997 3352; baseline -0.003 -16"><span class='ocrx_word' id='word_1_355' title='bbox 412 3295 535 3352; x_wconf 67' lang='lat' dir='ltr'><strong>quae</strong></span> <span class='ocrx_word' id='word_1_356' title='bbox 566 3277 855 3350; x_wconf 85' lang='lat' dir='ltr'><strong>Scriptura</strong></span> <span class='ocrx_word' id='word_1_357' title='bbox 892 3278 1194 3343; x_wconf 88' lang='lat' dir='ltr'><strong>recensuit,</strong></span> <span class='ocrx_word' id='word_1_358' title='bbox 1239 3287 1294 3332; x_wconf 81' lang='lat' dir='ltr'><strong>et</strong></span> <span class='ocrx_word' id='word_1_359' title='bbox 1340 3292 1466 3332; x_wconf 88' lang='lat' dir='ltr'><strong>cum</strong></span> <span class='ocrx_word' id='word_1_360' title='bbox 1516 3277 1599 3333; x_wconf 90' lang='lat' dir='ltr'><strong>eis</strong></span> <span class='ocrx_word' id='word_1_361' title='bbox 1638 3284 1724 3334; x_wconf 87' lang='lat' dir='ltr'><strong>est</strong></span> <span class='ocrx_word' id='word_1_362' title='bbox 1773 3278 1997 3351; x_wconf 85' lang='lat' dir='ltr'><strong>myrrha</strong></span> 
     </span>
    </p>
   </div>
   <div class='ocr_carea' id='block_1_49' title="bbox 411 3368 1998 3442">
    <p class='ocr_par' dir='ltr' id='par_1_49' title="bbox 411 3368 1998 3442">
     <span class='ocr_line' id='line_1_49' title="bbox 411 3368 1998 3442; baseline -0.003 -12"><span class='ocrx_word' id='word_1_363' title='bbox 411 3381 468 3430; x_wconf 87' lang='lat' dir='ltr'><strong>et</strong></span> <span class='ocrx_word' id='word_1_364' title='bbox 496 3372 636 3438; x_wconf 84' lang='lat' dir='ltr'><strong>aloe,</strong></span> <span class='ocrx_word' id='word_1_365' title='bbox 665 3382 719 3428; x_wconf 91' lang='lat' dir='ltr'><strong>et</strong></span> <span class='ocrx_word' id='word_1_366' title='bbox 754 3370 927 3442; x_wconf 90' lang='lat' dir='ltr'><strong>prima</strong></span> <span class='ocrx_word' id='word_1_367' title='bbox 976 3376 1278 3441; x_wconf 86' lang='lat' dir='ltr'><strong>unguenta.</strong></span> <span class='ocrx_word' id='word_1_368' title='bbox 1322 3368 1553 3426; x_wconf 83' lang='lat' dir='ltr'><strong>Videtur</strong></span> <span class='ocrx_word' id='word_1_369' title='bbox 1595 3369 1768 3437; x_wconf 89' lang='lat' dir='ltr'><strong>enim,</strong></span> <span class='ocrx_word' id='word_1_370' title='bbox 1805 3369 1998 3427; x_wconf 85' lang='lat' dir='ltr'><strong>dicens</strong></span> 
     </span>
    </p>
   </div>
   <div class='ocr_carea' id='block_1_50' title="bbox 412 3461 1998 3535">
    <p class='ocr_par' dir='ltr' id='par_1_50' title="bbox 412 3461 1998 3535">
     <span class='ocr_line' id='line_1_50' title="bbox 412 3461 1998 3535; baseline -0.003 -13"><span class='ocrx_word' id='word_1_371' title='bbox 412 3481 537 3522; x_wconf 88' lang='lat' dir='ltr'><strong>cum</strong></span> <span class='ocrx_word' id='word_1_372' title='bbox 590 3464 812 3535; x_wconf 85' lang='lat' dir='ltr'><strong>myrrha</strong></span> <span class='ocrx_word' id='word_1_373' title='bbox 863 3471 918 3518; x_wconf 87' lang='lat' dir='ltr'><strong>et</strong></span> <span class='ocrx_word' id='word_1_374' title='bbox 950 3462 1089 3528; x_wconf 88' lang='lat' dir='ltr'><strong>aloe,</strong></span> <span class='ocrx_word' id='word_1_375' title='bbox 1133 3462 1426 3518; x_wconf 84' lang='lat' dir='ltr'><strong>ostendere</strong></span> <span class='ocrx_word' id='word_1_376' title='bbox 1467 3462 1763 3532; x_wconf 59' lang='lat' dir='ltr'><strong>sepultura;</strong></span> <span class='ocrx_word' id='word_1_377' title='bbox 1819 3461 1998 3518; x_wconf 86' lang='lat' dir='ltr'><strong>socie-</strong></span> 
     </span>
    </p>
   </div>
   <div class='ocr_carea' id='block_1_51' title="bbox 414 3554 1998 3625">
    <p class='ocr_par' dir='ltr' id='par_1_51' title="bbox 414 3554 1998 3625">
     <span class='ocr_line' id='line_1_51' title="bbox 414 3554 1998 3625; baseline -0.004 -11"><span class='ocrx_word' id='word_1_378' title='bbox 414 3568 602 3625; x_wconf 80' lang='lat' dir='ltr'><strong>tatem,</strong></span> <span class='ocrx_word' id='word_1_379' title='bbox 633 3559 776 3614; x_wconf 85' lang='lat' dir='ltr'><strong>sicut</strong></span> <span class='ocrx_word' id='word_1_380' title='bbox 799 3557 1036 3613; x_wconf 87' lang='lat' dir='ltr'><strong>sublime</strong></span> <span class='ocrx_word' id='word_1_381' title='bbox 1065 3555 1200 3610; x_wconf 77' lang='lat' dir='ltr'><strong>dicit</strong></span> <span class='ocrx_word' id='word_1_382' title='bbox 1228 3554 1585 3625; x_wconf 86' lang='lat' dir='ltr'><strong>Evangelium</strong></span> <span class='ocrx_word' id='word_1_383' title='bbox 1605 3555 1676 3618; x_wconf 75' lang='grc'><strong>³³,</strong></span> <span class='ocrx_word' id='word_1_384' title='bbox 1727 3555 1873 3625; x_wconf 86' lang='lat' dir='ltr'><strong>quod</strong></span> <span class='ocrx_word' id='word_1_385' title='bbox 1902 3570 1998 3624; x_wconf 88' lang='lat' dir='ltr'><strong>per</strong></span> 
     </span>
    </p>
   </div>
   <div class='ocr_carea' id='block_1_52' title="bbox 412 3646 1999 3720">
    <p class='ocr_par' dir='ltr' id='par_1_52' title="bbox 412 3646 1999 3720">
     <span class='ocr_line' id='line_1_52' title="bbox 412 3646 1999 3720; baseline -0.006 -12"><span class='ocrx_word' id='word_1_386' title='bbox 412 3653 528 3708; x_wconf 61' lang='lat' dir='ltr'><strong>haec</strong></span> <span class='ocrx_word' id='word_1_387' title='bbox 559 3650 704 3706; x_wconf 81' lang='lat' dir='ltr'><strong>facta</strong></span> <span class='ocrx_word' id='word_1_388' title='bbox 736 3658 823 3705; x_wconf 85' lang='lat' dir='ltr'><strong>est</strong></span> <span class='ocrx_word' id='word_1_389' title='bbox 862 3648 1144 3720; x_wconf 89' lang='lat' dir='ltr'><strong>sepultura</strong></span> <span class='ocrx_word' id='word_1_390' title='bbox 1183 3646 1309 3717; x_wconf 80' lang='lat' dir='ltr'><strong>ejus</strong></span> <span class='ocrx_word' id='word_1_391' title='bbox 1344 3647 1441 3716; x_wconf 84' lang='lat' dir='ltr'><strong>qui</strong></span> <span class='ocrx_word' id='word_1_392' title='bbox 1476 3646 1721 3718; x_wconf 83' lang='lat' dir='ltr'><strong>gustavit</strong></span> <span class='ocrx_word' id='word_1_393' title='bbox 1764 3660 1865 3716; x_wconf 80' lang='lat' dir='ltr'><strong>pro</strong></span> <span class='ocrx_word' id='word_1_394' title='bbox 1900 3660 1999 3700; x_wconf 83' lang='lat' dir='ltr'><strong>no-</strong></span> 
     </span>
    </p>
   </div>
   <div class='ocr_carea' id='block_1_53' title="bbox 413 3737 1994 3812">
    <p class='ocr_par' dir='ltr' id='par_1_53' title="bbox 413 3737 1994 3812">
     <span class='ocr_line' id='line_1_53' title="bbox 413 3737 1994 3812; baseline -0.007 -10"><span class='ocrx_word' id='word_1_395' title='bbox 413 3746 499 3802; x_wconf 89' lang='lat' dir='ltr'><strong>bis</strong></span> <span class='ocrx_word' id='word_1_396' title='bbox 527 3754 780 3799; x_wconf 88' lang='lat' dir='ltr'><strong>mortem.</strong></span> <span class='ocrx_word' id='word_1_397' title='bbox 823 3741 928 3797; x_wconf 89' lang='lat' dir='ltr'><strong>Per</strong></span> <span class='ocrx_word' id='word_1_398' title='bbox 961 3743 1139 3812; x_wconf 87' lang='lat' dir='ltr'><strong>prima</strong></span> <span class='ocrx_word' id='word_1_399' title='bbox 1175 3749 1357 3796; x_wconf 86' lang='lat' dir='ltr'><strong>autem</strong></span> <span class='ocrx_word' id='word_1_400' title='bbox 1393 3749 1673 3810; x_wconf 85' lang='lat' dir='ltr'><strong>unguenta</strong></span> <span class='ocrx_word' id='word_1_401' title='bbox 1703 3737 1994 3810; x_wconf 87' lang='lat' dir='ltr'><strong>Scriptura</strong></span> 
     </span>
    </p>
   </div>
   <div class='ocr_carea' id='block_1_54' title="bbox 414 3814 1996 3906">
    <p class='ocr_par' dir='ltr' id='par_1_54' title="bbox 414 3814 1996 3906">
     <span class='ocr_line' id='line_1_54' title="bbox 414 3814 1996 3906; baseline -0.007 -13"><span class='ocrx_word' id='word_1_402' title='bbox 414 3837 659 3895; x_wconf 88' lang='lat' dir='ltr'><strong>ostendit</strong></span> <span class='ocrx_word' id='word_1_403' title='bbox 696 3814 990 3906; x_wconf 74' lang='lat' dir='ltr'><strong>puritatem</strong></span> <span class='ocrx_word' id='word_1_404' title='bbox 1023 3842 1079 3888; x_wconf 90' lang='lat' dir='ltr'><strong>et</strong></span> <span class='ocrx_word' id='word_1_405' title='bbox 1111 3832 1489 3887; x_wconf 87' lang='lat' dir='ltr'><strong>sinceritatem</strong></span> <span class='ocrx_word' id='word_1_406' title='bbox 1514 3830 1583 3884; x_wconf 87' lang='lat' dir='ltr'><strong>ab</strong></span> <span class='ocrx_word' id='word_1_407' title='bbox 1613 3830 1767 3885; x_wconf 78' lang='lat' dir='ltr'><strong>enini</strong></span> <span class='ocrx_word' id='word_1_408' title='bbox 1813 3831 1996 3899; x_wconf 67' lang='lat' dir='ltr'><strong>pravi-</strong></span> 
     </span>
    </p>
   </div>
   <div class='ocr_carea' id='block_1_55' title="bbox 417 3918 1991 3997">
    <p class='ocr_par' dir='ltr' id='par_1_55' title="bbox 417 3918 1991 3997">
     <span class='ocr_line' id='line_1_55' title="bbox 417 3918 1991 3997; baseline -0.008 -12"><span class='ocrx_word' id='word_1_409' title='bbox 417 3937 528 3985; x_wconf 89' lang='lat' dir='ltr'><strong>tate</strong></span> <span class='ocrx_word' id='word_1_410' title='bbox 552 3925 968 3997; x_wconf 88' lang='lat' dir='ltr'><strong>cauponatoria,</strong></span> <span class='ocrx_word' id='word_1_411' title='bbox 994 3924 1136 3978; x_wconf 91' lang='lat' dir='ltr'><strong>sicut</strong></span> <span class='ocrx_word' id='word_1_412' title='bbox 1160 3922 1329 3976; x_wconf 80' lang='lat' dir='ltr'><strong>Amos</strong></span> <span class='ocrx_word' id='word_1_413' title='bbox 1360 3921 1428 3976; x_wconf 91' lang='lat' dir='ltr'><strong>iis</strong></span> <span class='ocrx_word' id='word_1_414' title='bbox 1461 3920 1556 3991; x_wconf 91' lang='lat' dir='ltr'><strong>qui</strong></span> <span class='ocrx_word' id='word_1_415' title='bbox 1585 3935 1644 3976; x_wconf 85' lang='lat' dir='ltr'><strong>se</strong></span> <span class='ocrx_word' id='word_1_416' title='bbox 1673 3918 1991 3989; x_wconf 87' lang='lat' dir='ltr'><strong>hujusmodi</strong></span> 
     </span>
    </p>
   </div>
   <div class='ocr_carea' id='block_1_56' title="bbox 418 4010 1997 4089">
    <p class='ocr_par' dir='ltr' id='par_1_56' title="bbox 418 4010 1997 4089">
     <span class='ocr_line' id='line_1_56' title="bbox 418 4010 1997 4089; baseline -0.009 -13"><span class='ocrx_word' id='word_1_417' title='bbox 418 4021 639 4089; x_wconf 79' lang='lat' dir='ltr'><strong>explent</strong></span> <span class='ocrx_word' id='word_1_418' title='bbox 700 4017 911 4072; x_wconf 86' lang='lat' dir='ltr'><strong>deliciis</strong></span> <span class='ocrx_word' id='word_1_419' title='bbox 958 4015 1075 4070; x_wconf 71' lang='lat' dir='ltr'><strong>haec</strong></span> <span class='ocrx_word' id='word_1_420' title='bbox 1118 4014 1339 4083; x_wconf 84' lang='lat' dir='ltr'><strong>objicit,</strong></span> <span class='ocrx_word' id='word_1_421' title='bbox 1395 4013 1588 4068; x_wconf 90' lang='lat' dir='ltr'><strong>dicens</strong></span> <span class='ocrx_word' id='word_1_422' title='bbox 1620 4030 1634 4068; x_wconf 89' lang='lat'><strong>:</strong></span> <span class='ocrx_word' id='word_1_423' title='bbox 1662 4011 1769 4078; x_wconf 86' lang='lat' dir='ltr'><strong>Qui</strong></span> <span class='ocrx_word' id='word_1_424' title='bbox 1822 4010 1997 4065; x_wconf 83' lang='lat' dir='ltr'><strong>vinum</strong></span> 
     </span>
    </p>
   </div>
   <div class='ocr_carea' id='block_1_57' title="bbox 420 4101 1997 4179">
    <p class='ocr_par' dir='ltr' id='par_1_57' title="bbox 420 4101 1997 4179">
     <span class='ocr_line' id='line_1_57' title="bbox 420 4101 1997 4179; baseline -0.008 -14"><span class='ocrx_word' id='word_1_425' title='bbox 420 4109 602 4165; x_wconf 83' lang='lat' dir='ltr'><strong>bibunt</strong></span> <span class='ocrx_word' id='word_1_426' title='bbox 626 4108 976 4179; x_wconf 82' lang='lat' dir='ltr'><strong>percolatum,</strong></span> <span class='ocrx_word' id='word_1_427' title='bbox 1000 4113 1049 4157; x_wconf 85' lang='lat' dir='ltr'><strong>et</strong></span> <span class='ocrx_word' id='word_1_428' title='bbox 1089 4114 1361 4174; x_wconf 85' lang='lat' dir='ltr'><strong>unguntur</strong></span> <span class='ocrx_word' id='word_1_429' title='bbox 1401 4103 1586 4171; x_wconf 80' lang='lat' dir='ltr'><strong>primis</strong></span> <span class='ocrx_word' id='word_1_430' title='bbox 1620 4101 1898 4172; x_wconf 79' lang='lat' dir='ltr'><strong>unguentis</strong></span> <span class='ocrx_word' id='word_1_431' title='bbox 1920 4101 1997 4153; x_wconf 69' lang='lat'><strong>“.-</strong></span> 
     </span>
    </p>
   </div>
   <div class='ocr_carea' id='block_1_58' title="bbox 419 4192 1997 4264">
    <p class='ocr_par' dir='ltr' id='par_1_58' title="bbox 419 4192 1997 4264">
     <span class='ocr_line' id='line_1_58' title="bbox 419 4192 1997 4264; baseline -0.008 -8"><span class='ocrx_word' id='word_1_432' title='bbox 419 4209 473 4256; x_wconf 72' lang='grc' dir='ltr'><strong>οι</strong></span> <span class='ocrx_word' id='word_1_433' title='bbox 519 4207 679 4256; x_wconf 88' lang='lat' dir='ltr'><strong>antea</strong></span> <span class='ocrx_word' id='word_1_434' title='bbox 715 4219 727 4253; x_wconf 96' lang='lat'>:</span> <span class='ocrx_word' id='word_1_435' title='bbox 761 4197 866 4263; x_wconf 85' lang='lat' dir='ltr'><strong>Qui</strong></span> <span class='ocrx_word' id='word_1_436' title='bbox 918 4194 1220 4262; x_wconf 82' lang='lat' dir='ltr'><strong>comedunt,</strong></span> <span class='ocrx_word' id='word_1_437' title='bbox 1268 4194 1469 4264; x_wconf 84' lang='lat' dir='ltr'><strong>inquit,</strong></span> <span class='ocrx_word' id='word_1_438' title='bbox 1500 4192 1681 4247; x_wconf 69' lang='lat' dir='ltr'><strong>haedos</strong></span> <span class='ocrx_word' id='word_1_439' title='bbox 1732 4207 1797 4246; x_wconf 80' lang='lat' dir='ltr'><strong>ea:</strong></span> <span class='ocrx_word' id='word_1_440' title='bbox 1828 4207 1997 4262; x_wconf 85' lang='lat' dir='ltr'><strong>grege,</strong></span> 
     </span>
    </p>
   </div>
   <div class='ocr_carea' id='block_1_59' title="bbox 2096 1703 3691 1787">
    <p class='ocr_par' dir='ltr' id='par_1_59' title="bbox 2096 1703 3691 1787">
     <span class='ocr_line' id='line_1_59' title="bbox 2096 1703 3691 1787; baseline -0.009 -18"><span class='ocrx_word' id='word_1_441' title='bbox 2096 1716 2351 1780; x_wconf 76' lang='grc' dir='ltr'>ἐπαίνους</span> <span class='ocrx_word' id='word_1_442' title='bbox 2372 1715 2468 1787; x_wconf 80' lang='grc' dir='ltr'><strong>τῆς</strong></span> <span class='ocrx_word' id='word_1_443' title='bbox 2485 1716 2703 1786; x_wconf 83' lang='grc' dir='ltr'><strong>νύμφης</strong></span> <span class='ocrx_word' id='word_1_444' title='bbox 2723 1714 2840 1768; x_wconf 69' lang='grc' dir='ltr'>ἐστὶ</span> <span class='ocrx_word' id='word_1_445' title='bbox 2864 1713 2932 1767; x_wconf 83' lang='grc' dir='ltr'>τὰ</span> <span class='ocrx_word' id='word_1_446' title='bbox 2952 1730 3017 1764; x_wconf 87' lang='grc' dir='ltr'><strong>πε</strong></span> <span class='ocrx_word' id='word_1_447' title='bbox 3026 1712 3079 1783; x_wconf 66' lang='lat' dir='ltr'><strong>pl</strong></span> <span class='ocrx_word' id='word_1_448' title='bbox 3100 1710 3193 1764; x_wconf 80' lang='grc' dir='ltr'>τοῦ</span> <span class='ocrx_word' id='word_1_449' title='bbox 3220 1706 3590 1778; x_wconf 78' lang='grc' dir='ltr'>κινναμώμου</span> <span class='ocrx_word' id='word_1_450' title='bbox 3610 1703 3691 1756; x_wconf 68' lang='grc' dir='ltr'>διὰ</span> 
     </span>
    </p>
   </div>
   <div class='ocr_carea' id='block_1_60' title="bbox 2095 1799 3691 1880">
    <p class='ocr_par' dir='ltr' id='par_1_60' title="bbox 2095 1799 3691 1880">
     <span class='ocr_line' id='line_1_60' title="bbox 2095 1799 3691 1880; baseline -0.008 -20"><span class='ocrx_word' id='word_1_451' title='bbox 2095 1808 2195 1879; x_wconf 88' lang='grc' dir='ltr'><strong>τῆς</strong></span> <span class='ocrx_word' id='word_1_452' title='bbox 2218 1811 2484 1880; x_wconf 83' lang='grc' dir='ltr'>τροπικῆς</span> <span class='ocrx_word' id='word_1_453' title='bbox 2508 1804 2819 1879; x_wconf 76' lang='grc' dir='ltr'>ἐξηγήσεως</span> <span class='ocrx_word' id='word_1_454' title='bbox 2847 1801 3376 1876; x_wconf 77' lang='grc' dir='ltr'>μεταλαμϐανόμενα</span> <span class='ocrx_word' id='word_1_455' title='bbox 3404 1800 3493 1861; x_wconf 84' lang='grc' dir='ltr'><strong>είς</strong></span> <span class='ocrx_word' id='word_1_456' title='bbox 3527 1799 3691 1864; x_wconf 78' lang='grc' dir='ltr'>ἐγκω-</span> 
     </span>
    </p>
   </div>
   <div class='ocr_carea' id='block_1_61' title="bbox 2099 1889 3693 1971">
    <p class='ocr_par' dir='ltr' id='par_1_61' title="bbox 2099 1889 3693 1971">
     <span class='ocr_line' id='line_1_61' title="bbox 2099 1889 3693 1971; baseline -0.006 -20"><span class='ocrx_word' id='word_1_457' title='bbox 2099 1900 2238 1971; x_wconf 87' lang='grc' dir='ltr'>μίων</span> <span class='ocrx_word' id='word_1_458' title='bbox 2288 1900 2563 1954; x_wconf 78' lang='grc' dir='ltr'>ὑπόθεσιν.</span> <span class='ocrx_word' id='word_1_459' title='bbox 2611 1900 2668 1952; x_wconf 84' lang='grc' dir='ltr'><strong>Ὀ</strong></span> <span class='ocrx_word' id='word_1_460' title='bbox 2696 1899 2753 1953; x_wconf 82' lang='grc' dir='ltr'>δὲ</span> <span class='ocrx_word' id='word_1_461' title='bbox 2788 1896 3041 1961; x_wconf 81' lang='grc' dir='ltr'>τοσοῦτος</span> <span class='ocrx_word' id='word_1_462' title='bbox 3082 1895 3182 1967; x_wconf 80' lang='grc' dir='ltr'><strong>ῆδη</strong></span> <span class='ocrx_word' id='word_1_463' title='bbox 3222 1892 3566 1963; x_wconf 83' lang='grc' dir='ltr'>γενόμενος,</span> <span class='ocrx_word' id='word_1_464' title='bbox 3601 1889 3693 1943; x_wconf 70' lang='grc' dir='ltr'><strong>καὶ</strong></span> 
     </span>
    </p>
   </div>
   <div class='ocr_carea' id='block_1_62' title="bbox 2099 1980 3691 2063">
    <p class='ocr_par' dir='ltr' id='par_1_62' title="bbox 2099 1980 3691 2063">
     <span class='ocr_line' id='line_1_62' title="bbox 2099 1980 3691 2063; baseline -0.008 -18"><span class='ocrx_word' id='word_1_465' title='bbox 2099 1992 2231 2063; x_wconf 81' lang='grc' dir='ltr'>πρὸς</span> <span class='ocrx_word' id='word_1_466' title='bbox 2260 1993 2419 2046; x_wconf 84' lang='grc' dir='ltr'>τοῦτο</span> <span class='ocrx_word' id='word_1_467' title='bbox 2466 1992 2677 2062; x_wconf 79' lang='grc' dir='ltr'>φθάσας</span> <span class='ocrx_word' id='word_1_468' title='bbox 2713 1992 2822 2045; x_wconf 84' lang='grc' dir='ltr'>τῶν</span> <span class='ocrx_word' id='word_1_469' title='bbox 2860 1988 3150 2058; x_wconf 75' lang='grc' dir='ltr'>ἐγκωμίων</span> <span class='ocrx_word' id='word_1_470' title='bbox 3197 1986 3258 2040; x_wconf 77' lang='grc' dir='ltr'>τὸ</span> <span class='ocrx_word' id='word_1_471' title='bbox 3287 1984 3428 2054; x_wconf 71' lang='grc' dir='ltr'>ὕψος</span> <span class='ocrx_word' id='word_1_472' title='bbox 3472 1981 3571 2036; x_wconf 73' lang='grc' dir='ltr'>διὰ</span> <span class='ocrx_word' id='word_1_473' title='bbox 3601 1980 3691 2034; x_wconf 67' lang='grc' dir='ltr'>τοῦ</span> 
     </span>
    </p>
   </div>
   <div class='ocr_carea' id='block_1_63' title="bbox 2100 2069 3691 2155">
    <p class='ocr_par' dir='ltr' id='par_1_63' title="bbox 2100 2069 3691 2155">
     <span class='ocr_line' id='line_1_63' title="bbox 2100 2069 3691 2155; baseline -0.008 -19"><span class='ocrx_word' id='word_1_474' title='bbox 2100 2084 2235 2154; x_wconf 83' lang='grc' dir='ltr'>βίου,</span> <span class='ocrx_word' id='word_1_475' title='bbox 2275 2083 2362 2138; x_wconf 66' lang='grc' dir='ltr'><strong>διὰ</strong></span> <span class='ocrx_word' id='word_1_476' title='bbox 2413 2085 2632 2139; x_wconf 87' lang='grc' dir='ltr'>πάντων</span> <span class='ocrx_word' id='word_1_477' title='bbox 2677 2084 2775 2155; x_wconf 89' lang='grc' dir='ltr'><strong>τῆς</strong></span> <span class='ocrx_word' id='word_1_478' title='bbox 2818 2081 2969 2145; x_wconf 82' lang='grc' dir='ltr'>θείας</span> <span class='ocrx_word' id='word_1_479' title='bbox 2999 2080 3200 2143; x_wconf 81' lang='grc' dir='ltr'>εἰκόνος</span> <span class='ocrx_word' id='word_1_480' title='bbox 3233 2076 3316 2146; x_wconf 83' lang='grc' dir='ltr'><strong>ἐφ’</strong></span> <span class='ocrx_word' id='word_1_481' title='bbox 3350 2071 3561 2129; x_wconf 79' lang='grc' dir='ltr'>ἑαυτοῦ</span> <span class='ocrx_word' id='word_1_482' title='bbox 3589 2069 3691 2125; x_wconf 82' lang='grc' dir='ltr'>δεί-</span> 
     </span>
    </p>
   </div>
   <div class='ocr_carea' id='block_1_64' title="bbox 2099 2167 3691 2250">
    <p class='ocr_par' dir='ltr' id='par_1_64' title="bbox 2099 2167 3691 2250">
     <span class='ocr_line' id='line_1_64' title="bbox 2099 2167 3691 2250; baseline -0.008 -19"><span class='ocrx_word' id='word_1_483' title='bbox 2099 2196 2253 2233; x_wconf 86' lang='grc' dir='ltr'>κνυσι</span> <span class='ocrx_word' id='word_1_484' title='bbox 2308 2180 2436 2242; x_wconf 79' lang='grc' dir='ltr'>τοὺς</span> <span class='ocrx_word' id='word_1_485' title='bbox 2484 2178 2855 2250; x_wconf 84' lang='grc' dir='ltr'>χαρακτῆρας.</span> <span class='ocrx_word' id='word_1_486' title='bbox 2907 2174 3077 2228; x_wconf 80' lang='grc' dir='ltr'>Τοῦτο</span> <span class='ocrx_word' id='word_1_487' title='bbox 3119 2172 3228 2244; x_wconf 82' lang='grc' dir='ltr'>γὰρ</span> <span class='ocrx_word' id='word_1_488' title='bbox 3282 2167 3691 2223; x_wconf 78' lang='grc' dir='ltr'>ἐνδείκνυταιό</span> 
     </span>
    </p>
   </div>
   <div class='ocr_carea' id='block_1_65' title="bbox 2098 2258 3690 2331">
    <p class='ocr_par' dir='ltr' id='par_1_65' title="bbox 2098 2258 3690 2331">
     <span class='ocr_line' id='line_1_65' title="bbox 2098 2258 3690 2331; baseline -0.011 -5"><span class='ocrx_word' id='word_1_489' title='bbox 2098 2271 2303 2326; x_wconf 79' lang='grc' dir='ltr'>εἰπών·</span> <span class='ocrx_word' id='word_1_490' title='bbox 2369 2272 2451 2324; x_wconf 84' lang='grc' dir='ltr'>ὅτι</span> <span class='ocrx_word' id='word_1_491' title='bbox 2510 2269 2644 2325; x_wconf 80' lang='grc' dir='ltr'><strong>Ἀπὸ</strong></span> <span class='ocrx_word' id='word_1_492' title='bbox 2694 2267 2936 2322; x_wconf 77' lang='grc' dir='ltr'>πάντων</span> <span class='ocrx_word' id='word_1_493' title='bbox 2978 2266 3180 2331; x_wconf 75' lang='grc' dir='ltr'>ξύλων</span> <span class='ocrx_word' id='word_1_494' title='bbox 3230 2261 3340 2316; x_wconf 84' lang='grc' dir='ltr'>τοῦ</span> <span class='ocrx_word' id='word_1_495' title='bbox 3398 2258 3690 2315; x_wconf 73' lang='grc' dir='ltr'>Λιϐάνου.</span> 
     </span>
    </p>
   </div>
   <div class='ocr_carea' id='block_1_66' title="bbox 2098 2348 3692 2435">
    <p class='ocr_par' dir='ltr' id='par_1_66' title="bbox 2098 2348 3692 2435">
     <span class='ocr_line' id='line_1_66' title="bbox 2098 2348 3692 2435; baseline -0.012 -18"><span class='ocrx_word' id='word_1_496' title='bbox 2098 2364 2172 2417; x_wconf 70' lang='grc' dir='ltr'><strong>Οὐ</strong></span> <span class='ocrx_word' id='word_1_497' title='bbox 2217 2364 2325 2435; x_wconf 85' lang='grc' dir='ltr'>γὰρ</span> <span class='ocrx_word' id='word_1_498' title='bbox 2364 2361 2632 2433; x_wconf 79' lang='grc' dir='ltr'>μονοειδὲς</span> <span class='ocrx_word' id='word_1_499' title='bbox 2664 2359 2758 2414; x_wconf 78' lang='grc' dir='ltr'>τοῦ</span> <span class='ocrx_word' id='word_1_500' title='bbox 2800 2358 3034 2414; x_wconf 80' lang='grc' dir='ltr'>Λιϐάνου</span> <span class='ocrx_word' id='word_1_501' title='bbox 3073 2356 3132 2410; x_wconf 82' lang='grc' dir='ltr'><strong>τὸ</strong></span> <span class='ocrx_word' id='word_1_502' title='bbox 3164 2353 3318 2420; x_wconf 80' lang='grc' dir='ltr'>ξύλον</span> <span class='ocrx_word' id='word_1_503' title='bbox 3353 2348 3692 2417; x_wconf 71' lang='grc' dir='ltr'>εἶναίφασιν</span> 
     </span>
    </p>
   </div>
   <div class='ocr_carea' id='block_1_67' title="bbox 2097 2437 3694 2526">
    <p class='ocr_par' dir='ltr' id='par_1_67' title="bbox 2097 2437 3694 2526">
     <span class='ocr_line' id='line_1_67' title="bbox 2097 2437 3694 2526; baseline -0.011 -15"><span class='ocrx_word' id='word_1_504' title='bbox 2097 2460 2146 2511; x_wconf 92' lang='grc' dir='ltr'><strong>οί</strong></span> <span class='ocrx_word' id='word_1_505' title='bbox 2195 2457 2265 2511; x_wconf 81' lang='grc' dir='ltr'><strong>τά</strong></span> <span class='ocrx_word' id='word_1_506' title='bbox 2299 2457 2527 2511; x_wconf 74' lang='grc' dir='ltr'>τοιαῦτα</span> <span class='ocrx_word' id='word_1_507' title='bbox 2579 2437 3093 2526; x_wconf 82' lang='grc' dir='ltr'>παρατηρήσαντες,</span> <span class='ocrx_word' id='word_1_508' title='bbox 3138 2449 3258 2504; x_wconf 81' lang='grc' dir='ltr'>ὅθεν</span> <span class='ocrx_word' id='word_1_509' title='bbox 3305 2447 3336 2499; x_wconf 78' lang='grc' dir='ltr'>ὁ</span> <span class='ocrx_word' id='word_1_510' title='bbox 3386 2441 3694 2503; x_wconf 70' lang='grc' dir='ltr'>λιϐανωτὸς</span> 
     </span>
    </p>
   </div>
   <div class='ocr_carea' id='block_1_68' title="bbox 2097 2532 3694 2621">
    <p class='ocr_par' dir='ltr' id='par_1_68' title="bbox 2097 2532 3694 2621">
     <span class='ocr_line' id='line_1_68' title="bbox 2097 2532 3694 2621; baseline -0.011 -19"><span class='ocrx_word' id='word_1_511' title='bbox 2097 2548 2386 2621; x_wconf 73' lang='grc' dir='ltr'>ἀπορρέει,</span> <span class='ocrx_word' id='word_1_512' title='bbox 2442 2546 2555 2601; x_wconf 82' lang='grc' dir='ltr'>ἀλλ’</span> <span class='ocrx_word' id='word_1_513' title='bbox 2586 2545 2702 2599; x_wconf 86' lang='grc' dir='ltr'>ἐστί</span> <span class='ocrx_word' id='word_1_514' title='bbox 2734 2561 2817 2609; x_wconf 91' lang='grc' dir='ltr'><strong>τις</strong></span> <span class='ocrx_word' id='word_1_515' title='bbox 2862 2546 2920 2596; x_wconf 86' lang='grc' dir='ltr'><strong>ἐν</strong></span> <span class='ocrx_word' id='word_1_516' title='bbox 2966 2544 3080 2606; x_wconf 83' lang='grc' dir='ltr'>τοῖς</span> <span class='ocrx_word' id='word_1_517' title='bbox 3127 2538 3301 2605; x_wconf 83' lang='grc' dir='ltr'>ξύλοις</span> <span class='ocrx_word' id='word_1_518' title='bbox 3330 2534 3608 2606; x_wconf 76' lang='grc' dir='ltr'>διαφορὰ,</span> <span class='ocrx_word' id='word_1_519' title='bbox 3641 2532 3694 2585; x_wconf 66' lang='grc' dir='ltr'>τὸ</span> 
     </span>
    </p>
   </div>
   <div class='ocr_carea' id='block_1_69' title="bbox 2097 2626 3694 2713">
    <p class='ocr_par' dir='ltr' id='par_1_69' title="bbox 2097 2626 3694 2713">
     <span class='ocr_line' id='line_1_69' title="bbox 2097 2626 3694 2713; baseline -0.011 -17"><span class='ocrx_word' id='word_1_520' title='bbox 2097 2641 2190 2696; x_wconf 83' lang='grc' dir='ltr'>τοῦ</span> <span class='ocrx_word' id='word_1_521' title='bbox 2240 2640 2533 2713; x_wconf 80' lang='grc' dir='ltr'>ἀρώματος</span> <span class='ocrx_word' id='word_1_522' title='bbox 2568 2639 2764 2709; x_wconf 71' lang='grc' dir='ltr'>σχῆμα</span> <span class='ocrx_word' id='word_1_523' title='bbox 2802 2634 2882 2707; x_wconf 78' lang='grc' dir='ltr'>τῷ</span> <span class='ocrx_word' id='word_1_524' title='bbox 2913 2635 3042 2688; x_wconf 73' lang='grc' dir='ltr'>εἴδει</span> <span class='ocrx_word' id='word_1_525' title='bbox 3070 2631 3163 2685; x_wconf 80' lang='grc' dir='ltr'>τοῦ</span> <span class='ocrx_word' id='word_1_526' title='bbox 3213 2630 3373 2695; x_wconf 82' lang='grc' dir='ltr'>ξύλου</span> <span class='ocrx_word' id='word_1_527' title='bbox 3428 2626 3694 2691; x_wconf 69' lang='grc' dir='ltr'>συνεξαλ-</span> 
     </span>
    </p>
   </div>
   <div class='ocr_carea' id='block_1_70' title="bbox 2097 2719 3693 2791">
    <p class='ocr_par' dir='ltr' id='par_1_70' title="bbox 2097 2719 3693 2791">
     <span class='ocr_line' id='line_1_70' title="bbox 2097 2719 3693 2791; baseline -0.012 -3"><span class='ocrx_word' id='word_1_528' title='bbox 2097 2733 2390 2788; x_wconf 85' lang='grc' dir='ltr'>λάσσουσα.</span> <span class='ocrx_word' id='word_1_529' title='bbox 2429 2733 2487 2785; x_wconf 85' lang='lat'><strong>&#39;0</strong></span> <span class='ocrx_word' id='word_1_530' title='bbox 2529 2730 2712 2784; x_wconf 82' lang='grc' dir='ltr'>τοίνυν</span> <span class='ocrx_word' id='word_1_531' title='bbox 2761 2730 2818 2783; x_wconf 79' lang='grc' dir='ltr'><strong>ἐν</strong></span> <span class='ocrx_word' id='word_1_532' title='bbox 2853 2728 2989 2781; x_wconf 75' lang='grc' dir='ltr'>πᾶσι</span> <span class='ocrx_word' id='word_1_533' title='bbox 3015 2726 3127 2787; x_wconf 82' lang='grc' dir='ltr'>τοῖς</span> <span class='ocrx_word' id='word_1_534' title='bbox 3161 2719 3582 2791; x_wconf 83' lang='grc' dir='ltr'>ἐπιτηδεύμασι</span> <span class='ocrx_word' id='word_1_535' title='bbox 3610 2719 3693 2769; x_wconf 69' lang='grc' dir='ltr'>τοῦ</span> 
     </span>
    </p>
   </div>
   <div class='ocr_carea' id='block_1_71' title="bbox 2100 2816 3697 2896">
    <p class='ocr_par' dir='ltr' id='par_1_71' title="bbox 2100 2816 3697 2896">
     <span class='ocr_line' id='line_1_71' title="bbox 2100 2816 3697 2896; baseline -0.008 -17"><span class='ocrx_word' id='word_1_536' title='bbox 2100 2825 2216 2896; x_wconf 86' lang='grc' dir='ltr'>βίου</span> <span class='ocrx_word' id='word_1_537' title='bbox 2239 2822 2633 2893; x_wconf 79' lang='grc' dir='ltr'>’ἐπισημαίνων</span> <span class='ocrx_word' id='word_1_538' title='bbox 2668 2818 2847 2890; x_wconf 82' lang='grc' dir='ltr'>ἐαυτῷ</span> <span class='ocrx_word' id='word_1_539' title='bbox 2897 2819 2957 2873; x_wconf 83' lang='grc' dir='ltr'><strong>τὸ</strong></span> <span class='ocrx_word' id='word_1_540' title='bbox 2997 2818 3262 2882; x_wconf 78' lang='grc' dir='ltr'>θεοειδὲς,</span> <span class='ocrx_word' id='word_1_541' title='bbox 3310 2818 3553 2871; x_wconf 85' lang='grc' dir='ltr'>πάντων</span> <span class='ocrx_word' id='word_1_542' title='bbox 3596 2816 3697 2870; x_wconf 70' lang='grc' dir='ltr'><strong>δὲξ-</strong></span> 
     </span>
    </p>
   </div>
   <div class='ocr_carea' id='block_1_72' title="bbox 2098 2910 3697 2985">
    <p class='ocr_par' dir='ltr' id='par_1_72' title="bbox 2098 2910 3697 2985">
     <span class='ocr_line' id='line_1_72' title="bbox 2098 2910 3697 2985; baseline -0.006 -15"><span class='ocrx_word' id='word_1_543' title='bbox 2098 2934 2286 2970; x_wconf 88' lang='grc' dir='ltr'>κνυσιν</span> <span class='ocrx_word' id='word_1_544' title='bbox 2321 2919 2378 2970; x_wconf 84' lang='grc' dir='ltr'><strong>ἐν</strong></span> <span class='ocrx_word' id='word_1_545' title='bbox 2406 2913 2584 2985; x_wconf 85' lang='grc' dir='ltr'>ἐαυτῷ</span> <span class='ocrx_word' id='word_1_546' title='bbox 2615 2912 2721 2968; x_wconf 80' lang='grc' dir='ltr'><strong>τῶν</strong></span> <span class='ocrx_word' id='word_1_547' title='bbox 2749 2912 2845 2966; x_wconf 79' lang='grc' dir='ltr'>τοῦ</span> <span class='ocrx_word' id='word_1_548' title='bbox 2886 2910 3120 2966; x_wconf 76' lang='grc' dir='ltr'>Λιϐάνου</span> <span class='ocrx_word' id='word_1_549' title='bbox 3152 2910 3323 2977; x_wconf 80' lang='grc' dir='ltr'>ξύλων</span> <span class='ocrx_word' id='word_1_550' title='bbox 3356 2910 3420 2963; x_wconf 81' lang='grc' dir='ltr'>τὸ</span> <span class='ocrx_word' id='word_1_551' title='bbox 3461 2910 3697 2974; x_wconf 81' lang='grc' dir='ltr'>κάλλος,</span> 
     </span>
    </p>
   </div>
   <div class='ocr_carea' id='block_1_73' title="bbox 2097 3003 3730 3078">
    <p class='ocr_par' dir='ltr' id='par_1_73' title="bbox 2097 3003 3730 3078">
     <span class='ocr_line' id='line_1_73' title="bbox 2097 3003 3730 3078; baseline -0.005 -14"><span class='ocrx_word' id='word_1_552' title='bbox 2097 3010 2164 3063; x_wconf 87' lang='grc' dir='ltr'>δι’</span> <span class='ocrx_word' id='word_1_553' title='bbox 2192 3004 2267 3064; x_wconf 83' lang='grc' dir='ltr'>ὧν</span> <span class='ocrx_word' id='word_1_554' title='bbox 2307 3009 2367 3063; x_wconf 86' lang='grc' dir='ltr'><strong>τὸ</strong></span> <span class='ocrx_word' id='word_1_555' title='bbox 2412 3009 2553 3063; x_wconf 81' lang='grc' dir='ltr'>θεῖον</span> <span class='ocrx_word' id='word_1_556' title='bbox 2592 3003 2732 3070; x_wconf 77' lang='grc' dir='ltr'>εἶδος</span> <span class='ocrx_word' id='word_1_557' title='bbox 2772 3006 3255 3078; x_wconf 73' lang='grc' dir='ltr'>χαρακτηρίζεται.</span> <span class='ocrx_word' id='word_1_558' title='bbox 3297 3004 3505 3068; x_wconf 77' lang='grc' dir='ltr'>Οὐδεὶς</span> <span class='ocrx_word' id='word_1_559' title='bbox 3534 3004 3596 3058; x_wconf 80' lang='grc' dir='ltr'>δὲ</span> <span class='ocrx_word' id='word_1_560' title='bbox 3620 3004 3730 3070; x_wconf 70' lang='grc' dir='ltr'>γίιΙ</span> 
     </span>
    </p>
   </div>
   <div class='ocr_carea' id='block_1_74' title="bbox 2098 3095 3697 3167">
    <p class='ocr_par' dir='ltr' id='par_1_74' title="bbox 2098 3095 3697 3167">
     <span class='ocr_line' id='line_1_74' title="bbox 2098 3095 3697 3167; baseline -0.003 -13"><span class='ocrx_word' id='word_1_561' title='bbox 2098 3118 2247 3155; x_wconf 82' lang='grc' dir='ltr'>νεται</span> <span class='ocrx_word' id='word_1_562' title='bbox 2286 3099 2541 3163; x_wconf 82' lang='grc' dir='ltr'>κοινωνὸς</span> <span class='ocrx_word' id='word_1_563' title='bbox 2572 3099 2670 3166; x_wconf 80' lang='grc' dir='ltr'><strong>τῆς</strong></span> <span class='ocrx_word' id='word_1_564' title='bbox 2698 3095 2832 3150; x_wconf 78' lang='grc' dir='ltr'>Θεοῦ</span> <span class='ocrx_word' id='word_1_565' title='bbox 2862 3095 3038 3166; x_wconf 81' lang='grc' dir='ltr'>δόξης,</span> <span class='ocrx_word' id='word_1_566' title='bbox 3075 3095 3150 3167; x_wconf 85' lang='grc' dir='ltr'>μὴ</span> <span class='ocrx_word' id='word_1_567' title='bbox 3189 3095 3697 3166; x_wconf 70' lang='grc' dir='ltr'>συμμορφούμενός</span> 
     </span>
    </p>
   </div>
   <div class='ocr_carea' id='block_1_75' title="bbox 2099 3186 3699 3264">
    <p class='ocr_par' dir='ltr' id='par_1_75' title="bbox 2099 3186 3699 3264">
     <span class='ocr_line' id='line_1_75' title="bbox 2099 3186 3699 3264; baseline -0.005 -18"><span class='ocrx_word' id='word_1_568' title='bbox 2099 3191 2312 3264; x_wconf 84' lang='grc' dir='ltr'>πρῶτον</span> <span class='ocrx_word' id='word_1_569' title='bbox 2356 3189 2435 3261; x_wconf 83' lang='grc' dir='ltr'>τῷ</span> <span class='ocrx_word' id='word_1_570' title='bbox 2471 3187 2775 3260; x_wconf 83' lang='grc' dir='ltr'>ὁμοιώματι</span> <span class='ocrx_word' id='word_1_571' title='bbox 2824 3187 2918 3240; x_wconf 80' lang='grc' dir='ltr'><strong>τοῦ</strong></span> <span class='ocrx_word' id='word_1_572' title='bbox 2963 3186 3219 3242; x_wconf 85' lang='grc' dir='ltr'>θανάτου.</span> <span class='ocrx_word' id='word_1_573' title='bbox 3273 3186 3366 3238; x_wconf 91' lang='grc' dir='ltr'><strong>Διὸ</strong></span> <span class='ocrx_word' id='word_1_574' title='bbox 3409 3203 3567 3257; x_wconf 76' lang='grc' dir='ltr'>φησι</span> <span class='ocrx_word' id='word_1_575' title='bbox 3612 3188 3699 3239; x_wconf 73' lang='grc' dir='ltr'><strong>καὶ</strong></span> 
     </span>
    </p>
   </div>
   <div class='ocr_carea' id='block_1_76' title="bbox 2096 3277 3697 3354">
    <p class='ocr_par' dir='ltr' id='par_1_76' title="bbox 2096 3277 3697 3354">
     <span class='ocr_line' id='line_1_76' title="bbox 2096 3277 3697 3354; baseline -0.001 -19"><span class='ocrx_word' id='word_1_576' title='bbox 2096 3283 2256 3337; x_wconf 80' lang='grc' dir='ltr'>τοῦτο</span> <span class='ocrx_word' id='word_1_577' title='bbox 2284 3283 2343 3337; x_wconf 84' lang='grc' dir='ltr'><strong>ἐν</strong></span> <span class='ocrx_word' id='word_1_578' title='bbox 2371 3282 2448 3354; x_wconf 84' lang='grc' dir='ltr'>τῷ</span> <span class='ocrx_word' id='word_1_579' title='bbox 2469 3284 2752 3353; x_wconf 88' lang='grc' dir='ltr'>καταλόγῳ</span> <span class='ocrx_word' id='word_1_580' title='bbox 2777 3280 2885 3335; x_wconf 83' lang='grc' dir='ltr'><strong>τῶν</strong></span> <span class='ocrx_word' id='word_1_581' title='bbox 2918 3279 3228 3352; x_wconf 82' lang='grc' dir='ltr'>ἀρωμάτων</span> <span class='ocrx_word' id='word_1_582' title='bbox 3258 3280 3286 3332; x_wconf 85' lang='grc' dir='ltr'>ὁ</span> <span class='ocrx_word' id='word_1_583' title='bbox 3314 3277 3561 3342; x_wconf 77' lang='grc' dir='ltr'>ἔπαινος</span> <span class='ocrx_word' id='word_1_584' title='bbox 3579 3322 3596 3341; x_wconf 84' lang='grc'><strong>.</strong></span> <span class='ocrx_word' id='word_1_585' title='bbox 3625 3280 3697 3333; x_wconf 78' lang='grc' dir='ltr'>ὅτι</span> 
     </span>
    </p>
   </div>
   <div class='ocr_carea' id='block_1_77' title="bbox 2102 3370 3698 3445">
    <p class='ocr_par' dir='ltr' id='par_1_77' title="bbox 2102 3370 3698 3445">
     <span class='ocr_line' id='line_1_77' title="bbox 2102 3370 3698 3445; baseline -0.003 -17"><span class='ocrx_word' id='word_1_586' title='bbox 2102 3373 2240 3445; x_wconf 77' lang='grc' dir='ltr'>ῥοῶν</span> <span class='ocrx_word' id='word_1_587' title='bbox 2271 3373 2565 3444; x_wconf 74' lang='grc' dir='ltr'>ἀκρόδρυα,</span> <span class='ocrx_word' id='word_1_588' title='bbox 2592 3374 2662 3429; x_wconf 87' lang='grc' dir='ltr'><strong>τά</strong></span> <span class='ocrx_word' id='word_1_589' title='bbox 2685 3389 2742 3427; x_wconf 85' lang='grc' dir='ltr'><strong>τε</strong></span> <span class='ocrx_word' id='word_1_590' title='bbox 2776 3370 2938 3425; x_wconf 74' lang='grc' dir='ltr'>λοιπὰ</span> <span class='ocrx_word' id='word_1_591' title='bbox 2970 3371 3079 3424; x_wconf 80' lang='grc' dir='ltr'><strong>τῶν</strong></span> <span class='ocrx_word' id='word_1_592' title='bbox 3111 3371 3426 3442; x_wconf 76' lang='grc' dir='ltr'>ἀρωμάτων</span> <span class='ocrx_word' id='word_1_593' title='bbox 3453 3370 3639 3431; x_wconf 74' lang='grc' dir='ltr'>ἐστὶν,</span> <span class='ocrx_word' id='word_1_594' title='bbox 3667 3371 3698 3424; x_wconf 67' lang='grc' dir='ltr'>ἃ</span> 
     </span>
    </p>
   </div>
   <div class='ocr_carea' id='block_1_78' title="bbox 2098 3463 3694 3540">
    <p class='ocr_par' dir='ltr' id='par_1_78' title="bbox 2098 3463 3694 3540">
     <span class='ocr_line' id='line_1_78' title="bbox 2098 3463 3694 3540; baseline -0.003 -18"><span class='ocrx_word' id='word_1_595' title='bbox 2098 3467 2373 3540; x_wconf 78' lang='grc' dir='ltr'>διεξῆλθεν</span> <span class='ocrx_word' id='word_1_596' title='bbox 2393 3470 2421 3522; x_wconf 90' lang='grc' dir='ltr'><strong>ὀ</strong></span> <span class='ocrx_word' id='word_1_597' title='bbox 2446 3467 2626 3536; x_wconf 85' lang='grc' dir='ltr'>λόγος,</span> <span class='ocrx_word' id='word_1_598' title='bbox 2646 3464 2743 3520; x_wconf 70' lang='grc' dir='ltr'>καὶ</span> <span class='ocrx_word' id='word_1_599' title='bbox 2759 3465 2875 3536; x_wconf 85' lang='grc' dir='ltr'>μετ’</span> <span class='ocrx_word' id='word_1_600' title='bbox 2896 3464 3077 3519; x_wconf 77' lang='grc' dir='ltr'>αὐτῶν</span> <span class='ocrx_word' id='word_1_601' title='bbox 3096 3463 3314 3537; x_wconf 86' lang='grc' dir='ltr'>σμύρνα</span> <span class='ocrx_word' id='word_1_602' title='bbox 3332 3481 3391 3517; x_wconf 87' lang='grc' dir='ltr'><strong>τε</strong></span> <span class='ocrx_word' id='word_1_603' title='bbox 3408 3466 3521 3519; x_wconf 74' lang='grc' dir='ltr'>καὶ</span> <span class='ocrx_word' id='word_1_604' title='bbox 3544 3465 3694 3534; x_wconf 69' lang='grc' dir='ltr'>ἁλόη,</span> 
     </span>
    </p>
   </div>
   <div class='ocr_carea' id='block_1_79' title="bbox 2100 3556 3697 3630">
    <p class='ocr_par' dir='ltr' id='par_1_79' title="bbox 2100 3556 3697 3630">
     <span class='ocr_line' id='line_1_79' title="bbox 2100 3556 3697 3630; baseline -0.002 -16"><span class='ocrx_word' id='word_1_605' title='bbox 2100 3559 2279 3614; x_wconf 75' lang='grc' dir='ltr'>καὶτὰ</span> <span class='ocrx_word' id='word_1_606' title='bbox 2299 3559 2491 3629; x_wconf 87' lang='grc' dir='ltr'>πρῶτα</span> <span class='ocrx_word' id='word_1_607' title='bbox 2512 3557 2680 3630; x_wconf 89' lang='grc' dir='ltr'>μύρα.</span> <span class='ocrx_word' id='word_1_608' title='bbox 2705 3559 2783 3610; x_wconf 87' lang='grc' dir='ltr'><strong>Δι’</strong></span> <span class='ocrx_word' id='word_1_609' title='bbox 2799 3556 3023 3611; x_wconf 85' lang='grc' dir='ltr'>ἐκείνων</span> <span class='ocrx_word' id='word_1_610' title='bbox 3039 3556 3137 3628; x_wconf 86' lang='grc' dir='ltr'><strong>μὲν</strong></span> <span class='ocrx_word' id='word_1_611' title='bbox 3154 3556 3279 3627; x_wconf 82' lang='grc' dir='ltr'>γάρ,</span> <span class='ocrx_word' id='word_1_612' title='bbox 3308 3556 3413 3627; x_wconf 84' lang='grc' dir='ltr'><strong>τῆς</strong></span> <span class='ocrx_word' id='word_1_613' title='bbox 3443 3557 3697 3629; x_wconf 68' lang='grc' dir='ltr'>σμύρνης</span> 
     </span>
    </p>
   </div>
   <div class='ocr_carea' id='block_1_80' title="bbox 2099 3646 3697 3721">
    <p class='ocr_par' dir='ltr' id='par_1_80' title="bbox 2099 3646 3697 3721">
     <span class='ocr_line' id='line_1_80' title="bbox 2099 3646 3697 3721; baseline -0.003 -16"><span class='ocrx_word' id='word_1_614' title='bbox 2099 3653 2242 3721; x_wconf 82' lang='grc' dir='ltr'>λέγω</span> <span class='ocrx_word' id='word_1_615' title='bbox 2261 3651 2470 3721; x_wconf 73' lang='grc' dir='ltr'>καὶτῆς</span> <span class='ocrx_word' id='word_1_616' title='bbox 2496 3649 2682 3720; x_wconf 82' lang='grc' dir='ltr'>ἀλόης,</span> <span class='ocrx_word' id='word_1_617' title='bbox 2712 3650 2808 3720; x_wconf 84' lang='grc' dir='ltr'><strong>τὴν</strong></span> <span class='ocrx_word' id='word_1_618' title='bbox 2827 3648 2928 3718; x_wconf 80' lang='grc' dir='ltr'><strong>τῆς</strong></span> <span class='ocrx_word' id='word_1_619' title='bbox 2949 3646 3129 3717; x_wconf 71' lang='grc' dir='ltr'>ταφῆς</span> <span class='ocrx_word' id='word_1_620' title='bbox 3160 3646 3459 3700; x_wconf 85' lang='grc' dir='ltr'>κοινωνίαν</span> <span class='ocrx_word' id='word_1_621' title='bbox 3484 3649 3697 3702; x_wconf 78' lang='grc' dir='ltr'>δείκνυο</span> 
     </span>
    </p>
   </div>
   <div class='ocr_carea' id='block_1_81' title="bbox 2098 3737 3694 3812">
    <p class='ocr_par' dir='ltr' id='par_1_81' title="bbox 2098 3737 3694 3812">
     <span class='ocr_line' id='line_1_81' title="bbox 2098 3737 3694 3812; baseline -0.003 -15"><span class='ocrx_word' id='word_1_622' title='bbox 2098 3759 2209 3797; x_wconf 87' lang='grc' dir='ltr'>ται·</span> <span class='ocrx_word' id='word_1_623' title='bbox 2239 3741 2423 3805; x_wconf 88' lang='grc' dir='ltr'>καθώς</span> <span class='ocrx_word' id='word_1_624' title='bbox 2440 3758 2572 3812; x_wconf 82' lang='grc' dir='ltr'>φησι</span> <span class='ocrx_word' id='word_1_625' title='bbox 2589 3740 2650 3794; x_wconf 84' lang='grc' dir='ltr'><strong>τὸ</strong></span> <span class='ocrx_word' id='word_1_626' title='bbox 2664 3738 2865 3810; x_wconf 78' lang='grc' dir='ltr'>ὑψηλὸν</span> <span class='ocrx_word' id='word_1_627' title='bbox 2888 3738 3238 3807; x_wconf 83' lang='grc' dir='ltr'>Εὐαγγέλιον,</span> <span class='ocrx_word' id='word_1_628' title='bbox 3257 3739 3340 3791; x_wconf 82' lang='grc' dir='ltr'>ὅτι</span> <span class='ocrx_word' id='word_1_629' title='bbox 3361 3737 3460 3791; x_wconf 73' lang='grc' dir='ltr'><strong>διὰ</strong></span> <span class='ocrx_word' id='word_1_630' title='bbox 3487 3738 3694 3793; x_wconf 78' lang='grc' dir='ltr'>τούτων</span> 
     </span>
    </p>
   </div>
   <div class='ocr_carea' id='block_1_82' title="bbox 2100 3831 3697 3904">
    <p class='ocr_par' dir='ltr' id='par_1_82' title="bbox 2100 3831 3697 3904">
     <span class='ocr_line' id='line_1_82' title="bbox 2100 3831 3697 3904; baseline -0.002 -15"><span class='ocrx_word' id='word_1_631' title='bbox 2100 3838 2316 3903; x_wconf 82' lang='grc' dir='ltr'>ἐγένετο</span> <span class='ocrx_word' id='word_1_632' title='bbox 2360 3835 2389 3887; x_wconf 88' lang='grc' dir='ltr'><strong>ό</strong></span> <span class='ocrx_word' id='word_1_633' title='bbox 2432 3833 2796 3903; x_wconf 76' lang='grc' dir='ltr'>ἐνταφιασμδς</span> <span class='ocrx_word' id='word_1_634' title='bbox 2839 3831 2919 3904; x_wconf 83' lang='grc' dir='ltr'><strong>τῷ</strong></span> <span class='ocrx_word' id='word_1_635' title='bbox 2960 3832 3101 3904; x_wconf 86' lang='grc' dir='ltr'>ὑπὲρ</span> <span class='ocrx_word' id='word_1_636' title='bbox 3148 3832 3307 3903; x_wconf 81' lang='grc' dir='ltr'>ἡμῶν</span> <span class='ocrx_word' id='word_1_637' title='bbox 3356 3832 3697 3904; x_wconf 73' lang='grc' dir='ltr'>γευσαμένῳ</span> 
     </span>
    </p>
   </div>
   <div class='ocr_carea' id='block_1_83' title="bbox 2101 3923 3695 3996">
    <p class='ocr_par' dir='ltr' id='par_1_83' title="bbox 2101 3923 3695 3996">
     <span class='ocr_line' id='line_1_83' title="bbox 2101 3923 3695 3996; baseline -0.002 -15"><span class='ocrx_word' id='word_1_638' title='bbox 2101 3926 2354 3982; x_wconf 84' lang='grc' dir='ltr'>θανάτου.</span> <span class='ocrx_word' id='word_1_639' title='bbox 2400 3928 2498 3981; x_wconf 76' lang='grc' dir='ltr'><strong>Διὰ</strong></span> <span class='ocrx_word' id='word_1_640' title='bbox 2535 3925 2592 3978; x_wconf 86' lang='grc' dir='ltr'><strong>δέ</strong></span> <span class='ocrx_word' id='word_1_641' title='bbox 2622 3924 2730 3979; x_wconf 84' lang='grc' dir='ltr'>τῶν</span> <span class='ocrx_word' id='word_1_642' title='bbox 2759 3923 2992 3996; x_wconf 81' lang='grc' dir='ltr'>πρώτων</span> <span class='ocrx_word' id='word_1_643' title='bbox 3037 3923 3225 3995; x_wconf 88' lang='grc' dir='ltr'>μύρων</span> <span class='ocrx_word' id='word_1_644' title='bbox 3257 3923 3318 3977; x_wconf 80' lang='grc' dir='ltr'><strong>τὸ</strong></span> <span class='ocrx_word' id='word_1_645' title='bbox 3347 3924 3612 3996; x_wconf 84' lang='grc' dir='ltr'>καθαρόν</span> <span class='ocrx_word' id='word_1_646' title='bbox 3644 3943 3695 3978; x_wconf 61' lang='grc' dir='ltr'><strong>π</strong></span> 
     </span>
    </p>
   </div>
   <div class='ocr_carea' id='block_1_84' title="bbox 2101 4014 3698 4091">
    <p class='ocr_par' dir='ltr' id='par_1_84' title="bbox 2101 4014 3698 4091">
     <span class='ocr_line' id='line_1_84' title="bbox 2101 4014 3698 4091; baseline -0.017 3"><span class='ocrx_word' id='word_1_647' title='bbox 2101 4020 2195 4074; x_wconf 72' lang='grc' dir='ltr'><strong>καὶ</strong></span> <span class='ocrx_word' id='word_1_648' title='bbox 2249 4017 2449 4091; x_wconf 77' lang='grc' dir='ltr'>ἀμιγὲς</span> <span class='ocrx_word' id='word_1_649' title='bbox 2499 4016 2681 4087; x_wconf 74' lang='grc' dir='ltr'>πάσης</span> <span class='ocrx_word' id='word_1_650' title='bbox 2725 4014 3036 4086; x_wconf 81' lang='grc' dir='ltr'>καπηλικῆς</span> <span class='ocrx_word' id='word_1_651' title='bbox 3070 4014 3423 4086; x_wconf 66' lang='grc' dir='ltr'>ῥᾳδιουργίας</span> <span class='ocrx_word' id='word_1_652' title='bbox 3457 4017 3493 4069; x_wconf 73' lang='grc' dir='ltr'><strong>ο</strong></span> <span class='ocrx_word' id='word_1_653' title='bbox 3544 4018 3698 4086; x_wconf 79' lang='grc' dir='ltr'>λόγος</span> 
     </span>
    </p>
   </div>
   <div class='ocr_carea' id='block_1_85' title="bbox 2101 4106 3697 4180">
    <p class='ocr_par' dir='ltr' id='par_1_85' title="bbox 2101 4106 3697 4180">
     <span class='ocr_line' id='line_1_85' title="bbox 2101 4106 3697 4180; baseline -0.002 -17"><span class='ocrx_word' id='word_1_654' title='bbox 2101 4109 2466 4174; x_wconf 82' lang='grc' dir='ltr'>ἐνδείκνυται,</span> <span class='ocrx_word' id='word_1_655' title='bbox 2494 4108 2683 4180; x_wconf 78' lang='grc' dir='ltr'>ὥσπερ</span> <span class='ocrx_word' id='word_1_656' title='bbox 2721 4108 2816 4161; x_wconf 71' lang='grc' dir='ltr'><strong>καὶ</strong></span> <span class='ocrx_word' id='word_1_657' title='bbox 2856 4108 2908 4160; x_wconf 78' lang='grc' dir='ltr'><strong>Ἀ</strong></span> <span class='ocrx_word' id='word_1_658' title='bbox 2922 4107 3036 4178; x_wconf 85' lang='grc' dir='ltr'><strong>μὼς</strong></span> <span class='ocrx_word' id='word_1_659' title='bbox 3058 4109 3170 4170; x_wconf 80' lang='grc' dir='ltr'>τοῖς</span> <span class='ocrx_word' id='word_1_660' title='bbox 3197 4107 3286 4160; x_wconf 85' lang='grc' dir='ltr'>διὰ</span> <span class='ocrx_word' id='word_1_661' title='bbox 3315 4106 3543 4162; x_wconf 77' lang='grc' dir='ltr'>τούτων</span> <span class='ocrx_word' id='word_1_662' title='bbox 3570 4127 3697 4180; x_wconf 69' lang='grc' dir='ltr'>τρυε</span> 
     </span>
    </p>
   </div>
   <div class='ocr_carea' id='block_1_86' title="bbox 2103 4186 3699 4272">
    <p class='ocr_par' dir='ltr' id='par_1_86' title="bbox 2103 4186 3699 4272">
     <span class='ocr_line' id='line_1_86' title="bbox 2103 4186 3699 4272; baseline 0 -16"><span class='ocrx_word' id='word_1_663' title='bbox 2103 4202 2243 4271; x_wconf 71' lang='grc' dir='ltr'>φῶσι</span> <span class='ocrx_word' id='word_1_664' title='bbox 2271 4186 2496 4256; x_wconf 70' lang='grc' dir='ltr'>τοιαῧτα</span> <span class='ocrx_word' id='word_1_665' title='bbox 2526 4200 2812 4272; x_wconf 82' lang='grc' dir='ltr'>προφέρει,</span> <span class='ocrx_word' id='word_1_666' title='bbox 2840 4200 3015 4268; x_wconf 79' lang='grc' dir='ltr'>λέγων</span> <span class='ocrx_word' id='word_1_667' title='bbox 3041 4217 3052 4230; x_wconf 90' lang='grc'><strong>·</strong></span> <span class='ocrx_word' id='word_1_668' title='bbox 3082 4202 3146 4253; x_wconf 81' lang='grc' dir='ltr'><strong><em>Οἱ</em></strong></span> <span class='ocrx_word' id='word_1_669' title='bbox 3167 4199 3271 4252; x_wconf 75' lang='grc' dir='ltr'>τόν</span> <span class='ocrx_word' id='word_1_670' title='bbox 3288 4197 3699 4270; x_wconf 53' lang='grc' dir='ltr'><strong>διυλισμένα</strong></span> 
     </span>
    </p>
   </div>
   <div class='ocr_carea' id='block_1_87' title="bbox 416 4283 1889 4363">
    <p class='ocr_par' dir='ltr' id='par_1_87' title="bbox 416 4283 1881 4348">
     <span class='ocr_line' id='line_1_87' title="bbox 416 4283 1881 4348; baseline -0.008 0"><span class='ocrx_word' id='word_1_671' title='bbox 416 4304 465 4348; x_wconf 82' lang='lat' dir='ltr'><strong>et</strong></span> <span class='ocrx_word' id='word_1_672' title='bbox 496 4292 685 4348; x_wconf 81' lang='lat' dir='ltr'><strong>vitulos</strong></span> <span class='ocrx_word' id='word_1_673' title='bbox 712 4290 965 4344; x_wconf 74' lang='lat' dir='ltr'><strong>lactentes</strong></span> <span class='ocrx_word' id='word_1_674' title='bbox 992 4302 1057 4342; x_wconf 79' lang='lat' dir='ltr'><strong>ea:</strong></span> <span class='ocrx_word' id='word_1_675' title='bbox 1084 4284 1257 4340; x_wconf 84' lang='lat' dir='ltr'><strong>medio</strong></span> <span class='ocrx_word' id='word_1_676' title='bbox 1285 4294 1549 4348; x_wconf 84' lang='lat' dir='ltr'><strong>armento,</strong></span> <span class='ocrx_word' id='word_1_677' title='bbox 1600 4294 1650 4338; x_wconf 85' lang='lat' dir='ltr'><strong>et</strong></span> <span class='ocrx_word' id='word_1_678' title='bbox 1677 4283 1881 4338; x_wconf 83' lang='lat' dir='ltr'><strong>saltant</strong></span> 
     </span>
    </p>
   </div>
   <div class='ocr_carea' id='block_1_88' title="bbox 2221 4283 3694 4363">
    <p class='ocr_par' dir='ltr' id='par_1_88' title="bbox 2221 4289 3694 4363">
     <span class='ocr_line' id='line_1_88' title="bbox 2221 4289 3694 4363; baseline 0.001 -17"><span class='ocrx_word' id='word_1_679' title='bbox 2221 4311 2273 4348; x_wconf 78' lang='grc' dir='ltr'>›ν</span> <span class='ocrx_word' id='word_1_680' title='bbox 2315 4294 2625 4360; x_wconf 77' lang='grc' dir='ltr'>πίνοντες,</span> <span class='ocrx_word' id='word_1_681' title='bbox 2660 4294 2759 4347; x_wconf 79' lang='grc' dir='ltr'><strong>καί</strong></span> <span class='ocrx_word' id='word_1_682' title='bbox 2792 4292 2865 4347; x_wconf 84' lang='grc' dir='ltr'>τὰ</span> <span class='ocrx_word' id='word_1_683' title='bbox 2909 4290 3109 4361; x_wconf 81' lang='grc' dir='ltr'>πρῶτα</span> <span class='ocrx_word' id='word_1_684' title='bbox 3144 4289 3306 4360; x_wconf 80' lang='grc' dir='ltr'>μύρα</span> <span class='ocrx_word' id='word_1_685' title='bbox 3343 4293 3694 4363; x_wconf 67' lang='grc' dir='ltr'>χριόμενον</span> 
     </span>
    </p>
   </div>
   <div class='ocr_carea' id='block_1_89' title="bbox 417 4377 1997 4457">
    <p class='ocr_par' dir='ltr' id='par_1_89' title="bbox 417 4377 1997 4457">
     <span class='ocr_line' id='line_1_89' title="bbox 417 4377 1997 4457; baseline -0.008 -15"><span class='ocrx_word' id='word_1_686' title='bbox 417 4404 591 4442; x_wconf 83' lang='lat' dir='ltr'><strong>vocem</strong></span> <span class='ocrx_word' id='word_1_687' title='bbox 618 4400 935 4457; x_wconf 85' lang='lat' dir='ltr'><strong>organorum</strong></span> <span class='ocrx_word' id='word_1_688' title='bbox 959 4382 1005 4415; x_wconf 80' lang='lat'>&quot;</span> <span class='ocrx_word' id='word_1_689' title='bbox 1045 4399 1058 4436; x_wconf 93' lang='lat'>:</span> <span class='ocrx_word' id='word_1_690' title='bbox 1095 4380 1232 4436; x_wconf 80' lang='lat' dir='ltr'><strong>adeo</strong></span> <span class='ocrx_word' id='word_1_691' title='bbox 1260 4388 1317 4434; x_wconf 92' lang='lat' dir='ltr'><strong>ut</strong></span> <span class='ocrx_word' id='word_1_692' title='bbox 1338 4394 1518 4450; x_wconf 87' lang='lat' dir='ltr'><strong>neque</strong></span> <span class='ocrx_word' id='word_1_693' title='bbox 1536 4377 1619 4434; x_wconf 78' lang='lat' dir='ltr'><strong>fex</strong></span> <span class='ocrx_word' id='word_1_694' title='bbox 1648 4377 1835 4432; x_wconf 87' lang='lat' dir='ltr'><strong>vinum</strong></span> <span class='ocrx_word' id='word_1_695' title='bbox 1865 4391 1997 4431; x_wconf 81' lang='lat' dir='ltr'><strong>con-</strong></span> 
     </span>
    </p>
   </div>
   <div class='ocr_carea' id='block_1_90' title="bbox 417 4473 1993 4548">
    <p class='ocr_par' dir='ltr' id='par_1_90' title="bbox 417 4473 1993 4548">
     <span class='ocr_line' id='line_1_90' title="bbox 417 4473 1993 4548; baseline -0.004 -14"><span class='ocrx_word' id='word_1_696' title='bbox 417 4482 625 4545; x_wconf 87' lang='lat' dir='ltr'><strong>turbet,</strong></span> <span class='ocrx_word' id='word_1_697' title='bbox 656 4493 835 4548; x_wconf 85' lang='lat' dir='ltr'><strong>neque</strong></span> <span class='ocrx_word' id='word_1_698' title='bbox 859 4477 917 4532; x_wconf 91' lang='lat' dir='ltr'><strong>in</strong></span> <span class='ocrx_word' id='word_1_699' title='bbox 948 4482 1232 4548; x_wconf 88' lang='lat' dir='ltr'><strong>unguento</strong></span> <span class='ocrx_word' id='word_1_700' title='bbox 1259 4474 1445 4529; x_wconf 90' lang='lat' dir='ltr'><strong>mistio</strong></span> <span class='ocrx_word' id='word_1_701' title='bbox 1464 4480 1784 4543; x_wconf 84' lang='lat' dir='ltr'><strong>corrumpat</strong></span> <span class='ocrx_word' id='word_1_702' title='bbox 1815 4473 1993 4527; x_wconf 85' lang='lat' dir='ltr'><strong>since-</strong></span> 
     </span>
    </p>
   </div>
   <div class='ocr_carea' id='block_1_91' title="bbox 421 4565 1999 4637">
    <p class='ocr_par' dir='ltr' id='par_1_91' title="bbox 421 4565 1999 4637">
     <span class='ocr_line' id='line_1_91' title="bbox 421 4565 1999 4637; baseline -0.003 -14"><span class='ocrx_word' id='word_1_703' title='bbox 421 4569 643 4623; x_wconf 86' lang='lat' dir='ltr'><strong>ritatem</strong></span> <span class='ocrx_word' id='word_1_704' title='bbox 676 4568 805 4623; x_wconf 90' lang='lat' dir='ltr'><strong>boni</strong></span> <span class='ocrx_word' id='word_1_705' title='bbox 828 4567 1036 4624; x_wconf 89' lang='lat' dir='ltr'><strong>odoris.</strong></span> <span class='ocrx_word' id='word_1_706' title='bbox 1059 4566 1164 4623; x_wconf 90' lang='lat' dir='ltr'><strong>Sed</strong></span> <span class='ocrx_word' id='word_1_707' title='bbox 1196 4567 1310 4623; x_wconf 87' lang='lat' dir='ltr'><strong>illic</strong></span> <span class='ocrx_word' id='word_1_708' title='bbox 1337 4565 1559 4637; x_wconf 88' lang='lat' dir='ltr'><strong>quidem</strong></span> <span class='ocrx_word' id='word_1_709' title='bbox 1584 4565 1811 4618; x_wconf 85' lang='lat' dir='ltr'><strong>onmino</strong></span> <span class='ocrx_word' id='word_1_710' title='bbox 1833 4579 1999 4634; x_wconf 87' lang='lat' dir='ltr'><strong>opor-</strong></span> 
     </span>
    </p>
   </div>
   <div class='ocr_carea' id='block_1_92' title="bbox 2105 4380 3697 4456">
    <p class='ocr_par' dir='ltr' id='par_1_92' title="bbox 2105 4380 3697 4456">
     <span class='ocr_line' id='line_1_92' title="bbox 2105 4380 3697 4456; baseline -0.001 -18"><span class='ocrx_word' id='word_1_711' title='bbox 2105 4385 2199 4438; x_wconf 78' lang='grc' dir='ltr'><strong>καὶ</strong></span> <span class='ocrx_word' id='word_1_712' title='bbox 2244 4383 2352 4456; x_wconf 79' lang='grc' dir='ltr'>πρὸ</span> <span class='ocrx_word' id='word_1_713' title='bbox 2392 4383 2617 4449; x_wconf 87' lang='grc' dir='ltr'>τούτων,</span> <span class='ocrx_word' id='word_1_714' title='bbox 2645 4385 2710 4436; x_wconf 77' lang='grc' dir='ltr'><strong>Οἱ</strong></span> <span class='ocrx_word' id='word_1_715' title='bbox 2743 4382 3071 4447; x_wconf 74' lang='grc' dir='ltr'>ἐσθίοντες,</span> <span class='ocrx_word' id='word_1_716' title='bbox 3114 4380 3310 4450; x_wconf 72' lang='grc' dir='ltr'>φησιν,</span> <span class='ocrx_word' id='word_1_717' title='bbox 3340 4381 3609 4452; x_wconf 60' lang='grc' dir='ltr'>ἐρίφους</span> <span class='ocrx_word' id='word_1_718' title='bbox 3636 4384 3697 4436; x_wconf 72' lang='grc' dir='ltr'>ἐκ</span> 
     </span>
    </p>
   </div>
   <div class='ocr_carea' id='block_1_93' title="bbox 2104 4474 3699 4547">
    <p class='ocr_par' dir='ltr' id='par_1_93' title="bbox 2104 4474 3699 4547">
     <span class='ocr_line' id='line_1_93' title="bbox 2104 4474 3699 4547; baseline 0 -17"><span class='ocrx_word' id='word_1_719' title='bbox 2104 4478 2403 4547; x_wconf 76' lang='grc' dir='ltr'>ποιμνίου,</span> <span class='ocrx_word' id='word_1_720' title='bbox 2440 4477 2540 4531; x_wconf 82' lang='grc' dir='ltr'><strong>καί</strong></span> <span class='ocrx_word' id='word_1_721' title='bbox 2570 4476 2875 4546; x_wconf 81' lang='grc' dir='ltr'>μοσχάρία</span> <span class='ocrx_word' id='word_1_722' title='bbox 2900 4477 2969 4531; x_wconf 80' lang='grc' dir='ltr'><strong>ἐκ</strong></span> <span class='ocrx_word' id='word_1_723' title='bbox 2994 4474 3189 4546; x_wconf 85' lang='grc' dir='ltr'>μέσου</span> <span class='ocrx_word' id='word_1_724' title='bbox 3213 4476 3581 4540; x_wconf 72' lang='grc' dir='ltr'>,βουκολίων</span> <span class='ocrx_word' id='word_1_725' title='bbox 3606 4493 3699 4546; x_wconf 72' lang='grc' dir='ltr'><strong>τα·</strong></span> 
     </span>
    </p>
   </div>
   <div class='ocr_carea' id='block_1_94' title="bbox 2106 4565 3700 4638">
    <p class='ocr_par' dir='ltr' id='par_1_94' title="bbox 2106 4565 3700 4638">
     <span class='ocr_line' id='line_1_94' title="bbox 2106 4565 3700 4638; baseline -0.002 -14"><span class='ocrx_word' id='word_1_726' title='bbox 2106 4570 2369 4638; x_wconf 72' lang='grc' dir='ltr'>λαθηνὰ,</span> <span class='ocrx_word' id='word_1_727' title='bbox 2401 4568 2501 4623; x_wconf 80' lang='grc' dir='ltr'><strong>καί</strong></span> <span class='ocrx_word' id='word_1_728' title='bbox 2538 4572 2591 4623; x_wconf 81' lang='grc' dir='ltr'>οἱ</span> <span class='ocrx_word' id='word_1_729' title='bbox 2619 4568 3074 4637; x_wconf 75' lang='grc' dir='ltr'>ἐπικροτοῦντες</span> <span class='ocrx_word' id='word_1_730' title='bbox 3120 4566 3270 4636; x_wconf 72' lang='grc' dir='ltr'>πρὸς</span> <span class='ocrx_word' id='word_1_731' title='bbox 3323 4565 3450 4633; x_wconf 77' lang='grc' dir='ltr'><strong>τὴν</strong></span> <span class='ocrx_word' id='word_1_732' title='bbox 3490 4569 3700 4638; x_wconf 65' lang='grc' dir='ltr'><em>φωνὴν</em></span> 
     </span>
    </p>
   </div>
   <div class='ocr_carea' id='block_1_95' title="bbox 420 4654 1893 4732">
    <p class='ocr_par' dir='ltr' id='par_1_95' title="bbox 420 4654 1890 4729">
     <span class='ocr_line' id='line_1_95' title="bbox 420 4654 1890 4729; baseline -0.002 -15"><span class='ocrx_word' id='word_1_733' title='bbox 420 4669 497 4716; x_wconf 91' lang='lat' dir='ltr'><strong>tet</strong></span> <span class='ocrx_word' id='word_1_734' title='bbox 520 4658 838 4715; x_wconf 76' lang='lat' dir='ltr'><strong>existimare</strong></span> <span class='ocrx_word' id='word_1_735' title='bbox 865 4658 1188 4729; x_wconf 88' lang='lat' dir='ltr'><strong>prophetam</strong></span> <span class='ocrx_word' id='word_1_736' title='bbox 1207 4658 1539 4728; x_wconf 81' lang='lat' dir='ltr'><strong>exprobrare</strong></span> <span class='ocrx_word' id='word_1_737' title='bbox 1558 4654 1890 4726; x_wconf 83' lang='lat' dir='ltr'><strong>lsraelitis,lq</strong></span> 
     </span>
    </p>
   </div>
   <div class='ocr_carea' id='block_1_96' title="bbox 2221 4654 3694 4732">
    <p class='ocr_par' dir='ltr' id='par_1_96' title="bbox 2221 4656 3694 4732">
     <span class='ocr_line' id='line_1_96' title="bbox 2221 4656 3694 4732; baseline 0.001 -18"><span class='ocrx_word' id='word_1_738' title='bbox 2221 4680 2224 4693; x_wconf 66' lang='grc' dir='ltr'><strong>ι</strong></span> <span class='ocrx_word' id='word_1_739' title='bbox 2247 4660 2533 4730; x_wconf 73' lang='grc' dir='ltr'>ὀργάνων·</span> <span class='ocrx_word' id='word_1_740' title='bbox 2557 4661 2632 4724; x_wconf 83' lang='grc' dir='ltr'>ὡς</span> <span class='ocrx_word' id='word_1_741' title='bbox 2650 4659 2771 4715; x_wconf 76' lang='grc' dir='ltr'>οὔτε</span> <span class='ocrx_word' id='word_1_742' title='bbox 2785 4660 2876 4714; x_wconf 74' lang='grc' dir='ltr'><strong>τὸν</strong></span> <span class='ocrx_word' id='word_1_743' title='bbox 2890 4656 3031 4715; x_wconf 70' lang='grc' dir='ltr'>οἶνον</span> <span class='ocrx_word' id='word_1_744' title='bbox 3052 4660 3279 4732; x_wconf 84' lang='grc' dir='ltr'>τρυγίας</span> <span class='ocrx_word' id='word_1_745' title='bbox 3298 4660 3694 4730; x_wconf 82' lang='grc' dir='ltr'>άναθολούσης,</span> 
     </span>
    </p>
   </div>
   <div class='ocr_carea' id='block_1_97' title="bbox 420 4747 1999 4820">
    <p class='ocr_par' dir='ltr' id='par_1_97' title="bbox 420 4747 1999 4820">
     <span class='ocr_line' id='line_1_97' title="bbox 420 4747 1999 4820; baseline -0.004 -12"><span class='ocrx_word' id='word_1_746' title='bbox 420 4752 661 4809; x_wconf 80' lang='lat' dir='ltr'><strong>ferentes</strong></span> <span class='ocrx_word' id='word_1_747' title='bbox 693 4766 905 4807; x_wconf 87' lang='lat' dir='ltr'><strong>merum</strong></span> <span class='ocrx_word' id='word_1_748' title='bbox 946 4752 1178 4807; x_wconf 87' lang='lat' dir='ltr'><strong>verbum</strong></span> <span class='ocrx_word' id='word_1_749' title='bbox 1224 4748 1531 4820; x_wconf 78' lang='lat' dir='ltr'><strong>Scriptura:</strong></span> <span class='ocrx_word' id='word_1_750' title='bbox 1558 4749 1805 4802; x_wconf 77' lang='lat' dir='ltr'><strong>&#39;omnino</strong></span> <span class='ocrx_word' id='word_1_751' title='bbox 1848 4747 1999 4803; x_wconf 82' lang='lat' dir='ltr'><strong>defe-</strong></span> 
     </span>
    </p>
   </div>
   <div class='ocr_carea' id='block_1_98' title="bbox 419 4839 1999 4914">
    <p class='ocr_par' dir='ltr' id='par_1_98' title="bbox 419 4839 1999 4914">
     <span class='ocr_line' id='line_1_98' title="bbox 419 4839 1999 4914; baseline -0.007 -10"><span class='ocrx_word' id='word_1_752' title='bbox 419 4855 605 4905; x_wconf 88' lang='lat' dir='ltr'><strong>catum</strong></span> <span class='ocrx_word' id='word_1_753' title='bbox 639 4859 703 4900; x_wconf 88' lang='lat' dir='ltr'><strong>ac</strong></span> <span class='ocrx_word' id='word_1_754' title='bbox 734 4843 1100 4914; x_wconf 87' lang='lat' dir='ltr'><strong>percolatum,</strong></span> <span class='ocrx_word' id='word_1_755' title='bbox 1128 4850 1183 4898; x_wconf 91' lang='lat' dir='ltr'><strong>et</strong></span> <span class='ocrx_word' id='word_1_756' title='bbox 1205 4842 1411 4897; x_wconf 89' lang='lat' dir='ltr'><strong>bonum</strong></span> <span class='ocrx_word' id='word_1_757' title='bbox 1457 4840 1728 4896; x_wconf 88' lang='lat' dir='ltr'><strong>habentes</strong></span> <span class='ocrx_word' id='word_1_758' title='bbox 1774 4839 1999 4894; x_wconf 91' lang='lat' dir='ltr'><strong>odorem</strong></span> 
     </span>
    </p>
   </div>
   <div class='ocr_carea' id='block_1_99' title="bbox 2109 4751 3698 4823">
    <p class='ocr_par' dir='ltr' id='par_1_99' title="bbox 2109 4751 3698 4823">
     <span class='ocr_line' id='line_1_99' title="bbox 2109 4751 3698 4823; baseline 0.001 -18"><span class='ocrx_word' id='word_1_759' title='bbox 2109 4751 2233 4805; x_wconf 75' lang='grc' dir='ltr'>οὖτε</span> <span class='ocrx_word' id='word_1_760' title='bbox 2263 4753 2354 4804; x_wconf 78' lang='grc' dir='ltr'><strong>ἐπὶ</strong></span> <span class='ocrx_word' id='word_1_761' title='bbox 2387 4751 2480 4805; x_wconf 80' lang='grc' dir='ltr'>τοῦ</span> <span class='ocrx_word' id='word_1_762' title='bbox 2514 4752 2686 4823; x_wconf 85' lang='grc' dir='ltr'>μύρου</span> <span class='ocrx_word' id='word_1_763' title='bbox 2735 4751 2937 4822; x_wconf 83' lang='grc' dir='ltr'>μίξεώς</span> <span class='ocrx_word' id='word_1_764' title='bbox 2963 4769 3107 4816; x_wconf 86' lang='grc' dir='ltr'>τινος</span> <span class='ocrx_word' id='word_1_765' title='bbox 3143 4752 3202 4806; x_wconf 73' lang='grc' dir='ltr'>τὸ</span> <span class='ocrx_word' id='word_1_766' title='bbox 3242 4753 3565 4823; x_wconf 69' lang='grc' dir='ltr'>ἀκραιφνὲς</span> <span class='ocrx_word' id='word_1_767' title='bbox 3610 4755 3698 4823; x_wconf 71' lang='grc' dir='ltr'><strong>τῆς</strong></span> 
     </span>
    </p>
   </div>
   <div class='ocr_carea' id='block_1_100' title="bbox 2109 4843 3700 4916">
    <p class='ocr_par' dir='ltr' id='par_1_100' title="bbox 2109 4843 3700 4916">
     <span class='ocr_line' id='line_1_100' title="bbox 2109 4843 3700 4916; baseline -0.002 -17"><span class='ocrx_word' id='word_1_768' title='bbox 2109 4845 2370 4916; x_wconf 83' lang='grc' dir='ltr'>εὐοσμίας</span> <span class='ocrx_word' id='word_1_769' title='bbox 2394 4844 2835 4916; x_wconf 81' lang='grc' dir='ltr'>διαφθειρούσης.</span> <span class='ocrx_word' id='word_1_770' title='bbox 2876 4844 3013 4897; x_wconf 79' lang='grc' dir='ltr'>Ἀλλ’</span> <span class='ocrx_word' id='word_1_771' title='bbox 3040 4845 3157 4897; x_wconf 81' lang='grc' dir='ltr'>ἐκεῖ</span> <span class='ocrx_word' id='word_1_772' title='bbox 3183 4843 3289 4914; x_wconf 72' lang='grc' dir='ltr'>μὲν</span> <span class='ocrx_word' id='word_1_773' title='bbox 3307 4845 3541 4909; x_wconf 84' lang='grc' dir='ltr'>πάντως</span> <span class='ocrx_word' id='word_1_774' title='bbox 3570 4846 3700 4900; x_wconf 76' lang='grc' dir='ltr'>ὀνει-</span> 
     </span>
    </p>
   </div>
   <div class='ocr_carea' id='block_1_101' title="bbox 393 4930 1866 5010">
    <p class='ocr_par' dir='ltr' id='par_1_101' title="bbox 393 4930 1866 5010">
     <span class='ocr_line' id='line_1_101' title="bbox 393 4930 1866 5010; baseline -0.008 -16"><span class='ocrx_word' id='word_1_775' title='bbox 393 4936 828 5010; x_wconf 74' lang='lat' dir='ltr'><strong>iunguentorum</strong></span> <span class='ocrx_word' id='word_1_776' title='bbox 861 4933 1091 4989; x_wconf 90' lang='lat' dir='ltr'><strong>minime</strong></span> <span class='ocrx_word' id='word_1_777' title='bbox 1117 4933 1533 4997; x_wconf 85' lang='lat' dir='ltr'><strong>conturbatum,</strong></span> <span class='ocrx_word' id='word_1_778' title='bbox 1591 4939 1645 4986; x_wconf 89' lang='lat' dir='ltr'><strong>et</strong></span> <span class='ocrx_word' id='word_1_779' title='bbox 1697 4930 1866 5000; x_wconf 72' lang='lat' dir='ltr'><strong>spiritu</strong></span> 
     </span>
    </p>
   </div>
   <div class='ocr_carea' id='block_1_102' title="bbox 2225 4930 3698 5010">
    <p class='ocr_par' dir='ltr' id='par_1_102' title="bbox 2228 4932 3698 5006">
     <span class='ocr_line' id='line_1_102' title="bbox 2228 4932 3698 5006; baseline -0.001 -18"><span class='ocrx_word' id='word_1_780' title='bbox 2228 4952 2274 4988; x_wconf 92' lang='grc' dir='ltr'><strong>ιν</strong></span> <span class='ocrx_word' id='word_1_781' title='bbox 2303 4934 2509 4988; x_wconf 78' lang='grc' dir='ltr'>οἴεσθαι</span> <span class='ocrx_word' id='word_1_782' title='bbox 2544 4935 2649 5006; x_wconf 85' lang='grc' dir='ltr'>χρὴ</span> <span class='ocrx_word' id='word_1_783' title='bbox 2671 4937 2783 4998; x_wconf 86' lang='grc' dir='ltr'>τοῖς</span> <span class='ocrx_word' id='word_1_784' title='bbox 2821 4933 3181 5006; x_wconf 82' lang='grc' dir='ltr'>Ἰσραηλίταις</span> <span class='ocrx_word' id='word_1_785' title='bbox 3205 4932 3305 5005; x_wconf 80' lang='grc' dir='ltr'>τὴν</span> <span class='ocrx_word' id='word_1_786' title='bbox 3331 4935 3698 5005; x_wconf 75' lang='grc' dir='ltr'>προφητείαν.</span> 
     </span>
    </p>
   </div>
   <div class='ocr_carea' id='block_1_103' title="bbox 396 5008 1869 5102">
    <p class='ocr_par' dir='ltr' id='par_1_103' title="bbox 396 5008 1869 5102">
     <span class='ocr_line' id='line_1_103' title="bbox 396 5008 1869 5102; baseline -0.007 -17"><span class='ocrx_word' id='word_1_787' title='bbox 396 5008 565 5102; x_wconf 42' lang='grc' dir='ltr'>ξενύιί</span> <span class='ocrx_word' id='word_1_788' title='bbox 589 5028 803 5085; x_wconf 82' lang='lat' dir='ltr'><strong>deliciis</strong></span> <span class='ocrx_word' id='word_1_789' title='bbox 829 5042 890 5083; x_wconf 90' lang='lat' dir='ltr'><strong>se</strong></span> <span class='ocrx_word' id='word_1_790' title='bbox 915 5025 1142 5082; x_wconf 92' lang='lat' dir='ltr'><strong>omnino</strong></span> <span class='ocrx_word' id='word_1_791' title='bbox 1185 5025 1501 5096; x_wconf 88' lang='lat' dir='ltr'><strong>explentes,</strong></span> <span class='ocrx_word' id='word_1_792' title='bbox 1534 5039 1600 5078; x_wconf 83' lang='lat' dir='ltr'><strong>ex</strong></span> <span class='ocrx_word' id='word_1_793' title='bbox 1630 5023 1699 5078; x_wconf 89' lang='lat' dir='ltr'><strong>iis</strong></span> <span class='ocrx_word' id='word_1_794' title='bbox 1727 5036 1869 5077; x_wconf 76' lang='lat' dir='ltr'><strong>comi</strong></span> 
     </span>
    </p>
   </div>
   <div class='ocr_carea' id='block_1_104' title="bbox 2227 5008 3700 5102">
    <p class='ocr_par' dir='ltr' id='par_1_104' title="bbox 2233 5025 3700 5098">
     <span class='ocr_line' id='line_1_104' title="bbox 2233 5025 3700 5098; baseline -0.018 -2"><span class='ocrx_word' id='word_1_795' title='bbox 2233 5026 2470 5097; x_wconf 77' lang='grc' dir='ltr'>ἄκρατον</span> <span class='ocrx_word' id='word_1_796' title='bbox 2497 5026 2596 5096; x_wconf 53' lang='lat' dir='ltr'><strong>sic</strong></span> <span class='ocrx_word' id='word_1_797' title='bbox 2620 5025 2846 5096; x_wconf 75' lang='grc' dir='ltr'>Γραφῆς</span> <span class='ocrx_word' id='word_1_798' title='bbox 2876 5025 3275 5098; x_wconf 76' lang='grc' dir='ltr'>ἐμφορούμενοι</span> <span class='ocrx_word' id='word_1_799' title='bbox 3322 5026 3494 5096; x_wconf 74' lang='grc' dir='ltr'>λόγον</span> <span class='ocrx_word' id='word_1_800' title='bbox 3526 5031 3700 5098; x_wconf 66' lang='grc' dir='ltr'>πάσης</span> 
     </span>
    </p>
   </div>
   <div class='ocr_carea' id='block_1_105' title="bbox 397 5098 1870 5191">
    <p class='ocr_par' dir='ltr' id='par_1_105' title="bbox 397 5098 1863 5191">
     <span class='ocr_line' id='line_1_105' title="bbox 397 5098 1863 5191; baseline -0.005 -16"><span class='ocrx_word' id='word_1_801' title='bbox 397 5098 559 5191; x_wconf 46' lang='grc' dir='ltr'>ῗιιίιιὶι</span> <span class='ocrx_word' id='word_1_802' title='bbox 586 5119 810 5174; x_wconf 89' lang='lat' dir='ltr'><strong>omnino</strong></span> <span class='ocrx_word' id='word_1_803' title='bbox 837 5116 1117 5188; x_wconf 83' lang='lat' dir='ltr'><strong>ceperint:</strong></span> <span class='ocrx_word' id='word_1_804' title='bbox 1137 5116 1283 5170; x_wconf 87' lang='lat' dir='ltr'><strong>malo</strong></span> <span class='ocrx_word' id='word_1_805' title='bbox 1313 5131 1505 5170; x_wconf 89' lang='lat' dir='ltr'><strong>eorum</strong></span> <span class='ocrx_word' id='word_1_806' title='bbox 1526 5115 1783 5169; x_wconf 88' lang='lat' dir='ltr'><strong>instituto</strong></span> <span class='ocrx_word' id='word_1_807' title='bbox 1813 5120 1863 5167; x_wconf 91' lang='lat' dir='ltr'><strong>tr</strong></span> 
     </span>
    </p>
   </div>
   <div class='ocr_carea' id='block_1_106' title="bbox 2227 5098 3700 5191">
    <p class='ocr_par' dir='ltr' id='par_1_106' title="bbox 2227 5115 3700 5189">
     <span class='ocr_line' id='line_1_106' title="bbox 2227 5115 3700 5189; baseline -0.005 -19"><span class='ocrx_word' id='word_1_808' title='bbox 2227 5117 2333 5186; x_wconf 64' lang='lat' dir='ltr'><strong>(id;</strong></span> <span class='ocrx_word' id='word_1_809' title='bbox 2365 5116 2726 5187; x_wconf 74' lang='grc' dir='ltr'>διυλισμένον,</span> <span class='ocrx_word' id='word_1_810' title='bbox 2767 5116 2860 5169; x_wconf 69' lang='grc' dir='ltr'>καὶ</span> <span class='ocrx_word' id='word_1_811' title='bbox 2904 5115 3169 5169; x_wconf 69' lang='grc' dir='ltr'>ἀδόλωτω</span> <span class='ocrx_word' id='word_1_812' title='bbox 3197 5115 3425 5185; x_wconf 76' lang='grc' dir='ltr'>ἔχοντες</span> <span class='ocrx_word' id='word_1_813' title='bbox 3462 5117 3576 5171; x_wconf 78' lang='grc' dir='ltr'><strong>τῶν</strong></span> <span class='ocrx_word' id='word_1_814' title='bbox 3611 5118 3700 5189; x_wconf 64' lang='grc' dir='ltr'><strong>μῦ-</strong></span> 
     </span>
    </p>
   </div>
   <div class='ocr_carea' id='block_1_107' title="bbox 422 5205 1895 5284">
    <p class='ocr_par' dir='ltr' id='par_1_107' title="bbox 422 5205 1895 5281">
     <span class='ocr_line' id='line_1_107' title="bbox 422 5205 1895 5281; baseline -0.007 -14"><span class='ocrx_word' id='word_1_815' title='bbox 422 5221 672 5268; x_wconf 90' lang='lat' dir='ltr'><strong>mutante</strong></span> <span class='ocrx_word' id='word_1_816' title='bbox 697 5210 813 5267; x_wconf 83' lang='lat' dir='ltr'><strong>vini</strong></span> <span class='ocrx_word' id='word_1_817' title='bbox 871 5209 1326 5281; x_wconf 80' lang='lat' dir='ltr'><strong>perspicuitatem</strong></span> <span class='ocrx_word' id='word_1_818' title='bbox 1378 5209 1434 5263; x_wconf 85' lang='lat' dir='ltr'><strong>in</strong></span> <span class='ocrx_word' id='word_1_819' title='bbox 1467 5205 1742 5262; x_wconf 87' lang='lat' dir='ltr'><strong>turbidam</strong></span> <span class='ocrx_word' id='word_1_820' title='bbox 1777 5222 1895 5275; x_wconf 64' lang='lat' dir='ltr'><strong>peri</strong></span> 
     </span>
    </p>
   </div>
   <div class='ocr_carea' id='block_1_108' title="bbox 2256 5205 3729 5284">
    <p class='ocr_par' dir='ltr' id='par_1_108' title="bbox 2256 5206 3729 5282">
     <span class='ocr_line' id='line_1_108' title="bbox 2256 5206 3729 5282; baseline -0.002 -17"><span class='ocrx_word' id='word_1_821' title='bbox 2256 5210 2350 5282; x_wconf 77' lang='grc' dir='ltr'><strong>τὴν</strong></span> <span class='ocrx_word' id='word_1_822' title='bbox 2380 5209 2636 5280; x_wconf 80' lang='grc' dir='ltr'>εὐοδμίαν</span> <span class='ocrx_word' id='word_1_823' title='bbox 2655 5250 2670 5275; x_wconf 93' lang='grc'><strong>,</strong></span> <span class='ocrx_word' id='word_1_824' title='bbox 2714 5207 2810 5262; x_wconf 73' lang='grc' dir='ltr'><strong>καὶ</strong></span> <span class='ocrx_word' id='word_1_825' title='bbox 2841 5206 2929 5261; x_wconf 82' lang='grc' dir='ltr'>διὰ</span> <span class='ocrx_word' id='word_1_826' title='bbox 2972 5208 3188 5262; x_wconf 88' lang='grc' dir='ltr'>πάντων</span> <span class='ocrx_word' id='word_1_827' title='bbox 3233 5209 3698 5280; x_wconf 75' lang='grc' dir='ltr'>κατατρυφῶντες</span> <span class='ocrx_word' id='word_1_828' title='bbox 3728 5216 3729 5219; x_wconf 69' lang='grc'><em>“</em></span> 
     </span>
    </p>
   </div>
   <div class='ocr_carea' id='block_1_109' title="bbox 421 5298 1894 5374">
    <p class='ocr_par' dir='ltr' id='par_1_109' title="bbox 421 5298 1894 5374">
     <span class='ocr_line' id='line_1_109' title="bbox 421 5298 1894 5374; baseline -0.003 -15"><span class='ocrx_word' id='word_1_829' title='bbox 421 5307 655 5369; x_wconf 86' lang='lat' dir='ltr'><strong>sionem,</strong></span> <span class='ocrx_word' id='word_1_830' title='bbox 713 5313 768 5359; x_wconf 90' lang='lat' dir='ltr'><strong>et</strong></span> <span class='ocrx_word' id='word_1_831' title='bbox 825 5318 922 5373; x_wconf 84' lang='lat' dir='ltr'><strong>per</strong></span> <span class='ocrx_word' id='word_1_832' title='bbox 970 5316 1267 5374; x_wconf 79' lang='lat' dir='ltr'><strong>pravorum</strong></span> <span class='ocrx_word' id='word_1_833' title='bbox 1307 5300 1675 5372; x_wconf 85' lang='lat' dir='ltr'><strong>cogitatorum</strong></span> <span class='ocrx_word' id='word_1_834' title='bbox 1718 5298 1894 5354; x_wconf 88' lang='lat' dir='ltr'><strong>admis</strong></span> 
     </span>
    </p>
   </div>
   <div class='ocr_carea' id='block_1_110' title="bbox 2225 5298 3698 5374">
    <p class='ocr_par' dir='ltr' id='par_1_110' title="bbox 2252 5298 3698 5372">
     <span class='ocr_line' id='line_1_110' title="bbox 2252 5298 3698 5372; baseline 0.001 -18"><span class='ocrx_word' id='word_1_835' title='bbox 2252 5301 2626 5372; x_wconf 82' lang='grc' dir='ltr'>πνευματικῆς</span> <span class='ocrx_word' id='word_1_836' title='bbox 2667 5299 3023 5364; x_wconf 86' lang='grc' dir='ltr'>πανδαισίας,</span> <span class='ocrx_word' id='word_1_837' title='bbox 3067 5298 3222 5353; x_wconf 77' lang='grc' dir='ltr'>οὐδὲν</span> <span class='ocrx_word' id='word_1_838' title='bbox 3269 5300 3575 5356; x_wconf 75' lang='grc' dir='ltr'>άπώναντο</span> <span class='ocrx_word' id='word_1_839' title='bbox 3612 5302 3698 5368; x_wconf 72' lang='grc' dir='ltr'><strong>τῆς</strong></span> 
     </span>
    </p>
   </div>
   <div class='ocr_carea' id='block_1_111' title="bbox 423 5389 1896 5467">
    <p class='ocr_par' dir='ltr' id='par_1_111' title="bbox 423 5395 1896 5467">
     <span class='ocr_line' id='line_1_111' title="bbox 423 5395 1896 5467; baseline -0.003 -16"><span class='ocrx_word' id='word_1_840' title='bbox 423 5412 546 5451; x_wconf 83' lang='lat' dir='ltr'><strong>nem</strong></span> <span class='ocrx_word' id='word_1_841' title='bbox 577 5397 842 5467; x_wconf 81' lang='lat' dir='ltr'><strong>perdente</strong></span> <span class='ocrx_word' id='word_1_842' title='bbox 888 5397 1193 5466; x_wconf 87' lang='lat' dir='ltr'><strong>puritatem</strong></span> <span class='ocrx_word' id='word_1_843' title='bbox 1233 5395 1541 5459; x_wconf 84' lang='lat' dir='ltr'><strong>primorum</strong></span> <span class='ocrx_word' id='word_1_844' title='bbox 1569 5402 1896 5462; x_wconf 73' lang='lat' dir='ltr'><strong>unguentorl</strong></span> 
     </span>
    </p>
   </div>
   <div class='ocr_carea' id='block_1_112' title="bbox 2223 5389 3696 5467">
    <p class='ocr_par' dir='ltr' id='par_1_112' title="bbox 2223 5389 3696 5463">
     <span class='ocr_line' id='line_1_112' title="bbox 2223 5389 3696 5463; baseline -0.004 -18"><span class='ocrx_word' id='word_1_845' title='bbox 2223 5392 2364 5462; x_wconf 64' lang='grc' dir='ltr'>μύτης</span> <span class='ocrx_word' id='word_1_846' title='bbox 2391 5391 2622 5463; x_wconf 80' lang='grc' dir='ltr'>τρυφῆς,</span> <span class='ocrx_word' id='word_1_847' title='bbox 2652 5393 2752 5461; x_wconf 86' lang='grc' dir='ltr'><strong>τῆς</strong></span> <span class='ocrx_word' id='word_1_848' title='bbox 2780 5391 2959 5463; x_wconf 84' lang='grc' dir='ltr'>κακῆς</span> <span class='ocrx_word' id='word_1_849' title='bbox 2986 5389 3366 5462; x_wconf 82' lang='grc' dir='ltr'>προαιρέσεως</span> <span class='ocrx_word' id='word_1_850' title='bbox 3393 5390 3585 5445; x_wconf 73' lang='grc' dir='ltr'>αὐτῶν</span> <span class='ocrx_word' id='word_1_851' title='bbox 3614 5391 3696 5444; x_wconf 71' lang='grc' dir='ltr'><strong>καί</strong></span> 
     </span>
    </p>
   </div>
   <div class='ocr_carea' id='block_1_113' title="bbox 426 5482 1899 5557">
    <p class='ocr_par' dir='ltr' id='par_1_113' title="bbox 426 5482 1899 5556">
     <span class='ocr_line' id='line_1_113' title="bbox 426 5482 1899 5556; baseline -0.001 -17"><span class='ocrx_word' id='word_1_852' title='bbox 426 5484 525 5539; x_wconf 83' lang='lat' dir='ltr'><strong>llic</strong></span> <span class='ocrx_word' id='word_1_853' title='bbox 558 5482 740 5541; x_wconf 84' lang='lat' dir='ltr'><strong>autem</strong></span> <span class='ocrx_word' id='word_1_854' title='bbox 773 5485 1056 5556; x_wconf 89' lang='lat' dir='ltr'><strong>Scriptura</strong></span> <span class='ocrx_word' id='word_1_855' title='bbox 1072 5485 1262 5541; x_wconf 90' lang='lat' dir='ltr'><strong>tribuit</strong></span> <span class='ocrx_word' id='word_1_856' title='bbox 1291 5500 1508 5555; x_wconf 69' lang='lat' dir='ltr'><strong>sponsa:</strong></span> <span class='ocrx_word' id='word_1_857' title='bbox 1534 5498 1668 5553; x_wconf 84' lang='lat' dir='ltr'><strong>pura</strong></span> <span class='ocrx_word' id='word_1_858' title='bbox 1706 5491 1761 5539; x_wconf 91' lang='lat' dir='ltr'><strong>et</strong></span> <span class='ocrx_word' id='word_1_859' title='bbox 1782 5484 1899 5538; x_wconf 82' lang='lat' dir='ltr'><strong>min</strong></span> 
     </span>
    </p>
   </div>
   <div class='ocr_carea' id='block_1_114' title="bbox 2222 5482 3695 5557">
    <p class='ocr_par' dir='ltr' id='par_1_114' title="bbox 2222 5482 3695 5557">
     <span class='ocr_line' id='line_1_114' title="bbox 2222 5482 3695 5557; baseline 0 -19"><span class='ocrx_word' id='word_1_860' title='bbox 2222 5483 2437 5554; x_wconf 77' lang='grc' dir='ltr'>διαυγὲς</span> <span class='ocrx_word' id='word_1_861' title='bbox 2482 5482 2576 5536; x_wconf 77' lang='grc' dir='ltr'>τοῦ</span> <span class='ocrx_word' id='word_1_862' title='bbox 2615 5484 2758 5537; x_wconf 74' lang='grc' dir='ltr'>οἴνου</span> <span class='ocrx_word' id='word_1_863' title='bbox 2788 5485 2869 5547; x_wconf 86' lang='grc' dir='ltr'><strong>είς</strong></span> <span class='ocrx_word' id='word_1_864' title='bbox 2915 5482 3230 5556; x_wconf 76' lang='grc' dir='ltr'>ἀνατροπὴν</span> <span class='ocrx_word' id='word_1_865' title='bbox 3262 5482 3503 5557; x_wconf 71' lang='grc' dir='ltr'>θαλερὰν</span> <span class='ocrx_word' id='word_1_866' title='bbox 3546 5500 3695 5556; x_wconf 75' lang='grc' dir='ltr'>μετα-</span> 
     </span>
    </p>
   </div>
   <div class='ocr_carea' id='block_1_115' title="bbox 493 5657 2880 5730">
    <p class='ocr_par' dir='ltr' id='par_1_115' title="bbox 493 5657 2880 5730">
     <span class='ocr_line' id='line_1_115' title="bbox 493 5657 2880 5730; baseline 0 -17"><span class='ocrx_word' id='word_1_867' title='bbox 493 5657 758 5730; x_wconf 71' lang='lat' dir='ltr'><strong>&quot;Ephes.</strong></span> <span class='ocrx_word' id='word_1_868' title='bbox 794 5675 847 5727; x_wconf 87' lang='lat' dir='ltr'><strong>v,</strong></span> <span class='ocrx_word' id='word_1_869' title='bbox 884 5659 957 5726; x_wconf 86' lang='lat'><strong>8;</strong></span> <span class='ocrx_word' id='word_1_870' title='bbox 986 5657 1227 5717; x_wconf 89' lang='lat' dir='ltr'><strong>lThess.</strong></span> <span class='ocrx_word' id='word_1_871' title='bbox 1263 5676 1314 5728; x_wconf 87' lang='lat' dir='ltr'><strong>v,</strong></span> <span class='ocrx_word' id='word_1_872' title='bbox 1365 5660 1418 5716; x_wconf 83' lang='lat'><strong>5.</strong></span> <span class='ocrx_word' id='word_1_873' title='bbox 1497 5660 1542 5693; x_wconf 75' lang='grc'><strong>’³</strong></span> <span class='ocrx_word' id='word_1_874' title='bbox 1567 5657 1722 5715; x_wconf 87' lang='lat' dir='ltr'><strong>Joan.</strong></span> <span class='ocrx_word' id='word_1_875' title='bbox 1759 5675 1871 5728; x_wconf 63' lang='lat' dir='ltr'><strong>ius,</strong></span> <span class='ocrx_word' id='word_1_876' title='bbox 1896 5660 1985 5716; x_wconf 83' lang='lat'><strong>&#39;59.</strong></span> <span class='ocrx_word' id='word_1_877' title='bbox 2060 5659 2106 5694; x_wconf 63' lang='grc' dir='ltr'><strong>’δ</strong></span> <span class='ocrx_word' id='word_1_878' title='bbox 2135 5658 2301 5715; x_wconf 75' lang='lat' dir='ltr'><strong>Amos</strong></span> <span class='ocrx_word' id='word_1_879' title='bbox 2320 5674 2392 5724; x_wconf 79' lang='lat' dir='ltr'><strong>vi,</strong></span> <span class='ocrx_word' id='word_1_880' title='bbox 2431 5659 2483 5714; x_wconf 85' lang='lat'><strong>6.</strong></span> <span class='ocrx_word' id='word_1_881' title='bbox 2593 5660 2639 5692; x_wconf 71' lang='grc'><strong>³⁸</strong></span> <span class='ocrx_word' id='word_1_882' title='bbox 2663 5658 2793 5716; x_wconf 89' lang='lat' dir='ltr'><strong>ibid.</strong></span> <span class='ocrx_word' id='word_1_883' title='bbox 2827 5657 2880 5714; x_wconf 67' lang='grc'><strong>4.</strong></span> 
     </span>
    </p>
   </div>
  </div>
