3730 5980
34 268 116 323 ’ΞἹ
1072 278 1139 336 ΙΝ
1159 281 1455 342 CANTICA
1476 285 1749 347 CANTIC.
1793 288 2073 346 [IOMILJA
2113 291 2202 348 IX.

3176 291 3282 353 978

33 386 320 461 ῖοιοιῖσης,
366 390 461 444 καὶ
505 390 566 446 τδ
593 393 831 475 καθαρὸν
872 395 980 451 τῶν
1020 416 1250 472 πρωτων
1298 406 1487 479 μύρων

1808 411 2021 468 dterina
2048 410 2322 483 dogmata,
2342 426 2438 483 per
2459 411 2866 483 productionem
2884 409 3157 467 fructuum
3178 409 3280 479 pri-

37 479 113 547 ἧς
144 479 273 570 τῶν
300 480 555 552 πονηρῶν
576 483 863 555 νοημάτων
886 487 1165 559 ἐπιμιξίας
1190 492 1611 570 λυμαινομένης.

34 569 321 624 Ενταῦθα
359 572 544 642 μέντοι
591 574 654 628 τὸ
707 575 1086 649 ἀκιϐδήλευτόν
1124 600 1183 637 τε
1235 587 1327 640 καὶ
1379 569 1618 661 καθαρὸν

34 661 129 712 ὢν
174 661 476 732 δογμάτων
511 670 779 739 μαρτυρεῖ
807 671 873 740 τῇ
907 669 1093 747 νύμφῃ
1133 677 1161 727 ὁ
1189 675 1377 746 λόγος,
1408 679 1496 734 διὰ
1521 681 1619 751 τῆς

34 751 128 804 ’ὦν
164 751 414 821 πρώτων
443 754 632 825 μύρων
664 762 1062 832 καρποφορίας.
1102 766 1213 820 Καὶ
1243 769 1366 823 οὐδὲ
1410 773 1621 827 ἐνητού-

33 858 134 904 ὀις
186 843 331 935 ἔστη
379 844 503 899 οὔτε
540 847 583 935 Ai]
633 846 842 921 νύμφη,
889 853 1003 916 τοῖς
1038 855 1386 931 ὑψηλοτέροις
1422 842 1619 935 ἑαυτὴν

34 933 462 1023 ηπεκτείνοιισα,
492 933 614 989 οὔτε
644 939 672 990 ὁ
697 936 855 1006 λόγος
883 943 1162 1014 συνεργῶν
1190 948 1327 1020 αὑτῇ
1359 950 1495 1023 πρὸς
1521 933 1620 1021 τήν

33 1019 247 1075 ἱνοδον.
273 1015 383 1085 ’Ἦς
409 1022 518 1095 γὰρ
545 1024 611 1078 ἐκ
629 1024 723 1078 τοῦ
744 1026 1013 1097 στόματος
1036 1015 1327 1090 ἀποστολαί
1351 1015 1490 1110 ῥοῶν
1515 1015 1619 1095 εἰσι

33 1111 115 1162 ui
144 1112 472 1182 ἀρωμάτων
514 1114 864 1186 παράδεισοι,
913 1118 1049 1192 αὕτη
1075 1122 1168 1176 νῦν
1186 1127 1347 1197 ’πηγὴ
1376 1128 1616 1196 γίνεται,

33 1198 151 1289 τοὺς
176 1198 255 1289 ἐξ
278 1201 448 1272 αὐτῆς
477 1203 814 1274 άναφυέντας
840 1210 1205 1278 παραδείσους
1234 1217 1580 1289 κατάρδουσα
1598 1235 1613 1251 ⁸

33 1288 122 1358 ιῦχ
153 1287 244 1379 ὡς
272 1290 502 1379 ὲπὶῌτού
534 1294 745 1347 Παύλου
778 1312 838 1347 τε
878 1298 972 1351 καὶ
1019 1301 1257 1357 Ἀπολ)ιῶ
1302 1287 1621 1379 μεμαθήκα-

33 1387 153 1436 sev,
189 1372 275 1437 ὡς
313 1375 406 1429 τοῦ
435 1378 535 1447 μὲν
568 1380 912 1449 φυτεύοντος,
945 1386 1038 1440 τοῦ
1069 1389 1127 1443 δὲ
1156 1372 1343 1464 ἑτέρου
1371 1372 1633 1460 ποτίξονε

33 1477 117 1558 ξος
138 1480 155 1494 ⁸
193 1463 320 1518 ἀλλ’
347 1465 487 1540 αὕτη
513 1471 580 1523 τὰ
605 1471 698 1526 δύο
725 1476 1032 1549 ἐργάζεται,
1060 1463 1267 1549 φύουσα
1287 1485 1414 1549 τοὺς
1446 1504 1621 1558 παρα-

1718 518 1928 558 morum
1956 512 2376 573 unguentorum.
2390 503 2493 559 Sed
2509 519 2608 560 nec
2627 505 2681 558 in
2697 503 2784 559 bis
2801 501 3043 558 substitit
3059 516 3280 571 sponsa.

1718 592 2011 663 quominus
2030 606 2088 648 se
2124 593 2439 650 extenderet
2462 595 2528 650 ad
2557 595 2772 658 altiora,
2801 608 2976 663 neque
2997 590 3282 660 Scriptura

1716 679 2014 748 quominus
2057 681 2106 735 ei
2130 694 2285 751 opem
2316 680 2482 737 ferret
2506 682 2574 738 ad
2604 697 2912 738 ascensum.
2939 678 3110 750 Cujus
3138 679 3282 733 enim

1717 784 1782 824 ex
1814 783 1908 824 ore
1925 776 2052 824 sunt
2076 771 2400 828 emissiones
2424 772 2691 828 malorum
2711 773 3031 842 punicorum
3058 776 3112 825 et
3127 782 3284 840 para-

1718 856 1824 913 disi
1867 867 2191 925 aromatum,
2214 875 2278 915 ea
2303 876 2452 917 nunc
2479 862 2537 916 tit
2557 862 2698 926 fons,
2717 862 2951 932 irrigans
2979 860 3168 915 hortos
3191 858 3285 930 qui

1718 963 1785 1002 ex
1813 963 1876 1003 ea
1905 950 2156 1005 ortisunt
2176 970 2188 1006 :
2209 967 2318 1006 non
2349 952 2492 1007 sicut
2515 952 2583 1007 de
2609 953 2777 1008 Paulo
2806 959 2859 1008 et
2886 951 3285 1023 Apollodidici-

1722 1050 1865 1102 mus,
1900 1036 2044 1105 quod
2073 1039 2210 1093 alter
2237 1040 2457 1109 quidem
2501 1041 2798 1110 plantaret,
2847 1041 2984 1121 alter
3009 1055 3139 1096 vero
3164 1039 3286 1094 irri-

1720 1134 1903 1193 garet;
1934 1126 2031 1181 sed
2084 1128 2204 1198 ipsa
2234 1130 2343 1187 duo
2396 1140 2677 1203 operatur,
2740 1139 2800 1186 ut
2844 1146 2967 1200 quae
3015 1130 3179 1186 simul
3231 1138 3287 1185 et

1723 1213 1926 1282 plantet
1954 1215 2143 1274 hortos
2170 1228 2225 1275 et
2260 1220 2469 1292 irriget.
2493 1219 2752 1277 Fortasse
2783 1228 2967 1276 autem
2998 1218 3286 1275 sublimio-

1720 1318 1835 1359 rem
1861 1321 2081 1378 quoque
2104 1309 2344 1381 aliquam
2372 1313 2642 1368 rationem
2681 1313 2801 1367 laus
2832 1311 3099 1368 continet.
3145 1309 3289 1365 Dicit

1721 1394 1865 1450 enim
1895 1412 2020 1452 cum
2052 1415 2177 1456 esse
2210 1401 2413 1457 fontem
2450 1420 2559 1458 non
2610 1402 2798 1457 ﬂuenti
2837 1403 2984 1473 quod
3038 1401 3286 1474 proﬂuit.

1726 1486 1822 1540 scd
1856 1487 2137 1543 hortorum
2178 1494 2192 1546 ξ
2231 1510 2340 1548 non
2369 1495 2583 1565 aliquas
2624 1511 2891 1566 aquarum
2945 1493 3287 1558 cﬂluxiones,

33 1552 256 1654 ῑεί
275 1558 435 1627 ὁμοῦ,
466 1563 566 1654 καὶ.
590 1565 901 1633 ποτίζουσα,
921 1573 991 1625 Ἢ
1009 1572 1148 1643 τάχα
1167 1574 1264 1627 καὶ
1292 1575 1506 1646 ύψηλότε

1818 1576 2031 1634 ῖΙιοι-ιοε
2071 1580 2223 1651 ipsos
2273 1552 2615 1654 irrigantem.
2659 1552 2737 1639 Illa
2777 1584 3046 1639 animatos
3099 1582 3291 1636 hortos

33 1656 151 1745 τινα
191 1642 358 1713 λόγον
412 1651 707 1723 περιέχειό
738 1656 980 1723 ἔπαινος.
1004 1642 1192 1732 Πηγὴν
1220 1642 1506 1735 γάρναύτὴπ

1819 1680 1979 1723 auare
2008 1642 2137 1724 fecit
2166 1642 2703 1744 dit‘inustpostolus
2730 1676 2797 1741 “,
2824 1691 2920 1731 eos
2971 1675 3112 1745 apud
3152 1686 3292 1742 quos

33 1730 284 1826 Ικάματος
316 1741 676 1811 προχεομένω
704 1748 867 1812 τινὸς,
887 1749 1021 1803 ἀλλὰ
1042 1730 1390 1822 κηπωνείναί
1415 1730 1506 1824 φης

1815 1771 1841 1822 L,
1871 1771 1967 1826 per
1988 1757 2292 1814 doctrinam
2318 1764 2500 1818 enasci
2528 1762 2733 1819 faciens
2759 1763 2979 1818 hortum
3009 1760 3288 1816 Ecclesiae.

33 1820 127 1922 ἶύοχ
160 1825 378 1922 ὑδάτων
393 1829 549 1922 τινάς
566 1832 859 1906 ἀπορροάς,
876 1820 1201 1904 άλλάύτοὺς
1222 1842 1347 1905 τοὺς
1371 1820 1582 1914 κήπους
1608 1820 1952 1912 ηγάζουσάν
1967 1864 2025 1900 τε
2044 1849 2137 1900 καλ⁸
2164 1849 2557 1921 άναϐρύουσαν.
2583 1851 2765 1915 Οὕτως
2794 1852 3027 1922 άνέϐρυε
3040 1853 3166 1915 τοὺς
3195 1853 3293 1922 ἐμ-

33 1910 248 2012 ζιύχους
259 1916 513 2012 κήπουςό
530 1918 672 2012 θεῖος
682 1922 1018 2012 Ἀπόστολος,
1033 1930 1162 1999 παρ’
1174 1922 1254 1992 οἷς
1263 1928 1329 1983 ἂν
1345 1910 1580 1999 ἐγένετο,
1597 1910 1685 1984 τὸν
1701 1930 1800 2002 τῆς
1816 1934 2138 2005 Ἐκκλησίας
2154 1910 2479 2011 παράδεισον
2492 1941 2578 1994 διὰ
2587 1943 2683 2012 τῆς
2694 1910 3037 2007 διδασκαλίας
3054 1910 3291 2012 ἐκφύων.

100 1994 251 2051 Εἶτα
277 2002 411 2072 πρὸς
439 2004 499 2056 τὸ
537 2007 835 2077 ἀκρότατον
865 2010 988 2080 ἄγει
1013 1994 1354 2085 τὴννύμφην
1384 1994 1479 2070 διά
1509 1994 1620 2070 τῶν
1651 2026 1691 2079 Β

33 2089 287 2143 ἐπαίνων
334 2095 363 2146 ὁ
423 2094 608 2164 λόγος,
660 2100 837 2173 φρέαρ
887 2102 1057 2174 αὐτὴν
1110 2104 1382 2175 ὀνομάσας
1434 2107 1621 2170 ὓδατος

33 2179 284 2275 ζῶν-τος,
322 2185 417 2275 καὶ
468 2186 773 2256 ροιζοῦντος
816 2193 923 2246 ἀπὸ
968 2193 1061 2248 τοῦ
1105 2195 1360 2252 Λιϐάνου.
1419 2199 1486 2251 "A
1513 2198 1622 2275 γὰρ

33 2271 174 2343 περὶ
218 2272 321 2343 τῆς
351 2272 615 2337 ζωοποιοῦ
661 2279 1064 2353 μεμαθήκαμεν
1100 2282 1314 2353 φύσεως
1343 2286 1493 2356 παρὰ
1524 2271 1623 2358 τῆς

33 2359 206 2428 ἁγίας
234 2362 277 2413 Γ
284 2363 479 2434 ραφῆς,
507 2365 602 2421 νῦν
637 2368 736 2439 μὲν
768 2370 869 2440 τῆς
896 2373 1230 2444 προφητείας
1268 2371 1534 2446 λεγούσης
1560 2377 1622 2428 ὲκ

34 2449 345 2520 προσώπου
374 2453 468 2506 τοῦ
497 2455 632 2511 Θεοῦ
652 2499 667 2523 ,
691 2458 773 2513 ὅτι
826 2462 963 2530 Ἐμὲ
983 2463 1381 2533 ἐγκατέλιπον
1417 2467 1622 2536 πηγὴν

33 2538 269 2606 ὕδατος
295 2539 509 2611 ζῶντος
529 2560 545 2576 ·
581 2547 741 2602 πάλιν
780 2549 836 2603 δὲ
860 2550 954 2604 τοῦ
986 2553 1191 2624 Κυρίου
1223 2554 1358 2625 πρὸς
1379 2556 1480 2627 τὴν
1515 2557 1620 2609 Σα-

38 2632 299 2702 μαρεῖτιν
327 2634 600 2700 εἰπόντος·
631 2641 702 2692 Et
727 2637 890 2708 ᾔδεις
918 2640 1033 2711 τὴν
1058 2642 1285 2712 δωρεὰν
1310 2644 1418 2699 τοῦ
1448 2646 1618 2710 Θεοῦ,

36 2720 144 2774 καὶ
172 2723 270 2789 τίς
299 2717 471 2779 ἐστιν
499 2729 534 2780 ὁ
560 2727 752 2798 λέγων
791 2745 892 2791 σοι
915 2750 929 2764 ·
967 2735 1081 2800 Δός
1106 2752 1210 2805 μοι
1246 2735 1403 2805 ὕδωρ
1444 2738 1622 2803 πιεῖν,

38 2811 127 2864 σὺ
160 2810 242 2866 ἂν
284 2815 513 2883 ᾔτησας
555 2819 771 2883 αὐτὸν,
821 2821 920 2875 καὶ
951 2823 1172 2879 ἔδωκεν
1200 2826 1277 2880 ἄν
1318 2840 1419 2881 σοι
1470 2828 1626 2898 ὕδωρ

39 2899 189 2959 ὧν·
226 2905 341 2967 καὶ,
370 2907 446 2959 El
474 2924 564 2973 τις
592 2907 775 2977 διψᾷ,
811 2912 1076 2981 ἐρχέσθω
1112 2915 1263 2984 πρὸς
1294 2917 1374 2986 μὲ
1405 2917 1502 2972 καὶ
1534 2930 1627 2972 πι-

37 2991 220 3049 νέτω.
272 2994 325 3046 ’0
360 2997 471 3065 γὰρ
517 3001 816 3055 πιστεύων
857 3005 942 3071 εἰς
989 3005 1094 3074 ἐμὲ
1116 3045 1130 3069 ,
1178 3007 1371 3073 καθὼς
1394 3004 1562 3063 εἷπεν
1586 3010 1624 3078 ἠ

49 3084 294 3154 Γραφὴ,
327 3090 577 3158 ποταμοὶ
603 3091 671 3145 ἐκ
694 3091 803 3160 τῆς
825 3095 1058 3161 κοιλίας
1091 3098 1275 3151 αὐτοῦ
1288 3095 1627 3162 ῥεύσουσιν

34 3171 267 3235 ὕδατος
280 3172 510 3237 ζῶντος.
537 3175 717 3228 Τοῦτο
729 3176 796 3229 δὲ
807 3177 978 3247 ἔλεγε
993 3180 1124 3249 περὶ
1139 3182 1244 3237 τοῦ
1260 3189 1626 3265 Πνεύματος,

33 3256 111 3315 οὗ
142 3261 406 3330 ἔμελλον
429 3265 757 3332 λαμϐάνειν
790 3270 845 3321 oi
873 3273 1265 3341 πιστεύοντες
1298 3280 1389 3345 εἰς
1415 3256 1621 3345 ain/dic.

44 3350 336 3422 Πανταχοῦ
368 3353 546 3409 τοίνυν
582 3356 679 3427 τῆς
728 3357 881 3424 θείας
921 3362 1134 3431 φύσεως
1173 3365 1259 3421 διά
1291 3366 1385 3420 τοῦ
1426 3368 1627 3433 ζῶντος

47 3439 251 3505 ὕδατος
279 3444 590 3516 νοουμένης,
622 3448 856 3504 ἐνταῦθα
900 3453 933 3524 ὴ
965 3452 1201 3527 ἀψευδὴς
1234 3459 1504 3529 μαρτυρία
1530 3457 1625 3514 τοῦ

42 3531 212 3600 λόγου
247 3533 425 3605 φρέαρ
452 3533 644 3602 ὓδατος
663 3540 759 3610 τὴν
790 3542 1009 3614 νύμφην
1036 3538 1177 3599 εῖναι
1217 3546 1550 3618 συνίστησιν,
1582 3544 1627 3617 ᾧ

45 3624 116 3675 ὲκ
166 3623 264 3676 τοῦ
308 3625 537 3680 Λιϐάνου
583 3629 730 3685 ἐστὶν
760 3633 794 3703 ή
825 3633 985 3706 φορά.
1021 3634 1193 3689 Τοῦτο
1229 3636 1293 3708 δὴ
1327 3638 1388 3691 τὸ
1411 3638 1626 3693 πάντων

46 3714 504 3784 παραδοξότατον.
547 3719 772 3776 Πάντων
807 3723 916 3796 γὰρ
966 3725 1074 3779 τῶν
1107 3727 1393 3798 φρεάτων,
1441 3732 1500 3783 ὲν
1536 3747 1628 3783 συ-

51 3805 295 3873 στήματι
331 3803 392 3858 τὸ
438 3804 582 3877 ὕδωρ
607 3808 858 3879 ἐχόντων,
888 3812 1023 3884 μόνη
1056 3815 1090 3886 ἡ
1117 3814 1301 3886 νύμφη
1337 3816 1627 3883 διεξοδικὺν

52 3896 116 3947 ἑν
148 3895 312 3966 ἑαυτῇ
343 3894 454 3965 ἔχει
480 3897 541 3951 τὺ
563 3896 728 3971 ὕδωρ,
767 3900 907 3955 ὥστε
941 3902 1004 3955 τὸ
1033 3905 1131 3974 μὲν
1162 3903 1323 3975 βάθος
1354 3905 1497 3976 ἔχειν
1530 3905 1624 3960 τοῦ

53 3982 313 4052 φρέατος,
338 3984 430 4038 τοῦ
451 3985 509 4039 δὲ
543 3988 788 4058 ποταμοῦ
811 3990 874 4044 τὸ
893 3988 1221 4065 ἀεικίνητον.
1247 3995 1343 4058 Τίς
1366 3996 1475 4066 γὰρ
1506 3997 1626 4050 κατ’

53 4071 220 4145 ἀξίαν
241 4072 478 4141 ἐφίκοιτο
490 4075 1087 4152 τῶν-ὑποδεικνυμένων
1103 4082 1417 4155 θαυμάτων,
1443 4085 1518 4149 ὡς
1539 4085 1628 4140 διὰ

50 4160 156 4230 τῆς
199 4158 292 4214 νῦν
338 4163 695 4236 ἐγγινομένης
718 4167 853 4239 αὑτῇ
877 4168 1226 4239 ξὸμοιώσεωςς
1264 4173 1417 4244 Τάχα
1445 4177 1626 4231 οὐκέτι

51 4251 170 4320 εχει
192 4251 320 4305 ὅπου
336 4252 531 4325 ἑαυτὴν
549 4255 648 4308 ύπε
658 4255 796 4328 ράρῃ
811 4256 899 4312 διὰ
911 4259 1126 4314 πάντων
1143 4262 1470 4331 ὁμοιωθεῖσα
1493 4265 1629 4336 πρὸς

52 4340 117 4392 το
141 4340 439 4410 ἀρχέτυπον
468 4342 682 4407 κάλλος.
723 4344 1043 4418 Μεμίμηται
1068 4350 1176 4418 γὰρ
1221 4349 1292 4402 δι’
1337 4351 1629 4423 ἀκριϐείας

53 4433 125 4501 τῇ
178 4431 274 4500 μὲν
321 4435 469 4504 πηγῇ
509 4433 607 4506 τὴν
644 4437 849 4507 πηγὴν,
897 4439 1051 4511 τῇδὲ
1091 4438 1203 4510 ζωῇ
1236 4440 1335 4512 τὴν
1368 4441 1536 4514 ζωὴν,
1567 4446 1630 4497 τὸ

58 4519 119 4573 δὲ
146 4519 286 4590 ὕδωρ
318 4519 398 4592 τῷ
437 4520 609 4578 ὕδατι.
646 4525 762 4578 Ζῶν
792 4526 821 4578 ὁ
861 4526 1017 4595 λόγος
1041 4528 1136 4581 τοῦ
1163 4528 1299 4582 Θεοῦ
1318 4569 1333 4595 ,
1366 4528 1432 4601 ζῇ
1469 4532 1562 4585 καὶ
1594 4533 1628 4604 ἡ

60 4611 153 4663 τὸν
186 4610 351 4678 Λόγον
370 4610 635 4687 δεξαμένη
664 4614 832 4687 ψυχή.
861 4617 934 4670 Th
962 4617 1018 4671 δὲ
1046 4616 1188 4688 ὕδωρ
1226 4620 1400 4674 ἐκεῖνο
1433 4622 1497 4674 ὲκ
1532 4621 1625 4675 τοῦ

62 4699 198 4754 Θεοῦ
228 4701 359 4772 ῥέει,
380 4702 564 4760 καθώς
596 4722 762 4776 φησιν
797 4707 831 4776 ἡ
868 4707 1038 4777 πηγὴ,
1070 4708 1150 4761 ὅτι
1204 4708 1304 4763 Ἐκ
1341 4710 1447 4764 τοῦ
1478 4711 1627 4766 Θεοῦ

63 4788 320 4857 ἐξῆλθον
361 4790 459 4844 καὶ
489 4794 642 4863 ἥκω.
681 4792 828 4864 Αὕτη
861 4794 918 4847 δὲ
949 4795 1189 4866 περιέχει
1216 4796 1286 4850 ea
1307 4798 1517 4869 εἰσρέον
1549 4798 1628 4869 τῷ

65 4879 162 4947 τῆς
190 4876 365 4946 ψυχῆς
410 4879 636 4948 φρέατι,
673 4881 767 4934 καὶ
811 4880 900 4934 διὰ
942 4881 1100 4935 τοῦτο
1136 4883 1344 4952 γίνεται
1380 4889 1628 4956 ταμιεῖον

66 4966 159 5019 τοῦ
189 4965 384 5032 ζῶντος
421 4969 630 5022 ἐκείνου
670 4968 859 5034 ὕδατος
885 4970 978 5023 τοῦ
1008 4974 1071 5024 ὲκ
1100 4971 1195 5025 τοῦ
1218 4972 1450 5028 Λιϐάνου
1477 4975 1628 5046 ῥέον-

67 5072 175 5120 τος,
204 5056 400 5127 μᾶλλον
428 5057 485 5112 δὲ
507 5058 831 5129 ροιζοῦντος,
864 5059 1045 5123 καθὼς
1079 5062 1107 5113 ὁ
1139 5061 1300 5130 λόγος
1323 5062 1626 5132 ὠνόμασεν.

71 5141 143 5202 Ob
199 5148 289 5202 καὶ
336 5148 497 5218 ἡμεῖς
543 5149 833 5220 γενοίμεθα
887 5151 1135 5222 μέτοχοι,
1190 5153 1515 5224 κτησάμενοι
1565 5156 1627 5210 τὸ

70 5238 240 5309 φρέαρ
278 5238 471 5302 ἐκεῖνο,
501 5239 589 5293 ἵνα
629 5240 768 5294 κατά
805 5240 867 5294 τδ
892 5240 993 5311 τῆς
1026 5241 1216 5311 σοφίας
1260 5243 1623 5327 παράγγελμα

69 5326 325 5399 ἡμέτερον
353 5327 597 5399 πίνωμεν
634 5328 799 5401 ὕδωρ,
830 5329 1022 5402 καὶμὴ
1056 5330 1355 5403 ἀλλότριον.
1392 5333 1478 5386 Ἐν
1500 5326 1634 5405 Χρι-

70 5418 174 5487 στῷ
210 5416 380 5488 Ἰησοὖ
428 5419 618 5491 Κυρίῳ
650 5420 839 5491 ἡμῶν,
873 5415 918 5490 ᾧ
953 5422 984 5492 ἡ
1015 5421 1142 5487 δόξα
1166 5423 1246 5486 είς
1274 5423 1399 5487 τοὺς
1431 5422 1628 5489 αἰῶνας

65 5508 173 5562 τῶν
201 5506 427 5563 αἰώνων.
474 5510 664 5581 Ἀμήν.

139 5616 182 5648 ³⁸
215 5613 435 5669 llehr.l.
510 5616 555 5647 "’
592 5613 699 5672 Jer.
742 5632 801 5684 ιι,
844 5618 926 5672 15.

1886 2021 2094 2079 Deinde
2130 2024 2416 2097 Scriptura
2448 2029 2705 2086 laudibus
2728 2032 2795 2086 ad
2828 2047 3104 2087 summum
3124 2049 3293 2102 spon-

1726 2126 1841 2166 sam
1875 2115 2075 2180 evehit,
2109 2133 2230 2173 eam
2261 2121 2552 2177 nominans
2589 2131 2812 2193 puteum
2847 2139 3001 2196 aquae
3043 2125 3198 2193 vivae,
3240 2134 3294 2182 et

1722 2216 1847 2256 cum
1874 2205 2077 2275 impetu
2108 2207 2327 2266 ﬂuentis
2377 2226 2442 2265 ex
2471 2212 2697 2270 Libano.
2722 2214 2853 2281 Quae
2879 2218 3020 2270 enim
3044 2231 3074 2269 a
3097 2226 3289 2271 sancta

1724 2290 2006 2365 Scriptura
2033 2297 2100 2355 de
2132 2308 2327 2357 natura
2369 2302 2661 2362 didicimus
2706 2307 2942 2373 viviﬂca,
2986 2324 3130 2363 nunc
3168 2310 3290 2375 qui-

1722 2386 1846 2441 dem
1887 2390 2174 2461 prophetia
2214 2393 2345 2449 dicit
2382 2412 2448 2452 ex
2500 2396 2594 2452 Dei
2653 2414 2926 2469 persona:
2960 2400 3046 2455 Me
3078 2403 3294 2473 relique-

1724 2489 1846 2533 runt
1875 2480 2072 2550 fontem
2102 2501 2251 2555 aqua:
2281 2488 2505 2555 vim";
2537 2496 2591 2544 et
2621 2506 2812 2546 rursus
2831 2490 3059 2547 Domino
3076 2492 3295 2548 dicente

1725 2570 2083 2629 Samaritanaa
2120 2594 2132 2630 :
2175 2575 2234 2631 Si
2280 2581 2439 2634 scires
2467 2579 2666 2633 donum
2697 2580 2816 2646 Dei,
2860 2583 3054 2650 etquis
3097 2583 3168 2637 sit
3199 2585 3291 2653 qui

1723 2663 1853 2716 dicit
1874 2664 1991 2728 tibi,
2026 2665 2107 2721 Da
2137 2668 2265 2724 mihi
2291 2680 2494 2739 potum,
2528 2682 2584 2726 tu
2613 2672 2848 2738 petiisses
2881 2672 2944 2725 ab
2973 2690 3052 2737 eo,
3104 2687 3154 2727 et
3180 2675 3292 2743 ipse

1724 2751 1821 2806 tibi
1846 2752 2080 2809 dedisset
2129 2772 2322 2827 aquam
2364 2759 2625 2823 vivam”;
2653 2768 2707 2815 et
2739 2778 2751 2814 :
2782 2761 2843 2815 Si
2874 2761 2991 2829 quis
3031 2761 3163 2823 sitit,
3209 2779 3293 2815 re-

1724 2844 1836 2897 uiat
1869 2843 1937 2898 ad
1966 2861 2046 2925 me
2075 2855 2125 2900 et
2147 2847 2312 2903 bibat.
2342 2847 2452 2915 Qui
2480 2850 2615 2903 enim
2639 2850 2806 2902 credit
2831 2850 3002 2913 inme,
3051 2850 3188 2903 sicut
3211 2849 3294 2902 di-

1723 2934 1805 2987 xit
1839 2932 2138 3004 Scriptura,
2192 2937 2417 3005 ﬂumina
2464 2954 2531 2993 ea:
2561 2948 2734 2994 ventre
2779 2939 2892 3007 ejus
2936 2939 3100 3008 [luent
3140 2956 3293 3008 aqua:

1725 3021 1852 3075 vim
1878 3035 1898 3076 :
1933 3021 2045 3078 haec
2094 3036 2267 3079 autem
2314 3025 2520 3081 dicebat
2571 3027 2635 3081 de
2678 3025 2890 3094 Spiritu
2929 3043 3081 3097 quem
3143 3044 3294 3082 acce-

1723 3112 1867 3179 pturi
1895 3122 2049 3167 erant
2080 3116 2171 3183 qui
2201 3116 2481 3171 credebant
2504 3121 2557 3171 iu
2580 3135 2695 3172 eum
2712 3120 2778 3171 θ’.
2802 3119 2936 3174 Cum
2952 3133 3081 3190 ergo
3110 3118 3295 3173 divina

1726 3209 1920 3257 natura
1949 3204 2153 3275 ubique
2194 3206 2533 3278 intelligatur
2582 3224 2680 3279 per
2709 3224 2908 3279 aquam
2942 3211 3146 3273 vivam,
3203 3210 3293 3262 hic

1728 3306 1915 3346 verum
1947 3293 2244 3366 Scripturae
2275 3299 2650 3355 testimonium
2670 3302 2861 3356 statuit
2890 3316 3148 3370 sponsam
3172 3316 3295 3356 esse

1729 3390 1949 3450 puteum
1982 3399 2136 3454 aquae
2164 3387 2317 3452 vivae,
2355 3390 2444 3459 qui
2478 3406 2602 3444 cum
2655 3391 2855 3461 impetu
2908 3391 3085 3446 fertur
3110 3407 3174 3446 ex
3205 3391 3297 3445 Li-

1727 3471 1888 3528 bano.
1921 3472 2033 3528 Hoc
2069 3482 2250 3529 autem
2276 3485 2361 3532 est
2382 3479 2626 3532 omnium
2665 3480 2900 3536 maxime
2947 3481 3290 3535 admirabile.

1727 3559 1860 3614 Nam
1890 3576 2016 3618 cum
2048 3578 2239 3621 omnes
2282 3567 2432 3635 putei
2477 3581 2673 3637 aquam
2706 3569 2869 3623 simul
2898 3569 3138 3624 habeant
3162 3588 3294 3625 con-

1727 3650 2036 3719 sistentem,
2091 3654 2210 3709 sola
2262 3670 2465 3726 sponsa
2511 3672 2707 3726 aquam
2764 3657 2818 3711 in
2861 3673 2921 3713 se
2960 3659 3126 3714 habet
3161 3674 3289 3728 per-

1728 3753 2020 3809 meantem,
2056 3745 2193 3801 adeo
2222 3753 2279 3800 ut
2306 3747 2457 3817 putei
2490 3747 2825 3817 profundum
2876 3747 3098 3813 habeat,
3139 3749 3291 3804 ﬂuvii

1727 3851 1857 3891 vero
1887 3834 2183 3906 perennem
2214 3840 2530 3895 motionem.
2574 3838 2711 3905 Quis
2742 3846 2925 3894 autem
2969 3854 3068 3909 pro
3105 3840 3288 3911 digni-

1728 3934 1839 3982 tate
1865 3928 2046 3983 verbis
2073 3929 2250 3998 possit
2278 3931 2497 4000 assequi
2531 3930 2796 3984 miracula
2824 3944 2946 4000 quae
2986 3929 3293 3985 ostendun-

1727 4026 1817 4072 tur
1843 4034 1939 4090 per
1966 4034 2085 4074 eam
2109 4035 2231 4090 quae
2260 4035 2406 4076 nunc
2454 4021 2594 4076 facta
2645 4029 2730 4077 est
2784 4022 2904 4093 ejus
2956 4020 3299 4076 assimilatio-

1726 4109 1902 4164 nem?
1954 4107 2211 4166 Fortasse
2260 4126 2370 4166 non
2404 4112 2570 4168 habet
2621 4113 2856 4183 amplius
2885 4127 2995 4184 quo
3029 4112 3192 4167 altius
3236 4126 3297 4166 se

1727 4200 1973 4265 extollat,
2005 4217 2102 4273 per
2129 4204 2313 4258 omnia
2349 4206 2651 4261 assimilata
2701 4205 2998 4274 exemplari
3052 4203 3297 4274 pulchri-

1728 4292 1924 4347 tudini.
1952 4291 2156 4349 Exacte
2194 4296 2338 4351 enim
2375 4303 2428 4351 et
2458 4305 2715 4351 accurate
2752 4303 2836 4351 cst
2865 4296 3099 4360 imitata,
3146 4294 3297 4349 fonte

1728 4383 1952 4453 quidem
2005 4382 2234 4451 fontem,
2287 4386 2397 4439 vita
2438 4395 2620 4440 autem
2673 4386 2864 4453 vitam,
2910 4399 3054 4455 aqua
3110 4393 3292 4438 autem

1730 4487 1949 4544 aquam.
1987 4473 2156 4531 Vivus
2200 4483 2286 4532 est
2342 4492 2524 4532 sermo
2547 4476 2644 4531 Dei
2675 4494 2690 4532 :
2718 4476 2851 4532 vivit
2888 4477 3057 4532 etiam
3113 4474 3295 4530 anima

1729 4581 1852 4636 qua:
1918 4563 2156 4620 Verbum
2205 4567 2465 4635 suscepit.
2533 4566 2686 4637 Aqua
2744 4566 2836 4621 illa
2883 4566 3001 4622 ﬂuit
3044 4583 3110 4622 ex
3144 4565 3293 4633 Deo,

1660 4679 1701 4733 ῃ
1732 4658 1880 4712 sicut
1914 4655 2035 4712 fons
2071 4657 2249 4712 dicit:
2312 4657 2395 4714 Ea:
2417 4658 2512 4713 deo
2552 4658 2805 4738 processi,
2840 4664 2890 4712 et
2914 4656 3079 4712 venio.
3171 4659 3297 4729 Ipsa

1727 4755 1907 4802 autem
1947 4762 2074 4803 eum
2107 4747 2355 4803 continet
2383 4748 2478 4818 qui
2511 4748 2689 4803 inﬂuit
2720 4749 2774 4802 in
2810 4758 3037 4818 puteum
3073 4750 3292 4812 animae,

1726 4849 1782 4896 et
1819 4848 2112 4911 propterea
2147 4839 2206 4894 ﬂt
2263 4840 2701 4911 promptuarium
2750 4852 2908 4908 aqua:
2959 4839 3109 4892 illius
3159 4838 3296 4892 viva

1727 4948 1850 5001 quae
1878 4930 1999 4987 ﬂuit
2038 4946 2104 4985 ex
2142 4929 2371 4996 Libano,
2412 4931 2497 4986 vel
2522 4931 2705 5001 potius
2730 4928 2850 4984 ﬂuit
2886 4943 3013 4983 cum
3064 4928 3295 4998 impetu,

1728 5025 1873 5079 sicut
1909 5022 2491 5097 Scripturaloquitur.
2527 5022 2698 5094 Cujus
2730 5036 2832 5077 nos
2859 5034 3079 5092 quoque
3118 5019 3293 5077 simus

1731 5113 2042 5183 participes,
2071 5098 2418 5182 possidentes
2440 5114 2592 5168 illum
2625 5122 2873 5184 puteum,
2901 5118 2961 5167 ut
2981 5124 3295 5180 congruen-

1729 5212 1813 5259 ter
1844 5210 2115 5274 praeeepto
2152 5203 2431 5273 sapientiae
2474 5204 2725 5260 bibamus
2770 5214 3016 5259 nostram
3072 5216 3291 5272 aquam,

1732 5301 1787 5349 et
1813 5309 1922 5349 non
1954 5293 2205 5348 alienam.
2255 5292 2313 5347 In
2342 5293 2565 5348 Christo
2614 5292 2744 5350 Jesu
2800 5293 3034 5348 Domino
3078 5303 3296 5363 nostro,

1730 5398 1889 5454 quem
1920 5382 2076 5439 decet
2108 5383 2278 5454 gloria
2321 5383 2376 5437 in
2406 5383 2603 5439 stecula
2636 5383 2989 5439 saeculorum.
3019 5381 3218 5438 Amen.

1002 5619 1044 5647 "
1075 5616 1230 5674 Joan.
1276 5634 1349 5685 iv,
1392 5618 1475 5674 12.
1529 5621 1574 5654 θ’
1614 5615 1770 5675 Juan.
1813 5621 1999 5685 vu,'57
2029 5636 2148 5690 sqq.
