3742 5986
318 1808 325 1817 ~
399 1797 531 1839 vero
572 1782 770 1854 majori
813 1798 910 1854 per
942 1798 1133 1854 preces
1171 1784 1399 1850 auxilio,
1432 1791 1487 1839 et
1522 1785 1697 1840 sancti
1740 1785 1977 1855 Spiritus

310 1934 317 1939 ι
400 1871 755 1939 deductione,
792 1890 862 1929 ne
889 1875 1126 1945 idipsum
1157 1875 1319 1931 nobis
1348 1875 1567 1933 accidat
1601 1876 1655 1930 in
1696 1877 1977 1947 stupendis

404 215 512 274 979
1633 222 1689 279 S.
1730 222 2053 281 GREGORII
2092 224 2386 285 NYSSENI

460 412 465 417 δ
646 344 657 347 -
1001 329 1286 388 HOMILIA
1326 332 1391 389 x.

2699 342 2937 398 ΟΜῘΛῘΑ
2988 343 3042 394 Ι’;

472 417 663 491 Surge,
710 421 911 491 aquilo,
950 428 999 476 et
1038 423 1174 491 veni,
1225 421 1423 491 auste‘r,
1459 432 1508 479 et
1560 425 1726 493 per/la
1770 424 1962 477 horum

2163 432 2554 503 Ἑξεγέρθητι,
2584 432 2807 504 Bappo,
2836 433 2933 487 καὶ
2957 434 3158 502 ἔρχου,
3185 432 3337 486 Νότε
3360 470 3375 498 ,
3406 433 3500 487 καὶ
3528 432 3633 487 διό-

405 524 600 574 meum,
650 520 700 565 et
749 510 920 580 ﬂuant
973 521 1214 567 aromata
1269 530 1403 567 mea.
1448 513 1576 571 CAP.
1633 530 1683 568 v.
1751 516 1803 570 1.
1877 513 1962 568 De

2103 532 2352 571 τνευο-ον
2383 517 2582 585 κῆπόν
2617 535 2735 586 μου
2758 558 2773 583 ,
2800 517 2898 571 καί
2936 515 3337 585 ρευσάτωσαν
3381 517 3634 587 ἀρώματά

402 602 623 657 κεηάαε
668 603 923 673 patruelis
968 620 1113 658 meus
1147 603 1215 658 ad
1255 605 1463 659 hortum
1509 621 1684 670 suum,
1726 614 1775 659 et
1806 622 1962 660 come-

2103 619 2213 656 ιου.
2254 602 2572 673 Καταϐήτω
2604 603 2927 673 ἀδελφιδός
2948 622 3067 673 μου
3098 607 3185 671 είς
3221 603 3420 670 κῆπον
3445 605 3633 672 αὐτοῦ,

403 695 498 748 dat
534 695 739 765 fructus
776 712 1048 766 pomorum
1090 713 1326 752 suorum.
1376 696 1629 752 Descendi
1675 697 1728 750 iu
1769 696 1960 750 hortun

2103 692 2179 747 εαὶ
2204 692 2433 763 sparsae
2457 694 2689 766 καρπὸν
2712 693 3075 763 ἀκροδρύων.
3099 693 3408 763 Εἰσῆλθον
3439 696 3523 761 είς
3545 692 3637 763 κῆ-

402 802 595 853 meum,
628 802 781 841 soror
832 804 945 841 mea
990 804 1205 857 sponsa,
1256 789 1449 843 messui
1488 788 1758 858 myrrham
1808 804 1962 843 mean

2103 783 2198 835 τόν
2214 800 2353 852 μου,
2396 782 2629 853 ἀδελφή
2642 802 2767 854 μου
2794 786 2997 854 νύμφη
3023 800 3037 816 ο
3059 785 3360 853 ἐτρύγησα
3380 788 3639 857 σμύρναν

402 893 523 932 cum
583 878 908 932 aromatilms
958 881 1109 936 meis.
1164 877 1381 934 Comedi
1430 896 1619 950 partem
1645 896 1816 935 meum
1861 897 1962 935 cun,

2103 889 2201 926 λου
2234 871 2384 942 μετὰ
2432 872 2755 942 ἀρωμάτων
2799 890 2940 943 μου.
2981 874 3252 943 Ἔφαγον
3302 875 3486 943 ἄρτον
3533 893 3637 945 μου

400 969 553 1024 melle
595 985 729 1034 meo,
764 969 871 1023 bibi
894 971 1068 1024 viuum
1115 987 1285 1027 meum
1313 988 1430 1024 cum
1461 972 1595 1028 tacte
1626 989 1757 1026 meo.
1790 970 1962 1027 Come-

2103 963 2223 1019 ιετὰ
2243 963 2483 1034 μέλιτός
2499 982 2640 1035 μου,
2663 964 2835 1019 ἔπιον
2862 959 3030 1019 οἶνόν
3050 982 3168 1034 μου
3185 965 3336 1034 μετὰ
3358 965 3639 1036 γάλακτός

399 1061 527 1125 dite,
576 1062 757 1127 amici,
806 1071 855 1115 et
894 1061 1071 1127 bibite,
1118 1072 1168 1117 et
1220 1063 1571 1130 inebriamini,
1625 1063 1821 1132 fratres
1854 1065 1955 1119 mei

2103 1073 2218 1110 ιου.
2247 1054 2489 1126 Φάγετε,
2524 1057 2578 1108 οί
2606 1055 2871 1123 πλησίον
2894 1073 3034 1125 μου,
3066 1055 3164 1109 καί
3186 1056 3353 1109 πίετε
3374 1096 3391 1122 ,
3423 1056 3523 1109 καὶ
3549 1073 3638 1124 με·

397 1151 452 1206 2.
491 1149 604 1221 Ego
635 1150 862 1217 dormio,
893 1165 937 1206 et
967 1169 1058 1208 cor
1085 1169 1256 1206 nteant
1294 1153 1494 1223 vigilat.

2103 1147 2365 1214 νύσθητε,
2401 1146 2674 1216 ἀδελφοί.
2716 1144 2855 1216 Ἐγὼ
2884 1145 3149 1207 καθεύδω
3174 1188 3189 1213 ,
3235 1148 3333 1202 καὶ
3363 1150 3402 1218 ἠ
3444 1148 3639 1218 καρδία

2074 1252 2194 1305 μου
2228 1235 2537 1305 ἀγρυπνεῖ.

470 1327 611 1384 Cum
643 1328 952 1384 divinorum
985 1328 1278 1384 verborum
1326 1329 1486 1385 nobis
1529 1330 1807 1400 proposita
1842 1346 1962 1386 con-

2151 1324 2267 1398 Τῆς
2287 1326 2382 1381 νῦν
2433 1326 2787 1398 προτεθείσης
2820 1329 2947 1400 ἡμῖν
2977 1328 3085 1384 τῶν
3117 1329 3275 1384 θείων
3317 1331 3496 1402 ῥητῶν
3524 1331 3640 1385 θεω-

400 1418 688 1489 templatio
748 1425 804 1473 et
874 1421 1271 1488 consequentia
1326 1420 1540 1475 Cantici
1592 1421 1962 1483 canticorum,

2103 1420 2203 1485 ιίας
2253 1421 2317 1473 ἐκ
2346 1420 2444 1489 τῆς
2474 1418 2568 1472 τοῦ
2621 1419 2899 1491 ’ᾼσματος
2947 1420 3055 1475 τῶν
3107 1421 3392 1492 ’ᾼσμάτων
3428 1424 3638 1477 ἀκολου-

399 1508 694 1578 quasdam,
731 1524 869 1580 quas
908 1509 1125 1566 difficile
1173 1520 1260 1567 est
1310 1513 1552 1582 assequi,
1593 1520 1648 1568 et
1696 1529 1818 1583 quae
1850 1526 1962 1569 sum

2103 1510 2202 1573 νίας
2223 1550 2236 1575 ,
2282 1510 2579 1579 δυσέφικτά
2606 1528 2725 1564 τινα
2756 1511 2849 1565 καὶ
2878 1513 3266 1584 κεκαλυμμένα
3289 1515 3357 1568 δι’
3389 1516 3638 1584 ἀσαφείας

401 1606 574 1657 tecta.
601 1608 826 1671 pr0pter
866 1600 1281 1670 obscuritatem,
1324 1603 1379 1657 in
1426 1604 1645 1658 arcanis
1697 1606 1962 1660 contineal

2103 1620 2139 1654 ,ν
2162 1602 2491 1674 ἀπορρήτοις
2521 1601 2878 1674 περιεχούσης
2919 1604 3199 1674 νοήματα,
3238 1604 3484 1675 μείζονος
3519 1609 3637 1678 ήμῖν

399 1691 728 1757 sententias,
770 1690 932 1747 nobis
974 1691 1169 1761 majori
1199 1707 1338 1763 opus
1388 1701 1474 1749 est
1505 1695 1824 1758 attentione,
1867 1696 1962 1750 imr

2103 1691 2234 1762 [ρεία
2262 1692 2357 1762 τῆς
2382 1693 2654 1763 προσοχῆς
2674 1731 2688 1755 ,
2723 1692 2919 1762 μᾶλλον
2946 1692 3003 1745 δὲ
3041 1674 3284 1758 πλείονος
3308 1695 3407 1765 τῆς
3426 1695 3512 1749 διά
3540 1674 3636 1749 τῶν

2079 1781 2251 1853 εὐχῶν
2285 1781 2575 1852 συνεργίας
2599 1824 2614 1848 ,
2648 1781 2740 1835 καὶ
2771 1782 2867 1852 τῆς
2900 1783 3050 1853 παρά
3080 1782 3173 1836 τοῦ
3204 1782 3362 1851 ἁγίου
3402 1784 3637 1856 Πνεύμα-

2077 1890 2166 1936 τος
2192 1872 2442 1944 ὁδηγίας*
2464 1872 2540 1937 ὡς
2568 1872 2632 1926 ἂν
2671 1875 2745 1943 μὴ
2774 1873 2967 1927 ταύτὸν
3000 1873 3264 1945 πάθοιμεν
3294 1875 3387 1929 ἐπὶ
3418 1876 3516 1946 τῆς
3542 1876 3636 1929 τῶν

2080 1965 2296 2036 ὑψηλῶν
2322 1964 2524 2018 τούτων
2557 1964 2846 2035 θαυμάτων
2883 1963 3222 2038 ἐκπλήξεως,
3252 1966 3388 2037 ὅπερ
3426 1966 3518 2020 καὶ
3556 1968 3637 2021 ἐπὶ

2075 2058 2184 2110 τῶν
2233 2057 2477 2128 ἀστέρων
2521 2056 2749 2123 πάσχειν
2802 2056 3090 2127 εἰώθαμεν.
3120 2058 3230 2111 Καὶ
3271 2058 3380 2130 γὰρ
3431 2058 3639 2113 ἐκείνων

2076 2147 2356 2219 πόρρωθεν
2381 2146 2442 2199 τὸ
2471 2145 2664 2210 κάλλος
2693 2145 3062 2216 θαυμάζοντες
3080 2188 3095 2212 ,
3123 2148 3380 2219 οὐδεμίαν
3408 2150 3641 2221 μηχανὴν

2077 2239 2360 2309 ἐπινοῆσαι
2391 2236 2665 2309 δυνάμεθα
2708 2237 2844 2308 πρὸς
2898 2237 2958 2290 τὸ
2989 2237 3194 2306 γνῶναι
3225 2239 3324 2307 τὴν
3353 2240 3526 2294 κτίσιν
3552 2241 3641 2294 αὑ-

3542 230 3628 289 980

399 1962 489 2019 bis
531 1964 833 2031 miraculis,
876 1966 1022 2036 quod
1056 1966 1198 2020 solet
1234 1965 1488 2022 accidere
1524 1966 1579 2020 iu
1615 1966 1810 2021 stellis.
1841 1966 1974 2021 Nam

400 2054 594 2125 procul
635 2054 851 2110 illarum
905 2054 1244 2112 admirantes
1298 2055 1799 2125 pulchritudinem,
1852 2052 2024 2108 nul-'

398 2146 507 2200 lam
561 2160 857 2216 possumus
904 2146 1154 2202 invenire
1198 2147 1467 2201 rationem
1527 2146 1595 2200 ad
1641 2136 1976 2216 cognoscen-

398 2237 525 2291 dam
579 2251 767 2293 earum
808 2238 1165 2303 creationem,
1204 2237 1296 2294 sed
1346 2237 1751 2308 pulchritudine
1795 2238 1971 2292 solum

399 2327 507 2385 frui
544 2344 860 2398 possumus,
909 2337 1199 2399 propterea
1257 2328 1403 2398 quod
1442 2327 1692 2384 dicamus
1745 2343 1848 2385 nos
1894 2336 1974 2383 te—

314 2446 317 2447 ν
397 2419 522 2477 ueri
556 2434 745 2476 earum
789 2419 1173 2476 admiratione.
1227 2418 1370 2475 Sunt
1400 2421 1545 2476 enim
1587 2435 1779 2476 revera
1826 2437 1974 2491 quae-

398 2511 522 2567 dam
558 2511 748 2575 stellae,
782 2510 1103 2581 splendores
1138 2511 1450 2566 divinorum
1487 2511 1684 2565 borum
1729 2510 1974 2582 eloquio-

352 2612 357 2623 ‘
396 2618 521 2661 rum
565 2610 621 2660 et
663 2603 906 2677 fulgores
955 2605 1242 2661 oculorum
1295 2606 1514 2669 animae,
1570 2605 1754 2661 carnis
1797 2607 1974 2664 oculis

396 2695 781 2768 praefulgentes
827 2703 884 2753 et
923 2697 1330 2768 praacellentes,
1383 2696 1685 2752 secundum
1734 2698 1975 2753 altitudi-

396 2802 524 2843 nem
551 2786 676 2843 caeli
716 2801 745 2840 a
779 2794 949 2853 terra,
990 2796 1050 2841 ut
1082 2787 1217 2842 dicit
1263 2785 1535 2858 Propheta
1563 2788 1602 2842 ¹.
1636 2787 1793 2855 Quod
1837 2790 1884 2844 si
1918 2789 1974 2843 id

396 2887 601 2940 nostra:
626 2862 823 2934 animae
857 2880 1145 2936 usuveuiat
1177 2878 1326 2950 quod
1362 2879 1617 2936 audimus
1650 2881 1975 2947 usuvenisse

397 2970 563 3039 Elite;
598 2980 654 3027 et
691 2972 746 3026 in
791 2973 951 3043 igneo
997 2987 1163 3027 curru
1216 2980 1495 3040 assumpta
1518 2973 1781 3042 '-quoque
1817 2988 1971 3028 meus
1999 3006 2040 3063 α

397 3068 590 3118 nostra
620 3062 872 3118 sublimis
905 3060 1274 3117 transferatur
1319 3061 1388 3115 ad
1434 3062 1686 3117 cmleStes
1731 3062 1972 3132 pulchri-

401 3149 622 3207 tudines
674 3148 963 3220 (Spiritum
1018 3158 1266 3204 sanctum
1310 3156 1489 3202 autem
1538 3163 1805 3218 ponemus
1849 3164 1972 3207 esse

398 3240 601 3312 ignem,
650 3253 811 3310 quem
864 3238 1127 3294 Dominus
1167 3239 1313 3294 venit
1361 3245 1421 3293 ut
1468 3238 1702 3294 mitteret
1750 3239 1805 3294 in
1861 3246 1972 3295 ter-

396 3346 538 3396 ram,
579 3330 672 3403 qui
706 3331 763 3386 in
794 3331 977 3401 specie
1018 3330 1327 3403 linguarum
1355 3329 1702 3386 dividebatur
1727 3331 1971 3402 discipu-

396 3421 628 3495 lis),non
672 3422 833 3492 plane
879 3422 1291 3492 desperabimus
1324 3436 1427 3478 nos
1465 3422 1553 3477 bis
1599 3422 1766 3478 astris
1810 3438 1970 3491 posse

396 3515 860 3589 appropinquare,
898 3514 1126 3577 divinis,
1158 3514 1407 3585 inquam,
1455 3514 1741 3570 sententiis
1778 3522 1832 3570 et
1881 3515 1969 3571 in.

395 3608 731 3680 telligeutiis,
791 3622 914 3679 quae
950 3623 1047 3678 per
1096 3607 1345 3667 cmlestia
1394 3614 1448 3663 et
1497 3608 1807 3679 spiritualia
1853 3608 1969 3663 elo-

393 3698 525 3772 quia
554 3699 608 3754 in
639 3701 846 3755 nostris
880 3698 1090 3771 fulgent
1119 3701 1338 3755 ani.uis.
1365 3699 1566 3771 Aspice
1593 3702 1738 3756 enim
1774 3700 1970 3754 animae

393 3789 578 3857 oculo,
629 3797 684 3845 te
719 3790 990 3860 alloquor,
1027 3805 1060 3845 ο
1092 3790 1337 3855 auditor,
1386 3805 1576 3846 vocem
1613 3805 1736 3860 quae
1786 3803 1813 3842 a
1855 3789 1965 3845 Do-

394 3880 543 3936 mino
572 3881 776 3937 emissa
806 3889 890 3936 est
916 3881 985 3936 ad
1030 3881 1393 3951 patriarcham
1418 3882 1460 3940 ³.
1519 3880 1721 3951 Aspice
1757 3880 1824 3935 ad
1863 3880 1968 3936 hoc

392 3970 615 4035 cretum,
651 3978 706 4028 et
733 3970 856 4026 vide
895 3971 997 4027 has
1035 3971 1244 4035 stellas,
1283 3971 1328 4027 si
1371 3979 1525 4042 potes
1565 3970 1744 4026 metiri
1777 3971 1964 4026 altitu-

375 4061 576 4116 ‘dinem
604 4059 850 4131 ipsarum
882 4060 1390 4131 intelligentiarum.
1423 4060 1623 4131 Aspice
1646 4060 1847 4131 reginae
1876 4075 1967 4132 po-

392 4157 667 4218 testatem,
700 4167 769 4206 ex
804 4149 1076 4207 mandatis
1113 4150 1238 4221 ejus
1276 4150 1536 4206 virtutem
1578 4149 1961 4215 considerans,

391 4249 595 4314 quanta
622 4257 718 4313 per
751 4257 811 4298 se
851 4241 1129 4313 imperans
1167 4250 1427 4299 cernatur
1456 4242 1758 4298 auctoritas
1798 4243 1856 4297 in
1895 4241 1963 4299 iis

2076 2331 2211 2387 τῶν·
2247 2329 2383 2383 ἀλλὰ
2417 2329 2503 2383 διὰ
2528 2327 2621 2382 τοῦ
2649 2329 2875 2392 κάλλους
2907 2329 3086 2385 αὐτῶν
3116 2332 3264 2386 ὲστιν
3295 2334 3428 2403 ἡμῖν
3453 2335 3485 2404 ἡ
3520 2334 3640 2388 ἀπό-

2047 2420 2296 2488 ’λαυσις,
2330 2418 2392 2472 τὸ
2432 2418 2820 2491 θαυμαστικῶς
2868 2419 2996 2491 περὶ
3026 2419 3087 2474 τὺ
3133 2422 3454 2492 φαινόμενον
3487 2424 3637 2494 ἔχειν.

2088 2508 2339 2581 Ἀστέρες
2371 2509 2479 2582 γάρ
2503 2508 2647 2574 τινές
2675 2510 2810 2575 εἰσιν
2837 2510 3078 2581 ἀτεχνῶς
3108 2512 3166 2566 αἱ
3199 2514 3306 2568 τῶν
3337 2513 3496 2569 θείων
3531 2516 3642 2569 τούς

2073 2624 2179 2660 των
2216 2605 2413 2675 λογίων
2442 2605 2799 2678 μαρμαρυγαί
2838 2623 2896 2659 τε
2922 2606 3018 2660 καὶ
3046 2605 3388 2678 λαμπηδόνες
3414 2609 3521 2663 τῶν
3552 2610 3640 2679 τῆς

2072 2696 2248 2768 ψυχῆς
2279 2696 2540 2768 ὀμμάτων
2586 2695 3037 2768 ὑπερλάμπουσαί
3069 2714 3129 2750 τε
3178 2699 3273 2752 καὶ
3318 2700 3640 2771 ὑπερκείμε⁸

2074 2805 2206 2853 ναι,
2243 2787 2385 2842 κατά
2420 2787 2480 2841 τὸ
2518 2786 2650 2857 ὕψος
2696 2786 2789 2841 τοῦ
2838 2787 3067 2857 οὐρανοῦ
3116 2787 3225 2842 ἀπὺ
3270 2788 3371 2859 τῆς
3405 2792 3543 2861 γῆς,
3574 2789 3642 2853 ὣς

2074 2896 2236 2951 φησιν
2261 2881 2291 2932 ὁ
2331 2878 2639 2950 Προφήτης.
2676 2878 2736 2931 El
2773 2878 2829 2931 δὲ
2862 2877 3071 2946 γένοιτο
3102 2879 3196 2933 καὶ
3225 2879 3355 2950 περὶ
3384 2880 3483 2947 τὴν
3510 2881 3641 2951 ήμε·
3714 2932 3715 2939 η

2072 2973 2236 3043 τέραν
2260 2970 2458 3043 ψυχὴν,
2490 2969 2519 3023 ὃ
2558 2970 2687 3042 περὶ
2717 2969 2809 3023 τὸν
2859 2968 3042 3023 Ἠλίαν
3074 2969 3343 3040 ἀκούομεν
3363 2984 3374 2997 ·
3406 2972 3500 3025 καὶ
3520 2972 3643 3024 ἀνα·
3714 2954 3715 3043 ἦ

2079 3063 2344 3136 ληφθεῖσα
2367 3061 2446 3132 τῷ
2474 3063 2683 3132 πυρίνῳ
2717 3060 2921 3131 ἅρματι
2949 3060 3104 3132 ήμῶν
3128 3061 3163 3131 ἡ
3191 3058 3419 3127 διάνοια,
3454 3062 3645 3133 μετάρ-

2080 3172 2194 3218 σιος
2227 3153 2362 3225 πρὸς
2390 3153 2458 3206 τὰ
2486 3152 2711 3224 οὐράνια
2751 3138 2923 3223 κάλλη
2966 3151 3281 3224 μετατεθείη
3318 3152 3645 3225 (Πνεῦμαδὲ

2079 3246 2231 3316 ἆγιον
2255 3240 2393 3298 εἶναι
2420 3245 2482 3297 τὸ
2507 3242 2616 3315 πῦρ
2641 3243 2989 3314 ὲννοήσομεν,
3021 3242 3158 3316 ὅπερ
3193 3242 3407 3314 βάλλειν
3440 3246 3533 3298 ἐπὶ
3558 3246 3645 3316 τὴν

2077 3337 2178 3408 γῆν
2205 3331 2368 3407 ἦλθεν
2392 3333 2421 3387 ό
2454 3333 2661 3406 Κύριος
2680 3374 2695 3399 ,
2723 3333 2783 3388 τὸ
2811 3334 2869 3388 ὲν
2895 3332 3153 3403 γλωσσῶν
3178 3334 3306 3388 εῖδει
3338 3338 3452 3398 τοῖς
3480 3335 3644 3405 μαθη-

2076 3430 2193 3491 ταῖς
2227 3424 2602 3497 μεριζόμενον)
2628 3463 2644 3488 ,
2688 3424 2790 3477 οὐκ
2822 3425 2915 3482 ἀπ’
2945 3422 3157 3487 ἐλπίδος
3189 3425 3319 3495 ἡμῖν
3365 3427 3643 3497 γενήσεται

2075 3521 2136 3574 τὸ
2162 3519 2456 3591 πλησιάσαι
2486 3517 2696 3582 τούτοις
2722 3520 2835 3583 τοῖς
2878 3519 3132 3590 ἄστροις,
3173 3521 3287 3584 τοῖς
3323 3519 3490 3584 θείοις
3513 3522 3643 3590 λέγω

2075 3612 2308 3682 νοήμασι
2328 3651 2340 3671 ,
2367 3612 2482 3673 τοῖς
2499 3608 2589 3663 διὰ
2614 3609 2720 3663 τῶν
2764 3608 3027 3680 οὐρανίων
3049 3626 3110 3662 τε
3136 3610 3230 3664 καὶ
3266 3613 3642 3683 πνευματικῶν

2074 3701 2269 3770 λογίων
2319 3701 2416 3765 τὰς
2463 3698 2641 3770 ψυχὰς
2693 3698 2851 3770 ἡμῶν
2889 3700 3442 3771 περιαπράπτουσιν.
3496 3705 3642 3758 ’Δνάο

2074 3789 2266 3860 ϐλεψον
2296 3788 2405 3861 γὰρ
2444 3788 2523 3860 τῷ
2560 3788 2658 3858 τῆς
2697 3788 2876 3859 ψυχῆς
2904 3788 3164 3861 ὀφθαλμῷ
3190 3828 3204 3855 ,
3239 3791 3377 3862 πρὸς
3415 3792 3477 3845 σὲ
3513 3792 3643 3862 λέγω

2072 3879 2163 3933 τὸν
2193 3877 2465 3950 ἀκροατὴν
2489 3916 2504 3943 ,
2537 3877 2637 3948 τὴν
2678 3877 2814 3947 πρὸς
2845 3876 2937 3930 τδν
2978 3878 3321 3950 πατριάρχην
3354 3880 3641 3951 γενομένην

2066 3958 2224 4040 ’παρά
2265 3966 2358 4020 τοῦ
2386 3964 2588 4036 Κυρίου
2618 3966 2800 4038 φωνὴν
2823 4005 2841 4030 ,
2868 3966 3170 4037 ἀνάϐλεψον
3199 3971 3280 4032 εἰς
3306 3969 3398 4022 τὸν
3427 3971 3640 4043 οὐρανὸν

2070 4062 2258 4116 τοῦτον
2277 4101 2290 4127 ,
2321 4060 2413 4115 καὶ
2449 4058 2525 4113 ῐδε
2556 4060 2683 4123 τοὺς
2708 4058 2943 4129 ἀστέρας
2962 4097 2978 4123 ,
3013 4061 3061 4112 εί
3097 4058 3322 4114 δύνασαι
3354 4062 3537 4116 αὐτῶν
3559 4064 3639 4116 ὲκ-

2074 4152 2343 4226 μετρῆσαι
2369 4152 2477 4206 τῶν
2500 4151 2786 4223 νοημάτων
2817 4151 2878 4205 τὸ
2900 4150 3052 4220 ὕψος.
3081 4151 3252 4205 Βλέπε
3276 4151 3377 4224 τὴν
3406 4154 3639 4219 ἐξουσίαν

2069 4244 2170 4314 τῆς
2210 4242 2479 4314 βασιλίδος
2506 4243 2569 4294 ὲκ
2597 4240 2705 4296 τῶν
2751 4241 3189 4312 προσταγμάτων
3235 4242 3405 4313 αὐτῆς
3431 4244 3532 4315 τὴν
3558 4244 3637 4297 δυ·

391 4347 513 4404 qua:
547 4332 826 4389 dicuntur.
857 4331 978 4388 Non
1005 4333 1149 4388 enim
1177 4332 1435 4403 precibus
1470 4339 1525 4388 et
1564 4332 1703 4387 votis
1737 4331 1789 4386 id
1818 4330 1962 4403 quod

2103 4334 2320 4388 ἀστείαν
2354 4333 2725 4404 κατανοήσας,
2750 4331 2826 4396 ὼς
2871 4332 3305 4404 αὐτοκρατορική
3337 4351 3425 4397 τις
3458 4333 3637 4387 αὐθεν-

393 4426 509 4480 vult
538 4424 720 4488 edicit,
754 4424 852 4481 sed
886 4423 1277 4480 convenienter
1311 4423 1432 4478 voci
1466 4423 1589 4492 ejus
1637 4423 1729 4493 qui
1757 4424 1966 4492 promi-

393 4518 486 4582 sit,
516 4515 611 4587 qui
646 4516 868 4586 quidem
910 4515 1049 4571 dicit
1079 4514 1291 4571 ﬁdelem
1319 4521 1373 4570 et
1399 4514 1719 4585 prudentem
1748 4513 1968 4583 dispen-

393 4618 631 4663 satorem
663 4606 867 4662 factum
900 4623 1023 4664 esse
1044 4607 1328 4662 dominum
1368 4606 1610 4660 omnium
1638 4619 1760 4676 quae
1802 4604 1968 4685 habet

393 4699 713 4755 Dominus‘.
771 4697 885 4755 [lac
932 4705 1158 4769 accepta
1220 4704 1531 4768 potestate,
1595 4695 1741 4766 regis
1792 4695 1968 4751 instar

392 4787 532 4845 duos
576 4795 771 4844 ventos
811 4788 977 4858 regit,
1026 4795 1082 4843 et
1120 4785 1425 4856 dispensat,
1458 4794 1522 4840 ut
1563 4784 1670 4843 sibi
1708 4784 1965 4839 videtur:

392 4879 703 4951 aquilonem
748 4879 965 4950 quidem
1000 4879 1103 4940 sibi
1132 4893 1447 4949 segregatus,
1490 4885 1737 4931 austrum
1783 4884 1964 4931 autem

392 4969 627 5042 benigne
674 4985 907 5037 vocans,
960 4977 1013 5025 et
1056 4984 1256 5041 urgens
1302 4976 1362 5023 ut
1422 4966 1491 5021 ad
1535 4981 1594 5022 se
1641 4964 1841 5021 veniat.
1886 4967 1968 5018 Ita

393 5067 574 5116 autem
614 5061 777 5117 habet
806 5068 1094 5117 contextus
1138 5060 1394 5117 dictionis
1423 5058 1645 5129 :Surge,
1680 5056 1881 5128 aquilo,
1917 5064 1966 5113 et

391 5152 528 5217 ueni,
554 5162 753 5209 auster.

466 5346 613 5403 Licet
630 5347 861 5404 fortasse
890 5349 1137 5403 invenire
1160 5348 1214 5400 in
1246 5346 1428 5402 verbis
1458 5343 1795 5400 centurionis
1815 5340 1962 5396 aliud

391 5435 536 5507 quod
563 5436 798 5505 aliquam
833 5436 995 5491 habet
1025 5436 1403 5507 cognationem
1431 5441 1486 5489 et
1519 5432 1959 5504 conjunctionem

2067 4424 2188 4479 τεία
2224 4426 2337 4488 τοῖς
2373 4423 2689 4494 λεγομένοις
2730 4422 3074 4494 ἐμφαίνεται.
3116 4423 3189 4477 Οὐ
3224 4423 3332 4495 γὰρ
3379 4423 3448 4476 δι’
3484 4423 3636 4494 εὐχῆς

2068 4516 2325 4589 κατορθοῖ
2346 4517 2481 4588 ὅπερ
2511 4515 2758 4586 βούλεται
2783 4555 2799 4581 ,
2833 4513 2972 4569 ἀλλά
2999 4514 3139 4569 κατά
3176 4514 3273 4585 τὴν
3311 4515 3526 4586 ἀψευδῆ
3554 4513 3633 4568 τοῦ

2067 4608 2532 4679 ἐπαγγειλαμένου
2563 4607 2746 4678 φωνὴν
2765 4647 2781 4671 ,
2807 4607 2866 4670 ὃς
2899 4622 3032 4677 φησι
3056 4606 3147 4659 τὸν
3176 4605 3367 4659 πιστὸν
3394 4607 3494 4665 καὶ
3522 4606 3635 4677 φρό-

2068 4716 2221 4770 νιμον
2250 4698 2530 4768 οἰκονόμον
2560 4698 2774 4753 πάντων
2792 4695 2898 4749 τῶν
2924 4695 3273 4766 ὑπαρχόντων
3300 4695 3382 4766 τῷ
3403 4697 3632 4765 Δεσπότῃ

2070 4790 2259 4867 κύριον
2302 4788 2567 4858 γίνεσθαι.
2614 4786 2830 4856 Ταύτης
2859 4784 3219 4855 ἐπιλαϐομένη
3250 4785 3350 4854 τῆς
3377 4785 3633 4849 ἐξουσίας,

2074 4881 2367 4953 βασιλικῶς
2398 4882 2562 4950 ἑαυτῇ
2611 4880 2891 4934 διοικεῖται
2934 4878 3005 4932 τὰ
3050 4876 3362 4948 καταθύμια
3418 4878 3530 4933 τῶν
3556 4876 3633 4930 δύο

2072 4975 2324 5043 ἀνέμωνο
2362 4971 2454 5026 τὸν
2502 4972 2600 5043 μὲν
2628 4971 2840 5043 Βορρᾶν
2887 4968 2976 5031 διά
3025 4969 3448 5042 προστάγματος
3486 4969 3633 5037 ἑαυτῇ

2074 5064 2409 5136 ἀφορίζουσα
2431 5082 2445 5093 ·
2474 5063 2563 5117 τὸν
2590 5063 2645 5115 δὲ
2674 5062 2864 5128 Νότον,
2895 5061 3231 5131 φιλοφρόνως
3260 5060 3522 5123 καλοῦσα,
3552 5058 3632 5112 καὶ

2076 5156 2212 5229 πρὸς
2239 5155 2436 5226 ἑαυτὴν
2483 5152 2658 5207 ὲλθεῑν
2688 5152 3107 5221 κατεπείγουσα.
3152 5152 3306 5221 Ἔχει
3335 5151 3394 5205 δὲ
3427 5154 3461 5221 ἡ
3505 5148 3631 5214 λέξις

2068 5246 2242 5311 οὕτως
2265 5259 2280 5273 ⁸
2306 5243 2696 5316 Ἐξεγέρθητι,
2729 5244 2942 5312 Βορῤᾱ,
2977 5243 3073 5297 καὶ
3103 5242 3309 5313 ἔρχου,
3342 5244 3513 5298 Νότε.

2139 5338 2290 5407 Τάχα
2335 5354 2388 5390 τι
2429 5333 2689 5404 συγγενὲς
2739 5333 2850 5388 ἔστι
2881 5336 2993 5398 τοῖς
3023 5334 3337 5405 λεγομένοις
3376 5334 3551 5404 εὑρεῖν
3580 5333 3631 5384 ἐν

2066 5433 2178 5494 τοῖς
2222 5428 2616 5500 ἑκατοντάρχου
2668 5426 2879 5495 λόγοις,
2915 5426 3009 5492 οὒς
3055 5424 3218 5490 αὺτὶς
3257 5429 3285 5481 ό
3314 5425 3450 5491 Θεὸς
3474 5422 3629 5493 Λόγος

477 5606 489 5637 ⁸
533 5605 677 5661 Psal.
718 5621 813 5673 cu,
852 5609 936 5664 ll.
1013 5612 1033 5642 '
1070 5609 1134 5664 ιν
1172 5609 1303 5682 Reg.
1336 5626 1395 5677 ιι,
1427 5610 1511 5665 ll.
1588 5611 1608 5642 ³
1635 5608 1832 5697 Gcncs.
1860 5625 1950 5673 xv,

2103 5622 2185 5676 qq.
2264 5604 2281 5637 θ
2306 5603 2435 5660 Luc.
2472 5618 2563 5668 xu,
2598 5602 2685 5655 42.
