3742 5986
134 262 231 319 981

1196 283 1264 339 ΙΝ
1293 284 1593 343 CANTICA
1631 285 1898 345 CANTIC.
1943 288 2224 348 HOMILIA
2263 294 2331 351 Χ.

3281 299 3388 354 98:2

132 378 437 481 ἐθαύμασε,
469 385 652 481 meo;
677 390 707 442 6
734 391 1135 469 Εὑαγγελιστὴς
1161 399 1485 475 διηγήσατο,
1509 406 1610 475 λέγι

1905 419 1939 457 n
1990 405 2058 460 iis
2105 422 2226 476 quae
2277 405 2366 461 hic
2416 406 2693 462 dicuntur.
2764 408 2894 475 Quze
2949 409 3168 481 quidem
3223 412 3383 470 verba

129 473 212 569 ὅτι
256 473 548 569 Ἀκούσας
569 479 638 533 δὲ
676 482 909 552 Ἰησοῦς
929 488 1253 560 ἐθαύμασε,
1283 473 1376 549 καὶ
1408 473 1715 569 ὑπερέθηκε

125 567 225 635 τῆς
263 567 666 663 ’τοῦμΊσραὴλ
717 574 956 643 πίστεως
1003 580 1103 654 τὴν
1163 584 1257 638 τοῦ
1314 567 1713 663 ἑκατοντάρχου

77 660 82 664 ’
129 657 341 729 φωνήν.
373 656 451 714 Οὐ
485 661 597 733 γὰρ
634 665 772 734 πρὸς
801 668 893 724 τὸν
925 669 1053 727 λαόν
1075 690 1163 744 μοι
1193 675 1340 731 δοκεῖ
1366 679 1456 734 τὸν
1498 656 1713 754 Ἰσραη-

124 757 328 813 λτικδν
371 761 638 816 ποιεῖσθαι
674 764 765 817 τὸν
824 766 1245 837 Ἐκατόνταρχον
1278 769 1376 839 τὴν
1423 771 1707 841 σύγκρισιν

114 847 279 920 ὲντῷ
309 849 412 919 τῆς
456 850 694 916 πίστεως
720 852 899 925 λόγῳ,
950 855 1088 911 ἀλλὰ
1120 859 1256 929 πρὸς
1288 861 1451 917 αὐτὸν
1500 864 1707 917 ἐκεῖνον

122 942 213 996 τὸν
250 943 474 1016 Ἰσραήλ
494 961 507 974 -
538 944 597 1009 ὃς
644 946 701 998 ὲν
728 950 793 1019 τῇ
836 948 975 1020 πρὸς
998 949 1090 1004 τὸν
1122 952 1495 1025 ἀντικείμενον
1538 955 1704 1027 πάλῃ,

127 1035 267 1106 μετά
299 1036 402 1107 τῆς
432 1035 529 1090 τοῦ
574 1038 708 1093 Θεοῦ
746 1041 1065 1112 συμμαχίας
1097 1043 1254 1114 μόγις
1286 1044 1347 1098 τὸ
1379 1045 1582 1117 πτῶμα
1603 1046 1709 1100 διέ-

124 1144 327 1197 φυγεν,
363 1129 466 1184 οὐκ
511 1129 755 1201 ἀκριϐῶς
777 1133 876 1203 τῆς
907 1132 1002 1187 τοῦ
1029 1134 1322 1190 ἀντιπάλου
1355 1136 1559 1208 βλάϐης
1604 1136 1709 1203 ἔξω

122 1220 438 1291 γενόμενος.
477 1223 566 1277 Ἐν
603 1222 713 1297 γὰρ
748 1225 827 1296 τῷ
859 1226 1020 1299 μηρῷ
1047 1228 1108 1282 τὸ
1141 1228 1313 1294 πάθος
1344 1227 1710 1295 ὲδέξατο.·-Οὗ-

122 1331 218 1378 τος
248 1313 309 1367 δὲ
335 1315 365 1367 6
401 1316 836 1389 Ἐκατοντάρχης
858 1360 873 1384 ,
908 1321 1039 1391 περὶ
1086 1316 1147 1377 οὗ
1188 1322 1282 1377 νῦν
1313 1325 1342 1377 6
1389 1323 1544 1393 λόγος
1571 1324 1706 1386 ἐστὶ,

127 1405 385 1479 βασιλικῇ
431 1426 537 1463 τινι
595 1409 821 1481 δυνάμει
870 1410 931 1464 τὸ
969 1411 1246 1484 ἀλλότριον
1292 1415 1412 1470 κατ’
1463 1414 1710 1480 ἐξουσίαν

126 1498 623 1568 ἀποπεμπόμενος,
650 1501 944 1555 οἰκειοῦται
971 1502 1033 1556 τὸ
1058 1503 1415 1576 καταθύμιον.
1446 1505 1568 1559 Ἐπὶ
1588 1505 1712 1559 τούσ

128 1606 207 1659 τῳ
229 1588 344 1661 γάρ
376 1608 467 1661 μοι
493 1591 641 1645 δοκεῖ
676 1592 909 1665 μάλιστα
930 1598 1288 1668 τετυχηκέναι
1313 1598 1405 1652 τοῦ
1436 1597 1710 1670 θαύματος

126 1679 158 1729 6
185 1681 361 1752 ἀνήρ·
392 1682 474 1735 ἂιι
527 1682 693 1754 φησὶν
734 1685 793 1738 ὲν
821 1687 934 1749 τοῖς
972 1687 1307 1759 προχειρίοις
1345 1687 1510 1742 αὐτοῦ
1543 1706 1708 1760 στρα-

128 1771 351 1837 τιώταις
379 1775 438 1827 ἐν
469 1774 759 1847 αὐθεντικῇ
795 1776 1012 1849 ἐξουσίᾳ
1044 1779 1464 1849 ἀποπέμπεσθαι
1496 1781 1554 1836 ὃν
1588 1780 1711 1851 βού-

128 1865 280 1919 λεται
304 1904 321 1931 ,
352 1866 449 1931 καξι
487 1867 920 1947 προσκαλεῖσθαι
952 1869 1043 1922 τὸν
1087 1871 1421 1943 καταθύμιον
1445 1911 1460 1935 ,
1511 1873 1604 1927 καὶ
1631 1870 1710 1942 τῷ

127 1956 301 2028 δούλῳ
332 1957 436 2030 τὴν
479 1958 824 2030 καθήκουσαν
864 1961 1168 2016 ἐπιτάττειν
1216 1963 1538 2035 ὑπηρεσίαν.
1596 1964 1711 2016 Κά-

131 2052 217 2102 κεῖ
238 2050 352 2121 γάρ
380 2051 667 2120 φιλοσοφία
701 2069 785 2115 τις
819 2054 876 2107 ὲν
905 2055 972 2124 τῇ
1005 2053 1099 2108 τοῦ
1137 2055 1564 2127 Ἑκατοντάρχου
1596 2073 1709 2125 φω-

130 2142 195 2212 νῇ
217 2180 235 2203 ,
266 2141 351 2194 ὅτι
381 2141 472 2195 τὸν
504 2141 652 2208 ama
687 2144 1116 2215 ἀποπεμφθέντα
1147 2148 1329 2202 οὐκέτι
1361 2148 1496 2219 πρὸς
1523 2146 1712 2201 ἑαυτὸν

133 2232 432 2302 ἐπανάγει·
468 2234 602 2289 ἀ).λά
641 2234 828 2288 τούτου
878 2236 1344 2309 ἀποφοιτήσαντος
1368 2238 1555 2310 ἕτερον
1596 2239 1710 2292 ἀντ’

133 2323 303 2377 αὑτοῦ
338 2325 707 2387 εἰσοικίζεται.
739 2324 909 2380 Τοῦτο
935 2326 1043 2398 γὰρ
1075 2320 1713 2392 είπὼν,ὃτιΠορεύθητιν

132 2418 230 2471 καὶ
265 2417 604 2485 πορεύεται,
636 2416 792 2471 ἀλλον
835 2418 1260 2489 προσκαλεῖσθαι
1289 2436 1452 2490 φησιν
1480 2458 1496 2483 ,
1527 2418 1626 2490 οὐχ
1653 2417 1711 2472 ὃν

133 2506 519 2577 ἀπεπέμψατο.
551 2507 904 2570 Παιδεύοντος
943 2503 1095 2578 οἶμαι
1115 2510 1208 2562 τοῦ
1252 2507 1415 2578 λόγου
1440 2508 1501 2564 τὸ
1536 2509 1711 2564 τοιοῦ-

133 2616 225 2652 τον
265 2598 446 2668 δόγμα
469 2639 481 2661 ,
515 2597 599 2651 ὅτι
639 2596 709 2652 τὰ
755 2597 1006 2668 ἀλλήλοις
1056 2598 1404 2669 ἀντικείμενα
1446 2598 1525 2670 τῷ
1565 2598 1713 2670 αὐτῷ

136 2691 252 2761 μετ’
287 2688 535 2760 ἀλλήλων
566 2688 1053 2760 συνεπιχωριάζειν
1081 2689 1242 2758 φύσιν
1283 2690 1382 2744 οὐκ
1416 2690 1547 2761 ἔχει.
1593 2693 1713 2745 Οὐ-

134 2781 297 2853 δεμία
339 2784 449 2850 γάρ
492 2780 785 2835 λκοινωνία
819 2781 958 2850 φωτὶ
1005 2782 1145 2852 πρὸς
1197 2781 1419 2847 σκότος,
1468 2784 1631 2854 φησὶν
1683 2787 1712 2839 6

146 2871 470 2935 Ἀπόστολος
493 2888 508 2901 ·
543 2871 657 2926 ἀλλ’
684 2870 896 2942 ἀνάγκη
927 2872 1079 2925 πᾶσα
1094 2871 1186 2926 τοῦ
1217 2872 1437 2937 σκότους
1468 2874 1715 2946 ἐκχωρή-

135 2979 322 3026 σαντος
340 3003 358 3028 ,
387 2961 502 3032 φῶς
527 2957 665 3015 εἶναι
692 2962 754 3016 τὸ
776 2963 893 3016 ἀντ’
927 2962 1135 3016 ἐκείνου
1166 2961 1461 3034 ὁρώμενον,
1487 2965 1582 3019 καὶ
1615 2968 1712 3038 τῆς

132 3055 327 3120 κακίας
374 3054 618 3111 ἐκποδὼν
655 3054 983 3127 γενομένης,
1020 3054 1119 3127 τὴν
1170 3055 1369 3127 ἀρετὴν
1406 3057 1713 3126 ἀντεισάγει
1740 3106 1783 3164 C

134 3148 289 3203 aOat'
318 3147 512 3201 τούτου
544 3148 602 3201 δὲ
630 3146 1095 3219 κατορθωθέντος,
1132 3149 1328 3219 μηκέτι
1356 3149 1417 3203 τὸ
1457 3150 1713 3222 φρόνημα

133 3240 227 3309 τῆς
257 3239 463 3310 σαρκὸς
487 3238 759 3310 ἀνταίρειν
800 3238 879 3309 τῷ
906 3239 1195 3309 πνεύματι.
1231 3239 1378 3310 Μηδὲ
1423 3241 1532 3312 γὰρ
1557 3242 1715 3296 δύνα-

134 3330 256 3385 σθαι
291 3329 660 3401 νεκρωθείσης
686 3330 849 3385 αὐτοῦ
879 3331 979 3400 τῆς
1010 3332 1090 3394 είς
1118 3331 1178 3384 τδ
1197 3332 1517 3386 ἀντιτείνειν
1549 3333 1711 3388 δυνά-

134 3440 313 3494 μεως,
346 3421 486 3476 ἀλλά
516 3422 654 3491 πρὸς
693 3423 871 3477 πᾶσαν
902 3422 1249 3494 καθήκουσαν
1283 3423 1584 3494 ὑπηρεσίαν
1633 3425 1714 3478 εῦ-

133 3517 284 3570 θετον
320 3515 569 3585 γίνεσθαι
592 3558 607 3581 ,
639 3518 705 3588 τῇ
736 3515 1027 3586 δυναστείᾳ
1053 3515 1147 3569 τοῦ
1190 3515 1497 3586 πνεύματος
1532 3516 1714 3570 εὐπει-

131 3609 222 3672 θὲς
253 3607 501 3680 ὑπάρχον
529 3608 624 3661 καὶ
669 3608 1006 3680 ὑποχείριον.
1043 3608 1212 3661 Ὅταν
1254 3608 1362 3678 γὰρ
1404 3607 1712 3680 ἀπώιωχθῇ

138 3701 236 3770 μὲν
262 3702 292 3754 6
323 3703 426 3769 τῆς
456 3699 653 3762 κακίας
690 3696 977 3769 σύμμαχος
1002 3697 1337 3769 στρατιώτης
1355 3738 1371 3763 ,
1401 3698 1712 3771 ἀντεισέλθῃ
1734 3756 1745 3763 ,

136 3789 193 3843 δὲ
222 3791 252 3843 δ
276 3790 378 3859 τῆς
407 3788 612 3859 ἀρετῆς
634 3787 860 3858 ὁπλίτης
879 3829 894 3854 ,
921 3787 1216 3851 ἐνδεδυκὼς
1231 3788 1323 3841 τὸν
1350 3787 1574 3858 θώρακα
1615 3791 1715 3858 τῆς

132 3881 481 3951 δικαιοσύνης
501 3922 514 3944 ,
549 3880 643 3934 καὶ
688 3879 786 3951 τὴν
838 3879 1112 3950 μάχαιραν
1143 3880 1238 3933 τοῦ
1287 3878 1594 3951 πνεύματος
1625 3880 1714 3935 διὰ

131 3973 314 4046 χειρὸς
368 3971 585 4043 φέρων,
633 3970 1067 4041 προϐαλλόμενος
1105 3957 1166 4023 δὲ
1215 3969 1286 4024 τά
1334 3974 1716 4047 σκεπαστήρια

131 4064 238 4119 τῶν
262 4064 467 4128 ὅπλων,
493 4065 593 4134 τήν
612 4080 674 4116 τε
709 4061 1145 4133 περικεφαλαίαν
1172 4062 1266 4117 τοῦ
1291 4065 1559 4137 σωτηρίου
1580 4105 1595 4130 ,
1622 4066 1716 4119 καὶ

132 4157 221 4210 τὸν
248 4154 447 4227 θυρεόν
475 4156 579 4225 τῆς
618 4155 855 4220 πίστεως
880 4196 895 4221 ,
928 4156 1022 4209 καὶ
1047 4157 1228 4211 πᾶσαν
1252 4157 1431 4230 φέρων
1454 4159 1513 4213 ὲν
1537 4157 1716 4230 ἑαυτῷ

130 4250 231 4320 τὴν
260 4246 641 4319 πνευματικὴν
683 4246 983 4302 πανοπλίαν
1002 4288 1018 4313 ,
1044 4248 1167 4302 τότε
1197 4249 1441 4319 φοϐεῖται
1466 4252 1557 4306 τὸν
1598 4252 1718 4306 ἐαυ-

1811 496 2186 562 centurionis,
2257 499 2371 565 ipse
2422 498 2563 556 Deus
2620 498 2858 555 Verbum
2910 510 2994 558 est
3049 502 3384 572 admiratus,

1812 589 1954 642 sicut
1990 589 2325 657 evangelista
2368 591 2646 657 narravit,
2689 592 2879 648 dicens
2911 611 2924 647 :
2960 592 3091 659 Qum
3120 574 3237 649 cum
3289 612 3387 649 au-

1810 679 1975 735 disset
2018 679 2200 740 Iesus.
2250 682 2477 737 miratus
2524 693 2601 738 est
2624 684 2667 746 ⁸,
2711 694 2766 741 ct
2808 700 2995 740 vocem
3045 687 3384 743 centurionis

1809 774 2050 843 praetulit
2080 773 2205 830 ﬁdei
2243 775 2480 832 lsraelis.
2522 775 2640 831 Non
2669 776 2814 833 enim
2842 777 2974 832 mihi
3011 779 3225 834 videtur
3250 794 3381 835 con-

1809 865 1955 922 l'crre
1997 867 2373 923 centurionem
2420 883 2546 923 cum
2598 869 2799 939 populo
2846 867 3148 924 Israelitico
3191 870 3245 924 in
3296 886 3385 925 ra-

1813 956 1963 1011 tione
1994 956 2139 1022 ﬁdei,
2172 958 2266 1013 sed
2296 973 2420 1013 cum
2456 958 2576 1029 ipso
2604 958 2799 1015 lsraele
2830 979 2843 1014 :
2873 961 2968 1031 qui
2997 960 3052 1014 in
3077 961 3220 1015 lucta
3252 975 3383 1016 cum

1813 1046 2130 1103 adversario
2155 1064 2280 1104 cum
2318 1048 2407 1104 Dei
2453 1049 2659 1105 auxilio
2703 1052 2791 1105 vix
2824 1051 2996 1107 evasit
3038 1068 3107 1107 ne
3139 1052 3381 1118 caderet,

1809 1153 1910 1192 nec
1968 1139 2102 1194 abiit
2136 1141 2354 1212 penitus
2420 1141 2623 1198 illa‘sus
2688 1143 2757 1198 ab
2807 1143 3121 1199 adversario
3170 1144 3382 1201 :laesus

1808 1233 1952 1285 enim
1991 1231 2094 1287 fuit
2143 1232 2196 1286 in
2244 1232 2469 1289 femore.
2504 1232 2603 1289 Hic
2633 1241 2813 1290 autem
2853 1234 3122 1300 centurio,
3170 1234 3239 1291 de
3274 1251 3383 1305 quo

1812 1339 1993 1380 sermo
2015 1333 2099 1380 est
2131 1324 2186 1380 in
2212 1326 2521 1395 praesentia,
2554 1326 2701 1396 regia
2736 1333 3001 1397 potestate
3026 1342 3122 1397 pro
3156 1329 3384 1398 imperio

1813 1417 2072 1472 amandat
2118 1415 2170 1470 id
2220 1417 2364 1487 quod
2417 1423 2502 1473 est
2546 1417 2803 1482 alienum,
2848 1418 3073 1473 asciscit
3118 1426 3298 1473 autem
3331 1427 3386 1475 et

1812 1508 1881 1563 ad
1928 1524 2084 1565 suam
2131 1507 2370 1563 admittit
2409 1506 2833 1563 familiaritatem
2872 1508 2927 1562 id
2966 1509 3115 1578 quod
3155 1519 3239 1565 est
3281 1510 3383 1565 sibi

1810 1608 2044 1674 gratum.
2075 1602 2127 1656 is
2162 1602 2305 1656 enim
2326 1609 2612 1670 propterea
2646 1600 2880 1656 maxime
2905 1600 3118 1657 videtur
3148 1600 3387 1656 admira-

1819 1692 1968 1749 tione
1990 1691 2191 1763 dignus
2234 1690 2424 1756 fuisse,
2474 1690 2620 1761 quod
2670 1691 2815 1746 dicat
2865 1692 3028 1747 sein
3064 1692 3151 1753 his
3189 1694 3284 1763 qui
3330 1693 3387 1747 in

1819 1781 1940 1852 ejus
1988 1788 2115 1837 sunt
2158 1788 2427 1852 potestate
2480 1779 2767 1843 militibus,
2804 1795 2902 1836 sua
2948 1779 3277 1835 auctoritate
3321 1779 3386 1832 li-

1812 1860 2131 1942 bere'quem
2181 1871 2309 1926 velit
2358 1869 2677 1935 amandare,
2720 1875 2773 1925 et
2818 1883 3101 1924 accersere
3131 1884 3254 1923 eum
3291 1869 3386 1939 qui

1812 1970 1899 2019 est
1942 1963 2045 2018 sibi
2084 1969 2274 2033 gratus
2314 1979 2325 2015 :
2360 1971 2416 2016 et
2451 1975 2610 2016 servo
2638 1960 2783 2032 quod
2818 1959 3074 2015 convenit
3116 1960 3388 2031 imperare

1811 2053 2199 2110 ministerium.
2248 2050 2382 2106 Nam
2436 2050 2549 2104 illic
2597 2064 2813 2120 quoque
2858 2049 3104 2119 quaedam
3143 2050 3387 2119 philoso-

1812 2146 1939 2217 phia
1979 2153 2064 2200 est
2108 2144 2162 2197 in
2192 2157 2325 2199 voce
2371 2141 2731 2207 centurionis,
2782 2145 2925 2213 quod
2972 2157 3095 2196 cum
3140 2141 3234 2212 qui
3287 2140 3386 2194 fuit

1812 2240 2157 2300 amandatus,
2204 2254 2311 2293 non
2351 2237 2589 2308 amplius
2630 2236 2698 2291 ad
2740 2251 2800 2291 se
2833 2235 3065 2298 reducit,
3111 2232 3207 2288 sed
3259 2247 3384 2287 cum

1817 2331 1864 2385 is
1907 2329 2154 2395 abiisset,
2192 2345 2291 2399 pro
2325 2331 2445 2400 ipso
2502 2331 2555 2383 in
2601 2328 2820 2383 domum
2867 2324 3101 2380 admittit
3130 2324 3386 2379 alterum.

1818 2420 1953 2475 Nam
2005 2435 2128 2475 cum
2179 2421 2229 2475 ei
2295 2420 2571 2476 dixisset:
2619 2418 2783 2483 Vade,
2836 2426 2885 2471 et
2930 2414 3095 2483 vadit,
3145 2414 3279 2469 dicit
3329 2429 3389 2468 se

1823 2515 1988 2570 alium
2020 2528 2324 2579 accersere,
2359 2528 2468 2567 non
2512 2527 2636 2567 eum
2661 2525 2820 2581 quem
2850 2506 3165 2562 amandavit
3190 2521 3206 2561 :
3234 2504 3388 2559 Scri-

1812 2615 1996 2676 ptura,
2035 2611 2095 2659 ut
2145 2604 2357 2672 opinor,
2411 2602 2642 2656 docente
2681 2601 2787 2655 tale
2830 2600 3048 2670 dogma,
3090 2596 3234 2668 quod
3267 2610 3389 2665 quae

1816 2698 1921 2754 sibi
1958 2696 2191 2752 invicem
2223 2694 2604 2759 adversantur,
2641 2708 2751 2747 non
2775 2691 2893 2761 ejus
2928 2697 3058 2746 sum
3084 2697 3293 2743 natmae
3332 2695 3388 2741 ut

1815 2789 2030 2862 possint
2059 2787 2223 2844 simul
2276 2787 2330 2841 in
2361 2801 2472 2840 uno
2515 2791 2571 2841 et
2612 2783 2801 2840 eodem
2832 2782 3060 2837 versari.
3111 2779 3270 2833 Nulla
3303 2789 3388 2834 cst

1812 2882 1957 2937 enim
2006 2877 2241 2935 societas
2282 2877 2392 2931 luei
2431 2891 2555 2931 cum
2588 2874 2850 2936 tenebris,
2895 2873 2972 2926 ait
3015 2871 3386 2944 Apostolus",

1816 2972 1912 3029 sed
1942 2985 2168 3027 necesse
2199 2975 2284 3025 est
2310 2968 2559 3034 omnino,
2590 2972 2650 3020 ut
2682 2966 2728 3022 si
2763 2964 3001 3019 tenebra:
3030 2962 3386 3021 recesserint.

1817 3066 1888 3121 sit
1923 3064 2016 3127 lux
2065 3077 2186 3133 quae
2237 3074 2336 3130 pro
2378 3058 2459 3114 eis
2502 3056 2746 3113 cernitur
2779 3060 2872 3110 :et
2917 3053 2963 3108 si
2992 3051 3183 3106 vitium
3228 3050 3393 3105 fuerit

1818 3155 2190 3219 amandatum,
2235 3167 2334 3224 pro
2362 3167 2427 3207 eo
2459 3150 2632 3206 virtus
2676 3147 3093 3210 introducatur;
3120 3152 3174 3199 et
3208 3144 3255 3199 si
3289 3143 3392 3197 hoc

1817 3249 1923 3303 rite
1968 3246 2171 3300 factum
2221 3243 2407 3308 fuerit,
2448 3238 2738 3312 prudentia
2769 3236 2953 3293 carnis
2998 3251 3107 3290 non
3156 3233 3391 3303 amplius

1815 3341 2037 3397 resistat
2073 3335 2327 3407 spiritui;
2368 3348 2545 3403 neque
2570 3333 2716 3388 enim
2760 3335 2959 3400 potest,
2995 3334 3168 3381 morte
3194 3324 3390 3380 all‘eeta

1818 3431 1938 3500 ejus
1985 3427 2278 3484 resistendi
2329 3429 2620 3494 potestate,
2662 3419 2757 3476 sed
2805 3417 2872 3472 ad
2909 3432 3071 3472 omne
3108 3414 3252 3485 quod
3293 3428 3392 3484 par

1814 3531 1900 3579 est
1944 3519 2312 3577 ministerium
2358 3514 2420 3570 fit
2456 3522 2584 3585 apta
2620 3521 2676 3569 et
2717 3518 2934 3582 parata,
2967 3518 3026 3562 ut
3055 3523 3176 3577 quae
3201 3512 3394 3576 pareat

1817 3614 1881 3671 ef
1923 3611 2252 3682 subjiciatur
2302 3604 2604 3662 dominatui
2652 3601 2901 3672 spiritus.
2959 3595 3188 3664 Quando
3244 3594 3392 3649 enim

1814 3707 2077 3779 expulsus
2130 3690 2351 3774 quidem
2399 3699 2564 3755 fuerit
2614 3697 2772 3751 miles
2822 3693 2942 3749 vitii
2993 3690 3213 3756 socius;
3270 3686 3393 3756 ejus

1817 3810 1996 3856 autem
2039 3800 2164 3853 loco
2211 3797 2497 3865 ingressus
2549 3789 2714 3845 fuerit
2757 3787 2915 3841 miles
2947 3783 3188 3848 virtutis,
3218 3779 3391 3835 lorica

1811 3893 2041 3965 justitiae
2093 3889 2343 3952 indutus,
2394 3893 2450 3941 et
2503 3884 2559 3938 in
2609 3881 2864 3938 manibus
2914 3876 3094 3933 ferens
3151 3871 3394 3945 gladium

1816 3986 2066 4058 spiritus,
2104 3981 2351 4037 munitus
2378 3986 2560 4035 autem
2600 3976 2743 4047 aptis
2774 3973 2842 4029 ad
2878 3970 3167 4043 tegendum
3201 3966 3391 4058 armis,

1818 4056 2014 4149 nempe
2039 4077 2191 4148 galea
2219 4072 2449 4129 salutari
2478 4112 2494 4143 ,
2523 4076 2581 4125 et
2603 4074 2760 4124 scuto
2786 4063 2932 4127 ﬁdei,
2960 4068 3014 4117 et
3040 4060 3096 4115 in
3124 4074 3184 4115 se
3215 4056 3396 4112 ferens

1818 4185 2033 4229 omnem
2081 4164 2418 4237 spiritualem
2473 4171 2830 4223 armaturam,
2865 4162 2998 4210 tunc
3041 4151 3194 4207 timet
3231 4161 3394 4204 suum

1817 4264 2121 4326 dominum,
2153 4272 2348 4326 nempe
2389 4260 2650 4317 mentem,
2688 4262 2882 4305 servus
2913 4244 3125 4300 scilicet
3168 4253 3393 4310 corpus,

134 4340 223 4394 τοῦ
267 4339 463 4411 κύριον
513 4340 542 4392 6
572 4338 758 4404 δοῦλος
800 4339 861 4393 τὸ
900 4339 1060 4411 σῶμα
1082 4378 1098 4405 ,
1136 4341 1232 4395 καὶ
1275 4342 1570 4413 προθύμως

1914 4363 2179 4425 .mptoque
2209 4358 2265 4407 et
2310 4346 2480 4403 alacri
2516 4344 2699 4400 animo
2744 4337 3075 4431 exsequitur.
3106 4329 3392 4431 imperium

133 4430 467 4504 κρατοῦντος
485 4431 555 4485 τὰ
581 4430 1020 4503 παραγγέλματα
1042 4430 1277 4502 δέχεται,
1293 4432 1359 4486 δι’
1380 4425 1454 4487 ὧν
1482 4435 1516 4505 ἡ
1544 4435 1611 4506 ἀρ

1917 4461 1940 4499 s
1966 4421 2061 4514 qui
2082 4421 2397 4496 dominatur
2423 4455 2436 4490 :
2463 4448 2573 4505 quo
2605 4430 2685 4495 tit,
2719 4438 2780 4483 ut
2806 4421 3116 4516 ministerio
3143 4421 3395 4516 corporis

134 4522 498 4596 κατορθοῦται
527 4525 594 4594 τῇ
647 4522 920 4594 ὑπουργία
950 4521 1044 4576 τοῦ
1075 4522 1323 4593 σώματος
1349 4540 1364 4556 ’
1416 4524 1575 4579 τοῦτο
1605 4543 1612 4555 ·

1918 4508 2002 4591 ius
2042 4542 2193 4589 recte
2239 4527 2673 4585 administretur.
2722 4518 2840 4575 lloc
2893 4516 3038 4573 enim
3084 4513 3293 4570 indicat
3341 4508 3396 4566 id

134 4614 474 4668 ἐνδείκνυται
520 4612 615 4667 τοῦ
656 4612 1088 4684 Ἐκατοντάρχου
1133 4615 1162 4667 6
1190 4613 1345 4684 λόγος
1386 4615 1556 4670 εἰπὼν
1577 4655 1593 4682 ,

1916 4626 1972 4683 )d
1995 4625 2199 4682 dicitur
2238 4637 2271 4676 a
2294 4616 2616 4676 centurione
2641 4631 2654 4669 :
2677 4610 2813 4667 Nam
2841 4618 2892 4665 et
2915 4623 3064 4664 servo
3099 4601 3214 4660 nico
3239 4601 3394 4658 dico:

135 4705 243 4758 Kal
274 4702 360 4769 τῷ
409 4703 611 4770 δούλῳ
640 4720 759 4772 μου
793 4703 983 4771 λέγω,
1034 4702 1303 4770 Ποίησον
1352 4704 1526 4759 τοῦτο
1550 4744 1579 4770 ,,

860 4704 948 4771 ιγω
968 4741 983 4766 ,
1034 4702 1303 4770 Ποίησον
1352 4704 1526 4759 τοῦτο
1550 4744 1579 4770 ,,
1614 4706 1714 4763 καὶ
1826 4722 1939 4778 Fac
1967 4721 2085 4784 hac,
2115 4727 2160 4771 et
2188 4713 2338 4786 facit.

135 4810 310 4850 ποιεί.

215 4886 358 4939 Ἀλλ’
386 4885 708 4956 ἀκούσωμεν
728 4885 829 4956 τῆς
856 4883 1123 4956 βασιλίδος
1143 4926 1158 4949 ,
1182 4887 1328 4951 ὅπως
1356 4888 1693 4960 ἀπανίστησιε

1921 4894 1996 4957 led
2024 4891 2318 4947 audiamus
2351 4878 2808 4956 quemadmodum
2835 4876 3025 4948 regina
3055 4884 3281 4942 surgere
3315 4865 3399 4923 fa-

135 4981 229 5050 ἀφ⁹
258 4981 460 5051 ἑαυτῆς
509 4979 602 5032 τὸν
626 4979 838 5051 Βορρᾶν
859 5021 874 5045 ,
924 4980 1004 5043 είς
1038 4980 1100 5033 τὸ
1145 4979 1384 5051 ἔμπαλιν
1413 4981 1580 5035 αὐτοῦ

1923 4984 2235 5055 aquilonem
2274 4984 2329 5034 et
2357 4991 2388 5031 a
2423 4989 2486 5029 se
2519 4969 2799 5034 amandat,
2849 4966 2970 5036 ejus
3022 4961 3209 5055 ﬂatum
3246 4973 3401 5013 aver-

138 5071 307 5141 πνοὴν
338 5069 742 5140 ἀναστρέψασα.
769 5069 846 5124 Οὐ
880 5069 989 5142 γὰρ
1015 5070 1244 5140 ἠρεμεῖν
1271 5071 1555 5124 ἐπιτάσσει
1572 5112 1587 5136 ,

1919 5051 2024 5133 sin
2066 5071 2382 5128 adversum.
2415 5065 2534 5120 Non
2563 5062 2709 5118 enim
2748 5072 2871 5116 eum
2900 5055 3056 5126 jubet
3094 5051 3397 5142 quiescere.

134 5163 317 5235 θάπερ
356 5163 450 5217 ἐπὶ
495 5162 590 5217 τοῦ
640 5161 930 5216 κλυδωνίου
978 5161 1076 5233 τῆς
1119 5159 1395 5232 θαλάσσης
1445 5163 1475 5215 6
1520 5161 1612 5231 Kiii

1923 5164 2102 5222 lm0d0
2132 5163 2187 5218 in
2222 5159 2393 5217 maris
2442 5159 2770 5226 tempestate
2801 5148 2969 5221 jussit
3002 5143 3266 5201 Dominus
3301 5141 3401 5196 llu-

133 5254 368 5325 ὴσυχίαν
392 5254 546 5322 ἄγειν
562 5253 661 5325 τὴν
690 5253 948 5315 λαίλαπα,
978 5251 1188 5322 σιωπὴν
1212 5251 1611 5323 παραγγείλαςι

1926 5271 2010 5312 ius
2053 5253 2339 5325 quiescere
2380 5257 2439 5303 et
2471 5246 2749 5303 silentium
2792 5254 2992 5313 agere;
3028 5236 3125 5293 sed
3171 5234 3404 5325 imperat

135 5324 405 5417 κύμασιν·
428 5346 544 5400 ἀλλ’
568 5324 873 5416 ἀποχωρεῖν
902 5343 995 5397 καὶ
1020 5341 1241 5412 φεύγειν
1261 5342 1613 5413 παρακελεύε¹

1925 5324 2147 5404 recedat
2187 5350 2243 5400 et
2282 5340 2474 5410 fugiat,
2518 5345 2578 5393 ut
2605 5335 2813 5404 absque
2852 5331 2965 5386 ullo
3012 5324 3403 5425 impedimento

141 5437 210 5503 bc
234 5437 302 5493 ἂν
332 5437 627 5500 ἀκωλύτως
655 5439 684 5490 6
716 5436 885 5499 Νότος
908 5435 1056 5506 ῥέοι,
1111 5435 1380 5507 μηδεμιᾶς
1405 5435 1619 5491 ἁντιπνι

1927 5446 1962 5493 ιι
2012 5442 2217 5499 auster,
2265 5431 2418 5487 nullo
2469 5428 2701 5484 adverso
2756 5422 2886 5477 ﬂatu
2929 5419 3234 5476 obsistente
3283 5419 3405 5485 ejus

136 5528 542 5601 ἐμποδιζούσης
596 5526 746 5599 αὐτῷ
793 5526 893 5598 τὴν
926 5526 1099 5597 φοράν
1125 5543 1139 5557 ε
1187 5525 1560 5597 Ἐξετέρθητι
1585 5569 1598 5593 ,

1925 5530 2076 5604 petiti,
2110 5528 2298 5585 dicens
2325 5544 2338 5580 :
2374 5522 2561 5595 Surge,
2591 5517 2790 5590 aquilo.
2821 5513 3080 5582 Quanam
3110 5517 3196 5571 est
3225 5514 3403 5564 autem

194 5709 215 5742 '
253 5707 443 5765 Matth.
488 5724 607 5772 vni,
655 5710 717 5765 l0
747 5726 866 5782 sqq.
949 5710 968 5738 ⁸
1011 5708 1049 5761 ll
1093 5708 1211 5760 Cor.
1259 5721 1332 5769 γι,
1382 5707 1464 5758 ιι.
