3730 5980
136 265 253 323 985

1204 255 1271 312 IN
1293 251 1597 313 CANTICA
1617 248 1893 309 CANTIC.
1940 250 2225 308 HOMILIA
2255 252 2324 307 Χ.

1998 102 2027 121 ,ρ

3293 243 3404 302 986

137 375 377 429 σκιλίαν
398 372 716 446 ἐξήνθησαν.
750 371 850 427 Διὰ
895 371 1052 427 τοῦτο
1077 372 1255 426 τοίνυν
1282 373 1416 442 φησὶ
1438 370 1519 440 τῷ
1546 367 1722 423 τοιού-

1915 367 2125 421 hortum
2157 384 2349 434 mcum,
2369 365 2812 438 quandoquidem
2841 364 3000 419 horto
3030 360 3136 419 fuit
3159 368 3336 417 mater
3367 375 3400 415 a

136 484 219 537 τῳ
230 468 388 537 Νότῳ
418 468 451 536 ἡ
481 466 668 537 νύμφη
685 483 697 498 ο
725 466 807 518 ὅτι
827 464 1205 519 Διάπνευσον
1232 463 1339 517 τὸν
1363 461 1563 530 κῆπόν
1580 477 1722 530 μου.

152 558 376 629 Ἐπειδὴ
419 559 603 629 μήτηρ
628 558 790 628 κήπῳ
821 557 1039 626 ἐγένετο
1066 555 1216 626 παρὰ
1243 555 1341 626 τῆς
1368 553 1462 607 τοῦ
1491 552 1725 623 νυμφίου

140 649 328 719 φωνῆς
351 646 445 701 τοῦ
471 648 798 719 ποιήσαντος
822 648 1013 720 αὐτὴν,
1037 645 1217 710 καθὼς
1241 645 1488 716 περιέχει
1512 644 1541 695 ὁ
1572 643 1729 712 λόγος

139 741 326 810 κήπου
362 740 458 792 καὶ
508 740 712 809 πηγῆς.
749 730 823 792 Ob
856 738 1017 808 χάριν
1059 736 1154 789 τὸν
1207 735 1383 805 κῆπον
1428 733 1597 803 αὐτῆς
1629 732 1729 801 τὴν

152 829 485 900 Ἐκκλησίαν
513 830 613 898 τὴν
633 831 743 892 τοῖς
770 828 1033 899 ἐμψύχοις
1060 826 1329 897 βρύουσαν
1359 824 1594 895 δένδροις
1614 823 1731 875 δια-

138 920 479 990 πνευτθῆναι
508 919 777 990 βούλεται,
805 919 946 972 ὥστε
973 918 1164 986 ῥεῦσαι
1192 911 1477 972 ἀπἀὐτῶν
1500 913 1569 966 τὰ
1592 912 1730 984 ἀρώ-

142 1027 318 1079 ματα.
362 1012 419 1063 '0
457 1011 556 1081 μὲν
589 1011 696 1081 γὰρ
730 1011 1020 1081 Προφήτης
1050 1008 1247 1081 φησὶν,
1267 1009 1348 1062 ὅτι
1377 1005 1632 1060 Πνεύσει
1662 1003 1728 1057 τὸ

139 1101 386 1169 πνεῦμα
416 1101 627 1167 αὑτοῦ,
661 1101 759 1155 καὶ
790 1100 1086 1168 ῥυήσεται
1116 1099 1328 1153 ὕδατα.
1363 1098 1426 1151 Ἦ
1450 1096 1507 1150 δὲ
1535 1094 1612 1164 τῷ
1643 1094 1732 1164 βα-

140 1190 341 1262 σιλικῷ
374 1191 590 1262 πλούτῳ
626 1191 854 1262 κομῶσα
879 1191 1063 1263 νύμφη
1086 1231 1101 1256 ,
1131 1189 1285 1261 πρὸςν
1308 1188 1369 1242 τὸ
1400 1185 1732 1258 μεγαλοφυέ-

142 1297 342 1352 στερον
373 1281 688 1348 ἐξαλλάσσει
718 1282 787 1335 τὰ
814 1282 1082 1351 ῥεύματα,
1118 1279 1425 1351 ἀρωμάτων
1455 1276 1734 1346 ποταμοὺς

142 1372 381 1425 ποιοῦσα
407 1372 517 1426 τῶν
546 1370 639 1426 τοῦ
688 1374 867 1444 κήπου
898 1372 1129 1443 δένδρων
1158 1369 1449 1441 ἐκρέοντας
1472 1410 1484 1430 ,
1519 1367 1607 1421 διὰ
1633 1366 1732 1436 τῆς

144 1463 273 1533 βίας
322 1462 418 1516 τοῦ
470 1465 814 1534 πνεύματος’
844 1461 986 1518 ὥστε
1039 1461 1128 1516 διὰ
1167 1459 1356 1513 τούτου
1411 1457 1600 1528 μαθεῖν
1634 1456 1731 1526 τῆς

135 1551 388 1619 [Ιαλαιᾶς
409 1555 679 1627 Διαθήκης
718 1555 854 1627 πρὸς
892 1555 989 1625 τὴν
1004 1548 1211 1624 Καινὴν
1241 1551 1303 1605 τὸ
1329 1551 1582 1620 διάφορον
1606 1564 1621 1579 ο
1651 1549 1731 1601 ὃτι

1831 473 1962 513 voce
1989 459 2175 527 sponsi
2204 459 2296 528 qui
2319 459 2489 526 ipsam
2529 458 2675 519 fecit,
2710 457 2853 511 sicut
2909 455 3158 509 continet
3215 466 3399 508 sermo

1828 549 1973 604 horti
2027 558 2082 604 et
2133 549 2320 603 fontis.
2369 547 2735 614 Quamobrem
2781 546 2897 600 vult
2942 560 3101 599 suum
3152 544 3400 606 hortum,

1829 656 2024 709 nempe
2053 638 2379 702 Ecclesium,
2419 655 2539 710 quae
2565 645 2740 694 scatet
2768 635 3059 692 arboribus
3113 634 3400 696 animatis,

1829 733 1994 787 etiam
2031 730 2271 800 perﬂari,
2305 738 2365 785 ut
2394 747 2458 786 ex
2489 736 2567 785 eis
2599 731 2770 783 ﬂuant
2796 735 3062 781 aromata.
3115 723 3249 777 Nam
3272 721 3405 774 Pro-

1833 823 1993 891 pheta
2027 820 2248 892 quidem
2278 821 2444 875 dicit:
2483 820 2660 874 Flabit
2713 819 2929 886 spiritus
2967 815 3108 884 ejus,
3138 824 3188 867 et
3241 813 3402 880 fluent

1831 931 1981 984 aquae
1998 913 2042 967 ⁸.
2103 913 2315 984 Sponsa
2350 919 2530 968 autem
2561 913 2725 981 regiis
2751 918 2943 964 ornata
2970 908 3195 967 divitiis,
3230 912 3403 958 mutat

1832 1004 2033 1059 ﬂuenta
2078 1005 2145 1059 ad
2200 1004 2461 1073 majorem
2519 1001 2929 1071 amplitudinem
2968 1006 3024 1052 et
3054 995 3407 1065 magniﬁcen-

1834 1098 1985 1162 tiam,
2020 1095 2229 1151 faciens
2258 1105 2560 1150 aromatum
2592 1093 2786 1163 ﬂuvios
2815 1090 3095 1144 eﬂluentes
3149 1101 3246 1155 per
3292 1085 3402 1138 vim

1833 1187 2058 1258 spiritus
2077 1203 2141 1242 ex
2167 1186 2456 1241 arboribus
2478 1185 2641 1239 horti.
2671 1182 2792 1249 Quo
2831 1181 2908 1243 ﬁt,
2944 1187 2999 1233 ut
3039 1192 3133 1248 per
3160 1177 3263 1231 hoc
3313 1172 3403 1229 di-

1833 1291 2053 1330 scamus
2081 1273 2295 1329 Veteris
2344 1271 2678 1328 Testamenti
2732 1285 2762 1324 a
2805 1269 2956 1324 Novo
3009 1261 3401 1319 diﬂerentiam.

1834 1368 2089 1439 quoniam
2120 1365 2316 1420 ﬂuvius
2343 1363 2564 1434 quidem
2595 1359 2950 1432 propheticus
3004 1355 3263 1425 impletus
3306 1349 3406 1403 fuit

1841 1437 2035 1528 aquis,
2066 1456 2415 1527 evangelicus
2456 1460 2638 1507 autem
2685 1448 3042 1504 aromatibus.
3107 1441 3258 1496 Talis
3304 1437 3409 1492 ﬂu-

1834 1551 1957 1605 vius
1985 1556 2289 1604 aromatum
2322 1561 2386 1601 ex
2410 1546 2572 1599 horto
2606 1539 2865 1594 Ecclesiae
2895 1536 3070 1591 ﬂuens
3106 1548 3203 1602 per
3252 1529 3404 1599 spiri-

140 1651 171 1701 ὁ
202 1648 305 1718 μὲν
348 1621 683 1719 προφητικδς
716 1621 959 1716 ποταμὸς
998 1621 1288 1714 ἐπληρώθη
1320 1642 1526 1696 ὑδάτων
1550 1657 1564 1672 ·
1612 1640 1640 1691 ὁ
1676 1639 1732 1691 δὲ

1915 1658 1974 1704 n,
2003 1647 2121 1696 erat
2145 1654 2374 1709 magnus
2403 1635 2622 1695 Paulus,
2646 1631 2803 1701 cujus
2830 1628 3090 1683 ﬂuentum
3112 1633 3226 1680 erat
3257 1621 3416 1676 Chri-

141 1703 502 1808 εὐαγγελίκδς
517 1703 842 1811 άρωμάτων.
860 1703 1289 1798 ’Το-ιοῦτοςΠποτα
1297 1733 1394 1804 μὸς
1422 1730 1729 1802 ἀρωμάτων

1935 1732 2110 1786 bonus
2139 1703 2292 1783 odor.
2340 1726 2489 1782 Talis
2519 1725 2661 1780 alius
2713 1722 2815 1776 fuit
2862 1718 3133 1778 Joannes.
3194 1714 3392 1771 Lucas.

139 1825 237 1900 ἦν,
262 1831 329 1883 ἐκ
352 1829 445 1882 τοῦ
471 1830 649 1899 κήπου
673 1829 774 1898 τῆς
800 1824 1124 1896 Ἐκκλησίας
1160 1824 1298 1895 ῥέων
1338 1822 1426 1876 διὰ
1458 1819 1550 1875 τοῦ
1578 1819 1730 1874 πνεύ-

145 1936 323 1988 ματος
345 1959 360 1981 ,
414 1922 443 1973 ὁ
494 1919 665 1991 μέγας
711 1916 950 1983 Παῦλος,
1006 1910 1066 1970 οὗ
1118 1915 1180 1967 τὸ
1229 1913 1439 1985 ῥεῖθρον
1493 1908 1729 1980 Χριστοῦ

142 2008 351 2072 εὐῶδες
381 2005 472 2081 ἦν.
515 2010 766 2072 Τοιοῦτος
807 2008 965 2072 ἄλλος
1008 2006 1295 2078 Ἰωάννης,
1340 2007 1369 2059 ὁ
1402 2004 1650 2066 Λουκᾶς,
1704 2003 1732 2055 ὀ

142 2098 447 2166 Ματθαῖος,
472 2101 500 2152 ὁ
526 2099 771 2171 Μάρκος,
792 2099 888 2152 καὶ
918 2099 967 2151 οί
1001 2097 1177 2150 λοιποὶ
1211 2095 1410 2158 πάντες
1433 2093 1499 2147 τὰ
1538 2091 1733 2162 εὐγενῆ

1838 1818 2143 1880 Matthaeus,
2167 1816 2404 1878 Marcus,
2427 1823 2479 1867 et
2501 1812 2590 1865 alii
2625 1809 2837 1864 nobiles
2858 1807 3052 1876 planta;
3077 1801 3217 1856 horti
3249 1814 3386 1869 spon

1839 1925 1932 1973 sas,
1964 1909 2056 1978 qui
2090 1904 2380 1977 pcrspirati
2416 1901 2600 1957 lucido
2655 1907 2847 1953 austro
2892 1894 3215 1956 meridiano,
3278 1889 3414 1944 iacti

1839 2010 1966 2055 sunt
2015 1999 2193 2053 fontes
2241 2003 2569 2057 aromatum,
2626 1997 2840 2047 scatere
2890 1986 3157 2040 facientes
3207 1985 3411 2037 bonum

1841 2091 2065 2145 odorem
2104 2078 2405 2156 Evangelii.

144 2191 299 2251 φυτὰ
325 2165 437 2244 τοῦ
465 2165 645 2262 κήπού
677 2191 777 2260 τῆς
804 2189 1051 2261 νύμφης,
1100 2189 1150 2240 οἱ
1186 2186 1264 2257 τῷ
1287 2183 1531 2255 φωτεινῷ
1564 2183 1754 2252 ἐκείνῳ
1806 2181 1885 2251 τῷ
1925 2177 2279 2252 μεσημϐρινῷ
2317 2175 2472 2245 Νότῳ
2508 2170 2955 2235 διαπνευσθέντες
2977 2209 2994 2237 ,
3047 2167 3222 2238 πηγαὶ
3266 2165 3413 2237 ἀρωρ-

148 2283 341 2354 μάτων
369 2284 616 2350 ἐγένοντο
634 2324 651 2349 ,
685 2283 936 2354 βρύοντες
963 2283 1061 2353 τὴν
1083 2281 1188 2335 τῶν
1219 2279 1561 2350 [εὐαγγελίων
1593 2276 1839 2339 εὐωδίαν.

220 2376 564 2443 Καταϐήτω,
589 2378 773 2447 φησὶν,
796 2380 828 2432 ό
858 2376 1177 2446 ἁδελφιδός
1213 2394 1334 2445 μου
1357 2414 1372 2438 ,
1415 2377 1502 2440 εἰς
1532 2373 1732 2441 κῆπον

146 2467 378 2533 αὐτοῦ,
433 2469 533 2520 καὶ
580 2467 813 2538 φαγέτω
864 2467 1100 2535 καρπὸν
1139 2464 1480 2535 ἀκροδρύων
1522 2446 1727 2518 αὑτοῦ.

146 2554 225 2612 ἸΓΩ
253 2560 814 2633 πεπαρρησιασμὲνης
866 2559 1049 2629 φωνῆς
1078 2559 1090 2611 l
1118 2555 1189 2610 Ὦ
1241 2556 1518 2627 φιλοτίμου
1548 2572 1611 2627 τε
1640 2554 1733 2607 καὶ

154 2650 538 2722 μεγαλοδώρου
581 2651 756 2721 ψυχῆς
779 2693 795 2715 ,
830 2636 1007 2710 πᾷάαν
1054 2647 1355 2719 ὑπερϐολὴν
1392 2647 1732 2717 μεγαλοφρο-

155 2741 326 2811 σύνης
367 2742 602 2812 νικώσης
636 2743 648 2795 !
678 2741 811 2796 Τίνα
861 2741 1126 2807 δεξιοῦται
1165 2739 1298 2811 πρὸς
1352 2737 1582 2806 εὐωχίαν
1623 2738 1731 2797 τοῖς

158 2830 316 2893 ἰδίοις
336 2834 592 2903 καρποῖς;
611 2832 728 2886 Τίνι
754 2831 1163 2903 παρασκευάζει
1188 2829 1277 2883 διὰ
1289 2828 1394 2881 τῶν
1422 2828 1565 2880 ἰδίων
1596 2827 1735 2894 ἀγα-

154 2921 269 2975 θῶν
293 2921 390 2993 τὴν
419 2922 773 2990 πανδαισίαν;
804 2922 936 2977 Τίνα
971 2921 1125 2975 καλεῖ
1155 2921 1291 2992 πρὸς
1323 2920 1420 2990 τὴν
1473 2917 1580 2971 τῶν
1630 2934 1737 2968 παι

1915 2363 2226 2429 Descendat,
2278 2360 2472 2430 inquit,
2504 2357 2759 2427 patruelis
2791 2372 2936 2410 meus
2966 2356 3034 2408 ad
3067 2357 3296 2415 hortum,
3330 2370 3414 2408 eo-

1842 2459 2016 2514 medal
2042 2458 2244 2525 [ructus
2270 2465 2542 2521 pomorum
2577 2463 2815 2501 suorum.
2873 2443 2918 2499 0
2949 2459 3132 2497 vocem
3183 2443 3411 2497 liberam

1816 2551 1893 2613 et
1951 2546 2290 2604 conﬁdenter
2337 2540 2632 2611 prolatam!
2688 2535 2733 2592 Ο
2777 2537 3014 2591 animam
3048 2534 3323 2590 liberalem
3357 2537 3412 2586 et

1841 2635 2202 2710 splendidam,
2227 2646 2348 2702 qua:
2368 2644 2581 2685 omnem
2607 2627 2962 2700 quantumvis
2986 2639 3238 2696 magnam
3260 2637 3413 2693 supe-

1844 2738 1926 2783 rat
1970 2722 2468 2795 magniﬁcentiaml
2508 2718 2809 2785 Quemnam
2844 2716 2911 2771 ad
2949 2715 3261 2771 convivium
3296 2714 3412 2769 suis

1838 2819 2041 2889 excipit
2093 2813 2404 2871 fructibus?
2432 2812 2649 2867 cuinam
2685 2825 2781 2880 per
2810 2809 2953 2864 bona
2986 2808 3204 2879 propria
3255 2815 3411 2876 parat

1840 2908 2097 2981 epulum?
2145 2906 2446 2971 Quemnam
2479 2909 2634 2958 vocat
2673 2901 2740 2955 ad
2771 2899 3103 2955 vescendum
3160 2897 3230 2952 iis
3284 2911 3429 2966 quur

157 3014 609 3085 ρεσκευασμένων
641 3013 919 3081 ἐστίασιν;
951 3014 1054 3066 Τὸν
1106 3013 1170 3077 ἐξ
1192 3004 1251 3066 οὗ
1285 3013 1350 3065 τὰ
1395 3010 1573 3064 πάντα
1596 3051 1611 3074 ,
1647 3008 1732 3063 καὶ

1916 3009 1973 3055 ιιι
1996 2998 2232 3071 parata?
2264 2996 2399 3050 Eum
2422 3011 2491 3050 ex
2522 3008 2632 3064 quo
2662 2998 2791 3047 sunt
2818 2990 3020 3055 omnia,
3053 2995 3108 3043 et
3128 3002 3224 3058 per
3250 3001 3411 3056 quem

153 3102 225 3160 δι’
253 3097 314 3158 οὗ
346 3104 415 3157 τὰ
445 3105 638 3170 πάντα,
664 3104 757 3158 καὶ⁹
792 3105 850 3157 ἐν
874 3098 918 3173 ᾧ
949 3102 1017 3158 τὰ
1038 3103 1237 3165 πάντα,
1270 3103 1361 3156 τὸν
1390 3101 1597 3154 διδόντα
1630 3102 1740 3165 τοῖς

157 3196 296 3249 πᾶσι
345 3196 557 3267 τροφὴν
597 3198 655 3250 ἐν
687 3195 943 3267 εὐκαιρίᾳ
966 3235 981 3260 ,
1014 3194 1105 3248 τὸν
1140 3193 1422 3263 ἀνοίγοντα
1450 3193 1547 3262 τὴν
1584 3194 1742 3262 χεῖρα

155 3286 327 3341 αὐτοῦ
350 3327 362 3346 ,
387 3288 484 3341 καὶ
515 3286 825 3358 πληροῦντα
852 3288 960 3341 πᾶν
993 3285 1131 3349 ζῶον
1161 3284 1407 3348 εὐδοκίας
1429 3323 1444 3346 ,
1468 3284 1557 3336 τὸν
1580 3281 1742 3352 ἄρτον

155 3375 254 3430 τδν
283 3378 348 3430 ἐκ
370 3376 463 3430 τοῦ
493 3375 721 3448 οὐρανοῦ
751 3376 1148 3433 καταϐαίνοντα
1170 3417 1186 3441 ,
1220 3375 1313 3427 καὶ
1346 3374 1490 3443 ζωὴν
1535 3372 1743 3427 διδόντα

155 3464 240 3537 τῷ
263 3466 472 3537 κόσμῳ,
506 3466 594 3520 τὸν
617 3468 752 3523 πᾶσι
781 3469 892 3532 τοῖς
909 3462 1028 3521 οὖσι
1063 3465 1162 3535 τὴν
1189 3465 1332 3535 ζωὴν
1357 3464 1422 3517 ἐκ
1467 3467 1566 3533 τῆς
1603 3463 1742 3526 ἰδίας

158 3556 348 3627 πηγῆς
390 3557 746 3628 ἐπιρρέοντα·
785 3557 960 3629 τούτῳ
993 3558 1027 3628 ἡ
1070 3555 1256 3627 νύμφη
1286 3554 1572 3626 προτίθησι
1608 3553 1740 3623 τρά-

159 3648 354 3712 πεζαν.
377 3648 569 3719 Κῆπος
595 3649 652 3704 δέ
675 3650 822 3704 ἐστιν
844 3651 878 3720 ἡ
907 3646 1173 3719 τράπεζα,
1200 3648 1228 3700 ὁ
1252 3645 1341 3699 διὰ
1356 3644 1464 3699 τῶν
1485 3644 1742 3715 ἐμψύχιμω

160 3739 393 3812 δένδρων
419 3741 843 3812 πεφυτευμένος.
875 3720 1077 3813 Ἠμεῖς
1108 3741 1165 3794 δὲ
1207 3738 1273 3792 τὰ
1314 3736 1536 3808 δένδρα,
1584 3735 1743 3805 εἴπερ

157 3829 227 3901 δὴ
247 3831 342 3883 mi.
365 3832 525 3901 ἡμεῖς
549 3832 601 3884 οἱ
624 3830 828 3903 τροφὴν
855 3830 1002 3900 αὐτῷ
1029 3828 1373 3902 προτιθέντες
1398 3825 1493 3896 τὴν
1519 3825 1626 3877 τῶν
1649 3824 1745 3894 8'4"”

161 3919 274 3992 χῶν
302 3921 461 3992 ἡμῶν
488 3922 781 3992 σωτηρίαν,
814 3921 988 3984 οὕτως
1020 3919 1263 3981 εἰπόντος
1294 3915 1386 3970 τοῦ
1423 3914 1522 3987 τὴν
1546 3913 1745 3985 ἡμετέ-

164 4028 266 4096 ραν
283 4012 658 4081 εὐωχουμένου
677 4011 823 4081 ζωήν
860 4023 873 4036 '
911 4007 992 4063 ὅτι
1012 4006 1408 4078 Ἐμὲνβρῶμά
1431 4006 1622 4067 ἐστιν,
1643 4004 1746 4057 ἵνα

161 4093 315 4163 ποιῶ
332 4102 399 4157 τὸ
435 4101 664 4170 θέλημα
683 4101 790 4156 τοῦ
812 4100 1040 4169 Πατρός
1053 4116 1193 4168 μου.
1219 4096 1383 4168 Δῆλος
1403 4095 1460 4148 δὲ
1481 4095 1510 4147 ὁ
1539 4093 1741 4160 σκοπὸς

159 4193 257 4250 τοῦ
289 4192 434 4246 θείου
456 4191 776 4262 θελήματος,
804 4198 872 4257 ὃς
896 4189 1127 4254 πάντας
1147 4187 1306 4243 θέλει
1334 4184 1622 4254 σωθῆναι,
1644 4182 1743 4235 καὶ

157 4286 253 4350 εις
281 4283 611 4351 ἐπίγνωσιν
637 4281 924 4350 ἀληθείας
953 4278 1172 4333 ἐλθεῖν.
1206 4276 1354 4347 Αὕτη
1402 4269 1494 4329 οὖν
1517 4276 1679 4343 ξὲστιν
1710 4273 1743 4342 ἡ

159 4374 552 4445 ἐτοιμασθεῖσα
576 4373 777 4444 βρῶσις
808 4371 1035 4443 αὐτῷλτδ
1055 4369 1296 4440 σωθῆναι
1318 4369 1484 4438 ἡμᾶς.
1521 4365 1745 4435 Καρπὸς

157 4465 220 4519 δὲ
265 4463 423 4535 ἡμῶν
456 4464 491 4535 ἡ
544 4463 862 4535 προαίρεσις
920 4460 1169 4530 γίνεται,
1219 4460 1252 4530 ἡ
1316 4457 1393 4528 τῷ
1430 4454 1747 4528 δρεπομένῳ

159 4558 316 4629 ἡμᾶς
342 4556 461 4627 Θεῷ
486 4555 552 4609 δι’
575 4556 773 4626 ἑαυτῆς
802 4555 879 4619 ὡς
899 4554 989 4608 διά
1020 4571 1167 4616 τινος
1199 4551 1502 4623 άκρεμόνος
1522 4548 1618 4619 τὴν
1643 4548 1747 4616 ψυ-

159 4648 267 4721 χὴν
295 4647 691 4718 ἐγχειρίζουσα.
724 4646 844 4719 Χρὴ
884 4646 940 4699 δὲ
973 4644 1060 4699 διὰ
1084 4643 1287 4697 τούτων
1323 4642 1450 4695 ἰδεῖν
1495 4641 1576 4692 ὅτι
1613 4638 1748 4708 πρό-

159 4755 323 4811 τερον
355 4740 389 4809 ἡ
415 4737 599 4810 νύμφη
635 4736 713 4808 τῷ
755 4734 951 4807 καρπῷ
974 4734 1067 4788 τοῦ
1109 4734 1279 4805 μήλου
1312 4729 1745 4799 καταγλυκαίνε-

158 4848 254 4884 ται
287 4827 548 4882 εἰποῦσα·
587 4828 697 4883 Καὶ
740 4831 773 4882 ὁ
804 4825 1034 4895 καρπὸς
1072 4824 1260 4878 αὐτοῦ
1299 4821 1528 4893 γλυκὺς
1565 4820 1635 4873 ἐν
1668 4815 1747 4884 τῷ

162 4915 424 4983 στόματι
467 4932 587 4985 μου
613 4931 628 4943 ·
683 4915 778 4967 καὶ
808 4914 929 4967 τότε
964 4912 1174 4982 καρπὸς
1209 4912 1305 4965 καὶ
1353 4910 1491 4981 αὐτὴ
1538 4908 1746 4978 γίνεται

161 5004 377 5077 ὥριμός
404 5023 464 5059 τε
494 5006 589 5059 καὶ
625 5005 949 5074 γλυκαίνων,
989 5004 1084 5056 καὶ
1112 5003 1189 5073 τῷ
1218 5001 1448 5073 γεωργῷ
1489 5001 1623 5074 πρὸς
1665 5000 1751 5051 εὐ-

163 5098 443 5169 φροσύνην
473 5096 853 5168 προκείμενος.
899 5096 964 5149 Ἠ
1012 5095 1069 5148 δὲ
1101 5094 1195 5146 τοῦ
1223 5092 1542 5161 Καταόήτω
1579 5090 1745 5156 λέξις,

164 5189 430 5259 εὐκτικὴν
477 5187 590 5259 ἔχει
616 5188 715 5257 τὴν
748 5187 1022 5258 σημασίαν
1050 5226 1065 5250 ,
1099 5183 1469 5255 ὁμοιοτρόπως
1496 5184 1747 5253 ἐκφωνη-

164 5280 324 5333 θεῖσα
371 5278 848 5349 τῷνἊγιασθήτω
890 5278 957 5332 τὸ
992 5276 1180 5347 ὄνομά
1225 5292 1340 5330 σου
1369 5291 1383 5305 °
1436 5275 1531 5328 καὶ
1574 5292 1746 5343 γενη-

163 5372 325 5442 θήτω
352 5371 419 5427 τὸ
473 5369 704 5439 θέλημά
748 5386 886 5424 σου.
933 5370 1020 5433 Ὠς
1060 5368 1167 5439 γὰρ
1215 5369 1330 5421 ἐκεῖ
1359 5366 1457 5437 τὴν
1489 5366 1745 5435 εὐκτικὴν

161 5463 406 5539 εμφασιν
434 5462 464 5514 ὁ
491 5460 601 5514 τῶν
625 5460 802 5545 ῥητῶν
829 5459 1049 5513 ἐκείνων
1074 5457 1449 5529 σχηματισμὸς
1479 5454 1740 5525 περιέχει,

227 5644 246 5669 '
290 5636 434 5694 Psal.
479 5652 680 5699 cut-at,
724 5636 804 5689 l3.
881 5633 1075 5687 ’Jnau.
1108 5635 1290 5690 iit-.31.

1388 5632 1464 5683 "l
1490 5631 1629 5684 Tim.
1673 5648 1728 5692 Il,
1760 5632 1808 5684 ί.

1840 3093 2044 3157 omnia,
2065 3098 2119 3145 et
2143 3090 2198 3143 in
2221 3102 2330 3158 quo
2355 3085 2562 3147 omnia,
2587 3084 2679 3153 qui
2702 3080 2794 3135 dat
2813 3079 3070 3135 omnibus
3096 3079 3413 3132 alimentum

1842 3187 1896 3240 in
1930 3193 2176 3253 tempore
2202 3180 2324 3246 suo,
2351 3177 2443 3247 qui
2473 3176 2648 3245 aperit
2674 3187 2893 3227 manum
2920 3186 3100 3234 suam,
3148 3175 3203 3223 et
3229 3170 3416 3238 implet

1840 3289 2003 3331 omne
2026 3270 2229 3325 animal
2258 3268 2402 3322 bona
2431 3265 2734 3328 voluntate,
2793 3275 2987 3331 panem
3038 3259 3129 3330 qui
3168 3257 3235 3312 de
3273 3258 3415 3311 cmlo

1840 3361 2143 3426 descendit,
2196 3367 2250 3413 et
2296 3357 2391 3411 dat
2435 3356 2600 3409 vitam
2660 3354 2884 3416 mundo,
2940 3351 3033 3419 qui
3079 3365 3145 3404 ex
3194 3347 3416 3419 proprio

1842 3454 1993 3508 fonte
2019 3450 2086 3504 ad
2116 3448 2298 3503 omnia
2333 3461 2453 3514 quae
2485 3450 2614 3498 sunt
2657 3444 2820 3497 vitam
2874 3442 3002 3495 facit
3054 3456 3310 3496 emanare
3360 3448 3409 3492 et

1843 3544 2144 3609 scaturire;
2200 3540 2329 3594 huic
2375 3550 2579 3606 sponsa
2637 3533 2861 3603 apponit
2904 3547 3168 3586 mensam.
3208 3532 3413 3585 Hortus

1844 3644 2027 3692 autent
2061 3641 2147 3690 est
2180 3644 2389 3692 mensa,
2420 3630 2698 3698 plantatus
2729 3640 2824 3693 per
2868 3625 3092 3677 arbores
3123 3623 3411 3675 animatas.

1842 3729 1956 3789 Nos
2006 3734 2187 3781 autem
2244 3736 2437 3778 smnus
2495 3718 2759 3779 arbores,
2818 3713 3254 3784 quandoquidem
3313 3726 3416 3766 nos

1843 3835 2062 3893 quoque
2096 3831 2285 3874 sumus
2338 3811 2430 3882 qui
2464 3809 2737 3865 ei'cibum
2789 3807 3139 3875 apponimus,
3186 3802 3416 3858 salutem

1843 3921 2159 3968 nostrarum
2189 3905 2519 3967 animarum,
2556 3913 2679 3955 cum
2715 3898 2795 3953 sic
2820 3896 3018 3951 dixerit
3051 3897 3096 3950 is
3120 3893 3214 3964 qui
3240 3893 3421 3948 eonvi-

1844 4005 1933 4060 vio
1962 4008 2206 4056 nostram
2226 3996 2426 4066 excipit
2454 3992 2690 4047 animam
2720 4008 2734 4044 :
2765 3987 2914 4043 Meus
2942 3996 3017 4041 est
3041 3986 3209 4050 cibus,
3242 3992 3298 4037 ut
3329 3984 3417 4051 {a-
3482 4028 3496 4042 ,

1844 4095 1983 4149 ciam
2017 4091 2339 4145 voluntatem
2371 4084 2548 4140 Patris
2572 4082 2727 4137 mei”.
2761 4080 2857 4135 Est
2877 4087 3057 4133 autem
3095 4075 3417 4131 manifestus

1846 4202 2049 4255 scapus
2092 4184 2291 4239 divinae
2343 4177 2660 4241 voluntatis,
2712 4173 2932 4245 quivult
2964 4187 3136 4225 omnes
3183 4167 3418 4221 homines

1848 4277 2021 4333 salvas
2053 4275 2191 4345 ﬁeri,
2226 4282 2275 4326 et
2302 4272 2473 4326 venire
2502 4267 2570 4322 ad
2597 4266 2916 4336 agnitionem
2946 4259 3181 4315 veritatis
3202 4256 3267 4308 ¹⁰.
3319 4252 3419 4309 Hic

1848 4364 1932 4422 est
1960 4381 2091 4436 ergo
2120 4365 2168 4420 ei
2207 4369 2429 4433 paratus
2453 4360 2694 4416 cibusmt
2728 4368 2828 4409 nos
2859 4352 2992 4408 salvi
3046 4350 3238 4405 simus.
3268 4342 3405 4399 Fru—

1849 4468 1976 4514 Ctus
2009 4432 2187 4509 autem
2208 4432 2399 4506 noster
2420 4460 2503 4503 est
2530 4442 2906 4512 liberiarbitrii
2934 4432 3148 4501 electio.
3168 4437 3299 4504 Deo,
3323 4436 3418 4507 qui

1850 4565 1949 4607 nos
1975 4549 2128 4601 metit
2162 4560 2224 4597 ac
2252 4539 2513 4610 decerpit,
2547 4543 2804 4605 tanquam
2835 4549 2931 4603 per
2981 4530 3272 4602 quemdam
3322 4542 3414 4580 ra-

1850 4656 1997 4695 mum
2026 4638 2246 4692 tradens
2276 4634 2535 4687 animam.
2556 4627 2657 4681 Per
2686 4628 2801 4680 haec
2830 4633 3010 4680 autem
3028 4621 3318 4677 videndum
3335 4625 3421 4674 est

1848 4730 1995 4801 quod
2019 4743 2217 4800 sponsa
2259 4726 2409 4797 prius
2439 4721 2667 4777 aﬂicitur
2696 4717 2982 4773 dulcedine
3015 4714 3226 4768 iructus
3250 4710 3416 4782 pomi,

1850 4831 1910 4878 ut
1936 4837 2058 4892 qua:
2088 4820 2331 4874 dixerit:
2369 4815 2437 4869 Et
2465 4815 2671 4885 [ructus
2703 4810 2816 4880 ejus
2872 4807 3043 4861 dulcis
3098 4808 3153 4859 in
3212 4812 3420 4873 gutture

1849 4928 1980 4977 meo,
2009 4917 2064 4965 ct
2093 4919 2221 4964 tunc
2264 4908 2382 4978 ipsa
2430 4918 2647 4977 quoque
2693 4900 2907 4955 fructus
2945 4904 3031 4952 est
3078 4894 3323 4966 pulcher,
3364 4900 3418 4947 et

1847 5001 2135 5057 dulcedine
2163 4998 2420 5062 alliciens,
2443 5009 2498 5053 et
2522 4992 2773 5066 agricolae
2802 4988 3114 5062 propositus
3160 4984 3226 5037 ad
3279 4983 3418 5037 laeti-

1848 5095 1999 5148 tiam.
2070 5089 2204 5145 Illud
2256 5098 2437 5145 autem
2485 5087 2828 5151 vocabulum,
2890 5077 3204 5139 Descendat,
3259 5075 3421 5129 habet

1852 5183 2075 5254 optandi
2106 5180 2581 5252 signiﬁcationem,
2617 5192 2682 5233 eo
2713 5173 2874 5230 modo
2898 5171 3167 5242 prolatum
3194 5179 3304 5236 quo
3356 5164 3425 5217 il-

1853 5251 1945 5330 lud
1961 5294 1974 5330 :
1991 5251 2362 5340 Sanctiﬁcetur
2379 5286 2564 5325 nomen
2586 5278 2765 5331 tuum;
2792 5270 2845 5319 et
2866 5263 2961 5332 ﬁat
2983 5259 3220 5314 voluntas
3248 5265 3340 5307 tua
3357 5251 3418 5304 “.

1852 5367 2137 5435 Quomodo
2165 5364 2310 5418 enim
2338 5362 2448 5416 illic
2472 5358 2698 5431 optandi
2743 5351 3196 5427 signiﬁcationem
3245 5341 3425 5402 conti-

1852 5433 1945 5513 net
1975 5457 2189 5510 illorum
2221 5453 2507 5509 verborum
2545 5448 2737 5520 ﬁgura,
2791 5446 2867 5500 ita
2901 5444 2990 5500 bic
3018 5454 3235 5514 quoque
3265 5433 3420 5502 illud,

1877 5634 1913 5662 "
1951 5631 2137 5684 Mztlllt.
2180 5646 2251 5692 τι,
2289 5628 2374 5682 Η.
