3730 5980
288 236 392 294 987

1523 242 1582 299 S.
1615 241 1940 299 GREGORII
1977 244 2273 305 NYSSENI

3444 257 3551 316 9S8

288 349 606 418 Descendat,
672 361 756 409 est
817 363 1003 411 votum
1073 371 1307 427 sponsae,
1367 358 1475 415 Deo
1524 362 1861 418 ostendentis

2054 382 2106 418 τοι
2135 366 2227 418 καὶ
2256 366 2485 421 ἐνταῦθα
2517 368 2577 422 τὸ
2617 369 2937 436 Καταϐιξτω
2961 410 2976 436 ,
3027 370 3162 444 εὐχὴ
3197 374 3299 446 τῆς
3328 372 3557 445 νύμφης

292 438 592 494 ubertatem
618 456 900 511 pomorum
932 445 1174 502 virtutis.
1210 446 1517 521 Descensus
1566 460 1746 507 autem
1786 455 1863 510 si-

288 529 513 600 gniﬁcat
540 546 679 602 opus
707 533 1060 605 benignitatis
1089 545 1144 592 et
1170 538 1454 596 charitatis
1482 541 1535 596 in
1590 544 1859 600 homines.

288 624 560 690 Quoniam
591 626 736 682 enim
761 627 877 684 ﬁeri
897 645 1008 685 non
1038 639 1238 700 potest,
1262 641 1322 688 ut
1343 635 1498 689 aliter
1520 651 1864 693 assumamur

289 716 356 770 ad
389 718 757 784 Altissimum,
786 722 893 777 nisi
944 725 1239 780 inclinetur
1283 728 1351 782 ad
1409 728 1767 787 humilitatem
1801 748 1864 789 ac

229 824 236 830 '
290 810 720 880 depressionem,
771 813 863 883 qui
917 824 1232 874 mansuetos
1293 820 1523 874 assumit
1572 822 1862 889 Dominus,

289 910 576 972 propterea
605 904 660 957 in
688 905 923 961 sublime
953 908 1259 966 ascendens
1306 926 1531 981 sponsa,
1588 915 1863 973 advocatis

289 994 672 1052 deductionem
707 996 1012 1054 faciendam
1041 1001 1110 1055 ab
1143 1016 1210 1057 eo
1241 1003 1333 1072 qui
1362 1004 1681 1073 inclinatur,
1712 1017 1864 1079 optat

287 1091 347 1139 ut
368 1084 486 1156 ipse
509 1086 807 1144 descendat
835 1104 862 1143 a
898 1106 996 1146 sua
1026 1093 1418 1163 magnitudine,
1452 1107 1511 1153 ut
1534 1114 1658 1154 eum
1713 1115 1865 1157 asse-

286 1176 380 1245 qui
427 1178 638 1245 possint
661 1180 753 1248 qui
782 1180 1012 1239 inferius
1037 1192 1346 1240 versantur.
1380 1185 1482 1253 Qui
1509 1201 1689 1245 autem
1725 1192 1859 1247 dixit

285 1282 384 1336 per
427 1269 788 1338 prophetam:
838 1274 909 1328 Te
937 1274 1112 1329 adhuc
1139 1277 1250 1331 illic
1285 1278 1545 1347 loquente,
1597 1299 1712 1339 ecce
1762 1286 1863 1338 ad-

284 1373 400 1411 sum
421 1359 465 1390 ¹²
495 1375 508 1412 :
540 1362 860 1431 priusquam
891 1366 1063 1421 exiret
1091 1377 1276 1423 votum
1303 1386 1537 1442 sponsm,
1568 1375 1772 1431 audivit
1799 1393 1863 1432 ea

284 1463 405 1515 qua:
439 1457 524 1504 est
548 1463 791 1521 precata,
822 1463 877 1510 et
909 1463 1365 1528 praeparationem
1414 1468 1596 1522 cordis
1628 1470 1747 1535 ejus
1775 1480 1861 1523 at-

285 1539 478 1604 tendit,
510 1549 564 1595 et
585 1542 637 1595 in
670 1543 830 1599 horto
864 1544 965 1600 l‘uit
995 1549 1222 1617 perﬂato
1248 1550 1318 1607 'ab
1345 1566 1555 1624 austro,
1577 1570 1630 1613 et
1653 1559 1863 1617 fructus

286 1638 589 1685 aromatum
619 1634 909 1705 decerpsit,
941 1645 995 1694 et
1029 1641 1285 1712 impletus
1332 1646 1429 1701 fuit
1476 1651 1651 1718 pomis
1685 1654 1858 1707 virtu-

287 1717 378 1781 tis,
407 1727 460 1773 et
482 1723 851 1781 narrationem
881 1729 1144 1786 instruxit
1169 1738 1499 1805 convivium,
1536 1758 1752 1811 sponsa:
1778 1748 1858 1801 sic

286 1807 510 1865 dicens:
552 1812 804 1870 Descendi
841 1819 894 1873 in
923 1821 1133 1877 hortum
1170 1843 1360 1895 meum,
1389 1848 1540 1885 soror
1567 1851 1680 1889 mea
1703 1853 1861 1905 spon-

286 1916 368 1952 sa.
397 1898 598 1956 Μεδειή
637 1907 906 1976 myrrham
947 1927 1115 1965 meam
1167 1931 1283 1970 cum
1324 1922 1654 1978 aromatibtts
1711 1930 1857 1984 meis.

287 1990 506 2047 Comedi
534 2012 723 2064 partem
769 2016 941 2053 meum
979 2018 1094 2056 cum
1130 2006 1279 2061 melle
1334 2025 1467 2064 meo.
1505 2011 1626 2066 Bibi
1691 2017 1861 2071 vinum

287 2097 459 2134 meum
485 2099 601 2137 cum
637 2086 771 2141 lacte
806 2106 937 2143 meo.
971 2090 1260 2163 Comedile,
1293 2102 1575 2173 propinqui
1630 2108 1750 2173 mei,
1814 2118 1863 2162 et

293 2171 467 2238 bibite,
503 2166 549 2228 et
585 2176 944 2247 inebriamini,
978 2182 1175 2252 fratres
1213 2189 1332 2243 mei.

358 2428 525 2489 Vides
550 2439 1006 2505 quemadmodum
1029 2446 1155 2502 doni
1177 2453 1549 2522 magnitudine
1569 2471 1865 2532 exsuperat

288 2523 646 2590 petitionem?
680 2528 900 2600 Optavit
947 2551 1150 2606 sponsa
1211 2541 1324 2597 ﬁeri
1375 2546 1479 2600 sibi
1523 2523 1865 2607 fontes-aro-

290 2618 520 2681 matum,
569 2631 700 2672 suas
732 2620 788 2674 in
839 2622 995 2678 horto
1028 2628 1244 2696 plautas
1275 2633 1489 2700 perﬂari
1547 2646 1736 2694 austro
1769 2642 1863 2711 qui

287 2696 383 2753 ﬂat
411 2716 442 2754 a
481 2706 729 2772 meridie,
767 2717 822 2764 et
854 2710 1034 2768 fructu
1069 2732 1356 2786 pomorum
1389 2725 1684 2793 agricolam
1716 2696 1868 2785 exci-

288 2808 439 2863 pere.
470 2795 584 2855 lloc
610 2810 792 2858 autem
822 2807 999 2864 cuivis
1047 2819 1131 2864 est
1161 2816 1533 2885 perspicuum,
1567 2824 1712 2891 quod
1748 2840 1867 2880 om-

289 2888 378 2942 nis
408 2890 582 2948 bonus
622 2894 757 2949 odor
786 2904 871 2951 est
897 2900 1149 2970 voluptas
1180 2919 1376 2962 sensus
1407 2888 1662 2968 olt‘.:ctus.
1697 2913 1864 2970 Poma

289 2988 471 3035 autem
502 2993 632 3038 sunt
657 2987 723 3040 ad
756 3002 909 3043 esum
941 2992 1313 3075 imbecillioris
1350 3000 1567 3058 virtutis
1598 3020 1760 3074 quam
1793 3009 1866 3063 sit

290 3072 469 3142 panis,
511 3076 655 3144 quod
697 3081 892 3134 attinet
927 3083 994 3136 ad
1024 3072 1225 3140 bonam
1271 3104 1458 3145 eorum
1504 3072 1866 3164 qui—aluntur

291 3161 690 3221 habitudinem.
716 3167 807 3225 Ille
823 3187 950 3228 vero
980 3191 1103 3230 cum
1131 3178 1184 3232 in
1207 3195 1367 3237 suum
1392 3184 1608 3240 hortum
1639 3189 1868 3247 descen-

291 3252 483 3319 disset,
517 3265 571 3311 et
616 3258 671 3312 in
725 3260 777 3315 id
810 3265 956 3332 quod
992 3274 1078 3322 est
1130 3271 1306 3342 majus
1341 3283 1396 3330 et
1424 3279 1716 3346 pretiosius
1748 3282 1866 3338 fru-

292 3350 478 3399 ctuum
508 3356 773 3406 mutasset
798 3363 1072 3424 naturam,
1104 3360 1349 3435 decerpit
1377 3369 1595 3437 quidem
1618 3387 1684 3427 ex
1706 3373 1867 3430 horto

292 3436 571 3505 myrrham
619 3441 890 3500 inventam
933 3463 1057 3504 cum
1089 3453 1206 3508 suis
1235 3436 1593 3517 aromatihus.
1626 3464 1708 3521 Ab
1749 3467 1868 3538 ipso

292 3527 438 3581 enim
465 3533 666 3588 essmsi
718 3537 848 3606 quid
893 3539 963 3594 sit
1012 3544 1301 3612 pulchrum
1338 3564 1402 3605 ac
1437 3527 1786 3623 honestum;
1813 3561 1868 3615 in

292 3633 623 3694 quocunque
656 3626 821 3682 fuerit
855 3630 1157 3701 inventum,
1191 3653 1370 3694 sermo
1400 3645 1711 3711 praedicavit
1741 3666 1869 3720 pro-

296 3711 563 3780 pheticus.
592 3715 699 3772 Pro
730 3722 906 3789 pomis
928 3734 1108 3781 autem
1138 3728 1301 3785 elIicit
1330 3741 1386 3786 ut
1425 3736 1650 3795 arbores
1677 3711 1867 3810 panem

296 3801 473 3859 ferant
510 3809 731 3865 mistum
780 3827 905 3868 cum
955 3818 1113 3874 melle
1156 3836 1278 3877 suo.
1336 3825 1401 3878 Et
1438 3827 1519 3883 sic
1568 3832 1873 3901 explicetur

297 3898 677 3965 propheticum
716 3902 872 3967 illud,
924 3910 1069 3976 quod
1105 3911 1223 3979 ejus
1259 3916 1386 3979 mel,
1412 3926 1467 3972 et
1504 3898 1704 3977 caetera
1751 3928 1872 3994 pul-

225 4026 232 4035 .
294 3987 429 4042 chra
461 4005 524 4043 ac
557 3991 717 4056 bona,
762 4003 818 4049 et
851 3997 1037 4052 vinum
1074 4001 1143 4055 ab
1177 4003 1298 4073 ipso
1341 4007 1596 4065 hauritur
1628 4024 1873 4070 contem-

298 4088 543 4148 peratum
578 4082 718 4138 lacte
761 4085 902 4154 ejus.
960 4087 1044 4141 Ex
1084 4092 1196 4159 ipso
1243 4096 1403 4163 enim,
1463 4109 1512 4153 et
1552 4116 1646 4169 per
1678 4105 1868 4173 ipsum,

293 4181 347 4228 et
398 4174 452 4228 in
496 4176 612 4244 ipso
664 4190 787 4233 sunt
832 4184 1016 4237 omnia
1041 4186 1105 4239 ²³.
1162 4185 1207 4242 Ο
1249 4188 1438 4247 beatos
1486 4193 1609 4249 illos
1661 4197 1871 4265 hortos,

295 4278 527 4333 quorum
576 4268 790 4337 plantas
834 4272 972 4330 tales
1024 4275 1238 4332 fructus
1278 4281 1581 4349 producere
1617 4296 1871 4344 testatum

1892 3058 1935 3114 C

1966 452 2110 507 ἐστὶν
2154 454 2595 529 ἐπιδεικνυμένης
2620 458 2695 530 τῷ
2731 459 2851 530 Θεῷ
2876 460 2985 515 τῶν
3022 462 3123 533 τῆς
3151 464 3355 535 ἀρετῆς
3378 465 3554 536 dupo-

1963 542 2139 615 δρύων
2165 545 2262 618 τὴν
2292 548 2570 619 εὐφορίαν.
2606 549 2671 604 Ἥ
2714 551 2771 605 δὲ
2800 554 3105 618 κατάϐασις
3133 555 3194 608 τὸ
3231 557 3332 627 τῆς
3360 556 3555 624 φιλαν-

1965 637 2208 709 θρωπίας
2248 640 2405 713 ἔργον
2451 643 2816 714 διασημαίνει.
2856 644 3073 717 Ἐπειδὴ
3108 647 3218 719 γὰρ
3251 649 3353 702 οὐκ
3400 649 3553 714 ἔστιν

1963 731 2139 796 ἄλλως
2166 733 2542 807 ἀναληφθῆναι
2576 737 2711 808 πρὸς
2756 739 2847 793 τὸν
2879 733 3161 803 Ὕψιστον,
3211 745 3259 796 εἰ
3297 743 3372 813 μὴ
3408 745 3553 814 πρὸς

1963 823 2023 874 τὸ
2080 822 2498 899 χθαμαλώτερον
2551 828 2852 901 ἐπικλιθείη
2894 832 2924 884 ὁ
2973 831 3371 901 ἀναλαμϐάνων
3420 834 3551 897 τοὺς

1967 918 2161 985 πραεῖς
2190 917 2393 988 Κύριος
2419 960 2433 982 ,
2468 919 2556 972 διά
2600 918 2759 974 τοῦτο
2809 923 2842 991 ἡ
2894 922 3118 975 ἀνιοῦσα
3153 908 3289 995 πρὸς
3319 924 3389 978 τὰ
3432 924 3557 977 ἅνω

1963 1006 2105 1079 ψυχή
2131 1048 2146 1072 ,
2207 1008 2304 1081 τὴν
2373 1011 2524 1083 παρὰ
2571 1011 2665 1067 τοῦ
2721 1011 3118 1085 ὑπερκειμένου
3171 1018 3550 1087 χειραγωγίαν

1966 1098 2411 1172 προσκαλουμένη
2434 1142 2449 1164 ,
2479 1102 2891 1174 ὐποκαταϐἧναι
2933 1104 3095 1158 αὐτὸν
3126 1104 3221 1159 τοῦ
3275 1105 3407 1159 ἰδίου
3457 1122 3554 1175 με·

1964 1188 2156 1256 γέθους
2184 1189 2431 1262 εὔχεται,
2483 1193 2568 1249 ἵνα
2599 1197 2712 1259 τοῖς
2751 1195 2907 1249 κάτω
2945 1196 3164 1265 ὲφικτὸς
3194 1196 3445 1266 γένηται.
3489 1197 3552 1250 '0

1963 1283 2018 1336 δὲ
2062 1285 2230 1339 εἰπὼν
2276 1287 2364 1341 διὰ
2408 1287 2501 1342 τοῦ
2556 1290 2870 1361 προφήτουο
2910 1291 2993 1344 ὅτι
3046 1292 3175 1344 Ἔτι
3201 1291 3555 1356 λαλοῦντός

1965 1388 2080 1429 σου
2105 1376 2234 1431 ἐκεῖ
2255 1418 2268 1441 ,
2299 1377 2428 1431 ἰδοὺ
2475 1376 2713 1449 πάρειμι
2734 1395 2746 1409 ·
2792 1381 2919 1450 πρὶν
2950 1379 3254 1445 ἐπεξελθεῖν
3306 1384 3375 1452 τῇ
3410 1382 3549 1452 εὐχῇ

1964 1469 2029 1538 τῇ
2060 1466 2265 1539 νύμφῃ,
2296 1471 2389 1522 καὶ
2414 1470 2643 1540 ἤκουσεν
2679 1465 2754 1524 ὧν
2782 1471 2997 1543 ἐδεήθη,
3024 1472 3120 1525 καὶ
3144 1474 3211 1543 τῇ
3251 1473 3553 1544 ἑτοιμασίᾳ

1964 1560 2063 1629 τῆς
2088 1560 2312 1630 καρδίας
2343 1563 2512 1634 αὐτῆς
2560 1565 2827 1635 προσέσχε
2851 1604 2867 1629 ,
2898 1565 2992 1618 καὶ
3018 1566 3075 1617 ἐν
3106 1563 3183 1635 τῷ
3224 1566 3389 1637 κήπῳ
3421 1565 3553 1633 ὲγέ-

1968 1666 2087 1702 νετο
2112 1649 2189 1720 τῷ
2208 1650 2609 1706 διαπνευσθέντι
2641 1654 2744 1707 ὑπὸ
2776 1654 2870 1708 τοῦ
2899 1654 3072 1708 Νότου
3095 1696 3110 1721 ,
3139 1656 3233 1708 καὶ
3256 1655 3385 1719 τοὺς
3413 1672 3557 1724 καρ-

1971 1743 2105 1805 ποὺς
2131 1742 2240 1796 τῶν
2269 1744 2574 1814 ἀρωμάτων
2603 1745 2863 1817 ὲδρέψατο
2882 1784 2896 1809 ,
2940 1745 3036 1799 καὶ
3067 1739 3317 1816 τῶν’τῆς
3345 1745 3558 1816 ἀρετῆς

1971 1836 2285 1906 ἀκροδρύων
2313 1837 2612 1909 ἐνεφορήθη
2637 1878 2650 1901 ,
2686 1839 2779 1891 καὶ
2802 1838 3047 1909 διήγημα
3074 1839 3172 1910 τὴν
3198 1838 3431 1913 εὐωχίαν
3458 1854 3559 1891 πε-

1970 1928 2188 1997 ποίηται
2211 1972 2224 1993 ,
2278 1927 2449 1995 λέγων
2479 1929 2676 1982 οὑτωσὶ
2706 1929 2840 2000 πρὸς
2868 1928 2965 2000 τὴν
2991 1929 3207 2000 νύμφην
3230 1947 3244 1961 ·
3278 1929 3559 1995 Κατέϐην

1969 2019 2055 2084 εἰς
2081 2016 2297 2086 κῆπον,
2324 2017 2558 2086 ἀδελφή
2584 2036 2705 2088 μου
2734 2020 2959 2089 νύμφη.
3007 2021 3343 2089 Ἐτρύγησα
3366 2021 3560 2089 σμύρ-

1969 2126 2085 2161 ναν
2100 2126 2220 2178 μου
2243 2109 2393 2178 μετὰ
2416 2108 2739 2177 ἀρωμάτων
2759 2126 2900 2178 μου.
2934 2110 3202 2179 Ἕφιιγον
3233 2110 3415 2177 ἄρτον
3431 2126 3561 2177 μου

1964 2204 2115 2269 μετὰ
2147 2199 2386 2268 μέλιτός
2420 2217 2560 2266 μου.
2614 2202 2827 2253 Ἔπιον
2871 2196 3038 2254 οἶνόν
3081 2216 3201 2268 μου
3242 2200 3395 2267 μετὰ
3439 2197 3560 2267 γά-

1970 2295 2194 2359 λακτός
2213 2310 2353 2361 μου.
2383 2291 2622 2361 Φάγετε,
2666 2294 2721 2345 οἱ
2754 2293 3023 2359 πλησίον
3052 2309 3192 2361 μου,
3230 2290 3327 2344 καὶ
3358 2289 3563 2351 ariete,

1971 2387 2067 2441 καὶ
2087 2387 2446 2456 μεθύσθητε,
2480 2384 2732 2468 ἀδετῑςροί
2771 2401 2910 2452 μου.
3156 2464 3161 2469 ὁ

2054 2479 2215 2550 Ὁρᾷς
2245 2476 2361 2539 πῶς
2397 2460 2722 2545 ὑπερϐάλλει
2756 2476 2822 2544 τῇ
2850 2464 3229 2545 μεγαλοδωρεᾷ
3257 2473 3354 2544 τὴν
3388 2474 3563 2540 αἴτη-

1973 2587 2084 2636 σιν;
2128 2566 2462 2641 Ἀρωμάτων
2503 2563 2693 2630 εὔξατο
2736 2563 2991 2633 γενέσθαι
3038 2563 3220 2634 πηγὰς
3261 2564 3293 2633 ἡ
3334 2561 3560 2631 νύμφη,

1970 2662 2039 2716 τὰ
2065 2660 2263 2730 ἑαυτῆς
2287 2660 2343 2711 ἐν
2369 2656 2447 2727 τῷ
2496 2657 2658 2726 κήπῳ
2704 2655 2849 2723 φυτά
2902 2653 3331 2709 διαπνευσθέντα
3372 2651 3454 2724 τῷ
3492 2654 3564 2706 ἐκ

1976 2752 2324 2827 μεσημϐρίας
2374 2749 2681 2803 ὲπιπνέοντι
2731 2747 2908 2818 Νότῳ,
2960 2746 3171 2817 καὶτῷ
3219 2744 3413 2817 καρπῷ
3440 2745 3564 2798 τῶν

1972 2846 2288 2921 ἀκροδρύων
2312 2845 2403 2898 τὸν
2432 2842 2674 2914 γεωργὸν
2706 2841 3085 2907 δεξιώσασθαι.
3108 2839 3278 2894 Τοῦτο
3306 2839 3365 2893 δὲ
3388 2840 3567 2893 παντὶ

1972 2941 2150 3012 δῆλον,
2179 2940 2259 2991 ὃτι
2289 2937 2439 2988 πᾶσα
2460 2933 2704 2993 εὐπνοια.
2724 2932 2824 3002 τῆς
2850 2930 3217 3001 ὀσφραντικῆς
3245 2928 3567 2998 αἰσθήσεως

1973 3033 2135 3111 ἡδονὴ
2161 3029 2388 3099 γίνεται.
2418 3026 2500 3079 Τά
2530 3025 2586 3078 δὲ
2625 3023 2901 3095 ἀκρόδρυα
2946 3023 3044 3093 τῆς
3070 3022 3166 3075 τοῦ
3192 3022 3352 3091 ἄρτου
3387 3019 3566 3111 δι.»νά-

1940 3166 1945 3175 .
1971 3108 2116 3199 μεως
2143 3117 2401 3185 κατὰτὴν
2437 3113 2636 3185 βρῶσιν
2669 3113 2745 3176 ὡς
2782 3112 2920 3185 πρὸς
2950 3112 3049 3181 τὴν
3073 3111 3181 3163 τῶν
3203 3108 3567 3182 τρεφομένων

1967 3215 2177 3283 εὐεξίαν
2229 3210 2375 3264 ἐστὶν
2416 3205 2769 3277 ἀτονώτερον.
2829 3205 2888 3258 '0
2921 3203 2981 3256 δὲ
3035 3202 3278 3265 καταϐὰς
3315 3201 3409 3255 ἐπὶ
3463 3200 3567 3255 τὸν

1968 3305 2163 3364 ἑαυτοῦ
2199 3306 2397 3374 κῆπον,
2433 3298 2681 3369 καὶπρὸς
2702 3297 2765 3350 τὸ
2807 3296 2991 3368 μεῖζόν
3014 3312 3073 3348 τε
3106 3296 3201 3348 καὶ
3231 3292 3454 3364 τιμιώτε
3462 3310 3567 3364 ρον

1967 3400 2065 3472 τὴν
2089 3395 2198 3450 τῶν
2220 3391 2453 3463 καρπῶν
2499 3387 2817 3484 μεταϐαλών
2846 3387 3055 3484 φύσιν.
3074 3385 3328 3484 δρέπεται
3362 3385 3464 3484 μεν
3497 3387 3569 3484 é-x

1967 3491 2061 3544 τοῦ
2117 3488 2296 3559 κήπου
2324 3483 2571 3554 σμύρναν
2624 3477 2801 3550 εὑρὼν
2847 3476 2986 3549 μετὰ
3032 3476 3337 3548 ἀρωμάτων
3365 3475 3564 3527 αὐτοῦ.

1970 3579 2108 3653 Παρ’
2143 3575 2309 3632 αὐτοῦ
2334 3572 2443 3644 γὰρ
2484 3568 2622 3625 εἶναι
2650 3568 2702 3622 εἴ
2739 3586 2792 3623 τι
2828 3568 3012 3636 καλὸν,
3053 3569 3110 3620 ὲν
3147 3560 3300 3635 ᾧπερ
3332 3564 3564 3634 εὑρεθῇ,

1970 3675 1999 3726 ὁ
2037 3667 2371 3742 προφητικὸς
2392 3664 2601 3735 ’ὐμνησε
2625 3661 2804 3730 λόγος.
2828 3660 2994 3727 ,Ἀντὶ
3023 3658 3078 3712 δὲ
3101 3657 3212 3711 τῶν
3239 3655 3567 3727 ἀκροδρύων

1970 3765 2120 3834 ἄρτῳ
2169 3758 2354 3831 βρύειν
2414 3753 2826 3827 παρασκευάζει
2876 3751 2944 3804 τὰ
2996 3750 3209 3821 δένδρα,
3244 3764 3566 3817 συναναμε-

1975 3853 2224 3926 μιγμένῳ
2246 3849 2384 3922 μετά
2406 3845 2499 3901 τοῦ
2534 3846 2749 3918 μέλιτος
2776 3843 2964 3900 αὐτοῦ.
2995 3842 3104 3895 Καὶ
3133 3840 3306 3910 τούτῳ
3339 3840 3401 3892 τὸ
3422 3856 3567 3911 προσ

1973 3944 2203 4016 φητικὸν
2265 3936 2733 4008 συνεκφωνείσθω,
2780 3937 2861 3988 ὅτι
2914 3932 3077 3987 αὐτοῦ
3107 3931 3169 3985 τὸ
3198 3932 3339 4004 μέλι,
3361 3931 3437 3995 ὡς
3470 3934 3571 3986 καὶ

1971 4034 2217 4089 τάλοιπά
2231 4032 2339 4085 τῶν
2366 4030 2561 4091 ἀλλων,
2584 4027 2680 4081 καὶ
2704 4026 2795 4080 τὸν
2815 4020 2954 4079 οἶνον
2977 4025 3071 4077 ἀπ’
3096 4022 3277 4077 αὐτῶν
3304 4023 3577 4111 ἀρύεται,

1976 4118 2514 4190 συνανακεκραμένον
2537 4114 2613 4186 τῷ
2631 4116 2860 4185 γάλακτι
2893 4111 3077 4167 αὐτοῦ.
3116 4111 3210 4177 Ἐξ
3235 4111 3428 4166 αὐτοῦ
3452 4114 3568 4183 γὰρ

1975 4214 2072 4267 καί
2099 4213 2172 4266 δι’
2196 4210 2384 4265 αὐτοῦ
2404 4208 2512 4261 καὶ
2543 4211 2631 4273 εἰς
2662 4206 2849 4261 αὐτὸν
2865 4204 2937 4259 τὰ
2962 4200 3253 4258 minam
3276 4204 3567 4274 μακαρίων

1975 4306 2165 4376 κήπων
2199 4302 2440 4365 ἐκείνων,
2468 4292 2542 4353 ὧν
2571 4299 2640 4352 τὰ
2661 4296 2805 4366 φυτά
2833 4296 3094 4361 τοιούτοις
3122 4296 3306 4368 βρύειν
3327 4301 3568 4368 καρποῖς

294 4364 398 4421 est,
435 4366 496 4412 ut
533 4357 587 4411 iu
616 4375 777 4417 omne
807 4378 980 4433 genus
1011 4367 1353 4435 nutrimenti,
1399 4387 1503 4442 pro
1537 4374 1750 4433 fruendi
1781 4381 1865 4436 de-

2056 4357 2528 4466 itaprdpqrat,'tbg
2557 4389 2694 4462 πρὸς
2716 4388 2861 4443 ἅπαν
2894 4384 3033 4451 εἶδος
3049 4390 3254 4460 τροφῆς
3282 4388 3428 4442 κατὰ
3467 4391 3567 4460 τὴν

297 4448 500 4504 siderio
539 4464 907 4523 congruenter
938 4459 1442 4520 transformentur!
1481 4465 1543 4521 Ei
1599 4470 1743 4525 enim
1783 4474 1872 4528 cui

296 4540 477 4596 bonus
497 4540 633 4595 odor
650 4553 778 4597 sunt
802 4546 1032 4612 deliciae,
1046 4549 1120 4627 Itit
1142 4553 1384 4622 myrrha,
1411 4570 1508 4625 per
1530 4565 1871 4617 terrenorum
1896 4594 1901 4599 -

298 4645 440 4686 mem
451 4633 669 4686 brorum
690 4637 1160 4695 mortiﬁcationem
1185 4656 1377 4712 puram
1398 4654 1452 4700 et
1483 4646 1621 4701 bene
1638 4649 1871 4706 olentem

297 4732 557 4796 tanquam
606 4736 944 4797 unguentum
991 4748 1305 4805 excoquens
1377 4738 1566 4803 vitam,
1632 4750 1878 4797 contem-

296 4825 543 4886 peratam
578 4834 645 4871 ex
675 4820 843 4875 variis
883 4830 938 4876 et
985 4823 1220 4881 diversis
1267 4822 1487 4886 virtutis
1516 4835 1872 4890 aromalibus.

297 4905 358 4961 Ei
398 4918 578 4964 autem
610 4909 703 4981 qui
740 4910 935 4983 quierit
992 4917 1389 4981 nutrimentum
1443 4922 1762 4990 perfectius,
1819 4928 1877 4981 iit

296 5001 499 5068 panis,.
530 5002 625 5072 qui
674 5018 783 5057 non
841 5005 1078 5075 amplius
1113 5009 1421 5064 comeditur
1470 5028 1594 5067 cum
1647 5015 1878 5071 lactucis

297 5095 624 5162 agrestibus,
681 5104 740 5149 ut
776 5098 860 5152 lex
890 5098 1049 5167 jubet
1074 5099 1146 5154 ιιι
1203 5100 1258 5154 in
1290 5107 1546 5172 praesenti
1595 5107 1739 5161 enim
1795 5116 1878 5163 est

299 5187 607 5242 amaritudo
638 5188 1009 5247 lactucazzscd
1038 5195 1325 5263 opsonium
1359 5196 1462 5252 sibi
1503 5198 1605 5269 ipsi
1641 5201 1747 5255 mel
1769 5199 1881 5254 elli-

298 5275 497 5342 cictur,
534 5280 755 5349 quando
787 5297 886 5337 suo
912 5290 1156 5353 tempore
1187 5285 1398 5344 fructus
1430 5288 1651 5344 virtutis
1681 5306 1877 5348 sensus

298 5370 495 5425 anima:
524 5370 726 5427 afﬁciet
773 5374 1079 5442 dulcedine,
1133 5377 1292 5446 cujus
1339 5378 1418 5434 rei
1456 5387 1664 5434 certum
1717 5396 1878 5451 argu-

303 5471 546 5517 mentum
586 5470 670 5518 est
696 5466 856 5532 panis
887 5468 979 5535 qui
1022 5477 1146 5536 post
1175 5471 1634 5527 resurrectionem
1663 5470 1876 5526 Domini

389 5636 434 5669 ¹³
473 5636 598 5690 lsai.
652 5652 805 5703 mn,
841 5640 915 5705 9._

1972 4485 2129 4540 ἐπιθυ
2138 4486 2265 4555 μίαν
2276 4484 2373 4553 τῆς
2388 4480 2735 4543 ἀπολαύσεως
2749 4480 3022 4550 ἁρμοδίως
3037 4479 3568 4551 μεταποιεῖσθαιπῷ

1977 4571 2074 4641 μὲν
2091 4570 2197 4642 γὰρ
2217 4568 2304 4622 διά
2324 4569 2422 4639 τῆς
2438 4568 2666 4632 εὐωδίας
2679 4567 2954 4637 τρυφῶντι
2977 4566 3192 4638 σμύρνα
3210 4567 3446 4636 γίνεται,
3479 4569 3567 4623 διὰ

1974 4661 2075 4731 τῆς
2104 4659 2210 4714 τῶν
2242 4659 2501 4728 ἐπιγείων
2528 4658 2708 4730 μελῶν
2725 4658 3070 4730 νεκρὸτητος,
3096 4658 3187 4711 τὸν
3204 4659 3444 4730 καθαρὸν
3472 4660 3569 4713 καὶ

1975 4752 2149 4821 εὐώδη
2182 4769 2252 4821 μυ
2262 4749 2438 4822 ρεψῶν
2462 4750 2597 4822 βίον,
2620 4752 2711 4806 τὸν
2741 4751 2804 4803 ὲκ
2818 4750 3079 4805 ποικίλων
3104 4767 3162 4804 τε
3185 4751 3278 4804 καὶ
3292 4751 3569 4822 διαφόρων

1976 4841 2083 4895 τῶν
2099 4841 2198 4910 τῆς
2215 4841 2736 4910 ἀρετῆςάρωμάτων
2751 4840 3276 4913 συγκεραννύμενον.
3292 4841 3384 4912 Τῷ
3395 4842 3453 4896 δὲ
3468 4843 3568 4914 τὴν

1978 4933 2314 5002 τελειοτέραν
2340 4931 2690 5003 ἐπιζητοῦντι
2725 4931 2954 5004 τροφὴν,
2983 4933 3147 5003 ἄρτος
3174 4933 3408 5003 γίνεται,
3442 4935 3571 4988 οὐκ-

1981 5024 2061 5078 έτι
2082 5023 2173 5077 ἐπὶ
2200 5022 2461 5093 πικρίδων
2478 5023 2811 5095 ἐσθιόμενος,
2830 5023 2907 5087 ὡς
2928 5023 2956 5075 ὁ
2981 5024 3145 5097 νόμος
3170 5024 3562 5078 διακελεύεται·

1981 5113 2118 5184 πρὸς
2142 5111 2250 5182 γὰρ
2283 5112 2344 5165 τὸ
2371 5113 2542 5184 παρόν
2569 5115 2716 5166 ἐστιν
2748 5115 2780 5185 ἡ
2824 5114 3014 5185 πικρίς
3036 5131 3050 5144 '
3094 5114 3208 5168 ἀλλ’
3231 5115 3363 5185 ὄψον
3391 5115 3569 5185 ἑαυτῷ

1982 5206 2042 5260 τὸ
2074 5204 2194 5275 μέλι
2222 5204 2564 5275 ποιούμενος,
2597 5207 2724 5260 ὅταν
2760 5210 2816 5259 ὲν
2842 5201 2921 5277 τῷ
2955 5207 3069 5275 ἰδίῳ
3092 5204 3270 5277 καιρῷ
3299 5207 3328 5258 ὁ
3356 5204 3570 5274 καρπὸς

1982 5294 2082 5364 τῆς
2113 5294 2314 5366 ἀρετῆς
2356 5295 2765 5368 καταγλυκαίνῃ
2794 5297 2862 5349 τὰ
2880 5297 2978 5366 τῆς
3018 5296 3193 5366 ψυχῆς
3214 5295 3567 5365 αἰσθητήρια,

1983 5380 2044 5439 οὗ
2083 5384 2352 5450 ἀπόδειξις
2379 5385 2406 5437 ὁ
2443 5385 2578 5454 μετά
2617 5384 2714 5456 τὴν
2742 5387 3035 5440 ἀνάστασιν
3059 5384 3151 5437 τοῦ
3182 5384 3391 5455 Κυρίου
3433 5400 3567 5452 προ-

1988 5474 2177 5543 φανεὶς
2202 5476 2315 5537 τοῖς
2349 5473 2614 5544 μαθηταῖς
2656 5476 2817 5544 ἄρτος
2862 5476 2999 5536 ἐστὶ,
3028 5472 3106 5543 τῷ
3134 5471 3315 5543 κηρίῳ
3342 5468 3440 5525 τοῦ
3474 5469 3567 5537 μέ-

984 5642 1025 5672 ¹³
1091 5641 1246 5697 llom.
1301 5645 1494 5710 x1,56.
1577 5646 1619 5677 ”
1650 5645 1950 5713 Exod.xu,
1981 5648 2041 5701 8.
