3742 5986
192 228 300 288 989

1239 228 1307 284 IN
1330 228 1629 285 CANTICA
1653 223 1925 287 CANTIC.
1968 222 2255 281 HOMILIA
2293 223 2365 277 Χ.

3348 215 3451 274 930

194 346 704 418 λιτος’ήδυνό’μενος.
728 347 818 420 Τῷ
838 347 1061 419 διψῶντι
1081 348 1137 403 δέ
1171 348 1382 422 κρατὴρ
1400 349 1606 418 γίνεται
1633 348 1772 419 πλή-

1912 343 2128 416 pparuit
2162 340 2449 411 discipulis
2478 339 2534 395 in
2581 336 2705 394 favo
2737 337 2917 393 mellis
2952 335 3228 392 conditus.
3269 334 3326 389 Ei
3357 350 3454 390 au-

193 460 292 515 ρης
324 442 470 496 οτνου
508 441 600 494 καὶ
620 441 911 510 γάλακτος,
937 442 997 494 οὐ
1030 440 1268 511 σπογγιά
1293 442 1424 513 χολῇ
1454 458 1513 496 τε
1541 441 1636 496 καὶ
1662 440 1771 506 ὄξει

184 530 496 602 διάϐροχος,
514 530 635 583 οἵαν
669 531 719 583 οἱ
748 530 996 584 Ἰουδαῖοι
1028 530 1107 602 τῷ
1133 530 1398 603 εὐεργέτῃ
1427 532 1526 602 τὴν
1552 531 1774 601 φιλοτη-

192 624 311 676 σίαν
369 622 770 692 ἐνδεικνύμενοι
813 622 902 676 διὰ
957 621 1052 676 τοῦ
1106 622 1354 694 καλάμου
1409 621 1771 694 προτείνουσι.

190 714 419 777 Πάντως
456 714 514 767 δὲ
542 714 645 769 οὐκ
697 713 999 784 ἀγνοοῦμεν
1033 714 1102 768 τὰ
1142 714 1254 770 τῶν
1298 714 1603 788 εἰρημένων
1633 712 1773 768 αίνί-

190 820 405 872 γματαο
440 804 559 869 πῶς
617 804 833 877 δένδρον
868 801 936 877 ἦν
991 806 1380 879 σμυρνηφόρον
1417 809 1446 862 6
1484 805 1716 870 Παῦλος,
1745 806 1774 860 6

192 893 308 946 καθ’
342 896 561 966 ἡμέραν
618 895 993 966 ἀποθνήσκων,
1039 896 1134 950 καὶ
1162 896 1325 962 αὐτὸς
1373 896 1553 969 ἐαυτῷ
1601 895 1775 959 διδοὺς

193 984 251 1038 τὸ
307 985 405 1038 τοῦ
456 986 690 1039 θανάτου
727 986 1029 1058 ἀπόκριμα,
1066 989 1160 1041 καὶ
1196 986 1291 1041 διά
1317 978 1687 1059 καθαρότητός
1714 1002 1774 1039 τε

193 1076 287 1133 καὶ
315 1075 588 1141 ἀπαθείας
614 1076 997 1149 ἀρωματίζων,
1040 1078 1184 1150 ὀσμὴ
1213 1078 1356 1150 ζωῆς
1387 1080 1500 1142 τοῖς
1526 1076 1775 1148 σωζομέ-

195 1179 304 1227 νοις
332 1165 618 1236 γινόμενος
642 1180 658 1195 ’
681 1163 801 1229 πῶς
832 1165 886 1219 δὲ
912 1170 1176 1220 σιτοποιεῖ
1199 1167 1267 1221 τὰ
1300 1166 1522 1239 ἔμψυχα
1545 1167 1638 1220 τοῦ
1674 1166 1775 1237 κή-

196 1271 296 1307 που
318 1254 467 1323 φυτά
489 1255 568 1326 τῷ
592 1255 825 1328 δεσπότῃ
868 1256 964 1311 τοῦ
1005 1259 1205 1329 κήπου,
1228 1259 1304 1325 ᾡς
1332 1261 1601 1333 μαρτυρεῖ
1628 1261 1656 1312 ὁ
1683 1258 1774 1312 ἐπὶ

195 1344 285 1399 τοῦ
299 1344 495 1417 θρόνου
522 1346 833 1418 καθήμενος
857 1364 871 1379 ·
908 1349 989 1402 ὅτι
1023 1349 1371 1414 Ἐπείνασα,
1401 1350 1498 1404 καὶ
1518 1347 1774 1403 ἐδώκατέ

193 1454 289 1505 μοι
326 1437 561 1507 φαγεῖν.
595 1438 792 1509 Ἀρτος
817 1438 925 1510 γὰρ
952 1440 1289 1512 εὐφροσύνης
1318 1433 1771 1505 ἐστὶνὴεὓποιϊα,

193 1526 270 1597 τῷ
296 1526 480 1598 μέλιτι
506 1530 606 1600 τῆς
629 1530 845 1600 ἐντολῆς
874 1530 1299 1603 γλυκαινόμενος
1318 1549 1331 1563 ·
1367 1531 1482 1597 πῶς
1515 1532 1570 1585 δέ
1613 1530 1774 1585 πάλιν

1875 444 1981 491 tem
2020 434 2111 504 qui
2153 434 2269 490 sitit
2307 431 2365 487 ﬁt
2399 437 2579 487 crater
2616 429 2732 483 vini
2761 435 2814 483 et
2848 428 3029 492 lactis,
3081 442 3192 482 non
3224 428 3452 498 spongia

1875 527 1998 582 ielle
2026 535 2081 581 et
2109 534 2261 581 aceto
2291 524 2498 579 imbuta
2525 522 2592 586 η,
2625 535 2787 592 quam
2818 517 3031 575 Hebraei
3077 533 3231 574 suam
3268 525 3446 574 osten-

1875 617 2067 673 dentes
2095 612 2522 670 muniﬁcentiam
2569 626 2666 682 per
2695 608 3018 664 arundinem
3054 607 3339 678 porrigunt
3361 606 3430 662 be

1877 707 2163 765 nefactori.
2197 704 2433 761 Omnino
2470 711 2649 758 autem
2684 716 2792 755 non
2829 701 3145 771 ignoramus
3169 701 3453 769 aenigmata

1875 796 2062 855 eorum
2097 811 2220 869 quae
2247 795 2393 851 dicta
2432 803 2599 849 sunt:
2637 806 2833 861 nempe
2871 789 3328 861 quemadmodum
3362 802 3454 842 ar-

1874 891 1976 947 bor
2006 888 2284 959 myrrham
2321 885 2505 942 ferens
2534 891 2652 940 erat
2681 882 2905 947 Paulus,
2934 882 3025 952 qui
3068 881 3312 952 quotidie
3336 894 3456 933 mo-

1876 981 2119 1037 riebatur
2143 980 2209 1046 “,
2257 986 2312 1035 et
2362 977 2625 1050 ipse.sibi
2663 976 2830 1031 dabat
2867 987 3194 1044 responsum
3236 971 3455 1036 mortis,

1875 1082 1930 1130 et
1955 1088 2051 1145 per
2079 1072 2368 1144 puritatem
2395 1077 2450 1126 et
2481 1069 2724 1124 divinam
2748 1067 2873 1122 vitae
2895 1066 3295 1121 institutionem
3332 1078 3457 1118 aro-

1877 1167 2168 1232 matizans,
2231 1163 2396 1218 ﬁebat
2440 1158 2845 1233 quodammodo
2899 1156 3034 1212 odor
3070 1156 3195 1209 vitae
3246 1154 3314 1208 iis
3361 1153 3456 1224 qui

1877 1260 2010 1317 salvi
2048 1259 2187 1313 ﬁunt
2211 1258 2282 1309 ":
2314 1253 2776 1326 quemadmodum
2809 1251 3063 1305 animatae
3090 1248 3236 1303 horti
3262 1247 3459 1317 plantae

1875 1351 2096 1406 domino
2129 1350 2274 1404 horti
2296 1362 2508 1418 'panem
2546 1344 2772 1409 faciunt,
2816 1350 2876 1396 ut
2911 1347 3145 1397 testatur
3170 1338 3263 1408 qui
3309 1338 3461 1393 sedet

1875 1442 1931 1496 in
1977 1443 2197 1503 throno,
2227 1440 2415 1494 dicens
2454 1456 2467 1493 :
2523 1435 2755 1497 Esurivi,
2787 1442 2835 1489 et
2862 1432 3084 1486 dedistis
3114 1428 3243 1483 mihi
3270 1427 3338 1482 ad
3370 1442 3462 1481 co-

1876 1531 2187 1588 medendum
2210 1531 2273 1585 ιδ.
2319 1529 2483 1585 Panis
2532 1527 2679 1585 enim
2721 1524 2915 1580 laetitia:
2962 1530 3046 1577 est
3078 1518 3457 1582 beneﬁcentia,

193 1619 423 1688 οἰνοχοεῖ
454 1619 532 1690 τῷ
557 1620 775 1693 νυμφίῳ
793 1622 860 1677 τά
904 1623 1098 1695 εύερνῆ
1123 1623 1216 1677 τοῦ
1244 1625 1420 1695 κήπου
1444 1625 1605 1694 φυτὰ,
1636 1622 1772 1694 πρὸς

1912 1624 2133 1681 onditus
2184 1623 2343 1679 melle
2398 1619 2693 1692 praecepti;
2757 1612 3218 1688 quemadmodum
3275 1617 3460 1666 autem

194 1710 284 1775 οὓς
305 1687 471 1766 τοῦτό
497 1687 694 1783 φησινλ
738 1687 819 1770 δτι
854 1687 1169 1785 Ἐδίαιίησα,
1205 1687 1312 1770 καὶ,
1326 1687 1645 1770 ἐποτίσατέ
1668 1687 1766 1786 με,

1913 1730 2075 1770 ursus
2115 1727 2320 1784 sponso
2353 1687 2540 1782 potum
2575 1687 2817 1780 praebent
2848 1704 3104 1761 ﬂorentes
3126 1701 3269 1756 horti
3304 1700 3461 1771 plan-

194 1802 425 1871 γάλακτι
472 1803 567 1857 τὸν
616 1799 759 1859 οἶνον
816 1807 1189 1878 κεράσαντες,
1240 1807 1338 1877 οὐχ
1395 1806 1571 1872 ὕδατι,
1631 1808 1787 1864 κατὰ

192 1892 289 1964 τὴν
318 1893 433 1947 τῶν
482 1894 743 1965 καπήλων
790 1897 1099 1967 συνήθειαν.
1156 1896 1229 1950 Τὸ
1261 1896 1318 1949 δὲ
1346 1896 1486 1962 γάλα
1522 1897 1555 1966 ἡ
1582 1895 1773 1968 πρώτη

195 1986 292 2055 τῆς
312 1983 660 2056 ἀνθρωπίνης
690 1983 907 2056 φύσεώς
932 1987 1048 2040 ἐστι
1079 1985 1274 2059 τροφὴ,
1296 1988 1330 2056 ἠ
1358 1985 1575 2058 καθαρά
1600 2003 1660 2038 τε
1683 1985 1775 2038 καὶ

197 2074 362 2144 ἁπλῆ,
391 2076 426 2147 ἡ
445 2074 615 2138 ὅντως
640 2073 914 2147 νηπιώδης
930 2077 1025 2131 καὶ
1050 2076 1253 2140 ἄδολος,
1281 2076 1374 2130 καὶ
1397 2076 1577 2148 πάσης
1611 2093 1775 2147 πονηο

199 2165 296 2234 ρᾶς
327 2164 509 2218 αἰτίας·
537 2163 944 2237 κεκαθαρμένη.

265 2339 456 2394 Ταῦτα
470 2337 639 2393 εἰπὼν
669 2339 804 2409 πρὸς
826 2340 924 2411 τὴν
945 2340 1162 2412 νύμφην
1188 2343 1216 2395 6
1241 2341 1418 2411 λόγος,
1442 2341 1776 2412 περιτίθεται

196 2433 307 2496 τοῖς
334 2430 565 2502 πλησίον
597 2431 670 2488 τὰ,
703 2431 797 2484 τοῦ
847 2433 1180 2502 Εὑαγγελίου
1226 2435 1522 2505 μυστήρια,
1560 2434 1734 2503 λέγων
1757 2452 1771 2467 ’

197 2521 439 2593 mirata,
457 2525 511 2578 οἱ
529 2522 798 2590 πλησίον
812 2541 952 2594 μου,
971 2524 1275 2590 miniata,
1296 2524 1396 2578 καὶ
1414 2525 1771 2593 μεθύσθητε,

196 2614 449 2684 ἀδελφοί
470 2632 611 2684 μου.
642 2614 734 2685 Τῷ
759 2614 868 2685 γὰρ
898 2616 1244 2687 ἐπισταμένῳ
1260 2616 1359 2678 τὰς
1388 2616 1656 2686 μυστικὰς
1682 2615 1775 2668 τοῦ

197 2703 528 2774 Εὑαγγελίου
573 2705 778 2775 φωνὰς,
809 2706 1037 2777 οὐδεμία
1064 2707 1364 2777 φανήσεται
1399 2706 1630 2777 διαφορὰ
1668 2706 1776 2760 τῶν

198 2795 432 2858 ἐνταῦθα
464 2796 662 2867 ῥητῶν,
687 2797 821 2869 πρὸς
850 2796 949 2869 τὴν
972 2799 1088 2851 ἐκεῖ
1115 2799 1227 2860 τοῖς
1251 2796 1523 2868 μαθηταῖς
1552 2795 1775 2867 γινομέ-

198 2903 295 2957 νην
347 2888 755 2957 μυσταγωγίαν.
801 2887 1077 2952 Ὡσαύτως
1119 2887 1229 2959 γὰρ
1260 2887 1492 2942 ἐνταῦθα
1523 2889 1617 2942 καὶ
1660 2890 1778 2941 ἐκεῖ

1876 1812 1966 1870 ιοι,
2004 1803 2204 1875 quibus
2247 1803 2352 1857 hoc
2383 1802 2546 1866 dicit,
2588 1798 2765 1863 Sitivi,
2791 1806 2841 1851 et
2859 1806 3039 1866 potum
3059 1793 3187 1848 mihi
3207 1788 3444 1852 dedistis.

1875 1896 2062 1951 viuum
2118 1895 2260 1948 lacte
2304 1897 2692 1962 temperatum,
2743 1899 3066 1956 non-aqua,
3109 1891 3170 1937 ut
3214 1896 3333 1935 mos
3372 1887 3457 1934 est

1876 2001 2206 2057 cauponum.
2261 1982 2372 2039 Lac
2420 1990 2599 2037 autem
2652 1986 2739 2036 est
2774 1978 3012 2048 primum
3060 1974 3455 2029 nutrimentum

1877 2077 2129 2132 humanae
2156 2084 2385 2136 naturae,
2425 2088 2621 2144 purum
2648 2078 2704 2126 et
2748 2069 3004 2139 simplex,
3034 2073 3091 2123 et
3117 2079 3243 2121 vere
3276 2062 3459 2118 infan-

1876 2167 1973 2222 tile
2026 2174 2081 2222 et
2118 2166 2238 2222 sine
2277 2165 2426 2231 dolo,
2484 2174 2539 2219 et
2589 2168 2947 2233 expurgatum
3000 2160 3069 2214 ab
3116 2156 3266 2214 omni
3316 2156 3463 2211 mala

1877 2273 2067 2314 causa.
3288 2318 3293 2323 Ι

1948 2347 2074 2403 Haec
2126 2362 2251 2402 cum
2302 2345 2480 2401 oratio
2512 2344 2745 2401 dixisset
2779 2358 3018 2414 sponsae,
3074 2339 3298 2411 apponit
3332 2354 3462 2410 pro-

1877 2440 2101 2512 pinquis
2129 2437 2388 2511 mysteria
2415 2435 2718 2506 Evangelii,
2750 2436 2942 2490 dicens
2968 2451 2980 2488 :
3020 2431 3308 2497 Cemedite,
3343 2446 3463 2499 pro-

1877 2534 2058 2604 pinqui
2089 2531 2210 2596 mei,
2248 2541 2298 2585 et
2344 2528 2698 2595 inebriamiui,
2743 2526 2945 2595 fratres
2985 2525 3108 2579 mei.
3167 2523 3328 2593 Apud
3361 2538 3458 2578 eos

1877 2629 2022 2683 enim
2052 2623 2145 2695 qui
2174 2623 2355 2678 sciunt
2384 2620 2645 2692 mysticas
2672 2633 2836 2675 voces
2858 2617 3158 2686 Evangelii,
3196 2614 3347 2669 nulla
3374 2620 3464 2669 est

1878 2715 2179 2772 differentia
2231 2726 2419 2769 eorum
2471 2726 2593 2782 quae
2640 2709 2729 2764 hic
2780 2717 2911 2765 sunt
2944 2709 3236 2763 verborum
3273 2706 3342 2760 ab
3397 2719 3462 2760 ea

1880 2822 2001 2880 quae
2029 2807 2140 2861 illic
2179 2803 2468 2861 exhibetur
2508 2801 2797 2872 discipulis
2848 2799 3209 2870 mystagogia,
3267 2813 3464 2867 nempe

1880 2898 2267 2970 mysteriorum
2302 2908 2400 2949 seu
2423 2897 2896 2949 sacramentorqu
2929 2889 3295 2945 institutione.
3324 2886 3460 2941 Nam

198 2979 363 3077 φησιν
388 2981 418 3033 6
450 2979 605 3048 λόγος
652 2979 964 3051 τὸ,Φάγετε
991 2980 1089 3034 καὶ
1121 2981 1305 3037 alere.
1350 2981 1415 3034 Ἡ
1443 2981 1498 3034 δὲ
1520 2981 1655 3053 πρὸς
1678 2980 1776 3051 τὴν

1914 2993 2134 3048 imiliter
2176 2999 2229 3046 et
2255 2990 2387 3054 illic,
2434 2994 2488 3044 et
2523 2987 2614 3042 hic
2652 2985 2787 3041 dicit
2827 2985 3155 3055 Scriptura:
3194 2980 3466 3038 Comedito

202 3066 378 3140 μέθην
432 3068 714 3141 προτροπὴ
762 3070 828 3141 ῆν
861 3069 1097 3125 ἐνταῦθα
1140 3073 1254 3134 τοῖς
1294 3070 1542 3140 ἀδελφοῖς
1566 3073 1594 3124 6
1621 3070 1778 3138 λόγος

199 3157 727 3233 πεποίηται,δόξειεν
765 3159 830 3214 ἂν
850 3163 963 3225 τοῖς
1003 3161 1218 3224 πολλοῖς
1250 3160 1429 3214 πλεῖόν
1455 3178 1506 3214 τι
1538 3162 1686 3232 παρὰ
1717 3160 1779 3213 τὸ

199 3248 529 3318 Εὐαγγέλιον
564 3251 726 3322 ἔχειν.
767 3253 831 3305 Et
853 3251 909 3306 δέ
946 3270 1030 3316 τις
1055 3251 1298 3322 ἀκριϐῶς
1332 3251 1654 3317 ἐξετάσειεν,
1687 3252 1780 3305 καὶ

200 3339 359 3396 τοῦτο
375 3341 665 3413 σύμφωνον
682 3345 792 3408 τοῖς
808 3343 1180 3413 εὐαγγελικοῖς
1207 3345 1265 3397 εὑ
1275 3343 1583 3416 ρεθήσεται.
1602 3344 1741 3396 ’Ὀπε
1748 3360 1779 3413 ρ

198 3432 308 3506 γὰρ
346 3434 580 3489 ἐνταῦθα
617 3437 695 3507 τῷ
748 3436 892 3507 λόγῳ
950 3440 1062 3501 τοῖς
1102 3437 1276 3505 φίλοις
1318 3435 1777 3508 παρεκελεύσατο,

198 3525 357 3580 τοῦτο
386 3527 505 3580 ἐκεῖ
530 3527 619 3582 διὰ
645 3528 752 3583 τῶν
782 3527 958 3600 ἐργωμ
983 3528 1257 3599 ἐποίησεν,
1307 3524 1438 3582 διότι
1467 3530 1615 3583 πᾶσα
1642 3528 1780 3599 μέθη

199 3618 454 3682 ἐκστασιν
475 3618 633 3672 εῐωθε
650 3622 824 3675 ποιεῖν
845 3619 944 3690 τῆς
961 3618 1329 3689 διανοίας,ςτῆς
1365 3619 1780 3691 κεκρατημένης

199 3709 304 3762 ὑπὸ
345 3707 443 3762 τοῦ
490 3708 657 3764 οίνου.
693 3708 900 3763 Οὐκοῦν
947 3710 1083 3781 ὅπερ
1112 3707 1347 3762 ἐνταῦθα
1389 3709 1777 3780 προτρέπεται,

197 3798 355 3861 τοῦτο
369 3799 459 3854 διά
473 3800 572 3870 τῆς
600 3799 750 3864 θείας
767 3800 980 3871 ἐκείνης
996 3798 1253 3870 βρὼσεὼς
1270 3817 1331 3852 τε
1348 3799 1442 3852 καὶ
1456 3799 1662 3864 πόσεως
1687 3802 1782 3854 καὶ

196 3890 315 3944 τότε
334 3890 564 3959 ἐγίνετο,
583 3891 676 3945 καὶ
688 3892 918 3945 πάντοτε
934 3891 1162 3958 γίνεται,
1177 3890 1624 3964 συνεισιούσηςτῇ
1643 3891 1783 3964 βρώ-

199 3998 280 4035 σει
295 3998 356 4034 τε
376 3982 472 4035 καὶ
493 3983 563 4053 τῇ
582 3981 736 4035 πόσει
763 3983 862 4053 τῆς
880 3980 987 4036 ἀπὸ
1013 3979 1120 4033 τῶν
1146 3982 1405 4053 χειρόνων
1427 3981 1563 4053 πρὸς
1580 3983 1649 4036 τά
1662 3980 1783 4053 βελ-

195 4073 295 4126 τίω
315 4071 617 4143 μεταὸολῆς
638 4072 1233 4137 καὶέκστάσεως.υῦτω
1249 4071 1529 4143 μεθύουσι,
1545 4072 1728 4137 καθὼς
1747 4076 1793 4153 ἡ,

197 4162 509 4234 προφητεία
534 4165 720 4235 φησὶν,
747 4165 795 4217 oi
821 4164 917 4235 τὴν
951 4163 1183 4235 πιότητα
1215 4163 1308 4218 τοῦ
1341 4164 1490 4219 οἴκου
1517 4164 1612 4218 τοῦ
1644 4164 1780 4219 Θεοῦ

170 4246 466 4319 ’πίνοντες,
505 4254 601 4309 καὶ
631 4254 709 4326 τῷ
734 4253 1017 4327 χειμάρρῳ
1048 4254 1147 4325 τῆς
1173 4255 1382 4326 τρυφῆς
1415 4253 1778 4326 ποτιζόμενοι.

1881 3092 1930 3137 et
1965 3081 2143 3137 bibite.
2169 3079 2491 3134 Adhortatio
2521 3082 2704 3130 autem
2738 3074 2804 3130 ad
2829 3074 3147 3130 ebrietatem
3178 3087 3341 3143 quam
3373 3071 3465 3127 hic

1883 3173 2143 3228 fratribus
2181 3170 2308 3226 fecit
2336 3168 2643 3239 Scriptura,
2670 3166 2913 3237 potuerit
2936 3166 3106 3221 videri
3141 3165 3331 3220 multis
3361 3163 3463 3218 ha-

1882 3265 2011 3319 berc
2036 3260 2240 3333 aliquid
2269 3260 2503 3329 amplius
2533 3273 2696 3329 quam
2728 3256 3105 3328 Evangelium.
3141 3254 3246 3311 Sed
3280 3255 3326 3310 si
3358 3254 3463 3308 hoc

1884 3355 2171 3425 diligenter
2199 3361 2253 3405 et
2279 3358 2537 3406 accurate
2568 3349 2740 3404 fuerit
2772 3348 3169 3413 examinatum,
3215 3344 3465 3402 invenie-

1884 3458 1973 3501 tur
2018 3457 2330 3500 consonare
2371 3441 2557 3496 verbis
2598 3438 2953 3508 evangelicis.
2986 3437 3142 3503 Quod
3193 3437 3339 3493 enim
3375 3436 3463 3491 hic

1884 3536 2048 3591 verbo
2071 3532 2240 3603 jussit
2270 3530 2484 3594 amicis,
2526 3528 2632 3583 hoc
2659 3526 2771 3582 illic
2807 3527 2989 3596 rcipsa
3030 3526 3179 3589 fecit,
3212 3526 3464 3596 quando-

1884 3624 2103 3694 quidem
2144 3619 2324 3676 omnis
2349 3618 2588 3673 ebrietas
2636 3617 2774 3672 solet
2802 3615 3034 3678 efficere,
3070 3623 3131 3668 ut
3166 3629 3322 3669 mens
3363 3630 3462 3670 cx-

1884 3702 2101 3766 cessUm
2154 3707 2395 3778 patiatur
2429 3721 2460 3759 a
2487 3706 2617 3760 vino
2660 3713 2941 3775 superata.
2994 3702 3152 3770 Quod
3203 3718 3338 3774 ergo
3374 3704 3466 3761 hic

1885 3803 2229 3864 adhortatur,
2263 3798 2378 3877 hoc.
2415 3807 2551 3851 tunc
2576 3811 2797 3867 quoque
2836 3794 3041 3849 factum
3077 3804 3163 3851 est
3194 3809 3290 3865 per
3325 3794 3464 3849 divi-

1883 3907 2014 3948 num
2056 3889 2206 3944 illum
2242 3887 2426 3942 cibum
2476 3894 2530 3941 et
2558 3894 2767 3956 potum,
2821 3891 2874 3938 et
2906 3898 3123 3954 semper
3164 3882 3242 3947 ﬁt,
3298 3884 3463 3939 simul

1884 3980 2243 4040 conveniente
2268 3994 2393 4034 cum
2416 3979 2540 4034 cibo
2570 3984 2625 4032 et
2654 3987 2784 4047 potu
2811 3975 3116 4031 mutatione
3145 3982 3200 4031 et
3229 3990 3460 4031 excessu

1885 4091 1915 4130 a
1950 4071 2314 4130 deterioribus
2358 4069 2428 4126 ad
2463 4083 2526 4125 ea
2588 4083 2710 4139 quae
2759 4074 2889 4124 sunt
2929 4067 3175 4123 meliora.
3233 4066 3326 4122 Sic
3366 4067 3459 4122 iu-

1884 4165 2189 4230 ebriautur,
2214 4168 2274 4216 ut
2298 4160 2430 4215 dicit
2447 4158 2752 4231 prophetia,
2781 4159 2876 4231 qui
2905 4158 3103 4214 bibunt
3124 4173 3192 4213 ex
3216 4159 3465 4213 ubertate

1886 4261 2105 4323 domus,
2169 4265 2225 4311 et
2279 4261 2543 4323 potantur
2593 4260 2839 4308 torrente
2891 4250 3210 4306 deliciarum
3236 4250 3303 4306 ¹⁹.
3342 4249 3465 4316 Quo

198 4346 409 4417 Ὥσπερ
433 4345 708 4417 ἐμεθύσθη
737 4345 867 4399 ποτέ
895 4346 990 4400 καὶ
1017 4347 1046 4399 6
1081 4346 1256 4417 μέγας
1290 4346 1474 4412 Δαϐὶδ,
1498 4347 1587 4400 ὅτε
1612 4345 1776 4412 ἐκϐὰς

1912 4349 2186 4405 nebriatus
2233 4342 2527 4419 aliquando
2559 4341 2660 4396 fuit
2688 4340 2852 4396 etiam
2882 4354 3115 4410 magnus
3158 4339 3350 4404 David,
3402 4348 3462 4395 ut

195 4437 359 4502 αὐτὸς
410 4437 626 4502 ἐαυτοῦ,
680 4438 777 4491 καὶ
822 4437 880 4490 ἐν
935 4437 1191 4491 ἐκστάσει
1223 4437 1535 4508 γενόμενος,
1574 4432 1684 4491 εἶδε
1719 4437 1780 4491 τὸ

194 4531 425 4585 ἀθέατον
462 4529 681 4593 κάλλος,
704 4529 797 4583 καὶ
818 4528 916 4601 τὴν
942 4528 1184 4600 ἀοίδιμον
1213 4529 1431 4601 ἐκείνην
1453 4529 1635 4601 φωνὴν
1661 4528 1778 4595 ἐξε-

197 4621 428 4694 ϐόησεν·
480 4621 567 4674 ὅτι
618 4619 741 4687 Πᾶς
797 4620 1104 4689 ἅνθρωπος
1147 4622 1459 4690 ψεύστης·
1499 4620 1641 4691 λόγῳ
1670 4618 1778 4674 τῶν

196 4711 492 4783 ἁφράστων
509 4708 794 4780 θησαυρῶν
816 4710 1126 4781 ἐπιτρέπων
1140 4711 1234 4782 τὴν
1252 4710 1566 4783 ἑρμηνείαν.
1587 4710 1776 4776 Οῦτως

196 4802 472 4873 ἐμεθύσθη
522 4802 615 4855 καὶ
665 4802 693 4855 6
727 4801 990 4873 νεώτερος
1022 4801 1277 4874 Βενιαμὶν
1318 4803 1551 4868 Παῦλος,
1583 4804 1674 4857 ὅτε
1719 4805 1777 4856 ἐν

198 4893 451 4949 ἐκστάσει
474 4894 686 4963 ἐγένετο
716 4894 919 4960 λέγων·
945 4893 1083 4948 Εἴτε
1111 4894 1219 4964 γὰρ
1242 4893 1595 4965 ἐξέστημεν,
1631 4893 1773 4960 Θεῷο

198 4987 330 5058 πρὸς
358 4988 568 5041 ἐκεῖνον
590 4986 698 5057 γὰρ
732 4985 892 5041 αὑτὸν
918 4986 950 5056 ἡ
965 4985 1221 5050 ,ἔκστασις
1243 4981 1311 5057 ἦν
1330 5001 1344 5015 ·
1381 4987 1509 5039 εἴτε
1540 5002 1775 5056 σωφροο

197 5077 441 5148 νοῦμεν,
500 5073 696 5147 ὑμῖν-θ’
736 5076 837 5147 ὡς,
866 5077 1103 5131 ἐδείκνυε
1144 5079 1254 5140 τοῖς
1298 5076 1433 5148 πρὸς
1453 5076 1543 5129 τὸν
1568 5078 1775 5146 Φῆστον

196 5169 392 5238 λόγοις,
422 5169 617 5223 ἐαυτὸν
653 5168 728 5239 μὴ
778 5170 1120 5239 μαινόμενον,
1169 5167 1305 5222 ἀλλά
1338 5169 1692 5242 σωφροσύνης
1714 5187 1774 5224 τε

197 5263 286 5315 καὶ
312 5258 664 5330 δικαιοσύνης
717 5259 1196 5331 ἀποφθεγγόμενον
1227 5260 1468 5331 ῥήματα.
1505 5256 1636 5315 Οἶδα
1680 5262 1775 5316 καὶ

197 5350 285 5407 τὸν
319 5351 591 5423 μακάριον
620 5348 821 5421 Πέτρον
855 5350 911 5405 ἐν
944 5348 1019 5419 τῷ
1048 5347 1272 5423 τοιούτῳ
1311 5350 1409 5422 τῆς
1448 5349 1616 5421 μέθης
1646 5350 1774 5405 εῖδει

271 5555 314 5586 ⁸³
339 5552 474 5608 Luc.
509 5568 668 5617 xxttt,
703 5555 790 5609 56.
846 5553 890 5584 ¹⁶
920 5551 935 5604 1
964 5552 1090 5605 Cor.
1136 5550 1325 5612 xv,5l.

204 5637 326 5685 cxv.
367 5626 453 5679 ll.
570 5626 612 5656 “
647 5623 839 5679 “Cor.
877 5623 1032 5687 v,l'5.
1105 5624 1150 5651 "
1191 5622 1310 5674 Act.
1356 5634 1508 5675 xxvi.
1541 5618 1612 5671 24
1637 5636 1757 5689 sqq.

1880 4440 1974 4513 qui
2013 4453 2137 4494 cum
2166 4452 2198 4492 a
2231 4451 2291 4492 se
2325 4432 2677 4495 excessisset,
2706 4438 2763 4486 et
2792 4429 2989 4485 fuisset
3017 4431 3072 4486 in
3096 4431 3333 4498 exstasi,
3383 4432 3467 4487 vi-

1881 4530 1961 4586 dit
2015 4525 2476 4600 pulchritudincm
2511 4537 2631 4593 quae
2679 4535 2796 4599 non
2831 4520 2977 4576 cadit
3007 4521 3115 4577 sub
3157 4531 3466 4593 aspectum,

1881 4621 2262 4692 insignemque
2289 4624 2345 4672 et
2383 4615 2655 4671 celebrem
2696 4613 2846 4669 illam
2881 4614 3207 4670 exclamavit
3230 4630 3419 4671 vocem
3442 4635 3469 4675 ξ

1884 4711 2070 4769 Omnis
2103 4709 2257 4763 homo
2302 4704 2528 4761 urendae
2553 4703 2623 4770 ’°,
2669 4704 2907 4760 orationi
2954 4706 3336 4763 thesaurorum
3373 4706 3460 4763 in~

1882 4800 2175 4859 ellabilium
2228 4798 2550 4871 permittens
2608 4795 3132 4866 interpretationem.
3198 4796 3290 4851 Sic
3360 4799 3451 4851 in-

1882 4892 2126 4949 ebriatus
2148 4904 2367 4960 quoque
2394 4886 2494 4944 fuit
2513 4900 2689 4943 novus
2711 4892 2901 4941 noster
2923 4884 3203 4956 Benjamin
3236 4885 3461 4957 Paulus,

1881 4988 2137 5056 quoniam
2175 4980 2277 5035 fuit
2302 4980 2357 5033 in
2389 4978 2596 5035 cxstasi
2622 4993 2751 5033 cum
2780 4978 3016 5034 diceret:
3046 4978 3167 5034 Sive
3196 4981 3335 5033 enim
3364 4997 3462 5035 ea:-

1882 5078 2155 5140 cessimus,
2198 5073 2308 5128 Deo
2349 5072 2446 5138 (ad
2481 5072 2631 5126 illum
2669 5070 2815 5126 enim
2847 5078 2965 5127 erat
3009 5071 3330 5143 excessus),
3358 5073 3468 5126 sive

1882 5168 2047 5223 sobrii
2074 5181 2279 5231 sumus,
2308 5161 2451 5218 vobis
2470 5164 2551 5232 ²¹;
2580 5163 2725 5218 sicut
2762 5177 2885 5217 cum
2916 5162 2970 5215 in
3008 5162 3075 5219 iis
3095 5178 3216 5232 quae
3248 5163 3463 5218 diccbat

1881 5255 2066 5319 Festo,
2102 5267 2162 5308 se
2199 5267 2306 5307 non
2338 5252 2582 5307 insanire
2605 5251 2934 5321 enuntiaret,
2981 5252 3077 5308 sed
3117 5252 3263 5322 loqui
3296 5254 3463 5310 verba

1885 5346 2203 5406 sobrietatis
2222 5355 2279 5403 et
2298 5343 2526 5416 iustitiae
2545 5345 2613 5399 υ.
2645 5341 2785 5399 Novi
2805 5343 2969 5399 etiam
2992 5344 3209 5400 beatum
3234 5344 3461 5402 Petrum

1439 5546 1892 5620 ""_C0l‘.l,16.
1952 5551 1992 5582 ³⁸
2026 5547 2213 5605 Matth.
2252 5564 2380 5614 xxv,
2435 5545 2524 5603 35.
2595 5546 2637 5580 "
2659 5544 2806 5604 Psal.
2865 5562 3029 5620 xxxv,
3069 5547 3124 5606 9.
3219 5546 3268 5579 “
3308 5535 3450 5600 P531.
