3730 5980
276 226 380 293 ’991

1515 236 1572 293 s.
1612 235 1939 295 cnsconn
1979 202 2269 297 nvssm

3435 250 3542 308 992

278 354 334 408 in
368 352 474 408 hoc
504 368 700 425 genere
733 354 1036 422 ebrietatis,
1081 355 1244 412 simul
1276 363 1328 413 et
1428 359 1751 421 esurientem

2067 362 2279 417 σπεινόν
2300 379 2358 415 τε
2388 361 2516 416 ὄντα
2538 358 2672 433 ὁμοῦ
2702 360 2794 415 καὶ
2823 360 3109 432 μεθύοντα.
3146 361 3283 433 Πρὶν
3306 363 3417 438 γὰρ
3438 369 3538 440 τὴν

277 444 632 501 inebriatum.
693 445 1018 517 Priusquam
1072 448 1217 502 enim
1265 451 1548 520 corporale
1599 459 1744 507 esset
1802 453 1850 508 ei

273 537 498 592 allatura
550 538 964 604 nutrimentum,
1021 555 1146 594 cum
1181 541 1417 597 esurirct
1464 549 1519 597 et
1549 543 1710 598 vellet
1753 559 1854 613 gu-

274 636 445 689 Stare,
475 626 593 682 suis
639 627 744 698 ipsi
776 626 1094 695 parantibus
1134 642 1397 693 mensam,
1452 628 1512 682 tit
1557 629 1632 682 illi
1664 629 1850 682 divina

272 724 326 771 et
355 719 537 773 sobria
573 720 732 783 visio,
780 735 876 789 per
901 734 1062 789 quam
1094 719 1212 790 ipse
1245 734 1275 774 a
1314 719 1498 789 scipso
1525 718 1765 777 excedit,
1797 726 1852 772 et

270 808 644 876 evangelicum
673 810 1081 878 contemplatur
1112 809 1365 874 linteum,
1401 818 1635 880 quatuor
1680 809 1849 865 initiis

272 898 342 952 ab
393 900 501 952 alto
531 899 740 953 demitti
775 900 828 953 in
870 906 1094 964 terram,
1150 915 1311 954 omne
1352 916 1523 970 genus
1563 900 1847 955 hominum

272 992 327 1042 in
357 1004 416 1042 se
466 990 756 1045 continens
791 989 1149 1044 formatorum
1204 989 1485 1046 ln‘formis
1525 993 1843 1046 innumera-

270 1081 474 1135 bilibus
532 1078 833 1147 volucrum,
886 1081 1302 1153 quadrupedum
1331 1091 1386 1136 et
1424 1083 1696 1154 reptilium
1754 1082 1849 1138 be-

268 1174 520 1234 stiarum,
552 1187 651 1242 pro
680 1172 968 1243 multiplici
994 1175 1269 1229 variorum
1298 1175 1545 1229 cultuum
1578 1183 1633 1229 et
1656 1189 1849 1246 supero

267 1262 552 1319 stitionum
605 1263 942 1318 diversitate.
975 1264 1051 1318 Ex
1083 1266 1282 1335 quibus
1320 1264 1480 1321 Petro
1519 1265 1678 1336 jubet
1723 1280 1849 1320 ora-

259 1357 363 1418 .tio,
413 1360 473 1407 ut
502 1353 556 1414 id
591 1354 867 1409 sacriﬁcet
896 1356 1041 1425 quod
1083 1367 1167 1411 est
1218 1357 1517 1412 belluinum
1562 1364 1616 1413 et
1648 1371 1846 1426 expers

264 1442 518 1508 rationis,
571 1450 629 1497 ut
671 1444 740 1500 iis
772 1446 1036 1517 purgatis,
1086 1446 1234 1517 quod
1285 1456 1458 1503 restat
1492 1448 1565 1504 sit
1596 1448 1845 1503 esculen-

1956 452 2273 525 σωματικήν
2325 452 2530 524 τροφὴν
2609 451 3115 523 προσενέγκασθαι,
3185 454 3273 507 ὅτε
3319 456 3540 525 ἐγένετο

1951 543 2278 615 πρόσπεινος
2318 544 2412 597 καί
2454 542 2613 613 ῆθελε
2642 540 2964 611 γεύσασθαι,
3009 537 3537 613 παρασκευαζόντων

1951 634 2100 706 αὐτῷ
2119 634 2227 687 τῶν
2251 634 2394 687 ἰδίων
2411 634 2508 705 τὴν
2529 633 2831 705 τράπεζαν,
2856 634 3064 703 γίνεται
3094 635 3244 706 αὐτῷ
3266 638 3299 707 ή
3325 636 3447 691 θεία
3477 656 3536 691 τε

1951 725 2045 778 καὶ
2089 724 2351 796 νηφάλιος
2386 723 2547 795 μέθη,
2598 723 2665 777 δι’
2701 718 2770 795 ἧς
2814 723 3092 789 ἐξίσταται
3124 727 3290 790 αὐτὸς
3314 726 3533 792 ἑαυτοῦ,

1949 817 2044 870 καὶ
2072 816 2270 888 θεωρεῖ
2291 817 2387 888 τὴν
2408 816 2768 888 εὐαγγελικὴν
2783 816 2993 887 ὀθόνην,
3016 817 3308 888 τέσσαρσιν
3338 821 3535 891 ἀρχαῖς

1948 905 2155 960 ἀνωθεν
2208 906 2560 978 καθιεμένην,
2601 906 2710 960 πᾶν
2744 907 2899 976 γένος
2949 906 3250 978 ἀνθρώπων
3283 909 3343 961 ἐν
3393 910 3532 980 αὐτῇ

1950 996 2310 1068 περιέχουσαν
2355 998 2413 1049 ἐν
2469 996 2686 1067 μυρίοις
2720 997 2906 1063 εἴδεσι,
2940 998 3202 1052 πετεινῶν
3232 1016 3291 1051 τε
3322 1000 3419 1053 καὶ
3445 1016 3535 1052 τε·

1947 1088 2231 1161 τραπόδων
2261 1088 2355 1142 καὶ
2411 1088 2655 1160 ἑρπετῶν
2704 1089 2799 1144 καὶ
2858 1088 3084 1160 θηρίων,
3116 1091 3257 1144 κατὰ
3290 1090 3389 1156 τὰς
3425 1091 3537 1144 τῶν

1950 1179 2309 1250 σεϐασμάτων
2340 1179 2601 1250 διαφορὰς
2625 1180 3095 1252 μεμορφωμένων.
3114 1175 3216 1233 ’Ὧν
3239 1180 3300 1234 τὸ
3329 1180 3531 1251 θηριῶ-

1946 1270 2037 1335 δές
2064 1288 2122 1323 τε
2149 1270 2244 1324 καί
2273 1271 2464 1339 ἄλογον
2499 1268 2638 1334 εἶδος
2662 1271 2821 1325 θῦσαι
2850 1271 2927 1342 τῷ
2965 1272 3157 1344 Πέτρῳ
3182 1275 3210 1326 6
3240 1273 3399 1341 λόγος
3415 1274 3530 1327 δια-

1946 1361 2242 1427 κελεύεται,
2296 1363 2383 1416 ἵνα
2434 1361 2815 1434 καθαρθέντων
2862 1362 3061 1429 αὐτῶν,
3108 1363 3167 1417 τὸ
3209 1364 3532 1434 λειπόμενον

1945 1452 2203 1525 ἐδώδιμον
2250 1453 2491 1525 γένηται,
2527 1454 2614 1507 ὅτε
2664 1455 2757 1507 καί.
2794 1454 2996 1525 γυμνὸς
3037 1455 3065 1508 6
3094 1455 3192 1525 τῆς
3246 1454 3532 1519 εὐσεϐείας

266 1545 404 1601 tum,
445 1535 664 1606 quando
703 1537 940 1591 traditur
970 1538 1174 1592 nudum
1199 1539 1425 1593 verbum
1458 1539 1696 1609 pietatis,
1719 1553 1739 1593 ε

2061 1544 2302 1598 καδίδοται
2354 1544 2528 1613 λόγος,
2585 1544 2684 1614 οὐχ
2736 1544 2882 1609 ἅπαξ
2939 1545 3200 1616 εἰπούσης
3241 1544 3345 1615 τῆς
3383 1544 3534 1610 θείας

263 1642 372 1681 non
411 1631 579 1682 semet
624 1627 825 1683 dixerit
863 1643 964 1683 vox
998 1629 1180 1684 divina
1204 1672 1218 1697 ,
1269 1646 1377 1686 non
1406 1646 1529 1686 esse
1567 1632 1736 1701 impun

2061 1636 2155 1707 ῆς,
2175 1638 2258 1689 ὅτι
2280 1639 2400 1690 Οὐκ
2429 1638 2561 1691 ἔστι
2602 1636 2808 1690 κοινὸν
2846 1635 2990 1705 ὅπερ
3017 1639 3050 1691 ὁ
3083 1636 3228 1703 Θεὸς
3261 1635 3534 1705 ἐκαθάρι-

263 1718 407 1787 quod
435 1717 577 1773 Deus
602 1721 875 1789 purgavit.
911 1719 1025 1774 llac
1058 1720 1200 1775 facta
1246 1698 1732 1792 praedicatione—tri

2062 1698 2266 1782 IAM,
2283 1729 2362 1792 εἰς
2392 1729 2512 1800 τρὶς
2533 1728 2825 1799 γενομένου
2854 1698 3219 1783 τοῦ-τοιούτου
3242 1698 3535 1801 κηρύγμα-

261 1810 495 1873 vieibus,
517 1818 575 1863 ut
596 1825 702 1865 una
726 1826 857 1866 voce
883 1811 1160 1867 discamus
1182 1812 1348 1889 Deum
1370 1821 1688 1883 purgantem
1713 1828 1838 1870 esse

261 1899 501 1964 Patrem,
529 1901 657 1954 etin
688 1901 791 1954 alia
824 1902 1076 1957 similiter
1105 1901 1273 1957 Deum
1304 1912 1620 1975 purgantem
1645 1905 1836 1975 unige-

261 1993 439 2045 nitum
458 2006 580 2047 esse
599 1990 689 2045 Dei
715 1990 996 2057 Filium,et
1014 1992 1065 2047 in
1085 1994 1187 2047 alia
1208 1993 1478 2060 similiter,
1497 1996 1641 2066 quod
1660 1995 1835 2065 quod-

260 2084 344 2140 vis
373 2084 710 2137 immundum
745 2100 983 2155 purgans
1015 2085 1158 2141 Deus
1187 2095 1271 2140 est
1313 2084 1550 2156 Spiritus
1587 2096 1835 2143 sanctus.

260 2176 396 2232 Cum
416 2191 545 2246 ergo
567 2177 715 2231 silex
747 2177 872 2231 vino
898 2177 1208 2246 huiusmodi
1240 2178 1495 2243 ebrietas,
1519 2194 1683 2249 quam
1708 2195 1836 2234 cou-

261 2268 399 2323 vivis
421 2268 642 2339 apponit
665 2267 945 2329 Dominus,
965 2283 1060 2337 per
1088 2268 1232 2337 quod
1268 2268 1463 2324 anima:
1491 2269 1550 2324 fit
1578 2285 1839 2326 excessus

185 2388 189 2392 ι
262 2358 328 2413 ad
347 2374 408 2414 ea
431 2375 549 2430 qua:
576 2358 1004 2424 suntdiviniora,
1032 2359 1346 2428 rectejubet
1371 2359 1629 2417 Dominus
1655 2361 1721 2417 iis
1744 2362 1837 2431 qui

261 2465 431 2520 prope
463 2457 590 2504 sunt
626 2465 721 2519 per
759 2452 1009 2517 virtutes,
1043 2465 1150 2504 non
1186 2451 1251 2505 iis
1300 2453 1392 2522 qui
1426 2453 1584 2522 longe
1614 2452 1843 2508 absunt:

258 2536 550 2604 Comedite,
579 2539 857 2609 propinqui
874 2540 993 2607 mei,
1024 2550 1072 2594 et
1104 2539 1258 2595 bibite
1281 2550 1330 2595 et
1365 2542 1715 2596 inebriamint.
1736 2542 1836 2608 Qui

1942 1836 2054 1887 τος,
2081 1819 2168 1872 ἵνα
2205 1818 2465 1889 μάθωμεν
2503 1821 2569 1890 τῇ
2620 1819 2720 1890 μιᾷ
2762 1821 2933 1890 φωνῇ,
2983 1817 3114 1871 Θεὸν
3166 1816 3535 1888 καθαρίζοντα

1941 1909 2030 1964 τὸν
2082 1908 2334 1980 Πατέρα,
2402 1908 2497 1961 καὶ
2545 1909 2604 1962 ἐν
2634 1910 2699 1979 τῇ
2746 1908 2909 1980 ἑτέρᾳ
2962 1908 3228 1972 ὡσαύτως
3289 1906 3534 1978 καθαρί-

1939 1997 2097 2062 ζοντα
2145 1996 2236 2050 τὸν
2266 1996 2415 2060 Θεὸν,
2463 1997 2553 2051 τὸν
2587 1998 2848 2067 μονογενῆ
2873 1997 3000 2051 Υἰὸν
3047 1992 3207 2064 εἰναι,
3235 1996 3333 2051 καὶ
3362 2001 3421 2051 ἐν
3462 1999 3532 2068 τῇ

1940 2087 2072 2159 ἄλλῃ
2125 2087 2557 2159 παραπλησίως,
2607 2089 2688 2142 ὅτι
2725 2090 2753 2142 6
2793 2090 2901 2142 πᾶν
2945 2088 3255 2159 ἀκάθαρτον
3303 2086 3533 2157 καθαρί-

1905 2207 1909 2212 ν
1943 2180 2050 2245 ζων
2086 2179 2238 2242 Θεὸς,
2278 2180 2339 2233 τὸ
2373 2177 2599 2250 Πνεῦμα
2632 2180 2747 2232 ἐστι
2779 2179 2839 2233 τὸ
2883 2178 3056 2248 ἅγιον.
3103 2178 3372 2249 Τοιαύτης
3421 2177 3536 2233 τοί-

1943 2285 2038 2321 νυν
2091 2266 2381 2339 γινομένης
2427 2267 2528 2338 τῆς
2552 2268 2617 2322 ἐκ
2639 2268 2732 2322 τοῦ
2769 2268 2912 2322 οἴνου
2948 2269 3139 2340 μέθης,
3160 2268 3219 2322 ὃν
3240 2268 3534 2340 προτίθησι

1940 2360 2054 2423 τοῖς
2084 2358 2389 2429 συμπόταις
2409 2361 2437 2412 6
2458 2357 2681 2430 Κύριος,
2707 2359 2774 2413 δι’
2794 2354 2862 2431 ἧς
2883 2359 3018 2431 πρὸς
3049 2359 3118 2414 τὰ
3146 2360 3395 2431 θειότερα
3427 2360 3530 2430 τῆς

1942 2451 2120 2522 ψυχῆς
2152 2449 2408 2515 ἔκστασις
2455 2450 2685 2520 γίνεται,
2738 2450 2918 2515 καλῶς
2948 2451 3384 2522 παρακελεύεται
3417 2454 3533 2515 τοῖς

1942 2539 2169 2611 πλησίον
2198 2538 2284 2594 διὰ
2316 2540 2423 2594 τῶν
2476 2539 2687 2611 ἀρετῶν
2722 2541 3021 2609 γεγονόσιν,
3068 2542 3130 2596 ού
3162 2544 3276 2602 τοῖς
3311 2537 3533 2613 πόρρω-

256 2631 405 2686 enim
431 2632 648 2701 indigne
675 2632 911 2686 comedit
943 2641 995 2687 et
1019 2632 1453 2701 bibit.judicium
1480 2632 1582 2687 sibi
1607 2647 1724 2685 com

2065 2631 2429 2702 ἀφεστηκόσιν
2455 2634 2484 2685 6
2512 2630 2743 2704 Κύριοςο
2778 2633 2859 2685 ὅτι
2893 2630 3139 2701 Φάγετε,
3176 2635 3230 2686 οἱ
3256 2633 3532 2698 πλησίον

260 2734 313 2777 et
354 2722 578 2778 bibit”.
616 2722 782 2779 Recte
828 2732 1006 2778 autem
1039 2724 1329 2795 appellavit
1372 2723 1570 2780 fratres
1618 2740 1714 2779 eos

2062 2765 2078 2790 ,
2129 2723 2231 2778 καὶ
2285 2725 2470 2791 πίετε,
2508 2723 2605 2777 καί
2643 2724 2999 2795 μεθύσθητε.
3037 2722 3096 2777 Ὀ
3131 2723 3239 2793 γὰρ
3290 2721 3532 2788 ἀναξίως

256 2815 407 2885 digni
447 2826 577 2871 sunt
628 2824 686 2871 ut
715 2817 1023 2872 comedant.
1056 2816 1190 2871 Nam
1228 2819 1317 2887 qui
1349 2817 1477 2873 facit
1504 2818 1722 2871 volunta

2055 2812 2137 2867 ἴων
2200 2812 2296 2866 καί
2339 2813 2530 2880 πίνων,
2594 2811 2768 2885 κρίμα
2815 2812 2992 2883 ἐαυτῷ
3032 2811 3199 2865 ἐσθίει
3230 2812 3327 2866 καὶ
3358 2811 3528 2863 πίνει.

257 2904 458 2973 Patris,
487 2907 798 2962 nominatur
821 2922 855 2962 a
887 2905 1064 2962 Verbo
1089 2908 1256 2963 frater
1286 2917 1339 2964 et
1377 2917 1549 2963 mater
1574 2915 1627 2962 et
1655 2923 1730 2962 sor

2058 2904 2136 2968 ῶς
2166 2904 2223 2958 δὲ
2266 2907 2392 2970 τοὺς
2439 2906 2620 2971 ἀξίους
2643 2905 2739 2976 τῆς
2767 2903 3022 2975 βρώσεως
3049 2906 3311 2973 ἀδελφοὺς
3354 2920 3531 2976 προσ-

257 2999 583 3071 ηγόρευσεν.
629 2999 691 3052 '0
718 3001 826 3073 γὰρ
854 3001 1022 3055 ποιῶν
1070 3001 1131 3053 τὸ
1154 3000 1367 3071 θέλημα
1404 2998 1590 3063 αὐτοῦ,
1653 2998 1746 3052 καὶ
1789 2995 2017 3065 ἁδελφὸς
2059 2998 2152 3051 καὶ
2198 2996 2400 3069 ἀδελφὴ
2431 2998 2526 3052 καὶ
2559 2997 2741 3069 μήτηρ
2775 2996 2878 3049 ὑπὸ
2923 2996 3019 3050 τοῦ
3070 2996 3244 3065 Λόγου
3298 3012 3529 3049 κατονο.

260 3089 505 3161 μάζεται.

327 3182 660 3238 Ebrietatem
693 3181 1291 3252 autem’consequenter
1314 3184 1562 3253 sequitur
1581 3199 1830 3251 somnus,
1864 3192 1902 3246 C

258 3281 319 3328 ut
349 3289 446 3345 per
472 3276 887 3344 concoctionem
918 3274 1078 3329 detur
1101 3273 1334 3330 facultas
1361 3275 1606 3331 convivis
1633 3275 1698 3331 ad
1733 3278 1832 3331 bo-

257 3380 384 3419 nam
440 3364 815 3421 habitudinem
845 3365 1123 3438 digerendi
1164 3368 1336 3423 cibos.
1372 3366 1665 3437 Propterea
1709 3375 1833 3439 post

256 3455 389 3510 illud
448 3456 668 3527 epulum
724 3472 925 3528 sponsa
982 3467 1200 3514 tenetur
1250 3473 1463 3514 somno.
1514 3456 1611 3514 Est
1649 3469 1828 3514 autem

257 3550 471 3604 alienus
500 3549 717 3620 quidem
748 3566 991 3615 somnus,
1029 3562 1083 3606 et
1111 3565 1140 3604 a
1172 3550 1568 3607 consuetudine
1595 3551 1831 3604 naturali

253 3649 519 3697 remotus.
552 3640 687 3696 Nam
720 3643 774 3697 in
815 3650 1079 3699 consueto
1119 3640 1334 3712 quidem
1366 3657 1559 3698 somno
1585 3643 1676 3713 qui
1701 3641 1831 3696 dor-

258 3728 357 3782 mit
403 3745 510 3785 nou
556 3731 761 3801 vigilat,
821 3740 876 3786 et
904 3730 997 3802 qui
1036 3732 1242 3803 vigilat,
1293 3748 1405 3787 non
1452 3733 1687 3798 dormit,
1736 3731 1830 3789 sed

257 3828 551 3892 utrumque
584 3822 638 3876 in
676 3838 735 3877 se
769 3821 998 3879 invicem
1037 3822 1260 3888 desinit,
1301 3834 1496 3894 nempe
1525 3838 1751 3879 somnus
1779 3832 1834 3879 et

256 3912 438 3982 vigilia
473 3913 576 3968 sibi
625 3912 857 3969 invicem
905 3914 1250 3969 succedendo
1279 3915 1547 3981 cedentia,
1588 3924 1643 3970 et
1672 3916 1834 3969 vicis-

257 4002 360 4056 sim
393 4002 462 4056 ad
500 4017 945 4072 unumquemque
970 4004 1308 4060 accedentia.
1350 4004 1451 4061 Hic
1477 4014 1656 4062 autem
1690 4020 1831 4061 nova

254 4095 503 4166 quaedam
534 4104 587 4151 et
632 4095 970 4152 admirabilis
1013 4097 1197 4152 mistio
1234 4107 1287 4153 et
1314 4098 1479 4154 coitio
1523 4098 1829 4155 contrario-

254 4202 377 4244 rum
409 4185 557 4242 circa
591 4202 712 4243 eam
740 4187 1004 4243 cernitur.
1037 4187 1147 4259 Ego
1174 4190 1335 4255 enim,
1368 4189 1565 4258 inquit,
1597 4188 1826 4254 dormio,

252 4287 301 4331 et
326 4293 419 4332 cor
442 4294 615 4332 meum
644 4278 848 4349 vigilat.
882 4278 1142 4345 Quasnam
1173 4294 1303 4350 ergo
1332 4286 1418 4335 est
1443 4279 1510 4335 de
1543 4279 1629 4335 his
1662 4280 1829 4338 rebus

255 4369 569 4439 accipienda
590 4368 900 4424 sententia?
923 4368 1162 4424 Somnus
1185 4378 1270 4424 est
1296 4370 1487 4426 mortis
1504 4371 1824 4426 similitudo.

254 4463 312 4516 tu
352 4478 417 4518 eo
438 4462 579 4519 enim
613 4462 844 4518 solvitur
871 4462 1052 4518 omnis
1090 4462 1333 4518 sentiens
1366 4477 1657 4533 corporum
1698 4477 1825 4532 ope-

2020 3183 2354 3248 Ἀκολούθως
2377 3183 2433 3238 δὲ
2479 3184 2787 3254 διαδέχεται
2834 3183 2933 3255 τῆν
2979 3183 3149 3255 μέθην
3174 3184 3203 3235 6
3235 3182 3423 3250 ὕπνος,
3451 3186 3530 3251 ὡς

1934 3274 2000 3329 ἂν
2030 3276 2119 3331 διὰ
2184 3277 2284 3349 τῆς
2329 3276 2545 3347 πέψεως
2595 3276 2882 3348 ἀναδοθείη
2938 3280 3051 3341 τοῖς
3092 3277 3412 3348 δαιτυμόσιν
3445 3283 3529 3346 εἰς

1934 3365 2149 3431 εὐεξίαν
2197 3368 2230 3437 ή
2273 3366 2521 3437 δύναμις.
2561 3365 2660 3418 Διὰ
2701 3365 2859 3418 τοῦτο
2903 3365 3042 3436 μετὰ
3074 3364 3171 3437 τὴν
3204 3366 3529 3421 πανδαισίαν

1934 3457 2152 3528 ἐκείνην
2203 3459 2260 3509 ἐν
2291 3455 2369 3528 τῷ
2423 3456 2578 3527 ὕπνῳ
2611 3454 2854 3526 ήνύμφη
2888 3455 3119 3523 γίνεται.
3157 3453 3324 3519 Ξένος
3358 3457 3416 3511 δέ
3444 3475 3527 3521 τις

1933 3541 2088 3610 οὕτος
2109 3549 2136 3600 6
2170 3545 2336 3609 ὕπνος
2365 3545 2506 3609 ἐστὶ,
2531 3530 2627 3599 καί
2652 3546 2750 3617 τῆς
2792 3545 3025 3616 φυσικῆς
3058 3545 3345 3614 συνηθείας
3376 3547 3528 3600 ἀλλό-

1932 3653 2103 3708 τριος.
2139 3637 2262 3689 Ἐπί
2284 3636 2381 3707 μὲν
2403 3635 2510 3709 γὰρ
2544 3635 2636 3689 τοῦ
2669 3635 2930 3707 συνήθους
2965 3635 3159 3704 ὕπνου,
3189 3636 3311 3691 οὕτε
3335 3638 3365 3690 6
3391 3638 3528 3691 καθ-

1933 3729 2103 3783 εύδων
2171 3729 2493 3801 ἐγρήγορεν,
2551 3728 2646 3781 καὶ
2707 3731 2736 3783 6
2787 3728 3103 3801 ἐγρηγορὼς
3137 3728 3198 3782 οὐ
3232 3729 3522 3784 καθεύδει·

1933 3821 2048 3875 ἀλλ’
2085 3822 2144 3874 ἐν
2181 3819 2431 3892 ἀλλήλοις
2481 3819 2636 3890 λήγει
2677 3820 2983 3890 ἀμφότερα,
3015 3821 3044 3873 ὅ
3082 3837 3140 3873 τε
3171 3819 3339 3884 ὕπνος
3365 3822 3462 3877 καὶ
3490 3826 3524 3894 ἡ

1931 3914 2316 3986 ἐγρηγόρησις,
2351 3913 2472 3975 ταῖς
2500 3911 2769 3982 διαδοχαῖς
2802 3910 3049 3980 ἀλλήλων
3088 3908 3520 3984 ὑπεξιστάμενα.

1946 4001 2210 4057 Ἐνταῦοα
2234 4000 2291 4054 δέ
2324 4018 2408 4065 τις
2435 4002 2597 4072 καινὴ
2619 4002 2712 4055 καὶ
2737 4002 3037 4073 παράδοξος
3062 3994 3343 4073 μίξιςτῶν
3367 4006 3525 4059 ἐναν-

1929 4092 2061 4146 τίων
2084 4091 2178 4145 καί
2217 4090 2433 4154 σύνοδος
2464 4091 2749 4163 θεωρεῖται
2796 4093 2924 4163 περί
2962 4094 3154 4164 αὑτήν.
3201 4093 3352 4164 Ἐγὼ
3380 4099 3519 4165 γὰρ,

1931 4185 2083 4256 φησί,
2121 4183 2407 4247 καθεύδω,
2433 4183 2533 4247 καί
2562 4183 2599 4251 ἡ
2630 4184 2846 4252 καρδία
2873 4202 2993 4254 μου
3036 4186 3348 4261 ἀγρυπνεῖ.
3380 4189 3521 4241 Τίνα

1928 4270 2022 4329 οὖν
2048 4274 2152 4345 χρὴ
2186 4274 2421 4328 διάνοιαν
2444 4275 2571 4345 περί
2600 4273 2804 4329 τούτων
2834 4274 3055 4341 λαόεῖν;
3101 4276 3307 4341 ’Ύπνος
3348 4276 3520 4332 θανά-

1928 4383 2022 4420 του
2056 4366 2202 4419 ἐστὶν
2230 4364 2504 4436 ὁμοίωμα.
2526 4365 2728 4419 Λύεται
2749 4364 2858 4436 γὰρ
2889 4367 2949 4421 ἐν
2977 4365 3125 4437 αὐτῷ
3157 4369 3306 4420 πᾶσα
3327 4368 3519 4439 αἰσθη-

1927 4458 2054 4529 τικὴ
2083 4457 2193 4510 τῶν
2233 4457 2503 4528 σωμάτων
2526 4456 2796 4525 ἐνέργεια,
2816 4457 2915 4511 οὐκ
2947 4458 3140 4528 ὅψεως,
3184 4459 3285 4511 οὐκ
3319 4460 3513 4532 ἀκοῆς,

252 4555 575 4618 ratio,cum
625 4568 727 4607 nec
764 4554 938 4618 visus,
983 4568 1083 4608 nec
1115 4553 1354 4617 auditus,
1396 4568 1498 4608 nec
1538 4552 1725 4608 odorat

2073 4550 2414 4621 ὀσφρήσεως,
2456 4550 2515 4603 οὐ
2569 4548 2829 4617 γεύσεως,
2867 4551 2969 4620 οὐχ
3022 4551 3188 4620 ἁφῆς,
3231 4550 3386 4623 παρά
3422 4553 3518 4607 τὸν

253 4661 352 4701 nec
377 4652 591 4716 gustus,
635 4658 734 4700 nec
766 4652 965 4708 tactus,
1018 4644 1196 4700 somni
1246 4652 1508 4715 tempore,
1565 4659 1667 4698 suo
1703 4643 1830 4698 fun-

252 4745 413 4807 gatur
443 4752 707 4792 munere:
763 4737 858 4791 sed
908 4743 963 4791 et
996 4737 1242 4805 corporis
1270 4737 1415 4792 vires
1461 4736 1828 4807 franguntur;

250 4837 503 4898 procreat
546 4829 710 4883 etiam
744 4829 1075 4883 oblivionem
1112 4827 1542 4882 sollicitudinum
1572 4835 1626 4881 et
1665 4841 1827 4881 cura-

250 4930 371 4969 rum
402 4931 523 4985 qua:
551 4924 701 4970 sunt-
735 4915 789 4970 in
841 4915 1082 4981 homine,
1138 4915 1281 4985 sopit
1321 4921 1546 4980 metum,
1597 4923 1651 4971 et
1690 4916 1825 4968 iram

248 5007 404 5071 lenit,
458 5016 512 5063 et
542 5024 730 5064 eorum
776 5008 868 5079 qui
921 5016 1049 5063 sunt
1091 5007 1237 5063 acris
1267 5016 1321 5064 et
1365 5009 1603 5064 acerbati
1657 5008 1824 5062 animi

251 5100 474 5154 remittit
516 5100 944 5165 vehementiam,
982 5110 1038 5155 et
1079 5099 1249 5156 efﬁcit
1292 5110 1350 5155 ut
1389 5102 1575 5156 nullus
1606 5101 1679 5156 sit
1704 5115 1823 5154 om—

250 5190 399 5243 nium
444 5192 708 5245 malorum
763 5206 983 5255 sensus,
1035 5193 1275 5263 quandiu
1335 5191 1651 5247 dominatur
1699 5207 1824 5247 cor-

251 5280 390 5348 pori.
448 5281 560 5335 Hoc
611 5297 742 5353 ergo
787 5284 1053 5339 discimus
1087 5299 1183 5354 per
1222 5299 1284 5339 ea
1325 5299 1445 5354 quae
1491 5284 1637 5339 dicta
1672 5291 1819 5348 sunt,

253 5369 395 5438 quod
429 5371 606 5439 seipsa
632 5372 806 5426 evasit
830 5374 1118 5438 excelsior,
1150 5388 1271 5443 quae
1294 5373 1374 5430 sic
1410 5374 1692 5445 magnifice
1717 5375 1804 5443 glo

253 5459 427 5514 tiatur
479 5468 535 5514 et
567 5459 702 5515 dicit
729 5476 742 5512 :
774 5460 885 5532 Ego
928 5462 1153 5531 dormio,
1196 5475 1244 5520 et
1277 5482 1366 5519 cor
1397 5480 1567 5518 meum
1614 5464 1818 5534 vigilat.

362 5643 407 5674 ³³
438 5641 455 5694 l
489 5641 617 5695 Cor.
658 5656 733 5706 xl,
756 5640 848 5692 27.

1927 4641 2021 4695 τοῦ
2061 4641 2229 4695 ὕπνου
2260 4641 2453 4712 καιρὸν
2475 4640 2805 4713 ἐνεργούσης
2829 4641 2891 4694 τὸ
2921 4641 3051 4696 ἴδιον
3070 4658 3082 4671 ·
3108 4641 3245 4695 ἀλλὰ
3281 4645 3375 4696 καὶ
3398 4643 3517 4697 λύει

1927 4735 2017 4808 τὸν
2049 4731 2330 4795 τόνοντοῦ
2376 4732 2627 4803 σώματος
2656 4748 2671 4764 ⁸
2708 4733 2855 4785 ποιεῖ
2898 4732 2954 4785 δὲ
2987 4732 3080 4786 καὶ
3109 4731 3281 4805 λήθην
3311 4734 3421 4786 τῶν
3458 4735 3517 4788 ἐν

1925 4825 2003 4895 τῷ
2055 4822 2327 4893 ἀνθρώπῳ
2380 4821 2698 4893 φροντίδων,
2739 4823 2835 4876 καὶ
2861 4822 3185 4887 κατευνάζει
3210 4822 3303 4877 τὸν
3327 4824 3513 4893 φόϐον,

1924 4916 2021 4972 καὶ
2054 4917 2251 4987 ἡμεροί
2273 4914 2364 4969 τὸν
2404 4914 2595 4986 θυμὸν,
2626 4916 2720 4969 καί
2741 4914 2987 4987 ὑποχαλᾷ
3019 4915 3127 4969 τῶν
3156 4917 3514 4989 πικραινομέ-

1928 5026 2033 5063 νων
2057 5009 2148 5063 τὸν
2181 5007 2354 5074 τόνον,
2388 5007 2485 5060 καὶ
2516 5006 2732 5061 πάντων
2760 5006 2871 5060 τῶν
2920 5007 3106 5062 κακῶν
3152 5008 3514 5079 ἀναισθησίαν

1927 5098 2089 5160 ποιεῖ,
2121 5096 2224 5158 ἓως
2247 5094 2313 5148 ἂν
2330 5095 2692 5167 κατακρατῶν
2720 5095 2858 5168 τύχῃ
2880 5095 2973 5150 τοῦ
3008 5097 3282 5169 σώματος.
3301 5097 3516 5152 οὐκοῦν

1927 5187 2084 5241 τοῦτο
2108 5186 2195 5241 διὰ
2223 5186 2331 5241 τῶν
2353 5187 2657 5257 εἰρημένων
2690 5188 3055 5260 μανθάνομεν,
3086 5190 3166 5244 ὅτι
3200 5189 3512 5260 ὑψηλοτέρα

1926 5279 2146 5348 γέγονεν
2163 5278 2409 5349 ἐαυτῆςή
2434 5277 2604 5332 ταῦτα
2627 5278 3117 5350 μεγαλαυχουμένη
3134 5280 3230 5334 καὶ
3251 5280 3508 5348 λέγουσα,

1926 5370 2008 5422 ὅτι
2044 5368 2184 5438 Ἐγὼ
2206 5369 2493 5434 καθεύδω,
2519 5368 2620 5425 καὶ
2642 5370 2680 5438 ή
2704 5369 2919 5438 καρδία
2937 5388 3055 5439 μου
3075 5370 3384 5438 ἁηῃουπνεῒ.
3421 5370 3510 5441 Τῷ

1929 5462 2041 5515 ὄντι
2095 5461 2202 5533 γὰρ
2252 5460 2335 5530 ἐφ’
2365 5454 2439 5514 ὧν
2476 5460 2634 5531 μόνος
2681 5461 2711 5513 6
2754 5459 2879 5523 νοῦς
2911 5459 2998 5529 ἐφ’
3033 5460 3225 5515 ἐαυτοῦ
3253 5458 3508 5532 βιοτεύει,
