3742 5986
227 242 330 296 995

1273 230 1336 286 ΙΝ
1368 226 1675 286 CANTICA-
1700 223 1972 284 CANTIC.
2014 222 2296 280 HOMILlA
2332 219 2424 275 XI.

3370 213 3475 274 894

225 347 401 406 οὐδενὶ
427 347 539 399 τῶν
587 345 950 418 αἰσθητηρίων
987 344 1503 416 παρενοχλούμενος,
1549 343 1624 406 ὼς
1656 342 1809 413 ὕπνῳ

1992 356 2117 397 vera
2149 342 2295 396 enim
2348 337 2589 408 quandiu
2640 334 2757 392 sola
2807 335 2990 390 anima
3039 333 3095 388 in
3135 346 3194 389 se
3227 329 3383 398 vivit,
3440 345 3474 385 λ

227 441 331 495 τινὶ
363 440 458 493 καὶ
472 437 690 511 κώματι
706 440 938 509 πάρετος
962 438 983 509 '1
1003 437 1099 492 τοῦ
1128 436 1379 507 σώματος
1407 435 1609 505 γίνοιτο
1621 432 1801 503 φύσις,

229 534 322 587 καὶ
354 531 575 602 ἀληθῶς
608 530 753 586 ἐστιν
801 531 996 591 εἰπεῖν,
1028 529 1110 581 ὅτι
1140 528 1395 598 κοιμᾶται
1436 526 1504 579 δι’
1532 523 1805 596 ἀπραξίας

229 625 263 695 η
288 624 502 695 ὅρασις,
539 619 955 691 ἀτιμαζομένων
968 618 1077 674 τῶν
1106 618 1393 689 θεαμάτων
1426 615 1670 679 ἐκείνων,
1705 615 1806 668 ὅσα

228 715 327 777 τὰς
356 712 615 774 παιδικὰς
647 710 799 780 ὖψεις
824 709 1146 779 ἐκπλήττειν
1168 709 1376 764 εἴωθεν.
1406 708 1480 762 Οὐ
1515 706 1688 761 ταῦτα
1715 706 1804 761 λέ-

229 820 310 871 γω
346 802 484 873 μόνα
513 801 550 855 ἃ
587 799 688 871 τῆς
727 799 963 869 γεώδους
996 798 1129 869 ὕλης
1161 799 1330 862 ἐστὶν,
1360 791 1471 851 οἷον
1502 797 1723 869 χρυσίον
1746 813 1806 850 τε

231 895 328 949 καὶ
364 894 652 965 ἀργύριον,
683 893 779 947 καὶ
815 891 924 945 τῶν
969 890 1132 945 λίθων
1176 892 1362 944 ἐκεῖνα
1402 891 1504 944 ὅσα
1534 888 1623 943 διά
1663 906 1807 952 τινος

233 986 489 1057 εύχροίας
514 987 653 1039 κινεί
671 985 784 1048 τοῖς
809 982 1105 1052 ὀφθαλμοῖς
1132 979 1231 1053 τὴν
1250 978 1511 1051 λιχνείαν,
1551 978 1688 1034 ἀλλὰ
1713 980 1809 1033 καί⁹

233 1076 301 1130 τὰ
334 1075 466 1145 περὶ
491 1074 583 1128 τὸν
610 1074 838 1145 οὐρανὸν
885 1072 1184 1142 φαινόμενα
1232 1065 1662 1141 θαύματα,αίτε
1698 1071 1807 1123 τῶν

234 1168 484 1238 ἀστέρων
509 1166 697 1235 αύγαὶ,
729 1163 933 1218 καὶτοῦ
952 1163 1103 1232 ήλίου
1134 1164 1162 1216 ὁ
1191 1161 1409 1227 κύκλος,
1437 1159 1533 1214 καὶ
1558 1160 1618 1213 τὸ
1649 1159 1808 1213 πολύ-

238 1275 446 1330 μορφον
483 1260 583 1329 τῆς
609 1256 837 1325 σελήνης
873 1250 1030 1317 εἶδος,
1061 1254 1157 1306 καὶ
1186 1252 1239 1306 εἴ
1254 1268 1306 1305 τι
1330 1250 1456 1305 ἄλλο
1474 1253 1587 1315 τοῖς
1612 1249 1810 1320 ὀφθαλ-

239 1354 361 1422 μοῖς
400 1350 594 1420 ἡδονὴν
621 1348 797 1418 φέρει,
823 1345 912 1400 διὰ
946 1346 1006 1398 τὸ
1033 1345 1198 1415 μηδὲν
1226 1345 1305 1406 είς
1327 1344 1413 1397 ἀεὶ
1442 1342 1644 1414 μένειν,
1676 1342 1811 1396 ἀλλὰ

238 1436 758 1509 συμμετακινεῖσθαι
790 1437 857 1505 τῇ
894 1433 1110 1504 παρόδῳ
1128 1431 1220 1485 τοῦ
1238 1431 1448 1501 χρόνου,
1477 1432 1570 1484 καὶ
1604 1448 1813 1500 συμπε⁹

238 1526 548 1600 ριάγεσθαι.
576 1526 799 1579 Πάντων
830 1523 939 1577 τῶν
976 1522 1230 1575 τοιούτων
1267 1519 1701 1592 ὑπεροφθέντων,
1723 1521 1812 1574 διὰ

236 1604 335 1692 τὴν
368 1618 479 1673 τῶν
505 1617 771 1689 ἀληθινῶν
800 1614 1018 1684 ἀγαθῶν
1066 1614 1317 1685 θεωρίαν,
1347 1612 1578 1682 πάρετός
1612 1613 1758 1666 ἐστιν
1784 1613 1813 1664 ὁ

1903 432 2156 488 sensibus
2204 430 2427 484 minime
2464 426 2805 499 perturbata,
2838 433 3099 494 tanquam
3140 422 3244 479 sub
3276 435 3471 478 somno

1903 533 1957 580 et
1979 538 2182 594 30pore
2204 522 2441 593 quodam
2480 526 2697 575 tenetur
2723 525 2916 572 natura
2950 515 3217 586 corporis,
3261 522 3321 569 et
3348 528 3475 568 vere

1904 614 2012 670 dici
2048 621 2246 685 potest,
2275 612 2421 684 quod
2458 611 2692 666 dormiat
2719 610 2873 665 visus
2897 622 2993 678 per
3021 606 3382 661 cessationem
3405 603 3475 657 ab

1904 721 2090 778 opere,
2145 703 2479 774 contemptui
2527 701 2730 757 habitis
2784 699 2897 755 illis
2955 697 3304 767 spectaculis,
3353 709 3475 764 ηοω

1905 809 2202 866 puerorum
2241 793 2416 849 oculis
2452 792 2627 848 solent
2656 788 2850 844 aﬁ‘erre
2875 796 3176 857 stuporem.
3229 783 3350 838 Non
3389 797 3471 845 ea,

1907 887 2152 957 inquam,
2187 886 2301 942 sola
2329 899 2451 955 ηοω
2473 891 2601 941 sunt
2623 888 2830 936 natura:
2854 879 3153 939 terrestris,
3186 887 3244 930 ut
3279 889 3474 930 aurum

1906 986 1960 1034 et
1991 986 2294 1048 argentum,
2317 982 2372 1032 et
2404 988 2628 1046 gemmae
2655 988 2775 1042 quae
2813 970 3043 1042 pulchro
3081 969 3266 1039 aliquo
3294 966 3477 1021 colore

1906 1067 2191 1123 oculorum
2223 1073 2443 1121 movent
2471 1063 2808 1127 aviditatem,
2845 1060 2941 1116 sed
2993 1070 3043 1114 et
3088 1057 3351 1114 miracula
3383 1055 3473 1111 illa

1908 1174 2029 1231 quae
2060 1167 2346 1215 moventur
2380 1157 2435 1212 in
2469 1157 2629 1220 coelo,
2663 1161 2718 1209 et
2743 1153 3023 1210 stellarum
3052 1149 3393 1219 splendores,
3425 1154 3478 1201 et

1908 1253 2059 1309 orbis
2102 1250 2256 1311 solis.
2295 1246 2688 1316 multiplexque
2728 1253 2782 1298 et
2829 1242 2980 1295 varia
3020 1241 3163 1294 lunae
3196 1238 3392 1300 forma,
3426 1247 3478 1290 et

1910 1346 1956 1399 si
2007 1342 2136 1414 quid
2183 1340 2331 1395 aliud
2370 1338 2525 1394 affert
2570 1336 2900 1405 voluptatem
2936 1333 3135 1396 oculis,
3192 1337 3478 1400 propterea

1911 1435 2058 1506 quod
2100 1432 2239 1489 nihil
2278 1436 2543 1502 perpetuo
2572 1433 2808 1492 maneat,
2860 1423 2957 1480 sed
2991 1423 3152 1478 simul
3200 1426 3482 1476 moveatur

1911 1536 1966 1582 et
1994 1527 2395 1594 circumagatur
2419 1535 2542 1575 cum
2566 1519 2805 1572 motione
2828 1526 2884 1570 et
2914 1528 3169 1570 mensura
3193 1512 3477 1582 temporis.

1912 1616 2011 1673 llis
2051 1615 2306 1671 omnibus
2345 1609 2620 1681 despectis
2665 1613 2884 1677 propter
2918 1619 3173 1661 verorum
3215 1604 3480 1658 bonorum

236 1710 331 1764 τοῦ
360 1710 610 1781 σώματος
639 1707 933 1778 ὀφθαλμὸς,
972 1705 1108 1777 πρὸς
1163 1704 1311 1758 οὐδὲν
1339 1703 1447 1759 τῶν
1480 1703 1608 1773 παρ’
1647 1702 1809 1756 αὐτοῦ

1992 1704 2452 1774 ntemplationem,
2481 1701 2695 1756 otiosus
2726 1708 2811 1754 est
2836 1697 3029 1753 oculus
3055 1695 3323 1764 corporis,
3358 1708 3482 1747 cum

239 1799 710 1869 ύποδεικνυμένων
755 1798 853 1867 τῆς
883 1794 1228 1865 τελειοτέρας
1268 1794 1446 1864 ψυχῆς
1478 1793 1812 1862 καθελκομέα

239 1909 358 1962 νης.
394 1891 484 1944 διὰ
506 1890 568 1943 τὸ
610 1890 746 1961 μόνα
791 1889 1008 1959 βλέπειν
1033 1890 1100 1958 τῇ
1127 1885 1334 1957 διανοίᾳ
1369 1884 1437 1939 τὰ
1464 1885 1574 1939 τῶν
1605 1884 1810 1955 ὁρατῶν

240 1979 632 2050 ὑπερκείμενα.
663 1975 816 2032 Οὕτω
838 1978 928 2030 καὶ
957 1979 990 2048 ἡ
1013 1976 1148 2047 ἀκοὴ
1172 1976 1341 2048 νεκρά
1369 1993 1454 2040 τις
1479 1975 1573 2029 καὶ
1596 1974 1813 2045 ἀνενέρ“

241 2086 410 2140 γητος
434 2068 664 2138 γίνεται,
702 2068 839 2141 πρὸς
866 2067 934 2122 τὰ
962 2069 1102 2140 ὑπὲρ
1132 2067 1288 2138 λόγον
1311 2068 1411 2138 τῆς
1447 2067 1624 2138 ψυχῆς
1648 2067 1811 2136 ἀσχο-

240 2158 531 2232 λουμένης.

313 2340 395 2394 Τὰ
428 2340 486 2393 δὲ
516 2339 922 2410 κτηνωδέστερα
952 2339 1058 2392 τῶν
1102 2338 1404 2410 αἰσθήσεων
1426 2379 1442 2402 ,
1488 2337 1610 2391 οὕτε
1639 2336 1815 2406 λέγειν

243 2435 416 2501 ἄξιον,
449 2435 530 2487 ὅτι
565 2433 843 2505 πόρρωθεν
887 2434 1134 2503 καθάπερ
1161 2451 1246 2496 τις
1278 2432 1553 2505 νεκρώδης
1584 2431 1814 2485 δυσωδία

243 2526 344 2596 τῆς
383 2524 560 2595 ψυχῆς
618 2525 1013 2596 ἀπορρίπτεται
1041 2565 1055 2588 ,
1105 2525 1139 2594 ἤ
1188 2540 1249 2576 τε
1296 2523 1671 2595 ῥηνηλατοῦσα
1715 2522 1816 2587 τὰς

243 2616 420 2687 ἐσμὰς
486 2614 794 2686 ὄσφρησις,
847 2614 939 2668 καί
982 2617 1015 2686 ἡ
1062 2616 1127 2685 τῇ
1179 2613 1404 2685 λατρείᾳ
1464 2613 1565 2683 τῆς
1612 2612 1818 2676 κοιλίας

246 2705 674 2777 προσκαθημένη
704 2704 912 2774 γεῦσις,
955 2704 1049 2759 καὶ
1092 2706 1127 2775 ἠ
1173 2703 1283 2775 ἁφὴ
1332 2704 1466 2777 πρὸς
1494 2704 1721 2769 τούτοις,
1758 2705 1819 2758 τὸ

243 2797 652 2874 ἀνδραποδῶδες
697 2798 792 2851 καὶ
843 2796 1041 2866 τυφλὸν
1090 2794 1461 2867 αἰσθητήριον,
1506 2796 1534 2849 ὃ
1563 2796 1701 2867 τάχα
1732 2797 1818 2850 διὰ

245 2891 373 2952 τοὺς
405 2889 637 2957 τυφλοὺς
681 2887 841 2959 μόνον
881 2891 914 2958 ή
947 2887 1107 2957 φύσις
1146 2887 1418 2958 ἐποίησεν.
1472 2880 1571 2940 Ὧν
1603 2888 1818 2942 πάντων

242 2979 436 3052 ὥσπερ
461 2982 516 3032 ἐν
541 2978 692 3050 ὕπνῳ
716 2980 821 3033 τινὶ
847 2979 914 3033 δι’
941 2978 1211 3051 ἀπραξίαν
1245 2978 1686 3051 κεκρατημένων.
1717 2997 1816 3033 κα-

249 3069 390 3139 θαρὰ
415 3071 514 3141 τῆς
538 3069 759 3142 καρδίας
790 3071 992 3141 ἐστὶνὴ
1032 3068 1298 3141 ἐνέργεια,
1328 3071 1421 3123 καὶ
1455 3070 1591 3141 πρὸς
1617 3069 1680 3123 τὸ
1709 3069 1820 3123 ἀνω

248 3162 437 3232 βλέπει
464 3164 493 3214 ὁ
518 3160 793 3232 λογισμὸς,
822 3162 1188 3233 ἀπεριήχητος
1216 3161 1391 3231 μένων
1422 3164 1486 3216 ἐκ
1512 3162 1610 3233 τῆς
1634 3160 1822 3232 αἰσθη-

248 3254 404 3323 τικῆς
440 3254 704 3325 κινήσεως
742 3253 836 3306 καὶ
865 3251 1152 3316 ἀθόλωτος.
1183 3254 1386 3324 Διπλῆς
1426 3255 1535 3327 γὰρ
1571 3254 1736 3326 οὔσης
1765 3258 1822 3309 ἐν

247 3347 315 3416 τῇ
349 3345 664 3419 ἀνθρωπίνῃ
693 3344 852 3414 φύσει
897 3345 998 3416 τῆς
1043 3345 1269 3418 ἡδονῆς⁶
1314 3347 1414 3417 τῆς
1462 3348 1559 3419 μὲν
1594 3350 1650 3401 ἐν
1675 3348 1818 3420 ψυχῇ

246 3438 316 3491 δι’
344 3437 615 3501 ἀπαθείας
647 3437 1060 3508 ἐνεργουμένης,
1083 3437 1180 3508 τῆς
1208 3437 1265 3491 δὲ
1285 3438 1370 3491 διὰ
1403 3438 1606 3503 πάθους
1634 3441 1691 3492 ἐν
1715 3439 1821 3493 σώ-

255 3545 407 3599 ματι,
441 3529 618 3599 ἥνπερ
645 3527 711 3583 ἂν
756 3527 815 3594 ἐξ
853 3529 1236 3601 ἀμφοτέρωνὴ
1270 3531 1585 3602 προαίρεσις
1615 3532 1821 3604 ἕληται,

249 3617 388 3690 αὕτη
414 3618 556 3673 κατὰ
576 3620 674 3689 τῆς
700 3620 888 3692 ἐτέρας
914 3619 976 3673 τδ
1000 3620 1198 3691 κράτος
1222 3620 1352 3690 ἔχει.
1396 3621 1482 3685 Ὠς
1507 3621 1560 3675 εἴ
1584 3640 1665 3686 τις
1687 3621 1822 3695 πρὸς

250 3706 346 3778 τὴν
388 3706 643 3778 αἴσθησιν
678 3707 884 3778 βλέποι,
915 3709 1013 3780 τὴν
1054 3708 1122 3762 δι’
1150 3709 1320 3780 αὐτῆς
1365 3711 1713 3781 ἐμφυομένην
1745 3712 1823 3781 τῷ

247 3793 466 3866 σώματι
492 3795 682 3867 ἡδονὴν
707 3796 1086 3869 ἐφελκόμενος,
1122 3798 1385 3868 ἄγευστος
1413 3801 1511 3871 τῆς
1550 3801 1696 3865 θείας
1729 3801 1821 3854 εὐ·

252 3887 526 3960 φροσύνης
558 3888 919 3955 διαϐιώσεται,
966 3886 1099 3943 διότι
1127 3890 1338 3962 πέφυκέ
1369 3910 1484 3955 πως
1504 3895 1822 3955 ,ἐπισκοτεῖ-

254 3976 378 4030 σθαι
405 3976 466 4030 es
491 3981 737 4048 κρεῖττον
760 3980 865 4032 ὑπὸ
885 3979 977 4033 τοῦ
998 3981 1258 4051 χείρονος.
1290 3976 1385 4045 Οἷς
1406 3981 1448 4034 δ’
1473 3982 1538 4036 ἂν
1562 3982 1825 4052 ἐπιθυμία

250 4066 349 4136 τὴν
378 4068 517 4138 πρὸς
541 4066 601 4119 τὸ
616 4066 771 4121 Θεῖον
800 4067 912 4139 ἐχει
943 4069 1134 4141 ῥοπὴν,
1161 4068 1371 4134 τούτοις
1402 4073 1824 4141 ἀνεπισκότητον

255 4158 405 4228 μένει
446 4158 508 4211 τὸ
537 4158 758 4227 ἀγαθὸν,
795 4161 890 4216 καὶ
933 4161 1164 4230 φευκτὸν
1207 4161 1351 4216 am
1383 4162 1661 4233 νομίζεται
1686 4160 1823 4217 εἶναι

250 4248 312 4302 τὺ
340 4248 742 4319 καταγοητεῦον
788 4251 890 4321 τὴν
921 4252 1189 4321 αἴσθησιν.
1245 4254 1342 4307 Διὰ
1386 4254 1543 4306 τοῦτο
1579 4257 1612 4323 ἡ
1656 4255 1822 4327 ψυχὴ,

251 4340 379 4392 ὅταν
427 4339 563 4411 μόνῃ
609 4343 675 4411 τῇ
712 4339 915 4413 θεωρίᾳ
958 4341 1050 4395 τοῦ
1094 4342 1245 4406 δντος
1270 4344 1645 4417 εὐφραίνηται,
1688 4348 1822 4419 πρὸς
1854 4366 1899 4422 ι)

251 4431 404 4485 οὐδὲν
454 4432 723 4502 ἐγρήγορε
758 4433 866 4485 τῶν
911 4434 1313 4504 ἐνεργουμένων
1364 4435 1485 4488 καθ’
1527 4437 1721 4509 ἡδονὴν
1755 4439 1821 4492 δι’

254 4523 592 4593 αἰσθήσεως·
641 4521 777 4576 ἀλλὰ
809 4523 985 4577 πᾶσαν
1018 4525 1333 4597 σωματικὴν
1371 4529 1822 4600 κατακοιμήσασα

246 4616 487 4685 κίνησιν,
521 4617 700 4686 γυμνῇ
736 4632 794 4668 τε
829 4614 923 4669 καὶ
974 4616 1189 4688 καθαρᾷ
1228 4619 1295 4688 τῇ
1339 4617 1547 4690 διανοίᾳ
1589 4619 1677 4672 διὰ
1725 4621 1822 4691 τῆς

248 4706 403 4769 θείας
430 4707 815 4777 ἐγρηγόρσεως
858 4707 1071 4778 δέχεται
1099 4708 1193 4762 τοῦ
1223 4709 1356 4763 Θεοῦ
1380 4709 1477 4781 τὴν
1505 4711 1823 4781 ἐμφάνειαν.

253 4791 360 4860 τΗς
385 4796 481 4850 καὶ
511 4799 671 4867 ἡμεῖς
694 4795 1056 4868 ἀξιωθείημεν
1081 4797 1169 4852 διὰ
1197 4798 1290 4853 τοῦ
1335 4800 1454 4871 είρη
1465 4800 1625 4870 μένου
1658 4799 1824 4855 ὕπνου

255 4885 644 4961 κατορθοῦντες
710 4888 811 4959 τῆς
889 4888 1068 4961 ψυχῆς
1136 4890 1234 4962 τὴν
1303 4894 1652 4963 ἐγρήγορσιν.
1739 4893 1828 4945 Ἐν

248 4976 472 5049 Χριστῷ
517 4976 713 5049 Ἰησοῦ,
751 4971 797 5046 ᾧ
825 4979 858 5049 ή
891 4977 1016 5042 δόξα
1049 4979 1130 5043 είς
1156 4981 1280 5043 τοὺς
1320 4980 1522 5045 αἰῶνας
1564 4980 1672 5034 τῶν
1699 4980 1826 5034 αἰὼ-

254 5083 377 5121 νων.
388 5065 454 5120 ’Δ
461 5068 588 5139 μήν.

844 5246 1092 5299 ΟΜΙΛΙΑ
1130 5247 1232 5300 ῙΔ’.

323 5332 496 5400 Φωνὴ
544 5332 868 5403 ἀδελφιδοῦ
912 5356 1033 5406 μου
1085 5339 1285 5406 κρούει
1323 5339 1422 5392 ἐπὶ
1465 5341 1580 5410 τὴν
1620 5345 1827 5412 θύραν.

260 5425 539 5489 Ἀγοιξόν
553 5441 676 5494 μοι,
694 5426 733 5493 ἡ
750 5426 980 5497 ἀδελφή
1001 5447 1143 5498 μου,
1166 5429 1205 5498 ἡ
1223 5431 1490 5499 πλησίον
1508 5450 1648 5501 μου,
1668 5452 1829 5505 περι-

256 5515 438 5583 στερὰ
458 5532 601 5583 μου,
636 5518 836 5571 ’τελεία
864 5537 1004 5588 μου·
1040 5520 1129 5576 ὅτι
1161 5522 1200 5591 ἠ
1236 5521 1468 5592 κεφαλή
1492 5541 1613 5593 μου
1646 5525 1829 5593 enitr}-

256 5610 374 5675 οθη
399 5603 648 5677 δρόσου,
681 5609 777 5663 καί
811 5612 866 5664 οἱ
887 5611 1224 5681 βόστρυχοί
1256 5632 1376 5684 μου
1417 5614 1701 5685 ψεκάδων
1726 5636 1823 5676 νυ-

1912 1798 1977 1851 ad
2006 1796 2145 1851 nihil
2170 1810 2359 1852 eorum
2389 1808 2509 1864 ηοω
2546 1793 2615 1848 ab
2652 1793 2773 1862 ipso
2808 1789 3170 1846 ostenduntur
3217 1784 3484 1856 perfectio

1912 1885 2218 1940 attrahatur
2266 1884 2488 1950 animae,
2542 1890 2824 1952 propterea
2878 1879 3022 1949 quod
3055 1876 3387 1947 cogitatione
3418 1888 3484 1929 ea

1912 1978 2028 2033 sola
2053 1975 2286 2046 aspiciat
2316 1990 2438 2046 quae
2476 1981 2604 2030 sunt
2634 1971 2919 2041 superiora
2965 1970 3032 2025 iis
3064 1982 3184 2038 ηοω
3212 1966 3480 2020 videntur.

1912 2069 1989 2121 Ita
2026 2067 2191 2122 etiam
2214 2073 2460 2121 mortuus
2488 2072 2569 2119 est
2606 2062 2825 2117 auditus
2858 2071 2911 2117 et
2941 2073 3164 2114 cessans
3196 2057 3264 2111 ab
3288 2069 3482 2126 opera-

1909 2157 2082 2223 tione,
2120 2170 2243 2211 cum
2282 2155 2338 2210 in
2376 2155 2445 2212 iis
2481 2170 2604 2225 qum
2641 2161 2770 2209 sunt
2804 2165 2969 2221 supra
3007 2148 3276 2204 rationem
3316 2161 3480 2202 occu-

1914 2256 2072 2318 petur
2101 2247 2303 2303 anima.
2566 2306 2570 2310 ,

1983 2336 2060 2393 De
2085 2339 2335 2395 sensibus
2365 2345 2544 2393 autem
2575 2337 2746 2408 magis
2778 2336 3030 2394 belluims
3062 2350 3170 2390 non
3221 2334 3485 2390 convenit

1915 2428 2120 2498 aliquid
2155 2429 2370 2496 dicere,
2416 2428 2559 2498 quod
2608 2428 2829 2495 scilicet
2879 2437 3141 2498 tanquam
3200 2428 3482 2484 morticini

1917 2519 2187 2589 quispiam
2228 2519 2366 2575 l'etor
2390 2520 2458 2574 ab
2493 2520 2675 2574 anima
2712 2519 2785 2574 sit
2814 2520 3085 2589 ahjectus,
3139 2526 3194 2574 et
3257 2519 3484 2575 naribus

1917 2610 2114 2665 odores
2143 2618 2369 2679 captans
2401 2609 2696 2675 odoratus,
2727 2616 2782 2666 et
2808 2610 3013 2665 ventris
3064 2610 3288 2665 servitio
3344 2611 3487 2665 assi-

1918 2700 2053 2754 dens
2084 2708 2301 2770 gustus,
2324 2708 2381 2756 et
2410 2708 2671 2770 praeterea
2701 2709 2896 2765 tactus,
2931 2702 3024 2770 qui
3067 2702 3264 2757 servile
3292 2712 3347 2756 et
3377 2716 3482 2756 caa—

1918 2806 2041 2845 cum
2070 2800 2153 2846 est
2211 2791 2480 2847 sentiendi
2544 2792 2989 2856 instrumentum,
3052 2792 3197 2861 quod
3262 2792 3482 2861 quidem

1921 2882 2059 2937 forte
2087 2889 2308 2952 propter
2339 2897 2513 2938 caecos
2545 2882 2672 2938 fecit
2713 2892 2927 2937 natura.
2986 2882 3116 2949 Quae
3145 2885 3330 2938 omnia
3361 2899 3485 2939 cum

1920 2981 2143 3045 propter
2171 2974 2528 3028 cessationem
2568 2975 2637 3030 ab
2671 2971 2855 3046 opere,
2881 2982 3140 3045 tanquam
3171 2991 3365 3031 somno
3397 2975 3491 3030 ali-

1923 3076 2030 3133 quo
2067 3060 2177 3115 sint
2204 3063 2346 3115 victa
2371 3070 2425 3116 et
2453 3078 2739 3132 oppressa,
2789 3079 2923 3135 pura
2971 3071 3056 3120 est
3080 3065 3262 3120 cordis
3296 3080 3489 3134 opera-

1924 3154 2020 3221 tio,
2050 3159 2104 3206 et
2130 3166 2348 3208 rursum
2381 3154 2578 3224 aspicit
2616 3154 2901 3224 cogitatio,
2931 3163 2989 3210 ut
3039 3172 3160 3227 ηοω
3204 3172 3235 3211 a
3291 3172 3489 3215 sensus

1924 3245 2164 3298 motione
2193 3243 2265 3298 sit
2292 3243 2460 3298 libera
2490 3252 2544 3298 et
2572 3244 2795 3302 minime
2834 3248 3169 3316 perturbata.
3198 3247 3331 3302 Nam
3361 3262 3484 3304 cum

1923 3333 1978 3387 in
2011 3333 2290 3389 hominum
2314 3345 2510 3389 natura
2533 3335 2729 3406 duplex
2763 3337 2837 3393 sit
2869 3339 3135 3409 voluptas,
3166 3340 3337 3395 altera
3367 3341 3491 3411 qui-

1923 3423 2048 3479 dem
2073 3441 2195 3496 ηοω
2227 3434 2513 3482 exercetur
2542 3428 2597 3482 in
2635 3429 2813 3483 anima
2850 3446 2946 3500 per
2995 3432 3448 3501 impatibilitatem
3471 3472 3487 3497 ,

1923 3513 2094 3570 altera
2129 3530 2260 3571 vero
2290 3532 2384 3584 per
2424 3520 2887 3585 perturbationem
2920 3520 3088 3575 animi
3121 3524 3176 3575 in
3236 3538 3484 3593 corpore,

1922 3619 2088 3672 quam
2117 3620 2181 3659 ex
2210 3604 2471 3675 ambabus
2500 3606 2729 3662 liberum
2784 3610 3008 3679 elegerit
3066 3610 3374 3678 arbitrium,
3426 3628 3490 3670 ea

1923 3695 2232 3750 dominatur
2260 3696 2312 3750 in
2338 3696 2586 3751 alteram.
2616 3697 2719 3765 Qui
2752 3699 2897 3753 enim
2927 3699 3124 3770 aspicit
3149 3700 3215 3755 ad
3242 3718 3490 3768 sensum,

1922 3786 2016 3853 qui
2050 3801 2146 3856 per
2172 3802 2231 3842 se
2260 3787 2481 3842 innatus
2517 3797 2602 3843 est
2643 3791 2887 3859 corpori,
2920 3791 2967 3846 is
3017 3799 3227 3848 tractus
3266 3809 3297 3848 a
3331 3795 3490 3851 volu-

1924 3887 2086 3948 ptate,
2113 3878 2281 3934 vitam
2307 3880 2560 3934 transibit
2594 3897 2790 3951 expers
2822 3895 3014 3952 gustus
3040 3884 3237 3942 divinae
3267 3888 3487 3952 laetitiae,

1925 3979 2211 4041 propterea
2245 3971 2388 4042 quod
2413 3974 2552 4028 solet
2590 3975 2916 4045 plerumque
2943 3978 3086 4046 quod
3141 3982 3491 4048 praestantius

1925 4069 2035 4126 est,
2072 4077 2102 4115 a
2152 4063 2410 4118 deteriori
2470 4066 2775 4120 obscurari.
2816 4066 3027 4135 Quibus
3063 4079 3241 4126 autem
3277 4071 3491 4129 deside—

1926 4155 2065 4207 rium
2093 4154 2158 4208 ad
2192 4155 2358 4210 Deum
2388 4164 2472 4210 est
2515 4172 2866 4228 propensum,
2906 4163 2973 4219 iis
3031 4178 3139 4218 non
3189 4164 3490 4220 involutum

1928 4246 2167 4301 tenebris
2199 4256 2379 4302 manet
2402 4247 2628 4314 bonum,
2659 4258 2711 4303 et
2741 4262 2997 4306 censetur
3025 4268 3146 4309 esse
3179 4253 3491 4324 fugiendum

1927 4333 2191 4405 quidquid
2214 4338 2382 4392 veluti
2407 4339 2734 4407 quibusdam
2771 4342 2997 4411 magicis
3038 4346 3371 4404 carminibus
3400 4348 3497 4403 dc-

1922 4427 2049 4479 linit
2079 4442 2143 4481 ac
2166 4427 2367 4497 decipit
2409 4445 2650 4485 sensum.
2709 4429 3001 4501 Propterea
3038 4436 3219 4491 anima
3276 4441 3496 4510 quando

1928 4519 2232 4573 delectatur
2265 4520 2382 4575 sola
2426 4521 2547 4590 ejus
2605 4523 2751 4591 quod
2782 4534 2868 4581 est
2914 4530 3394 4600 contemplatione,
3426 4534 3492 4588 ad

1930 4611 2065 4664 nihil
2096 4611 2295 4666 dicitur
2351 4611 2578 4681 vigilare
2608 4627 2798 4668 eorum
2861 4633 2984 4687 ηοω
3039 4619 3107 4675 ad
3164 4623 3495 4693 voluptatem

1932 4701 2066 4755 tiunt
2098 4717 2196 4770 per
2217 4717 2463 4766 sensum,
2506 4704 2599 4759 sed
2632 4706 2780 4760 omni
2809 4723 2975 4764 sensu
3015 4707 3284 4782 corporali
3313 4724 3496 4781 exuta,

1928 4791 2072 4845 nuda
2101 4798 2155 4845 et
2186 4807 2320 4861 pura
2359 4801 2538 4848 mente
2565 4809 2662 4864 per
2701 4795 2941 4865 divinam
2975 4800 3211 4869 vigiliam
3246 4803 3341 4858 Dei
3373 4822 3497 4863 sus-

1934 4881 2066 4951 cipit
2112 4883 2530 4952 apparitionem.
2587 4885 2760 4950 Quam
2796 4903 2896 4944 nos
2923 4905 3142 4960 quoque
3172 4892 3321 4963 digni
3366 4910 3500 4951 cen-

1929 4987 2149 5028 seamur
2213 4974 2434 5044 assequi
2499 4990 2596 5045 per
2649 4991 2900 5032 somnum
2971 4982 3289 5051 praedictum
3355 4995 3501 5044 recte

1929 5070 2150 5134 agentes
2180 5065 2375 5119 animm
2408 5064 2672 5135 vigiliam.
2699 5066 2757 5122 In
2783 5068 3001 5126 Christo
3027 5069 3180 5138 Jesu,
3207 5075 3294 5130 cui
3328 5077 3501 5148 gloria

1930 5156 1984 5210 iu
2009 5156 2207 5211 saecula
2238 5156 2582 5211 saeculorum.
2621 5158 2814 5216 Amen.

2505 5247 2796 5305 HOMILIA
2843 5253 2929 5308 XI.

2001 5335 2133 5391 Car.
2163 5354 2214 5401 v,
2244 5356 2299 5392 ν.
2338 5339 2392 5394 2.
2428 5340 2538 5395 Vox
2570 5345 2830 5411 patruelis
2860 5348 2961 5400 mei
2991 5349 3167 5417 pulsat
3189 5349 3258 5403 ad
3286 5355 3502 5410 ostium.

1932 5429 2089 5498 Aperi
2135 5429 2292 5496 milii,
2351 5448 2503 5487 soror
2547 5451 2681 5497 mea,
2730 5439 3026 5508 propinqua
3074 5457 3210 5508 mea,
3260 5444 3503 5501 columba

1936 5538 2072 5586 mea,
2100 5520 2329 5591 perfecta
2352 5541 2465 5580 mea
2491 5531 2786 5609 :_quoniam
2815 5542 2971 5603 caput
2989 5549 3158 5589 meum
3186 5535 3396 5606 plenum
3425 5548 3504 5594 est

1937 5635 2075 5703 fore,
2114 5630 2161 5701 et
2193 5621 2422 5680 cincinni
2457 5624 2556 5681 mei
2600 5630 2762 5698 guttis
2793 5631 2983 5688 noctis.
3013 5630 3066 5690 5.
3100 5629 3245 5689 Exui
3272 5632 3500 5689 tunicam
3566 5690 3571 5691 ,
