3730 5980
270 234 376 291 995

1471 222 1528 274 ὃ.
1570 214 1897 276 GREGORII
1931 217 2225 282 NYSSENI

3429 221 3539 280 996

266 357 457 407 meam,
507 340 770 409 quomodo
820 338 1039 393 induant
1090 337 1255 390 eam?
1307 331 1435 386 Lavi
1484 331 1635 400 pedes
1683 344 1842 390 meos,

2025 330 2112 395 ός.
2164 328 2583 400 Έξεδυσάμην
2625 331 2730 385 τὸν
2764 330 2983 400 χιτῶνά
3000 347 3146 401 μου,
3197 327 3323 398 πῶς
3354 330 3539 386 ἐνδύ-

265 433 523 493 auomodo
574 431 860 504 inquinabo
904 430 1040 485 eos?
1073 428 1126 482 4.
1184 424 1457 479 Patruelis
1512 438 1657 477 meus
1705 421 1846 475 misit

267 534 482 578 manum
522 539 673 576 suam
693 539 791 597 per
812 521 1073 591 foramen,
1138 527 1187 570 et
1226 526 1400 571 venter
1436 529 1579 567 meus
1612 527 1846 567 commo-

272 631 353 670 ιιι
403 624 483 671 est
512 616 567 669 in
595 617 792 684 ipsum.

335 788 452 846 Hoc
477 804 695 861 quoque
723 797 806 846 est
845 803 1014 843 unum
1041 804 1106 844 ex
1136 801 1351 857 magnis
1396 782 1613 838 Domini
1645 795 1846 851 praece-

267 883 398 954 ptis,
463 900 559 955 per
612 899 733 952 qua:
807 895 964 936 mens
1024 879 1418 949 discipulorum
1471 872 1659 936 Verbi,
1722 880 1845 926 tan-

271 990 436 1046 quam
468 974 701 1045 quodam
731 974 956 1045 pulvere
985 988 1016 1027 a
1049 987 1107 1028 se
1137 983 1372 1026 excusso
1404 967 1666 1022 universo
1694 963 1843 1035 quod

266 1067 321 1121 in
352 1075 548 1121 natura
582 1065 857 1136 particeps
896 1072 981 1120 est
1031 1063 1291 1127 materiae,
1352 1060 1421 1114 ad
1480 1070 1845 1128 supernorum

266 1161 540 1216 attollitur
578 1157 935 1214 desiderium.
962 1154 1073 1212 Hoc
1104 1166 1287 1210 autem
1321 1161 1405 1210 est
1436 1161 1691 1222 oportere
1717 1165 1843 1205 esse

265 1270 463 1311 somno
496 1255 829 1325 potentiores
853 1267 949 1307 eos
995 1252 1088 1322 qui
1120 1251 1186 1304 ad
1217 1251 1381 1304 vitam
1428 1246 1703 1318 aspiciunt
1752 1260 1846 1299 su-

266 1361 512 1416 pernam,
545 1352 599 1400 et
627 1352 806 1399 mente
841 1351 1104 1414 perpetuo
1148 1342 1395 1410 vigilare,
1429 1340 1596 1394 veluti
1648 1352 1846 1408 quam—

268 1437 395 1491 dam
435 1436 741 1490 animarum
774 1434 1144 1504 deceptiicem
1171 1441 1225 1488 et
1252 1432 1498 1487 veritatis
1540 1428 1845 1485 insidiatri-

265 1544 383 1583 cem
416 1528 769 1597 expellentes.
801 1542 867 1580 ex
935 1527 1111 1581 oculis
1156 1525 1624 1579 dormitatiou‘em.
1686 1522 1841 1575 lllum

267 1619 392 1674 dico
422 1635 674 1674 somnum
707 1627 761 1674 et
783 1618 1254 1680 dormitationem,
1288 1632 1383 1686 per
1406 1631 1529 1686 qua:
1563 1615 1631 1671 iis
1663 1616 1755 1686 qui
1785 1615 1838 1667 in

1950 434 2132 489 σομαι
2179 423 2399 486 αὑτόν;
2462 423 2793 492 Ἐνιψὰμην
2832 423 2974 489 τοὺς
3004 421 3194 488 πόδας
3228 440 3373 491 μου,
3406 423 3543 490 πῶς

1942 511 2190 580 μολυνῶ
2212 515 2474 581 aurove;
2511 515 2859 585 ’Λδελφιδός
2872 533 2992 585 μου
3017 515 3341 572 ἀπέστειλε
3367 515 3541 585 χεῖρα

1948 604 2135 658 αὑτοῦ
2163 606 2282 660 ἀπὸ
2318 607 2495 675 ὀπῆς,
2535 608 2635 662 καὶ
2677 610 2717 677 ἠ
2767 610 2966 663 κοιλία
2995 626 3116 680 μου
3157 608 3412 678 ἐθροήθη
3440 609 3539 663 ἐπ’

1948 696 2156 751 αὐτόν.

2025 768 2121 840 ‘Ev
2149 789 2244 842 xui.
2272 788 2430 843 τοῦτο
2465 789 2575 844 τῶν
2616 790 2864 861 μεγάλων
2911 788 3388 862 παραγγελμάτων
3416 788 3533 842 ἐστι

1948 882 2044 936 τοῦ
2075 881 2301 951 Κυρίου,
2332 883 2398 936 δι’
2434 872 2511 936 ὧν
2542 885 2575 954 ή
2601 884 2810 938 διάνοια
2833 882 2942 936 τῶν
2973 882 3429 955 μαθητευομένων
3457 880 3538 951 τῷ

1948 971 2127 1043 Λόγῳ,
2148 973 2400 1045 καθάπερ
2427 974 2550 1029 τινά
2571 975 2699 1045 χοῦν
2728 976 2872 1030 ἆπαν
2896 974 2957 1028 τὸ
2981 974 3180 1038 ὑλῶδες
3198 974 3298 1045 τῆς
3318 972 3539 1043 φύσεως

1947 1064 2040 1133 ἀφ’
2094 1066 2295 1136 ἑαυτῆς
2338 1066 2705 1132 ὲκτινάξασα,
2754 1066 2890 1137 πρὸς
2933 1067 3032 1138 τὴν
3076 1065 3373 1136 ἐπιθυμίαν
3422 1064 3539 1118 τῶν

1948 1157 2358 1228 ὑπερκειμένων
2406 1159 2713 1230 ἐπαίρεται.
2768 1158 2941 1213 Τοῦτο
3000 1159 3057 1213 δέ
3109 1160 3266 1223 ἐστι,
3316 1158 3381 1211 τὸ
3423 1157 3538 1211 δεῖν

1946 1249 2245 1320 κρείττους·
2260 1246 2399 1305 εἶναι
2428 1249 2523 1304 τοῦ
2556 1251 2725 1307 ὕπνου
2790 1253 2917 1315 τοὺς
2955 1251 3091 1324 πρὸς
3122 1252 3221 1322 τὴν
3250 1252 3364 1306 ἄνω
3388 1250 3538 1322 ζωὴν

1948 1340 2263 1411 βλέποντας,
2295 1342 2389 1395 καὶ
2414 1342 2504 1397 διὰ
2530 1343 2731 1407 παντὸς
2773 1344 3136 1416 ἐγρηγορέναι
3185 1347 3251 1414 τῇ
3298 1343 3536 1414 διανοίᾳ,
3610 1337 3616 1341 ’

1946 1425 2057 1485 οἷον
2105 1431 2397 1487 άπατεῶνά
2443 1450 2565 1486 τινα
2607 1433 2716 1487 τῶν
2763 1434 2952 1505 ψυχῶν
3001 1434 3096 1488 καὶ
3143 1434 3246 1504 τῆς
3278 1434 3540 1506 ἀληθείας

1946 1520 2255 1603 ὲπίϐορλον,
2281 1522 2372 1576 τὸν
2398 1525 2709 1595 νυσταγμὺν
2741 1524 2848 1578 τῶν
2880 1525 3175 1596 ὀφθαλμῶν
3204 1525 3541 1579 ἀπελαύνονι

1944 1630 2066 1675 τας.
2117 1614 2354 1669 Ἐκεῖνον
2400 1614 2543 1683 λέγω
2591 1616 2683 1670 τὸν
2729 1617 3041 1687 νυσταγμδν
3074 1617 3170 1671 καὶ
3210 1616 3299 1670 τὸν
3343 1616 3539 1683 ὕπνον,

264 1711 389 1765 vitae
434 1724 677 1765 errorem
739 1707 1011 1778 profunde
1072 1708 1504 1776 immerguntur,
1565 1703 1843 1773 finguntur

2039 1700 2114 1759 ὧν
2145 1706 2440 1761 πλάττεται
2467 1679 2580 1771 τοῖς
2602 1679 2965 1780 ἐμϐαθύνουσι
2988 1712 3052 1781 τῇ
3081 1708 3177 1763 τοῦ
3207 1710 3324 1780 βίου
3347 1679 3542 1782 ἀπάτη

265 1799 380 1855 haec
421 1799 535 1853 visa
561 1799 924 1859 somniorum,
959 1812 1153 1867 nempe
1209 1796 1586 1866 magistratus,
1619 1793 1845 1856 divitizc,

267 1891 462 1955 fastus,
528 1890 817 1961 praestigize
885 1890 1252 1959 voluptatum,-
1310 1887 1496 1958 gloriae
1551 1886 1844 1955 cupiditas,

264 1983 481 2039 deliciis
516 1981 731 2037 fruendi
754 1980 1116 2039 desiderium,
1148 1980 1396 2043 ambitio,
1426 1986 1480 2033 et
1507 1993 1849 2048 quaecunque

266 2076 322 2129 in
351 2075 452 2129 hac
482 2075 591 2128 vita
622 2074 690 2129 ab
720 2075 789 2128 iis
826 2072 920 2143 qui
954 2079 1084 2127 sunt
1113 2073 1297 2127 minus
1332 2071 1691 2135 considerati,
1728 2070 1847 2124 fiu-

266 2173 378 2221 stra
426 2165 734 2221 vehementi
795 2164 981 2221 studio
1036 2170 1397 2234 appetuntur,
1448 2178 1568 2233 quae
1605 2170 1735 2219 sunt
1767 2160 1850 2216 ef-

265 2256 488 2310 ﬂuentia
521 2261 646 2311 eum
668 2255 887 2312 labente
910 2270 975 2310 ac
1006 2262 1326 2311 transeunte
1347 2255 1606 2324 temporis
1629 2261 1844 2319 natura,

264 2358 318 2403 et
349 2363 504 2403 suam
537 2348 741 2403 habent
773 2347 1070 2404 essentiam
1102 2348 1156 2401 iu
1189 2363 1258 2402 eo
1288 2346 1434 2416 quod
1464 2361 1586 2401 esse
1621 2346 1841 2400 videan-

266 2448 376 2505 tur,
400 2448 461 2493 ut
495 2452 617 2509 quae
646 2453 823 2509 neque
879 2443 985 2499 sint
1018 2439 1163 2509 quod
1191 2438 1602 2502 existimantur,
1659 2454 1840 2508 neque

265 2541 527 2603 perpetuo
552 2539 906 2602 permaneant
935 2533 989 2587 in
1020 2546 1086 2587 eo
1123 2531 1267 2603 quod
1297 2532 1707 2595 existimantur,
1745 2531 1844 2587 sed

267 2624 431 2681 simul
462 2631 516 2679 et
551 2623 669 2679 ﬂeri
698 2623 988 2679 videantur
1014 2631 1068 2678 et
1101 2632 1352 2694 pereant,
1377 2623 1554 2679 instar
1582 2622 1843 2678 ﬂuctuum

267 2715 359 2785 qui
400 2715 456 2770 in
483 2714 643 2785 aquis
681 2722 979 2786 assurgunt
1013 2714 1068 2769 in
1112 2716 1396 2781 verticem,
1436 2721 1489 2769 et
1528 2714 1593 2768 ad
1632 2722 1848 2784 tempus

267 2813 419 2859 motu
449 2813 741 2861 ventorum
777 2806 972 2872 inﬂati,
1006 2820 1114 2862 non
1161 2804 1603 2881 babentgﬁrmam
1638 2820 1702 2860 ac
1737 2816 1851 2860 sla-

268 2896 431 2950 bilem
461 2897 696 2952 tumoris
735 2898 1109 2983 durationem,
1148 2905 1208 2951 ut
1239 2898 1331 2967 qui
1373 2913 1497 2952 cum
1541 2898 1691 2952 brevi
1732 2912 1849 2951 mo-

1948 1798 2018 1853 τά
2034 1798 2293 1869 ὀνειρὼδη
2317 1799 2488 1853 ταῦτα
2513 1800 2895 1872 φαντάσματα,
2920 1801 2987 1854 αῑΓ
3007 1800 3193 1873 ἀρχαὶ,
3218 1802 3267 1855 ot
3290 1801 3538 1868 πλοῦτοι,

1950 1890 2006 1944 αἱ
2037 1889 2362 1951 δυναστεῖαι,
2410 1893 2438 1944 ὁ
2476 1891 2666 1960 τύφος,
2714 1893 2748 1962 ή
2799 1891 2886 1946 διὰ
2918 1890 3026 1946 τῶν
3062 1891 3264 1962 ἡδονῶν
3290 1893 3539 1964 γοητεία,

1948 1977 2010 2031 τὸ
2040 1978 2312 2047 φιλόδοξόν
2337 1996 2395 2032 τε
2429 1980 2523 2037 καὶ
2541 1980 2960 2047 ἀπολαυστικὸν,
2990 1981 3083 2035 καὶ
3113 1981 3416 2052 φιλότιμον,
3444 1983 3544 2035 καὶ

1951 2070 2129 2124 πάντα
2154 2071 2254 2125 ὅσα
2288 2072 2431 2125 κατὰ
2457 2072 2548 2126 τὸν
2582 2070 2696 2144 βίον
2725 2072 2916 2128 τοῦτον
2962 2077 3075 2138 τοῖς
3115 2074 3545 2139 ἀνεπισκέπτως

1950 2160 2037 2215 διά
2066 2177 2212 2224 τινος
2248 2160 2547 2230 φαντασίας
2582 2162 2760 2231 μάτην
2798 2160 3175 2226 σπουδάζεται,
3203 2160 3240 2216 ἃ
3263 2165 3329 2231 τῇ
3368 2178 3548 2233 παρο-

1950 2250 2071 2322 δικῇ
2094 2249 2188 2304 τοῦ
2216 2251 2407 2323 χρόνου
2438 2251 2933 2323 ωμπαραρρέοντα
2958 2250 3139 2321 φύσει,
3173 2251 3231 2303 ὲν
3260 2250 3336 2321 τῷ
3362 2250 3546 2305 δοκεῖν

1952 2341 2062 2411 ἔχει
2093 2341 2153 2393 τὸ
2181 2335 2342 2407 εἶναι,
2377 2339 2499 2393 οὕτε
2533 2339 2663 2393 ὄντα
2694 2341 2833 2412 ὅπερ
2864 2340 3168 2410 νομίζεται,
3196 2338 3320 2393 οὕτε
3350 2340 3411 2392 ἐν
3436 2340 3544 2393 αὕ-

1949 2436 2028 2507 τῷ
2053 2435 2131 2506 τῷ
2171 2434 2485 2505 νομίζεσθαι
2526 2434 2662 2505 πρὸς
2709 2435 2771 2487 τὸ
2817 2434 3064 2506 διηνεκὲς
3113 2434 3540 2505 παραμένοντασ

1953 2527 2067 2582 ἀλλ’
2097 2526 2232 2599 ὁμοῦ
2261 2524 2509 2595 γίνεσθαί
2540 2542 2601 2578 τε
2630 2524 2891 2579 δοκοῦντα
2925 2526 3017 2581 καὶ
3046 2524 3419 2597 ἀπολλύμενα,
3454 2544 3543 2579 κυ-

1954 2623 2140 2694 μάτων
2184 2620 2340 2693 δίκην
2386 2620 2496 2675 τῶν
2543 2621 3034 2692 ὲγκορυφουμένων
3072 2622 3184 2683 τοῖς
3232 2619 3461 2684 ὕδασιν,
3507 2617 3544 2673 ἃ

1952 2715 2090 2787 πρὸς
2114 2716 2304 2784 καιρὸν
2329 2716 2396 2785 τῇ
2422 2714 2632 2784 κινήσει
2661 2711 2769 2766 τῶν
2802 2711 3024 2783 ἀνέμων
3055 2710 3540 2781 συνδιογκούμενα,

1952 2806 2205 2861 ἀϐέϐαιον
2249 2808 2329 2871 είς
2373 2806 2634 2877 διαμονὴν
2679 2805 2792 2877 ἔχει
2834 2804 2927 2859 τὸν
2968 2805 3164 2873 ὄγκον·
3213 2807 3272 2859 ὲν
3309 2804 3545 2876 βραχείᾳ

1953 2897 2062 2968 γάρ
2095 2900 2158 2969 τῇ
2192 2899 2330 2969 ῥοπῇ
2363 2897 2770 2951 συναναστάντα
2793 2895 2888 2949 τοῦ
2924 2895 3255 2966 πνεύματος,
3286 2896 3454 2950 πάλιν
3487 2899 3544 2949 ὲν

272 2996 459 3041 mento
490 2991 749 3058 temporis
816 2990 981 3045 simul
1024 2990 1450 3056 assurrexerint,
1486 3004 1683 3045 rursus
1732 2990 1846 3060 pla-

2025 2989 2142 3060 alii)
2170 2989 2267 3061 τὴν
2290 2993 2389 3061 τῆς
2423 2989 2697 3059 θαλάσσης
2752 2991 3075 3059 ἐπιφάνειαν
3100 2989 3363 3058 δείκνυσι,
3408 3006 3545 3060 συγ-

270 3095 398 3134 nam
429 3087 482 3134 et
518 3080 837 3149 aequabilem
872 3081 1163 3135 ostendant
1190 3080 1357 3134 maris
1390 3079 1754 3149 superficiem,
1792 3088 1850 3132 ut

268 3170 363 3242 qui
394 3171 561 3226 simul
592 3184 719 3224 cum
759 3169 891 3223 ﬂatu
914 3169 1231 3225 defecerint.
1264 3169 1337 3225 Ut
1380 3186 1510 3242 ergo
1538 3174 1743 3242 'proeul
1780 3173 1851 3228 sit

269 3276 425 3316 mens
458 3271 646 3315 nostra
710 3276 740 3315 a
782 3260 916 3316 visis
947 3260 1237 3329 ejusmodi,
1273 3276 1491 3331 gravem
1526 3261 1671 3318 hunc
1706 3277 1852 3318 som-

280 3365 428 3404 num
469 3350 626 3420 jubet
680 3351 861 3405 excuti
896 3351 966 3406 ab
1013 3352 1186 3408 oculis
1220 3353 1442 3420 mentis,
1500 3368 1567 3408 ne
1616 3354 1744 3409 dum
1794 3355 1850 3409 in

279 3456 365 3506 ea,
398 3457 520 3511 quae
544 3457 656 3495 non
687 3449 834 3507 sunt,
869 3441 1110 3497 studium
1148 3441 1505 3507 conferimus,
1530 3446 1850 3499 excitlamus

286 3534 355 3587 ab
396 3533 463 3587 iis
496 3548 618 3603 qua":
656 3534 963 3588 consistunt
992 3544 1046 3589 et
1078 3549 1206 3588 vere
1261 3544 1406 3589 sunt.
1450 3534 1515 3588 Et
1570 3536 1694 3591 ideo
1748 3552 1851 3591 nos

269 3623 525 3679 admonet
557 3631 615 3679 ut
663 3625 974 3695 vigilemus,
1027 3624 1261 3681 dicens:
1323 3624 1441 3681 Sint
1479 3627 1643 3680 lumbi
1691 3630 1851 3682 vestri

287 3717 560 3781 succincti,
588 3725 636 3771 et
664 3716 893 3771 lucerna:
922 3716 1163 3772 ardentes
1198 3718 1250 3771 in
1290 3718 1537 3773 manibus
1570 3720 1755 3773 vestris
1782 3722 1847 3772 “.

278 3806 413 3862 Nam
471 3818 526 3864 et
578 3810 670 3863 lux
723 3825 995 3879 apparens
1033 3810 1089 3863 in
1126 3811 1321 3876 oculis,
1356 3810 1424 3865 ab
1488 3812 1568 3866 eis
1630 3812 1850 3881 expellit

278 3914 529 3954 somnum
557 3917 572 3955 :
605 3908 659 3954 et
685 3899 907 3955 lumbus
947 3901 1228 3956 accinctus
1257 3901 1417 3957 eﬂicit
1447 3918 1540 3972 per
1572 3903 1847 3973 cingulum

269 3994 323 4040 ut
361 4002 560 4057 corpus
591 3988 866 4041 somnium
927 4002 1034 4042 non
1092 3989 1270 4057 possit
1314 3989 1625 4053 admittere,
1684 4006 1846 4045 sensu

269 4077 515 4133 laborum
544 4093 652 4131 non
688 4076 1010 4132 admittente
1048 4080 1227 4133 somni
1264 4080 1679 4136 relaxationem.
1712 4081 1850 4135 Sunt

268 4177 451 4224 autem
483 4169 706 4223 omnino
763 4167 1095 4233 manifesta,
1152 4185 1275 4240 qua:
1329 4156 1715 4242 significantur
1755 4189 1852 4243 per

267 4262 596 4331 aenigmata:
631 4276 825 4331 nempe
856 4262 1000 4330 quod
1056 4263 1149 4331 qui
1188 4271 1273 4317 est
1315 4265 1598 4321 accinctus
1644 4274 1851 4336 tempe-

1955 3080 2363 3134 κατασταλέντα
2396 3079 2473 3150 τῷ
2503 3080 2794 3151 πνεύματι.
2855 3082 2945 3145 Ὠς
2974 3076 3067 3134 οὖν
3096 3079 3201 3148 ἔξω
3228 3080 3339 3134 τῶν
3363 3080 3545 3134 τοιού-

1950 3188 2060 3225 των
2103 3171 2314 3241 γένοιτο
2362 3173 2663 3243 φασμάτων
2693 3175 2824 3245 ἡμῖν
2873 3174 2906 3245 ή
2954 3174 3183 3237 διάνοια,
3231 3172 3323 3227 τὸν
3370 3174 3545 3245 βαρὺν

1951 3263 2138 3320 τοῦτον
2168 3265 2335 3318 ὕπνον
2370 3264 2721 3319 ἀποσείεσθαι
2762 3264 2869 3319 τῶν
2911 3267 3012 3336 τῆς
3055 3266 3234 3337 ψυχῆς
3276 3266 3546 3337 ὀμμάτων

1957 3356 2348 3419 διακελεύεται,
2382 3357 2468 3409 ἵνα
2502 3357 2575 3429 μὴ
2604 3358 2668 3427 τῇ
2720 3358 2849 3428 περὶ
2885 3356 2947 3410 τὸ
2979 3357 3330 3427 ἀνύπαρκτον
3369 3376 3544 3412 σπουι

1952 3447 2037 3519 δῇ,
2083 3447 2193 3501 τῶν
2224 3445 2547 3516 ὑφεστώτων
2573 3465 2632 3501 τε
2668 3449 2763 3502 καλ⁸
2803 3447 2878 3511 ὡς
2904 3447 3121 3519 ἀληθῶς
3152 3447 3322 3502 ὄντων
3351 3449 3546 3503 ἀπολι-

1955 3540 2262 3610 σθήσωμεν.
2310 3538 2408 3592 Διά
2447 3538 2606 3593 τοῦτο
2643 3541 2737 3593 καὶ
2764 3538 3077 3593 ὑποτίθεται
3121 3541 3253 3611 ἡμῖν
3294 3541 3544 3595 ἐπίνοιαν

1952 3634 2052 3701 τῆς
2071 3632 2472 3703 ἐγρηγόρσεως,
2490 3631 2684 3701 λέγων’
2712 3633 3029 3707 Ἔστωσαν
3041 3631 3209 3701 ὑμῶν
3230 3635 3289 3686 αἱ
3309 3632 3545 3702 (5059178;-

1955 3721 2429 3792 περιεζωσμέναι,
2461 3723 2559 3776 καί
2606 3727 2659 3778 ol
2702 3724 2919 3792 λύχνοι
2962 3727 3267 3793 καιόμενοι
3295 3725 3368 3778 ἐν
3415 3727 3546 3792 ταῖς

1956 3814 2169 3883 χερσὶν
2208 3812 2394 3884 ὑμῶν.
2443 3816 2568 3880 Τοῖς
2612 3833 2671 3869 τε
2714 3817 2822 3888 γάρ
2868 3816 3165 3886 ὀφθαλμοῖς
3196 3817 3257 3871 τὸ
3282 3817 3408 3886 ’φῶς
3440 3820 3544 3889 ὲμ·

1954 3905 2279 3976 φαινόμενον
2310 3906 2568 3959 ἀποσοϐεῖ
2595 3906 2701 3959 τῶν
2732 3907 2995 3978 ὀμμάτων
3019 3908 3110 3960 τὸν
3140 3907 3307 3962 ὕπνον
3330 3926 3342 3938 ·
3389 3911 3486 3963 καὶ
3510 3911 3544 3981 ὴ

1953 3999 2124 4066 ὀσφὺς
2163 3998 2518 4069 διεσφιγμένη
2569 3990 2657 4052 δίἆι
2691 4001 2788 4070 τῆς
2819 3998 3014 4071 ζώνης,
3052 4000 3436 4071 ἀπαράδεκτον
3466 4001 3545 4072 τῷ

1956 4087 2108 4159 ὕπνῳ
2128 4089 2535 4159 παρασκευάζει
2563 4090 2624 4143 τὸ
2652 4090 2831 4161 σῶμα,
2862 4091 2923 4144 οὑ
2955 4091 3328 4163 προσιεμένης
3354 4092 3456 4163 τὴν
3479 4093 3544 4146 ὲκ

1953 4179 2047 4233 τοῦ
2080 4180 2249 4235 ὕπνου
2294 4180 2478 4235 ἄνεσιν
2508 4183 2606 4252 τῆς
2632 4181 2739 4233 τῶν
2780 4182 2957 4235 πόνων
3004 4180 3332 4253 αἰσθήσεως.
3388 4181 3543 4251 Σαφῆ

1953 4273 2011 4326 δὲ
2043 4274 2258 4337 πάντως
2303 4275 2420 4327 ἐστὶ
2451 4273 2519 4326 τὰ
2548 4273 2637 4328 διά
2677 4272 2787 4326 τῶν
2822 4274 3162 4345 αἰνιγμάτων
3190 4273 3500 4345 δηλούμενα
3524 4289 3539 4305 ⁸

270 4352 468 4416 rautia,
495 4352 549 4406 in
581 4353 701 4407 luce
727 4368 876 4423 pura:
906 4356 1256 4410 conscientia:
1285 4357 1439 4422 vivit,
1470 4357 1600 4412 dum
1625 4358 1846 4413 lucerna

2025 4368 2084 4420 ιὸ
2112 4369 2176 4439 τῇ
2209 4367 2532 4440 σωφροσύνῃ
2561 4365 2920 4438 διεζωσμένος
2952 4369 3011 4422 ὲν
3044 4367 3185 4436 φωτὶ
3211 4366 3278 4439 ζῇ
3311 4366 3405 4420 τοῦ
3438 4384 3541 4420 κα-

269 4444 437 4499 vitam
496 4445 736 4499 illustrat
800 4457 1149 4516 praesentem,
1211 4464 1306 4518 per
1350 4465 1516 4519 quam
1553 4460 1846 4520 apparente

2028 4460 2124 4533 ροῦ
2153 4460 2472 4525 συνειδότος,
2508 4460 2602 4512 τοῦ
2623 4458 2817 4530 λύχνου
2848 4462 2946 4529 τῆς
2975 4458 3291 4530 παρρησίας
3311 4459 3401 4512 τὸν
3427 4459 3541 4529 βίον

277 4537 526 4599 veritate,
559 4537 739 4590 anima
774 4549 955 4592 manet
1005 4540 1275 4596 insomnis
1306 4549 1361 4596 et
1403 4542 1712 4612 deceptioui
1744 4544 1846 4598 mi-

2028 4552 2412 4624 ριαυγάζοντος
2438 4592 2452 4615 ,
2505 4547 2566 4606 οὕ
2620 4551 2719 4623 τῆς
2781 4551 3041 4622 ἀληθείας
3097 4551 3541 4623 προφαινομένης

272 4626 424 4679 nime
484 4624 742 4690 obnoxia,
786 4634 841 4681 et
894 4644 1016 4697 quae
1074 4632 1276 4687 nullius
1331 4631 1525 4687 borum
1574 4634 1846 4689 fallacium

2028 4643 2158 4705 πνός
2201 4661 2260 4697 τε
2293 4645 2386 4697 καὶ
2413 4642 2823 4712 άνεξαπάτητος
2859 4645 2893 4714 ή
2941 4642 3088 4714 ψυχὴ
3136 4641 3401 4713 διαμένει,
3450 4643 3541 4694 οὑ-

269 4714 609 4770 somniorum
663 4716 735 4772 sit
775 4718 1069 4789 particeps.
1136 4720 1203 4775 Ut
1249 4731 1432 4776 autem
1483 4734 1846 4794 congruenter

2025 4735 2061 4787 ti.
2087 4734 2195 4789 τῶν
2225 4734 2430 4788 ἀτελῶν
2462 4734 2665 4788 τούτων
2698 4735 2923 4806 ὀνείρων
2957 4733 3433 4805 ὲμματαιάζουσα.
3476 4733 3537 4785 Εἰ

268 4805 432 4862 Verbi
496 4808 845 4877 explicationi
904 4810 1006 4865 hoc
1068 4821 1216 4868 recte
1274 4822 1533 4884 geratur,
1599 4817 1845 4885 angelica

267 4898 514 4969 quaedam
541 4900 653 4953 vita
690 4915 792 4956 nos
818 4902 1041 4972 excipit.
1090 4902 1185 4957 His
1235 4906 1382 4958 enim
1446 4921 1547 4961 uos
1580 4908 1844 4962 assimiiat

267 4989 510 5043 divinum
543 4999 896 5061 praeceptum,
929 5007 1052 5045 cum
1076 4991 1207 5046 dicit
1239 5010 1254 5047 :
1288 4992 1355 5047 Et
1391 5011 1475 5048 vos
1512 4997 1707 5052 similes
1747 4999 1845 5053 Ito-

269 5081 503 5136 minibus
537 5083 964 5150 exspectantibus
992 5082 1264 5138 dominum
1291 5101 1446 5141 suum
1496 5091 1711 5159 quando
1761 5107 1846 5144 re-

267 5171 387 5225 deat
414 5190 447 5226 a
479 5174 703 5242 nuptiis,
749 5183 808 5228 ut
853 5192 970 5229 cum
1003 5178 1197 5232 venerit
1228 5186 1279 5231 et
1323 5179 1636 5248 pulsaverit,
1670 5183 1851 5253 confe-

276 5266 400 5319 stim
439 5268 487 5320 ei
523 5268 762 5338 aperiant
790 5270 858 5324 ι’,
886 5268 963 5324 Illi
997 5271 1141 5326 enim
1193 5279 1322 5326 sunt
1369 5274 1463 5343 qui
1504 5273 1718 5330 Domini
1753 5292 1849 5332 ex-

277 5364 533 5426 Spectant
569 5359 802 5413 reditum
836 5375 865 5413 a
909 5362 1137 5432 nuptiis,
1196 5371 1251 5419 et
1294 5365 1619 5424 caelestibus
1677 5372 1850 5438 portis

270 5445 447 5501 oculis
481 5447 727 5503 assident
770 5451 1143 5520 vigilantibus,
1180 5464 1239 5509 ut
1270 5471 1364 5525 per
1397 5473 1490 5514 eas
1539 5474 1731 5516 rursus
1763 5461 1845 5516 in-

349 5616 393 5650 “
417 5620 548 5679 Luc.
571 5634 670 5688 sn,
702 5620 811 5676 55.‘
890 5624 934 5657 "
970 5624 1100 5681 ibid.
1139 5627 1229 5684 36.

1950 4826 2006 4880 δὲ
2029 4825 2186 4879 τοῦτο
2212 4825 2579 4897 κατορθωθείη
2619 4825 2756 4879 κατά
2784 4826 2882 4897 τὴν
2903 4825 2996 4879 τοῦ
3033 4825 3208 4894 Λόγου
3235 4824 3534 4894 ὑφήγησιν,

1951 4918 2238 4987 ἀγγελικός
2273 4934 2356 4982 τις
2408 4906 2556 4989 ἡμᾶς
2601 4918 2907 4988 διαδέχεται
2968 4918 3100 4987 βίος.
3159 4917 3384 4980 Τούτοις
3427 4916 3537 4985 γὰρ

1951 5010 2097 5079 ἡμᾶς
2123 5009 2300 5079 ὁμοιοῖ
2325 5007 2384 5061 τὸ
2414 5007 2555 5062 θεῖον
2587 5008 2975 5079 παράγγελμα,
3005 5008 3071 5061 δι’
3100 5000 3175 5061 ὧν
3204 5023 3372 5077 φησιν
3392 5023 3405 5036 ·
3456 5007 3537 5059 ὅτι

1950 5098 2057 5151 Καὶ
2087 5098 2258 5167 ὑμεῖς
2284 5097 2473 5168 ὅμοιοι
2517 5098 2856 5167 ἀνθρώποις
2888 5098 3401 5168 προσδεχομένοις
3434 5096 3539 5149 τὸν

1949 5189 2158 5256 κύριον
2181 5190 2433 5255 ἑαυτῶν,
2463 5191 2609 5245 πότε
2635 5192 2920 5261 ἀναλύσῃ
2941 5192 3011 5246 ἐκ
3041 5190 3163 5245 τῶν
3189 5190 3416 5261 γάμων,
3440 5191 3535 5242 ira

1947 5283 2234 5349 ἐλθόντος
2289 5282 2385 5336 καὶ
2454 5284 2863 5352 κρούσαντος,
2928 5281 3145 5348 εὐθέως
3208 5281 3537 5345 ἀνοίξωσιν

1948 5373 2126 5441 αὐτῷ.
2179 5376 2409 5429 Ἐκεῖνοι
2434 5376 2543 5449 γάρ
2575 5377 2712 5428 εἰσιν
2759 5376 2807 5428 oi
2854 5373 3276 5445 προσδεχόμενοι
3305 5373 3400 5426 τοῦ
3431 5370 3534 5426 Ku-

1964 5466 2078 5537 ρίου
2117 5465 2214 5539 τὴν
2252 5469 2317 5522 ἐκ
2353 5467 2461 5522 τῶν
2489 5467 2682 5538 γάμων
2708 5468 2986 5536 ἐπάνοδον,
3029 5468 3122 5522 καὶ
3156 5468 3278 5531 ταῖς
3301 5467 3538 5536 ἐπουρα-
