3742 5986
184 224 281 279 997

1218 218 1285 273 IN
1315 217 1611 275 CANTICA
1644 218 1913 309 CAN'I‘lC.
1957 219 2240 276 IIOMIIJA
2280 219 2372 275 XI.

3324 224 3439 281 998

174 334 305 396 νίοις
337 330 532 395 πύλαις
551 331 875 402 ἐγρηγορότι
899 330 974 401 τῷ
1002 330 1263 403 ὀφθαλμῷ
1294 334 1751 404 προσκαθήμενοι,

1924 335 2139 389 ediatur
2167 335 2278 390 Rex
2309 334 2498 406 gloria;
2532 349 2785 391 reversus
2820 350 2851 389 a
2902 337 3112 407 nuptiis
3145 353 3201 394 tn
3235 352 3427 410 super-

176 430 262 484 ’ίνα
287 425 452 481 πάλιν
480 423 694 495 εἰσέλθῃ
716 424 785 477 δι’
812 422 993 477 αὐτῶν
1019 423 1146 476 ὅταν
1169 423 1408 495 ἀναλύσῃ
1433 425 1495 478 ἐκ
1518 425 1626 479 τῶν
1652 426 1752 495 γά-

174 535 292 588 μων
317 519 347 572 ὁ
377 515 629 591 βασιλεὺς
658 514 759 585 τῆς
802 513 957 585 δόξης
1000 515 1080 578 εἰς
1118 514 1217 585 τὴν
1242 514 1629 587 ύπερουρὰνιον
1697 513 1755 566 ἐ-

174 606 360 675 κείνην
374 604 945 678 μακαριότητα.”Οθεν
987 606 1130 659 κατὰ
1164 605 1264 678 τὴν
1300 605 1636 678 ψαλμῳδίαν,
1677 609 1752 674 ὡς

174 702 237 751 ἐκ
267 698 541 761 παστάδος
579 696 609 749 ὁ
649 700 882 767 νυμφίος
907 696 1261 768 ἐκπορευθεὶς
1313 696 1593 769 ἡρμόσατο
1629 700 1753 753 ἑαυ-

170 786 249 858 τῷ
304 786 573 857 παρθένον
605 786 751 856 ἡμᾶς
787 783 874 839 διὰ
912 784 1007 857 τῆς
1058 786 1323 858 μυστικῆς
1348 788 1753 861 ἀναγεννήσεως

175 879 275 950 τὴν
314 881 428 943 τοῖς
481 877 720 943 εἰδώλοις
774 878 1270 950 ἐκπορνευθεῖσαν,
1322 881 1403 946 είς
1447 882 1753 955 ἀφθαρσίαν

172 969 516 1042 παρθενικὴν
554 968 1010 1039 ἀναστοιχειώσας
1043 969 1143 1042 τὴν
1171 969 1349 1040 φύσιν.
1386 970 1506 1026 Τῶν
1532 968 1623 1026 οὖν
1649 972 1751 1041 γά-

173 1081 294 1136 μων
336 1063 439 1135 ῆδη
472 1059 870 1132 τετελεσμένων
890 1101 905 1127 ,
949 1060 1046 1117 καὶ¹
1090 1062 1489 1136 νυμφευθείσης
1520 1064 1625 1117 ὑπὸ
1655 1064 1749 1118 τοῦ

170 1155 348 1224 Λόγου
386 1154 487 1224 τῆς
523 1151 869 1224 Έκκλησίας,
900 1151 1082 1218 καθώς
1111 1170 1274 1225 φησιν
1299 1155 1328 1208 ὁ
1368 1155 1639 1226 Ἰωάννης,
1669 1156 1750 1209 ὅτι

183 1244 247 1298 '0
274 1244 434 1312 ἔχων
456 1244 574 1312 τὴν
608 1243 857 1312 νύμφην
884 1243 1147 1313 νυμφίος
1176 1244 1341 1299 ἐστι’
1387 1244 1494 1298 καὶ.
1529 1247 1608 1309 είς
1658 1246 1750 1299 τὸν

172 1336 281 1391 τῶν
316 1334 627 1407 μυστηρίων
657 1334 900 1406 θάλαμον
943 1335 1111 1405 αὐτῆς
1160 1335 1613 1408 παραδεχθείσης,
1658 1339 1752 1391 ἀν-

174 1428 368 1498 έμενον
396 1428 446 1480 οἱ
492 1426 711 1496 ἄγγελοι
757 1427 856 1498 τὴν
899 1427 1155 1482 ἐπάνοδον
1197 1427 1290 1482 τοῦ
1334 1427 1614 1498 βασιλέως,
1649 1427 1750 1499 τῆς

186 1516 515 1587 Ἐκκλησίας
541 1514 939 1586 ἐπαναχθείσης
967 1515 1058 1569 ἐπὶ
1092 1517 1191 1587 τὴν
1213 1516 1353 1570 κατὰ
1380 1516 1541 1586 φύσιν
1576 1533 1750 1588 μακα-

177 1605 422 1679 ριότητα.
460 1607 683 1673 Τούτοις
714 1603 806 1662 οὖν
847 1603 967 1661 εἷπε
1012 1607 1120 1661 δεῖν
1167 1607 1483 1679 ὁμοιοῦσθαι
1527 1608 1620 1663 καὶ
1658 1607 1750 1663 τὸν

1858 427 2136 492 caelestem
2193 427 2342 481 illam
2404 426 2816 481 beatitudinem.
2863 427 3014 485 Unde
3060 437 3432 502 congruenter

1858 515 1907 571 ei
1936 515 2081 585 quod
2120 517 2338 570 canitur
2392 516 2449 570 in
2478 516 2723 583 psalmis,
2757 527 3010 586 tanquam
3067 525 3137 573 ex
3184 520 3428 575 thaiamo

1857 605 2160 675 procedens
2201 620 2439 676 sponsus
2458 605 2526 670 '°,
2560 620 2662 661 nos
2693 606 2799 662 sibi
2834 608 3125 678 despondit
3157 610 3423 679 virginem

1858 710 1956 764 per
1980 696 2263 766 mysticam
2293 697 2758 768 regenerationem
2786 713 2907 767 quae
2938 712 3059 753 cum
3100 698 3258 761 idolis
3308 699 3427 753 fue-

1858 793 1944 840 rat
1984 783 2274 852 fornicata,
2305 786 2372 841 ad
2426 786 2890 858 incorruptionem
2944 788 3261 859 virginalem
3311 789 3426 861 ipsa

1860 876 2160 932 reformata
2217 886 2437 934 natura.
2470 876 2715 935 Peractis
2748 894 2879 950 ergo
2910 880 3024 950 jam
3086 882 3311 950 nuptiis,
3370 889 3428 936 et

1858 963 2099 1022 Ecclesia
2146 982 2180 1020 a
2204 965 2383 1023 Verbo
2418 967 2688 1038 desponsa
2719 987 2732 1022 :
2769 969 2911 1023 sicut
2962 968 3093 1023 dicit
3146 968 3423 1024 Joannes:

1856 1058 1965 1125 Qui
1996 1059 2149 1114 habet
2189 1077 2454 1126 sponsam,
2487 1077 2711 1130 sponsus
2740 1071 2817 1115 est
2844 1058 2927 1116 "':
2985 1067 3040 1115 et
3090 1075 3152 1114 ea
3186 1060 3425 1117 admissa

1855 1150 1912 1204 in
1946 1150 2244 1206 thalamum
2274 1153 2660 1224 mysteriorum
2703 1167 2769 1207 ac
2798 1160 3288 1216 sacramentorum,
3329 1167 3429 1207 ex-

1856 1241 2177 1308 spectabant
2220 1243 2396 1314 angeli
2442 1242 2678 1298 reditum
2711 1243 2874 1313 regis,
2931 1241 3153 1296 reducta
3185 1241 3428 1297 Ecclesia

1858 1331 1924 1386 ad
1951 1332 2342 1387 beatitudinem
2390 1349 2512 1403 qua:
2538 1340 2621 1390 est
2651 1333 2951 1389 secundum
3006 1340 3280 1388 naturam.
3333 1331 3429 1388 llis

1856 1437 1988 1495 ergo
2013 1422 2153 1479 dixit
2180 1433 2433 1495 oportere
2468 1425 2638 1480 vitam
2692 1432 2935 1481 nostram
2993 1439 3115 1480 esse
3169 1425 3427 1490 similem,

1857 1518 1918 1566 ut
1950 1514 2092 1569 sicut
2119 1515 2199 1569 illi
2227 1516 2417 1586 procul
2448 1516 2640 1571 avitio
2673 1523 2726 1571 et
2755 1530 2942 1571 errore
2974 1516 3142 1570 vitam
3182 1522 3425 1585 agentes,

1836 1613 1992 1662 'sunt
2023 1608 2200 1677 parati
2227 1607 2292 1664 ad
2322 1608 2619 1664 adventum
2649 1606 2865 1662 Domini
2901 1607 3315 1676 excipiendum:
3354 1607 3428 1661 ita

174 1698 445 1770 ἡμέτερον
477 1697 620 1768 βίον·
663 1697 751 1752 ἵνα
783 1697 1032 1770 καθάπερ
1081 1698 1276 1752 ἐκεῖνοι
1330 1698 1517 1771 πόρρω
1554 1697 1751 1762 κακίας

1923 1711 1956 1753 ιε
1982 1712 2199 1768 quoque
2229 1697 2535 1755 assidentes
2561 1699 2846 1755 vestibulis
2896 1705 3208 1751 nostrorum
3262 1696 3430 1752 domi-

171 1788 268 1841 καὶ
307 1789 522 1860 ἀπάτης
556 1788 982 1859 πολιτευόμενοι,
1028 1788 1164 1860 πρὸς
1192 1789 1456 1861 ὑποδοχήν
1496 1790 1631 1843 εἰσιν
1662 1788 1750 1843 εύ-

168 1881 396 1949 τρεπεῖς
418 1878 518 1949 τῆς
552 1879 875 1950 δεοποτικῆς
902 1880 1233 1952 παρουσίας·
1274 1881 1416 1934 οὕτω
1454 1881 1549 1935 καὶ
1588 1882 1748 1952 ἡμεῖς

1855 1787 2131 1853 ciliorum,
2169 1803 2271 1853 nos
2307 1790 2601 1844 reddamus
2631 1796 2911 1859 promptos
2940 1786 3007 1841 ad
3040 1785 3426 1853 obediendum,

1855 1878 2077 1949 quando
2106 1879 2401 1937 adveniens
2428 1881 2667 1951 pulsabit
2690 1880 2915 1933 ostium.
2946 1878 3099 1933 Beati
3142 1876 3309 1946 enim,
3343 1878 3428 1932 in-

169 1969 282 2031 τοῖς
330 1966 626 2038 προθύροις
667 1967 775 2022 τῶν
820 1968 1176 2038 καταγωγίων
1228 1968 1385 2040 ἡμῶν
1436 1985 1750 2040 προσαγρυ-

1926 1970 1989 2035 ῑι,
2038 1972 2210 2039 servi,
2249 1988 2379 2042 quos
2422 1988 2540 2027 cum
2570 1973 2767 2026 venerit
2808 1971 3054 2026 dominus
3092 1971 3314 2025 inveniet
3349 1969 3427 2025 sic

169 2058 452 2122 πνοῦντες,
479 2058 727 2129 ἑτοίμους
747 2059 882 2131 πρὸς
903 2058 1146 2130 ὑπακοὴν
1168 2060 1393 2123 ἑαυτοὺς
1413 2060 1748 2132 ποιήσωμεν,

1849 2058 2103 2128 facientes
2125 2061 2193 2116 ’⁸.

169 2149 296 2205 ὅταν
319 2150 547 2216 ἐπιστὰς
567 2127 742 2225 κρούῃ
758 2127 856 2222 τὴν
878 2152 1069 2225 θύραν.
1094 2127 1385 2223 Μακάριοι
1406 2127 1536 2225 γὰρ,
1559 2127 1744 2224 φησὶν,
1783 2127 2073 2210 οῑίδοῦλοι
2099 2156 2335 2221 ἐκεῖνοι,
2365 2154 2471 2222 οὓς
2496 2154 2688 2211 ἐλθὼν
2725 2159 2758 2210 ὀ
2807 2155 3009 2223 κύριος
3079 2152 3278 2209 αὐτῶν
3330 2156 3429 2210 εὑ-
3476 2127 3487 2137 α

166 2243 343 2312 ρήσει
377 2244 700 2309 ποιοῦντας
730 2244 935 2310 οὕτως.

261 2336 416 2389 Ἐπεὶ
454 2330 547 2389 οὖν
583 2335 848 2408 μακάριόν
894 2338 1010 2390 ἐστι
1041 2336 1102 2390 τὸ
1145 2336 1439 2391 ὑπακούειν
1482 2336 1558 2409 τῷ
1586 2337 1752 2410 κρού-

174 2445 306 2492 οντι,
341 2426 530 2482 τούτου
556 2427 716 2499 χάριν
751 2428 1041 2493 διαπαντὸς
1082 2428 1219 2501 πρὸς
1244 2428 1356 2501 τῆν’
1374 2430 1751 2502 μακαριότητα

178 2517 473 2588 βλέπουσα,
504 2516 817 2572 αἰσθάνεται
848 2517 942 2571 τοῦ
974 2516 1322 2588 παρεστῶτος
1360 2520 1425 2590 τῇ
1458 2517 1616 2589 θύρᾳ,
1648 2535 1749 2572 κα-

176 2609 283 2674 λῶς
327 2612 441 2674 τοῖς
488 2610 637 2675 ἰδίοις
678 2611 970 2682 θησαυροῖς
998 2609 1418 2681 ἐπαγρυπνοῦσα
1456 2610 1627 2681 ψυχὴ,
1656 2610 1751 2665 καί

180 2717 376 2770 φησιν·
407 2700 577 2768 Φωνὴ
616 2701 722 2755 τοῦ
767 2699 1093 2770 ἀδελφιδοῦ
1120 2718 1239 2769 μου
1260 2701 1461 2769 κρούει
1499 2700 1595 2754 ἐπὶ
1636 2701 1753 2770 τὴν

180 2792 388 2859 θύραν.
423 2790 547 2854 Πῶς
576 2792 640 2846 ἄν
661 2808 742 2855 τις
762 2790 859 2861 τὴν
885 2791 1018 2863 πρὸς
1044 2789 1112 2844 τὰ
1136 2789 1379 2861 θειότερα
1409 2792 1510 2862 τῆς
1536 2791 1753 2862 νύμφης

178 2881 367 2936 ἄνοδον
402 2881 494 2935 διὰ
524 2881 631 2935 τῶν
662 2881 966 2952 λεγομένων
1011 2879 1177 2945 ἀξίως
1220 2883 1638 2952 κατανοήσειεν;
1686 2882 1752 2934 'II

180 2974 321 3045 μετὰ
377 2974 643 3045 τοσαύτης
700 2973 943 3039 ἐξουσίας
994 2991 1050 3028 τε
1100 2975 1192 3028 καὶ
1242 2974 1621 3045 πεποιθήσεως
1662 2973 1753 3027 τὸν

180 3064 417 3137 σκληρὸν
445 3066 647 3118 ἐκεῖνον
686 3065 888 3136 Βορέαν
921 3065 1014 3136 ἀφ’
1053 3066 1250 3136 ἑαυτῆς
1280 3065 1615 3130 ἐξοικίσασα,
1661 3065 1756 3119 καί⁹

1923 2333 2192 2400 Quoniam
2226 2346 2354 2402 ergo
2394 2331 2614 2387 beatum
2663 2339 2749 2407 est
2787 2330 3009 2387 obedire
3064 2329 3322 2401 pulsanti,
3362 2345 3425 2387 ea

1852 2424 1921 2482 de
1952 2439 2118 2479 causa
2162 2422 2343 2476 anima
2390 2437 2511 2493 quas
2549 2430 2810 2492 perpetuo
2864 2423 3059 2491 aspicit
3089 2422 3157 2476 ad
3194 2424 3429 2478 beatitu-

1852 2518 2058 2583 dinem,
2086 2514 2203 2571 suis
2237 2515 2517 2570 thesauris
2568 2515 2858 2582 diligenter
2908 2514 3219 2585 invigilans,
3261 2516 3427 2571 sentit

1854 2622 2118 2679 sponsum
2155 2613 2389 2662 stantem
2417 2604 2483 2661 ad
2514 2606 2739 2671 ostium,
2771 2612 2825 2661 et
2873 2605 3040 2660 dicit:
3076 2604 3189 2659 Vox
3220 2618 3427 2675 patrue-

1855 2701 1922 2757 lis
1959 2701 2060 2754 mei
2093 2698 2269 2768 pulsat
2299 2697 2368 2751 ad
2391 2698 2603 2752 ostium.
2632 2696 2921 2763 Quomodo
2944 2705 3130 2769 posset
3154 2699 3428 2769 quispiam

1852 2807 1953 2865 pro
1986 2791 2249 2863 dignitate
2280 2791 2632 2846 considerare
2675 2806 2891 2860 sponsa:
2924 2805 3210 2845 ascensum
3261 2792 3329 2845 ad
3363 2806 3425 2848 ea

1851 2900 1974 2955 quas
2006 2891 2137 2939 sunt
2165 2882 2485 2937 diviniora?
2527 2881 2658 2948 Quae
2686 2897 2809 2936 cum
2861 2889 3015 2936 tanta
3070 2882 3321 2939 libertate
3361 2897 3428 2939 ac

1855 2977 2054 3032 ﬁducia
2084 2975 2280 3030 durum
2313 2974 2464 3028 illum
2496 2974 2720 3029 boream
2748 2989 2779 3028 a
2807 2991 2866 3031 se
2891 2975 3223 3041 amandavit,
3259 2983 3314 3031 et
3344 2976 3429 3029 Iu-

1855 3065 2037 3121 cidum
2066 3064 2317 3135 spiritum
2345 3063 2413 3117 ad
2445 3078 2503 3119 se
2532 3063 2777 3127 attraxit,
2806 3080 2928 3135 qua:
2962 3065 3227 3120 malorum
3259 3066 3420 3136 puni-

175 3156 237 3211 τδ
279 3156 541 3225 φωτεινὸν
588 3156 804 3227 πνεῦμα
849 3156 984 3228 πρὸς
1014 3157 1209 3227 ἑαυτὴν
1253 3155 1750 3227 ἐφελκυσαμένη,ή

1927 3171 2046 3210 rum
2080 3153 2364 3225 paradisos
2395 3169 2491 3225 per
2516 3168 2578 3209 os
2606 3154 2788 3220 elficit,
2820 3171 3050 3226 quorum
3080 3173 3237 3228 poma
3272 3166 3430 3213 erant

176 3247 541 3318 παραδείσους
572 3247 709 3318 ῥοῶν
735 3247 823 3301 διὰ
847 3247 940 3301 τοῦ
977 3247 1241 3319 στόματος
1270 3248 1629 3319 ἐργαζομένη,
1676 3239 1752 3301 ὧν

179 3341 449 3412 ἀρώματα
478 3336 545 3411 ἦν
579 3340 868 3411 ἀκρόδρυα,
903 3340 936 3410 ἡ
966 3339 1055 3393 τὸν
1083 3340 1258 3411 κῆπον
1301 3338 1501 3409 ἑαυτῆς
1548 3338 1754 3410 τράπε-

181 3432 278 3496 ζαν
312 3430 631 3503 προτιθεῖσα
671 3431 749 3502 τῷ
797 3430 1037 3503 Δεσπότῃ
1083 3431 1182 3501 τῆς
1231 3430 1478 3495 κτίσεως,
1509 3424 1577 3499 ἧς
1617 3428 1753 3483 ἀπό-

182 3523 379 3593 ϐλητον
410 3522 582 3595 ἐφάνη
622 3522 729 3576 τῶν
769 3523 1135 3595 προτεθέντων
1168 3520 1318 3574 οὐδέν
1345 3535 1361 3552 ο
1410 3518 1544 3573 ἀλλὰ
1578 3519 1753 3572 πάντα

180 3609 318 3666 εἶναι
351 3612 490 3666 καλά
523 3612 875 3685 ἐμαρτυρήθη
908 3614 941 3685 η
970 3612 1204 3683 σμύρνα,
1229 3610 1287 3664 τὸ
1311 3609 1529 3681 ἇρωμα,
1557 3611 1586 3663 ό
1616 3608 1754 3679 μετὰ.

180 3705 273 3758 τοῦ
323 3703 540 3774 μέλιτος
584 3705 765 3774 ἄρτος,
801 3707 829 3757 ὁ
880 3704 1017 3775 μετὰ
1067 3701 1161 3756 τοῦ
1209 3702 1479 3770 γάλακτος
1524 3692 1751 3772 οἷνος,ᾖ

179 3795 561 3867 ἐμαρτύρησεν
589 3796 618 3848 ὁ
657 3795 828 3863 Λόγος
870 3795 932 3849 τὸ
960 3793 1181 3860 τέλειον,
1225 3790 1427 3845 εἰπών·
1479 3792 1558 3845 ὅτι
1606 3791 1750 3859 Ὀλη

178 3886 336 3954 καλὴ
367 3882 442 3950 εἷ,
491 3887 589 3940 καὶ
629 3884 833 3958 μῶμος
864 3889 975 3940 οὐκ
1006 3886 1176 3939 ἐστιν
1199 3885 1269 3938 ἐν
1293 3884 1394 3938 σοι
1424 3898 1438 3913 ο
1487 3881 1625 3953 αὕτη
1658 3882 1752 3936 νῦν

174 3979 317 4033 οὕτω
350 3978 639 4040 διάκειται,
679 3980 754 4041 ὡς
784 3975 1013 4048 πρώτως
1063 3975 1329 4047 μέλλουσα
1379 3972 1626 4042 δέχεσθαι
1656 3970 1751 4025 τοῦ

178 4070 312 4125 Θεοῦ
351 4070 451 4141 τὴν
478 4070 797 4141 ἐμφάνειαν,
828 4068 921 4122 καὶ
951 4068 1027 4132 ὼς
1054 4067 1266 4121 οὐδέπω
1307 4065 1398 4120 τὸν
1422 4064 1518 4119 νῦν
1544 4063 1752 4117 ἑστῶτα

177 4162 282 4233 πρὸ
314 4162 425 4215 τῶν
467 4160 642 4231 θυρῶν
661 4161 830 4229 Λόγον
862 4158 1219 4228 είσδεξαμένη
1269 4157 1364 4211 καὶ
1396 4155 1751 4217 είσοικίσασα,

178 4254 234 4305 ἐν
279 4251 520 4321 θαύματι
564 4250 665 4319 τῆς
715 4249 897 4321 φωνῆς
939 4251 1168 4303 ποιεῖται
1211 4248 1310 4319 τὴν
1354 4247 1617 4318 δύναμινο
1665 4244 1754 4299 διὰ

176 4341 332 4397 τοῦτό
365 4357 529 4411 φησιν
577 4338 729 4393 οὒπω
772 4339 978 4410 αὐτῆς,
1027 4338 1159 4392 ἀλλὰ
1214 4338 1315 4408 τῆς
1370 4337 1540 4410 θύρας
1584 4336 1754 4408 αὐτῆς

178 4430 445 4485 ἅπτεσθαι
470 4429 567 4501 τὴν
595 4429 689 4483 τοῦ
724 4431 958 4501 νυμφίου
991 4431 1192 4501 φωνήν.
1233 4430 1405 4499 Φωνὴ
1436 4431 1565 4502 γὰρ,
1596 4430 1750 4502 φησὶ,

177 4520 283 4574 τοῦ
308 4518 632 4588 ἀδελφιδοῦ
658 4536 776 4588 μου
806 4519 1005 4587 κρούει
1038 4519 1136 4572 ἐπὶ
1167 4517 1283 4586 τὴν
1313 4519 1519 4586 θύραν.

231 4613 396 4683 Ὁρᾷς
414 4611 530 4675 πῶς
546 4610 794 4682 ἀόριστος
811 4612 926 4663 ἐστι
942 4612 1054 4674 τοῖς
1070 4609 1203 4681 πρὸς
1218 4610 1309 4663 τδν
1320 4609 1452 4663 Θεὸν
1468 4608 1708 4664 ἀνιοῦσιν
1723 4610 1751 4663 ό

174 4705 400 4777 δρόμοςο
430 4704 547 4768 πῶς
579 4704 639 4757 τὸ
667 4705 754 4758 ἀεὶ
784 4703 1349 4774 καταλαμϐανόμενον,
1367 4702 1509 4773 ἀρχὴ
1534 4700 1670 4772 πρὸς
1692 4698 1751 4753 τὸ

174 4796 569 4869 ὑπερκείμενον
584 4796 791 4865 γίνεται
808 4812 822 4862 ;
842 4797 964 4850 Ὀτι
981 4795 1087 4868 γὰρ
1104 4796 1292 4849 στάσιν
1305 4795 1425 4849 τινὰ
1442 4791 1536 4847 τοῦ
1551 4792 1750 4865 δρόμου

171 4889 270 4960 τῆς
295 4890 433 4961 πρὸς
458 4886 528 4941 τὰ
549 4887 727 4960 ὑψηλὰ
756 4890 983 4961 πορείας
1009 4887 1098 4941 διὰ
1122 4886 1229 4941 τῶν
1251 4888 1386 4960 πρὸς
1409 4886 1578 4958 αὐτὴν
1607 4886 1752 4958 εἰρη-

176 4981 352 5051 μένων
388 4981 717 5051 ⁴ηλπίσαμεν.
762 4981 828 5034 Τί
847 4981 955 5053 γὰρ
984 4981 1049 5035 ἄν
1069 4996 1154 5043 τις
1183 4979 1319 5051 μετὰ
1356 4979 1453 5049 τὴν
1478 4977 1750 5048 τελειότη-

172 5089 260 5135 τος
294 5071 602 5142 μαρτυρίαν
641 5071 802 5127 πλέον
836 5072 1127 5143 (nequere;
1181 5061 1313 5124 Τότε
1358 5070 1627 5141 βλέπομεν
1671 5067 1752 5121 ἔτι

171 5162 317 5216 ἔνδον
338 5158 508 5217 οὖσαν
534 5163 724 5236 αὐτὴν,
750 5164 844 5217 καὶ
875 5163 1027 5217 οὔπω
1048 5161 1156 5216 τῶν
1182 5160 1361 5233 θυρῶν
1394 5161 1563 5231 αὐτῆς
1597 5159 1753 5225 ἐκτὸς

165 5256 577 5329 γεγενημένην,
620 5256 741 5308 οὐδὲ
787 5257 886 5327 τῆς
933 5253 1076 5308 κατὰ
1127 5253 1413 5324 πρόσωπον
1457 5253 1754 5323 ἐμφανείας

172 5350 695 5420 κατατρυφησασαν,
718 5345 829 5400 ἀλλ’
851 5346 929 5400 ἔτι
950 5345 1037 5399 διὰ
1059 5344 1158 5415 τῆς
1180 5344 1346 5414 ἀκοῆς
1372 5343 1508 5415 πρὸς
1527 5343 1626 5413 τὴν
1644 5343 1752 5396 τῶν

173 5439 389 5508 ἀγαθῶν
427 5438 723 5510 μετουσίαν
742 5437 1137 5509 ὁδηγουμένην,
1192 5434 1362 5488 Τοῦτο
1401 5430 1494 5487 οὖν
1533 5433 1621 5488 διὰ
1643 5433 1768 5502 τῶν⁵

226 5616 270 5647 ⁸⁸
302 5612 452 5672 Psal.
494 5611 723 5681 xvm,6.
835 5612 880 5645 "
905 5611 1065 5668 Joan.
1103 5610 1293 5679 tn,29.

1407 5610 1452 5644 ³³
1479 5607 1745 5683 Luc._xu,
1776 5610 1808 5664 5

1822 3252 2121 3309 'aromata,
2159 3260 2279 3314 quae
2304 3260 2463 3299 suum
2498 3244 2715 3300 hortum
2747 3261 2990 3302 mensam
3029 3247 3284 3317 apposuit
3325 3248 3432 3303 Do-

1854 3336 2005 3390 mino
2046 3343 2330 3397 creaturae,
2361 3335 2519 3405 cujus
2571 3351 2637 3390 ex
2667 3336 2735 3390 iis
2775 3353 2897 3406 qua:
2928 3336 3152 3392 fuerunt
3183 3338 3430 3409 apposita

1854 3423 1992 3478 nihil
2022 3424 2200 3478 visum
2231 3430 2314 3478 est
2336 3424 2716 3493 rejiciendum,
2742 3426 2837 3479 sed
2860 3426 3003 3494 quod
3028 3428 3209 3482 omnia
3243 3436 3431 3485 essent

1856 3515 2086 3584 pulchra
2121 3530 2185 3569 ac
2221 3516 2384 3579 bona,
2416 3515 2603 3569 datum
2638 3525 2724 3571 est
2756 3516 2807 3571 ei
2858 3518 3234 3571 testimonium
3284 3535 3432 3591 myr-

1855 3605 1976 3670 rha,
2010 3619 2216 3669 aroma,
2270 3605 2430 3674 panis
2475 3620 2598 3667 cum
2636 3605 2814 3669 melle,
2868 3606 3050 3659 vinum
3085 3623 3210 3661 cum
3265 3608 3428 3674 lacte,

1856 3696 1944 3751 cui
1999 3693 2374 3749 testimonium
2421 3693 2569 3749 dedit
2629 3695 2808 3764 ipsum
2861 3694 3141 3762 Verbum,
3197 3697 3427 3754 dicens:

1857 3785 1991 3840 Tota
2020 3784 2243 3854 pulchra
2271 3801 2346 3848 es,
2373 3793 2422 3839 et
2449 3784 2657 3839 macula
2689 3802 2790 3840 nou
2827 3796 2904 3841 est
2930 3788 2982 3841 in
3017 3797 3064 3842 te
3090 3805 3109 3842 :
3144 3789 3259 3859 ipsa
3284 3806 3431 3847 nunc

1854 3878 1929 3932 ita
1960 3884 2044 3933 est
2069 3875 2283 3942 aliecta,
2316 3884 2376 3931 ut
2412 3893 2533 3946 quae
2562 3878 2740 3949 primo
2781 3886 2928 3935 esset
2979 3890 3302 3949 susceptura
3336 3882 3427 3936 Dei

1854 3972 2272 4043 apparitionem,
2316 3979 2370 4028 et
2404 3973 2563 4043 quasi
2604 3972 2849 4027 nondum
2889 3972 3202 4029 admisisset
3243 3982 3298 4029 et
3345 3974 3430 4030 in-

1854 4061 2193 4119 troduxisset
2221 4063 2459 4119 Verbum
2490 4064 2636 4134 quod
2703 4071 2812 4120 stat
2845 4080 2943 4135 pro
2978 4064 3207 4131 foribus,
3250 4065 3428 4121 admi-

1853 4164 2008 4209 ratur
2045 4157 2155 4209 vim
2186 4157 2378 4212 voeis:
2421 4167 2708 4227 propterea
2753 4157 2886 4212 dicit
2930 4158 3074 4230 quod
3104 4173 3209 4213 vox
3241 4161 3427 4229 ενοιιεί

1853 4260 1963 4299 non
1993 4245 2191 4316 ipsam,
2227 4245 2323 4303 sed
2361 4247 2563 4303 ostium
2607 4248 2785 4317 ipsum
2826 4255 3034 4318 tangat.
3067 4245 3211 4303 Dicit
3244 4250 3426 4307 enim:

1862 4336 1977 4392 V0.1:
2011 4338 2268 4408 patruelis
2309 4341 2410 4393 mei
2429 4343 2608 4409 pulsat
2634 4340 2703 4393 ad
2741 4341 2956 4397 ostium.

1924 4429 2092 4488 Vides
2141 4433 2601 4502 quemadmodum
2634 4440 2718 4489 est
2760 4449 2871 4488 non
2910 4432 3171 4491 delinitus
3209 4449 3273 4489 ac
3324 4444 3430 4491 ter-

1782 4505 2096 4580 Dminatus
2146 4538 2345 4580 cursus
2422 4525 2491 4579 iis
2560 4526 2651 4594 qui
2714 4526 3020 4582 ascendunt
3087 4527 3153 4583 ad
3214 4527 3428 4583 Deum:

1854 4621 1910 4669 et
1940 4614 2402 4685 quemadmodum
2429 4615 2480 4670 id
2504 4615 2649 4684 quod
2677 4632 2893 4687 semper
2915 4618 3428 4689 comprehenditur,

1855 4714 1941 4761 est
1972 4705 2306 4777 principium
2331 4706 2675 4776 superioris?
2707 4707 2894 4779 Neque
2924 4710 3067 4763 enim
3096 4725 3193 4781 per
3217 4727 3280 4765 ea
3309 4725 3430 4779 qua:

1858 4796 1962 4853 sibi
1994 4795 2140 4852 dicta
2170 4807 2300 4853 sunt
2327 4800 2669 4868 speravimus
2703 4798 2820 4853 fore
2843 4809 2900 4853 ut
2924 4801 3228 4870 ingressum
3263 4801 3427 4855 siste-

1857 4896 1940 4942 ret
1957 4889 2025 4943 ad
2046 4890 2285 4945 excelsa.
2305 4888 2447 4957 Quid
2468 4891 2614 4946 enim
2642 4891 2879 4961 arinplius
2906 4900 3109 4961 quaeret
3129 4891 3426 4961 quisyiam,

1856 4986 1981 5050 post
2012 4981 2386 5036 testimonium
2428 4982 2495 5037 de
2523 4982 2879 5053 perfectione,
2906 4981 3100 5036 videns
3124 4998 3243 5037 eam
3280 4982 3427 5035 intus

1857 5080 2192 5137 manentem,
2215 5082 2269 5129 et
2298 5087 2452 5129 extra
2483 5074 2627 5131 fores
2653 5074 2894 5130 nondum
2923 5088 3222 5144 egressam,
3250 5089 3429 5144 neque

1857 5162 2085 5219 visionis
2112 5163 2255 5221 facie
2288 5165 2357 5221 ad
2388 5165 2583 5222 faciem
2610 5167 2824 5238 cepisse
2858 5166 3300 5231 delectationem,
3332 5167 3430 5221 sed

1860 5253 2038 5309 adhuc
2062 5253 2191 5310 duci
2230 5270 2327 5325 per
2365 5258 2699 5312 auditionem
2723 5256 2791 5312 ad
2830 5258 3097 5312 bonorum
3134 5258 3432 5328 participa-

1860 5344 2108 5399 tionem?
2137 5343 2271 5400 IIoc
2322 5346 2489 5417 igitur
2531 5346 2729 5418 dogma
2780 5347 3043 5404 discimus
3073 5362 3170 5419 per
3210 5363 3273 5402 ea
3307 5363 3429 5418 quas

1858 5434 2005 5491 dicta
2055 5443 2203 5502 sunt,
2248 5436 2394 5508 quod
2456 5438 2527 5495 iis
2575 5439 2668 5510 qui
2720 5438 2787 5495 ad
2854 5439 3063 5512 majora
3114 5439 3426 5512 proficiunt,
