3742 5986
313 180 415 236 999

313 380 520 438 videtur
547 380 750 453 aliquid
784 382 942 447 scire,
970 378 1202 434 nondum
1240 376 1337 430 scit
1365 370 1624 444 quomodo
1649 374 1885 437 oporteat

313 490 432 529 eum
461 474 602 529 scire
618 473 684 527 ".
714 471 773 528 lu
798 473 877 528 eis
901 472 1046 528 enim
1078 485 1199 541 quae
1232 468 1649 539 praecesserant,
1677 469 1884 514 tantum

317 581 376 622 se
425 566 680 637 cognovit
736 565 918 619 anima
974 571 1236 634 quantum
1294 552 1726 628 comprehendit.
1781 546 1889 605 Sed

316 657 577 725 quoniam
615 653 761 724 quod
794 654 1035 708 nondum
1070 659 1157 707 est
1194 646 1668 718 comprehensum,
1695 648 1780 698 est
1806 640 1890 694 in-

318 745 489 800 ﬁnitis
522 746 771 815 partibus
804 744 983 812 majus
1015 757 1180 813 quam
1226 739 1372 811 quod
1411 745 1497 793 est
1535 732 1891 804 comprehen-

319 853 463 903 sum,
498 844 786 907 propterea
817 836 1013 890 animae
1039 835 1239 905 saepius
1265 831 1520 903 apparuit
1548 841 1804 898 sponsus,
1838 833 1893 879 et

316 938 575 997 tanquam
631 925 872 981 nondum
912 932 1241 995 conspectus
1297 922 1493 976 fuisset
1530 919 1650 989 ejus
1688 915 1887 978 oculis,

324 1036 459 1075 voce
504 1035 722 1090 sponsae
755 1026 841 1075 est
874 1018 1155 1088 pollicitus
1185 1030 1245 1071 se
1270 1015 1339 1069 ab
1376 1028 1441 1069 ea
1473 1008 1791 1067 videndum.
1824 1004 1892 1060 Ut

320 1119 502 1166 autem
544 1111 616 1165 sit
651 1110 811 1164 nobis
845 1096 1043 1166 sensus
1098 1104 1409 1168 dilucidior,
1461 1100 1692 1170 exempli
1727 1110 1891 1152 causa

323 1201 516 1255 addam
547 1200 842 1269 quamdam
876 1197 1313 1254 similitudinem.
1343 1190 1627 1259 Quomodo
1670 1188 1815 1245 enim
1844 1186 1892 1241 si

321 1291 447 1361 quis
473 1289 636 1344 fuerit
666 1305 833 1359 prope
864 1290 1065 1343 fontem
1095 1286 1273 1347 illum,
1292 1299 1453 1355 quem
1488 1297 1552 1337 ex
1587 1289 1736 1336 terra
1762 1279 1894 1334 dicit

322 1381 393 1437 ab
425 1380 580 1434 initio
608 1379 905 1434 ascendere
928 1376 1297 1448 Scriptura”,
1323 1375 1415 1446 qui
1445 1382 1630 1429 tantus
1645 1382 1729 1428 est
1754 1370 1895 1425 mul-

323 1468 552 1524 titudine
588 1475 647 1521 ut
697 1468 1007 1522 universam
1072 1473 1270 1520 terram
1326 1464 1647 1528 circumeat,
1704 1458 1894 1515 videns

322 1573 517 1629 aquam
549 1558 695 1612 illam
734 1557 1025 1621 inﬁnitam,
1058 1570 1180 1625 quae
1209 1570 1273 1611 ex
1301 1568 1367 1608 eo
1389 1552 1617 1608 omnino
1653 1549 1821 1607 efﬂuit
1843 1555 1896 1603 et

321 1650 644 1717 effunditur,
699 1663 812 1703 non
870 1646 1072 1703 dixerit
1112 1662 1172 1702 se
1216 1654 1389 1701 totam
1425 1643 1630 1700 vidisse
1675 1655 1893 1711 aquam.

322 1738 794 1806 Quemadmodum
831 1737 978 1792 enim
1008 1736 1206 1791 viderit
1243 1735 1388 1807 quod
1419 1743 1500 1790 est
1535 1732 1809 1788 occultum
1841 1730 1896 1783 in

323 1833 450 1887 sinu
481 1839 642 1885 terrae
666 1830 689 1884 ?
712 1829 849 1884 adeo
880 1837 941 1883 ut
974 1828 1190 1883 etiamsi
1221 1827 1316 1881 diu
1350 1833 1567 1880 mane-tt
1597 1823 1664 1878 ad
1700 1836 1895 1892 aquam

322 1921 718 1985 salientem,est
735 1935 952 1990 semper
970 1920 1025 1973 in
1048 1919 1204 1973 initio
1223 1933 1378 1989 aquae
1400 1912 1895 1986 contemplationis.

322 2013 443 2069 Non
471 2013 616 2069 enim
640 2018 826 2067 cessat
849 2025 1009 2081 aqua,
1031 2018 1086 2065 et
1113 2025 1329 2079 semper
1350 2008 1526 2063 ﬂuens
1547 2017 1600 2062 et
1630 2006 1898 2075 incipiens

323 2105 619 2162 scaturire.
676 2102 767 2159 Sic
821 2110 877 2158 et
933 2103 1030 2174 qui
1083 2102 1151 2157 ad
1185 2102 1335 2156 illam
1393 2100 1634 2155 divinam
1679 2105 1734 2153 et
1788 2111 1897 2152 non

320 2188 712 2266 aspectabilem
747 2193 946 2264 aspicit
994 2191 1486 2265 pulchritudinem,
1523 2189 1742 2261 quando
1771 2189 1905 2259 qui-

326 2287 449 2342 dem
480 2286 627 2357 quod
660 2300 875 2354 semper
906 2285 1201 2349 invenitur,
1240 2283 1517 2339 recentius
1555 2290 1605 2336 et
1657 2280 1898 2335 admira-

328 2379 493 2434 bilius
539 2377 763 2432 onmino
794 2375 1079 2444 cernitur,
1138 2390 1302 2447 quam
1353 2374 1409 2429 id
1455 2374 1601 2446 quod
1656 2380 1741 2429 est
1782 2372 1896 2438 jam

325 2471 801 2540 cori-prehensum,
856 2467 1092 2522 miratur
1124 2465 1348 2538 quidem
1391 2465 1444 2520 id
1495 2463 1641 2535 quod
1685 2476 1899 2533 semper

325 2569 574 2633 apparet,
597 2562 838 2615 nondum
866 2567 1050 2613 autem
1070 2557 1289 2613 desistit
1312 2572 1342 2611 a
1365 2555 1641 2611 desiderio
1659 2552 1896 2618 videndi,

1546 164 1603 220 S.
1646 153 1972 218 GREGORII
2005 151 2297 208 NYSSENI
3114 214 3121 227 ἐ

312 307 530 360 semper
556 289 812 345 convenit
842 302 945 343 vox
973 285 1248 357 Apostoli,
1284 283 1477 338 dicens
1506 297 1518 334 :
1552 277 1612 333 Si
1645 278 1760 346 quis

2105 269 2294 339 ιμένων
2326 266 2387 321 τὸ
2427 264 2601 335 δόγμα
2633 260 3004 335 μανθάνομεν,
3053 256 3136 313 ὅτι
3185 254 3416 312 πάντοτε
3460 257 3583 357 τοῖς

3430 138 3577 195 1000

1989 338 2186 416 sine
2236 358 2406 431 μείζω
2454 357 2871 428 προκόπτουσιν,
2903 350 3159 423 ἁρμόδιός
3203 349 3351 401 ἐστιν
3404 347 3441 418 ὴ
3482 338 3581 400 τοῦ

2002 449 2326 505 Ἀποστόλου
2350 447 2502 517 φωνὴ
2526 447 2559 518 ἡ
2583 445 2816 513 λέγουσα
2838 458 2853 472 ·
2887 442 2967 494 ὅτι
2994 440 3070 494 El
3088 457 3177 504 τις
3206 435 3372 491 δοκεῖ
3393 435 3581 504 ἐγγω-

1990 544 2176 607 κέναι,
2223 542 2386 595 οὔπω
2421 538 2573 610 ἔγνω
2603 535 2796 602 καθὼς
2826 533 2922 588 δεῖ
2964 529 3206 603 γνῶναι.
3255 527 3439 596 Ἔγνω
3479 524 3585 595 μὲν

1990 635 2099 708 γὰρ
2143 632 2305 688 αὐτὸν
2345 634 2403 687 ἐν
2441 633 2556 694 τοῖς
2590 628 2861 699 φθάσασιν
2900 626 2934 696 ἡ
2964 622 3112 695 ψυχὴ
3144 619 3399 674 τοσοῦτον
3451 617 3583 669 ὅσον

1990 707 2309 783 κατέλαϐεν.
2340 723 2479 777 Ἀλλ’
2501 723 2684 791 ἐπειδὴ
2709 722 2775 776 τδ
2792 719 2959 792 μήπω
2971 715 3192 783 κατειλη
3200 732 3231 784 μ
3243 708 3402 783 μένον
3418 707 3578 764 άπει.

1989 819 2278 898 ροπλάσιον
2318 812 2413 869 τοῦ
2487 811 2924 883 καταληφθέντος
2946 802 3060 862 ὲστί
3082 823 3095 836 ·
3123 801 3213 858 διὰ
3240 803 3400 856 τοῦτο
3415 799 3581 870 ὤφθη

1992 892 2249 974 πολλάκις
2303 911 2370 980 τῇ
2422 906 2567 978 ψυχῇ
2613 907 2644 959 ὁ
2682 904 2947 974 νυμφίος,
2995 898 3088 953 καὶ
3122 895 3199 959 ὡς
3252 892 3484 964 μηδέπω
3522 892 3581 943 ὲν

1992 1003 2290 1074 ὀφθαλμοῖς
2321 999 2632 1070 γενόμενος,
2665 991 2996 1066 ὀφθήσεσθαι
3023 993 3090 1062 τῇ
3130 989 3320 1059 νύμφῃ
3354 986 3445 1039 διὰ
3477 985 3582 1054 τῆς

1994 1096 2176 1167 φωνῆς
2206 1091 2619 1161 ἐπαγγέλλεται.
2678 1088 2765 1150 Ὠς
2801 1085 2845 1138 δ’Ι
2883 1084 2947 1138 ἂν
2981 1081 3315 1152 σαφέστερον
3346 1078 3487 1146 ἡμῖν
3520 1075 3583 1129 τὸ

1993 1188 2170 1257 νόημα
2187 1186 2415 1255 γένοιτο,
2431 1182 2614 1257 εἰκόνα
2637 1178 2756 1233 τινὰ
2774 1177 2840 1231 δι’
2864 1175 3254 1244 ὑποδείγματος
3280 1167 3584 1242 προσθήσω

1993 1278 2070 1350 τῷ
2098 1256 2265 1346 λόγῳ.
2298 1256 2507 1345 ’Ὠσπερ
2536 1272 2644 1344 γὰρ
2673 1271 2726 1324 εί
2749 1288 2830 1333 τις
2859 1269 3084 1341 πλησίον
3122 1265 3337 1334 ἐκείνης
3366 1262 3585 1331 γένοιτο

1995 1370 2093 1440 τῆς
2124 1367 2328 1438 πηγῆς,
2357 1363 2424 1434 ἣν
2447 1364 2756 1419 ἀναϐαίνειν
2789 1355 2941 1415 εἶπεν
2976 1361 3040 1413 ὲκ
3068 1358 3169 1428 τῆς
3190 1358 3293 1426 γῆς
3317 1354 3442 1407 κατ’
3472 1353 3581 1423 ἀρ-

1996 1461 2096 1532 χὰς
2124 1460 2158 1529 ὴ
2195 1455 2407 1529 Γραφὴ,
2449 1454 2716 1526 τοσαύτην
2760 1447 2923 1506 οὖσαν
2952 1448 3031 1525 ’τὸ
3060 1446 3286 1518 πλῆθος,
3323 1445 3400 1507 ὡς
3431 1442 3584 1498 ἅπαν

1996 1554 2094 1624 τῆς
2125 1553 2227 1622 γῆς
2271 1548 2580 1613 ἐπικλύζειν
2613 1547 2678 1601 τὸ
2712 1545 3026 1616 πρόσωπον.
3077 1539 3362 1610 Θαυμάσει
3412 1535 3517 1606 μὲν
3549 1534 3582 1586 ὕ

1995 1647 2063 1715 τῇ
2099 1644 2250 1715 πηγῇ
2285 1639 2592 1711 πλησιάσας
2623 1640 2683 1690 τὸ
2705 1637 2930 1708 ἄπειρον
2964 1633 3107 1703 ὕδωρ
3139 1632 3336 1694 έκεῖνο,
3366 1627 3427 1681 τὸ
3446 1626 3583 1680 πάν-

1993 1754 2115 1791 τοτε
2139 1736 2307 1805 αὐτῆς
2327 1731 2632 1803 ἀνομϐροὼ
2659 1746 2717 1782 τε
2739 1728 2833 1783 καὶ⁵
2863 1725 3225 1799 προχεόμενον
3248 1740 3261 1752 ο
3281 1721 3344 1776 οὐ
3370 1720 3478 1792 μὴν
3501 1717 3578 1773 ετ-

1995 1846 2087 1881 ποι
2114 1828 2180 1881 ἂν
2205 1826 2324 1880 ὅλον
2359 1823 2660 1896 ἑωρακέναι
2685 1820 2746 1873 τὸ
2770 1819 2933 1890 ὕδωρ.
2991 1815 3116 1880 Πῶς
3156 1814 3267 1886 γὰρ
3299 1812 3365 1867 ἂν
3386 1811 3488 1865 ῐδοι
3516 1809 3580 1863 τὸ

1995 1922 2087 1976 ἐπὶ
2118 1923 2231 1985 τοῖς
2257 1920 2473 1979 κόλποις
2510 1916 2607 1986 τῆς
2635 1914 2739 1984 γῆς
2773 1911 3248 1982 ὲγκρυπτὸμενον;
3282 1907 3448 1959 Ὥστε
3472 1903 3581 1958 κᾶν

1995 2013 2223 2069 ἐπιπολὺ
2258 2009 2572 2084 παραμείνῃ
2605 2007 2683 2078 τῷ
2729 2004 2943 2078 βρύοντι
2965 2042 2980 2067 ,
3008 2002 3093 2054 ἀεὶ
3143 2003 3201 2054 ὲν
3226 1999 3423 2071 ἀρχαῖς
3459 1999 3582 2049 ἐστι

1999 2107 2095 2177 τῆς
2127 2104 2358 2176 θεωρίας
2397 2101 2492 2156 τοῦ
2542 2100 2748 2163 ὓδατος.
2796 2097 2871 2151 Ού
2922 2094 3030 2165 γὰρ
3077 2092 3313 2147 παύεται
3339 2091 3401 2145 τὸ
3432 2090 3581 2159 ὕδωρ

1996 2197 2082 2253 ἀεί
2108 2214 2168 2250 τε
2203 2196 2349 2268 ῥέον,
2388 2193 2480 2246 καὶ
2512 2191 2599 2244 ἀεὶ
2629 2189 2723 2244 τοῦ
2773 2186 2955 2259 βρύειν
2984 2184 3307 2258 ἀρχόμενον.
3333 2180 3526 2245 Οὕτως
3551 2179 3582 2232 ὁ

2001 2288 2134 2360 πρὸς
2171 2287 2231 2340 τὸ
2276 2285 2417 2339 θεῖον
2451 2285 2627 2337 έκεῖνο
2662 2281 2757 2334 καὶ
2804 2279 3059 2350 ἀόριστον
3104 2275 3301 2338 κάλλος
3341 2272 3575 2344 βλέπων,

2001 2378 2187 2449 ἐπειδὴ
2224 2375 2550 2451 τὸίπάντοτε
2588 2370 2994 2444 εὑρισκόμενον,
3035 2364 3348 2437 καινότερόν
3389 2380 3449 2416 τε
3484 2361 3580 2416 καὶ

2000 2469 2425 2542 παραδοξότερον
2453 2466 2665 2528 πάντως
2697 2462 2846 2534 παρὰ
2872 2460 2946 2530 τῷ
2974 2459 3103 2512 εῖδει
3144 2455 3580 2526 κατειλημμένον

1998 2568 2215 2637 ὁρᾶται,
2249 2560 2519 2631 θαυμάζει
2562 2558 2658 2628 μὲν
2705 2556 2765 2608 τὸ
2808 2554 2893 2607 ἀεὶ
2934 2551 3401 2637 προφαινόμενον,
3431 2544 3581 2600 οὐδέ-

325 2660 617 2724 propterea
649 2650 797 2721 quod
835 2650 1083 2720 quolibet
1113 2648 1260 2718 quod
1291 2647 1536 2702 cernitur
1573 2644 1627 2697 lit
1662 2645 1803 2698 divin

2100 2672 2131 2708 ιε
2159 2653 2215 2707 δὲ
2245 2653 2457 2706 ἵσταται
2491 2649 2589 2720 τῆς
2615 2645 2709 2699 τοῦ
2743 2644 2867 2697 ἰδεῖν
2901 2639 3211 2710 ἐπιθυμίας,
3240 2637 3331 2692 διὰ
3358 2636 3421 2690 τὸ
3441 2652 3578 2689 παν-

326 2749 380 2793 et
430 2738 872 2808 magniﬁcentius
921 2737 973 2792 id
1021 2737 1167 2807 quod
1196 2742 1567 2806 exspectatur.
1604 2733 1801 2803 Propte

2121 2744 2215 2801 τοῦ
2243 2741 2519 2814 ὁρωμένου
2548 2731 3120 2810 μεγαλοπρεπέστερόν
3154 2747 3213 2782 τε
3244 2730 3342 2783 καὶ
3373 2727 3579 2814 θειότε-

327 2847 462 2902 ergo
482 2831 568 2885 hic
590 2846 808 2902 quoque
832 2845 1035 2900 sponsa
1057 2844 1270 2899 semper
1286 2827 1568 2884 admirans
1594 2834 1649 2881 et
1672 2834 1805 2895 stup

2117 2830 2257 2889 εῖναι
2271 2813 2331 2884 τὸ
2350 2827 2815 2901 προσδοκώμενον.
2829 2822 2928 2876 Διὰ
2940 2821 3099 2874 τοῦτο
3119 2816 3211 2873 οὖν
3230 2818 3327 2872 καὶ
3344 2813 3580 2870 ἐνταῦθα

327 2922 381 2975 id
427 2920 570 2990 quod
631 2921 1037 2991 cognoscitur,~
1066 2933 1349 2989 nunquam
1391 2918 1445 2972 in
1497 2916 1566 2971 iis
1608 2932 1728 2987 qua:
1771 2932 1805 2972 5‘

2104 2925 2253 2997 ύμφη
2298 2923 2388 2978 ἀεὶ
2430 2916 2784 2989 θαυμάζουσά
2826 2931 2886 2968 τε
2938 2912 3031 2967 καὶ
3064 2907 3481 2981 έκπλησσομένη
3519 2907 3582 2960 τδ

328 3009 546 3078 cognita
585 3008 731 3062 sistit
760 3007 1097 3062 desiderium
1145 3007 1265 3075 ejus
1291 3005 1437 3074 quod
1488 3005 1636 3059 venit
1685 3005 1741 3059 in
1772 3020 1806 3060 ci

2105 3016 2421 3087 υσκόμενον,
2466 3010 2722 3066 οὐδέποτε
2756 3006 2814 3060 ὲν
2851 3005 2961 3066 τοῖς
3001 3000 3364 3071 ἐγνωσμένοις
3397 2999 3583 3067 ἵστησι

329 3097 762 3168 templationem.
797 3097 1164 3163 Quamobrem
1198 3110 1344 3149 nunc
1372 3110 1593 3165 quoque
1641 3104 1807 3163 tanqu

2123 3106 2496 3179 θεωρουμένου
2529 3103 2620 3157 τὸν
2653 3098 2835 3154 πόθον.
2876 3089 2949 3150 Θῦ
2973 3095 3132 3179 χάριν
3158 3092 3252 3147 καὶ
3271 3090 3367 3146 νῦν
3401 3088 3476 3153 ὡς
3499 3089 3584 3142 ἔτι

328 3187 401 3243 ad
433 3187 635 3242 ostium
690 3187 920 3257 pulsans
967 3186 1136 3241 sentit
1168 3184 1428 3248 Verbum,
1459 3193 1513 3240 et
1559 3183 1627 3239 ad
1657 3184 1806 3242 audit

2104 3174 2455 3271 οκροτοῢντος
2493 3192 2585 3248 τοῦ
2610 3191 2782 3258 Λόγου
2813 3174 3146 3247 αἰσθάνεται,
3187 3182 3282 3236 καὶ
3315 3180 3455 3253 πρὸς
3477 3179 3582 3253 τὴν

330 3281 585 3350 surgitet
612 3278 782 3332 dicit:
824 3278 937 3332 Vox
956 3278 1214 3349 patruelis
1250 3277 1351 3331 mei
1383 3278 1563 3346 pulsat
1593 3276 1661 3330 ad
1686 3279 1901 3332 ostium.

330 3371 535 3426 Deinde
564 3385 688 3425 cum
742 3370 1014 3425 auditioni
1057 3370 1303 3425 dedisset
1354 3369 1592 3440 quietem
1642 3385 1706 3423 ae
1737 3369 1906 3424 silen-

327 3465 487 3526 tium,
522 3463 674 3517 audit
699 3460 935 3516 Verbum
963 3462 1044 3517 sic
1071 3476 1203 3515 voce
1229 3475 1500 3517 resonans
1528 3478 1541 3515 :
1574 3461 1731 3529 Aperi
1754 3460 1902 3525 mihi,

328 3570 481 3609 soror
510 3571 646 3621 mea,
696 3554 943 3607 columba
975 3569 1111 3617 mea,
1160 3552 1391 3621 perfecta
1445 3566 1606 3605 mea:
1658 3552 1903 3620 quoniam

329 3655 485 3714 caput
511 3662 678 3699 meum
707 3645 919 3714 plenum
950 3654 1028 3698 est
1059 3660 1198 3706 rore,
1237 3652 1285 3697 et
1317 3642 1554 3696 cincinni
1600 3641 1700 3694 mei
1742 3640 1904 3711 guttis

330 3739 518 3792 noctis.
574 3737 750 3805 llujus
798 3746 981 3791 autem
1032 3750 1255 3792 sensum
1304 3735 1386 3789 sic
1421 3729 1906 3802 comprehenderis

329 3829 776 3900 contemplando.
812 3826 1010 3898 Magno
1044 3827 1180 3881 Mosi
1216 3841 1314 3896 per
1364 3825 1543 3879 lucem
1592 3822 1760 3892 coepit
1809 3820 1904 3875 Dei

330 3921 641 3991 apparitio;
670 3927 859 3989 postea
901 3926 1082 3972 autem
1119 3932 1214 3986 per
1242 3915 1442 3969 nubem
1477 3912 1621 3967 Deus
1667 3927 1792 3966 cum
1840 3926 1907 3966 eo

329 4013 595 4083 loquitur.
628 4009 834 4065 Deinde
868 4025 991 4062 cum
1024 4009 1135 4077 jam
1167 4008 1359 4062 fuisset
1388 4004 1680 4059 sublimior
1705 4013 1757 4057 et
1785 4018 1907 4073 per-

330 4102 546 4165 fectior,
597 4098 767 4153 Deum
820 4099 970 4151 videt
1004 4098 1057 4151 in
1085 4098 1338 4165 caligine.
1385 4094 1543 4161 Quod
1587 4101 1768 4146 autem
1814 4107 1908 4162 per

331 4192 435 4246 hoc
463 4191 749 4255 discimus,
804 4198 887 4243 est
944 4186 1297 4257 hujusmodi:
1334 4183 1551 4237 Primus
1583 4197 1833 4239 recessus
1877 4197 1907 4235 a

2005 3268 2247 3361 ὑπακοῆν
2271 3285 2607 3341 διανίσταται
2628 3278 2721 3334 καί
2748 3293 2903 3347 φησι,
2921 3273 3093 3343 Φωνὴ
3118 3268 3225 3327 τοῦ
3250 3269 3584 3340 ἀδελφιδοῦ

1999 3400 2117 3452 μου
2138 3379 2337 3449 κρούει
2358 3375 2454 3429 ἐπὶ
2477 3371 2593 3442 τὴν
2613 3372 2818 3439 θύραν.
2845 3367 2981 3425 Εἶτα
2996 3366 3227 3440 ἡσυχίαν
3251 3366 3372 3426 ταῖς
3392 3363 3585 3424 ἀκοαῖς

2004 3470 2247 3534 ὲνδοῦσα,
2296 3462 2482 3520 ἀκούει
2511 3458 2604 3514 τοῦ
2633 3460 2719 3514 διὰ
2767 3460 2867 3530 τῆς
2909 3458 3093 3529 φωνῆς
3131 3453 3586 3526 προσηχήσαντος

2002 3557 2192 3614 Λὸλου·
2219 3559 2248 3611 ό
2268 3555 2324 3610 δὲ
2347 3554 2503 3621 λόγος
2528 3548 2765 3612 τοιοῦτός
2785 3549 2930 3603 ἐστιν
2944 3564 2958 3578 ·
2981 3545 3253 3611 Ἅνοιξόν
3266 3561 3392 3614 μοι,
3413 3541 3586 3597 ἀδελο

2006 3648 2090 3720 φή
2116 3664 2257 3718 μου,
2292 3648 2331 3715 ἠ
2370 3643 2640 3712 πλησίον
2672 3658 2813 3712 μου,
2866 3637 3184 3708 περιστερά
3212 3654 3352 3707 μου,
3381 3635 3586 3689 τελεία

2000 3757 2152 3812 μου·
2194 3742 2282 3796 ὅτι
2320 3736 2360 3803 ἠ
2405 3732 2637 3804 κεφαλή
2665 3747 2783 3801 μου
2816 3730 3087 3796 ἐπλήσθη
3109 3728 3358 3797 δρόσου,
3397 3727 3497 3781 καί
3531 3726 3587 3779 οι

1999 3829 2333 3901 ,βόστρυχοι
2371 3844 2490 3896 μου
2526 3821 2808 3894 ψεκὰδων
2854 3821 3091 3885 νυκτός.
3144 3818 3349 3873 Τούτου
3392 3817 3451 3871 δὲ
3484 3817 3587 3886 τὴν

2006 3924 2236 3979 διάνοιαν
2276 3919 2444 3980 οὕτως
2478 3915 2541 3969 ἄν
2566 3932 2649 3978 τις
2671 3911 2965 3969 καταλάϐοι
2992 3913 3062 3981 τῇ
3084 3910 3307 3981 θεωρίᾳ.
3350 3908 3444 3979 Τῷ
3485 3925 3587 3979 με-

2006 4015 2155 4085 γάλῳ
2175 4011 2398 4067 Μωῦσεί
2418 4006 2505 4060 διὰ
2530 4005 2704 4074 φωτὸς
2725 4003 2926 4075 ἤρξατο
2946 4004 2980 4074 ἡ
3006 3999 3099 4053 τοῦ
3120 3998 3255 4053 Θεοῦ
3280 4001 3584 4085 ἐμφάνεια·

2011 4083 2147 4177 μετὰ
2176 4100 2345 4156 ταῦτα
2366 4097 2453 4151 διὰ
2478 4094 2706 4163 νεφέλης
2737 4091 2884 4162 αὐτῷ
2909 4090 3251 4159 διαλέγεται.,
3289 4083 3430 4141 Εἶτα
3450 4088 3591 4159 ὑψη-

2009 4198 2224 4266 λότερος
2251 4192 2352 4263 ἤδη
2382 4189 2477 4244 καὶ
2500 4185 2828 4256 τελειότερος
2865 4182 3171 4253 γενόμενος,
3199 4180 3257 4233 ὲν
3291 4180 3477 4250 γνόφῳ
3496 4179 3590 4233 τδν

333 4284 490 4341 falsis
536 4292 589 4338 et
626 4283 943 4337 errantibus
972 4281 1039 4334 de
1091 4277 1199 4332 Deo
1258 4275 1764 4331 existimationibus

2112 4306 2140 4342 ν
2171 4285 2374 4358 βλέπει.
2433 4278 2495 4334 Ὂ
2537 4279 2594 4332 δὲ
2639 4277 2725 4330 διὰ
2759 4274 2948 4329 τούτου
2982 4272 3323 4345 μανθάνομεν
3344 4269 3589 4325 τοιοῦτόν

335 4379 598 4432 transitus
628 4376 693 4431 ad
729 4376 902 4429 lucem
936 4388 967 4426 τι
1006 4372 1268 4425 tenebris.
1300 4367 1669 4439 Propinquior
1719 4374 1901 4420 autem

332 4469 674 4523 occultorum
730 4464 1123 4527 consideratio,
1177 4479 1270 4532 per
1315 4477 1378 4516 ea
1432 4475 1554 4530 quae
1606 4468 1907 4514 cernuntur

334 4560 612 4615 deducens
644 4558 881 4611 animam
912 4557 979 4610 ad
1012 4565 1261 4608 naturam
1297 4570 1419 4625 quae
1467 4569 1576 4608 nou
1617 4553 1765 4607 cadit
1801 4553 1905 4609 sub

336 4659 640 4722 aspectum,
691 4656 775 4704 est
823 4649 990 4703 veluti
1043 4650 1287 4719 quaedam
1337 4648 1513 4703 nubes
1573 4647 1906 4701 adumbrans

334 4742 596 4814 quidquid
629 4740 876 4796 cernitur
902 4781 916 4805 ,
948 4740 1015 4794 ad
1049 4741 1102 4794 id
1136 4748 1319 4793 autem
1351 4738 1726 4808 aspiciendum
1759 4736 1902 4807 quod

334 4847 417 4890 est
446 4836 802 4896 absconsum,
833 4833 1069 4886 animam
1110 4832 1388 4887 deducens
1417 4839 1470 4884 et
1502 4829 1903 4886 assuefaciens.

336 4926 529 4980 Anima
559 4933 736 4978 autem
788 4937 909 4992 quae
940 4936 1038 4991 per
1074 4921 1188 4974 haec
1221 4919 1470 4989 procedit
1527 4919 1593 4974 ad
1624 4934 1857 4990 superna
1888 4957 1904 4983 ,

336 5017 577 5087 qualibet
630 5030 690 5069 re
718 5014 911 5067 relicta
959 5026 1122 5082 quam
1161 5012 1397 5065 lmmana
1451 5019 1634 5081 potest
1689 5014 1909 5081 assequi

338 5117 557 5168 natura,
583 5115 834 5160 versatur
884 5104 941 5158 in
977 5103 1160 5175 adytis
1189 5101 1283 5159 Dei
1332 5105 1682 5174 cognitionis,
1724 5103 1908 5158 divina

341 5202 567 5273 οεειίεἰιιθ
595 5201 833 5269 undique
866 5199 1165 5267 intercepta
1194 5216 1207 5251 :
1244 5196 1300 5251 in
1334 5213 1442 5267 qua
1477 5196 1719 5264 quolibet
1761 5191 1909 5264 quod

340 5295 586 5350 cernitur
635 5299 689 5346 et
742 5289 1225 5360 comprehenditur
1270 5287 1402 5344 foris
1452 5289 1666 5354 relicto,
1715 5286 1910 5339 animat

345 5402 359 5438 ι
409 5383 792 5453 ntemplationi
823 5384 1000 5439 solum
1032 5390 1204 5436 restat
1238 5380 1291 5435 id
1316 5380 1460 5451 quod
1492 5396 1603 5436 non
1631 5380 1909 5448 inSpecta-

458 5562 542 5621 ἠ
573 5562 700 5619 Cor.
735 5560 930 5627 vtu,2.
1010 5562 1055 5593 ³ο
1111 5558 1242 5615 Gen.
1286 5575 1346 5628 ιι,
1390 5560 1466 5615 10.

2005 4383 2151 4435 ἐστιν
2176 4396 2189 4409 ·
2224 4377 2291 4431 Ἦ
2316 4373 2506 4447 πρώτη
2540 4368 2648 4424 ἀπὸ
2668 4367 2776 4422 τῶν
2802 4364 3013 4437 ψευδῶν
3032 4363 3125 4418 καὶ
3151 4361 3588 4432 πεπλανημένων

2006 4490 2074 4527 πε
2083 4473 2134 4544 pi.
2153 4467 2286 4523 Θεοῦ
2308 4461 2626 4536 ὑπολήψεων
2653 4456 3017 4530 ἀναχώρησις,
3045 4457 3078 4526 ὴ
3100 4451 3208 4506 ἀπὸ
3234 4451 3331 4505 τοῦ
3351 4451 3591 4544 ’σκότους

2006 4538 2094 4624 εἰς’
2125 4558 2238 4629 φῶς
2283 4557 2400 4609 ἐστι
2447 4552 2796 4625 μετάστασις.
2843 4547 2906 4599 Ἦ
2935 4544 2992 4598 δὲ
3032 4540 3441 4614 προσεχεστέρα
3481 4538 3591 4592 τῶν

2008 4647 2265 4722 κρυπτῶν
2280 4640 2673 4712 κατανόησις,ή
2701 4636 2789 4690 διὰ
2818 4634 2927 4689 τῶν
2955 4632 3294 4703 φαινομένων
3320 4646 3589 4722 χειραγω-

2006 4715 2180 4813 γοῦσα
2205 4740 2303 4810 τὴν
2345 4734 2519 4807 ψυχὴν
2559 4731 2698 4802 πρὸς
2738 4729 2837 4799 τὴν
2890 4725 3120 4797 ἀόρατον
3152 4721 3337 4792 φύσιν,
3364 4715 3478 4774 οἷόν
3509 4736 3592 4782 τις

2001 4810 2195 4903 νεφέλη
2242 4829 2482 4898 γίνεται,
2526 4823 2586 4877 τὸ
2627 4819 2948 4891 φαινόμενον
2991 4816 3089 4887 μὲν
3134 4814 3282 4868 ἅπαν
3331 4810 3583 4864 ἐπισκιά-

2002 4902 2199 4990 ζουσαέ
2242 4919 2378 4991 πρὸς
2403 4916 2461 4970 δὲ
2495 4914 2555 4968 τὺ
2584 4911 2814 4983 κρύφιον
2869 4908 3085 4979 βλέπειν
3109 4904 3207 4977 τὴν
3243 4902 3423 4973 ψυχὴν
3448 4919 3597 4973 χειρ-

2004 5010 2295 5082 αγωγοῦσα
2315 5007 2406 5061 καὶ
2436 5003 2809 5066 συνεθίζουσα.
2826 4997 2886 5052 Ἦ
2914 4998 2971 5050 δὲ
2992 4996 3081 5050 διὰ
3109 4994 3313 5048 τούτων
3334 4992 3596 5047 ὁδεύουσα

2013 5080 2150 5172 πρὸς
2177 5099 2247 5154 τὰ
2273 5098 2385 5152 άνω
2414 5093 2583 5165 ψυχὴ,
2613 5093 2736 5146 ὅσον
2769 5085 2990 5158 ἐφικτόν
3030 5085 3145 5137 ἐστι
3174 5084 3239 5153 τῇ
3274 5080 3598 5172 ἀνθρωπίνῃ

2016 5171 2195 5261 φύσει,
2226 5189 2295 5242 τὰ
2329 5189 2477 5242 κάτω
2509 5179 2907 5243 καταλιποῦσα,
2937 5177 3089 5239 ἐντὸς
3115 5175 3226 5228 τῶν
3252 5174 3469 5228 ἀδύτων
3496 5171 3597 5243 τῆς

2017 5281 2341 5351 θεογνωσίας
2370 5279 2597 5349 γίνεται.
2626 5273 2703 5345 τῷ
2733 5272 2862 5342 θείῳ
2899 5269 3084 5339 γνόφῳ
3108 5265 3451 5337 πανταχόθεν
3480 5263 3599 5317 δια.

2015 5374 2278 5446 ληφθεῖσα
2304 5389 2316 5402 ·
2374 5372 2431 5423 έν
2467 5362 2512 5438 ᾧ
2537 5365 2630 5423 τοῦ
2662 5358 2987 5436 φαινομένου
3022 5377 3080 5413 τε
3125 5358 3218 5413 καὶ
3241 5354 3596 5429 καταλαμδαι
