3730 5980
107 257 242 320 1θοῖ

1166 253 1237 315 IN
1265 262 1558 319 CANTICA
1588 256 1860 322 CANTIC.
1901 267 2182 326 HOMlLlA
2219 265 2312 326 XI.

3234 273 3366 330 1002

108 381 338 451 νομένου
369 377 570 441 παντὸς
591 377 697 442 ἔξω
723 377 1198 446 καταλειφθέντος,
1228 381 1386 449 μόνον
1416 380 1696 434 ὑπολείπε-

1867 383 1906 438 lc
1923 393 1976 438 et
1999 385 2571 456 incomprehensibile,
2599 385 2655 438 in
2671 399 2780 454 quo
2801 395 2884 442 est
2907 385 3071 448 Deus,
3095 392 3369 456 quomodo

110 485 204 521 ut
234 469 299 538 τῇ
327 465 534 536 θεωρίᾳ
559 466 656 535 τῆς
678 465 856 536 ψυχῆς
880 467 940 519 τὺ
966 467 1194 538 ἀόρατόν
1215 486 1273 520 τε
1296 471 1388 521 καὶ
1421 471 1695 542 ἀκατάλη-

112 578 270 622 πτον,
295 561 354 612 ὲν
383 553 428 625 ᾧ
459 559 608 611 ἐστιν
639 561 667 612 6
699 558 853 623 Θεὸς,
885 557 1068 621 καθώς
1097 576 1228 629 φησι
1265 562 1392 631 περ)⁴
1421 561 1515 614 τοῦ
1544 579 1696 631 νομο-

109 653 271 704 θέτου
298 654 327 704 6
354 651 552 717 λόγος’
609 652 690 703 ὃτι
732 648 995 718 Εἱσῆλθε
1040 650 1110 703 δὲ
1155 652 1414 720 Μωῦσῆς
1461 655 1547 719 εὶς
1593 654 1699 707 τὸν

115 746 349 812 rmiger
375 740 450 798 οὗ
483 739 562 812 ἦν
591 747 624 798 ὁ
649 745 812 808 Θεός.

186 834 406 888 Τούτων
449 835 505 887 δὲ
533 836 664 905 ἡμῖν
695 833 837 888 οὕτω
879 835 1284 906 θεωρηθέντων,
1322 839 1584 893 σκεπτέον
1631 839 1697 892 ἂν

111 921 200 992 εἴη
249 925 344 976 καὶ
395 923 502 976 τῶν
563 924 935 994 προκειμένων
997 928 1127 996 ἡμῖν
1179 926 1359 997 ῥητῶν
1413 928 1510 1000 τὴν
1561 930 1697 1000 πρὸς

112 1012 184 1064 τά
241 1013 509 1082 εἰρημένα
555 1013 891 1082 συγγένειαν.
960 1011 1069 1068 Ἦν
1120 1018 1208 1068 ὅτε
1272 1017 1497 1085 μέλαινα
1543 1015 1610 1090 ἦν
1663 1021 1696 1090 ἡ

111 1102 327 1172 νύμφη,
365 1105 478 1165 τοῖς
507 1103 830 1171 ἀφωτίστοις
869 1104 1132 1174 δόγμασιν
1161 1107 1517 1177 ὲσκοτισμένη
1538 1150 1552 1174 ,
1595 1127 1698 1162 πα-

112 1193 485 1262 ραδλέψαντος
513 1193 685 1263 αὐτὴν
705 1193 797 1246 τοῦ
816 1193 988 1264 ἡλίου,
1016 1195 1108 1248 τοῦ
1133 1196 1219 1249 διὰ
1240 1197 1350 1250 τῶν
1377 1191 1698 1269 πειρασμῶν

109 1286 213 1356 τὴν
266 1284 490 1354 ἄρριζον
527 1285 620 1337 ἐπὶ
669 1285 779 1338 τῶν
811 1285 1024 1356 πετρῶν
1068 1288 1275 1358 σποράν
1319 1289 1692 1356 ὲπικαίοντος·

111 1376 206 1428 ὅτε
259 1376 368 1428 τῶν
423 1377 479 1428 ἐν
540 1376 676 1446 αὐτῇ
736 1377 1139 1447 μαχησαμένων
1192 1378 1530 1449 ήττηθεῖσα,
1608 1382 1698 1435 τὸν

109 1465 416 1534 ἀμπελῶνα
457 1465 548 1518 τὸν
599 1466 796 1535 ἑαυτῆς
851 1467 953 1519 οὐκ
1011 1465 1273 1535 ἐφύλαξεν
1305 1484 1318 1497 ο
1379 1468 1459 1520 ὅτι
1503 1469 1698 1540 ἑαυτὴν

111 1557 432 1625 ἀγνοήσασα
465 1555 562 1619 τὰς
587 1554 694 1608 τῶν
738 1557 939 1626 ἐρίφων
966 1557 1166 1624 ἀγέλας
1199 1559 1320 1611 ἀντὶ
1351 1556 1459 1612 τῶν
1494 1562 1696 1630 προϐά-

111 1663 224 1698 των
248 1645 564 1714 ἐποίμανεν.
612 1645 752 1697 Ἀλλ’
777 1646 963 1716 ἐπειδὴ
990 1647 1088 1716 τῆς
1119 1647 1252 1717 πρὸς
1277 1648 1337 1700 τὸ
1364 1649 1532 1702 κακὸν
1562 1668 1700 1722 συμ-

113 1737 285 1805 φυΐας
315 1738 509 1808 ἑαυτὴν
542 1739 920 1808 ἀποστήσασα,
954 1739 1042 1792 διὰ
1074 1740 1166 1792 τοῦ
1200 1741 1462 1810 μυστικοῦ
1489 1743 1697 1797 ἐκείνου
1735 1716 1774 1772 Β

111 1829 425 1900 φιλήματος
445 1833 511 1900 τῇ
538 1833 688 1900 πηγῇ
717 1829 811 1882 τοῦ
838 1830 1014 1898 φωτὸς
1042 1835 1408 1901 προσαγαγεῖν
1433 1834 1494 1887 τὸ
1527 1835 1698 1904 στόμα

113 1919 376 1990 ἐπόθησε,
411 1921 532 1973 τότε
563 1921 701 1989 καλὴ
742 1921 981 1988 γίνεται,
1032 1921 1109 1989 τῷ
1141 1922 1278 1990 φωτὶ
1311 1923 1410 1992 τῆς
1442 1924 1699 1995 ἀληθείας

113 2010 581 2081 περιλαμφθεῖσα,
615 2011 708 2064 καὶ
737 2011 795 2063 τὸ
827 2011 993 2081 μέλαν
1021 2012 1118 2081 τῆς
1144 2013 1365 2081 ἀγνοίας
1386 2014 1698 2068 άποκλυσα-

117 2103 257 2173 μένη
284 2101 360 2172 τῷ
383 2101 555 2155 ὕδατι.
583 2097 716 2154 Εἶτα
745 2101 895 2173 ἵππῳ
919 2104 1195 2173 ὁμοιοῦται
1221 2104 1306 2158 διὰ
1334 2105 1393 2158 τὸ
1419 2105 1697 2176 εὔδρομον,

115 2193 214 2245 καὶ
245 2194 311 2261 τῇ
347 2194 644 2263 περιστερᾷ
675 2192 760 2245 διὰ
791 2193 851 2246 τὸ
896 2195 1056 2262 τάχος
1093 2195 1190 2264 τῆς
1219 2194 1474 2259 διανοίας.
1521 2199 1598 2250 Δι’
1625 2192 1700 2250 ὧν

117 2284 230 2334 πᾶν
250 2283 310 2333 τὸ
331 2281 882 2352 καταλαμὸανόμενόν
903 2300 961 2334 τε
982 2284 1074 2335 καὶ
1100 2285 1420 2354 φαινόμενον
1445 2285 1519 2348 ὼς
1537 2287 1701 2350 ἵππος

115 2372 510 2442 διαδραμοῢσα,
544 2373 638 2424 καὶ
683 2372 758 2436 ὡς
784 2375 1082 2444 περιστερά
1119 2375 1410 2441 διαπτᾶσα,
1440 2377 1700 2448 πρότερον

125 2462 228 2531 μὲν
260 2465 326 2532 τῇ
359 2464 485 2532 σκιᾷ
512 2461 604 2514 τοῦ
639 2463 808 2533 μήλου
855 2463 992 2532 μετὰ
1025 2465 1319 2535 ἐπιθυμίας
1351 2467 1698 2521 ὲπαναπαύευ

119 2571 235 2613 ται,
257 2554 422 2622 μῆλον
441 2553 798 2622 ἀντἰνεφέλης
817 2554 876 2606 τὸ
893 2556 982 2606 ἐπι
994 2555 1205 2618 σκιάζον
1224 2556 1667 2627 κατονομάζουσα
1683 2575 1695 2585 '

121 2643 219 2696 τῖον
244 2644 298 2696 δὲ
334 2645 434 2712 ἥδη
462 2642 568 2696 ὑπὸ
595 2644 693 2714 τῆς
724 2642 873 2706 Θείας
907 2644 1098 2707 νυκτὸς
1123 2647 1454 2716 περιέχεται,
1488 2648 1607 2701 καθ’
1634 2651 1700 2718 ἣν

115 2739 152 2789 6
175 2736 404 2806 νυμφίος
435 2737 794 2804 παραγίνεται
825 2737 942 2806 μὲν,
975 2737 1034 2787 ού
1067 2736 1315 2804 φαίνεται
1341 2739 1415 2792 δέ.
1447 2739 1571 2802 Πῶς
1592 2739 1700 2810 γὰρ

116 2826 182 2875 ὲν
211 2825 365 2878 νυκτὶ
389 2825 583 2894 φανείη
613 2823 674 2877 τὸ
713 2825 786 2895 μὴ
821 2826 1128 2896 ὀρώμενον;
1182 2826 1296 2880 ἀλλ’
1325 2827 1575 2900 αἴσθησιν
1602 2832 1701 2901 μέν

120 2934 242 2970 τινα
266 2916 447 2969 δίδωσι
469 2918 536 2985 τῇ
566 2915 708 2986 ψυχῇ
745 2915 842 2985 τῆς
874 2917 1196 2985 παρουσίας,
1225 2919 1482 2988 ἐκφεύγει
1522 2921 1578 2973 δὲ
1601 2923 1700 2992 τὴν

116 3009 329 3080 ἐναργῆ
351 3009 678 3077 κατανόησιν
698 3006 776 3077 τῷ
792 3009 1006 3078 ἀοράτῳ
1032 3008 1133 3078 τῆς
1161 3009 1375 3078 φύσεως
1396 3013 1699 3082 ὲγκρυπτό-

126 3116 309 3170 μενος.
357 3099 453 3160 Τίς
481 3093 834 3150 τοίνυνέστὶν
857 3099 889 3167 ἡ
915 3098 1172 3170 γινομένη
1201 3102 1268 3168 τῇ
1307 3099 1451 3171 ψυχῇ
1490 3099 1576 3152 διά
1604 3101 1702 3170 τῆς

122 3189 317 3252 νυκτὸς
356 3189 561 3258 ταύτης
601 3188 988 3258 μυσταγωγία;
1031 3188 1291 3242 ’Ἀπτεται
1325 3193 1427 3262 τῆς
1465 3191 1635 3262 θύρας
1677 3194 1704 3245 6

123 3281 318 3348 Λόγος.
350 3279 529 3350 Θύραν
553 3280 609 3331 δὲ
643 3279 869 3350 νοοῦμεν
893 3279 991 3351 τὴν
1021 3281 1374 3352 στοχαστικὴν
1401 3278 1512 3336 τῶν
1534 3285 1705 3355 ἀρρή-

117 3389 230 3424 των
253 3371 516 3432 διάνοιαν,
549 3371 614 3423 δι’
639 3365 707 3441 ἦς
732 3369 1080 3434 είσοικίζεται
1099 3373 1160 3424 τὸ
1193 3373 1537 3444 ζητούμενον.
1561 3374 1706 3438 Ἐξω

119 3463 301 3515 τοίνυν
331 3460 542 3513 ἑστῶσα
561 3460 662 3530 τῆς
689 3459 902 3530 φύσεως
924 3461 1079 3531 ἡμῶν
1104 3465 1137 3532 ἡ
1161 3462 1386 3533 ἀλήθεια
1413 3465 1498 3517 διὰ
1524 3465 1622 3534 τῆς
1641 3465 1706 3518 ἐκ

122 3555 331 3624 μέρους
360 3553 632 3621 γνώσεως,
665 3554 843 3617 καθώς
873 3572 1036 3624 φησιν
1064 3557 1092 3606 6
1119 3555 1457 3618 Ἀπόστολος,
1487 3557 1544 3608 ὲν
1575 3557 1706 3610 ὑπο-

118 3648 296 3709 νοίαις
329 3646 442 3698 τισὶ
471 3647 566 3699 καὶ
607 3646 890 3717 αἰνίγμασι
917 3647 1301 3718 θυροκρουστεί
1325 3647 1422 3718 τὴν
1446 3649 1702 3716 διάνοιαν,

123 3736 402 3800 Ἀνοιξοιν
432 3736 665 3806 λέγουσα
686 3755 699 3768 ο
727 3737 820 3790 καὶ
845 3722 980 3808 μετὰ
1001 3741 1312 3810 προτροπῆς
1343 3738 1704 3809 ύποτιθεμένη

114 3830 212 3882 τον
261 3828 498 3898 τρόπον,
553 3829 699 3890 ὅπως
744 3829 1023 3898 ἀνοιγῆναι
1069 3830 1335 3899 προσήκει
1375 3827 1472 3899 τὴν
1514 3829 1701 3899 θύραν,

113 3916 234 3974 οἶόν
262 3936 413 3983 τινας
437 3918 582 3980 κλεῖς
621 3919 909 3989 ὀρέγουσα,
955 3920 1022 3972 τὰ
1051 3919 1191 3973 καλὰ
1240 3919 1410 3972 ταῦτα
1443 3920 1702 3990 ὀνόματα,

109 4014 188 4066 δι’
215 4005 294 4064 ὧν
332 4011 392 4064 τὸ
423 4010 809 4080 κεκλεισμένον
836 4011 1126 4078 ἀνοίγεται.
1178 4011 1398 4075 Κλεῖδες
1429 4013 1536 4082 γάρ
1567 4014 1704 4064 εἰσιν

115 4103 385 4170 ἄντικρυς
414 4103 469 4154 αἱ
511 4101 620 4153 τῶν
660 4101 941 4169 ὀνομάτων
984 4101 1189 4155 τούτων
1229 4102 1516 4170 ἐμφάσεις,
1551 4104 1604 4154 αἱ
1637 4101 1704 4154 τὰ

115 4192 350 4263 κρυπτά
376 4191 762 4259 διανοίγουσαι,
799 4190 1003 4260 ἀδελφὴ
1046 4191 1140 4244 καὶ
1181 4189 1406 4260 πλησίον
1432 4191 1525 4243 καὶ
1551 4208 1704 4261 περι-

117 4283 299 4355 στερά
325 4283 417 4336 καὶ
445 4283 641 4335 τελεία.
666 4283 732 4336 Εἰ
753 4283 861 4353 γὰρ
885 4281 1062 4350 βούλει
1088 4299 1190 4345 σοι,
1217 4282 1399 4353 φησὶν,
1426 4283 1703 4352 ἀνοιγῆναι

1797 473 1929 528 dicit
1961 474 2246 546 Scriptura
2277 477 2345 532 de
2371 477 2683 547 legislature
2711 496 2724 532 ε
2763 476 3036 550 Ingressus
3063 489 3142 534 est
3196 479 3368 536 Moses

1797 564 1853 616 in
1878 565 2164 636 caliginem
2195 568 2286 621 ubi
2311 577 2429 622 erat
2455 566 2596 622 Deus
2621 567 2686 624 ³¹.

1867 826 1967 885 llis
1981 839 2170 887 autem
2199 833 2283 888 sic
2313 847 2345 886 a
2371 833 2530 888 nobis
2554 834 2940 897 consideratis,
2969 834 3369 890 consideranda

1792 932 1883 976 est
1914 923 2078 977 etiam
2115 925 2433 996 conjunctio
2451 933 2506 980 et
2528 925 2762 981 amnitas
2783 925 3072 980 verborum
3098 941 3219 994 quae
3244 933 3373 981 sunt

1797 1012 2252 1085 nobis-proposita
2266 1031 2394 1071 cum
2405 1017 2474 1072 iis
2491 1032 2612 1087 qua:
2624 1016 2771 1071 dicta
2785 1017 3062 1071 suut.Fuit
3078 1017 3372 1085 aliquando

1800 1115 2002 1170 sponsa
2027 1104 2203 1174 nigra,
2224 1105 2480 1162 obscuris
2502 1105 2850 1177 dogmatibus
2876 1107 3228 1161 obtenebrata
3247 1123 3373 1161 eum

1798 1208 1917 1248 eam
1935 1196 2015 1249 sol
2031 1197 2456 1266 aspexisset,qui
2472 1198 2911 1266 pertentationcs
2931 1199 3040 1252 urit
3053 1208 3372 1259 sementem,

1799 1299 1922 1353 quae
1947 1301 2112 1355 supra
2147 1294 2355 1356 petram
2390 1288 2554 1343 nullis
2601 1288 2798 1343 nititur
2826 1289 3147 1344 radicibus:
3183 1289 3378 1345 deinde

1800 1377 1945 1446 quod
1966 1392 2091 1431 cum
2115 1388 2262 1434 esset
2288 1380 2358 1434 ab
2375 1379 2442 1436 iis
2471 1395 2533 1435 su
2542 1389 2748 1450 perata,
2774 1380 2867 1450 qui
2885 1396 3004 1434 eam
3032 1396 3378 1450 oppugnave-

1799 1477 1950 1532 runt,
1974 1469 2189 1522 vineam
2219 1484 2375 1524 suam
2413 1486 2522 1525 non
2557 1471 2881 1525 custodierit
2907 1489 2920 1525 :
2949 1471 3094 1541 quod
3124 1486 3248 1525 cum
3271 1473 3371 1528 sei-

1800 1569 1954 1623 psam
1973 1555 2517 1627 ignorasset,-paverit
2535 1574 2726 1629 greges
2743 1559 3024 1614 haedorum
3043 1575 3143 1628 pro
3159 1561 3376 1616 ovibus.

1803 1642 1909 1698 Sed
1942 1653 2232 1714 postquam
2264 1662 2294 1699 a
2324 1649 2718 1718 conjunctione
2748 1664 2872 1705 cum
2923 1651 3068 1705 malo
3115 1666 3174 1706 se
3222 1657 3380 1705 avul-

1807 1734 1990 1798 sisset,
2023 1747 2076 1789 et
2107 1751 2202 1805 per
2245 1738 2534 1808 mysticum
2571 1739 2704 1793 illud
2752 1741 3000 1795 osculum
3050 1740 3184 1795 fonti
3241 1742 3377 1794 lucis

1805 1838 1869 1877 os
1898 1824 2190 1880 admovere
2237 1826 2622 1893 desiderasset,
2660 1836 2791 1882 tunc
2845 1830 2903 1883 ﬁt
2960 1830 3210 1898 pulchra,
3260 1831 3379 1884 luu:

1809 1916 2052 1970 veritatis
2106 1917 2398 1984 illustrata,
2454 1929 2508 1973 et
2565 1934 2707 1990 aqua
2741 1921 2928 1974 abluto
2960 1923 3178 1990 nigrore
3216 1921 3374 1990 igno-

1806 2008 2018 2061 rantiae.
2092 2007 2299 2064 Deinde
2366 2025 2508 2080 equo
2574 2011 2916 2067 assimilatur
2976 2019 3200 2081 prOpter
3255 2011 3378 2080 ejus

1808 2098 1875 2151 ad
1899 2113 2124 2153 cursum
2158 2101 2563 2170 pernicitatem,
2605 2110 2660 2157 et
2693 2103 2980 2166 columbae,
3031 2110 3256 2172 propter
3292 2103 3378 2156 in-

1807 2190 2056 2244 tellectus
2094 2191 2455 2246 celeritatem.
2504 2193 2873 2258 Quamobrem
2929 2208 3054 2247 cum
3112 2192 3378 2262 quidquid

1807 2280 2294 2348 comprehenditur
2320 2290 2376 2336 et
2418 2281 2668 2336 cernitur
2731 2290 2994 2350 tanquam
3032 2297 3208 2351 equus
3262 2283 3383 2352 per-

1808 2370 2095 2434 currisset,
2130 2381 2185 2425 et
2213 2381 2473 2440 tanquam
2509 2372 2759 2428 columba
2779 2375 3202 2440 transvolasset,
3225 2377 3380 2444 prius

1807 2458 2028 2525 quidem
2085 2475 2211 2514 eum
2269 2460 2543 2516 desiderio
2597 2463 2836 2532 quiescit
2871 2464 2928 2517 in
2972 2465 3167 2518 umbra
3223 2465 3378 2529 mali,

1809 2546 2011 2601 malum
2052 2563 2153 2617 pro
2201 2549 2349 2605 nube
2387 2546 2684 2608 nominans
2740 2552 2796 2606 id
2836 2550 3380 2620 quodobscuritatcm

1809 2636 1983 2691 affert.
2016 2637 2177 2693 Nunc
2215 2649 2396 2696 autem
2425 2657 2454 2695 a
2487 2642 2674 2697 divina
2707 2653 2867 2699 nocte
2889 2643 3002 2712 jam
3024 2645 3377 2709 circumitur,

1809 2727 1861 2780 in
1890 2741 1999 2795 qua
2035 2729 2248 2784 accedit
2287 2733 2508 2800 quidem
2542 2748 2803 2803 sponsus,
2841 2735 2937 2788 sed
2980 2749 3090 2788 non
3129 2745 3379 2806 apparet.

1808 2818 2093 2882 Quomodo
2121 2821 2267 2874 enim
2298 2833 2464 2877 noctu
2491 2825 2806 2893 apparuerit
2835 2824 2886 2878 id
2917 2825 3063 2894 quod
3096 2839 3206 2879 non
3255 2840 3380 2881 eer-

1809 2906 1997 2959 nitur?
2027 2907 2118 2961 sed
2147 2909 2586 2980 prmbetquidem
2611 2913 2805 2967 animae
2837 2914 3074 2984 aliquem
3107 2929 3221 2970 sum
3243 2931 3383 2984 prae-

1809 2999 2000 3053 sentiae
2029 3015 2274 3065 sensum,
2337 3001 2526 3073 eﬂugit
2581 3013 2766 3058 autem
2821 3004 3131 3058 evidentem
3181 3010 3381 3062 mentis

1805 3091 2376 3160 comprehensionem,
2435 3104 2496 3149 ut
2539 3095 2636 3164 qui
2686 3098 2967 3163 operiatur
3012 3105 3205 3150 natura
3260 3113 3383 3166 quae

1807 3197 1915 3236 non
1947 3184 2094 3236 cadit
2126 3186 2229 3240 sub
2260 3194 2564 3256 aspectum.
2621 3185 2885 3253 Quaenam
2921 3193 3006 3242 est
3039 3198 3222 3243 autem
3259 3205 3382 3260 my-

1807 3271 1963 3324 sterii
1999 3272 2358 3338 introductio,
2415 3291 2538 3346 quae
2569 3292 2667 3346 per
2698 3277 2842 3332 hanc
2873 3287 3089 3333 noctem
3136 3279 3382 3333 induitur

1808 3361 2052 3414 animae?
2079 3360 2294 3417 Ostium
2325 3366 2496 3434 tangit
2534 3363 2796 3419 Verbum.
2828 3363 3044 3421 Ostium
3088 3376 3268 3422 autem
3295 3368 3383 3421 in~

1808 3451 2104 3521 telligimus
2143 3454 2574 3522 conjecturalem
2598 3470 2932 3510 arcanorum
2968 3457 3378 3526 cogitationem,

1804 3554 1904 3608 per
1929 3555 2094 3608 quam
2117 3541 2554 3597 introduciturid
2579 3545 2726 3614 quod
2754 3545 3041 3614 quasritur.
3069 3546 3233 3603 Stans
3247 3564 3380 3619 ergo

1807 3641 1963 3685 extra
2016 3640 2262 3687 nostram
2306 3643 2561 3689 naturam
2603 3635 2830 3698 veritas,
2867 3652 2966 3705 per
3005 3639 3380 3706 cognitionem

1803 3737 1871 3777 ex
1906 3730 2081 3791 parte,
2139 3724 2284 3779 sicut
2322 3725 2458 3780 dicit
2506 3726 2888 3795 Apostolus",
2927 3731 3130 3782 mentis
3176 3738 3383 3785 nostra)

1805 3814 1987 3882 pulsat
2014 3815 2217 3870 ostium
2243 3816 2298 3869 in
2330 3816 2610 3887 allegoriis
2634 3824 2688 3872 et
2726 3818 3128 3888 muigmatibus,
3151 3818 3376 3878 dicens:

1805 3903 1999 3970 Aperi;
2028 3913 2082 3959 et
2117 3921 2242 3960 cum
2279 3907 2660 3964 adhortatione
2703 3909 2969 3977 suggerit,
3018 3910 3378 3978 quemadmo-

1805 3993 1935 4047 dum
1967 4003 2183 4065 oportet
2225 3999 2439 4066 aperire
2465 3999 2689 4064 ostium,
2736 4000 2900 4054 veluti
2929 4001 3178 4070 praebens
3215 4017 3380 4072 quas-

1805 4081 1930 4136 dam
1969 4085 2174 4150 claves,
2209 4101 2405 4155 nempe
2436 4087 2665 4155 pulchra
2713 4088 2830 4144 haec
2858 4091 3100 4156 nomina,
3138 4107 3236 4161 per
3260 4109 3380 4163 quae

1803 4175 2053 4240 aperitur
2083 4173 2137 4227 id
2168 4176 2314 4244 quod
2344 4189 2429 4232 est
2481 4179 2754 4235 clausum.
2812 4181 3006 4237 Claves
3037 4182 3182 4237 enim
3220 4184 3381 4254 plane

1806 4273 1934 4319 sunt
1964 4264 2158 4344 borum
2199 4268 2488 4324 nominum
2510 4271 2969 4341 signiﬁcationes,
3003 4291 3123 4343 qua:
3160 4278 3378 4332 occulta

111 4375 222 4442 τὴν
256 4373 449 4444 θύραν,
483 4374 574 4427 καὶ
603 4372 909 4444 ἐπαρθῆναι
931 4373 1032 4442 τῆς
1049 4373 1230 4443 ψυχῆς
1259 4390 1353 4426 σου
1381 4375 1476 4436 τὰς
1507 4373 1697 4437 πύλας,

1867 4358 2081 4422 ieriunt,
2113 4373 2310 4428 nempe
2340 4375 2500 4416 soror
2527 4372 2580 4416 et
2607 4363 2922 4433 propinqua
2955 4373 3008 4419 et
3037 4367 3291 4421 columba
3324 4379 3379 4423 et

116 4467 210 4519 ἵνα
247 4465 462 4536 εἰσέλθῃ
495 4468 523 4518 6
567 4465 816 4534 βασιλεὺς
847 4464 945 4534 τῆς
987 4463 1178 4534 δόξης,
1235 4466 1338 4535 χρὴ
1381 4482 1440 4517 σε
1473 4464 1702 4535 ἀδελφήν

117 4575 229 4629 μου
265 4557 538 4625 γενέσθαι,
567 4558 626 4610 ὲν
645 4555 806 4626 τῷτά
829 4555 1107 4626 θελήματά
1129 4571 1230 4625 μου
1253 4558 1316 4626 τῇ
1347 4554 1490 4626 ψυχῇ
1521 4571 1702 4626 παρα-

109 4648 411 4712 δέξασθαι,
473 4647 655 4708 καθὼς
700 4647 758 4698 ὲν
799 4645 882 4715 τῷ
925 4643 1241 4713 Εὐαγγελίῳ
1287 4643 1451 4712 φησὶν
1480 4643 1705 4710 ἀδελφὸν

113 4738 292 4791 αὐτοῦ
343 4738 435 4790 καὶ
479 4735 711 4807 ἀδελφὴν
756 4734 1000 4803 γίνεσθαι
1049 4733 1140 4785 τὸν
1173 4735 1232 4785 ἐν
1265 4735 1376 4795 τοῖς
1405 4732 1703 4802 θελήμασιν

109 4829 289 4884 αὐτοῦ
318 4829 514 4893 ζῶντα.
555 4827 676 4897 Χρὴ
694 4827 750 4879 δέ
769 4843 828 4878 σε
857 4826 950 4879 καὶ
973 4824 1331 4896 προσεγγίσαι
1353 4826 1417 4894 τῇ
1453 4823 1698 4894 ἀληθείᾳ,

109 4921 216 4973 καὶ⁸
247 4918 476 4988 πλησίον
497 4916 772 4986 γενέσθαι,
801 4913 940 4967 ὥστε
969 4913 1157 4983 μηδενὶ
1198 4912 1348 4982 μέσῳ
1379 4909 1700 4981 διατειχίζε-

111 5012 280 5076 σθαι,
323 5011 419 5063 καὶ
459 5011 515 5061 ὲν
545 5011 612 5079 τῇ
653 5007 812 5076 φύσει
850 5006 949 5075 τῆς
987 5003 1311 5075 περιστερᾶς
1339 5001 1482 5072 ἔχειν
1516 5001 1579 5054 τὸ
1610 5000 1700 5054 τέ-

108 5101 170 5155 λε
182 5119 266 5155 ιον
289 5118 302 5130 ·
352 5100 511 5153 τοῦτο
529 5099 585 5152 δέ
614 5099 730 5150 ἐστι
765 5097 826 5150 τὸ
854 5093 1113 5162 ἀνελλιπῆ
1141 5095 1236 5146 καὶ
1270 5092 1700 5162 πεπληρωμένην

105 5194 261 5247 εἶναι
303 5191 485 5261 πάσης
526 5190 757 5252 άκακίας
797 5187 892 5241 καὶ
937 5185 1322 5255 καθαρότητος.
1375 5183 1559 5236 Ταῦτα
1603 5182 1698 5237 λα-

105 5281 316 5344 ϐοῦσα,
347 5275 392 5333 ὦ
411 5279 578 5350 ψυχὴ,
606 5273 716 5330 οἷόν
754 5295 903 5340 τινας
930 5277 1077 5338 κλεῖς
1106 5275 1175 5327 τά
1201 5274 1458 5342 ὀνόματα.
1493 5273 1701 5337 ἄνοιξον

97 5366 189 5426 δι’
210 5368 398 5423 αὐτῶν
429 5371 494 5437 τῇ
530 5365 755 5436 ἀληθείᾳ
797 5366 896 5434 τὴν
939 5363 1164 5428 εἴσοδον,
1207 5361 1408 5431 ἀδελφὴ
1435 5363 1700 5433 γενομένη

103 5462 210 5520 καὶ
244 5460 478 5528 πλησίον
507 5459 599 5512 καὶ
627 5455 925 5528 περιστερὰ
955 5457 1049 5508 καὶ
1076 5454 1274 5508 τελεία.
1305 5454 1494 5506 Ἔσται
1522 5452 1577 5504 δέ
1606 5469 1697 5506 σου

216 5640 266 5674 ³ι
297 5638 468 5692 Exod.
498 5652 643 5698 xxiv,
679 5638 764 5690 18.
848 5636 890 5666 ³²
927 5633 1092 5688 lCor.
1129 5651 1246 5700 nil,
1285 5633 1368 5687 12.

421 5734 718 5792 σΡΛτιιοι..
749 5731 872 5791 (in.
921 5730 1138 5793 XLIV.

1805 4448 2077 4518 perfecta.
2113 4448 2173 4504 Si
2219 4453 2304 4508 vis
2327 4453 2496 4517 enim,
2528 4456 2730 4524 inquit,
2776 4456 2974 4524 aperiri
3030 4458 3257 4525 ostium,
3320 4469 3378 4515 et

1805 4540 1981 4596 attolli
2021 4547 2209 4611 portas
2264 4544 2461 4599 animae
2488 4552 2614 4609 tute,
2663 4553 2723 4599 ut
2750 4561 2842 4600 rex
2873 4548 3062 4618 gloriae
3100 4549 3380 4620 ingredia-

1804 4639 1913 4694 tur,
1945 4642 2162 4702 oportet
2207 4642 2260 4688 te
2303 4649 2482 4689 meam
2537 4634 2657 4690 ﬁeri
2702 4651 2972 4703 sororem,
3025 4641 3081 4694 in
3113 4657 3177 4695 eo
3233 4643 3378 4712 quod

1807 4725 2003 4780 anima:
2050 4741 2186 4782 mea:
2242 4728 2579 4783 voluntatem
2632 4730 2898 4798 accipias,
2953 4732 3096 4789 sicut
3129 4732 3265 4787 dicit
3321 4736 3376 4788 in

1809 4814 2101 4888 Evangelia
2131 4834 2256 4873 eum
2289 4818 2408 4875 ﬁeri
2435 4819 2657 4876 fratrem
2696 4837 2858 4877 suum
2890 4832 2946 4878 et
2975 4839 3247 4887 sororem,
3275 4828 3370 4895 qui

1806 4906 1941 4960 vivit
1973 4909 2026 4962 in
2063 4908 2188 4978 ejus
2221 4910 2523 4967 voluntate.
2579 4911 2810 4984 Oportet
2843 4921 3028 4968 autem
3074 4923 3130 4968 te
3173 4929 3376 4984 appro-

1808 5001 2073 5068 pinquare
2132 5002 2373 5066 veritati,
2432 5012 2486 5058 et
2549 5005 2686 5060 adeo
2736 5014 2926 5060 exacte
2965 5022 3088 5062 esse
3153 5009 3376 5077 propin-

1804 5104 1996 5157 quum.
2033 5099 2093 5144 ut
2127 5093 2280 5146 nullo
2321 5094 2647 5150 intermedio
2675 5097 3032 5168 disjungaris,
3087 5108 3140 5154 et
3171 5100 3375 5156 habere

1805 5180 1862 5233 in
1888 5188 2087 5236 natura
2115 5184 2388 5239 columbae
2432 5186 2825 5256 perfectionem
2863 5209 2874 5244 :
2909 5191 3012 5244 hoc
3055 5198 3236 5246 autem
3265 5202 3373 5258 est,

1809 5272 1960 5325 nulla
1985 5273 2040 5326 in
2070 5288 2128 5328 re
2149 5275 2402 5340 deficere,
2439 5285 2493 5332 et
2529 5293 2654 5335 esse
2683 5281 2903 5349 plenum
2932 5283 3078 5336 omni
3109 5282 3375 5337 innocen-

1811 5362 1886 5415 tia
1915 5371 1967 5417 et
1991 5364 2248 5432 puritate.
2295 5367 2423 5422 Haec
2473 5371 2696 5425 nomina
2734 5387 2857 5426 cum
2909 5373 3052 5427 velut
3106 5375 3374 5443 quasdam

1809 5453 1994 5508 claves
2020 5457 2321 5527 acceperis,
2345 5473 2378 5513 ο
2417 5459 2618 5527 anima,
2645 5475 2741 5533 per
2775 5478 2838 5519 ea
2862 5464 3014 5534 aperi
3066 5464 3371 5535 ingressum

3051 5735 3129 5796 32
