3730 5980
401 254 539 308 i005

1553 254 1609 310 S.
1652 253 1974 310 GREGORII
2018 254 2308 310 NYSSliNl

3514 261 3630 320 ω’ού

399 373 634 434 veritati,
677 369 723 424 si
751 367 921 424 fueris
948 381 1107 422 soror
1143 370 1198 420 et
1252 365 1560 436 propinqua
1617 374 1673 420 et
1708 366 1960 420 columba

2143 368 2329 437 κέρδος
2372 368 2436 420 ὲκ
2475 367 2569 421 τοῦ
2603 368 2940 435 είσδέξασθαί
2982 387 3049 440 με
3096 372 3191 424 καὶ
3219 371 3631 436 είσοικίσασθαι.

391 467 447 516 et
473 459 736 530 perfecta.
765 458 845 512 Ex
871 474 936 514 eo
966 466 1148 512 autem
1179 457 1326 527 quod
1368 472 1454 511 me
1485 457 1776 512 admiseris
1805 466 1859 511 et
1884 457 1962 510 in-

392 551 726 615 troduxeris,
765 549 1079 605 lucrifacies
1125 563 1308 604 rorem
1357 563 1422 603 ex
1454 549 1634 618 capite
1685 563 1810 603 meo
1853 562 1961 618 quo

392 657 512 697 sum
545 643 760 711 plenus,
793 647 847 695 et
879 656 943 695 ex
974 641 1220 694 noctium
1259 640 1428 710 guttis
1461 655 1584 708 quae
1621 639 1871 694 deﬂuunt
1895 653 1962 692 ex

391 734 531 789 meis
554 732 846 786 cincinnis.
907 731 985 784 Ex
1020 731 1106 786 his
1131 737 1312 785 autem
1367 745 1545 786 rorem
1585 731 1804 801 quidem
1841 744 1963 786 esse

393 821 793 876 curationema
852 819 1121 890 pr0pheta
1183 819 1447 888 praeclare
1489 819 1806 883 didicimus,
1867 818 1960 888 qui

361 910 524 973 ,dicit
556 929 568 964 :
603 908 704 962 Ros
734 909 824 976 qui
857 925 890 960 a
943 917 989 960 te
1020 908 1140 976 ﬂuit
1202 916 1280 960 est
1339 907 1448 960 illis
1505 907 1730 960 curatio.
1776 904 1962 959 Noctis

393 1011 573 1055 autem
605 1007 770 1070 guttae
800 999 952 1068 prius
983 997 1388 1052 consideratam
1419 997 1670 1067 proxime
1719 1012 1964 1074 sequun-

392 1101 482 1144 tur
509 1090 858 1145 sententiam.
888 1088 1006 1141 Non
1028 1093 1207 1157 potest
1230 1087 1375 1142 enim
1404 1087 1520 1142 ﬁeri
1547 1098 1605 1141 ut
1633 1087 1726 1156 qui
1758 1087 1967 1155 ingres-

393 1197 488 1236 sus
513 1180 678 1234 fuerit
702 1179 863 1249 adyta
899 1194 1089 1233 eorum
1123 1192 1248 1248 qua:
1294 1178 1442 1232 vires
1487 1179 1758 1232 humanas
1806 1191 1966 1244 supe-

391 1278 536 1333 rant,
577 1285 679 1324 nec
707 1269 910 1323 cadunt
961 1268 1064 1323 sub
1105 1267 1648 1336 contemplationem,
1708 1266 1966 1321 deveniat

391 1361 458 1414 ad
492 1361 722 1415 imbrem
749 1360 985 1430 aliquem
1018 1367 1112 1413 aut
1157 1365 1463 1414 torrentem
1492 1356 1963 1427 cognitionis,.sed

390 1454 649 1522 praeclare
676 1467 802 1506 cum
833 1467 900 1506 eo
927 1457 1137 1521 agetur,
1195 1449 1240 1505 si
1265 1449 1598 1518 quibusdam
1641 1447 1878 1502 exilibus
1909 1453 1965 1503 et

389 1543 642 1599 obscuris
671 1541 956 1598 sententiis
985 1540 1358 1611 cognitionem
1405 1541 1525 1610 ejus
1574 1539 1774 1594 irroret
1822 1539 1965 1594 veri-

2065 458 2098 527 ή
2132 459 2198 510 ὲκ
2228 458 2326 526 τῆς
2352 457 2592 528 κεφαλῆς
2621 476 2722 527 μου
2751 459 2941 530 δρόσος
2964 457 3032 532 ἦς
3053 461 3268 532 πλήρης
3288 465 3428 533 εἰμὶ,
3467 467 3564 519 καὶ
3587 473 3634 522 αἱ

2062 548 2164 618 τῆς
2210 549 2404 611 νυκτὸς
2447 549 2554 602 τῶν
2589 549 2900 621 βοστρύχων
2931 552 3041 605 τῶν
3087 553 3234 623 ἐμῶν
3269 557 3636 628 ἀπορρέουσαι

2061 641 2315 710 ψεκάδες.
2363 641 2464 694 Ἐκ
2487 641 2692 694 τούτων
2717 641 2792 704 δὲ,
2828 642 2888 694 τὸ
2924 642 3022 712 μὲν
3047 644 3188 696 ῐασιν
3231 641 3369 699 εἶναι
3396 647 3504 719 τὴν
3527 650 3638 720 δρό-

2066 749 2185 799 σον,
2223 733 2373 802 παρά
2427 733 2536 788 τοῦ,
2569 736 2847 804 προφήτου
2890 735 3074 803 σαφῶς
3117 736 3545 808 μεμαθήκαμεν,
3587 741 3638 803 ὅς

2065 837 2247 890 φησιν·
2282 825 2362 876 ὅτι
2383 825 2606 890 Δρύωνος
2629 825 2668 890 ἡ
2701 826 2861 891 παρά
2882 840 3022 886 σου,
3047 824 3189 892 lupa
3214 826 3420 891 αὐτοῖς
3449 827 3634 880 ἐστιν.

2062 913 2127 965 Δί
2151 912 2209 965 δὲ
2237 913 2332 983 τῆς
2366 914 2556 977 νυκτὸς
2585 913 2819 983 ψεκάδες
2847 914 2946 983 τῆς
2976 914 3458 987 προθεωρηθείσης
3491 917 3636 986 ἔχον-

2065 1019 2154 1056 ται
2189 1002 2442 1065 διανοίας.
2470 1004 2542 1056 Οὐ
2573 1005 2679 1075 γάρ
2702 1005 2815 1057 ἐστι
2843 1004 3061 1057 δυνατὸν
3083 1006 3172 1057 τὸν
3201 1007 3354 1068 ἐντὸς
3380 1006 3499 1059 τῶν
3519 1009 3637 1060 ἁδύς

2067 1109 2176 1146 των
2211 1093 2304 1146 καὶ
2338 1093 2579 1145 ἀθεάτων
2624 1095 2912 1163 γενόμενον
2932 1135 2946 1159 ,
3004 1094 3194 1166 ὄμϐρῳ
3233 1097 3340 1147 τινὶ
3370 1096 3478 1164 τῆς
3510 1097 3640 1164 γνώ-

2066 1196 2203 1242 σεως
2250 1176 2488 1249 ἐντυχεῖν
2530 1180 2562 1249 ἢ
2598 1182 2901 1253 χειμάρρῳ.
2971 1183 3108 1235 Ἀλλ’
3145 1184 3456 1254 ἀγαπητὸν,
3481 1187 3532 1238 εί
3556 1187 3637 1240 λε-

2065 1273 2226 1334 πταῖς
2276 1287 2384 1324 τισι
2435 1273 2526 1324 καὶ
2569 1274 2834 1343 ἁμυδραῖς
2875 1275 3136 1338 διανοίαις
3179 1275 3514 1346 ὲπιψεκάξοι
3551 1278 3643 1349 τὴν

2065 1362 2266 1431 γνῶσιν
2292 1361 2511 1432 αὐτοῦὴ
2551 1364 2796 1434 ἀλήθεια,
2827 1365 2913 1417 διὰ
2945 1366 3052 1418 τῶν
3083 1368 3254 1434 ἀγίων
3281 1386 3343 1421 τε
3387 1371 3490 1422 καὶ
3534 1371 3644 1423 Θεο-

2065 1449 2412 1518 φορουμένων
2436 1449 2534 1518 τῆς
2573 1451 2795 1522 λογικῆς
2825 1453 3081 1520 σταγόνος
3107 1457 3516 1528 ἀπορρεούσης.
3559 1458 3644 1511 Βο-

2067 1539 2330 1610 στρύχους
2371 1540 2477 1612 γὰρ
2517 1537 2668 1610 οἶμαι
2699 1543 2796 1612 τῆς
2841 1544 2934 1596 τοῦ
2969 1545 3170 1609 παντὸς
3211 1549 3464 1618 κεφαλῆς
3502 1550 3642 1619 ἐξηρ

387 1645 492 1698 tas,
520 1649 618 1705 per
650 1634 798 1688 viros
843 1639 1066 1687 sanctos
1106 1641 1162 1685 et
1208 1632 1426 1686 divinos
1483 1630 1756 1685 deﬂuente
1812 1637 1963 1700 gutta

2140 1629 2335 1699 μένους
2366 1669 2380 1693 ,
2451 1632 2729 1701 τροπικῶς
2777 1633 3132 1703 ὀνομάζεσθαι
3188 1639 3486 1707 προφήτας
3559 1641 3644 1689 καὶ

387 1726 641 1780 rationis.
684 1725 985 1780 Cincinnos
1012 1722 1160 1778 enim
1188 1723 1280 1792 qui
1325 1723 1564 1792 pendent
1594 1723 1662 1776 ab
1693 1721 1963 1776 universi-

2137 1720 2449 1789 ιγγελιστὰς
2481 1723 2576 1774 καὶ
2601 1723 2952 1787 ἀποστόλους,
2981 1719 3055 1780 ὧν
3088 1706 3320 1791 ἕκαστος
3353 1706 3488 1781 ὅσον
3517 1729 3642 1799 ἐχώ-

388 1817 518 1870 tatis
545 1815 744 1885 capite,
793 1816 1002 1883 tropice
1049 1822 1184 1884 puto
1237 1814 1509 1868 nominari
1561 1813 1856 1884 prophetas
1909 1819 1963 1868 et

2137 1828 2192 1863 uv
2217 1813 2281 1864 ὲκ
2312 1811 2419 1864 τῶν
2453 1815 2739 1867 σκοτεινῶν
2768 1832 2826 1868 τε
2856 1817 2952 1870 καὶ
2982 1817 3319 1889 ἀποκρύφων
3356 1819 3460 1871 καὶ
3490 1820 3644 1890 ἀοριὶ⁹

387 1909 752 1977 cvangelistas
819 1915 869 1960 et
928 1905 1257 1972 apostolos:
1304 1918 1537 1972 quorum
1584 1902 1963 1972 unusquisque

2137 1918 2168 1954 ly
2193 1900 2478 1972 θησαυρῶν
2503 1903 2814 1973 ἀρυόμενοι,
2849 1907 2978 1977 ἡμῖν
3001 1910 3236 1978 ποταμοὶ
3259 1908 3547 1974 γίνονται·
3577 1909 3645 1973 ὡς

387 2005 652 2068 quantum
680 2009 876 2062 capere
906 1993 1107 2063 potuit,
1133 1993 1394 2047 hauriens
1429 2009 1497 2047 ex
1539 1992 1814 2056 obscuris,
1871 2007 1966 2047 oc-

387 2089 550 2142 cultis
579 2095 633 2142 et
689 2084 1170 2155 inaspectabilibus
1195 2083 1490 2150 thesauris,
1547 2085 1708 2138 nobis
1741 2085 1964 2155 quidem

386 2176 525 2234 iiunt
554 2175 702 2233 ﬂuvii
733 2177 876 2248 pleni
909 2176 1086 2246 aquis.
1147 2174 1206 2230 Si
1232 2176 1309 2230 rei
1342 2182 1523 2230 autem
1559 2181 1839 2247 spectetur
1870 2191 1963 2230 ve-

387 2271 547 2334 ritas,
585 2276 715 2324 sunt
739 2275 906 2338 gutta:
939 2267 1106 2330 roris,
1158 2266 1375 2322 etiamsi
1419 2273 1736 2337 restagnent
1777 2265 1964 2320 multi-

387 2360 577 2414 tudine
599 2366 656 2412 et
684 2357 1054 2427 magnitudine
1081 2357 1368 2411 doctrinae.
1415 2355 1737 2426 Cujusmodi
1762 2355 1962 2410 ﬂumen

387 2460 506 2507 erat
537 2451 756 2514 Paulus,
788 2451 879 2520 qui
915 2464 1084 2518 supra
1103 2448 1301 2502 coelum
1328 2462 1628 2516 assurgens
1655 2446 1815 2500 undis
1841 2460 1967 2501 sen-

386 2543 705 2605 tentiarum,
743 2539 1012 2610 usquead
1045 2539 1267 2594 tertium
1296 2538 1520 2600 cmlum,
1547 2551 1726 2607 usque
1762 2536 1828 2589 ad
1865 2549 1966 2606 pa-

386 2635 654 2695 radisum,
706 2647 880 2700 usque
918 2633 983 2683 ad
1035 2631 1200 2685 verba
1239 2644 1442 2684 arcana
1484 2639 1538 2683 et
1575 2628 1872 2683 ineﬂ‘ahilia
1895 2625 1963 2692 ³³,

387 2730 440 2778 et
493 2736 590 2792 per
641 2736 858 2775 omnem
933 2717 1202 2786 ejusmodi
1263 2717 1498 2772 docendi
1547 2715 1962 2786 amplitudinem

387 2814 494 2867 late
539 2811 849 2873 exundans,
907 2809 1090 2865 verbis
1140 2823 1334 2864 rursus
1373 2807 1632 2872 ostendit,
1686 2807 1831 2877 quod
1875 2805 1964 2858 hic

388 2919 569 2960 sermo
597 2911 682 2957 est
729 2903 904 2956 instar
951 2909 1118 2972 gutta:
1163 2901 1331 2962 roris,
1371 2900 1419 2954 si
1470 2897 1785 2953 conferatur
1837 2912 1962 2951 cum

2063 1991 2119 2044 δὲ
2150 1992 2286 2061 πρὸς
2315 1993 2413 2064 τὴν
2452 1993 2618 2057 ὄντως
2647 1995 2926 2066 ἀλήθειαν,
2949 1997 3233 2067 δροσώδεις
3257 2001 3368 2052 εἰσὶ
3391 2000 3643 2069 ψεκάδες.

2075 2081 2178 2136 κᾶν
2203 2082 2280 2153 τῷ
2306 2084 2498 2154 πλήθει
2526 2102 2585 2138 τε
2609 2087 2702 2140 καὶ
2737 2088 2953 2156 μεγέθει
2974 2090 3073 2160 τῆς
3101 2090 3458 2154 διδασκαλίας
3483 2092 3647 2162 πλημ-

2067 2174 2331 2245 μυρῶσιν.
2383 2169 2504 2237 Οἷος
2543 2177 2572 2228 ό
2600 2175 2807 2239 Παῦλος
2833 2173 2900 2248 ἦν
2929 2179 3203 2248 ποταμὸς,
3252 2181 3399 2251 ὑπὲρ
3448 2182 3541 2234 τὸν
3564 2184 3645 2235 οὐ·

2071 2262 2231 2334 ρανὸν
2260 2265 2368 2325 τοῖς
2395 2263 2501 2316 τῶν
2533 2265 2816 2334 νοημάτων
2847 2265 3054 2336 κύμασι
3087 2269 3505 2339 κορυφούμενος
3550 2272 3645 2334 ἕως

2065 2351 2249 2423 τρίτου
2280 2352 2531 2420 ούρανοῦ,
2564 2354 2667 2416 ἓως
2698 2354 2791 2407 τοῦ
2822 2357 3171 2426 παραδείσου,
3204 2359 3312 2422 ἕως
3336 2360 3454 2414 τῶν
3483 2363 3646 2433 dcet,-

2064 2459 2171 2495 των
2209 2460 2268 2495 τε
2316 2445 2410 2496 καὶ
2439 2446 2835 2516 ἀνεκφωνήτων
2873 2448 3148 2516 ῥημάτων,
3194 2449 3288 2502 καὶ
3327 2449 3401 2503 δι’
3431 2453 3646 2524 ἀπάσης

2062 2534 2160 2603 τῆς
2185 2535 2437 2604 τοιαύτης
2469 2537 2872 2606 μεγαληγορίας
2908 2540 2998 2591 πεἻ
3012 2540 3214 2608 αγίζων
3239 2541 3320 2611 τῷ
3345 2541 3498 2615 λόγῳ
3546 2545 3645 2598 δεί-

2065 2640 2219 2676 κνυσι
2266 2625 2424 2677 πάλιν
2464 2627 2546 2678 ὅτι
2593 2626 2768 2695 ψεκάς
2809 2628 2893 2692 τίς
2932 2631 3050 2682 ἐστι
3096 2631 3372 2704 δροσώδης
3422 2637 3452 2689 ό
3499 2637 3648 2705 λόγος

2063 2708 2236 2776 οὗτος,
2271 2716 2554 2786 συγκρίσει
2596 2717 2688 2770 τοῦ
2718 2718 2885 2781 ὄντως
2907 2718 3104 2786 Λόγου,
3135 2723 3202 2775 δι’
3235 2716 3314 2777 ὧν
3339 2742 3538 2795 φησιν,
3574 2729 3647 2780 ὅτι

2077 2805 2170 2856 Ἐκ
2181 2805 2403 2872 μέρους
2425 2805 2814 2876 γινώσκομεν,
2833 2808 2928 2861 καὶ
2951 2811 3018 2863 ἐκ
3035 2811 3255 2879 μέρους
3278 2818 3650 2884 προφητεύο-

2060 2912 2172 2962 μεν
2190 2912 2203 2925 '
2225 2896 2337 2960 καὶ,
2362 2896 2409 2947 Ε
2414 2895 2436 2947 ἵ
2450 2915 2539 2962 τις
2555 2898 2718 2951 δοκεῖ
2744 2900 3065 2968 ἐγνωκέναι
3081 2920 3153 2966 τι,
3171 2905 3339 2958 οὔπω
3371 2907 3536 2975 ἔγνω
3552 2927 3650 2962 κα-

390 2991 725 3061 Verboquod
758 2999 862 3052 est,
894 3006 1018 3044 cum
1061 2989 1193 3044 dicit
1225 3008 1238 3042 :
1272 2987 1357 3041 Ea:
1388 2995 1538 3055 parte
1577 2986 1960 3054 cognoscimus,

2137 3004 2183 3051 ις
2230 2987 2324 3039 δεῖ
2349 2988 2594 3056 γνῶναι·
2632 2993 2758 3054 καὶ,
2802 2993 3096 3060 Ἐμαυτὸν
3139 2997 3306 3050 οὔπω
3330 2999 3649 3070 ,λογίζομαι

388 3093 439 3137 et
467 3097 530 3136 ea:
585 3089 734 3148 parte
771 3081 1140 3147 prophetamus
1157 3077 1222 3142 “,
1258 3087 1309 3132 et
1336 3095 1348 3131 :
1375 3077 1434 3130 Si
1463 3077 1579 3140 quis
1612 3077 1712 3128 sibi
1763 3076 1966 3128 videtur

387 3175 541 3233 scire,
597 3169 826 3222 nondum
870 3169 968 3221 scit
999 3167 1258 3237 quomodo
1302 3168 1437 3221 scire
1466 3175 1706 3235 oporteat
1723 3165 1808 3232 ³⁵;
1862 3175 1917 3220 et
1948 3181 1964 3219 :

390 3262 502 3333 Ego
532 3265 784 3329 meipsum
810 3259 1037 3313 nondum
1069 3259 1313 3312 existimo
1343 3256 1788 3326 comprehendisse
1816 3256 1882 3309 ⁸⁸.
1906 3253 1964 3310 Si

392 3368 519 3425 ergo
553 3353 752 3404 humor
796 3349 960 3415 roris,
1017 3356 1070 3403 et
1098 3355 1253 3419 gutta
1285 3347 1669 3401 cincinnorum
1713 3345 1968 3400 videntur

387 3459 510 3500 esse
557 3441 780 3495 ﬂumina
812 3446 865 3495 et
912 3439 1082 3493 maria
1113 3446 1168 3492 et
1219 3437 1438 3502 ﬂuctus,
1497 3438 1544 3492 si
1580 3452 1703 3490 cum
1760 3436 1966 3492 nostris

387 3531 746 3587 conferantur
801 3525 1214 3597 viribuszquid
1271 3536 1356 3582 est
1408 3525 1832 3594 existimandum
1897 3525 1966 3580 de

391 3624 486 3676 illo
512 3621 660 3676 fonte
693 3619 785 3689 qui
819 3618 956 3672 dixit
989 3616 1088 3671 :Si
1117 3619 1235 3686 quis
1269 3618 1408 3680 sitit,
1445 3617 1618 3670 veniat
1663 3617 1731 3668 ad
1765 3631 1866 3682 me,
1912 3623 1963 3670 et

390 3715 533 3769 bibat
563 3713 604 3749 ³⁷
628 3713 651 3766 ‘i
673 3712 912 3778 Quilibet
937 3724 1004 3765 ex
1037 3709 1106 3764 iis
1131 3710 1225 3779 qui
1257 3709 1491 3763 audiunt
1519 3724 1587 3762 ex
1618 3709 1965 3778 proportione

387 3821 578 3862 eorum
603 3820 724 3875 qua:
751 3803 898 3859 dicta
934 3809 1083 3867 sunt,
1129 3801 1499 3870 conjecturam
1544 3808 1727 3854 sumat
1758 3799 1828 3854 de
1857 3800 1962 3852 mi-

392 3899 601 3953 raculo.
662 3895 800 3950 Nam
831 3895 878 3950 si
903 3901 1054 3966 gutta
1082 3893 1278 3949 sufﬁcit
1330 3893 1398 3947 ad
1445 3891 1815 3962 generandum
1862 3889 1966 3944 ﬂu-

389 3990 561 4052 vium,
585 3987 717 4057 quid
740 3985 1098 4057 reputandum
1135 3993 1219 4038 est
1235 3998 1356 4038 esse
1384 3983 1560 4054 ipsum
1587 3981 1682 4036 Dei
1712 3979 1963 4049 ﬂuvium,

388 4095 452 4134 ex
485 4080 589 4132 hac
627 4084 779 4147 gutta
810 4076 1126 4145 conjectura
1165 4073 1369 4128 ducta?

461 4167 760 4223 Videamus
799 4171 982 4221 autem
1026 4162 1483 4234 quemadmodum
1531 4177 1732 4230 sponsa
1777 4161 1963 4217 obedit

390 4261 592 4324 Verbo,
625 4256 1082 4330 quemadmodum
1113 4269 1316 4325 sponso
1339 4253 1512 4324 aperit
1539 4253 1769 4323 aditum.
1795 4251 1959 4320 Eni,

2068 3078 2511 3146 κατειληφέναι.
2534 3082 2593 3133 Et
2625 3081 2800 3135 τοίνυν
2825 3084 2987 3152 ἰκμὰς
3008 3086 3102 3155 τῆς
3127 3086 3340 3157 δρόσου,
3369 3092 3468 3143 καὶ
3489 3095 3524 3162 ή
3551 3093 3650 3144 τῶν

2073 3168 2384 3239 βοστρύχων
2427 3171 2598 3239 ψεκάς
2639 3177 2869 3243 ποταμοὶ
2912 3177 3127 3230 δοκοῦσι
3157 3180 3249 3232 καὶ
3293 3181 3516 3252 πελάγη
3563 3193 3648 3236 καὶ

2067 3260 2287 3328 κύματα
2331 3261 2469 3332 πρὸς
2510 3263 2606 3333 τὴν
2640 3266 2910 3336 ἡμετέραν
2955 3271 3247 3339 κρινόμενα
3281 3271 3552 3342 δύναμινο
3603 3274 3648 3326 τὲ

2067 3349 2172 3420 χρὴ
2203 3353 2332 3422 περὶ
2356 3353 2454 3423 τῆς
2483 3356 2666 3424 πηγῆς
2687 3355 3002 3424 λογίσασθαι
3025 3360 3123 3430 τῆς
3149 3361 3433 3430 εἰπούσης,
3465 3365 3554 3416 ὅτι
3583 3365 3651 3418 ΕΣ

2065 3458 2155 3507 τις
2184 3442 2362 3511 διψᾷ,
2394 3445 2659 3514 ἐρχέσθω
2689 3451 2836 3516 πρός
2855 3468 2933 3518 με
2957 3452 3056 3505 καὶ
3088 3453 3341 3516 πινέτω;
3373 3456 3647 3520 Ἕκαστος

2065 3531 2173 3584 τῶν
2213 3535 2517 3590 ἀκουόντων
2548 3538 2614 3590 δι’
2647 3540 2936 3608 ἀναλογίαν
2972 3543 3080 3595 τῶν
3115 3546 3429 3614 είρημένων
3453 3565 3646 3619 στοχα-

2067 3623 2203 3691 σμὸν
2232 3624 2554 3694 λαμϐανέτω
2586 3629 2678 3681 τοῦ
2706 3629 3002 3700 θαύματος.
3064 3635 3123 3686 Et
3150 3635 3259 3706 γὰρ
3300 3637 3332 3705 ή
3358 3637 3543 3705 ψεκάς
3574 3641 3646 3700 εἰς

2066 3717 2324 3785 ποταμῶν
2361 3717 2626 3788 ἐξήρκεσε
2655 3722 2895 3790 γένεσιν,
2942 3724 2996 3777 τί
3035 3725 3197 3779 αὐτὸν
3239 3727 3333 3779 τὸν
3381 3728 3480 3782 τοῦ
3515 3731 3644 3783 Θεοῦ

2067 3803 2308 3947 ποτὲιμὸν
2355 3806 2442 3859 διὰ
2501 3808 2601 3879 τῆς
2649 3809 2880 3877 ψεκάδος
2941 3812 3144 3884 ταύτης
3201 3815 3348 3868 ἐστὶν
3392 3818 3645 3886 ἀναλογί-

2067 3911 2168 3946 σασ
2204 3913 2299 3947 at:

2066 3911 2299 3960 σασυαις

2137 4163 2361 4235 Ἰδωμεν
2384 4166 2440 4219 δὲ
2468 4167 2561 4221 καὶ
2600 4167 2718 4230 πῶς
2757 4169 3019 4225 ὑπακούει
3061 4171 3139 4242 τῷ
3170 4173 3328 4244 Λόγῳ
3369 4177 3402 4247 ή
3434 4178 3640 4248 νύμφη.

2067 4251 2183 4316 πῶς
2218 4253 2422 4323 ἀνοίγει
2458 4256 2534 4326 τῷ
2557 4258 2774 4328 νυμφίῳ
2806 4258 2902 4330 τήν
2932 4261 3154 4315 εἴσοδον.
3204 4263 3638 4336 Ἐξεδυσάμηγ,

388 4353 588 4421 inquit,
615 4366 784 4404 meam
818 4349 1074 4410 tunicam,
1129 4344 1387 4416 quomodo
1411 4343 1631 4397 induam
1647 4347 1808 4400 eam?
1835 4343 1963 4399 Lavi

2137 4344 2232 4410 ,σἰ,
2282 4345 2390 4399 τὸν
2439 4345 2660 4414 χιτῶνά
2687 4365 2834 4415 μουο
2875 4347 3000 4416 πῶς
3043 4349 3371 4421 ἐνδύσομαι
3415 4357 3640 4415 αὑτόνε

388 4442 540 4510 pedes
565 4457 728 4504 meos,
763 4437 1022 4509 quomodo
1052 4435 1343 4507 inquinabo
1375 4436 1497 4489 illos
1519 4434 1729 4489 ?Recte
1758 4434 1966 4490 audivit

391 4548 516 4588 eum
552 4533 644 4602 qui
671 4533 837 4602 jussit
879 4532 1057 4601 ipsam
1105 4529 1221 4584 ﬂeri
1249 4535 1303 4584 et
1353 4527 1736 4598 propinquam,
1783 4535 1839 4583 et
1873 4541 1964 4583 co-

394 4623 660 4689 lumbam,
691 4629 744 4677 et
771 4620 1090 4692 perfectam,
1129 4628 1190 4674 ut
1229 4635 1324 4690 per
1351 4633 1471 4675 eam
1508 4618 1576 4672 ad
1611 4619 1847 4671 animam
1878 4617 1962 4672 in-

391 4716 719 4771 troducatur
749 4713 976 4768 veritas.
1003 4711 1154 4768 Fecit
1182 4713 1329 4767 enim
1365 4726 1487 4781 quae
1513 4711 1738 4772 audivit,
1759 4719 1819 4764 ut
1843 4725 1964 4780 quae

393 4805 606 4864 exuerit
635 4805 915 4876 pelliceam
947 4804 1094 4858 illam
1128 4803 1391 4867 tunicam,
1424 4817 1587 4873 quam
1622 4801 1806 4856 induit
1832 4809 1963 4872 post

393 4906 704 4968 peccatum,
737 4905 790 4951 et
817 4909 847 4948 a
875 4895 1101 4964 pedibus
1129 4895 1364 4950 abluerit
1398 4901 1647 4949 terrenas
1681 4893 1805 4948 illas
1837 4909 1962 4949 sor-

393 4990 511 5055 des,
541 4988 741 5059 quibus
763 4993 879 5040 erat
911 4985 1175 5050 involuta,
1230 4993 1290 5040 ut
1322 5000 1445 5055 quae
1471 5000 1501 5039 a
1528 4985 1638 5040 vita
1676 4999 1838 5055 quam
1864 4985 1961 5040 de-

399 5087 556 5153 gerat
603 5079 657 5133 in
689 5076 942 5149 paradiso
981 5090 1201 5132 reversa
1244 5084 1390 5132 esset
1436 5078 1491 5130 in
1537 5083 1738 5131 terram
1777 5095 1791 5130 :
1826 5090 1964 5145 quo-

392 5174 540 5226 niam
577 5169 787 5223 audivit
831 5167 918 5233 ³⁷⁶,
959 5167 1123 5222 Terra
1149 5183 1225 5232 es,
1265 5176 1314 5220 et
1344 5167 1400 5221 in
1437 5175 1633 5221 terram
1663 5167 1958 5221 reverteris.

395 5259 688 5328 Propterea
723 5257 929 5312 aditum
973 5257 1187 5329 aperuit
1232 5255 1412 5312 Verbo
1448 5257 1515 5312 ad
1565 5257 1826 5318 animam,
1885 5256 1964 5311 di-

396 5347 562 5400 ducto
593 5348 778 5403 cordis
831 5350 974 5414 velo,
1034 5350 1140 5405 hoc
1183 5356 1271 5404 est
1316 5363 1501 5403 carne.
1557 5347 1790 5402 Carnem
1836 5361 1960 5400 cum

396 5438 544 5495 dico,
574 5445 812 5492 veterem
837 5437 1114 5492 hominem
1154 5438 1426 5509 intelligo,
1460 5452 1622 5506 quem
1654 5444 1715 5491 ut
1755 5444 1960 5492 exuant

2064 4434 2396 4504 Ἕνιψὰμην
2422 4435 2562 4502 τοὺς
2581 4436 2770 4503 πόδας
2787 4456 2928 4507 μου,
2953 4438 3079 4506 πῶς
3101 4442 3348 4510 μολυνῶ
3381 4447 3642 4511 αὑτούς;

2064 4524 2497 4596 Καλῶς.ήκουσε
2544 4527 2638 4580 τοῦ
2671 4529 3025 4593 κελεύσαντος
3061 4531 3297 4604 ἀδελφὴν
3342 4536 3521 4607 αὐτὴν
3553 4540 3640 4590 καὶ

2065 4616 2292 4686 πλησίον
2329 4616 2600 4685 γενέσθαι,
2636 4619 2730 4673 καὶ
2772 4622 3100 4692 περιστερὰν
3144 4624 3238 4676 καὶ
3284 4625 3524 4692 τελείαν,
3558 4629 3640 4680 ἵνα

2064 4711 2151 4764 διὰ
2187 4710 2391 4763 τούτων
2416 4710 2715 4782 εἰσοικισθῇ
2745 4715 2812 4783 τῇ
2852 4712 2996 4784 ψυχῇ
3024 4716 3056 4785 ή
3080 4714 3328 4786 ἀλήθεια.
3388 4719 3637 4791 Ἐποίησε

2064 4801 2174 4872 γὰρ
2202 4801 2344 4872 ἅπερ
2377 4803 2626 4873 ἤκουσεν,
2678 4802 3016 4874 ὲκδυσαμένη
3060 4805 3151 4859 τὸν
3195 4807 3528 4879 δερμάτινον
3558 4830 3638 4880 χι-

2061 4892 2228 4955 τῶνα,
2263 4891 2320 4944 ὃν
2347 4891 2485 4961 μετά
2512 4891 2607 4962 τὴν
2636 4894 2909 4964 ἁμαρτίαν
2934 4896 3304 4966 περιεϐάλετο,
3327 4901 3423 4953 καὶ
3451 4904 3640 4956 ἀπονι-

2063 4981 2279 5052 ψαμένη
2337 4982 2444 5037 τῶν
2475 4982 2648 5036 ποδῶν
2668 4983 2729 5054 το
2748 4978 3016 5054 γεῶδες,ᾦ
3045 4987 3293 5059 ὲνειλήθη
3318 4991 3432 5043 ἀπὸ
3458 4992 3560 5063 τῆς
3588 4996 3642 5046 ἐν

2064 5072 2378 5142 παραδείσῳ
2430 5072 2706 5143 διαγωγῆς
2751 5075 2830 5137 είς
2873 5077 2972 5144 τὴν
3017 5077 3121 5146 γῆν
3154 5079 3510 5147 ἀναλύσασα,
3555 5089 3640 5139 ὅτε

2066 5163 2318 5232 ἤκουσεν,
2345 5165 2428 5214 ὅτι
2478 5162 2569 5230 Γῆ
2607 5159 2689 5226 εἴ,
2729 5166 2828 5219 καὶ
2873 5168 2962 5232 εἰς
2997 5167 3116 5237 γῆν
3151 5170 3497 5242 ἁπελεύσῃ.
3547 5177 3641 5228 Διὰ

2064 5251 2220 5306 τοῦτο
2248 5250 2456 5322 ἤνοιξεν
2487 5253 2578 5305 ἐπὶ
2607 5253 2705 5325 τὴν
2748 5254 2926 5326 ψυχὴν
2969 5257 3048 5326 τῷ
3075 5257 3234 5330 Λόγῳ
3267 5261 3368 5332 τὴν
3411 5264 3639 5322 εἴσοδον,

2063 5341 2436 5406 διασταλέντος
2454 5342 2548 5397 τοῦ
2572 5344 2670 5414 τῆς
2685 5345 2911 5416 καρδίας
2935 5347 3464 5420 παραπετάσματος,
3488 5371 3637 5407 τουτο

2065 5435 2180 5488 ἐστι
2205 5435 2304 5504 τῆς
2333 5437 2554 5505 σαρκός.
2596 5436 2782 5508 Σάρκα
2813 5437 2869 5491 δὲ
2898 5437 3086 5504 εἰπὼν,
3122 5441 3212 5495 τὸν
3244 5444 3480 5498 παλαιὸν
3505 5445 3638 5511 λέγω

462 5610 567 5663 “ll
597 5611 729 5664 Cor.
769 5627 868 5671 xu.
901 5614 952 5665 4.
1015 5613 1256 5668 "lCor.
1286 5630 1401 5679 xm,
1432 5615 1484 5670 9.
1531 5617 1574 5647 ³⁵
1612 5614 1629 5666 1
1666 5615 1788 5669 Cor.
1841 5631 1960 5679 vm,

2137 5618 2141 5644 ί
2186 5613 2322 5667 Phil.
2363 5630 2440 5676 In,
2476 5613 2560 5668 i5.
2628 5615 2667 5646 "'
2703 5614 2860 5668 Joan.
2896 5631 2991 5680 vn,
3020 5617 3107 5671 '57.
3175 5618 3238 5650 ³⁷·
3269 5617 3408 5674 Gen.
3445 5619 3625 5683 ur,i9.
