3756 5988
73 315 223 372 Νξοὕ

1146 315 1210 368 ΙΝ
1239 314 1532 372 CANTICA
1557 311 1828 372 CANTIC.
1875 311 2158 370 HOMILIA
2192 315 2281 370 Χί.

3202 329 3339 386 100ιῖ

65 427 398 498 ἄνθρωπον,
442 424 504 478 ὃν
537 423 867 479 ἐκδύσασθαι
911 426 1004 478 καὶ¹
1044 427 1340 483 ἀποθέσθαι
1389 429 1597 482 κελεύει
1641 429 1666 480 δ

1860 427 2158 496 deponant,
2181 428 2433 482 hortatur
2457 427 2678 485 divinus
2704 431 2795 485 ille
2827 433 3118 504 Apostolus
3149 448 3340 491 omnes

65 521 221 580 θεῖος
262 515 617 580 Ἀπόστολος,
676 514 804 578 τοὺς
851 515 1147 585 μέλλοντας
1197 517 1276 588 τῷ
1315 517 1528 589 λουτρῷ
1572 517 1667 570 τοῦ

63 608 237 676 λόγου
270 608 360 660 τὸν
393 606 580 678 ῥύπον,
609 605 718 658 τῶν
757 605 970 676 βάσεων
1012 607 1112 678 τῆς
1140 607 1325 680 ψυχῆς
1355 609 1669 663 ἀποκλύσα-

67 700 220 754 σθαι.
255 699 468 754 Ούκοῦν
494 699 587 752 τὸν
623 699 852 754 παλαιὸν
884 699 1329 770 ἀπεκδυσάμενος
1357 702 1664 773 ἄνθρωπον,

65 791 166 842 καὶ
210 787 488 860 περιελὼν
525 789 622 858 τῆς
653 788 884 859 καρδίας
926 789 985 841 τὸ
1027 788 1321 860 κάλυμμα,
1375 789 1554 860 ἤνοιξε
1590 789 1668 860 τῷ

65 882 235 951 Λόγῳ
270 875 372 950 τὴν
416 879 650 946 εἴσοδον,
699 879 758 932 ὃν
797 879 948 944 ἐντὸς
988 881 1278 952 γενόμενον
1308 881 1508 950 ένδυμα
1550 899 1668 935 ποι-

63 975 212 1026 εῖται
248 973 453 1043 ἑαυτῆς
486 975 520 1042 ἡ
565 973 735 1042 ψυχὴ,
767 971 907 1026 κατά
936 972 1035 1044 τὴν
1069 973 1162 1027 τοῦ
1208 974 1532 1028 Ἀποστδλου
1564 975 1666 1043 ὑφ-

64 1069 298 1134 ήγησιν,
329 1065 390 1129 ὃς
413 1064 624 1118 κελεύει
646 1063 738 1118 τὸν
771 1065 1140 1134 ἐκδυσάμενον
1159 1065 1259 1136 τὴν
1289 1065 1542 1134 σαρκώδη
1571 1066 1666 1119 τοῦ

67 1154 315 1208 παλαιοῦ
343 1153 634 1226 ἀνθρώπου
665 1154 980 1225 περιϐολὴν,
1006 1154 1326 1208 ἐνδύσασθαι
1353 1155 1555 1225 χιτῶνα
1577 1155 1668 1209 τὸν

66 1247 216 1300 κατὰ
248 1246 388 1299 Θεὸν
434 1245 755 1310 κτισθέντα,
809 1249 866 1299 ὲν
915 1247 1155 1317 ὁσιότητι
1200 1247 1294 1300 καὶ
1329 1246 1664 1320 δικαιοσύνῃ.

77 1337 301 1406 Ἰησοῦν
333 1337 391 1390 δὲ
417 1337 565 1405 λέγει
590 1332 727 1390 εἶναι
754 1335 815 1390 τὸ
840 1336 1066 1406 ἔνδυμα.
1111 1337 1176 1390 Ἦ
1200 1337 1256 1391 δὲ
1278 1337 1541 1408 ὁμολογία
1568 1339 1668 1408 τῆς

63 1430 300 1502 νύμφης
340 1429 404 1482 τὸ
453 1429 647 1499 μηκέτι
695 1429 786 1482 τὸν
834 1428 1211 1496 ἀποϐληθέντα
1258 1428 1460 1499 χιτῶνα
1505 1429 1668 1482 πάλιν

62 1521 511 1591 ἀναλαμϐάνειν,
556 1519 670 1574 ἀλλ’
706 1519 994 1590 ἀρκεῖσθαι
1042 1519 1121 1591 τῷ
1163 1521 1248 1574 ένὶ
1274 1520 1480 1590 χιτῶνι,
1524 1519 1668 1574 κατὰ

64 1610 156 1664 τὸν
183 1609 421 1664 δοθέντα
449 1611 562 1671 τοῖς
593 1608 863 1680 μαθηταῖς
895 1609 1081 1679 νόμον,
1117 1608 1176 1662 ὃν
1207 1609 1295 1662 διὰ
1329 1612 1426 1680 τῆς
1459 1609 1667 1664 ἄνωθεν

64 1703 392 1772 γεννήσεως
407 1700 858 1755 ἀνακαινισθεῖσα
884 1703 1322 1772 μετημφιάσατο,
1344 1699 1552 1770 βεϐαιοῖ
1569 1700 1663 1754 τοῦ

64 1795 281 1866 Κυρίου
313 1795 408 1848 τὸν
441 1795 616 1864 λόγον,
663 1795 755 1847 τὸν
782 1794 1076 1848 κελεύοντα
1096 1795 1223 1858 τοὺς
1251 1794 1396 1861 ἅπαξ
1423 1795 1501 1865 τῷ
1534 1793 1664 1865 θείῳ

65 1887 462 1958 κοσμηθέντας
481 1887 755 1956 ἐνδύματι,
785 1886 982 1957 μηκέτι
1012 1885 1407 1940 ἐπενδύσασθαι
1450 1887 1539 1940 τὸν
1564 1887 1665 1956 τῆς

68 1977 356 2050 ἁμαρτίας
385 1978 606 2047 χιτῶνα,
647 1977 782 2047 μηδὲ
821 1977 914 2029 δύο
945 1975 1180 2046 χιτῶνας
1213 1976 1380 2046 ἔχειν,
1413 1975 1548 2030 ἀλλά
1575 1975 1664 2028 τὸν

66 2072 163 2124 ἕνα
196 2070 393 2141 μόνον,
445 2069 532 2122 ἵνα
561 2069 634 2139 μὴ
665 2067 757 2122 δύο
787 2067 918 2138 περὶ
955 2067 1048 2120 τὸν
1078 2067 1240 2121 αὐτὸν
1269 2061 1401 2119 ὦσιν
1425 2067 1474 2120 οἱ
1495 2066 1668 2136 ἀσύμ-

67 2163 226 2216 ϐατοι
263 2162 410 2232 πρὸς
461 2160 719 2229 ἀλλήλους
749 2160 996 2231 χιτῶνες.
1047 2158 1143 2222 Τίς
1164 2158 1273 2230 γὰρ
1305 2159 1562 2213 κοινωνία
1588 2157 1667 2228 τῷ

71 2251 346 2323 σκοτεινῷ
373 2252 630 2322 ὲνδύματι
655 2251 791 2319 πρὸς
831 2251 922 2304 τὸν
953 2249 1212 2321 φωτοειδῆ
1242 2267 1299 2302 τε
1335 2250 1431 2304 καὶ
1460 2250 1622 2304 ἄῦλον
1648 2267 1663 2315 ;

71 2345 145 2397 Οὐ
186 2344 362 2415 μόνον
401 2343 461 2395 δὲ
486 2342 642 2396 τοῦτό
667 2359 832 2413 φησιν
860 2344 888 2394 δ
910 2343 1095 2410 νόμος,
1133 2341 1194 2396 τὸ
1230 2341 1304 2411 μὴ
1333 2341 1443 2395 δεῖν
1470 2340 1563 2394 δύο
1582 2359 1656 2412 χι-

70 2436 250 2498 τῶνας
277 2435 451 2504 ἔχειν,
466 2433 599 2487 ἀλλὰ
619 2433 752 2504 μηδὲ
772 2433 1131 2504 ὲπιρῥάπτειν
1151 2433 1212 2486 τὸ
1235 2431 1418 2486 καινὸν
1439 2430 1666 2502 ὕφασμα

71 2526 148 2596 τῷ
182 2525 410 2595 παλαιῷ
439 2524 636 2595 ίματίῳ
661 2541 674 2554 ·
731 2523 819 2577 ἴνα
852 2523 926 2594 μὴ
952 2523 1151 2594 χείρων
1172 2523 1398 2594 γένηται
1427 2525 1460 2594 ὴ
1494 2525 1664 2595 ἀσχη-

77 2619 286 2689 μοσύνη
336 2614 434 2670 τοῦ
467 2615 557 2668 τὸν
583 2614 824 2692 τοιοῦτον
859 2614 1350 2686 περιϐαλλομένου,
1403 2617 1541 2686 μήτε
1573 2616 1664 2668 τοῦ

74 2709 417 2781 ὲρῤαφέντος
464 2707 773 2777 μείναντος,
820 2707 916 2761 καὶ
959 2706 1054 2760 τοῦ
1103 2708 1334 2760 παλαιοῦ
1381 2712 1563 2779 χεῖρον
1606 2707 1668 2761 τὸ

78 2802 290 2872 σχίσμα
313 2800 578 2863 παθόντος
599 2799 692 2852 καὶ¹
712 2798 1166 2870 δυσθεράπευτον.
1189 2799 1342 2870 Λῖρει
1367 2800 1494 2870 γὰρ,
1510 2800 1665 2871 φησὶ,

75 2895 136 2946 τὸ
176 2894 464 2964 πλήρωμα
491 2891 552 2944 τὸ
591 2889 775 2944 καινὸν
806 2891 900 2944 τοῦ
940 2889 1195 2954 παλαιοῦ,
1225 2893 1319 2944 καὶ
1343 2893 1523 2963 χεῖρον
1559 2892 1668 2962 σχί-

80 3001 191 3054 σμα
224 2983 474 3050 γίνεται,
517 2981 592 3044 ῶς
630 2980 1051 3051 δημοσιεύεσθαι
1080 2981 1150 3034 δι’
1189 2981 1356 3035 αὑτοῦ
1397 2981 1466 3035 τὰ
1498 2983 1666 3052 ἀσχή-

82 3091 236 3142 μονα,
294 3073 398 3124 Διὰ
435 3070 592 3124 τοῦτό
624 3087 810 3140 φησιν·
855 3071 1266 3141 Ἐξεδυσιίμην
1300 3072 1407 3125 τὸν
1449 3071 1668 3142 χιτῶνά
1694 3114 1740 3142 ,.

78 3180 192 3232 μου
213 3203 229 3226 ,
281 3160 415 3226 πῶς
451 3160 777 3229 ἐνδύσομαι
804 3162 1032 3225 αὖτόν;
1081 3161 1178 3224 Τίς
1213 3161 1319 3232 γὰρ
1352 3163 1419 3217 ἂν
1450 3162 1662 3231 βλέπων

81 3255 207 3324 περὶ
236 3253 437 3306 ἑαυτὸν
467 3252 556 3304 τὸν
579 3252 816 3322 ἡλιοειδῆ
844 3251 938 3305 τοῦ
967 3253 1172 3323 Κυρίου
1211 3253 1432 3323 χιτῶνα,
1463 3254 1554 3307 τὸν
1575 3254 1663 3308 διὰ

80 3343 462 3413 καθαρότητος
526 3342 620 3394 καὶ
652 3340 956 3411 ἀφθαρσίας
980 3341 1130 3412 αὐτῷ
1158 3342 1527 3413 περιτεθέντα,
1553 3339 1663 3396 οἷον

85 3437 174 3488 ἐπὶ
197 3436 301 3506 τῆς
320 3433 417 3485 τοῦ
434 3431 592 3502 ὅρους
618 3432 1094 3504 μεταμορφώσεως
1123 3433 1342 3500 ἔδειξεν,
1359 3430 1478 3488 εἶτα
1497 3452 1664 3489 κατα-

83 3513 296 3595 δέχεται
319 3523 384 3575 τὺ
403 3522 612 3592 πτωχόν
627 3539 684 3574 τε
710 3522 801 3576 καὶ
827 3522 1067 3592 ρακῶδες
1089 3524 1104 3576 ί
1111 3525 1301 3594 μάτιον
1317 3525 1495 3595 ἑαυτῷ
1509 3542 1664 3595 περι-

87 3613 276 3677 θεῖναι,
325 3613 464 3680 ὃπερ
494 3611 523 3664 δ
555 3609 785 3679 μέθυσος
812 3611 906 3663 καὶ
949 3612 978 3662 ὁ
1008 3613 1342 3682 πορνοκὸπος
1361 3652 1376 3677 ,
1419 3613 1602 3676 καθὼς
1630 3617 1663 3686 ἡ

85 3703 360 3774 παροιμία
390 3701 547 3772 φησὶ,
568 3700 985 3772 περιϐάλλεται;
1024 3702 1183 3756 Ἀλλὰ
1204 3703 1325 3756 οὐδὲ
1344 3706 1471 3767 τοὺς
1500 3705 1664 3768 πόδας

86 3794 356 3863 νιψαμένη
375 3831 391 3854 ,
436 3791 598 3844 πάλιν
631 3793 697 3862 τῇ
729 3791 886 3861 βάσει
911 3792 1004 3844 τὸν
1038 3793 1102 3846 ὲκ
1123 3791 1224 3862 τῆς
1256 3795 1360 3862 γῆς
1391 3793 1665 3864 μολυσμὸν

87 3903 157 3937 πα
165 3886 481 3954 ραδὲχεται.

164 3974 505 4044 Ἐνιψάμην
537 3975 673 4044 γὰρ,
721 3975 885 4043 φησι,
934 3973 1075 4041 τοὺς
1112 3975 1304 4042 πόδας
1342 3994 1496 4046 μου,
1541 3975 1666 4042 πῶς

85 4063 335 4133 μολυνῶ
378 4065 640 4129 α·ὑτούς;
693 4064 826 4117 Οὐδὲ
855 4064 964 4133 γὰρ
992 4064 1232 4134 Μωῦσῆς
1263 4063 1342 4134 τῷ
1379 4064 1507 4135 θείῳ
1531 4082 1665 4137 προ-

93 4157 368 4225 στάγματι
395 4155 495 4224 τῆς
525 4155 722 4225 νεκρᾶς
747 4153 856 4207 τῶν
881 4155 1165 4224 δερμάτων
1198 4155 1491 4225 περιϐολῆς
1517 4155 1667 4208 ἐλευ-

90 4249 338 4318 θερώσας
366 4247 490 4309 τοὺς
528 4247 714 4311 πόδας,
761 4247 849 4300 ὅτε
888 4247 986 4315 τῆς
1027 4246 1186 4315 ἁγίας
1213 4264 1273 4300 τε
1297 4248 1393 4301 καὶ
1431 4266 1667 4319 πεφωτι-

94 4341 294 4413 σμένης
318 4339 573 4394 ἐπέϐαινε
593 4339 715 4410 γῆς,
746 4338 908 4392 πάλιν
933 4340 1219 4411 ἱστορεῖται
1247 4341 1516 4397 διαλαϐὼν
1543 4344 1667 4407 τοὺς

1771 517 1863 586 qui
1901 519 2045 573 verbi
2082 519 2298 573 lavacro
2327 525 2458 574 sunt
2477 517 2718 574 abluturi
2761 521 2951 576 sordes
2986 523 3184 591 pedum
3221 526 3341 580 ani-

1771 624 1891 664 mae.
1944 608 2126 665 Veteri
2162 625 2294 681 ergo
2337 617 2504 666 exuto
2553 610 2797 675 homine,
2838 620 2893 667 et
2925 613 3106 668 ablato
3155 615 3337 671 cordis

1772 702 2077 768 involucro,
2148 705 2322 760 Verbo
2399 704 2611 771 aperuit
2659 703 2890 769 aditum,
2929 721 3092 775 quem
3125 705 3339 776 ingres-

1770 805 1891 846 sum
1941 793 2323 849 indumentum
2369 794 2475 850 sibi
2530 793 2663 849 facit
2707 795 2908 860 anima,
2951 797 3342 853 convenienter

1769 883 2102 952 expositioni
2130 885 2398 954 Apostoli,
2429 883 2524 954 qui
2543 885 2699 953 jubet
2729 895 2894 940 exuto
2928 888 3204 956 corporali
3243 904 3341 944 ve-

1771 976 1906 1029 teris
1947 975 2184 1029 hominis
2215 973 2556 1040 indumento,
2582 975 2810 1031 induere
2832 993 3028 1032 novam
3071 980 3338 1045 tunicam,

1771 1077 1896 1131 qua:
1943 1064 2244 1120 secundum
2282 1063 2453 1120 Deum
2503 1072 2589 1120 est
2627 1073 2814 1121 creata
2845 1069 2901 1121 in
2944 1071 3236 1126 sanctitate
3284 1081 3340 1130 et

1766 1153 2074 1222 justitia”.
2122 1154 2310 1210 Jesum
2359 1166 2539 1212 autem
2579 1156 2716 1213 dicit
2769 1159 3150 1215 indumentum
3193 1178 3335 1220 esse.

1772 1243 2001 1315 Sponsa:
2048 1255 2226 1300 autem
2278 1247 2570 1317 professio,
2615 1248 2762 1319 quod
2813 1265 3006 1321 quam,
3036 1254 3189 1308 exuit
3231 1269 3340 1310 non

1769 1337 1842 1391 sit
1871 1352 2065 1394 rursus
2101 1349 2391 1409 acceptura
2423 1341 2689 1405 tunicam,
2709 1340 2806 1397 sed
2840 1349 3097 1398 contenta
3128 1344 3201 1400 sit
3232 1360 3341 1399 una

1768 1428 1976 1487 tunica,
2001 1436 2367 1499 congruenter
2389 1430 2491 1499 legi
2523 1429 2666 1484 datae
2695 1429 3014 1501 discipulis,
3055 1448 3220 1502 quam
3246 1449 3344 1505 per

1766 1520 2236 1589 regenerationem
2284 1528 2545 1575 renovata
2580 1521 2758 1575 induit
2803 1523 3008 1588 anima,
3051 1524 3342 1579 conﬁrmat

1766 1612 2156 1667 convenienter
2175 1612 2223 1666 ei
2250 1612 2393 1680 quod
2424 1611 2564 1665 dixit
2589 1610 2900 1683 Scriptura,
2944 1627 3054 1668 non
3081 1622 3341 1684 oportere

1765 1718 1862 1760 eos
1894 1705 1986 1773 qui
2021 1704 2190 1760 semel
2218 1703 2406 1759 divino
2439 1703 2762 1758 indumento
2793 1715 2924 1760 sunt
2971 1706 3176 1767 ornati,
3211 1719 3341 1774 pec.

1767 1798 1876 1851 cati
1913 1797 2152 1851 tunicam
2199 1797 2448 1860 induere,
2509 1810 2608 1851 nec
2645 1796 2785 1852 duas
2838 1796 3041 1852 habere
3097 1798 3334 1862 tunicas,

1767 1889 1860 1944 sed
1897 1904 2060 1942 unam
2084 1889 2254 1944 solam
2279 1888 2673 1959 (innocentiae),
2718 1903 2787 1943 ne
2830 1887 2967 1944 duas
3028 1889 3338 1944 contrarias

1765 1980 1909 2034 inter
1942 1995 2001 2034 se
2027 1980 2259 2034 invicem
2287 1978 2618 2049 conjunctas
2650 1978 2891 2033 habeant
2932 1979 3166 2033 tunicas.
3197 1979 3334 2046 Qua;

1766 2077 1852 2125 est
1879 2072 2028 2125 enim
2049 2071 2287 2126 societas
2312 2071 2560 2126 obscurae
2579 2077 2633 2124 et
2660 2070 2962 2124 tenebrosae
2991 2071 3193 2127 tunicae
3212 2088 3334 2128 cum

1768 2161 2038 2216 luminosa
2069 2167 2124 2214 et
2158 2168 2382 2230 experte
2420 2160 2704 2215 materiae?
2760 2159 2876 2214 Non
2913 2161 3090 2214 solum
3147 2169 3332 2216 autem

1766 2250 1851 2306 lex
1882 2250 1986 2305 hoc
2017 2251 2192 2320 jubet,
2219 2265 2331 2306 non
2358 2258 2614 2320 oportere
2633 2249 2837 2306 habere
2866 2249 3004 2306 duas
3025 2251 3244 2307 tunicas
3268 2253 3333 2314 ”,

1768 2341 1862 2398 sed
1894 2356 1994 2396 nec
2014 2357 2214 2396 novum
2234 2357 2476 2412 pannum
2495 2341 2666 2396 veteri
2686 2341 3020 2396 vestimento
3041 2343 3337 2409 assuere“,

1767 2449 1837 2489 ne
1868 2433 1988 2502 ejus
2016 2435 2108 2503 qui
2140 2434 2244 2488 hoc
2274 2433 2452 2488 induit
2483 2434 2656 2502 major
2681 2432 3096 2488 sitdel‘ormitas
3129 2449 3194 2488 ac
3221 2442 3332 2487 tur-

1768 2522 1980 2592 pitudo,
2016 2539 2140 2577 cum
2175 2538 2352 2592 neque
2383 2531 2602 2577 maneat
2649 2521 2705 2575 id
2734 2522 2882 2592 quod
2927 2531 3011 2576 est
3061 2533 3334 2585 assutum,

1767 2628 1823 2674 et
1847 2619 2050 2674 veteris
2083 2619 2156 2674 sit
2190 2619 2434 2674 scissura
2473 2617 2739 2682 deterior,
2801 2631 2902 2671 nec
2952 2615 3113 2671 facile
3159 2619 3334 2686 possit

1767 2708 2069 2764 remedium
2105 2707 2373 2764 adhiberi.
2406 2705 2572 2760 Tollit
2601 2706 2772 2770 enim,
2809 2705 3012 2775 inquit,
3053 2707 3336 2775 plenitudo

1767 2816 1966 2856 novum
1990 2815 2020 2854 a
2059 2807 2242 2855 vetere
2273 2799 2625 2860 vestimento,
2681 2805 2736 2853 et
2776 2797 3208 2867 pejor-scissura
3257 2800 3336 2861 tit,

1771 2891 1908 2947 adeo
1949 2899 2008 2945 ut
2059 2907 2157 2961 per
2209 2905 2354 2952 eam,
2388 2905 2509 2959 quae
2546 2889 2729 2959 turpia
2776 2897 2906 2943 sunt
2962 2887 3338 2958 pr0palentnr.

1771 2983 2034 3053 Proptera
2065 2982 2200 3036 dicit
2235 3000 2248 3034 :
2289 2980 2429 3034 Exui
2464 2982 2698 3034 tunicam
2741 2994 2934 3044 meam,
2971 2979 3236 3047 quomodo
3266 2978 3344 3032 in-

1771 3073 1933 3126 duam
1966 3073 2173 3126 eam"?
2202 3071 2340 3138 Quis
2369 3071 2514 3126 enim
2542 3084 2666 3124 cum
2685 3070 2767 3125 vel
2786 3071 2904 3140 ipso
2925 3070 3039 3124 sole
3055 3069 3340 3123 clariorem

1773 3161 1989 3216 Domini
2021 3162 2298 3232 aspexerit
2339 3160 2606 3222 tunicam,
2654 3167 2968 3214 contextam
3002 3173 3100 3227 per
3133 3158 3345 3227 purita-

1771 3260 1878 3309 tem
1911 3261 1968 3308 et
2012 3253 2506 3322 incorruptionem,
2548 3253 2765 3321 qualem
2800 3250 3042 3306 ostendit
3075 3250 3130 3303 in
3163 3259 3344 3304 trans-

1771 3342 2095 3413 ﬁguratione
2129 3343 2186 3396 in
2217 3351 2423 3407 monte,
2468 3343 2843 3396 mendicorum
2880 3349 3088 3398 vestem
3136 3355 3346 3410 pannoo

1772 3450 1888 3491 sam
1929 3435 2181 3488 lubenter
2211 3433 2470 3498 induerit,
2497 3431 2806 3500 cujusmodi
2842 3439 2926 3486 est
2957 3432 3094 3486 ebrii
3119 3439 3175 3485 et
3226 3432 3344 3486 for-
3376 3459 3380 3462 -

1769 3525 2061 3587 nicatoris,
2089 3525 2232 3578 sicut
2269 3523 2401 3576 dicit
2420 3521 2812 3591 proverbium?
2838 3519 2943 3574 Sed
2976 3535 3156 3589 neque
3176 3529 3332 3589 post-

1771 3631 1934 3688 quam
1971 3615 2136 3686 pedes
2168 3613 2319 3677 lavit,
2352 3627 2548 3667 rursus
2572 3626 2638 3666 ex
2679 3611 2901 3667 incessu
2929 3619 3176 3666 terrenas
3215 3625 3342 3667 sor-

1772 3709 1870 3765 des
1898 3707 2157 3761 admittit.

1847 3979 1974 4034 Lavi
1991 3979 2160 4043 enim,
2207 3975 2403 4046 inquit,
2443 3975 2597 4045 pedes
2645 3989 2812 4038 meos,
2857 3985 3120 4046 quomodo
3164 3972 3342 4044 inqui-

1773 4072 1910 4126 nabo
1935 4087 2020 4125 eos
2046 4071 2070 4122 1’
2100 4068 2289 4138 Neque
2321 4067 2465 4122 enim
2507 4065 2690 4122 Moses
2717 4081 2842 4121 cum
2874 4067 3034 4136 jussu
3059 4066 3243 4122 divino
3281 4069 3370 4122 lic”

1772 4163 2018 4218 berasset
2037 4157 2201 4229 pedes
2219 4171 2251 4211 a
2278 4164 2498 4211 mortuo
2517 4156 2737 4226 pellium
2761 4155 3100 4220 indumento,
3123 4157 3343 4226 quando

1774 4263 1974 4309 terram
2008 4248 2252 4306 ascendit
2275 4258 2523 4303 sanctam
2559 4255 2613 4301 et
2649 4246 3032 4310 illuminatam,
3084 4255 3342 4301 narratur

1775 4361 1969 4404 rursus
2008 4343 2174 4415 pedes
2205 4341 2452 4397 induisse
2504 4340 2706 4396 calceis
2737 4354 2954 4408 :neque
2993 4339 3213 4408 quando
3252 4355 3344 4394 ve-

94 4433 254 4495 πόδας
290 4432 408 4493 τοῖς
433 4431 792 4502 ὑποδήμασιν,
815 4431 902 4484 ὅτε
929 4431 1022 4485 καὶ
1047 4431 1144 4503 τὴν
1169 4434 1446 4506 ἱερατικὴν
1467 4436 1666 4506 ἐσθῆτα

1847 4453 1913 4493 ιω
1935 4434 2352 4496 sacerdotalem,
2367 4437 2734 4502 congruenter
2761 4430 2948 4500 ﬁgurae
2974 4445 3098 4499 quae
3119 4438 3342 4486 ostensa

94 4525 230 4577 κατά
266 4523 366 4576 τὸν
393 4522 560 4575 τύπον
583 4522 676 4577 τὸν
709 4525 765 4577 ὲν
803 4522 880 4592 τῷ
904 4522 1020 4596 ὄρει
1051 4523 1329 4595 δειχθέντα
1357 4527 1674 4598 φιλοτεχνή-

98 4630 209 4678 σας,
244 4612 456 4685 χρυσοῦ
489 4613 582 4665 καὶ
630 4612 936 4684 πορφύρας,
972 4613 1066 4666 καὶ
1095 4613 1314 4683 βύσσου,
1361 4618 1454 4670 καὶ
1485 4618 1666 4671 ὑακίνο

98 4702 205 4764 θου,
239 4702 340 4756 καὶ
382 4701 582 4755 κόκκου
615 4701 711 4765 τὰς
756 4700 928 4769 αύγὰς
963 4704 1308 4774 συγκεράσας
1345 4707 1402 4758 ὲν
1427 4705 1504 4776 τῷ
1534 4708 1673 4775 ὑφά-

101 4809 281 4861 σματι,
314 4792 458 4845 ῶστε
499 4792 801 4862 σύμμικτον
829 4778 894 4845 ὲκ
924 4794 1140 4846 πάντων
1165 4796 1577 4866 ἀπαστράπτειν
1614 4796 1674 4848 τὸ

101 4886 311 4946 κάλλος,
351 4884 542 4937 οὐδένα
565 4887 677 4947 τοῖς
706 4884 832 4938 ποσὶ
868 4885 1068 4956 κόσμον
1110 4887 1527 4958 ὲπετεχνήσατο,
1553 4887 1669 4941 ἀλλ’

99 4970 159 5044 ἦν
187 4976 576 5046 καλλωπισμὸς
595 4976 690 5029 τοῦ
718 4977 990 5048 ἱερατικοῦ
1021 4977 1180 5040 ποδὸς
1210 4979 1270 5031 τὸ
1300 4981 1502 5050 γυμνὸν
1532 4977 1670 5034 εἶναι

102 5069 274 5138 tam;
305 5067 621 5137 περιϐολῆς,
656 5069 748 5120 κα)⁸
777 5068 1076 5138 ἐλεύθερον.
1113 5070 1233 5140 Χρὴ
1262 5070 1370 5140 γὰρ
1396 5071 1486 5124 τὸν
1520 5073 1670 5142 ἱερέα

103 5158 312 5220 πάντως
337 5159 430 5210 ἐπὶ
445 5158 544 5227 τῆς
566 5157 729 5225 ἁγίας
751 5157 1036 5229 βεϐηκέναι
1057 5159 1180 5228 γῆς,
1204 5155 1269 5230 ἧς
1299 5160 1435 5230 μετά
1463 5163 1671 5224 νεκρῶν

103 5245 382 5317 δερμάτων
412 5247 757 5302 ἐπιϐατεύειν
790 5249 850 5300 οὑ
880 5249 1056 5319 θέμις.
1109 5250 1205 5302 Διά
1238 5252 1393 5303 τοῦτο
1431 5253 1525 5304 καὶ
1561 5256 1670 5316 τοῖς

109 5339 369 5409 μαθηταῖς
396 5340 426 5391 δ
459 5337 658 5408 Κύριος
684 5339 1016 5408 ἀπαγορεύει
1053 5338 1120 5392 τὰ
1149 5339 1489 5410 ὑποδήματα,
1520 5341 1670 5394 ὲπει-

105 5427 160 5487 δὴ
190 5428 617 5492 κελεύειαότοὺς
641 5430 720 5492 είς
744 5428 912 5483 ἐθνῶν
930 5430 1044 5483 ὁδὸν
1075 5431 1149 5502 μὴ
1175 5429 1670 5502 πορεύεσθαι,ἀλλέι

106 5517 184 5572 διὰ
214 5523 308 5593 τῆς
343 5521 504 5590 ἁγίας
533 5519 651 5574 ὁδοῦ
679 5520 946 5591 προϊέναι.
986 5520 1099 5574 Ούκ
1125 5522 1335 5589 ἀγνοεῖς
1357 5520 1413 5576 δὲ
1455 5522 1673 5586 πάντως

1771 4526 1876 4580 fuit
1908 4525 1963 4578 in
1999 4531 2205 4587 monte,
2226 4519 2430 4576 aﬂ‘abre
2467 4527 2552 4574 est
2594 4516 2913 4585 fabricatus,
2967 4519 3086 4574 auri
3131 4528 3185 4575 et
3214 4535 3345 4590 pur-

1770 4630 1939 4688 purae.
1990 4623 2044 4668 et
2077 4611 2252 4683 byssi,
2303 4620 2355 4666 et
2388 4609 2696 4681 hyacinthi,
2741 4618 2796 4664 et
2846 4610 2998 4664 cocci
3039 4611 3092 4664 in
3128 4618 3342 4667 textura

1769 4705 2194 4776 contemperatis
2223 4702 2632 4772 splendoribus,
2666 4707 2728 4754 ut
2751 4699 3049 4770 refulgeret
3100 4703 3341 4770 pulchri-

1770 4797 1905 4852 tudo
1929 4795 2217 4851 commista
2275 4809 2340 4863 ex
2386 4790 2667 4855 omnibus,
2721 4790 2892 4844 ullum
2954 4799 3341 4846 ornamentum

1772 4888 2073 4943 fabricatus
2100 4893 2184 4940 est
2221 4884 2472 4954 pedibus,
2520 4881 2614 4939 sed
2659 4879 3020 4937 sacerdotalis
3044 4881 3199 4949 pedis
3225 4887 3344 4938 erat

1769 4987 2148 5034 ornamentum
2171 4992 2293 5033 esse
2323 4975 2530 5030 nudum
2557 4981 2612 5030 et
2643 4974 2877 5029 liberum
2905 4973 2974 5027 ab
3006 4973 3155 5027 omni
3190 4973 3343 5027 indu-

1773 5078 1976 5126 mento.
2016 5069 2242 5136 Oportet
2280 5068 2426 5122 enim
2479 5065 2821 5121 sacerdotem
2865 5079 3081 5133 semper
3133 5065 3339 5133 ingredi

1777 5174 1943 5228 super
1993 5167 2196 5213 terram
2255 5164 2526 5221 sanctam,
2583 5171 2750 5226 super
2789 5169 2955 5225 quam
2998 5168 3108 5208 non
3143 5151 3226 5208 fas
3258 5161 3343 5209 est

1773 5250 1982 5320 ingredi
2015 5264 2139 5304 cum
2197 5249 2434 5317 pellibus
2491 5251 2744 5304 mortuis.
2810 5247 2875 5301 Et
2915 5247 3036 5302 ideo
3081 5246 3344 5303 Dominus

1776 5357 1995 5413 quoque
2039 5340 2324 5409 discipulis
2362 5339 2644 5394 interdicit
2692 5339 2914 5403 calceis,
2970 5338 3191 5413 quando
3246 5353 3343 5397 eos

1775 5433 1929 5503 jubet
1957 5447 2064 5487 non
2105 5433 2183 5486 ire
2212 5432 2264 5486 in
2288 5431 2433 5485 viam
2465 5431 2732 5501 gentium,
2768 5431 2864 5487 sed
2902 5446 3000 5502 per
3033 5433 3175 5488 viam
3213 5445 3344 5488 san-

1777 5533 1920 5579 ctam
1948 5521 2282 5578 incedere".
2317 5520 2572 5578 Sanctam
2611 5530 2792 5577 autem
2828 5522 2972 5578 viam
3011 5524 3237 5580 omnino
3259 5523 3342 5580 in-

186 5698 228 5733 "'
257 5695 453 5768 Ephes.
484 5715 557 5764 Iv,
587 5698 680 5755 τι.
748 5697 792 5730 ³⁹
819 5697 1010 5755 Hatth.
1053 5715 1109 5764 ι,
1140 5699 1227 5755 10.
1293 5700 1337 5732 ⁸⁸
1368 5698 1530 5754 Marc.
1565 5715 1623 5765 ll,
1656 5700 1666 5753 ‘.

1847 5698 1858 5728 ¹
1903 5696 2091 5752 Matth.
2119 5712 2248 5761 xvn,
2276 5695 2328 5752 2.
2392 5697 2435 5729 ⁸⁸
2466 5695 2654 5753 Matth.
2686 5710 2739 5765 ι,
2769 5701 2830 5763 ὅ,
2860 5693 2914 5754 ϐ.
