3730 5980
429 256 560 311 10οἹ

1685 256 1740 315 S.
1782 253 1868 313 (ill
1880 250 2105 313 EGORII
2138 250 2423 314 NYSSENI

2269 140 2399 158 ’λ-κ--ια

3557 257 3662 324 tota

423 379 641 447 telligis,
667 389 759 446 per
783 389 945 445 quam
982 369 1246 442 iubentur
1293 384 1514 425 currere
1564 351 1973 441 discipulifqu

2149 384 2195 440 γν
2230 371 2388 437 ἁγίαν
2435 369 2571 433 ὁδὸν,
2612 371 2677 422 δι’
2720 362 2788 440 ἧς
2821 371 2869 422 οἱ
2907 369 3149 440 μαθηταὶ
3179 368 3398 442 τρέχειν
3443 374 3664 428 κελεύον-

422 467 661 521 didicisti
713 465 781 518 a-b
811 480 876 519 eo
910 464 1000 533 qui
1050 463 1185 517 dixit
1222 481 1235 517 :
1267 459 1378 532 Ego
1420 477 1536 516 sum
1582 462 1668 515 via
1712 462 1793 527 “,
1835 478 1998 532 quam

423 573 532 611 non
562 557 689 610 licet
747 562 970 623 tangere
1007 567 1128 607 eum
1184 551 1277 620 qui
1335 551 1573 606 hominis
1623 552 1826 604 mortui
1887 567 1994 606 non

424 648 590 701 solvit
624 645 1026 699 indumentum.
1058 642 1195 706 Quia
1236 641 1401 711 igitur
1419 642 1560 696 hanc
1578 641 1723 695 viam
1745 642 1991 712 ingressa

423 747 508 792 est
537 750 757 806 sponsa,
791 735 843 788 in
870 748 977 804 qua
1013 734 1429 787 ambulantibus
1482 732 1651 803 pedes
1698 748 1839 802 aqua
1889 732 1997 785 Do-

425 827 606 880 minus
638 823 831 888 abluit,
887 833 942 878 et
986 824 1222 894 extergit
1272 824 1460 887 linteo,
1519 839 1628 894 quo
1664 825 1879 877 cinctus
1912 831 1995 877 est

424 917 530 987 (est
560 925 738 969 autem
770 914 992 968 omnino
1022 911 1230 966 Domini
1267 913 1574 983 cingulum,
1625 913 1710 967 vis
1742 913 1992 982 quaedam

422 1008 721 1080 puriﬁcans
762 1020 792 1059 a
829 1006 1102 1075 peccatis;
1161 1007 1242 1060 sic
1288 1006 1432 1060 enim
1462 1005 1843 1074 praescriptum
1875 1013 1981 1070 est,

422 1099 683 1152 Dominus
724 1099 966 1152 virtutem
1016 1094 1188 1150 induit
1236 1111 1396 1166 eaque
1429 1113 1484 1150 se
1527 1096 1865 1166 prwcinxit):
1909 1096 1992 1148 id—

422 1191 574 1244 circo
610 1187 775 1260 pedes
813 1188 1017 1251 abluta,
1078 1192 1248 1242 semet
1288 1187 1342 1239 in
1385 1187 1474 1240 via
1527 1185 1675 1256 regia
1719 1185 1986 1249 custodit,

424 1296 599 1349 neque
657 1281 723 1334 ad
774 1279 1075 1343 dexteram,
1122 1293 1298 1349 neque
1347 1278 1412 1332 ad
1455 1279 1644 1333 laevam
1672 1276 1990 1343 deﬂectens,

421 1387 490 1427 ne
513 1373 829 1426 alterutram
886 1370 954 1424 ad
987 1377 1195 1439 partem
1243 1369 1580 1433 exorbitans,
1624 1369 1739 1423 luto
1800 1367 1991 1436 pedem

429 1459 885 1530 suum'inquiuet.
924 1459 1186 1528 Intelligis
1229 1469 1406 1512 autem
1453 1457 1584 1527 quid
1612 1472 1709 1526 per
1751 1457 1867 1510 ltaac
1919 1455 1994 1509 si-

419 1551 728 1622 gniﬁcetur,
761 1549 1020 1604 nimirum
1053 1549 1290 1602 animam
1325 1563 1446 1617 quae
1479 1547 1646 1602 semel
1678 1562 1775 1616 per
1808 1545 1992 1614 bapti-

421 1659 598 1699 smum
657 1643 871 1698 calceos
926 1641 1172 1703 solverit,
1207 1640 1333 1710 (est
1380 1640 1522 1694 enim
1554 1639 1659 1693 hoc
1702 1639 1992 1694 mersantis

2100 477 2211 521 ται,
2244 459 2432 530 μαθὼν
2479 459 2630 532 παρὰ
2659 460 2755 513 τοῦ
2786 461 3059 524 είπόντος·
3104 463 3250 532 Ἐγώ
3274 467 3395 534 εἰμι
3446 466 3489 532 ἠ
3525 469 3662 533 ὁδὸς,

2095 548 2162 622 ἦς
2187 552 2287 604 οὐκ
2329 552 2475 604 ἐστιν
2504 550 2744 619 ἅψασθαι
2775 551 2865 604 τδν
2895 551 2977 622 μὴ
3008 553 3417 624 ὐπολυσάμενον
3448 557 3552 627 τὴν
3591 558 3663 611 τοῦ

2096 640 2290 712 νεκροῦ
2316 640 2602 710 ἀνθρώπου
2630 641 2942 712 περιϐολήν.
2971 643 3124 696 Ἐπεὶ
3151 642 3242 698 οὖν
3276 647 3338 697 ὲν
3364 647 3548 718 ταύτῃ
3576 652 3665 716 ὲγέ.

2094 749 2215 785 νετο
2263 735 2328 802 τῇ
2384 732 2487 802 ὁδῷ
2516 735 2548 802 ἡ
2580 733 2788 802 νύμφη,
2839 735 2895 785 ὲν
2988 734 3099 786 τῶν
3140 735 3206 787 δι’
3236 738 3409 803 αὐτῆς
3447 757 3664 810 περιπα-

2092 822 2324 874 τούντων
2359 825 2388 875 ό
2418 821 2620 894 Κύριος
2660 823 2837 876 νίπτει
2884 825 3011 887 τοὺς
3056 825 3221 888 πόδας
3255 827 3333 894 τῷ
3369 827 3556 894 ὕδατι,
3588 833 3662 883 καί

2096 914 2360 984 ὲκμάσσει
2405 914 2482 982 τῷ
2514 914 2706 984 λεντίῳ
2747 907 3136 980 ᾧδιεζώσατο·
3195 916 3427 987 δύναμις
3469 919 3528 972 δέ
3568 921 3661 972 ἐστι

2094 1004 2398 1075 καθαρτικὴ
2425 1003 2528 1057 τῶν
2572 1006 2856 1076 ἁμαρτιῶν
2895 1005 2957 1058 τὸ
2985 1007 3078 1058 τοῦ
3111 1008 3315 1077 Κυρίου
3354 1008 3660 1079 διάζωσμα·

2107 1095 2468 1149 Ἐνεδύσατο
2503 1095 2632 1166 γὰρ,
2661 1097 2814 1166 φησὶ,
2845 1097 3059 1164 Κύριος
3099 1098 3377 1166 δύναμιν,
3405 1100 3514 1152 καὶ
3537 1117 3665 1169 περι-

2093 1185 2347 1246 εζώσατο
2375 1201 2386 1217 ο
2427 1187 2516 1238 διὰ
2545 1186 2703 1240 τοῦτο
2736 1189 3070 1258 καθαρθεῖσαι
3101 1191 3226 1252 τοὺς
3256 1191 3434 1253 πόδας
3466 1192 3562 1244 ἐπὶ
3585 1195 3663 1262 τῆς

2093 1275 2212 1327 ὁδοῦ
2244 1275 2342 1345 τῆς
2369 1275 2675 1346 βασιλικῆς,
2702 1277 2900 1348 ἑαυτὴν
2923 1277 3206 1345 φυλάσσει,
3228 1280 3332 1332 οὐκ
3352 1281 3666 1335 ἐκκλίνουσα

2095 1367 2174 1427 είς
2205 1365 2373 1428 δεξιὰ,
2405 1365 2438 1435 ἢ
2470 1367 2547 1428 είς
2573 1367 2836 1437 ἀριστερά
2862 1384 2876 1399 ο
2924 1369 3008 1420 ἵνα
3037 1368 3110 1439 μὴ
3134 1370 3254 1422 καθ’
3280 1371 3558 1440 ἑκάτερον
3580 1372 3665 1436 ἔξω

2094 1455 2193 1524 τῆς
2224 1455 2340 1508 ὁδοῦ
2387 1458 2801 1528 παρενεγκοῦσα
2843 1459 2902 1510 τὸ
2945 1458 3113 1528 ἴχνος,
3170 1461 3374 1531 μολύνῃ
3412 1447 3504 1531 τῷ
3533 1464 3665 1532 πηλῷ

2093 1545 2184 1597 τὸν
2212 1546 2365 1598 πόδα.
2402 1546 2558 1609 Νοεῖς
2577 1547 2635 1599 δὲ
2666 1548 2880 1611 πάντως
2913 1549 2974 1600 τὸ
2992 1549 3079 1601 διὰ
3105 1549 3216 1603 τῶν,
3235 1553 3558 1622 εἰρημένων
3588 1553 3667 1621 δηι

2093 1635 2370 1705 λούμενον,
2397 1637 2477 1688 ὅτι
2504 1639 2535 1706 ἡ
2563 1637 2706 1702 ἅπαξ
2741 1637 2827 1691 διὰ
2855 1639 2947 1691 τοῦ
2987 1639 3368 1710 βαπτίσματος
3407 1643 3666 1696 ὑπολύσα-

419 1751 539 1790 sese
589 1737 892 1805 proprium,
953 1741 1013 1787 ut
1070 1734 1379 1788 calceorum
1437 1733 1703 1802 corrigias
1755 1733 1978 1786 solvat:

2149 1726 2228 1797 ἕνη
2246 1726 2313 1779 τὰ
2342 1727 2662 1798 ὑποδήματα
2687 1746 2699 1758 ·
2729 1728 2861 1783 ἴδιον
2885 1731 2991 1800 γὰρ
3009 1730 3100 1783 τοῦ
3127 1731 3495 1800 βαπτίζοντος
3523 1735 3665 1804 ἔργον

417 1824 874 1896 quemadmodum
925 1821 1164 1878 Joannes
1211 1822 1640 1892 protestabatur,
1697 1835 1804 1876 non
1829 1834 1989 1889 posse

418 1931 478 1970 se
505 1916 610 1969 hoc
643 1915 699 1968 in
731 1914 848 1969 solo
886 1912 1116 1967 Domino
1165 1911 1366 1969 facere.
1418 1911 1553 1966 Nam
1595 1911 1690 1982 qui
1735 1911 1988 1966 solvisset

416 2007 538 2076 ejus
571 2005 888 2075 corrigiam,
926 2005 1017 2074 qui
1052 2018 1284 2073 prorsus
1306 2019 1335 2057 a
1361 2003 1592 2073 corrigia
1623 2003 1832 2073 peccati
1852 2017 1987 2056 con-

416 2096 642 2151 strictus
673 2109 783 2148 non
806 2094 1163 2164 tenebatur?)
1199 2109 1316 2148 eam
1343 2094 1507 2164 igitur
1532 2093 1772 2149 abluisse
1798 2093 1982 2163 pedes,

415 2195 468 2241 et
494 2203 599 2241 una
619 2201 743 2240 cum
770 2187 1156 2263 calceamentis
1188 2200 1378 2242 omnes
1407 2193 1653 2241 terrenas
1676 2185 1867 2241 sordes
1884 2184 1983 2239 ab-

413 2278 632 2349 iecisse.
666 2278 852 2346 Itaque
887 2283 1073 2331 servat
1103 2277 1160 2331 in
1191 2278 1278 2332 via
1313 2286 1485 2333 strata
1517 2277 1683 2347 pedes
1716 2291 1846 2332 suos
1875 2277 1984 2329 im-

416 2371 678 2441 pollutos,
705 2369 847 2423 sicut
876 2377 930 2422 et
957 2368 1130 2424 David
1161 2368 1416 2432 faciebat,
1446 2384 1576 2423 cum
1615 2369 1799 2423 abluta
1855 2368 1982 2423 illu-

418 2461 502 2515 vie
532 2463 694 2523 omni,
726 2459 890 2529 pedes
925 2474 1056 2513 suos
1085 2459 1141 2513 in
1175 2474 1309 2514 saxo
1335 2460 1651 2525 collocaret,
1689 2468 1853 2529 atque
1888 2460 1982 2514 his

413 2545 598 2602 verbis
629 2555 911 2602 uteretur:
945 2545 1173 2599 Reduxit
1222 2552 1303 2600 me
1336 2546 1399 2599 de
1427 2547 1544 2600 lacu
1595 2547 1845 2610 miserim,
1893 2547 1982 2600 de-

412 2655 508 2708 que
532 2639 711 2691 illuvie
739 2653 969 2699 ccenosa,
999 2645 1048 2690 et
1077 2635 1229 2706 pedes
1265 2653 1407 2690 meos
1432 2653 1597 2706 supra
1640 2647 1844 2706 petram
1869 2647 1977 2692 sta-

414 2731 534 2791 tuit,
562 2744 870 2798 gressusque
911 2743 1050 2780 meos
1088 2726 1362 2781 direxit“.
1403 2728 1504 2782 Per
1551 2736 1762 2798 petram
1799 2739 1979 2784 autem

411 2823 553 2875 hanc
586 2821 873 2874 Dominum
905 2821 1086 2888 ipsum
1119 2819 1495 2888 intelligimus,
1544 2819 1638 2887 qui
1676 2826 1730 2873 et
1768 2819 1858 2872 lux
1891 2826 1977 2874 est

2091 1818 2151 1870 τὸ
2177 1817 2324 1870 λύειν
2343 1819 2468 1881 τοὺς
2499 1819 2728 1889 ἱμάντας
2752 1821 2861 1872 τῶν
2887 1822 3273 1891 ὑποδημάτων,
3298 1825 3495 1888 καθὼς
3511 1827 3665 1880 Ἰωάν-

2089 1927 2186 1979 νης
2218 1909 2636 1981 διεμαρτύρατο,
2679 1911 3027 1981 μὴδύνασθαι
3061 1912 3219 1966 τοῦτο
3249 1917 3347 1968 ἐπὶ
3380 1918 3554 1985 μόνου
3586 1918 3664 1971 τοῦ

2089 1999 2296 2070 Κυρίου
2341 2002 2598 2071 ποιῆσαιο
2648 2001 2764 2064 πῶς
2805 2002 2912 2072 γὰρ
2952 2003 3017 2056 ἂν
3065 2004 3221 2057 ἔλυσε
3265 2005 3350 2076 τῷ
3399 2009 3541 2078 μηδὲ
3581 2011 3662 2075 τὴν

2087 2088 2261 2158 ἀρχὴν
2301 2087 2379 2157 τῷ
2424 2088 2604 2158 ίμάντι
2645 2090 2742 2160 τῆς
2783 2089 3054 2160 ἁμαρτίας
3095 2092 3472 2163 ὲνδεδεμένῳ;
3526 2093 3662 2163 Αὕτη

2085 2180 2212 2242 τοὺς
2237 2179 2404 2242 πόδας
2437 2180 2677 2248 ἐνίψατο,
2727 2180 2901 2233 πάντα
2931 2183 3117 2251 γήϊνον
3153 2183 3327 2250 ῥύπον
3359 2186 3663 2239 (stiva-1:06:-

2085 2269 2250 2322 λοῦσα
2286 2273 2396 2334 τοῖς
2423 2272 2758 2342 ὑποδήμασι*
2810 2272 3070 2340 φυλάσσει
3101 2275 3278 2326 τοίνυν
3318 2275 3418 2327 ἐπὶ
3444 2277 3548 2347 τῆς
3581 2295 3662 2329 πε-

2086 2360 2450 2431 πλακωμένης
2472 2361 2591 2414 ὀδοῦ
2620 2362 2718 2431 τὴν
2751 2362 2908 2432 βάσιν
2935 2364 3257 2434 άμόλυντον,
3283 2367 3362 2430 ὡς
3398 2370 3500 2420 καὶ
3528 2369 3558 2419 ὁ
3583 2373 3662 2420 Δα-

2085 2451 2168 2502 διδ
2195 2452 2466 2521 ἐποίησεν,
2503 2452 2591 2503 ὅτε
2635 2451 2726 2504 τοῦ
2765 2451 2938 2520 πηλοῦ
2967 2455 3064 2524 τὴν
3091 2453 3220 2524 ὓλην
3248 2455 3662 2526 ἀπολυσάμενος

2083 2542 2174 2594 ἐπὶ
2196 2543 2294 2613 τῆς
2323 2543 2528 2613 πέτρας
2559 2542 2751 2613 ἔστησε
2781 2545 2904 2606 τοὺς
2929 2544 3123 2597 ἑαυτοῦ
3163 2545 3352 2610 πόδας,
3382 2547 3569 2612 οὕτως
3600 2552 3663 2599 εἰ·

2083 2633 2200 2686 πὼν
2228 2633 2306 2702 τῷ
2334 2634 2501 2704 λόγῳ·
2530 2637 2612 2688 ὅτι
2658 2635 2951 2703 Ἀνήγειρέ
2979 2655 3056 2706 με
3085 2638 3153 2691 ἐκ
3187 2637 3431 2693 λάκκου
3463 2645 3663 2693 ταλαι-

2083 2725 2335 2791 πωρίας,
2361 2725 2458 2778 καὶ
2490 2727 2606 2779 ἀπὸ
2646 2727 2848 2794 πηλοῦ
2889 2729 3088 2794 ἰλύος,
3131 2731 3228 2782 καὶ
3259 2731 3544 2796 ἔστησεν
3575 2733 3660 2783 ἐπὶ

2082 2816 2306 2884 πέτραν
2331 2818 2472 2884 τοὺς
2494 2818 2683 2884 πόδας
2696 2836 2837 2887 μου,
2862 2821 2960 2874 καί
2995 2823 3326 2874 eratsi-(ivre
3354 2824 3430 2874 τὰ
3459 2823 3662 2888 emata-

412 2921 465 2966 et
499 2913 725 2975 veritas,
752 2921 808 2965 et
841 2910 1251 2975 immortalitas,
1274 2917 1328 2963 et
1350 2909 1568 2979 justitia
1607 2928 1622 2964 :
1657 2911 1862 2979 quibus
1889 2925 1978 2963 re-

2149 2907 2237 2962 [τά
2262 2926 2399 2977 μου.
2453 2911 2663 2980 Πέτραν
2701 2910 2757 2963 δὲ
2790 2909 3023 2979 νοοῦμεν
3047 2913 3134 2964 τὸν
3165 2912 3371 2983 Κύριον
3394 2955 3409 2976 ,
3459 2915 3526 2976 ὃς
3559 2918 3663 2967 ἐστι

413 3003 518 3056 bus
565 3003 650 3054 via
704 3001 1014 3070 spiritualis
1069 3001 1228 3069 quasi
1281 3001 1517 3069 quadam
1579 3000 1978 3055 incrustatione

2149 2997 2215 3062 ὃς,
2249 2999 2342 3051 καὶ
2373 2998 2619 3069 ἀλήθεια,
2643 3001 2736 3052 καὶ
2772 3001 3069 3071 ἀφθαρσία,
3099 3003 3194 3054 καὶ
3218 3002 3575 3074 δικαιοσύνη,
3605 3004 3662 3056 δι’

412 3093 699 3166 sternitur.
725 3093 806 3146 Ab
837 3092 925 3145 liis
957 3091 1004 3145 si
1035 3106 1095 3145 se
1129 3100 1380 3146 neutram
1408 3091 1533 3160 quis
1560 3092 1613 3143 in
1649 3099 1858 3160 partem
1883 3089 1980 3145 de-

408 3185 613 3245 flectat,
643 3181 690 3234 is
724 3181 941 3250 plantas
979 3194 1110 3236 suas
1142 3194 1308 3249 puras
1353 3189 1666 3243 conservat,
1708 3195 1978 3250 nusquam

413 3291 442 3329 a
472 3275 766 3343 voluptatis
798 3287 957 3327 coeno
988 3272 1243 3342 pollutas.
1271 3271 1394 3326 Haec
1425 3281 1552 3327 sunt
1577 3271 1724 3341 (meo
1757 3273 1979 3342 quidem

409 3366 640 3438 judicio)
672 3380 769 3436 per
804 3379 925 3436 quae
948 3379 979 3418 a
1009 3378 1210 3434 sponsa
1257 3362 1438 3419 Verbo
1465 3365 1674 3418 ostium
1706 3365 1973 3435 aperitur.

411 3457 624 3512 Etenim
679 3457 796 3526 ipsa
858 3455 956 3510 illa
1017 3454 1318 3520 confessio,
1368 3469 1475 3523 qua
1531 3454 1822 3524 pollicetur
1867 3469 1976 3508 non

413 3553 654 3624 amplius
709 3558 1119 3620 resumpturam
1159 3565 1217 3605 se
1267 3551 1440 3604 lutum
1477 3549 1610 3604 illud
1660 3564 1974 3615 excussum,

411 3657 590 3712 neque
623 3640 927 3694 incedendo
959 3639 1015 3692 in
1043 3640 1145 3694 hac
1177 3639 1286 3693 vita
1315 3646 1594 3695 terrenam
1623 3639 1970 3709 inquinatio—

412 3747 536 3787 nem
589 3731 956 3786 admissuram
995 3747 1007 3782 :
1045 3728 1226 3783 aditus
1282 3737 1371 3784 est
1420 3730 1618 3784 animae
1673 3731 1776 3784 hoc
1819 3730 1980 3784 modo

413 3829 740 3891 comparatae
785 3820 854 3875 ad
903 3817 1419 3874 sanctiﬁcationem.
1471 3819 1846 3875 Sanctificatio
1883 3835 1980 3875 au-

411 3916 522 3963 tem
568 3915 652 3962 est
681 3908 799 3978 ipse
851 3907 1137 3962 Dominus.
1198 3907 1377 3978 Atque
1425 3908 1515 3963 hic
1573 3917 1656 3963 est
1688 3910 1977 3965 verborum

413 4013 630 4054 sensus.

483 4087 698 4145 Rursus
725 4097 904 4146 autem
933 4090 1234 4147 secundum
1263 4092 1392 4160 hoc,
1429 4093 1658 4149 ulterius
1685 4094 1980 4152 ascendere

416 4190 648 4239 conatur
677 4182 858 4236 anima
878 4223 893 4248 ,
921 4197 1030 4237 non
1060 4183 1174 4252 jam
1206 4185 1442 4254 amplius
1470 4199 1602 4240 voce
1624 4187 1824 4239 ostium
1858 4200 1980 4240 cor-

411 4275 496 4328 dis
524 4273 776 4342 pulsante
795 4312 810 4337 ,
838 4271 932 4326 sed
960 4271 1078 4340 ipsa
1107 4287 1271 4326 manu
1299 4273 1481 4327 divina
1514 4289 1610 4343 per
1637 4273 1880 4329 foramen
1911 4274 1976 4328 ad

412 4363 672 4418 interiora
704 4369 1045 4431 penetrante.
1079 4361 1350 4416 Patruelis
1370 4365 1516 4423 enim
1551 4381 1729 4427 meus,
1765 4365 1971 4433 inquit,
2006 4361 2051 4416 D

411 4455 554 4507 misit
591 4469 805 4506 manum
861 4469 1012 4506 suam
1060 4470 1153 4523 per
1201 4454 1469 4523 foramen,
1513 4463 1564 4508 et
1610 4465 1782 4510 venter
1835 4473 1978 4510 meus

411 4552 702 4596 commotus
747 4552 824 4596 est
866 4543 922 4596 in
967 4544 1157 4611 ipsum.
1204 4543 1522 4614 Perspicere
1567 4554 1748 4600 autem
1801 4548 1981 4616 quivis

411 4637 636 4691 omnino
665 4643 879 4705 potest,
907 4637 1000 4706 qui
1029 4637 1325 4706 prudenter
1354 4639 1466 4692 haec
1491 4638 1747 4704 audiunt,
1777 4647 1982 4709 quanto

409 4725 730 4781 sublimiora
778 4735 907 4780 sunt
954 4726 1069 4780 haec
1119 4728 1421 4796 prioribus.
1458 4729 1592 4784 Cum
1624 4729 1861 4785 Verbum
1907 4731 1976 4786 ad

408 4831 666 4886 sponsam
719 4818 830 4881 ait,
862 4817 1058 4885 Aperi,
1107 4818 1334 4889 largitur
1386 4820 1435 4876 ei
1486 4821 1800 4877 facultatem
1851 4839 1980 4894 ape-

408 4909 584 4963 riendi
618 4924 714 4978 per
740 4909 956 4964 divinos
989 4925 1206 4964 sensus.
1234 4909 1585 4982 Obtemperat
1613 4913 1790 4971 Verbo
1818 4932 1977 4986 spon-

407 5016 502 5064 sa,
538 4998 595 5052 fit
625 5000 769 5054 enim
806 4999 946 5065 hoc,
979 5001 1124 5069 quod
1171 5003 1346 5066 audit,
1384 5019 1563 5065 soror,
1613 5007 1792 5061 vicina
1815 5047 1830 5072 ,
1882 5024 1977 5063 co-

408 5089 590 5143 lumba
615 5128 630 5153 ,
667 5090 948 5158 perfecta:
987 5093 1138 5145 exuit
1172 5094 1451 5163 pelliceam
1505 5097 1650 5150 illam
1695 5101 1976 5167 tunicam,

410 5179 603 5235 sordes
636 5181 831 5250 pedum
867 5182 1061 5246 abluit,
1100 5199 1162 5238 ac
1193 5202 1372 5256 neque
1424 5189 1626 5244 foedum
1673 5192 1805 5245 illud
1835 5192 1980 5247 lace-

412 5285 642 5338 rumque
663 5273 1046 5329 vestimentum
1078 5277 1311 5347 amplius
1341 5279 1549 5348 induit,
1584 5299 1760 5354 neque
1785 5284 1852 5339 de
1877 5300 1982 5340 ca:-

411 5367 532 5411 tero
565 5361 621 5414 in
656 5369 803 5416 terra
838 5364 951 5434 figit
983 5368 1251 5438 vestigia:
1287 5372 1495 5427 audivit
1529 5373 1696 5443 igitur
1729 5376 1849 5446 ejus
1882 5393 1980 5433 vo-

411 5459 566 5507 cem,
601 5455 656 5500 et
698 5459 852 5516 paret
891 5464 1164 5524 pracepto
1187 5497 1201 5520 ,
1239 5463 1412 5527 aperit
1455 5466 1656 5519 ostium
1699 5475 1753 5522 et
1795 5469 1975 5527 ablato

469 5623 516 5656 ”
535 5623 689 5680 Joan.
724 5643 828 5692 xw,
853 5629 905 5683 6.
983 5632 1183 5690 M'Psal.
1210 5654 1398 5706 χχχιι,
1432 5643 1479 5696 5.

2082 3081 2157 3140 ὧν
2191 3089 2224 3158 ἡ
2255 3090 2596 3162 πνευματικὴ
2625 3091 2742 3154 ὁδὸς
2769 3091 3180 3146 διαπλακοῦται.
3204 3087 3304 3145 Ὧν
3333 3093 3364 3144 ὁ
3391 3096 3467 3164 μὴ
3497 3113 3666 3166 παρα-

2081 3177 2311 3248 τραπεὶς
2342 3179 2462 3232 καθ’
2491 3181 2767 3250 ἑκάτερον,
2798 3178 3052 3243 διασώζει
3082 3182 3141 3234 τὸ
3162 3183 3325 3251 ἴχνος,
3358 3183 3662 3254 οὐδαμόθεν

2081 3267 2157 3337 τῷ
2179 3268 2335 3339 πηλῷ
2362 3270 2458 3340 τῆς
2488 3271 2679 3340 ἡδονῆς
2711 3271 3088 3340 μολυνόμενον.
3119 3273 3305 3326 Ταῦτά
3336 3275 3486 3339 ἐστι,
3527 3277 3662 3329 κατά

2081 3376 2144 3426 γε
2172 3359 2263 3412 τὸν
2293 3361 2422 3431 ἐμὸν
2452 3361 2626 3428 λόγον,
2651 3363 2717 3415 δι’
2748 3357 2821 3416 ὧν
2851 3365 2884 3432 ἡ
2922 3363 3061 3433 θύρα
3081 3363 3158 3432 τῷ
3195 3365 3354 3433 Λόγῳ
3382 3366 3547 3435 παρὰ
3572 3370 3662 3435 τῆς

2083 3449 2298 3520 νύμφης
2326 3452 2616 3518 ἀνοίγεται.
2667 3453 2729 3504 Ἦ
2759 3453 2866 3525 γάρ
2894 3455 3152 3523 ὁμολογία
3171 3454 3266 3506 τοῦ
3297 3443 3509 3526 μηκέτι
3531 3459 3661 3510 ἁνα-

2081 3541 2264 3594 λαϐεἷν
2289 3541 2379 3593 τὸν
2410 3543 2788 3613 ἀποϐληθέντα
2829 3545 2999 3613 πηλὸν
3018 3585 3030 3606 ,
3077 3547 3209 3616 μηδὲ
3237 3549 3302 3616 τῇ
3334 3549 3546 3618 πορεία
3576 3547 3661 3600 τοῦ

2083 3632 2198 3702 βίου
2233 3632 2321 3685 τὸν
2351 3633 2527 3703 γεώδη
2568 3634 2840 3704 μολυσμὸν
2871 3635 3296 3706 παραδέξασθαι,
3327 3638 3551 3700 εἴσοδος
3582 3639 3661 3705 γί-

2081 3737 2228 3774 νεται
2259 3721 2349 3774 τοῦ
2384 3722 2654 3791 άγιασμοῦ
2700 3725 2794 3776 ἐπὶ
2828 3724 2926 3792 τὴν
2955 3723 3097 3777 οὕτω
3128 3729 3662 3798 παρεσκευασμένην

2079 3812 2275 3882 ψυχήν.
2331 3812 2626 3885 Ἀγιασμὸς
2650 3813 2708 3867 δὲ
2750 3817 2777 3867 ὸ
2805 3815 3025 3884 Κύριος.
3073 3816 3183 3869 Καὶ
3209 3815 3369 3868 τοῦτο
3416 3819 3528 3886 μὲν
3561 3820 3662 3872 τῶν

2080 3903 2382 3975 εἰρημένων
2417 3904 2727 3976 ἐπεραιώθη
2760 3905 2821 3960 τὸ
2852 3907 3050 3976 νόημα.

2149 4112 2317 4165 Πάλιν
2345 4111 2401 4165 δὲ
2433 4112 2570 4182 μετὰ
2605 4111 2762 4165 τοῦτο
2785 4113 2884 4183 τῆς
2911 4114 3314 4184 ὑπερκειμένης
3341 4115 3667 4177 ἀναϐάσεως

2080 4201 2307 4256 ἅπτεται
2337 4205 2370 4274 ή
2395 4203 2559 4273 ψυχὴ,
2582 4203 2761 4256 οὐκέτι
2784 4203 2966 4272 φωνῆς
2987 4204 3084 4273 τὴν
3111 4203 3333 4272 καρδίαν
3361 4203 3665 4274 θυροκρου-

2083 4293 2331 4362 στούσης,
2370 4293 2484 4348 ἀλλ’
2525 4294 2690 4363 αὐτῆς
2723 4295 2820 4364 τῆς
2854 4293 3002 4356 θείας
3037 4294 3216 4363 χειρὸς
3244 4293 3333 4346 διὰ
3380 4295 3485 4364 τῆς
3525 4295 3667 4362 675;;

2081 4386 2171 4438 ἐπὶ
2211 4384 2280 4438 τὰ
2325 4384 2471 4447 em;
2517 4385 2903 4454 παραδυείσης.
2965 4383 3315 4452 Ἀδελριδός
3361 4403 3489 4452 μου
3533 4387 3664 4453 γάρ,

2079 4477 2262 4546 φησὶν,
2295 4475 2614 4530 ἀπέστειλε
2642 4476 2756 4542 τὴν·
2792 4475 2959 4544 χεῖρα
2998 4476 3184 4529 αὑτοῦ
3213 4475 3310 4528 διὰ
3340 4475 3456 4543 τῆς
3489 4477 3668 4543 ὀπῆς,

2079 4569 2177 4620 καὶ
2225 4567 2262 4634 ἡ
2303 4569 2499 4620 κοιλία
2529 4583 2647 4635 μου
2694 4565 2944 4634 ὲθροήθη
2986 4566 3078 4619 ἐπ’
3120 4567 3325 4621 αὐτόν.
3377 4567 3560 4636 Δῆλον
3614 4570 3667 4620 δὲ

2081 4661 2296 4721 πάντως
2341 4661 2457 4711 ἐστὶ
2503 4658 2580 4728 τῷ
2615 4658 2848 4721 συνετῶς
2889 4659 3156 4721 ἑπαῖοντι,
3201 4658 3324 4710 ὅσον
3374 4659 3664 4721 πλεονάζει

2081 4751 2162 4819 τῷ
2221 4748 2344 4817 ὓψει
2404 4749 2473 4801 τά
2538 4748 2632 4800 νῦν
2691 4747 2955 4820 εἰρημένα
3036 4746 3184 4816 παρὰ
3237 4746 3298 4799 τὺ
3362 4748 3665 4816 πρότερον·

2088 4838 2358 4902 Ἀνοιξον
2407 4839 2576 4908 λέγων
2606 4838 2740 4910 πρὸς
2771 4838 2867 4908 τὴν
2910 4839 3123 4909 νύμφην
3167 4842 3194 4892 ὁ
3221 4840 3414 4907 Λόγος,
3450 4841 3669 4893 δίδωσιν

2087 4931 2221 5002 αὐτῇ
2257 4931 2344 4983 διὰ
2390 4931 2487 4998 τῆς
2525 4932 2633 4984 τῶν
2672 4929 2830 4984 θείων
2867 4933 3141 5000 ὀνομάτων
3183 4930 3276 4983 τοῦ
3310 4932 3526 4998 ἀνοῖξαι
3574 4935 3675 5003 τὴν

2085 5022 2330 5091 δύναμιν.
2367 5021 2661 5074 ’Υπακούει
2694 5021 2772 5091 τῷ
2801 5021 2958 5092 Λόγῳ
2988 5024 3021 5091 ή
3065 5021 3273 5092 νύμφη·
3305 5023 3521 5090 γίνεται
3563 5025 3670 5090 γὰρ

2085 5115 2220 5183 ὅπερ
2246 5115 2505 5183 ἤκουσεν,
2540 5113 2764 5183 ἀδελφὴ,
2799 5114 2892 5167 καὶ
2938 5115 3182 5184 πλησίον,
3215 5115 3310 5167 καὶ
3341 5116 3668 5186 ereptas-egi.

2083 5206 2175 5258 καὶ
2204 5205 2404 5258 τελείαο
2431 5205 2722 5258 ἀποδύεται
2741 5205 2834 5257 τὸν
2860 5205 3184 5276 δερματικὸν
3209 5207 3416 5257 ἐκεῖνον
3441 5208 3668 5275 χιτῶνα.

2083 5299 2176 5350 καὶ
2211 5298 2303 5350 τὸν
2338 5296 2507 5367 ῥύπον
2547 5295 2656 5349 τῶν
2687 5295 2859 5349 ποδῶν
2896 5296 3268 5358 ἀπονίπτεται,
3306 5298 3403 5348 καὶ
3453 5296 3581 5349 οὔτε
3615 5298 3666 5348 τὲ

2082 5389 2314 5459 είδεχθὲς
2356 5389 2448 5442 καὶ
2483 5388 2752 5459 ῥωγαλέον
2797 5389 2971 5442 ἐκεῖνο
3020 5388 3233 5456 ἱμάτιον
3285 5389 3452 5442 πάλιν
3494 5389 3668 5454 ἑαυτῇ

2084 5478 2449 5549 περιτίθησιν,
2489 5477 2613 5533 οὔτε
2643 5481 2707 5549 τῇ
2740 5481 2809 5550 γῇ
2843 5479 2977 5549 πρὸς
3005 5477 3064 5532 τὸ
3097 5478 3282 5532 λοιπὸν
3324 5478 3670 5546 ἐναπερείῑει
