3730 5980
96 234 249 292 1009

1169 229 1236 284 ΙΝ
1261 227 1567 285 (ΖΑΝΊῚΟΑ
1591 221 1861 281 CANTIC.
1895 221 2182 277 HOMlLlA
2221 220 2310 275 XI.

3236 209 3373 268 1010

93 347 166 399 ea
194 347 359 417 τχνος·
391 347 624 417 ἤκουσεν
651 338 743 400 οῦν
767 346 934 401 αὑτοῦ
962 347 1285 418 τῆςφωνῆς,
1312 346 1503 416 καὶτῷ
1531 362 1566 397 π

1895 339 1982 394 dis
2015 337 2276 408 operculo
2299 375 2315 400 ,
2353 331 2577 388 deduxit
2607 329 2786 386 velum
2815 327 2976 396 ostii,
3014 327 3069 382 id
3114 333 3200 381 est
3245 340 3368 378 car-

93 438 344 506 τάγματι
381 437 648 491 πείθεται.
699 437 928 505 Ἀνοίγει
974 438 1074 508 τὴν
1113 436 1303 506 θύραν,
1337 435 1692 506 περιελομένη

94 523 164 576 τὸ
187 524 458 596 κάλυμμα
477 527 576 595 τῆς
601 526 828 597 καρδίας
847 543 862 557 ο
886 526 1121 595 διέσχισε
1148 526 1250 595 τῆς
1280 525 1448 593 θύρας
1467 565 1481 584 ,
1511 525 1572 576 τὸ
1596 525 1695 593 τῆς

97 615 310 686 σαρκὸς
335 616 706 686 διαπέτασμα,
736 618 885 668 πᾶσα
914 616 1104 686 ἠνοίγη
1133 617 1234 686 τῆς
1261 614 1440 685 ψυχῆς
1468 616 1501 684 ἡ
1526 613 1691 683 πύλη,

97 705 190 757 ἵνα
228 707 450 778 εἰσέλθῃ
474 709 502 759 ὀ
532 708 796 771 Βασιλεὺς
820 708 918 778 τῆς
942 705 1118 776 δόξης.
1157 705 1296 758 Ἀλλ’
1325 708 1356 776 ὴ
1388 705 1488 773 τῆς
1519 704 1693 774 πύλης

96 797 418 866 εὐρυχωρία
453 799 627 868 μικρά
657 815 740 861 τις
773 797 1066 868 ἀπεδείχθη
1099 796 1372 867 τρυμαλιὰ
1407 795 1566 866 στενὴ
1600 795 1693 848 καὶ

99 887 358 957 βραχεῖα.
389 887 456 941 δι’
483 885 552 961 ἧς
581 889 682 942 οὐκ
711 890 872 953 αὐτὸς
898 891 926 942 ὁ
961 889 1213 959 νυμφίος,
1242 889 1357 941 ἀλλ’
1381 891 1414 958 ἡ
1444 888 1565 958 χεὶρ
1591 888 1692 939 αὐ-

94 976 192 1029 τοῦ
237 978 399 1046 μόγις
445 977 754 1049 ἐχώρησεν.
789 980 929 1033 ὥστε
973 979 1039 1032 δι’
1083 978 1254 1046 αὐτῆς
1302 979 1394 1030 ἐπὶ
1439 976 1502 1028 τὸ
1545 975 1694 1039 ἐντὸς

96 1065 376 1132 γενέσθαι,
419 1068 515 1120 καὶ
543 1068 782 1138 ἅψασθαι
812 1069 913 1139 τῆς
943 1067 1318 1138 ἐπιθυμούσης
1342 1067 1434 1120 τὸν
1462 1066 1692 1136 νυμφίον

98 1158 254 1220 ίδεῖν,
286 1152 330 1225 ᾧ
361 1159 616 1212 τοσοῦτον
645 1159 900 1231 ἐκέρδανε
934 1160 1122 1231 μόνον,
1148 1160 1270 1212 ὅσον
1295 1158 1516 1227 γνῶναι,
1547 1159 1628 1210 ὅτι
1654 1159 1689 1226 ή

91 1250 225 1318 χεὶρ
258 1251 442 1320 ἐκείνη
479 1251 574 1304 τοῦ
605 1253 940 1323 ποθουμένου
976 1253 1142 1306 ἐστίν.
1177 1249 1277 1305 Οἴα
1309 1251 1365 1303 δέ
1401 1253 1531 1321 ἡμῖν
1561 1251 1692 1304 ὑπο-

91 1340 379 1394 δείκνυται
411 1341 687 1412 δόγματα,
724 1342 811 1396 διὰ
842 1344 941 1414 τῆς
969 1345 1028 1395 ἐν
1056 1346 1168 1406 τοῖς
1201 1342 1508 1412 εἰρημένοις
1543 1340 1692 1409 φιλο-

92 1431 301 1499 σοφίας
329 1432 596 1502 μάθοιμεν
633 1432 720 1496 ἂν,
753 1435 801 1486 εί
844 1434 1038 1506 μικρὸν
1063 1434 1140 1504 τῷ
1169 1434 1312 1504 λόγῳ
1344 1432 1690 1504 προσδιατρί-

89 1521 316 1590 ψωμεν.
369 1523 430 1575 Ἦ
467 1523 781 1595 ἀνθρωπίνη
816 1524 962 1596 ψυχὴ
995 1525 1089 1577 δύο
1119 1525 1334 1594 φύσεων
1365 1518 1497 1576 οὖσα
1532 1521 1691 1591 μεθό-

95 1627 242 1681 ριος,
271 1605 346 1662 ὧν
377 1612 409 1680 ἠ
444 1611 543 1680 μὲν
579 1611 865 1683 ἁσώματός
897 1616 1011 1666 ἐστι
1041 1614 1134 1667 καὶ
1165 1613 1328 1684 νοερὰ
1353 1615 1446 1667 καὶ
1480 1616 1691 1686 ἀκήραο

1795 434 1882 488 nis
1909 449 1922 486 :
1959 438 2150 500 aperta
2179 428 2283 482 fuit
2314 433 2422 481 tota
2451 425 2648 479 anima:
2681 431 2868 502 porta,
2899 429 2958 474 ut
2986 419 3369 489 ingrederetur

1795 523 1911 578 Rex
1945 522 2151 593 gloriae.
2193 519 2298 574 Sed
2333 526 2526 588 patens
2557 520 2728 584 portae
2767 512 2996 567 latitudo
3030 519 3252 564 ostensa
3286 517 3371 561 est

1797 629 2024 684 parvum
2055 611 2329 683 quoddam
2363 616 2417 664 et
2447 615 2739 678 angustum
2774 619 2839 658 ac
2882 603 3048 658 breve
3091 600 3335 654 foramen
3357 636 3373 659 ,

1795 720 1895 775 per
1922 704 2070 774 quod
2100 718 2210 757 non
2243 702 2360 771 ipse
2395 713 2631 768 sponsus
2658 737 2673 762 ,
2727 695 2826 750 sed
2877 694 2999 762 ejus
3046 705 3242 746 manus
3287 689 3377 742 vix

1795 796 1930 850 adeo
1961 792 2269 865 processit,
2301 798 2359 846 ut
2395 805 2490 860 per
2521 789 2702 858 ipsum
2750 788 2999 858 ingressa
3046 785 3150 848 sit,
3195 790 3248 837 et
3291 782 3374 835 vi-

1793 885 1957 939 dendi
1993 885 2183 954 sponsi
2220 882 2465 952 tetigerit
2497 878 2831 934 desiderium
2857 917 2872 943 ,
2903 891 3013 946 quo
3044 876 3133 929 vix
3165 881 3379 927 tantum

1795 977 1939 1030 lucri
1971 975 2102 1030 fecit
2128 1013 2143 1039 ,
2179 982 2240 1030 ut
2269 978 2627 1043 cognosceret
2657 969 2802 1040 quod
2835 969 2925 1022 illa
2961 969 3032 1023 sit
3057 981 3254 1020 manus
3284 963 3380 1018 dc-

1794 1066 2043 1122 siderati.
2095 1063 2421 1135 Cujusmodi
2456 1072 2637 1116 autem
2671 1060 2834 1114 nobis
2868 1060 3238 1113 ostenduntur
3277 1055 3378 1110 do-

1794 1165 1974 1226 gmata
1994 1199 2010 1222 ,
2038 1156 2394 1211 didicerimus
2419 1168 2515 1223 per
2537 1167 2666 1208 eam.
2687 1166 2807 1222 quae
2836 1158 2920 1205 est
2945 1149 2999 1202 in
3027 1149 3113 1202 his
3143 1147 3378 1215 philoso-

1793 1249 2006 1317 phiam,
2045 1248 2090 1302 si
2123 1248 2177 1301 in
2205 1257 2466 1302 contextu
2504 1245 2798 1299 verborum
2831 1256 3024 1312 parum
3073 1239 3228 1294 fuero
3277 1239 3380 1290 im-

1792 1348 2062 1394 moratus.
2115 1338 2310 1392 Anima
2357 1339 2600 1391 humana
2647 1343 2730 1390 est
2770 1335 2825 1388 in
2870 1332 3109 1388 confinio
3143 1331 3379 1384 duarum

1793 1439 2114 1484 naturarum
2136 1468 2152 1493 ,
2194 1444 2426 1498 quarum
2458 1429 2628 1482 altera
2665 1425 2886 1495 quidem
2940 1432 3025 1478 est
3057 1423 3380 1490 incorporea

1792 1528 1847 1576 et
1879 1521 2210 1590 intelligens,
2245 1529 2298 1574 et
2333 1519 2387 1573 in
2423 1533 2591 1588 quam
2631 1533 2742 1570 non
2777 1515 2926 1570 cadit
2962 1515 3219 1568 interitus
3249 1531 3263 1576 ;
3298 1513 3378 1565 al-

1794 1621 1911 1670 tera
1938 1628 2071 1669 vero
2105 1626 2369 1682 corporea
2390 1651 2406 1677 ,
2437 1618 2492 1665 et
2526 1608 2828 1664 materialis
2849 1648 2862 1672 ,
2899 1618 2954 1662 et
2983 1621 3180 1676 expers
3212 1605 3380 1657 ratio-
3423 1676 3428 1680 _

90 1715 194 1762 τος
217 1717 231 1729 “
255 1702 290 1769 ὴ
321 1699 377 1751 δὲ
411 1700 571 1771 ἐτέρα
608 1681 890 1773 σωματικὴ
911 1745 924 1767 ,
957 1681 1309 1773 καὶ,ύλό›δης,
1342 1703 1436 1756 καὶ
1478 1703 1563 1756 ἄλ(

1933 1705 2069 1758 Cum
2104 1681 2340 1774 primum
2373 1709 2556 1757 autem
2589 1707 2818 1771 purgata
2851 1699 2919 1752 ab
2948 1711 3010 1752 ea
3038 1712 3161 1766 qua:
3193 1704 3276 1749 est
3311 1693 3378 1747 ad

106 1791 370 1843 Ἐπειδὰν
390 1791 444 1843 δὲ
464 1792 694 1861 τάχιστα
719 1794 815 1864 τῆς
837 1794 972 1865 πρὸς
995 1795 1088 1848 τὸν
1114 1795 1290 1865 παχύν
1312 1812 1371 1847 τε
1396 1797 1490 1848 καὶ
1516 1795 1692 1867 γεώδη

93 1879 220 1949 βίον
278 1883 512 1951 σχέσεως
561 1883 983 1955 ἐκκαθαρθείσα,
1038 1886 1105 1939 δι’
1165 1887 1362 1957 ἀρετῆς
1417 1885 1693 1956 ἀναϐλέψῃ

92 1970 245 2039 πρὸς
268 1971 328 2024 τὸ
350 1973 610 2040 συγγενὲς
631 1973 724 2026 κα)⁸
746 1974 1038 2035 θειότατον.
1069 1976 1128 2028 ού
1159 1976 1387 2030 παύεται
1417 1975 1696 2046 διερευνω-

95 2059 242 2131 μένη
268 2062 358 2114 καὶ
383 2062 727 2132 άναζητοῦσα
751 2064 849 2135 τὴν
877 2065 984 2118 τῶν
1008 2065 1174 2119 ὄντων
1201 2064 1372 2138 ἀρχὴν
1397 2084 1409 2096 ·
1436 2068 1518 2130 τίς
1542 2069 1575 2138 ἡ
1598 2066 1691 2121 τοῦ

93 2151 334 2213 κάλλους
362 2153 469 2205 τῶν
498 2153 667 2208 ὄντων
711 2155 892 2226 πηγὴ,
927 2155 1089 2208 πόθεν
1121 2155 1329 2226 βρύειή
1362 2157 1608 2228 δύναμις,
1642 2159 1692 2211 τί

90 2241 164 2293 τὸ
198 2242 446 2310 πηγάζον
496 2243 596 2313 τὴν
644 2244 1052 2314 ἐμφαινομένην
1097 2247 1195 2315 τῆς
1245 2247 1432 2310 οὐσίας
1479 2247 1688 2315 σοφίαν.

92 2333 322 2397 Πάντας
350 2334 405 2387 δὲ
429 2335 723 2406 λογισμοὺς
750 2341 842 2392 καὶ
872 2342 1050 2394 πᾶσαν
1080 2340 1374 2410 ἐρευνητὴν
1406 2339 1692 2408 νοημάτων

92 2425 333 2494 δύναμιν
365 2427 677 2482 διακινοῦσα
720 2433 814 2484 καὶ
849 2431 1322 2504 περιεργαζομένη
1365 2432 1691 2485 καταλαϐεῖν

92 2513 162 2566 τὸ
209 2515 568 2586 ζητούμενον,
623 2520 746 2591 ὅρον
781 2525 1013 2577 ποιεῖται
1061 2524 1158 2593 τῆς
1205 2522 1560 2592 καταλήψεως
1596 2521 1690 2574 τοῦ

91 2603 241 2656 Θεοῦ
275 2605 373 2674 τὴν
406 2606 688 2677 ἐνέργειαν
723 2609 890 2678 μόνην
922 2611 1021 2682 τὴν
1071 2611 1232 2681 μέχρι
1277 2610 1432 2679 ἡμῶν
1469 2611 1690 2664 κατιοῦ-

96 2709 226 2757 σαν,
251 2690 317 2764 ἧς
342 2695 430 2748 διά
455 2697 554 2766 τῆς
584 2698 728 2767 ζωῆς
755 2702 919 2770 ἡμεῖς
947 2701 1337 2770 αἰσθανόμεθα.
1368 2703 1478 2755 Καὶ
1501 2703 1692 2772 ὥσπερ

93 2785 160 2836 τὸ
189 2783 270 2854 τῷ
295 2784 448 2839 ὖδατι
485 2788 956 2858 συναναδιδόμενον
991 2793 1054 2843 ἐκ
1093 2790 1192 2859 τῆς
1218 2790 1320 2860 γῆς
1350 2791 1566 2860 πνεῦμα
1593 2793 1691 2861 οὐχ

92 2876 320 2930 ἵσταται
353 2879 482 2948 περὶ
517 2879 609 2932 τὸν
639 2880 891 2951 πυθμένα
919 2883 1014 2952 τῆς
1047 2882 1264 2952 λίμνης,
1299 2881 1436 2934 ἀλλὰ
1475 2883 1690 2953 πομφό-

91 2965 195 3034 λυξ
227 2969 518 3039 γενόμενον
548 2971 639 3022 ἐπὶ
672 2971 732 3024 τὸ
758 2973 869 3026 ἄνω
900 2973 1034 3044 πρὸς
1061 2973 1121 3025 τὸ
1164 2974 1428 3041 συγγενὲς
1460 2973 1690 3044 ἀνατρέ-

90 3074 208 3128 χει,
255 3059 349 3112 καὶ
392 3059 523 3113 ὅταν
553 3060 736 3134 διέλθῃ
787 3061 882 3133 τὴν
915 3063 1008 3116 τοῦ
1051 3063 1241 3127 ὓδατος
1272 3063 1447 3135 ἄκραν
1492 3063 1688 3131 ἐπιφά-

89 3167 271 3218 νειαν,
303 3153 397 3205 καὶ
419 3153 731 3225 καταμιχθῇ
762 3155 900 3226 πρὸς
922 3156 1013 3209 τὸν
1041 3155 1200 3227 ἀέρα,
1232 3156 1354 3208 τότε
1381 3156 1479 3226 τῆς
1502 3155 1594 3208 ἐπὶ
1618 3154 1687 3208 τὰ

89 3240 214 3294 ἄνω
242 3243 509 3312 κινήσεως
536 3245 747 3298 ἵσταται
769 3262 782 3274 ·
816 3247 1053 3300 τοιοῦτόν
1093 3265 1146 3299 τι
1193 3249 1389 3317 πάσχει
1425 3248 1517 3301 καὶ
1553 3249 1586 3317 ὴ
1619 3249 1685 3300 τά

92 3334 223 3386 θεῖα
265 3333 666 3406 διερευνωμένη
703 3336 846 3407 ψυχή
868 3353 882 3366 ·
933 3337 1154 3391 ἐπειδὰν
1196 3339 1260 3390 ἐκ
1297 3338 1405 3390 τῶν
1442 3338 1686 3393 κάτωθεν

88 3420 239 3490 πρὸς
258 3419 358 3490 τὴν
385 3420 492 3472 τῶν
514 3422 922 3495 ὑπερκειμένων
944 3426 1144 3494 γνῶσιν
1174 3427 1372 3497 ἑαυτὴν
1396 3427 1651 3498 ἀνατείνῃ
1669 3468 1684 3491 ,

89 3509 164 3564 τά
191 3513 293 3582 τῆς
315 3513 593 3582 ἐνεργείας
615 3515 778 3568 αὐτοῦ
804 3516 1060 3588 θαύματα
1079 3518 1478 3582 καταλαϐοῦσα,
1503 3537 1698 3592 περαι-

89 3600 245 3670 τέρω
275 3602 555 3672 προελθεῖν
580 3603 667 3657 διὰ
687 3605 788 3674 τῆς
810 3606 1337 3679 πολυπραγμοσύνης
1359 3610 1420 3661 ού
1440 3608 1682 3664 ὥναται·

89 3691 236 3744 ἀλλὰ
265 3691 536 3762 θαυμάζει
562 3695 656 3748 καὶ
690 3695 903 3750 σέϐεται
933 3698 1024 3752 τὸν
1054 3700 1136 3753 ὃτι
1152 3700 1266 3760 ἐστι
1311 3699 1470 3768 μόνον
1505 3701 1570 3752 δι’
1611 3697 1687 3755 ὧν

89 3785 316 3853 ἐνεργεῖ
347 3786 768 3856 γινωσκόμενον.
816 3789 948 3860 Ὁρᾷ
973 3789 1035 3843 τὸ
1065 3790 1312 3860 οὐράνιον
1342 3790 1555 3857 κάλλος,
1585 3792 1687 3856 τὰς

89 3874 207 3926 τῶν
245 3877 549 3947 φωστήρων
576 3877 773 3946 αὐγὰς,
811 3879 910 3951 τὴν
953 3881 1132 3947 ὀξεῖαν
1162 3882 1256 3935 τοῦ
1290 3884 1454 3938 πόλου
1488 3885 1684 3939 κυκλο-

88 3966 318 4035 φορίαν,
376 3967 470 4037 τὴν
521 3967 783 4022 εὖτακτόν
826 3989 886 4024 τε
942 3973 1037 4025 καὶ
1089 3974 1405 4045 ἐναρμόνιον
1461 3977 1518 4028 ἐν
1572 3979 1684 4039 τοῖς

88 4058 321 4128 ἄστροις
368 4061 704 4132 περιφορὰν,
735 4063 826 4116 τὸν
872 4064 1142 4118 ἐνιαύσιον
1186 4065 1382 4120 κύκλον
1422 4067 1683 4139 τέσσαρσι

86 4152 314 4220 καιροῖς
348 4153 428 4214 είς
457 4153 649 4206 ἑαυτὸν
679 4154 1117 4226 ἀναστρέφονταο
1152 4157 1253 4228 τὴν
1285 4157 1391 4227 γῆν
1420 4159 1684 4213 συνδιατι-

87 4241 337 4312 θεμένην
360 4242 436 4313 τῷ
462 4245 789 4315 περιέχοντι,
813 4247 907 4300 καὶ
927 4249 992 4318 τῇ
1018 4247 1249 4318 διαφορᾷ
1270 4249 1368 4318 τῆς
1386 4249 1494 4303 τῶν
1518 4252 1684 4321 ὑπερο

1796 1810 2041 1852 crassam
2086 1804 2141 1850 et
2181 1803 2456 1850 terrenam
2487 1793 2658 1846 vitam
2706 1789 3024 1846 habitudine
3050 1827 3064 1851 ,
3105 1786 3380 1856 aspexerit

1797 1903 1891 1956 per
1919 1888 2177 1942 virtutem
2206 1885 2274 1939 ad
2309 1885 2362 1940 id
2397 1884 2545 1954 quod
2577 1890 2664 1938 est
2694 1889 2988 1952 cognatum
3021 1889 3077 1934 et
3101 1879 3370 1957 divinum,

1801 1993 1911 2033 non
1955 1983 2139 2033 cessat
2182 1977 2518 2045 perscrutari
2561 1981 2616 2030 et
2659 1974 2942 2042 inquirere
2992 1986 3220 2028 eorum.
3254 1985 3377 2038 qua:

1796 2074 1952 2128 sunt,
1984 2065 2317 2135 principium
2344 2083 2357 2119 :
2389 2062 2664 2133 quodnam
2705 2062 2778 2118 sit
2809 2061 3028 2116 initium
3057 2060 3375 2129 pulchrituo

1794 2156 1940 2211 diuis
1991 2170 2210 2218 rerum,
2260 2153 2534 2209 undenam
2581 2161 2803 2208 emanet
2852 2153 2934 2206 vis
2989 2167 3054 2205 ac
3102 2149 3374 2212 facultas.

1793 2247 1923 2318 quid
1956 2246 2027 2302 sit
2061 2261 2092 2300 a
2127 2261 2234 2314 quo
2267 2245 2548 2300 derivetur
2587 2243 2858 2314 sapientia
2909 2257 3031 2312 quae
3062 2242 3117 2295 in
3156 2242 3223 2296 iis
3253 2256 3375 2311 quae

1795 2344 1922 2392 sunt
1950 2335 2215 2402 cernitur,
2245 2344 2298 2391 et
2323 2350 2446 2405 quae
2478 2343 2657 2390 movet
2699 2349 2894 2389 omnes
2923 2332 3335 2403 disputationes
3356 2371 3371 2394 ,

1793 2444 2120 2497 omnemque
2155 2429 2264 2481 vim
2301 2426 2716 2496 perscrutandi,
2766 2440 3000 2495 quaeque
3043 2425 3261 2479 curiose
3295 2425 3376 2477 Ia-

1794 2519 1951 2590 borat
1984 2519 2038 2573 in
2070 2519 2591 2588 comprehendendo
2625 2533 2690 2572 eo
2721 2515 2866 2586 quod
2900 2516 3187 2585 quaeritur,
3223 2526 3276 2569 et
3321 2516 3375 2568 in

1795 2607 2046 2663 faciendo
2072 2610 2364 2664 terminum
2397 2608 2488 2663 Dei
2517 2606 3026 2677 comprehensionis
3053 2606 3226 2661 solam
3251 2620 3378 2674 ope-

1792 2701 2061 2754 rationem
2102 2716 2223 2770 qua:
2257 2700 2324 2754 ad
2368 2715 2467 2754 nos
2503 2715 2678 2770 usque
2712 2698 3042 2754 descendit:
3078 2713 3174 2766 per
3213 2697 3376 2766 cujus

1792 2791 1958 2844 vitam
1992 2806 2092 2846 nos
2139 2792 2410 2846 sentimus
2440 2810 2452 2845 :
2489 2805 2542 2846 et
2567 2791 2842 2860 quomodo
2866 2790 3096 2858 spiritus
3129 2789 3220 2858 qui
3249 2804 3375 2842 cum

1793 2897 1934 2952 aqua
1979 2885 2142 2939 simul
2185 2885 2454 2938 emittitur
2483 2900 2549 2940 ex
2579 2892 2725 2939 terra
2749 2925 2763 2950 ,
2799 2899 2908 2938 non
2944 2889 3126 2937 manet
3154 2883 3209 2936 in
3242 2897 3372 2952 pro-

1790 2971 1960 3032 fundo
1989 2976 2143 3032 lacus
2164 3015 2179 3041 ,
2206 2977 2300 3032 sed
2327 2976 2478 3031 bulla
2505 2975 2685 3032 factus
2706 2991 2929 3031 sursum
2957 2975 3205 3030 excurrit
3228 2974 3295 3028 ad
3322 2973 3375 3027 id

1789 3067 1938 3132 quod
1969 3074 2056 3121 est
2080 3065 2185 3121 sibi
2211 3066 2546 3136 cognatione
2578 3066 2936 3135 conjunctum
2969 3085 2980 3119 :
3009 3075 3064 3120 et
3093 3079 3217 3118 cum
3252 3077 3376 3132 per-

1794 3156 1999 3210 vaserit
2023 3172 2200 3226 usque
2226 3157 2293 3210 ad
2328 3170 2599 3212 summam
2630 3171 2786 3227 aqua:
2816 3143 3163 3226 superficiem
3183 3195 3198 3220 ,
3235 3155 3374 3208 aeri-

1793 3262 1900 3316 que
1933 3248 2094 3302 mista
2120 3246 2315 3312 fuerit,
2342 3256 2471 3302 tunc
2497 3246 2706 3302 desinit
2731 3262 2954 3305 sursum
2984 3245 3192 3301 moveri
3224 3239 3252 3298 ε’
3268 3245 3375 3298 tale

1791 3334 2013 3403 quidem
2041 3334 2207 3388 etiam
2238 3334 2498 3390 usuveuit
2525 3335 2724 3388 animas
2749 3335 2938 3391 divina
2966 3334 3334 3405 perscrutanti
3356 3372 3372 3397 ,

1790 3432 2079 3494 postquam
2110 3439 2141 3478 a
2169 3425 2336 3481 rebus
2382 3425 2737 3481 inferioribus
2780 3441 2842 3481 se
2885 3424 3133 3481 extendit
3163 3424 3230 3477 ad
3279 3440 3374 3479 su»

1792 3530 2087 3586 pernarum
2130 3530 2315 3570 rerum
2359 3517 2766 3588 cognitionem,
2813 3524 3003 3586 utpote
3083 3532 3206 3586 quae
3247 3531 3372 3570 cum

1789 3602 2266 3674 comprehenderit
2293 3605 2567 3659 miracula
2591 3606 2715 3675 ejus
2740 3606 3074 3675 operationis
3094 3647 3108 3670 ,
3141 3606 3373 3660 ulterius

1789 3697 2007 3750 curiose
2035 3696 2333 3751 scrutando
2364 3695 2570 3752 desinit
2604 3695 2894 3768 progredi,
2931 3696 3028 3752 sed
3061 3696 3240 3765 ipsum
3275 3695 3375 3749 ad-

1790 3787 2023 3840 miratur
2049 3793 2104 3841 et
2130 3787 2558 3856 contemplatur,
2595 3788 2690 3857 qui
2727 3802 2826 3856 per
2859 3801 2923 3841 ea
2952 3800 3076 3856 qua:
3103 3795 3368 3855 operatur

1789 3892 1913 3938 esse
1939 3878 2314 3949 cognoscitur.
2352 3877 2513 3933 Videt
2539 3879 2822 3934 caelestem
2861 3877 3329 3948 pulchritudinem
3353 3917 3368 3940 ,

1790 3969 2140 4024 luminarium
2164 3969 2515 4040 splendorem
2537 4012 2552 4036 ,
2577 3971 2812 4026 celerem
2846 3971 2954 4040 puli
2981 3969 3370 4023 circumactio-

1787 4073 1936 4124 nem,
1966 4059 2276 4115 ordinatam
2308 4069 2362 4116 et
2393 4075 2770 4128 numerosam,
2795 4067 3071 4116 astrorum
3105 4057 3370 4122 ambitus,

1784 4151 1881 4224 qui
1909 4152 2098 4208 orbem
2133 4167 2378 4208 annuum
2410 4160 2655 4224 quatuor
2686 4152 3030 4222 temporibus
3059 4151 3115 4205 in
3144 4165 3203 4205 se
3235 4165 3370 4203 con-

1783 4252 2006 4298 vertunt
2035 4260 2048 4296 :
2078 4252 2286 4300 terram
2315 4261 2438 4315 qua:
2470 4245 2640 4301 simul
2671 4244 2906 4298 aflicitur
2941 4257 3066 4297 cum
3112 4256 3179 4296 eo
3217 4241 3366 4310 quod

88 4334 372 4404 κειμένων
400 4339 664 4406 κινήσεως
699 4338 800 4401 τὰς
836 4339 972 4402 ἰδίας
1013 4338 1294 4408 ἐνεργείας
1329 4339 1561 4403 συνεξαλῖ

1896 4337 1990 4400 ait,
2022 4344 2230 4392 etcum
2265 4335 2577 4392 differentia
2626 4345 2810 4390 motus
2871 4347 3241 4404 supernorum
3294 4331 3369 4386 si-

88 4443 324 4491 σουσαν,
355 4428 452 4491 τάς
485 4445 544 4482 τε
583 4428 880 4493 πολυειδεῖς
917 4429 977 4482 ἐν
1008 4433 1121 4494 τοῖς
1151 4430 1309 4495 ζώοις
1336 4431 1544 4500 φύσεις,

1894 4443 1982 4482 um
2028 4428 2190 4482 simul
2245 4428 2410 4482 etiam
2459 4434 2637 4481 mutat
2676 4426 3059 4495 operationes;
3095 4432 3149 4479 et
3185 4423 3367 4477 multi-

81 4535 154 4572 τε
200 4518 326 4571 καθ’
373 4519 579 4574 ὑδάτων
621 4521 1020 4591 διαιτωμένων,
1057 4523 1152 4574 καὶ
1201 4522 1310 4577 τῶν
1357 4523 1457 4594 τὴν
1501 4525 1554 4576 άέ

1892 4533 1958 4574 :es
1986 4528 2212 4573 naturas
2242 4519 2600 4572 animantium
2620 4559 2634 4584 ,
2667 4525 2721 4572 et
2746 4531 2936 4573 eorum
2969 4533 3091 4584 quae
3121 4516 3176 4570 in
3206 4516 3365 4585 aquis

85 4609 478 4678 ἀπολαχόντων
511 4611 704 4680 φορὰν,
734 4611 830 4664 καὶ
857 4607 940 4676 οἷς
975 4615 1227 4684 χερσαῖος
1255 4615 1284 4666 ὁ
1313 4612 1426 4682 βίος
1449 4629 1462 4643 ·
1497 4613 1558 4666 τά

1892 4616 2025 4672 unt,
2061 4617 2116 4664 et
2157 4609 2360 4680 quibus
2393 4619 2576 4666 motus
2604 4611 2774 4666 cessit
2797 4611 2854 4664 in
2889 4624 3047 4674 aere,
3074 4619 3128 4664 et
3157 4624 3280 4678 qua:
3311 4611 3364 4662 in

85 4698 444 4762 παντοδαπὰς
498 4700 609 4753 τῶν
655 4701 835 4769 φυτῶν
901 4702 1078 4766 ίδέας,
1137 4703 1231 4756 καὶ
1278 4704 1379 4765 τὰς
1433 4720 1558 4756 ποικ

1889 4701 1950 4754 -is
1976 4702 2143 4754 vitam
2172 4713 2371 4772 agunt:
2426 4709 2481 4757 et
2524 4703 2708 4756 omnia
2759 4702 3070 4771 plantarum
3123 4715 3362 4771 genera,

83 4790 268 4860 ﬁdae,
296 4790 561 4861 ποιότητι,
609 4794 704 4845 καὶ
735 4793 982 4863 δυνάμει,
1018 4795 1112 4847 καὶ
1156 4797 1391 4865 σχήματι
1436 4793 1679 4865 ἀλλήλων

82 4881 486 4952 διαφερούσας,
539 4884 634 4936 καὶ
677 4884 777 4948 τὰς
821 4884 930 4938 τῶν
976 4885 1202 4956 καρπῶν
1247 4903 1307 4938 τε
1352 4886 1445 4939 καὶ
1487 4884 1678 4956 χυμῶν

86 4975 386 5045 ἰδιότητας,
419 4978 511 5030 καὶ
546 4978 614 5030 τὰ
647 4977 801 5042 ἄλλα,
832 4977 897 5030 δι’
935 4971 1011 5032 ὧν
1042 4980 1076 5049 ή
1112 4979 1361 5049 ἐνέργεια
1395 4977 1490 5030 τοῦ
1540 4975 1675 5031 Θεοῦ

82 5064 473 5129 διαδείκνυται,
524 5065 795 5136 βλέπουσα
838 5068 871 5138 ἡ
923 5067 1091 5139 ψυχὴ,
1131 5067 1221 5122 διὰ
1264 5067 1360 5122 τοῦ
1402 5068 1678 5138 θαύματος

82 5155 202 5208 τῶν
233 5157 573 5226 φαινομένων
597 5157 976 5226 ἀναλογίζεται
1006 5161 1071 5230 τῇ
1098 5159 1303 5230 διανοίᾳ
1330 5159 1422 5212 τὸν
1450 5159 1538 5213 διὰ
1566 5161 1674 5215 τῶν

85 5246 271 5317 ἔργων
301 5236 590 5318 νοούμενον
621 5249 704 5302 ὅτι
731 5250 906 5304 ἐστιν.
933 5252 1093 5314 Ἴσως
1119 5250 1176 5303 δὲ
1213 5249 1354 5303 κατὰ
1376 5249 1467 5303 τὸν
1505 5249 1676 5306 αἰῶνα

82 5338 180 5392 τὸν
211 5337 495 5408 μέλλοντα,
521 5341 651 5394 ὅταν
677 5343 924 5414 παρέλθῃ
969 5344 1078 5395 πᾶν
1114 5342 1174 5396 τὸ
1207 5341 1505 5412 ὁρώμενον,
1535 5343 1677 5396 κατὰ

82 5431 188 5500 τὴν
219 5429 313 5483 τοῦ
348 5431 554 5502 Κυρίου
587 5433 792 5504 φωνὴν,
823 5434 882 5496 ὃς
912 5451 1074 5502 φησιν
1097 5449 1112 5466 ο
1149 5434 1210 5487 '0
1239 5433 1498 5501 οὐρανὸς
1521 5434 1676 5501 καὶὴ

84 5520 165 5590 τῆ
196 5523 679 5589 παρελεύσονται
699 5540 713 5556 ο
742 5525 814 5578 τὰ
837 5525 900 5577 δὲ
924 5524 1162 5594 ῥήματά
1177 5544 1296 5595 μου
1319 5527 1391 5580 οὐ
1419 5524 1505 5594 μὴ
1539 5542 1679 5594 παρ-

85 5611 468 5676 ελεύσονται,
498 5615 588 5668 καὶ
618 5618 699 5679 εἰς
729 5617 943 5687 ἐκείνην
991 5619 1334 5689 μετέλθωμεν
1377 5617 1474 5688 τὴν
1507 5619 1674 5689 ζωὴν,

168 5721 209 5752 ⁸⁵
241 5723 438 5776 Matth.
463 5739 612 5799 xxiv1
636 5727 726 5780 55.

1785 4801 1840 4848 et
1882 4792 2079 4848 herbas
2123 4795 2342 4858 varias,
2370 4795 2636 4864 qualitate
2659 4803 2713 4849 et
2741 4796 2945 4847 virtute
3016 4800 3070 4847 et
3113 4793 3285 4861 figura
3331 4807 3362 4845 a

1788 4899 1848 4939 se
1891 4885 2121 4938 invicem
2167 4885 2522 4953 differentes,
2566 4885 2956 4954 fructuumque
2996 4891 3051 4938 et
3102 4897 3362 4952 saporum

1789 4975 2192 5045 proprietates,
2226 4983 2282 5030 et
2319 4991 2441 5046 qua:
2485 4991 2581 5046 per
2627 4991 2689 5032 ea
2735 4991 2858 5047 qua:
2903 4981 3258 5043 operantura
3303 4988 3362 5029 se

1787 5068 2020 5122 invicem
2067 5066 2331 5122 distincta
2376 5067 2767 5133 ostenduntur,
2812 5065 3090 5135 aspiciens
3139 5065 3358 5129 anima,

1779 5175 1875 5231 per
1901 5158 2228 5213 miraculum
2265 5174 2459 5215 eorum
2486 5176 2612 5230 quae
2650 5167 2934 5232 apparent,
2965 5168 3145 5212 mente
3178 5165 3362 5211 versat

1779 5263 1832 5309 et
1859 5252 2172 5308 considerat
2209 5266 2333 5305 eum
2389 5252 2482 5321 qui
2517 5268 2583 5307 ex
2621 5253 2905 5322 operibus,
2954 5251 3098 5321 quod
3139 5251 3232 5312 sit,
3277 5250 3360 5304 in-

1781 5344 2068 5415 telligitur.
2115 5339 2280 5396 Forte
2333 5348 2514 5396 autem
2563 5343 2618 5395 in
2669 5342 2854 5398 futuro
2895 5343 3097 5398 saeculo
3139 5341 3362 5410 quando

1781 5431 2046 5506 quidquid
2074 5431 2288 5486 videtur
2324 5430 2650 5500 praeterierit
2680 5434 3071 5488 convenienter
3104 5431 3222 5485 voci
3254 5430 3359 5482 Do-

1787 5527 1918 5581 mini
1957 5546 1969 5580 :
2001 5525 2203 5579 Culum
2235 5534 2283 5576 et
2313 5532 2458 5576 terra
2485 5523 2789 5577 transibunt
2817 5539 2833 5575 :
2860 5525 3014 5578 verba
3040 5535 3212 5579 autem
3241 5540 3354 5577 mea

1791 5634 1891 5671 non
1933 5614 2229 5668 transibunt
2253 5613 2299 5645 “
2329 5630 2342 5667 :
2373 5619 2427 5668 ct
2455 5610 2521 5666 ad
2554 5611 2700 5665 illam
2745 5612 2911 5666 vitam
2945 5613 3351 5668 transierimus.
