3756 5988
366 207 497 269 1011

1677 216 1735 272 S.
1766 210 2088 272 GREGORII
2126 210 2420 283 NYSSENl

3470 218 3600 274 10Ιῖ

369 340 493 396 quae
523 333 578 383 et
599 325 778 384 visum
803 339 1048 391 superat,
1080 336 1133 383 et
1158 328 1404 383 auditum
1427 336 1482 384 et
1511 330 1852 400 cogitatione]

2113 330 2249 401 ὑπὲρ
2295 330 2572 402 ὀφθαλμόν
2614 331 2673 385 τέ
2715 332 2953 386 ἐστικαὶ
2991 331 3159 404 ἀκοὴν
3203 332 3295 386 καί
3337 332 3596 386 διάνοιαν·

370 425 501 472 tunc
527 431 638 472 non
666 418 901 488 amplius
929 433 998 479 ex
1030 431 1184 489 parte
1218 435 1316 489 per
1348 420 1724 488 operationem
1750 433 1943 476 eorum

368 518 492 577 quae
540 516 850 562 cernuntur
894 508 1022 562 boni
1063 516 1319 562 naturam
1369 522 1729 579 agnoscemus
1750 507 1832 572 “,
1885 516 1946 562 ut

369 609 519 653 nunc
560 598 639 662 iit,
678 612 780 652 nec
807 612 875 653 ex
918 613 1109 653 eorum
1140 614 1262 668 quae
1291 605 1572 669 apparent,
1604 599 1941 669 Operatione,

368 686 710 758 intelligetur
748 688 803 744 id
846 688 993 759 quod
1036 689 1408 759 supereminet
1440 706 1454 743 :
1483 688 1579 746 sed
1625 688 1785 743 aliter
1827 702 1945 741 om-

371 777 504 832 nino
554 778 1054 850 comprehendetur
1101 780 1392 837 ineffabilia
1444 795 1618 851 genus
1652 781 1945 836 beatitudi-

371 867 478 930 nis,
510 875 564 921 et
589 868 696 921 alia
727 868 851 938 ejus
881 867 1128 923 fruendae
1161 870 1322 934 ratio,
1355 868 1516 938 cujus
1544 884 1654 923 non
1686 876 1773 925 est
1796 883 1946 924 nunc

371 972 432 1012 ea
460 964 659 1012 natura
681 966 741 1014 ut
765 959 1028 1015 ascendat
1054 959 1111 1014 in
1142 972 1239 1014 cor
1271 959 1532 1016 hominis.
1563 952 1724 1015 Nunc
1762 967 1945 1015 tamen

372 1053 641 1121 tantisper
692 1052 890 1107 animae
924 1058 1131 1109 nostrae
1160 1052 1375 1121 positus
1414 1057 1500 1107 est
1539 1050 1628 1107 hic
1677 1050 1947 1106 terminus

372 1142 708 1214 cognitionis
735 1143 908 1210 illius,
938 1145 1032 1215 qui
1057 1143 1349 1200 ineﬂ‘ahiiis
1382 1150 1488 1209 est,
1519 1143 1641 1213 ejus
1671 1143 1943 1214 operatio,

372 1248 494 1302 quae
524 1233 579 1286 in
602 1233 767 1289 rebus
796 1234 1000 1290 creatis
1028 1241 1273 1305 apparet,
1296 1247 1460 1304 quam
1492 1232 1703 1303 tropice
1727 1247 1945 1286 manum

374 1323 481 1377 dici
531 1323 923 1380 intelleximus.
973 1324 1091 1380 Hoc
1118 1340 1249 1396 ergo
1292 1324 1452 1379 nobis
1477 1323 1676 1395 dogma
1706 1322 1948 1392 philoso-

374 1415 535 1485 phice
584 1425 671 1472 est
716 1417 978 1473 traditum
1028 1433 1126 1488 per
1164 1418 1282 1472 haec
1334 1416 1520 1471 divina
1563 1416 1804 1484 eloquia,
1854 1429 1951 1484 per

375 1521 498 1575 qum
545 1521 685 1575 pura
740 1510 943 1572 anima,
990 1514 1047 1563 et
1092 1522 1201 1562 non
1249 1506 1484 1576 amplius
1532 1506 1843 1575 ingrediens
1894 1504 1950 1558 in

376 1597 492 1650 vita
524 1604 742 1651 terrena
770 1603 826 1651 et
852 1596 1146 1663 materiali,
1181 1611 1250 1652 ne
1280 1609 1382 1651 sua
1412 1595 1663 1664 inquinet
1694 1593 1948 1663 vestigia,

2043 423 2163 479 τότε
2191 423 2375 476 οὐκέτι
2412 423 2478 477 ἐκ
2509 422 2708 495 μέρους
2737 423 2825 477 διὰ
2855 425 2964 478 τῶν
2996 424 3173 494 ἔργων
3205 425 3602 494 ἐπιγνωσόμεω

2042 512 2142 578 τὴν
2176 511 2270 565 τοῦ
2298 511 2501 581 ἀγαθοῦ
2527 512 2709 580 φύσιν,
2737 512 2927 585 ὥσπερ
2965 515 3059 568 καί⁸
3084 512 3181 567 νῦν
3204 534 3217 546 ·
3247 515 3369 567 οὐδὲ
3403 514 3487 567 διὰ
3512 515 3605 583 τῆς

2042 601 2151 655 τῶν
2178 602 2519 672 φαινομένων
2541 603 2823 674 ἐνεργείας
2847 604 2909 657 τὸ
2940 604 3336 674 ὑπερκείμενον
3365 604 3608 673 νοηθήσε-

2044 704 2133 745 ται
2154 707 2168 722 ο
2212 690 2325 745 ἀλλ’
2360 690 2566 764 ἑτέρως
2611 691 3089 764 καταληφθήσεται
3133 693 3351 756 πάντως
3388 691 3451 744 τὸ
3485 687 3608 753 εἶδος

2044 781 2146 851 τῆς
2185 782 2461 853 ἀφράστου
2506 785 2925 856 μακαριότητος,
2966 784 3059 839 καί¹
3093 783 3250 848 ἄλλος
3288 785 3487 854 τρόπος
3519 785 3610 852 τῆς

2045 870 2422 937 ἀπολαύσεως,
2442 872 2502 936 ὃς
2530 874 2623 927 νῦν
2643 874 2734 927 ἐπὶ
2756 874 2983 944 καρδίαν
3003 873 3289 951 ἀνθρώπου
3311 872 3610 927 ἀναϐαίνειν

2051 957 2210 1028 φύσιν
2249 958 2348 1012 ούκ
2390 959 2524 1030 ἔχει.
2554 961 2704 1024 Τέως
2741 961 2799 1015 δὲ
2833 961 2927 1016 νῦν
2961 964 3085 1034 ὄρος
3114 964 3177 1033 τῇ
3207 961 3354 1032 ψυχῇ
3393 962 3492 1031 τῆς
3524 961 3610 1015 τοῦ

2047 1048 2329 1119 ἀφράστου
2367 1048 2620 1118 γνώσεώς
2666 1053 2813 1105 ἐστιν
2850 1053 2883 1123 ἠ
2917 1052 3290 1122 ἐμφαινομένη
3332 1053 3449 1115 τοῖς
3480 1047 3613 1104 οὖσιν

2047 1138 2332 1210 ἐνέργεια,
2379 1142 2446 1210 ἢν
2493 1144 2650 1212 χεῖρα
2689 1141 2946 1209 λέγεσθαι
2991 1143 3268 1213 τροπικῶς
3304 1142 3612 1212 ἐνοήσαμεν.

2049 1230 2220 1286 Τοῦτο
2247 1231 2425 1286 τοίνυν
2455 1233 2585 1303 ἡμῖν
2610 1232 2670 1286 τὸ
2693 1232 2868 1303 δόγμα
2888 1233 2975 1287 διὰ
2996 1234 3104 1286 τῶν
3133 1233 3294 1287 θείων
3318 1232 3520 1286 τούτων
3537 1232 3618 1284 λο-

2048 1320 2182 1390 γίων
2212 1321 2660 1393 πεφιλοσόφηται,
2680 1324 2745 1377 δι’
2776 1318 2851 1378 ὧν
2872 1325 2907 1394 ἠ
2941 1323 3159 1393 καθαρά
3189 1323 3356 1393 ψυχὴ,
3385 1324 3480 1376 καὶ
3503 1323 3619 1376 οὐκ·

2050 1412 2132 1466 ἑτι
2167 1412 2262 1466 τοῦ
2301 1414 2492 1483 γηῒνου
2541 1430 2598 1465 τε
2657 1413 2755 1467 καὶ
2808 1413 2992 1468 ύλικοῢ
3040 1413 3155 1483 βίου
3198 1412 3616 1474 ὲπιΰατεύουσα,

2005 1561 2011 1568 θ
2051 1503 2139 1557 ἵνα
2169 1503 2246 1572 μὴ
2282 1502 2487 1574 μολύνῃ
2526 1504 2723 1574 ἑαυτῆς
2749 1503 2813 1557 τὸ
2855 1504 2998 1574 ῐχνος
3035 1506 3148 1568 τοῖς
3184 1505 3336 1559 κάτω
3363 1502 3620 1574 ἐνερειδο-

2056 1594 2215 1663 μένη,
2249 1593 2665 1664 προσδοκήκασα
2686 1593 2847 1648 αὐτὸν
2870 1593 3231 1660 ὑποδέξασθαι
3251 1593 3345 1647 τὸν
3374 1593 3617 1663 νυμφίον,

378 1686 434 1741 in
469 1687 634 1743 rebus
678 1688 944 1744 insistens
981 1686 1359 1753 inferioribus,
1393 1695 1720 1755 exspectans
1749 1683 1861 1740 fore

2137 1657 2267 1735 νέν
2402 1657 2536 1753 οἴκῲ
2574 1682 2863 1752 γενόμενον
2883 1698 2895 1713 ο
2926 1657 3178 1752 ἠγάπησε
3221 1682 3380 1751 μόνον
3408 1657 3540 1742 τέως
3567 1681 3620 1731 ἐν

376 1786 551 1832 totum
580 1779 858 1848 exciperet
885 1792 1149 1848 sponsum
1182 1777 1405 1833 domum
1440 1778 1748 1847 ingressum
1775 1792 1788 1829 :
1815 1789 1955 1844 pra:-

376 1868 526 1930 ciare
570 1881 755 1922 secum
808 1867 896 1937 agi
941 1866 1291 1931 existimavit,
1339 1867 1386 1921 si
1438 1867 1615 1921 solum
1656 1880 1755 1935 per
1794 1863 1950 1920 fene-

379 1965 549 2013 stram
602 1971 825 2012 manum
875 1957 1205 2027 aspexisset,
1260 1973 1358 2027 per
1415 1971 1578 2026 quam
1628 1956 1956 2025 intelligitur

378 2050 558 2104 virtus
599 2047 721 2119 ejus
755 2062 1009 2118 operans.
1042 2047 1316 2101 Patruelis
1354 2063 1523 2111 metu,
1571 2045 1772 2115 inquit,
1812 2044 1953 2098 misit

380 2152 600 2192 manum
641 2153 798 2192 suam
847 2153 940 2206 per
991 2137 1251 2206 foramen.
1305 2136 1424 2191 Non
1466 2136 1612 2190 enim
1648 2143 1828 2204 potest
1872 2134 1955 2188 vis

382 2226 624 2283 humana
668 2229 727 2283 in
777 2223 842 2284 se'
885 2228 1131 2298 recipere
1177 2235 1428 2282 naturam
1481 2226 1750 2281 inﬁnitam
1783 2233 1839 2280 et
1870 2223 1957 2278 in-

381 2320 956 2391 comprehensibiiem.
1026 2318 1216 2374 Venter
1279 2329 1454 2375 autem
1516 2334 1699 2380 meus,
1743 2316 1953 2386 inquit,

383 2419 674 2463 commotus
724 2416 801 2462 est
836 2408 893 2462 in
924 2409 1116 2478 ipsum.
1145 2407 1353 2464 Nomen
1398 2407 1530 2461 illud
1571 2405 1957 2461 eommotionis

382 2500 656 2571 significat
689 2499 982 2571 quemdam
1016 2508 1300 2571 stuporem
1333 2507 1389 2555 et
1430 2497 1958 2579 admirationemob

382 2589 708 2644 miraculum
738 2588 887 2660 quod
920 2590 1193 2659 apparuit.
1231 2587 1500 2645 Universa
1529 2590 1675 2643 enim
1705 2587 1828 2658 ejus
1859 2602 1959 2644 θος

382 2676 592 2748 gitandi
643 2687 700 2733 et
755 2678 1101 2749 intelligendi
1146 2677 1383 2734 facultas
1435 2686 1707 2733 commota
1751 2684 1836 2733 est
1889 2677 1957 2732 ad

386 2769 711 2823 miraculum
749 2784 940 2824 eorum
972 2783 1096 2840 quae
1128 2783 1227 2839 per
1260 2782 1482 2823 manum
1511 2767 1751 2823 divinam
1781 2781 1958 2837 agun-

385 2865 517 2913 tur:
554 2874 789 2931 quorum
825 2861 1192 2917 consideratio
1232 2859 1526 2915 humanam
1562 2872 1827 2926 superans
1858 2871 1956 2912 na-

2052 1773 2158 1843 ὁπῇ
2205 1771 2304 1842 τὴν
2360 1775 2519 1844 χεῖρα
2574 1773 2907 1840 θεάσασθαι,
2958 1774 3026 1827 δι’
3073 1769 3142 1845 ἧς
3191 1771 3551 1843 ἑρμηνεύεται
3590 1771 3621 1840 ἡ

2054 1863 2376 1934 ἐνεργητικὴ
2412 1863 2577 1918 αὐτοῦ
2610 1863 2856 1934 δύναμις.
2898 1863 3245 1933 magnetem
3270 1880 3415 1933 μου,
3447 1862 3622 1931 φησὶν,

2053 1954 2376 2009 ἀπέστειλε
2402 1954 2519 2022 τὴν
2541 1953 2708 2025 χεῷα
2732 1957 2918 2009 αὐτοῦ
2952 1953 3051 2008 διὰ
3078 1953 3189 2022 τῆς
3211 1951 3389 2021 ὀπῆς.
3421 1951 3494 2004 Ού
3523 1951 3625 2019 γὰρ

2056 2046 2222 2115 χωρεῖ
2272 2046 2307 2114 ἡ
2364 2044 2675 2114 ἀνθρωπίνη
2739 2043 2967 2113 δύναμις
3010 2042 3108 2114 τὴν
3145 2040 3397 2112 ἀόριστόν
3443 2056 3504 2093 τε
3537 2039 3626 2091 καί

2055 2133 2425 2204 ἀπερίληπτον
2455 2132 2614 2201 φύσιν
2647 2135 2705 2186 ἐν
2727 2134 2890 2204 ἑαυτῇ
2923 2131 3196 2196 δέξασθαι.
3233 2131 3308 2186 Ἡ
3338 2128 3407 2182 δὲ
3437 2129 3627 2182 κοιλία

2049 2242 2191 2295 μου,
2233 2226 2426 2295 φησιν,
2479 2224 2730 2293 ἐθροήθη
2779 2224 2872 2277 ἐπ’
2919 2223 3107 2277 αὐτόν
3127 2264 3142 2280 .
3185 2218 3486 2290 Ἐκπληξίν
3514 2234 3627 2270 τινα

2056 2316 2150 2373 καὶ
2180 2316 2428 2387 ξενισμὸν
2460 2316 2713 2387 σημαίνει
2733 2316 2825 2368 ἐπὶ
2844 2313 2923 2384 τῷ
2944 2312 3164 2383 φανέντι
3182 2310 3421 2382 θαύματι
3454 2310 3516 2363 τὸ
3534 2309 3626 2378 τῆς

2057 2410 2332 2481 θροὴσεως
2385 2408 2574 2479 ὄνομα.
2635 2408 2792 2461 Πᾶσα
2852 2405 2962 2476 γὰρ
3020 2404 3189 2474 αὐτῆς
3235 2404 3270 2473 ἡ
3318 2400 3624 2470 διανοητικὴ

2056 2500 2280 2569 δύναμις
2310 2499 2632 2570 συνεκινήθη
2659 2498 2794 2569 πρὸς
2823 2498 2884 2552 τὸ
2911 2496 3095 2566 θαῦμα
3120 2495 3227 2550 τῶν
3250 2494 3339 2548 διά
3363 2494 3464 2564 τῆς
3486 2492 3629 2554 θείας

2057 2591 2235 2662 χειρὸς
2264 2591 2665 2663 ἐνεργουμένων
2684 2608 2696 2620 ·
2732 2582 2808 2644 ὧν
2841 2591 2875 2660 ἡ
2906 2588 3231 2658 κατανόησις
3261 2584 3627 2657 ὑπερκειμένη

2057 2682 2118 2734 τὸ
2143 2681 2522 2752 ἀκατάληπτον
2541 2698 2599 2734 τε
2624 2681 2716 2735 καὶ
2738 2679 3019 2751 ἀχὼρητον
3044 2679 3141 2749 τῆς
3161 2676 3255 2730 τοῦ
3285 2674 3629 2748 ἐνεργοῦντος

2058 2773 2273 2843 φύσεως
2312 2772 2379 2826 δι’
2407 2772 2606 2843 ἑαυτῆς
2642 2770 2955 2843 ἐρμηνεύει.
2997 2769 3156 2823 Πᾶσα
3188 2766 3296 2837 γὰρ
3334 2767 3369 2836 ὴ
3400 2762 3513 2818 τῶν
3552 2765 3631 2817 δν-

2057 2880 2165 2917 των
2193 2863 2369 2926 κτίσις
2390 2863 2491 2932 τῆς
2516 2862 2698 2933 χειρὸς
2724 2861 2939 2932 ἐκείνης
2970 2860 3069 2930 τῆς
3102 2858 3191 2912 διὰ
3214 2858 3315 2927 τῆς
3334 2854 3476 2923 ὀπῆς
3506 2856 3630 2924 ἡμῖν

388 2959 587 3015 turam,
628 2966 726 3021 per
766 2967 827 3008 se
869 2952 1268 3022 interpretatur
1304 2949 1700 3020 comprehendi
1741 2958 1797 3003 et
1838 2964 1869 3004 c

2151 2954 2467 3026 νερωθείσης
2507 2954 2666 3025 ἔργον
2700 2954 2865 3018 ἐστὶν,
2914 2952 2990 3016 ὼς
3033 2950 3062 3004 ὁ
3110 2949 3361 3018 Ἰωάννης
3403 2948 3503 3017 βοᾷ
3554 2942 3634 2997 λέ-

386 3055 499 3095 ιιοιι
537 3056 702 3110 posse
733 3050 986 3096 naturam
1021 3043 1146 3109 ejus
1188 3041 1284 3111 qui
1323 3047 1604 3110 operatur.
1648 3037 1787 3093 Nam
1837 3039 1964 3094 uni-

390 3144 551 3186 versa
584 3145 798 3197 eorum,
831 3146 953 3202 quae
987 3139 1141 3197 sunt,
1165 3137 1443 3193 creatura,
1477 3136 1562 3185 est
1590 3144 1730 3199 opus
1773 3145 1967 3186 manus

389 3221 541 3276 illius
578 3236 703 3291 quae
735 3223 992 3291 apparuit
1026 3237 1124 3292 per
1168 3219 1436 3283 foramen,
1479 3228 1542 3274 ut
1586 3218 1825 3274 Joannes
1856 3221 1970 3275 cia-

391 3320 507 3366 mat
540 3312 594 3366 in
621 3310 939 3381 Evangeiio,
972 3320 1027 3368 et
1058 3312 1321 3383 propheta
1346 3310 1426 3366 illi
1457 3310 1806 3380 suil‘ragatur.
1832 3310 1969 3367 Nam

392 3404 485 3458 ille
524 3402 745 3474 quidem
785 3403 960 3460 dicit:
997 3405 1192 3459 Omnia
1236 3420 1330 3473 per
1365 3405 1537 3473 ipsum
1568 3403 1713 3471 facta
1754 3412 1877 3457 sunt
1902 3403 1967 3455 ‘7.

392 3494 668 3566 Propheta
719 3506 902 3551 autem
955 3497 1205 3556 nominat
1248 3510 1472 3550 manum
1517 3493 1840 3551 eiIicientem
1886 3510 1973 3550 eo-

394 3599 516 3640 rum
549 3599 672 3655 quae
712 3592 864 3650 sunt,
894 3586 1176 3651 virtutem,
1207 3584 1434 3641 dicens:
1465 3582 1662 3639 Manus
1705 3602 1822 3640 mea
1849 3585 1973 3654 fecit

396 3675 506 3730 haec
537 3677 719 3731 omnia
736 3676 805 3729 ⁸³.
860 3673 919 3730 Si
949 3692 1082 3748 ergo
1109 3690 1275 3747 opera
1323 3677 1478 3731 illius
1517 3675 1877 3746 operationis,
1921 3685 1976 3730 et

397 3768 504 3823 alia
533 3769 741 3835 omnia,
783 3778 837 3824 et
862 3769 1143 3825 cmlestem
1192 3767 1684 3837 pulchritudinem,
1728 3767 1973 3821 nondum

396 3856 816 3926 comprehendit
846 3856 1132 3925 inquirens
1164 3855 1405 3909 hominis
1439 3854 1819 3925 intelligentia,
1844 3854 1976 3926 quid

397 3946 472 4001 sit
496 3946 660 4002 homo
692 3947 998 4002 secundum
1032 3945 1351 4008 essentiam,
1388 3945 1472 4000 vel
1504 3945 1608 4008 sol,
1651 3946 1738 3999 vel
1771 3945 1977 4016 aliquid

399 4045 466 4090 ex
501 4036 573 4091 iis
602 4051 728 4107 qua:
758 4037 815 4091 in
850 4036 1131 4092 creatione
1156 4041 1423 4105 apparent
1453 4034 1736 4093 miraculis
1768 4053 1782 4089 :
1816 4050 1881 4091 ea
1910 4038 1980 4092 de

402 4140 576 4183 causa
604 4133 980 4182 commovetur
1011 4141 1167 4181 mens
1196 4127 1456 4188 humana,
1491 4133 1549 4181 et
1582 4126 1822 4182 divinam
1851 4142 1979 4197 ope.

400 4218 670 4274 rationem
718 4219 971 4273 miratur.
1014 4217 1150 4272 Nam
1197 4218 1243 4275 si
1289 4219 1754 4288 comprehendere
1790 4223 1980 4290 nequit

2066 3063 2198 3115 γων,
2238 3046 2333 3099 καὶ
2359 3048 2387 3099 ὁ
2433 3047 2717 3119 προφήτης
2745 3044 2823 3115 τῷ
2860 3041 3174 3112 Εὐαγγελίφ
3209 3037 3632 3129 συμφθέγῖεται·

2080 3136 2140 3192 Ὀ
2177 3139 2276 3207 μὲν
2304 3138 2411 3209 γάρ
2449 3153 2639 3207 φησιν*
2669 3138 2754 3190 ὅτι
2788 3133 2993 3190 Πάντα
3035 3131 3110 3187 δι’
3148 3129 3334 3185 αὑτοῦ
3378 3126 3633 3196 ἐγένετο·
3722 3126 3723 3191 ξ

2068 3230 2098 3282 ὁ
2145 3227 2201 3281 δὲ
2238 3230 2520 3298 προφήτης
2561 3228 2716 3297 χεῖρα
2761 3222 3016 3294 ὀνομάζει
3054 3222 3151 3290 τὴν
3205 3217 3492 3287 ποιητικὴν
3538 3214 3637 3266 τῶν

2069 3312 2235 3372 ὄντων
2260 3314 2515 3387 δύναμιν,
2552 3314 2721 3369 είπών
2739 3332 2751 3345 ·
2799 3314 2860 3369 Ἠ
2886 3313 3015 3382 χείρ
3035 3329 3154 3380 μου
3178 3309 3429 3374 ἐποίησε
3455 3305 3640 3357 ταῦτα

2071 3408 2285 3464 πάντα.
2317 3406 2381 3461 Ei
2408 3403 2502 3461 οὖν
2528 3406 2598 3461 τά
2629 3405 2730 3475 τῆς
2760 3403 3038 3476 ἐνεργείας
3067 3402 3280 3471 ἐκείνης
3304 3398 3461 3468 ἔργα,
3486 3395 3559 3450 τά
3590 3409 3641 3447 τι

2071 3503 2207 3557 ἄλλα
2227 3501 2423 3565 πάντα,
2448 3502 2542 3555 καὶ
2570 3499 2637 3553 τὰ
2662 3498 2887 3571 οὐράνια
2908 3495 3101 3567 κάλλη,
3132 3491 3282 3547 οὔπω
3303 3491 3359 3544 δὲ
3390 3488 3641 3554 κατείλη-
3722 3488 3723 3495 “

2074 3610 2171 3663 φεν
2216 3593 2250 3661 ή
2292 3590 2556 3662 ζητητικὴ
2592 3588 2685 3642 τοῦ
2726 3585 3011 3659 ἀνθρώπου
3049 3583 3276 3640 διάνοια.
3316 3579 3368 3632 τί
3406 3575 3532 3632 κατ’
3562 3575 3644 3628 οἰ,-

2077 3685 2196 3739 σίαν
2223 3685 2253 3736 ό
2289 3681 2573 3753 ἄνθρωπός
2614 3681 2762 3733 ἐστιν
2784 3719 2799 3745 ,
2855 3676 2889 3748 ἢ
2926 3678 2955 3729 ὁ
2990 3674 3174 3746 ἥλιος,
3209 3671 3244 3741 ἢ
3286 3668 3412 3723 ἄλλο
3448 3683 3506 3719 τι
3546 3666 3643 3718 τῶν

2077 3772 2416 3843 φαινομένων
2459 3773 2517 3824 ἐν
2564 3773 2629 3841 τῇ
2669 3768 2846 3822 κτίσει
2890 3764 3183 3836 θαυμάτων
3207 3776 3220 3790 ·
3256 3759 3444 3813 τούτου
3492 3757 3643 3829 ῃὶρα

2078 3864 2313 3936 θροείται
2342 3862 2477 3933 πρὸς
2511 3861 2610 3931 τὴν
2645 3858 2794 3913 θείαν
2835 3854 3175 3926 ἐνέργειανή
3207 3849 3402 3920 καρδία
3423 3864 3435 3878 ·
3476 3847 3564 3936 ὅτι
3604 3843 3643 3894 εί

2076 3935 2252 4010 ταῦτα
2288 3952 2610 4008 καταλαϐεῖν
2647 3950 2709 4003 οὐ
2737 3948 2932 4021 χωρεῖ,
2966 3945 3082 4008 πῶς
3111 3944 3210 4011 τὴν
3247 3935 3644 4009 ὑπερκειμένην

2078 4043 2280 4098 τούτων
2311 4040 2674 4112 καταλήψεται
2720 4038 2915 4107 φύσινς
2950 4035 3103 4106 Τάχα
3136 4034 3191 4088 δέ
3229 4050 3315 4095 τις
3347 4030 3439 4084 καὶ
3478 4028 3644 4088 ἄλλως

2082 4132 2397 4205 μεταλαϐὼν
2440 4132 2507 4185 τὰ
2547 4131 2657 4185 τῶν
2692 4128 2995 4202 εἰρημένων
3041 4126 3373 4196 αἰνίγματα,
3418 4122 3520 4175 οὐκ
3553 4118 3654 4185 ἔξωΔ

2080 4225 2172 4280 τοῦ
2201 4225 2407 4288 εἰκότος
2441 4223 2700 4294 προσάξει
2736 4222 2836 4292 τὴν
2865 4219 3118 4291 θεωρίαν.
3194 4244 3199 4253 ί

401 4309 529 4372 ista,
565 4307 1028 4379 quemadmodum
1073 4306 1497 4376 comprehendet
1530 4324 1674 4372 eam.
1713 4326 1837 4380 qua:
1884 4323 1970 4368 est
2034 4315 2144 4371 iiiis
2211 4316 2482 4385 superior,
2538 4313 2826 4367 naturam?
2872 4309 3036 4365 Forte
3084 4315 3265 4363 autem
3299 4308 3461 4361 etiam
3516 4301 3648 4355 alius

404 4403 680 4473 quispiam
709 4403 766 4457 in
803 4402 967 4457 aliam
994 4402 1324 4457 sententiam
1367 4403 1610 4474 acceptis
1648 4420 1836 4460 eorum
1900 4424 2021 4477 qua:
2059 4408 2202 4464 dicta
2245 4418 2374 4465 sunt
2436 4406 2836 4478 aenigmatihus.
2857 4418 2967 4459 non
2997 4403 3066 4457 ab
3094 4415 3161 4456 eo
3182 4397 3329 4469 quod
3356 4405 3441 4451 est
3466 4393 3651 4449 verisi-

405 4495 554 4558 mile,
581 4502 848 4548 remotam
877 4493 1043 4549 faciet
1077 4494 1595 4564 contempiationem
1626 4494 1726 4565 (a).

475 4584 730 4639 Arbitror
755 4585 902 4639 enim
930 4598 1029 4654 per
1054 4599 1272 4654 sponsa:
1298 4584 1520 4640 domum
1546 4585 1775 4657 intelligi
1806 4594 1958 4645 totan

2165 4585 2321 4660 Οἶμαι
2351 4588 2458 4657 γὰρ
2488 4583 2653 4643 οἷκονκ
2673 4586 2910 4642 νοεῖσθαι
2940 4568 3037 4654 τῆς
3077 4582 3295 4651 νύμφης
3339 4581 3519 4632 πᾶσαν
3565 4573 3648 4643 τὴν

406 4679 572 4733 vitam
600 4677 922 4738 humanam,
946 4675 1087 4731 hanc
1107 4691 1237 4731 vero
1269 4690 1493 4730 manum
1515 4676 1868 4733 conditricem
1898 4694 1985 4735 re-

408 4782 528 4827 rum
556 4765 801 4821 omnium
831 4764 992 4835 quasi
1026 4763 1467 4834 peregrinatione
1500 4771 1753 4832 suscepta
1787 4765 1842 4819 in
1887 4766 1983 4819 ho-

409 4860 617 4914 minum
643 4858 811 4912 vitam
841 4856 1038 4911 exilem
1072 4869 1138 4908 ac
1176 4852 1385 4908 nullius
1418 4854 1704 4918 momenti,
1745 4854 1983 4924 seipsam

411 4950 561 5004 velut
595 4947 806 5003 arctius
855 4945 1222 5006 contraxisse,
1277 4944 1441 5012 idque
1484 4945 1538 4996 in
1574 4959 1641 4998 eo
1687 4945 1834 5014 quod
1889 4960 1987 5014 per

360 5084 361 5091 η
411 5039 596 5097 omnia
623 5045 833 5092 naturae
858 5044 1060 5090 nostra:
1097 5034 1370 5104 particeps
1394 5034 1567 5099 ﬁeret,
1596 5044 1825 5105 excepto
1854 5051 1984 5106 pec—

414 5140 558 5186 cato.
602 5131 790 5199 itaque
827 5135 1187 5198 posteaquam
1239 5125 1308 5179 ad
1341 5140 1443 5179 nos
1491 5127 1810 5194 accesserit,
1854 5141 1986 5183 con-

420 5222 808 5280 sternationem
845 5218 1142 5290 quamdam
1170 5224 1226 5273 et
1256 5216 1676 5272 admirationem
1708 5218 1788 5274 rei
1830 5232 1986 5273 novae

472 5401 557 5455 ⁸⁸1
594 5404 723 5458 Cor.
749 5418 870 5464 xm.
903 5403 991 5458 12.
1060 5401 1103 5436 ’⁵⁷
1134 5396 1331 5455 Joann.
1363 5411 1403 5463 l,
1428 5397 1482 5453 5.
1541 5396 1587 5430 “
1613 5394 1720 5452 lsa.
1758 5411 1905 5465 va1,
1929 5397 1984 5450 2.

2084 4679 2428 4751 ἀνθρωπίνην
2459 4678 2634 4749 ζωήν·
2666 4676 2870 4747 ταύτην
2895 4676 2953 4729 δὲ
2987 4673 3083 4744 τὴν
3121 4673 3278 4742 χεῖρα
3307 4668 3405 4738 τὴν
3432 4666 3540 4719 τῶν
3579 4664 3648 4717 δν-

2084 4788 2191 4824 των
2226 4767 2531 4838 ποιητικὴν,
2570 4767 2944 4839 ἐνδημήσασαν
2977 4762 3113 4836 πρὸς
3151 4759 3214 4813 τὸ
3252 4757 3426 4829 βραχύ
3464 4773 3526 4807 τε
3571 4753 3653 4807 καὶ

2086 4858 2356 4914 ούτιδανὸν
2384 4857 2476 4911 τοῦ
2506 4856 2844 4928 ἀνθρωπίνου
2880 4856 2993 4926 βίου
3023 4851 3219 4921 ἑαυτὴν
3251 4845 3548 4904 συστεῖλαι,
3578 4841 3654 4895 διὰ

2086 4949 2179 5003 τοῦ
2213 4950 2499 5018 μετασχεῖν
2533 4948 2634 5017 τῆς
2674 4947 2886 5016 φύσεως
2924 4942 3081 5015 ἡμῶν
3120 4938 3260 4994 κατά
3289 4937 3500 4995 πάντα,
3543 4929 3652 4985 καθ’

2090 5038 2400 5110 ὁμοιότητα,
2431 5038 2596 5108 χωρὶς
2628 5035 2922 5106 ἁμαρτίας.
2978 5031 3064 5084 Ἐν
3099 5030 3228 5100 ἡμῖν
3267 5026 3325 5079 δὲ
3366 5021 3655 5110 γενομένην

2090 5106 2310 5200 θρόησιν
2344 5106 2636 5199 ἐμποιῆσαι
2674 5127 2769 5179 καὶ
2795 5123 3042 5193 ξενισμὸν
3077 5124 3196 5184 ταῖς
3234 5118 3453 5188 ψυχαῖς,
3488 5112 3606 5174 πῶς
3630 5106 3655 5158 δ

2092 5220 2221 5284 Θεὸς
2242 5222 2300 5274 ἐν
2322 5222 2480 5292 σαρκὶ
2506 5217 2833 5290 φανεροῦται
2855 5232 2870 5280 ;
2898 5214 3020 5279 Πῶς
3060 5218 3089 5271 ὁ
3105 5207 3652 5281 Λόγοςγίνεταισὲρξ;

493 5517 573 5582 (α)
628 5514 905 5571 l-lactenus
953 5514 1194 5575 excurrit
1236 5511 1451 5569 Hcrveti
1505 5510 1782 5582 exemplar
1820 5525 1984 5583 :quae
2021 5524 2151 5566 vero
2193 5513 2520 5580 scquuntur,
2563 5511 2691 5560 sunt
2744 5518 2809 5557 cx
2881 5500 3240 5557 translatione
3287 5494 3449 5553 Joan.
3527 5489 3654 5549 Leito

442 5590 707 5653 wenciali.
