3730 5980
122 234 261 289 1613

1184 236 1252 292 IN
1281 239 1579 294 CANTICA
1611 236 1876 295 CANTIC.
1918 238 2196 294 HOMILIA
2230 239 2344 294 XII.

3237 243 3369 304 10H

119 349 246 414 Πῶς
299 352 357 404 ὲν
394 349 661 423 παρθενίᾳ
713 351 907 419 τόκος;
954 352 1077 416 Πῶς
1127 353 1207 424 τῷ
1251 355 1431 425 σκότει
1474 356 1536 410 τὸ
1583 356 1696 426 φῶς

1894 354 2090 409 animis
2116 355 2406 417 excitasse,
2448 354 2542 424 qui
2592 353 2684 407 ﬁat
2714 362 2773 408 ut
2803 352 2945 408 Deus
2977 352 3034 406 in
3056 365 3223 406 carne
3256 367 3369 406 ma~

118 441 540 512 καταμίγνυται,
575 443 669 497 καὶ
702 442 779 512 τῷ
811 443 1024 514 θανάτῳ
1064 446 1097 515 ὴ
1129 445 1239 516 ζωὴ
1277 449 1698 517 κατακιρνᾶται;

119 533 245 596 Πῶς
272 535 500 604 χωρεῖή
532 535 760 605 βραχεῖα
795 533 888 586 τοῦ
929 535 1046 600 βίου
1091 537 1362 608 τρυμαλιὰ
1403 538 1502 607 τὴν
1547 553 1701 608 περι·

117 623 348 693 εκτικὴν
382 624 600 677 πάντων
623 625 732 678 τῶν
763 624 931 679 ὄντων
960 628 1116 696 χεῖρα
1150 629 1207 678 ἐν
1229 629 1392 698 ἑαυτῇ
1424 627 1698 691 δέξασθαι,

117 709 153 786 ᾖ
181 717 294 779 πᾶς
327 717 356 768 ὁ
384 715 608 786 οὐρανὸς
639 717 1005 786 ὲκμετρεῖται,
1047 719 1141 770 καὶ
1170 721 1202 788 ή
1243 720 1312 790 γῆ
1342 721 1492 772 πᾶσα
1521 721 1615 772 καὶ
1639 719 1701 772 τὸ

119 805 264 877 ὕδωρ
295 806 442 860 ἀπαν
478 807 896 877 ὲμπεριέχεται;
932 808 1092 872 Εἰκὸς
1122 809 1302 861 τοίνυν
1339 807 1438 879 τὴν
1472 808 1566 862 τοῦ
1598 809 1701 862 Εύ-

115 895 376 963 αγγελίου
409 897 568 967 χάριν
603 895 689 950 διὰ
724 895 819 949 τοῦ
849 897 949 968 τῆς
984 898 1165 968 χειρὸς
1201 897 1522 968 αἰνίγματος
1567 915 1702 969 προ-

116 986 372 1058 φητικῶς
410 989 541 1058 ἡμῖν
571 987 676 1043 ὑπὸ
702 990 801 1058 τῆς
824 986 1042 1058 νύμφης
1071 988 1541 1058 διασημαίνεσθαι.
1569 991 1700 1044 Ὅτε

114 1079 228 1149 γάρ
271 1078 366 1131 ἐπὶ
417 1079 516 1148 τῆς
557 1078 661 1148 γῆς
695 1077 851 1148 ὥφθη
872 1118 886 1141 ,
921 1079 1015 1132 καὶ
1051 1081 1162 1143 τοῖς
1194 1081 1501 1151 ἀνθρώποις
1535 1098 1700 1135 συνα-

114 1169 398 1241 νεστράφη
433 1171 462 1222 ὁ
513 1169 736 1240 Κύριος,
782 1169 844 1222 τὸ
880 1169 1120 1241 καθαρόν
1171 1188 1231 1224 τε
1275 1171 1370 1224 καὶ
1411 1172 1574 1225 ἄῦλον
1605 1173 1699 1226 τοῦ

115 1260 359 1330 νυμφίου
390 1259 600 1323 κάλλος,
634 1261 726 1312 καί
745 1259 844 1331 τὴν
874 1260 967 1313 τοῦ
1001 1262 1172 1329 Λόγου
1207 1261 1452 1333 θεότητα.
1477 1265 1570 1317 καὶ
1600 1264 1700 1336 τὴν

113 1352 214 1406 τοῦ
240 1350 494 1422 ἀληθινοῦ
516 1351 692 1419 φωτὸς
714 1350 1033 1422 λαμπηδόνα
1052 1352 1138 1405 διὰ
1163 1353 1262 1424 τῆς
1281 1353 1390 1407 τῶν
1413 1355 1700 1424 ἐνεργειῶν

114 1445 304 1516 χειρὸς
354 1445 751 1514 ἐγνωρίσαμεν.
799 1445 972 1516 Χεῖρα
1014 1443 1124 1514 γὰρ
1173 1442 1400 1514 νοοῦμεν
1444 1444 1542 1515 τὴν
1594 1443 1701 1498 τῶν

113 1536 415 1606 θαυμάτων
472 1536 909 1606 κατεργαστικὴν
965 1534 1132 1588 αὐτοῦ
1199 1533 1463 1605 δύναμιν,
1522 1535 1588 1589 δι’
1633 1532 1702 1608 ἦς

111 1624 510 1689 ὲζωοποιοῦντο
561 1625 613 1676 οἰ
663 1626 870 1695 νεκροὶ,
914 1623 1146 1678 καὶτῶν
1192 1624 1405 1692 τυφλῶν
1453 1627 1507 1679 αἰ
1549 1624 1700 1694 ὄψεις

111 1714 571 1779 ἀποκαθίσταντο,
621 1714 717 1768 καὶ
762 1714 824 1767 τὸ
873 1715 972 1785 τῆς
1022 1715 1228 1786 λέπρας
1275 1716 1445 1780 πάθος
1497 1718 1701 1785 ὲφυγα-
1734 1699 1775 1758 Β

111 1802 325 1865 δεύετο,
354 1803 448 1856 καὶ
469 1805 580 1857 πᾶν
604 1799 740 1867 εἶδος
761 1804 981 1858 ἀνιάτου
1007 1807 1102 1858 καὶ
1123 1805 1365 1876 χαλεπῆς
1389 1807 1700 1878 ἀρῤωστίας

111 1892 396 1962 ἀπεχώρει
427 1893 536 1946 τῶν
587 1894 852 1964 σωμάτων
892 1894 980 1948 διὰ
1024 1897 1460 1965 προστάγματος.
1499 1897 1699 1967 Προτε-

112 1986 308 2060 θείσης
339 1988 394 2040 δὲ
429 1991 559 2059 ἡμῖν
595 1990 695 2060 τῆς
717 1990 911 2061 διπλῆς
939 1990 1142 2062 ταύτης
1170 1992 1264 2044 ἐπὶ
1296 1993 1360 2062 τῇ
1391 1993 1534 2062 χειρί
1569 1990 1702 2044 θεω-

113 2076 265 2146 ρίας.
300 2069 375 2128 ὧν
411 2079 443 2146 ἡ
487 2077 585 2146 μὲν
629 2078 938 2132 ὑποτίθεται
969 2078 1070 2150 τὴν
1102 2079 1251 2132 θείαν
1292 2079 1452 2148 φύσιν
1491 2080 1700 2134 ἀκατά-

111 2165 325 2236 ληπτον
365 2162 530 2219 οὖσαν
572 2167 854 2230 παντελῶς
898 2169 992 2222 καὶ
1035 2169 1373 2235 ἀνείκαστον,
1405 2171 1493 2223 διὰ
1535 2171 1702 2241 μόνης

110 2259 218 2326 τῆς
253 2257 531 2326 ἐνεργείας
581 2257 977 2325 γινώσκεσθαιο
1025 2263 1059 2330 ἡ
1094 2260 1150 2313 δὲ
1196 2261 1296 2331 τὴν
1339 2261 1702 2332 εύαγγελικὴν

112 2349 279 2418 χάριν
314 2349 819 2418 προαναφωνείσθαι
848 2350 995 2420 λέγει
1015 2352 1102 2406 διά
1137 2353 1242 2406 τῶν
1267 2354 1440 2422 λόγων
1469 2353 1573 2406 ὑπὸ
1602 2353 1702 2423 τῆς

113 2435 338 2505 νύμφης
361 2476 376 2500 ,
409 2437 502 2489 ἐπὶ
538 2435 618 2506 τῷ
653 2438 895 2510 ἀκροατῇ
927 2440 1267 2511 ποιησόμεθα
1301 2442 1400 2513 τὴν
1433 2459 1703 2513 προσφυε-

118 2526 322 2596 στέραν
365 2543 425 2578 τε
466 2527 561 2580 καὶ
602 2527 802 2597 μᾶλλον
841 2531 953 2592 τοῖς
1007 2531 1384 2602 ὑποκειμένοις
1437 2531 1704 2603 ἁρμόζου-

117 2631 220 2668 σαν
249 2616 356 2686 πρὸ
384 2616 578 2688 ἐτέρας
604 2618 940 2685 ἐκλέξασθαι.
974 2621 1119 2694 Πλὴν
1150 2624 1341 2696 ὅτιπερ
1374 2625 1438 2678 ἂν
1471 2625 1699 2698 νομισθῇ

117 2707 599 2778 ψυχωφελέστερον
625 2707 797 2763 εἶναι’
835 2712 1043 2779 γένοιτο
1077 2713 1143 2767 ἂν
1181 2717 1312 2786 ἡμῖν
1345 2716 1411 2768 δι’
1441 2717 1699 2787 ἑκατέρου

115 2793 228 2846 τῶν
267 2795 572 2865 εἰρημένων
615 2797 895 2870 αὐτάρκης
925 2803 958 2871 ἡ
996 2802 1132 2872 πρὸς
1163 2803 1223 2855 τὸ
1260 2804 1461 2872 ἀγαθὸν
1489 2805 1701 2876 ὁδηγία.

128 2886 228 2939 Ἐκ
257 2886 358 2956 μὲν
384 2888 493 2956 γάρ
529 2888 864 2959 τοῦ,γνῶναι
884 2932 899 2957 ,
930 2893 1010 2947 ὅτι
1043 2892 1136 2945 τοῦ
1176 2893 1309 2946 Θεοῦ
1344 2895 1406 2947 τὸ
1443 2894 1700 2963 γνωστὸν,

114 2977 263 3032 κατὰ
295 2979 392 3049 τὴν
425 2979 637 3033 Παύλου
671 2983 878 3051 φωνὴν,
919 2985 1029 3038 ἀπὸ
1065 2985 1166 3054 τῆς
1197 2985 1290 3038 τοῦ
1331 2986 1534 3057 κόσμου
1584 2987 1703 3040 κτί-

114 3084 263 3130 σεως
308 3068 592 3138 νοούμενον
627 3069 946 3141 καθορᾶται,
986 3072 1086 3140 τῆς
1129 3075 1257 3144 περί
1288 3072 1398 3126 τῶν
1427 3075 1702 3145 ἀκαταλή-
1728 3070 1770 3127 C

112 3174 274 3211 πτων
312 3159 843 3231 πολυπραγμοσύνης
869 3163 1223 3232 .φεισόμεθα’
1269 3165 1344 3228 ὠς
1390 3165 1456 3218 ἂν
1505 3166 1580 3236 μὴ
1615 3167 1700 3219 διὰ

111 3249 215 3302 τοῦ
251 3251 685 3318 φυσιολογεῖσθαι
712 3252 810 3322 τὴν
847 3251 1133 3322 ἀνέφικτον
1171 3271 1230 3307 τε
1263 3257 1356 3310 καὶ
1385 3255 1690 3326 ἀνεκφώνη-

111 3356 210 3394 τον
244 3339 426 3408 φύσιν,
459 3340 592 3412 ὓλην
623 3341 776 3396 λάϐοι
806 3342 945 3396 κατά
980 3343 1081 3413 τῆς
1119 3344 1376 3415 ἀληθείας
1403 3347 1436 3417 ἡ
1469 3347 1698 3418 αἵρεσις.

116 3431 184 3482 Εἰ
207 3431 268 3482 δὲ
295 3431 429 3500 πρὸς
456 3433 517 3487 τὸ
530 3431 857 3502 Εὐαγγέλιον
890 3433 1083 3504 βλέπον
1108 3436 1167 3490 τὺ
1209 3437 1436 3510 αἴνιγμα
1467 3440 1564 3510 τῆς
1585 3457 1694 3510 χει-

116 3523 218 3594 pb;
249 3522 609 3593 ὑποθὼμεθα’
637 3526 734 3578 καὶ
767 3525 908 3579 οὕτω
936 3527 1254 3600 βεϐαιοτέρα
1295 3532 1425 3600 ἡμῖν
1461 3532 1569 3584 τῶν
1599 3549 1703 3602 μυ-

117 3613 325 3666 στικῶν
352 3613 634 3684 δογμάτων
670 3617 703 3685 ή
736 3616 913 3680 πίστις
945 3620 1255 3690 γενήσεται,
1290 3619 1377 3673 διὰ
1415 3623 1513 3692 τῆς
1537 3639 1707 3694 προα-

116 3705 486 3774 ναφωνήσεως
521 3705 630 3759 τῶν
663 3705 948 3777 δογμάτων
976 3708 1352 3780 προσλαϐοῦσα
1382 3712 1441 3763 τὸ
1470 3712 1706 3783 ἀναμφίο

114 3795 300 3858 ϐολον,
337 3796 395 3848 ὲν
427 3795 646 3866 Χριστῷ
686 3797 882 3869 Ἰησοῦ,
913 3792 958 3868 ᾧ
989 3801 1022 3871 ἡ
1061 3799 1186 3867 δόξα
1225 3801 1304 3865 εἰς
1332 3802 1457 3865 τοὺς
1481 3803 1701 3867 αἰῶνας.

129 3883 332 3953 Ἀμήν.

1801 445 2004 500 nifesto
2049 444 2463 514 conspiciatur?
2503 444 2594 514 qui
2627 442 2862 498 Verbum
2908 443 3039 496 illud
3085 442 3175 497 fiat
3206 442 3372 497 caro?

1800 536 1891 604 qui
1925 541 2113 604 partus
2144 535 2199 588 in
2228 533 2598 604 virginitatem
2628 535 2936 604 (virginitas
2985 535 3041 588 in
3091 532 3368 603 matrem),

1799 627 1996 682 cadere
2044 625 2253 696 possit?
2302 625 2395 695 qui
2449 640 2574 679 cum
2616 624 2859 680 tenebris
2908 625 3001 678 lux
3052 624 3368 686 misceatur,

1799 732 1925 772 cum
1977 726 2152 772 morte
2204 717 2314 769 vita
2371 715 2747 785 temperetur?
2790 715 2884 785 qui
2933 714 3192 783 pusillum
3247 712 3373 766 vita:

1801 809 2049 864 foramen
2095 808 2271 877 possit
2322 807 2693 862 continentem
2737 808 3054 862 universum
3111 805 3214 859 hoc
3265 819 3372 858 ma-

1801 913 1930 954 num
1978 912 2208 968 capere,
2254 912 2375 968 quae
2420 898 2618 952 coelum
2672 911 2835 952 omne
2881 897 3122 960 metitur,
3170 903 3372 949 terram

1799 1006 2014 1048 omnem
2073 1001 2128 1044 et
2184 1005 2402 1044 omnem
2455 1002 2651 1057 aquam
2707 988 3130 1058 complectitur?
3193 986 3374 1052 Quare

1801 1090 2230 1138 consentaneum
2287 1087 2372 1136 est
2426 1078 2703 1150 Evangelii
2746 1081 2974 1150 gratiam
3026 1093 3122 1147 per
3179 1090 3374 1130 manus

1799 1173 2030 1244 aenigma
2077 1171 2238 1227 nobis
2286 1185 2318 1225 a
2346 1185 2547 1240 sponsa
2600 1170 2755 1241 quasi
2803 1169 3137 1222 vaticinante
3169 1165 3375 1237 signiﬁ-

1800 1265 1937 1319 cari.
1969 1263 2088 1330 Quo
2137 1265 2282 1319 enim
2317 1270 2562 1332 tempore
2607 1269 2936 1331 conSpectus
2970 1261 3025 1314 in
3077 1269 3220 1314 terra
3271 1257 3376 1312 Do-

1800 1357 2007 1420 minus,
2047 1364 2103 1412 et
2149 1356 2291 1412 inter
2339 1356 2589 1412 homines
2637 1363 2891 1411 versatus
2919 1363 3006 1408 est
3037 1373 3051 1408 :
3083 1366 3273 1423 puram
3319 1358 3376 1406 et

1801 1456 2078 1518 expertem
2109 1447 2352 1502 materia:
2396 1446 2856 1517 pulchritudinem
2886 1443 3099 1513 sponsi,
3135 1443 3376 1511 itemque

1801 1535 1965 1591 Verbi
1995 1535 2362 1599 divinitatem,
2391 1545 2445 1590 et
2473 1536 2588 1591 veri
2636 1535 2859 1589 luminis
2904 1531 3248 1602 splendorem
3281 1545 3376 1600 per

1802 1643 2024 1684 manum
2048 1629 2196 1682 illam
2233 1626 2578 1683 eﬂ'ectionum
2612 1627 2952 1697 agnovimus.
2988 1623 3205 1677 Manum
3230 1623 3376 1676 enim

1803 1718 2160 1790 intelligimus
2192 1719 2450 1773 virtutem
2500 1718 2621 1787 ejus
2665 1716 3054 1770 miraculorum
3095 1711 3379 1782 perfectri-

1801 1828 1940 1877 cem,
1969 1826 2076 1882 qua
2125 1811 2357 1866 mortuis
2399 1809 2511 1862 vita
2557 1808 2884 1872 donabatur,
2916 1805 3062 1860 oculi
3105 1816 3376 1858 caecorum

1801 1903 2234 1959 restituebantur
2261 1901 2318 1954 in
2359 1899 2654 1967 integrum,
2692 1900 2854 1968 lepra:
2889 1897 3112 1951 morbus
3148 1894 3375 1964 fugaba-

1803 2005 1912 2057 tur,
1944 2007 2106 2048 omne
2149 2007 2323 2062 genus
2356 1990 2681 2045 incurabilis
2711 2004 2776 2043 ac
2820 1988 3002 2058 gravis
3035 1985 3402 2055 aegritudinis

1803 2085 1974 2142 solius
2007 2082 2219 2153 imperii
2254 2083 2306 2138 vi
2337 2081 2661 2151 corporibus
2711 2079 3029 2134 excedebat.
3073 2076 3248 2144 Atque
3274 2075 3377 2128 hac

1801 2175 2009 2246 duplici
2059 2189 2255 2230 manus
2293 2172 2744 2242 interpretatione
2787 2170 2842 2224 in
2888 2169 3126 2222 medium
3172 2180 3374 2236 propo-

1803 2267 1929 2330 sita,
1962 2281 2197 2336 quarum
2225 2265 2397 2320 altera
2432 2263 2625 2319 statuit
2654 2269 2905 2315 naturam
2943 2258 3180 2312 divinam
3217 2271 3376 2325 pror-

1805 2373 1901 2416 sus
1929 2335 2563 2426 incomprebensibilem,
2594 2362 2648 2406 et
2679 2351 2831 2405 nulla
2853 2364 2978 2404 cum
3010 2363 3069 2402 re
3099 2361 3379 2416 compara-

1804 2450 1988 2516 bilem,
2036 2463 2104 2503 ex
2146 2445 2434 2501 aﬂ'ectione
2485 2443 2601 2500 sola
2645 2439 2908 2512 cognosci
2943 2459 2954 2493 :
2992 2440 3163 2493 altera
3207 2437 3378 2492 Evan-

1803 2542 1930 2613 gelii
1971 2539 2202 2609 gratiam
2231 2553 2329 2608 per
2372 2537 2489 2592 haec
2528 2534 2694 2590 verba
2741 2533 2899 2605 longe
2931 2543 3056 2588 ante
3093 2531 3311 2602 praedici
3345 2546 3377 2584 a

1805 2645 2007 2700 sponsa
2035 2628 2201 2682 tradit
2232 2645 2245 2681 :
2276 2625 2540 2682 auditoris
2567 2623 2776 2694 judicio
2792 2623 3376 2692 permittemus,utram

1802 2721 1970 2776 veluti
2028 2719 2200 2789 magis
2259 2717 2670 2772 convenientem
2727 2723 2782 2770 et
2846 2721 3025 2782 aptam
3099 2714 3378 2782 proposito

1805 2808 1930 2865 loco
1978 2807 2238 2879 praferre
2269 2806 2428 2860 alteri
2459 2804 2606 2860 velit.
2652 2801 2935 2858 Utrumvis
2967 2809 3146 2856 tamen
3179 2801 3378 2856 animis

1806 2901 1995 2957 utilius
2017 2900 2385 2956 existimatum
2419 2896 2605 2960 fuerit,
2633 2895 2827 2951 saltem
2866 2893 3128 2947 alterutro
3170 2891 3237 2945 ad
3282 2893 3379 2944 bo-

1805 3007 1940 3048 num
1993 2988 2279 3046 commode
2340 3003 2506 3041 manu
2564 2985 2722 3056 quasi
2783 2983 3072 3038 ducamur.
3141 2979 3277 3035 Nam
3331 2979 3378 3035 si

1805 3082 2328 3141 animadvertemus,
2369 3079 2502 3134 illud
2536 3078 2682 3148 quod
2729 3076 2861 3132 sciri
2917 3075 2984 3128 de
3027 3073 3136 3128 Deo
3176 3080 3377 3142 potest,

1805 3171 2265 3244 quemadmodum
2294 3169 2500 3223 Paulus
2530 3167 2774 3237 loquitur
2793 3166 2860 3231 ",
2891 3179 2986 3232 per
3013 3161 3201 3216 mundi
3227 3175 3382 3214 crea-

1805 3266 2009 3319 tionem
2070 3263 2406 3317 intellectum
2465 3259 2732 3328 perSpici,
2787 3257 3162 3312 curiositatem
3226 3250 3382 3305 inda-

1804 3352 1968 3424 gandi
2007 3367 2097 3408 res
2133 3347 2716 3418 incomprehensibiles
2747 3345 3058 3416 fugiemus;
3106 3357 3172 3396 ne
3215 3341 3260 3394 si
3292 3354 3378 3393 ra-

1806 3444 1956 3498 tione
1988 3443 2224 3497 naturali
2253 3445 2553 3492 tractemus
2588 3444 2839 3490 naturam
2884 3435 3054 3497 illam,
3085 3447 3249 3501 quam
3301 3433 3383 3486 vel

1805 3531 2047 3602 assequi,
2089 3530 2174 3584 vel
2201 3528 2356 3583 effari
2399 3526 2711 3595 nequimus,
2744 3523 2998 3576 materies
3027 3521 3222 3575 haeresi
3253 3534 3384 3570 cou-

1805 3631 1890 3675 tra
1955 3621 2240 3675 veritatem
2293 3615 2685 3686 suppeditetur.
2742 3611 2840 3665 Sin
2899 3611 2964 3664 ad
3033 3607 3382 3676 Evangelium

1806 3720 2058 3784 spectare
2096 3711 2202 3765 hoc
2245 3708 2313 3763 de
2344 3722 2510 3761 manu
2555 3705 2784 3774 aenigma
2838 3709 3142 3758 statuemus
3173 3719 3185 3754 :
3217 3699 3382 3752 etiam

1805 3806 1910 3860 hoc
1965 3803 2128 3858 modo
2187 3799 2398 3855 ﬁrmior
2455 3798 2614 3852 nobis
2669 3809 2996 3850 arcanorum
3067 3793 3380 3860 dogmatum

1809 3893 1942 3950 ﬁdes
1984 3893 2108 3958 erit,
2152 3891 2378 3945 tollente
2416 3887 2811 3943 dubitationem
2859 3898 3074 3938 omnem
3127 3896 3192 3936 eo
3242 3880 3380 3948 ipso,

115 3974 273 4041 quod
337 3973 452 4028 haec
522 3977 692 4038 multo
769 3990 894 4035 ante
933 3983 1317 4052 praedicantur,
1359 3983 1520 4054 idque
1556 3984 1610 4038 in
1679 3985 1898 4044 Christo
1930 3983 2058 4042 Jesu
2099 3983 2327 4039 Domino
2358 3990 2569 4037 nostro.
2619 3977 2720 4033 Cui
2767 3979 2838 4033 sit
2875 3977 3046 4048 gloria
3102 3984 3156 4029 et
3206 3973 3382 4041 impe-

116 4069 268 4122 rium
300 4069 518 4124 saeculis
549 4072 800 4132 intinitis.
841 4078 1033 4132 Amen.

719 4171 964 4225 OMIAIA
1006 4172 1101 4227 IB'.

201 4263 500 4329 Ἀνέστην
523 4263 638 4332 ἐγὼ
665 4262 899 4326 ἀνοῖξαι
918 4261 996 4326 τῷ
1025 4263 1322 4332 ἀδελφιδῷ
1340 4281 1480 4334 μου.
1506 4265 1704 4333 Χεῷἐς

112 4367 240 4422 μὶν
285 4351 552 4416 ἔσται’-ξαν
580 4353 876 4421 σμύρναν,
929 4351 1218 4406 δάκτυλοι
1257 4371 1378 4422 μου
1428 4355 1705 4423 σμύρναν

116 4441 349 4510 πλήρη.
421 4442 545 4495 Ἑπί
609 4442 777 4511 χεῖρα
830 4441 935 4496 τοῦ
984 4443 1263 4510 κλείθρου
1327 4443 1538 4511 ῆνοιξα
1590 4444 1705 4513 ἐγὼ

116 4534 202 4602 τῷ
264 4533 566 4602 ἀδελφιδῷ
619 4551 762 4602 μου.
823 4532 1160 4601 Ἀδελφιδός
1197 4552 1317 4602 μου
1359 4533 1700 4604 παρῆλθεν·

118 4629 162 4694 ἡ
213 4624 385 4693 ψυχή
415 4642 536 4692 μου
580 4622 838 4690 ἐξῆλθεν
873 4625 942 4677 ἐν
970 4626 1129 4692 λόγῳ
1167 4625 1376 4678 αὑτοῦ.
1418 4625 1708 4693 Ἑζήτησα

120 4714 333 4781 αὑτὸν,
371 4715 468 4769 καὶ
511 4718 623 4783 οὺχ
661 4711 842 4783 εὖρον
896 4717 1100 4769 αὐτόν·
1191 4714 1462 4770 ἐκάλεσα
1501 4717 1706 4782 αὑτὸν,

125 4809 228 4862 καί
255 4809 368 4875 οὐχ
405 4807 724 4874 ὑπήκουσέ
754 4827 895 4878 μου.
933 4805 1211 4875 Εὕροσὰν
1238 4824 1315 4875 με
1354 4811 1408 4860 οἱ
1443 4810 1710 4876 φύλακες

123 4901 179 4952 οἰ
222 4897 592 4962 κυκλοῦντες
618 4898 688 4952 ἐν
716 4897 790 4966 τῇ
820 4897 1011 4950 πόνίεν
1051 4895 1360 4960 ἐπάταξὰν
1395 4914 1492 4964 με,
1512 4899 1712 4964 ἐτραυ-

121 4988 390 5059 μάτισάν
434 5008 545 5059 με,
574 4987 728 5060 ἦραν
777 4990 842 5042 τὸ
881 4987 1190 5056 θέριστρον
1212 4988 1312 5041 ἀπ’
1340 4987 1486 5056 ἐμοῦ
1509 4992 1561 5042 οἱ
1596 4989 1707 5057 εού-

125 5086 318 5148 λακες
349 5080 468 5135 τῶν
491 5080 754 5150 τειχέων.

205 5176 271 5230 Οἱ
321 5172 419 5242 τὴν
457 5173 763 5225 διαπόντιον
813 5170 1123 5241 ἀποδημίαν
1161 5171 1282 5223 κατ’
1315 5168 1504 5221 ἐλπίδα
1543 5166 1706 5220 πλού-

125 5282 222 5318 του
277 5265 655 5332 στελλόμενοι,
687 5267 813 5318 ὅταν
851 5265 952 5335 ήδη
987 5263 1084 5334 τὴν
1125 5262 1324 5315 ὁλκάδα
1367 5259 1462 5312 τοῦ
1491 5260 1722 5330 λιμένος

128 5353 568 5419 ἀποσαλεύσωσι,
601 5354 696 5407 καὶ
727 5355 861 5424 πρὸς
888 5354 950 5406 τὸ
978 5352 1212 5420 πέλαγος
1247 5351 1452 5423 στρέψῃ
1479 5351 1565 5404 διὰ
1597 5349 1704 5403 τῶν

136 5444 406 5516 πηδαλίων
435 5444 533 5516 τὴν
573 5445 796 5516 πρῶραν
826 5446 854 5497 ὀ
877 5443 984 5498 τῶν
1005 5444 1204 5498 οἰάκων
1233 5442 1514 5514 ύπερκαθή
1524 5457 1700 5511 μενος,

188 5620 230 5651 ⁸³
263 5619 423 5674 Rotn.
459 5634 496 5684 ι,
525 5619 600 5673 l9.

2363 4164 2650 4222 HOMILIA
2705 4161 2820 4216 XII.

1881 4265 2012 4321 CAP.
2051 4279 2084 4317 ν
2107 4303 2123 4328 ,
2153 4278 2206 4316 v.
2237 4260 2290 4315 5.
2349 4255 2572 4312 Surrexi
2615 4255 2874 4325 equidem,
2926 4261 2981 4305 ut
3016 4251 3252 4319 aperiam
3289 4265 3382 4301 co-

1810 4365 1971 4427 gnato
2015 4369 2148 4406 meo.
2182 4349 2378 4403 Manus
2418 4363 2548 4400 mea:
2586 4346 2862 4399 stillarunt
2892 4341 3182 4411 myrrham,
3229 4337 3381 4408 digiti

1813 4447 1912 4499 mei
1954 4441 2228 4514 myrrham
2278 4439 2505 4492 uberem.
2549 4435 2603 4489 6.
2643 4435 2911 4488 Adhibitis
2950 4429 3192 4485 manibus
3240 4431 3383 4482 clau-

1811 4546 1922 4592 stro
1952 4534 2134 4605 aperui
2158 4531 2397 4603 equidem
2422 4535 2642 4598 cognato
2670 4543 2800 4580 meo.
2833 4524 3103 4579 Prtetcriit
3128 4532 3380 4593 cognatus

1805 4643 1971 4682 meus.
2020 4624 2214 4677 Anima
2260 4637 2377 4674 mea
2422 4635 2634 4687 egressa
2684 4626 2761 4671 est
2811 4617 2878 4668 ad
2914 4632 3203 4670 sermonem
3244 4613 3378 4682 ejus.

1807 4717 2037 4785 Quwsivi
2065 4731 2203 4778 eum,
2234 4722 2283 4767 et
2310 4729 2413 4765 non
2438 4709 2608 4763 inveni
2630 4724 2750 4761 eum
2779 4725 2796 4762 :
2836 4709 3013 4760 vocavi
3038 4723 3176 4767 eum,
3205 4714 3254 4758 et
3279 4720 3382 4757 non

1805 4807 1975 4860 audiit
2009 4821 2108 4858 me.
2141 4804 2196 4858 7.
2235 4801 2580 4870 Offenderunt
2621 4814 2701 4851 me
2743 4796 3008 4857 custodes,
3043 4797 3133 4864 qui
3159 4796 3213 4846 in
3255 4792 3382 4847 urbe

1807 4898 2153 4951 circumeunt.
2227 4892 2606 4945 Percusserunt
2659 4905 2759 4953 me,
2827 4886 3229 4940 vulneraverunt
3278 4900 3378 4950 me,

1812 4987 2138 5042 abstulerunt
2163 4984 2368 5052 peplum
2392 5001 2423 5034 α
2447 4998 2525 5035 me
2558 4979 2799 5034 custodes
2830 4993 3127 5031 murorum.

1881 5163 1983 5232 Qui
2011 5172 2163 5216 trans
2191 5175 2341 5214 mare
2370 5159 2861 5229 peregrinationem
2892 5169 3056 5225 opum
3105 5154 3382 5225 paranda-

1811 5271 1931 5311 rum
1978 5268 2076 5324 spe
2120 5249 2447 5317 suscipiunt,
2503 5263 2627 5302 cum
2672 5248 2785 5317 jam
2819 5247 2998 5301 navim
3049 5261 3078 5301 e
3128 5251 3287 5314 portu
3324 5244 3379 5298 in

1810 5347 1976 5400 altum
2035 5339 2357 5412 provehunt,
2413 5345 2467 5391 et
2526 5337 2580 5389 in
2639 5353 2789 5392 mare
2852 5353 2949 5408 per
3003 5334 3378 5406 gubernacula

1811 5447 2026 5506 proram
2073 5427 2342 5485 convertit
2377 5426 2445 5491 is,
2483 5424 2577 5496 qui
2609 5424 2678 5478 ad
2731 5427 2944 5480 clavum
2971 5424 3146 5491 sedet,
3195 5425 3386 5475 votum
