3730 5980
334 245 474 310 1015
1590 233 1647 294 S.
1678 235 1798 295 GR!

2142 228 2329 289 SSENI‘
3465 219 3623 275 1θίίῖ

334 371 566 433 faciunt,
617 365 774 438 quasi
817 365 1093 437 quoddam
1141 362 1469 435 prooemium
1517 361 1798 432 navigatio

2142 371 2180 425 ιν
2213 351 2490 408 ποιοῦνται
2518 346 2620 418 τῆς
2644 344 2922 408 ναυτιλίας
2950 341 3259 415 προοίμιον,
3290 338 3433 393 Θεὸν
3460 338 3625 406 γίνε-

337 478 403 517 ac
438 428 742 532 petunt-uti
786 428 931 513 Deus
970 457 1108 527 ipsis
1137 428 1247 511 dux
1287 457 1359 511 sit
1396 452 1465 509 ad
1503 428 1798 523 navigatio}

2142 487 2143 495 χ
2171 438 2526 514 καθηγέμονά
2546 455 2678 509 φασι
2696 437 2799 503 τῆς
2821 435 3077 497 εὐπλοίας
3098 431 3443 503 αἰτούμενοι.
3464 428 3627 483 Τὸδὶ

2019 536 2315 608 κεφάλαιόν
2349 537 2497 588 ἐστιν
2529 531 2714 597 αὐτοῖς
2743 530 2843 599 τῆς
2868 527 3033 598 εὐχῆς
3062 525 3284 595 πνεῦμα
3325 522 3625 594 προσηνές

338 652 442 710 est,
475 651 537 699 ut
576 652 776 699 ventus
805 613 941 698 levis
988 649 1043 697 et
1096 613 1324 695 idoneus
1354 637 1688 708 navigationi
1737 638 1794 691 in

2142 628 2205 682 ,ai
2236 626 2469 697 πλόϊμον
2505 624 2768 694 ἐμπεσεῖν
2798 614 2885 690 τῷ
2912 619 3067 689 ἱστίῳ
3098 616 3235 688 πρὸς
3264 615 3393 710 τὸν.
3408 613 3629 667 σκοπὸν

339 696 453 786 ἰυιῆ
485 696 815 786 θπσίδοιησά
838 696 966 785 eum
1006 727 1391 800 gubernatoris
1439 696 1688 796 scopum,
1725 742 1797 799 qu

2155 717 2488 789 κυϐερνήτου
2520 713 2661 767 κατὰ
2691 711 2945 782 πρύμναν
2974 708 3259 779 ἱσταμένου
3286 723 3302 738 ·
3330 696 3397 758 οὗ
3441 720 3625 757 κατ-α-

340 823 507 894 puppi
561 823 833 879 consistit.
892 820 944 877 Is
996 795 1177 876 autem
1227 831 1424 875 ventus
1471 795 1637 875 silex
1675 795 1796 889 ipso

2143 810 2236 872 ίως
2290 808 2471 870 αὐτοῖς
2519 803 2896 869 ἐπιπνέοντος,
2939 801 3097 871 ἡδεῖα
3140 799 3240 870 μὲν
3274 799 3311 868 ἡ
3361 795 3628 849 θάλασσα

344 887 474 970 voto
516 915 596 970 eis
635 915 862 985 aspiret,
898 921 955 969 et
1001 928 1154 968 mare
1174 912 1480 982 jucundum
1515 911 1573 965 lit
1622 887 1780 982 ipsis,

2148 916 2235 953 ται
2261 937 2275 961 ,
2319 900 2430 960 τοῖς
2458 895 2745 985 ἠρεμαίοις
2788 893 2995 964 κύμασι
3026 890 3319 961 γλαφυρῶς
3350 887 3630 958 ὲπιφρὶσ-

346 1005 528 1060 ctibus
571 974 803 1075 placidis
848 974 973 1060 sese
1016 974 1213 1058 leniter
1243 1002 1485 1073 erigens.
1523 974 1704 1072 neque
1740 974 1798 1072 pe

2142 1007 2200 1042 ra.
2225 1006 2238 1019 ·
2266 988 2450 1042 ἄλυπα
2474 974 2537 1040 δέ’
2552 985 2646 1039 τοῦ
2673 984 2946 1052 πελάγους
2971 982 3040 1035 τά
3061 982 3237 1052 πλάτη
3267 979 3335 1033 δι’
3364 977 3633 1039 εὐκολίας

349 1068 653 1163 amplitudo
692 1092 992 1162 quidquam
1042 1090 1199 1146 affert
1230 1068 1521 1154 molestiae,
1556 1068 1681 1145 cum
1729 1068 1798 1143 in:

2174 1078 2302 1149 νηὸς
2363 1075 2761 1146 ὲφιπταμένης,
2812 1072 2909 1126 καὶ⁵
2957 1068 3457 1137 άπολισθαινούσης
3514 1068 3633 1128 τοῖς

351 1154 614 1236 facilitate
645 1154 803 1236 navis
834 1154 888 1235 in
926 1181 1064 1253 ipsis
1096 1181 1259 1237 undis
1302 1180 1462 1252 quasi
1496 1180 1659 1246 volet,
1708 1188 1764 1236 et

2142 1183 2217 1220 σι’
2248 1165 2355 1235 πρὸ
2391 1162 2683 1234 ὀφθαλμῶν
2713 1161 2772 1214 δὲ
2811 1162 2842 1213 ὁ
2870 1157 3099 1220 πλοῦτος
3125 1158 3154 1209 ὁ
3184 1155 3273 1208 διὰ
3316 1154 3423 1222 τῆς
3453 1154 3637 1222 ἐμπο-

353 1274 528 1329 oculis
573 1273 971 1338 obversantur,
1024 1289 1163 1344 quas
1206 1288 1273 1328 ex
1320 1282 1630 1328 mercatura
1684 1288 1798 1343 spei

2142 1277 2159 1323 ;
2187 1258 2358 1329 αὐτῆς
2384 1256 2730 1330 έλπιζὸμενος
2756 1252 2878 1323 ἠδη,
2902 1251 3002 1321 τῆς
3023 1246 3277 1310 εὐπλοίας
3303 1243 3637 1344 ὲγνωμένης

296 1402 309 1423 ρ
351 1366 464 1433 jam
537 1365 657 1435 ipsa
736 1335 1106 1436 navigationis
1162 1365 1570 1437 prosperitate,
1639 1335 1798 1435 anteq

2165 1348 2271 1419 πρὸ
2302 1348 2403 1415 τῆς
2446 1347 2663 1412 πείρας.
2697 1344 2867 1415 Δῆλον
2913 1340 3130 1402 πάντως
3156 1337 3275 1392 ἐστὶ
3302 1337 3418 1397 τοῖς
3449 1335 3636 1403 εὐμα-

358 1457 662 1529 periculum
716 1456 920 1512 factum
972 1459 1088 1523 sit,
1146 1470 1394 1528 magnam
1466 1470 1650 1511 rerum
1723 1470 1798 1525 c0]

2142 1439 2315 1510 τέροις
2344 1437 2451 1492 τῶν
2483 1435 2769 1509 ἀκροατῶν
2798 1435 2858 1488 τὸ
2885 1431 2965 1503 τῷ
2994 1429 3182 1501 σκοπῷ
3210 1427 3307 1482 τοῦ
3331 1425 3637 1498 προοιμίου

357 1546 668 1616 pollicente.
761 1545 882 1613 Quo
991 1553 1174 1600 autem
1249 1545 1550 1614 respiciens
1632 1545 1736 1601 hoc

2142 1532 2422 1603 ικείμενον.
2465 1531 2626 1598 Μέγα
2675 1526 2964 1598 πρόκειται
2991 1521 3070 1593 τῷ
3116 1520 3261 1590 λόγῳ
3293 1518 3355 1571 τδ
3388 1517 3639 1616 aratur-oc

360 1638 607 1703 exordio,
667 1638 972 1707 intelligere
1032 1635 1315 1692 auditores
1341 1606 1617 1703 Iarbitror,
1670 1648 1798 1706 quot

2142 1642 2144 1651 ν
2187 1622 2296 1675 τῶν
2346 1621 2507 1673 θείων
2548 1618 2726 1691 ῥητῶν
2774 1615 3030 1687 θεωρίας.
3092 1608 3351 1672 Πολύςδὲ
3394 1607 3489 1707 sta
3536 1606 3640 1674 τῆς

338 552 561 608 felicem
582 566 645 607 ac
679 566 1018 623 prosperam.
1053 548 1314 617 Adeoque
1347 547 1461 602 voti
1494 550 1664 601 totius
1700 560 1915 601 summa

360 1740 461 1799 pro
509 1729 897 1800 perspicuitate
937 1730 1140 1801 ingenii
1185 1729 1269 1784 sui
1300 1727 1435 1799 quid
1467 1728 1811 1799 propositum
1850 1742 1942 1784 no-

362 1820 451 1877 his
491 1821 583 1887 sit,
617 1820 827 1876 vident.
862 1819 1076 1876 Etenim
1125 1822 1321 1891 ingens
1367 1834 1520 1875 mare
1551 1819 1942 1875 consideratio-

366 1915 452 1969 nis
481 1912 794 1967 divinorum
829 1912 1118 1967 verborum
1152 1911 1312 1967 nobis
1344 1910 1685 1981 propositum
1721 1919 1845 1976 est;
1889 1918 1945 1967 et

366 2006 561 2075 ampla:
591 2004 692 2059 hac
722 2019 787 2060 ex
820 2003 1170 2071 navigatione
1210 2001 1540 2073 cognitionis
1565 2016 1699 2072 opes
1726 2017 1947 2072 speran—

369 2101 458 2149 tur
488 2112 501 2149 :
531 2106 584 2149 et
618 2096 855 2148 animata
894 2092 1052 2148 navis
1090 2092 1228 2156 haec,
1253 2090 1517 2144 nimirum
1563 2087 1807 2144 Ecclesia
1843 2103 1944 2144 no-

369 2191 505 2247 stra,
541 2191 657 2237 toto
695 2181 814 2250 ejus
843 2180 1078 2235 collecto
1114 2192 1368 2248 corpore,
1399 2179 1556 2246 quasi
1592 2188 1852 2248 provecta
1892 2177 1949 2233 in

369 2274 564 2340 altum,
599 2271 667 2327 ad
717 2269 1088 2327 enarrationis
1139 2278 1346 2326 nostra:
1394 2268 1565 2324 veluti
1610 2269 1833 2325 divitias
1864 2268 1951 2324 in-

372 2371 521 2418 tenta
560 2370 665 2418 est.
704 2360 902 2417 Verum
939 2362 1117 2416 oratio
1151 2369 1363 2426 nostra,
1397 2375 1520 2431 quae
1569 2362 1952 2432 gubernatoris

372 2452 548 2509 oﬂicio
580 2450 847 2523 fungitur,
878 2467 988 2506 non
1016 2450 1170 2522 prius
1199 2451 1416 2505 clavum
1447 2450 1504 2504 in
1533 2465 1731 2505 manus
1761 2454 1947 2515 sumit,

373 2557 539 2613 quam
581 2545 841 2597 universe
892 2548 1067 2597 totum
1111 2540 1267 2596 navis
1310 2539 1477 2608 hujus
1515 2552 1717 2609 corpus
1767 2545 1951 2593 votum

375 2634 486 2689 Deo
520 2634 704 2695 faciat,
739 2640 800 2687 ut
828 2633 876 2688 is
910 2632 1117 2703 aspiret
1146 2631 1309 2686 nobis
1363 2629 1510 2685 sacri
1539 2629 1779 2700 Spiritus
1819 2631 1953 2695 vim,

376 2726 883 2797 ongitationumque
927 2723 1128 2779 ﬂuctus
1176 2732 1409 2787 moveat,
1455 2736 1521 2776 ac
1562 2736 1661 2791 per
1688 2721 1791 2777 hos
1831 2736 1956 2776 orao

377 2819 580 2873 tionem
620 2827 867 2873 nostram
912 2816 1071 2886 quasi
1120 2828 1381 2886 prospera
1428 2813 1777 2884 navigatione
1822 2830 1961 2884 qua~

2047 1714 2322 1777 ναυτιλίας
2349 1712 2554 1782 ταύτης
2579 1712 2608 1763 ὁ
2640 1709 2739 1779 τῆς
2761 1707 3016 1777 γνώσεως
3052 1701 3283 1765 πλοῦτος
3311 1696 3601 1761 ὲλπίζεται
3619 1712 3638 1723 ·

2049 1808 2083 1878 ἠ
2122 1806 2179 1859 δὲ
2219 1803 2461 1876 ἔμψυχος
2509 1801 2648 1872 αὓτη
2675 1798 2807 1862 ναῦς
2873 1795 3169 1865 Ἐκκλησία
3193 1831 3210 1856 ,
3251 1791 3312 1843 ὲν
3353 1786 3525 1841 παντὶ
3560 1785 3644 1853 τῷ

2053 1899 2167 1970 ἰδίῳ
2217 1895 2542 1967 πληρώματι
2587 1892 2723 1964 πρὸς
2761 1890 2851 1944 τὸν
2901 1885 3131 1942 πλοῦτον
3182 1883 3281 1953 τῆς
3320 1879 3644 1970 ἐξηγήσεως

2054 1966 2239 2061 βλέπει
2293 1988 2583 2059 μετέωρος.
2644 1983 2783 2037 Ἀλλ’
2832 1982 2894 2036 οὐ
2943 1979 3211 2052 πρότερον
3254 1976 3492 2061 ἅπτεται
3531 1966 3645 2020 τῶν

2051 2059 2252 2134 οἰάκων
2293 2080 2322 2131 ὁ
2350 2077 2693 2148 κυϐερνήτης
2722 2074 2878 2143 λόγος
2903 2113 2918 2137 ,
2947 2071 3077 2142 πρὶν
3104 2069 3169 2121 ὲκ
3201 2061 3382 2119 κοινοῦ
3413 2059 3647 2130 γένηται

2050 2171 2146 2226 τοῦ
2180 2169 2546 2242 πληρώματος
2572 2167 2673 2238 τῆς
2705 2163 2833 2236 νηὸς
2865 2165 2900 2234 ἡ
2930 2161 3083 2231 εὐχὴ,
3113 2158 3189 2220 ὡς
3226 2150 3561 2206 ὲπιπνεύσαί
3585 2166 3645 2200 τε

2054 2266 2186 2335 ἡμῖν
2212 2264 2310 2332 τὴν
2349 2261 2444 2316 τοῦ
2491 2259 2648 2328 ἁγίου
2677 2254 2996 2326 Πνεύματος
3017 2250 3247 2318 δύναμιν
3267 2285 3282 2310 ,
3325 2243 3425 2298 καὶ
3456 2243 3652 2295 ἀνακι-

2055 2360 2218 2431 νῆσαι
2264 2358 2370 2412 τῶν
2400 2358 2686 2428 νοημάτων
2710 2355 2781 2407 τὰ
2823 2350 3065 2421 κύματα,
3098 2346 3195 2401 καὶ
3234 2344 3302 2397 δι’
3344 2336 3533 2395 αὐτῶν
3563 2335 3653 2387 εὐ-

2057 2425 2323 2505 πνοοῦντα
2352 2425 2686 2521 προαγαγεῖν
2723 2445 2788 2500 δι’
2824 2442 3037 2505 εὐθείας
3058 2438 3150 2492 τὸν
3177 2436 3333 2503 λόγον
3358 2446 3372 2460 ·
3400 2429 3472 2483 ἵν’
3506 2425 3657 2480 οὕτω

2057 2540 2305 2611 πελάγιοι
2325 2542 2413 2596 διὰ
2440 2541 2537 2611 τῆς
2565 2539 2799 2612 θεωρίας
2820 2538 3126 2607 γενόμενοι,
3152 2532 3247 2584 τὸν
3268 2529 3365 2598 τῆς
3393 2521 3653 2612 γνώσεως

2060 2634 2286 2689 πλοῦτον
2325 2611 2799 2704 ὲμπορευσώμεθα
2824 2670 2838 2695 ,
2881 2629 3040 2695 εἴπερ
3070 2622 3213 2677 ἔλθοι
3233 2619 3324 2673 διὰ
3341 2616 3449 2670 τῶν
3473 2611 3655 2684 εὐχῶν

2061 2727 2216 2799 ὐμῶν
2246 2727 2307 2780 τὸ
2340 2725 2566 2798 Πνεῦμα
2604 2725 2666 2777 τὸ
2704 2722 2860 2790 ἆγιον
2888 2721 2982 2774 ἐπὶ
3008 2718 3100 2772 τὸν
3121 2715 3304 2784 λόγον,
3335 2711 3432 2766 καὶ
3469 2705 3662 2775 πλήσῃ

2064 2817 2127 2871 τὸ
2153 2818 2341 2871 ἱστίον.

379 2912 503 2966 dam
570 2920 814 2966 utentem
884 2920 1031 2965 recta
1089 2907 1325 2963 deducat
1370 2925 1385 2961 :
1440 2913 1501 2960 ut
1543 2905 1646 2961 hoc
1712 2905 1876 2961 modo
1919 2907 1976 2962 in
2021 2910 2191 2964 altum
2246 2925 2343 2980 per
2403 2906 2916 2977 contemplationem
2985 2897 3266 2972 provecti,
3326 2888 3659 2962 cognitionis

380 3022 513 3077 apes
546 3007 714 3062 veluti
747 3020 962 3061 merces
1000 3003 1268 3074 quasdam
1296 3017 1706 3072 comparemus,
1755 3003 1801 3057 si
1878 3001 2022 3061 forte
2095 3022 2192 3079 per
2217 3014 2429 3063 vestras
2458 3021 2649 3076 preces
2678 3015 2737 3058 ut
2765 3000 2999 3057 orationi
3026 3005 3229 3053 nostra:
3257 2993 3421 3047 ﬂatus
3450 2990 3546 3045 ille
3575 3002 3662 3043 sa—

382 3116 478 3157 cer
508 3099 785 3155 secundus
816 3100 909 3163 sit,
944 3108 996 3154 et
1027 3098 1146 3152 vela
1175 3097 1423 3166 impleat,
1457 3097 1798 3166 impetretur.

455 3193 588 3251 Esto
621 3201 802 3249 autem
831 3193 1101 3249 orationis
1133 3192 1346 3247 initium
1377 3193 1496 3263 ipsa
1531 3194 1898 3264 proiectorum
1934 3209 1965 3249 a
1997 3199 2041 3258 α

391 3286 599 3357 Spiritu
633 3284 822 3340 divino
856 3285 1151 3339 verborum
1189 3285 1663 3350 commemoratio,
1698 3300 1820 3356 qua:
1854 3285 1974 3355 qui-

392 3378 515 3433 dem
547 3392 778 3447 prorsus
815 3376 929 3433 hate
968 3383 1119 3433 sunt:
1155 3373 1382 3432 Surrexi
1430 3377 1690 3447 equidem,
1719 3385 1775 3429 ut
1808 3377 1977 3444 aperi-

394 3468 505 3524 rem
540 3478 762 3539 cognato
806 3484 939 3522 meo.
984 3466 1179 3522 Manus
1212 3483 1341 3521 mea:
1373 3467 1649 3522 stillarum
1683 3466 1973 3538 myrrham,

397 3562 550 3633 digiti
585 3562 686 3616 mei
717 3565 993 3631 myrrham
1023 3561 1254 3612 uberem.
1295 3556 1416 3614 Non
1444 3573 1608 3628 posse
1651 3566 1831 3614 autem
1873 3559 1981 3613 alia

397 3657 610 3712 ratione
641 3654 780 3720 fieri,
800 3661 859 3708 ut
893 3653 1078 3707 vivum
1108 3650 1348 3708 Verbum
1385 3650 1456 3707 sit
1487 3651 1543 3705 in
1576 3650 1760 3716 nobis,
1781 3666 1978 3722 purus,

401 3749 650 3819 inquam,
685 3745 780 3801 ille
808 3751 864 3800 et
897 3742 1259 3814 incorporeus
1288 3757 1546 3812 sponsus,
1598 3743 1693 3813 qui
1727 3757 1825 3812 per
1879 3742 1983 3796 im-

402 3837 796 3894 mortalitatem
827 3851 893 3891 ac
928 3834 1277 3892 sanctitatem
1313 3834 1420 3891 sibi
1471 3834 1711 3888 animam
1741 3833 1983 3903 copulat,

404 3930 514 3986 nisi
547 3930 673 4000 quis
707 3927 955 3983 necando
985 3926 1229 3982 membra
1261 3940 1361 3980 sua
1383 3935 1619 3989 terrena,
1651 3925 1837 3979 carnis
1865 3938 1990 3978 cor-

410 4021 584 4074 tinam
614 4017 925 4084 sustulerit,
953 4024 1116 4085 atque
1144 4014 1221 4067 ita
1244 4012 1425 4068 Verbo
1441 4014 1645 4068 ostium
1689 4011 1986 4082 aperuerit,

412 4128 511 4183 per
544 4109 691 4181 quod
718 4110 774 4163 in
806 4108 1049 4163 animam
1101 4104 1472 4175 ingrediatur:
1495 4106 1552 4159 id
1594 4119 1725 4159 vero
1758 4103 1992 4158 manife-

411 4213 558 4261 stum
583 4210 667 4258 est
700 4215 809 4255 non
843 4197 1006 4253 modo
1034 4214 1102 4253 ex
1153 4195 1358 4251 divinis
1395 4194 1641 4265 Apostoli
1698 4194 1991 4266 dogmatis,

413 4296 512 4354 sed
546 4296 710 4351 etiam
740 4307 805 4348 ex
847 4290 936 4355 iis,
965 4304 1088 4361 quae
1124 4287 1212 4343 hic
1239 4302 1270 4342 a
1301 4301 1506 4358 sponsa
1539 4286 1819 4341 dicuntur.
1858 4283 1997 4339 Sur-

413 4386 552 4452 rexi,
579 4384 680 4447 ait,
707 4389 767 4437 ut.
789 4379 1059 4451 aperirem
1092 4384 1327 4448 cognato
1351 4389 1495 4440 meo,
1521 4374 1686 4444 idque
1713 4372 1996 4429 efﬁciendo

415 4491 480 4530 ex
517 4474 773 4529 manibus
832 4472 971 4527 meis
1036 4470 1271 4541 myrrhae
1333 4466 1536 4534 fontes,
1583 4481 1615 4521 e
1651 4466 1853 4536 quibus
1896 4465 2000 4519 hoc

2161 3196 2328 3268 Ἀρχὴ
2364 3194 2423 3248 δὲ
2478 3187 2719 3259 γενέσθω
2769 3184 2865 3239 τοῦ
2920 3183 3080 3251 λόγου
3127 3177 3238 3231 τῶν
3288 3171 3665 3268 θεοπνεύστων

2079 3260 2337 3362 ρημάὶὶὸέο
2384 3287 2416 3355 ἡ
2452 3282 2663 3354 μνήμη.
2703 3279 2795 3331 ἐπὶ
2822 3275 3021 3340 λέξεως
3046 3271 3240 3341 ιχουσα
3267 3266 3474 3362 οὖτος..
3505 3260 3663 3317 κενέ-

2077 3353 2235 3442 ira-nr
2263 3370 2379 3442 ἐγὼ
2407 3353 2659 3434 γάνοῐξαι
2704 3362 2783 3431 τῷ
2808 3358 3110 3431 ἀδελφιδῷ
3132 3375 3272 3428 μου.
3310 3353 3514 3421 Χεζρές
3547 3367 3667 3422 μου

2080 3463 2348 3529 ἕσταξαν
2411 3461 2719 3531 σμύρναν,
2774 3457 2829 3509 οἱ
2887 3449 3181 3506 δάκτυλοί
3223 3464 3342 3517 μου
3394 3445 3666 3531 σμύρκαν

2083 3555 2306 3624 πλήρη.
2349 3530 2475 3606 ’Ὀτι
2507 3552 2606 3620 μὲν
2644 3546 2744 3600 οὐκ
2773 3544 2920 3597 ἐστιν
2958 3543 3015 3595 ἐν
3043 3540 3175 3610 ἡμῖν
3199 3535 3376 3624 ἄλλως
3418 3530 3667 3624 γενέσθαι

2083 3647 2174 3701 τὸν
2210 3623 2392 3708 γζῶντα
2424 3641 2618 3708 Λόγον,
2650 3636 2740 3689 τὸν
2769 3631 3007 3703 καθαρὸν
3048 3627 3191 3696 λέγω
3235 3625 3330 3678 καὶ
3356 3623 3667 3692 ἀσήμαντον

2084 3735 2337 3808 νυμφίον,
2380 3731 2469 3785 τὸν
2494 3729 2562 3784 δι’
2587 3724 2894 3798 ἀφθαρσίας
2936 3720 3030 3774 καὶ
3056 3717 3343 3808 ἁγιότητος
3372 3711 3550 3808 ἑαυτῷ

2084 3802 2264 3898 ψυχὴν
2302 3821 2694 3886 συνοικίζοντα,
2725 3819 2773 3870 εἰ
2808 3816 2883 3887 μή
2931 3830 3018 3877 τις
3044 3811 3135 3865 διὰ
3172 3806 3267 3862 τοῦ
3295 3803 3562 3898 νεκρῶσαι
3601 3802 3669 3855 τὰ

2252 3917 2323 3969 τὰ
2347 3914 2439 3967 ἐπὶ¹
2468 3912 2567 3983 τῆς
2588 3911 2690 3980 γῆς
2723 3905 3035 3990 περιέλοιτον
3052 3902 3113 3955 τὸ
3142 3901 3242 3969 τῆς
3270 3896 3470 3990 capite;
3498 3911 3672 3990 παραῖ

2092 3982 2382 4077 πέτασμα,
2410 4003 2504 4057 καὶ
2528 3982 2716 4061 οὕτως
2755 3994 2956 4059 άνοίξοι
2971 3988 3050 4059 τῷ
3070 3991 3225 4059 Λόγῳ
3251 3987 3350 4059 τὴν
3383 3984 3585 4077 θύραν,Δ
3603 3982 3669 4034 δι’

2090 4093 2159 4171 ἦς
2193 4073 2403 4166 εἰςντὴν
2432 4091 2608 4162 ψυχὴν
2639 4086 2987 4151 εἰσοικίζεται
3015 4101 3028 4112 ·
3059 4080 3214 4151 δῆλόν
3245 4080 3393 4131 ἐστιν
3432 4075 3491 4127 οὐ
3521 4073 3670 4171 μόνον

2092 4164 2158 4244 ὲκ
2191 4188 2296 4242 τῶν
2326 4164 2484 4242 θείων
2516 4182 2609 4238 τοῦ
2650 4177 2974 4233 Ἀποστόλου
2995 4171 3306 4243 δογμάτων,
3336 4167 3452 4221 ἀλλ’
3480 4168 3543 4219 ἐκ
3569 4164 3671 4217 τῶν

2098 4281 2194 4336 νῦν
2250 4277 2557 4350 εἰρημένων
2605 4271 2756 4344 παρὰ
2806 4270 2907 4340 τῆς
2947 4267 3189 4338 νύμφης.
3244 4260 3497 4330 ’Δνέστην
3545 4258 3669 4328 γάρ,

2099 4374 2285 4445 φησὶν,
2314 4369 2525 4434 ἀνοῖξαι
2574 4366 2653 4438 τῷ
2696 4361 2964 4432 ἀδελφιδῷ
2998 4376 3098 4430 μου
3121 4375 3135 4389 ο
3180 4354 3271 4409 διὰ
3314 4352 3407 4408 τοῦ
3454 4351 3666 4445 ποιῆσαι

2098 4442 2196 4530 τὰς
2250 4463 2441 4535 χεῖράς
2482 4478 2584 4532 μου
2632 4459 2731 4530 τῆς
2778 4455 3026 4526 σμύρνης
3073 4447 3292 4519 πηγὰς,
3339 4445 3432 4514 ἀφ’
3472 4442 3667 4496 ἑαυτῶν

416 4578 604 4619 aroma
635 4561 890 4634 proﬂuat,
921 4571 975 4616 et
994 4536 1327 4619 declaranda
1354 4556 1557 4629 digitos
1588 4571 1739 4612 meos
1773 4570 1798 4610 ιι

2145 4556 2336 4617 εούσας
2354 4555 2413 4608 τὸ
2434 4553 2655 4624 άρωμα,
2685 4549 2779 4602 καὶ
2802 4547 3076 4617 πλήρωμα
3094 4541 3205 4595 τῶν
3222 4537 3497 4634 δακτύλων
3513 4536 3667 4600 δεῖξαι

415 4671 541 4714 esse
570 4655 831 4725 repletos.
866 4650 1001 4707 Nam
1034 4652 1123 4706 bis
1156 4651 1338 4706 verbis
1368 4650 1589 4704 modum
1620 4647 1848 4714 indicat,
1884 4662 1996 4717 quo

418 4748 700 4819 aperiatur
725 4743 924 4801 ostium
957 4757 1184 4814 sponso:
1220 4740 1450 4796 Surrexi
1496 4748 1786 4810 propterea
1850 4737 1999 4808 quod

420 4841 636 4912 sepulta
661 4852 787 4895 cum
816 4852 882 4893 eo
902 4835 1102 4892 fuerim
1139 4849 1234 4903 per
1266 4833 1605 4903 baptismum
1648 4833 1705 4886 in
1738 4837 1998 4886 mortem.

418 4929 540 4988 Non
588 4932 740 4987 enim
789 4926 1124 4985 resurrectio
1160 4923 1461 4995 quidquam
1507 4922 1844 4979 edicacitatis
1904 4922 2003 4975 ha-

420 5027 660 5092 buisset,
701 5024 809 5080 nisi
866 5018 1219 5075 mortilicatio
1259 5018 1571 5072 voluntaria
1605 5015 2004 5087 praecessisset.

426 5117 739 5175 Voluntarii
791 5123 976 5171 autem
1030 5109 1298 5167 indicium
1327 5117 1412 5164 est
1467 5107 1813 5163 stillicidium
1871 5106 2006 5161 illud

425 5214 663 5286 myrrhae
709 5209 932 5265 ﬂuentis
974 5222 1042 5262 ex
1072 5204 1248 5274 ipsius
1303 5203 1580 5265 manibus,
1631 5208 1686 5257 et
1715 5200 1864 5270 quod
1904 5199 2009 5254 hoc
2053 5247 2060 5253 .

428 5315 674 5360 aromate
701 5302 856 5372 digiti
896 5300 1018 5370 ejus
1054 5295 1337 5352 abundare
1371 5293 1648 5348 dicantur.
1695 5289 1814 5346 Non
1862 5290 2006 5345 enim

430 5396 654 5450 aliunde
684 5392 963 5463 myrrham
995 5390 1052 5447 in
1083 5401 1307 5443 manum
1363 5385 1541 5456 ipsius
1591 5385 1669 5439 ait
1698 5384 2005 5454 pervenire.

430 5482 569 5538 Nam
597 5483 644 5535 si
693 5496 786 5534 res
831 5481 906 5532 ita
947 5493 1006 5533 se
1055 5475 1304 5537 haberet,
1343 5472 1771 5529 existimandum
1829 5479 2011 5537 esset,

438 5572 655 5628 aliunde
688 5578 894 5631 ortum,
925 5576 980 5622 et
1018 5564 1242 5636 quidem
1278 5564 1397 5634 ipsa
1427 5566 1593 5619 invita
1626 5565 1675 5620 ei
1705 5563 1969 5618 accidisse
1989 5602 2004 5623 .

440 5667 584 5736 quod
621 5677 718 5733 per
762 5660 1042 5734 myrrham
1096 5656 1460 5727 signiﬁcatur.
1505 5657 1771 5713 Nimirum
1809 5671 2006 5711 manus

2108 4625 2207 4720 τὴν
2237 4647 2500 4720 σμύρναν.
2556 4643 2659 4696 Τὸν
2706 4639 2815 4711 γὰρ
2860 4636 3061 4708 τρόπον
3093 4633 3159 4687 δι’
3194 4625 3253 4685 οὗ
3300 4630 3574 4720 ἀνοίγεται.
3600 4627 3669 4720 τῷ

2109 4717 2327 4811 νυμφίῳ
2428 4735 2586 4806 θύρα,
2615 4731 2749 4803 φησί
2771 4729 2861 4783 διὰ
2882 4727 2989 4781 τῶν
3024 4721 3329 4796 εἰρημένων
3350 4737 3361 4750 ·
3402 4722 3479 4811 ὅτι
3504 4717 3590 4811 ᾼιὰ
3614 4718 3667 4766 τὸ

2111 4808 2446 4897 ωνταφῆναι
2481 4823 2629 4894 αὐτῷ
2668 4821 2758 4875 διὰ
2780 4818 2872 4872 τοῦ
2904 4813 3213 4889 βαπτισμοῦ
3237 4813 3318 4875 εἰς
3341 4811 3431 4863 τὸν
3459 4808 3667 4862 θάνατον

2110 4920 2367 4991 ἀνέστην.
2396 4916 2474 4970 Οὐ
2494 4913 2603 4986 γὰρ
2629 4912 2695 4966 ἂν
2713 4912 3012 4983 ἐνήργησεν
3038 4908 3072 4975 ἡ
3104 4904 3419 4964 ἀνάστασις,
3446 4899 3520 4991 μὴ

2112 4989 2576 5080 καθηγησαμένης
2603 5003 2703 5075 τῆς
2727 5000 2975 5055 ἑκουσίου
3004 4996 3348 5067 νεκρότητος.
3396 4989 3670 5043 Ἐνδείκνυο

2110 5119 2203 5157 ται
2224 5100 2280 5154 δὲ
2302 5101 2365 5155 τὸ
2385 5099 2629 5154 ἑκούσιον
2657 5097 2690 5166 ἡ
2722 5098 2787 5148 ὲκ
2813 5091 2921 5145 τῶν
2943 5088 3142 5161 χειρῶν
3159 5085 3330 5156 αὐτῆς
3348 5081 3670 5153 ἀπορρέουσα

2113 5196 2213 5267 τῆς
2242 5194 2486 5266 σμύρνης
2526 5187 2763 5258 σταγὼν,
2793 5185 2888 5239 καὶ
2916 5184 2979 5237 τὸ
3001 5176 3394 5251 πεπληρῶσθαι
3415 5177 3534 5267 τούς
3557 5174 3671 5267 δακ-

2113 5264 2304 5350 τύλους
2322 5264 2491 5354 αὐτῆς
2517 5280 2613 5335 τοῦ
2640 5278 2933 5352 ἀρώματος
2960 5273 3171 5329 τούτου.
3198 5270 3273 5324 Οὐ
3303 5268 3408 5337 γὰρ
3431 5264 3672 5336 ἑτέρωθεν

2117 5378 2436 5451 ἐγγενέσθαι
2468 5377 2534 5444 τῇ
2578 5371 2722 5444 χειρὶ
2748 5369 2897 5437 λέγει
2936 5366 3035 5439 τὴν
3075 5362 3339 5435 σμύρναν.
3383 5358 3453 5413 Ἦ
3485 5358 3587 5429 γὰρ
3617 5358 3670 5451 ,ἦν

2123 5448 2382 5542 ἐνομίσθη
2420 5467 2508 5521 διὰ
2548 5464 2770 5535 τούτου,
2815 5456 3200 5530 περιστατικὸν
3237 5454 3376 5523 αὐτῇ
3411 5452 3496 5503 καὶ
3526 5448 3670 5503 ἀκού-

2120 5536 2231 5617 σιον
2261 5536 2536 5630 συμϐῆναι
2563 5557 2624 5611 τὸ
2659 5556 2748 5610 διὰ
2775 5554 2873 5625 τῆς
2896 5550 3142 5622 σμύρνης
3162 5546 3502 5619 δηλούμενον.
3543 5536 3669 5594 Ἀλλ’

2117 5655 2285 5718 αὐτάς
2310 5669 2440 5722 φησι
2482 5650 2579 5713 τὰς
2610 5650 2793 5719 χεῖρας
2829 5641 3122 5716 (σημαίνει
3153 5639 3207 5691 δὲ
3241 5637 3331 5692 διά
3366 5634 3469 5688 τῶν
3495 5631 3669 5705 χειρῶν
