3756 5988
319 199 450 254 lDl’)

1505 200 1563 256 S.
1605 201 1932 259 GBEGORll
1971 198 2266 258 NYSSENI

3432 199 3576 256 1020

311 317 536 388 statuo)
563 317 727 372 animi
758 318 930 374 nostri
962 319 1187 384 electio,
1221 335 1341 391 quae
1380 323 1638 392 praeclare
1670 323 1724 379 in
1769 340 1864 379 no-

2035 343 2062 376 ν
2107 320 2286 384 καλῶς
2323 319 2436 390 ἔχει
2488 321 2582 374 τὸν
2630 320 2965 392 προφητικὸν
2994 320 3348 393 ζηλώσαντας
3389 322 3572 391 λόγον,

311 409 398 466 bis
433 425 560 464 cum
621 409 852 478 imperio
887 417 1103 478 praeest.
1171 409 1448 466 Laudatur
1485 414 1630 468 enim
1656 454 1670 478 ,
1730 415 1876 485 quod

312 499 428 555 heri
459 501 545 555 sui
579 498 838 553 familiam
871 501 1002 564 alat,
1047 499 1210 570 idque
1234 504 1479 557 necando
1509 504 1873 560 adversantia.

309 587 444 642 Nam
476 589 691 642 illorum
744 588 996 642 interitus
1046 589 1362 642 alimentum
1403 597 1506 653 est,
1567 598 1621 643 et
1669 590 1877 645 sanitas

311 680 622 734 meliorum.
649 678 852 734 Contra
878 680 1215 748 vituperatur
1243 681 1472 751 ignavus
1491 682 1578 736 ille
1599 698 1790 736 servus
1809 682 1875 744 ⁸¹,

311 772 403 842 qui
435 780 716 841 propterea
749 771 896 840 quod
929 787 1051 825 cum
1097 773 1410 829 temulentis
1440 782 1708 838 versetur,
1754 789 1873 828 ver-

311 863 537 918 beribus
590 861 683 916 Dci
745 862 1008 917 familiam
1063 865 1460 919 contumeliose
1524 864 1706 920 allicit.
1743 864 1880 918 Nam

311 969 438 1008 vere
461 954 634 1007 virtus
659 955 904 1024 vapulat,
950 969 1074 1008 cum
1111 955 1243 1009 vitia
1281 955 1495 1011 ﬂorent.
1541 956 1883 1026 Quapropter

312 1049 458 1096 recte
481 1041 676 1097 facturi
710 1059 924 1106 sumus,
949 1043 994 1098 si
1021 1045 1244 1098 verbum
1268 1045 1400 1098 illud
1424 1037 1578 1096 Vatis
1596 1045 1789 1098 imitati
1809 1046 1878 1110 ⁸³,

313 1133 640 1186 matutinam
689 1134 850 1188 nobis
893 1135 1082 1188 horam
1127 1136 1522 1190 constituemus
1568 1136 1636 1190 ad
1675 1136 1881 1190 interli-

313 1221 567 1276 ciendum
602 1239 791 1278 omnes
821 1232 1133 1293 peccatores
1159 1233 1336 1288 terrae,
1381 1233 1436 1279 et
1473 1225 1540 1280 ad
1579 1227 1875 1280 tollendum

311 1327 343 1368 e
381 1313 602 1368 civitate
637 1314 728 1369 Dei
763 1315 929 1385 (qua:
977 1316 1175 1370 civitas
1208 1315 1390 1369 anima
1419 1317 1540 1383 est)
1571 1331 1759 1372 omnes
1791 1331 1874 1370 ra-

313 1401 699 1459 tiocinationes
731 1403 1079 1475 designantes
1128 1406 1494 1474 iniquitatem,
1531 1422 1759 1475 quarum
1795 1407 1882 1459 in-

1984 413 2197 482 πρωῖαν
2239 413 2451 474 ἑαυτοῖς
2497 414 2690 476 ποιεῖν,
2737 412 2824 465 διὰ
2862 409 2957 464 τοῦ
3003 414 3321 467 ἀποκτεῖναι
3359 415 3571 475 πάντας

1981 499 2106 562 τοὺς
2149 498 2504 568 ἁμαρτωλοὺς
2535 497 2636 568 τῆς
2665 498 2787 568 γῆς,
2815 498 2908 552 τοῦ
2949 499 3327 570 ἐξολοθρεῦσαι
3362 503 3428 552 ἐκ
3467 501 3569 552 πό-

1981 590 2116 653 λεως
2145 589 2344 660 Κυρίου
2378 588 2553 660 (ψυχὴ
2593 590 2649 643 δὲ
2687 591 2720 661 ή
2755 590 2947 659 πόλις)
2985 593 3193 654 πάντας
3221 592 3350 654 τοῦς
3384 592 3567 658 λογισ-

1988 683 2124 752 μοὺς
2170 682 2295 743 τοὺς
2339 681 2740 750 ἐργαζομένους
2770 682 2868 752 τὴν
2910 683 3172 754 ἀνομίαν,
3218 676 3295 737 ὧν
3348 683 3566 750 ὃλεθρος

1984 771 2097 842 ζωὴ
2127 772 2333 839 γίνεται
2361 763 2470 824 τῶν
2493 773 2816 842 ἀμεινόνων.
2844 771 3030 836 Οὕτως
3051 770 3142 828 οὖν
3167 774 3254 827 διά
3283 774 3380 826 τοῦ
3408 773 3565 826 θανά-

1979 879 2074 916 του
2117 862 2322 933 ζῶμεν,
2351 863 2476 916 ὅταν
2505 861 2613 915 τῶν
2637 864 2693 915 ἐν
2717 864 2868 933 ἡμῖν,
2899 863 3078 927 καθὼς
3103 882 3265 934 φησιν
3288 867 3316 917 6
3342 865 3566 933 Προφή-

1989 971 2108 1026 της,
2138 953 2228 1007 τὸν
2261 954 2359 1024 μὲν
2381 953 2697 1025 ἀποκτείνῃ,
2738 954 2830 1008 τὸν
2851 955 2907 1007 δὲ
2938 955 3252 1026 ζωοποιήσῃ
3283 957 3312 1008 6
3335 955 3509 1022 A670;
3535 956 3566 1007 6

1978 1048 2175 1102 εἰπών·
2220 1047 2362 1117 Ἐγὼ
2397 1049 2724 1112 ἀποκτενῶ,
2762 1049 2858 1102 καί
2898 1047 3257 1113 ζωοποιήσω.
3303 1051 3396 1112 Ὠς
3421 1051 3514 1101 καὶ
3538 1049 3566 1101 6

1980 1135 2192 1198 Παῦλος
2228 1135 2514 1190 ἀποθανὼν
2547 1136 2665 1206 ἔζη,
2702 1138 2794 1190 καὶ
2822 1136 3061 1189 ἀσθενῶν
3082 1137 3316 1206 ἐνίσχυε,
3353 1137 3452 1188 καὶ
3487 1135 3568 1187 δε-

1980 1227 2036 1280 δε
2045 1227 2203 1295 μένος
2221 1228 2440 1298 ἐνήργει
2467 1227 2556 1281 τὸν
2576 1227 2795 1298 δρόμον,
2822 1228 2915 1283 καὶ
2945 1228 3239 1298 πτωχεύων
3261 1225 3566 1292 ἐπλούτιζε,

1981 1317 2074 1369 καλ⁸
2101 1317 2275 1370 πάντα
2297 1320 2545 1387 κατεῖχεν
2567 1317 2706 1389 ἔχων
2726 1319 2895 1382 οὐδὲν,
2923 1319 3152 1372 πάντοτε
3174 1319 3270 1390 τὴν
3297 1319 3572 1390 νέκρωσιν

1992 1409 2086 1462 τοῦ
2124 1409 2298 1478 Ἰησοῦ
2329 1411 2387 1462 ἐν
2407 1410 2484 1480 τῷ
2517 1409 2727 1480 σώματι
2753 1410 3084 1482 περιφέρων.

311 1495 508 1550 teritus
557 1495 842 1548 meliorum
890 1495 1000 1547 vita
1043 1501 1147 1549 est.
1205 1495 1392 1564 Itaque
1433 1496 1534 1549 hoc
1590 1496 1753 1549 modo
1785 1511 1881 1564 per
1919 1507 2149 1553 mortem
2182 1499 2439 1563 vivimus,
2469 1515 2592 1554 cum
2622 1515 2684 1556 ea
2711 1515 2832 1570 quae
2875 1510 3004 1555 sunt
3060 1501 3114 1554 in
3149 1500 3307 1555 nobis
3350 1491 3573 1564 (qucrn-

313 1583 606 1640 admodum
635 1581 902 1651 Propheta
929 1582 1209 1655 loquitur)
1255 1584 1447 1652 partim
1482 1584 1682 1637 occidit
1739 1582 2012 1652 Verbum,
2046 1587 2248 1655 partim
2319 1587 2572 1650 vivillcat,
2623 1587 2766 1642 sicut
2812 1587 2929 1656 ipse
3002 1587 3218 1657 inquit:

3299 1587 3411 1658 Ego
3486 1589 3573 1642 in-

320 1675 574 1743 ter/Sciam
607 1682 656 1727 et
690 1674 962 1742 viviﬁcabo
991 1674 1056 1726 ⁸³.
1118 1673 1238 1739 Quo
1277 1684 1433 1744 pacto
1467 1675 1666 1730 Paulus
1719 1676 1883 1730 etiam
1924 1687 2173 1734 mortuus
2207 1679 2442 1747 vivebat,
2481 1679 2790 1734 imbecillus
2818 1680 2964 1735 vires
3028 1679 3283 1744 habebat,
3347 1683 3570 1735 vinctus

314 1780 538 1820 cursum
573 1763 904 1833 perﬁciebat,
937 1772 1256 1840 paupertate
1292 1782 1517 1835 pressus
1545 1767 1699 1821 dives
1727 1777 1864 1834 erat,
1901 1768 2038 1822 nihil
2069 1785 2193 1823 cum
2222 1771 2464 1837 haberet,
2498 1771 2733 1826 habebat
2793 1771 2993 1836 omnia,
3059 1786 3272 1840 semper
3335 1773 3572 1826 mortiﬁ-

311 1858 582 1912 cationem
621 1855 751 1912 Jesu
790 1858 846 1910 in
891 1872 1122 1926 corpore
1174 1872 1275 1911 suo
1303 1858 1784 1928 circumgestabat,
1819 1869 1873 1914 et
1908 1873 2123 1930 semper
2151 1863 2314 1915 vitam
2341 1862 2462 1930 ejus
2489 1863 2541 1916 in
2575 1878 2632 1916 se
2659 1862 2995 1916 declarabat.

387 1947 679 2003 Enimvero
732 1949 799 2002 ad
847 1947 941 2014 id,
990 1950 1137 2020 quod
1165 1953 1508 2022 pr0positum
1557 1953 1715 2007 nobis
1771 1960 1887 2016 est,
1922 1961 1963 2013 Β

317 2053 659 2095 revertamur
684 2058 698 2093 :
734 2041 991 2094 nimirum
1025 2042 1260 2095 animam
1289 2058 1384 2111 per
1408 2051 1637 2097 mortem
1662 2059 1692 2098 e
1717 2051 1891 2098 morte

316 2146 621 2200 resurgere.
661 2130 795 2185 Nam
836 2131 883 2187 si
923 2147 1033 2186 non
1093 2133 1378 2199 moriatur,
1428 2149 1642 2202 semper
1699 2144 1878 2190 manet

317 2229 554 2284 mortua,
595 2237 772 2292 neque
805 2222 931 2276 vita:
962 2237 1133 2291 capax
1167 2231 1273 2278 est.
1303 2224 1372 2276 At
1409 2225 1693 2287 moriendo
1724 2225 1888 2278 vitam

319 2312 701 2380 consequitur,
765 2312 915 2364 omni
994 2313 1330 2369 mortalitate
1393 2314 1661 2384 deposita.
1713 2315 1892 2385 Atque

319 2400 436 2454 hate
466 2401 624 2456 nobis
651 2402 900 2455 doctrina
936 2417 1002 2456 ex
1047 2401 1195 2456 dicto
1249 2403 1336 2457 hic
1372 2405 1656 2473 proposito
1690 2405 1891 2458 contir-

319 2501 526 2556 matur,
555 2508 679 2546 cum
709 2494 788 2548 sic
821 2494 1077 2564 loquatur
1103 2509 1344 2564 sponsa:
1379 2495 1600 2550 διεντεπὶ
1629 2495 1889 2564 equidem,

316 2592 376 2637 ut
405 2586 660 2652 aperirem
714 2595 932 2654 cognato
978 2603 1111 2642 meo.
1172 2584 1372 2641 Manus
1427 2603 1556 2641 mea:
1614 2587 1886 2641 stillarum

317 2676 610 2745 myrrham,
673 2676 827 2745 digiti
881 2679 982 2730 mei
1017 2678 1242 2747 myrrhae
1280 2678 1442 2747 pleni.
1478 2676 1546 2732 Et
1609 2679 1890 2748 myrrham

317 2768 514 2820 mortis
545 2781 665 2820 esse
697 2767 1022 2838 symbolum,
1053 2783 1212 2822 nemo
1237 2768 1499 2822 dubitarit
1526 2784 1739 2833 eorum,
1783 2768 1878 2838 qui

318 2859 492 2913 sacris
528 2857 580 2911 in
620 2857 844 2912 Litteris
896 2859 1095 2913 versati
1121 2867 1268 2914 sunt.
1311 2859 1414 2924 Qui
1469 2875 1596 2930 ergo
1628 2876 1777 2915 mors
1818 2875 1886 2915 ex

315 2958 490 3004 morte
515 2965 614 3003 nos
637 2949 887 3014 suscitat,
919 2950 986 3005 de
1021 2965 1087 3005 eo
1114 2951 1394 3020 requirere
1435 2951 1701 3020 quosdam
1765 2966 1892 3006 ora-

320 3042 526 3095 tionem
555 3041 971 3094 luculentiorem
1015 3041 1272 3093 arbitror.
1326 3041 1512 3106 Itaque
1541 3057 1642 3097 nos
1705 3041 1758 3094 id
1795 3058 1890 3096 ex-

322 3145 616 3202 ponemus,
652 3137 812 3198 prout
843 3144 872 3182 a
909 3129 1066 3183 nobis
1100 3130 1347 3198 praestari
1402 3133 1617 3196 poterit,
1675 3132 1891 3186 ordine-

316 3239 423 3290 que
454 3223 507 3275 in
547 3221 650 3275 hac
685 3219 1012 3273 tractatione
1045 3221 1476 3290 progrediemur.
1541 3222 1735 3276 Omnia
1772 3239 1889 3292 quae

318 3319 462 3373 Deus
488 3310 819 3372 condiderit,
854 3311 1011 3365 valde
1058 3312 1317 3380 prteclara
1361 3311 1581 3374 esse”,
1605 3313 1892 3368 Commen-

317 3405 492 3458 tarius
519 3402 585 3456 de
621 3410 744 3455 ortu
781 3400 969 3454 mundi
1011 3409 1264 3456 testatur.
1331 3401 1407 3455 Ex
1445 3404 1656 3472 reliquo
1706 3415 1886 3460 autem

317 3509 500 3549 rerum
557 3493 712 3546 valde
775 3493 1158 3561 praeclararum
1217 3508 1448 3547 numero
1499 3495 1663 3547 etiam
1729 3497 1891 3550 homo

318 3589 456 3648 erat,
486 3582 568 3636 vel
601 3582 781 3651 potius
806 3581 852 3634 is
880 3581 1038 3650 longe
1068 3595 1232 3649 supra
1255 3589 1451 3636 caetera
1480 3583 1892 3651 pulchritudine

317 3681 544 3728 ornatus
571 3679 706 3727 erat.
744 3670 884 3737 Quid
919 3671 1064 3724 enim
1103 3671 1250 3723 aliud
1284 3688 1406 3726 esse
1439 3681 1546 3726 tam
1581 3675 1864 3743 pulchrum

320 3766 514 3836 possit,
549 3780 709 3834 quam
752 3774 834 3818 est
864 3763 1012 3816 nulla
1055 3762 1268 3816 foedatae
1302 3763 1423 3818 labe
1471 3766 1892 3834 pulchritudinis

321 3853 661 3909 similitudo?
693 3850 810 3910 Jam
867 3852 911 3907 si
959 3851 1142 3904 omnia
1199 3851 1349 3907 fuere
1402 3857 1661 3922 prteclara
1697 3858 1889 3923 valde,

319 3955 482 4016 atque
515 3947 657 3998 inter
687 3950 886 3996 etetera
918 3942 1122 4005 omnia,
1155 3942 1239 3994 vel
1267 3943 1450 4011 potius
1488 3960 1652 4014 supra
1709 3947 1892 4000 omnia

320 4038 525 4092 homo:
558 4035 702 4088 haud
739 4033 904 4087 dubie
935 4047 1084 4086 mors
1113 4033 1171 4086 in
1207 4033 1430 4089 homine
1465 4051 1574 4089 non
1605 4045 1739 4090 erat.
1782 4036 1893 4092 Nec

319 4130 464 4186 enim
505 4126 825 4198 praeclarum
862 4123 1118 4193 quiddam
1152 4124 1348 4179 fuisset
1380 4125 1562 4190 homo,
1597 4127 1642 4181 si
1677 4127 1890 4182 tristem

319 4219 472 4273 illum
525 4214 720 4270 mortis
794 4213 1170 4267 characterem
1231 4214 1530 4270 habuisset.
1597 4215 1892 4272 Enimvero

321 4323 446 4363 cum
477 4319 694 4362 atteram
726 4305 847 4358 vitae
891 4303 1247 4357 simulacrum
1293 4311 1348 4357 et
1377 4304 1676 4358 similitudo
1723 4316 1889 4373 esset,

321 4414 508 4455 revera
540 4397 763 4468 pulcher
792 4404 930 4461 erat,
963 4410 1026 4449 ac
1058 4395 1214 4449 valde
1262 4396 1481 4466 quidem
1525 4398 1772 4466 pulcher,
1809 4401 1894 4454 hi-

321 4490 422 4544 lari
456 4489 580 4542 vita:
617 4488 933 4541 charactere
965 4487 1373 4542 cohonestatus.
1410 4487 1551 4554 Quin
1583 4500 1634 4544 et
1670 4493 1890 4560 paradi-

2074 1955 2211 2008 Ἀλλ’
2243 1956 2334 2008 ἐπὶ
2364 1956 2424 2008 τὸ
2447 1955 2701 2025 προτεθὲν
2730 1952 3112 2022 ἐπανέλθωμεν
3131 1968 3144 1982 °
3181 1953 3260 2005 ὅτι
3288 1950 3376 2003 διὰ
3403 1949 3571 2004 θανά.

1990 2063 2082 2099 του
2128 2048 2159 2115 ἡ
2201 2046 2346 2118 ψυχὴ
2395 2048 2459 2098 ἐκ
2511 2044 2604 2098 τοῦ
2636 2045 2861 2098 θανάτου
2895 2042 3192 2096 ἀνίσταται.
3244 2041 3329 2103 Ὧς
3361 2039 3428 2093 ἂν
3461 2041 3573 2110 γάρ

1994 2140 2068 2208 μὴ
2104 2137 2351 2208 ἀποθάνῃ
2373 2177 2388 2201 ,
2423 2137 2593 2208 νεκρὰ
2622 2137 2709 2188 διά
2740 2135 2938 2196 παντὸς
2968 2135 3135 2204 μένει,
3169 2133 3262 2186 καὶ
3291 2134 3388 2202 τῆς
3420 2131 3570 2199 ζωῆς

1991 2228 2383 2298 ἁπαράδεκτος.
2424 2227 2517 2279 Ἐκ
2543 2226 2597 2278 δὲ
2623 2225 2714 2278 τοῦ
2743 2225 3054 2284 ἀποθανεῖν,
3090 2225 3145 2275 ἐν
3184 2221 3296 2291 ζωῇ
3324 2221 3568 2289 γίνεται,

1991 2322 2169 2373 πᾶσαν
2199 2319 2505 2388 ἀποθεμένη
2539 2318 2857 2386 νεκρότητα.
2888 2314 2996 2367 Καὶ
3030 2313 3188 2367 τοῦτο
3217 2317 3346 2384 ἡμῖν
3379 2315 3442 2365 ἐκ
3469 2316 3563 2368 τοῦ

1991 2409 2348 2480 προκειμένου
2393 2406 2554 2477 ῥητοῦ
2591 2404 2900 2476 βεϐαιοῦται
2944 2404 3004 2455 τὸ
3033 2403 3241 2474 δόγμα,
3285 2401 3459 2464 οὕτως
3493 2404 3540 2452 εί

1990 2501 2197 2569 πούσης
2223 2499 2323 2569 τῆς
2355 2500 2569 2570 νύμφης
2591 2515 2605 2529 ο
2637 2499 2716 2551 ὅτι
2764 2496 3046 2562 Ἀνέστην
3081 2493 3196 2564 ἐγὼ
3231 2493 3463 2557 ἀνοῖξαι
3489 2489 3572 2557 τῷ

1989 2589 2288 2658 ἀδελφιδῷ
2310 2608 2448 2659 μου.
2486 2591 2555 2643 Αἱ
2589 2587 2782 2657 χεῖρές
2803 2605 2920 2654 μου
2961 2585 3227 2650 ἕσταξαν
3264 2586 3566 2653 σμύρναν.

1990 2685 2042 2735 οἱ
2100 2680 2388 2735 δάκτυλοί
2427 2697 2546 2748 μου
2598 2680 2869 2747 σμύρνης
2910 2676 3180 2743 πλήρεις.
3219 2675 3462 2728 Θανάτου
3511 2674 3571 2727 δε

1993 2774 2256 2844 σύμϐολον
2289 2769 2427 2824 εἶναι
2459 2770 2557 2840 τὴν
2598 2770 2841 2840 σμύρναν
2874 2769 2974 2821 οὐκ
3020 2769 3084 2822 ἄν
3117 2784 3200 2830 τις
3236 2764 3572 2835 ἀμφιϐάλλοι

1995 2864 2102 2917 τῶν
2131 2866 2250 2926 ταῖς
2280 2861 2450 2923 θείαις
2477 2859 2828 2930 ὡμιληκότων
2854 2858 3116 2929 Γραφαῖς.
3145 2855 3266 2918 Πῶς
3291 2850 3384 2908 οῦν
3415 2856 3444 2907 ό
3474 2854 3572 2907 θά-

1990 2972 2146 3018 νατος
2178 2955 2242 3006 ἐκ
2270 2953 2360 3006 τοῦ
2403 2950 2629 3004 θανάτου
2663 2951 2810 3020 ἡμᾶς
2838 2949 3134 3019 ἀνίστησιν,
3175 2945 3451 3016 ἐπιζητεῖν
3491 2941 3570 2998 οἶ-

1994 3047 2090 3116 μαί
2119 3063 2268 3106 τινας
2299 3043 2389 3096 τὸν
2420 3043 2547 3110 περὶ
2577 3040 2767 3093 τούτου
2804 3040 2958 3107 λόγον
2989 3037 3374 3110 εὑκρινηθῆναι
3406 3036 3572 3105 σαφέ-

1992 3152 2200 3206 στερον.
2255 3134 2519 3204 Ἐροῦμεν
2549 3130 2726 3183 τοίνυν
2771 3131 2918 3192 ὅπως
2953 3129 3018 3182 ἂν
3060 3125 3170 3181 οἶόν
3214 3145 3272 3179 τε
3304 3123 3374 3201 ᾗ,
3416 3127 3571 3192 τάξιν

1990 3226 2110 3277 τινὰ
2157 3224 2223 3276 δι’
2271 3220 2586 3283 ἀκολουθίας
2632 3218 2907 3280 ἐπιθέντες
2932 3217 3010 3288 τῷ
3049 3216 3213 3287 λόγῳ.
3253 3217 3437 3270 Πάντα
3469 3219 3572 3270 ὃσα

1993 3315 2244 3383 ἐποίησεν
2279 3315 2306 3365 ό
2339 3310 2469 3374 Θεὸς
2499 3309 2639 3365 καλά
2668 3309 2786 3361 λίαν
2821 3305 2960 3360 εἶναι
2990 3308 3017 3359 ό
3048 3307 3146 3376 τῆς
3184 3307 3572 3376 κοσμογενείας

1992 3404 2146 3472 λόγος
2180 3402 2531 3473 μαρτύρεται.
2592 3400 2687 3452 Ἐκ
2715 3399 2771 3451 δέ
2816 3399 2925 3451 τῶν
2955 3397 3073 3450 λίαν
3103 3396 3281 3450 καλῶν
3324 3392 3392 3468 ἦν
3421 3399 3517 3451 καὶ
3543 3399 3572 3450 6

1991 3493 2294 3562 ἄνθρωπος·
2333 3489 2528 3561 μᾶλλον
2557 3489 2612 3542 δέ
2642 3489 2825 3541 πλεῖον
2865 3486 2972 3540 τῶν
3010 3485 3189 3549 καλῶν
3219 3488 3571 3556 κεκοσμημέ-

1991 3603 2080 3648 νος
2104 3584 2181 3654 τῷ
2201 3583 2404 3636 κάλλει.
2435 3583 2498 3634 Τί
2522 3581 2630 3652 γὰρ
2656 3580 2720 3634 ἂν
2745 3581 2928 3650 ἕτερον
2955 3579 3127 3641 οὕτως
3160 3579 3245 3648 εἴη
3277 3578 3463 3637 καλὸν,
3497 3579 3571 3642 ὡς

1992 3676 2052 3728 τὸ
2072 3674 2164 3728 τοῦ
2197 3674 2471 3745 ἀκηράτου
2501 3671 2726 3736 κάλλους
2747 3671 3031 3742 όμοίωμα;
3060 3672 3121 3723 Εἰ
3145 3671 3200 3723 δὲ
3225 3671 3402 3723 πάντα
3432 3670 3571 3722 καλά

1991 3766 2130 3828 λίαν,
2165 3765 2223 3818 ἐν
2262 3765 2318 3816 δέ
2353 3766 2464 3827 τοῖς
2493 3765 2646 3826 πᾶσι,
2680 3763 2713 3832 ἢ
2755 3763 2848 3814 καὶ
2875 3762 2980 3832 πρὸ
3011 3761 3265 3814 ἁπάντων
3294 3761 3322 3812 6
3357 3759 3570 3831 ἀνθρω-

1995 3873 2093 3919 πος
2129 3851 2218 3924 ἦν,
2261 3855 2361 3908 οὐκ
2392 3850 2458 3925 ἦν
2488 3853 2702 3915 πάντως
2733 3855 2790 3905 ἐν
2819 3851 2899 3920 τῷ
2928 3851 3200 3922 ἀνθρώπῳ
3246 3854 3274 3905 6
3317 3851 3567 3914 θάνατος.

1993 3947 2066 3999 Ού
2112 3946 2220 4016 γὰρ
2265 3945 2329 3999 ἂν
2363 3944 2524 3999 καλόν
2549 3962 2598 3997 τι
2636 3946 2664 3997 6
2702 3943 2984 4015 ἄνθρωπος
3015 3939 3103 4012 ἦν·
3136 3942 3294 4012 εἴπερ
3332 3938 3480 4012 εἶχεν
3514 3944 3572 3998 ἐν

1993 4035 2168 4106 ἐαυτῷ
2187 4035 2285 4105 τῆς
2309 4033 2401 4086 τοῦ
2429 4033 2656 4086 θανάτου
2686 4032 2988 4102 κατηφείας
3009 4031 3101 4083 τὸν
3127 4030 3451 4100 σκυθρωπὸν
3475 4048 3572 4100 χα-

1997 4127 2264 4198 ρακτῆρα.
2302 4125 2461 4178 Ἀλλά
2486 4125 2584 4194 τῆς
2616 4124 2788 4176 ἀϊδίου
2816 4121 2958 4193 ζωῆς
2983 4121 3348 4190 ἀπεικόνισμα
3375 4121 3451 4173 ὢν
3476 4125 3564 4177 καὶ

1991 4217 2260 4288 ὁμοίωμα,
2312 4216 2474 4278 καλὸς
2519 4211 2586 4286 ἦν
2627 4215 2702 4277 ὼς
2742 4213 2954 4282 ἀληθῶς
2987 4213 3079 4264 καὶ
3109 4212 3228 4264 λίαν
3265 4211 3463 4276 καλὸς,
3494 4211 3571 4282 τῷ

1994 4306 2203 4377 φαιδρῷ
2247 4307 2345 4376 τῆς
2390 4303 2534 4374 ζωῆς
2573 4304 2878 4374 χαρακτῆρι
2920 4301 3416 4372 καλλωπιζόμενος.
3463 4298 3574 4354 Ἦν

1991 4397 2047 4451 δέ
2079 4397 2172 4450 καὶ
2211 4395 2357 4466 αὑτῷ
2386 4395 2478 4448 καὶ
2511 4396 2540 4446 6
2570 4394 2709 4456 θεῖος
2743 4391 3090 4462 παράδεισος,
3126 4392 3211 4444 διὰ
3241 4393 3338 4462 τῆς
3367 4393 3573 4463 εύκαρ·

1993 4491 2121 4553 πίας
2147 4489 2254 4541 τῶν
2279 4487 2508 4558 δένδρων
2532 4486 2708 4557 βρύων
2732 4485 2894 4555 ζωὴν,
2925 4484 3019 4538 καὶ
3045 4485 3077 4554 ἡ
3102 4482 3194 4536 τοῦ
3223 4483 3359 4536 Θεοῦ
3385 4483 3573 4556 ἐντολὴ

320 4596 419 4637 sus
455 4579 544 4634 ille
574 4577 791 4632 divinus
821 4578 868 4632 ei
901 4593 998 4647 per
1035 4579 1293 4633 arborum
1353 4579 1687 4636 feracitatem
1725 4584 1864 4638 vitau

2032 4582 2139 4651 ωῆς
2188 4576 2254 4650 ἦν
2297 4579 2488 4649 νόμος,
2530 4577 2590 4630 τὸ
2641 4577 2714 4648 μὴ
2759 4575 3044 4628 ἀποθανεῖν
3099 4575 3573 4646 παραγγέλλουσα.

320 4669 654 4744 proferebat,
693 4676 748 4723 et
783 4667 1094 4723 mandatum
1127 4668 1221 4724 Dei
1273 4671 1397 4724 vitae
1444 4671 1529 4726 lex
1584 4680 1724 4739 erat,
1772 4689 1892 4743 qua:

321 4778 432 4818 non
459 4760 780 4814 moriturum
821 4759 1090 4814 hominem
1125 4761 1502 4830 pollicebatur.
1535 4761 1671 4817 Cum
1708 4773 1887 4821 autem

317 4851 546 4908 essetin
601 4850 780 4905 medio
811 4849 1050 4920 paradisi
1099 4851 1303 4921 lignum
1374 4852 1531 4918 illud,
1568 4855 1713 4924 quod
1766 4857 1890 4911 vita:

321 4943 470 4998 ferax
504 4949 622 4996 erat
649 4960 660 4995 :
705 4941 971 5011 quidquid
1000 4941 1218 4997 tandem
1247 4943 1314 4998 de
1340 4959 1405 4998 eo
1433 4946 1785 5001 statuendum
1815 4949 1887 5003 sit

320 5034 490 5103 ligno,
523 5034 682 5104 cujus
728 5033 941 5088 fructus
995 5033 1212 5088 exsistit
1260 5035 1388 5089 vita.
1456 5036 1644 5094 Itidem
1678 5038 1886 5109 lignum

321 5125 616 5188 letiferum,
649 5141 808 5194 cujus
849 5125 1058 5180 fructus
1116 5127 1282 5183 simul
1317 5137 1372 5184 et
1405 5129 1582 5184 bonus
1615 5139 1670 5185 et
1710 5129 1889 5185 malus

320 5215 490 5272 fuisse
534 5217 937 5288 pronuntiatur,
973 5217 1150 5274 medio
1210 5219 1265 5274 in
1310 5221 1567 5291 paradiso
1628 5228 1767 5277 erat.
1819 5219 1890 5275 At

320 5307 466 5361 enim
497 5307 613 5362 ﬁeri
650 5308 858 5377 nequit,
895 5315 954 5362 ut
980 5307 1036 5363 in
1067 5309 1188 5365 loco
1221 5312 1458 5366 maxime
1511 5312 1690 5366 medlo
1729 5311 1890 5382 lignis

320 5399 537 5458 duobus
565 5400 802 5469 spatium
831 5398 1016 5455 fuerit.
1056 5399 1191 5456 Nam
1226 5409 1409 5457 utrum
1435 5401 1655 5457 tandem
1685 5417 1885 5457 conce-

2002 4670 2191 4730 ’Όντος
2219 4665 2274 4720 δέ
2303 4665 2439 4718 κατά
2470 4664 2529 4717 τὸ
2554 4663 2716 4734 μέσον
2740 4665 2836 4731 τῆς
2865 4662 2956 4716 τοῦ
2983 4664 3311 4733 παραδείσου
3348 4665 3574 4732 φυτείας

1996 4758 2090 4813 τοῦ
2107 4759 2201 4831 τὴν
2236 4757 2377 4828 ζωὴν
2408 4756 2660 4828 βρύοντος
2693 4754 2868 4819 ξύλου,
2911 4753 3006 4808 ὃτι
3032 4752 3159 4806 ποτὲ
3192 4753 3296 4824 χρὴ
3331 4754 3391 4806 τὸ
3417 4754 3574 4820 ξύλον

1996 4855 2133 4907 νοεῖν
2161 4853 2350 4914 ἐκεῖνο,
2383 4844 2441 4903 οὗ
2469 4849 2498 4900 6
2526 4847 2736 4918 καρπὸς
2772 4847 2907 4916 ζωήο
2938 4845 3031 4898 καὶ
3061 4844 3163 4897 τοῦ.
3191 4843 3572 4916 θανατηφόρου

1992 4945 2048 4999 δέ
2083 4943 2256 5008 ξύλου,
2290 4936 2349 4996 οὗ
2381 4939 2543 4994 καλὸν
2576 4939 2690 5009 ἅμα
2737 4937 2828 4992 καὶ
2869 4939 3036 4990 κακὸν
3069 4933 3208 4989 εἷναι
3238 4937 3329 4989 τὸν
3360 4937 3573 5006 καρπὸν

1992 5035 2377 5104 ἀποφαίνεται,
2427 5033 2521 5085 καὶ
2570 5030 2732 5086 αὑτοῦ
2782 5030 2921 5085 κατά
2959 5030 3019 5082 τὸ
3071 5031 3231 5102 μέσον
3273 5029 3425 5093 ὄντος
3477 5030 3572 5082 τοῦ

1993 5125 2338 5197 παραδείσου·
2367 5124 2628 5179 ἀδυνάτου
2659 5122 2714 5176 δὲ
2740 5124 2888 5185 ὄντος
2920 5121 2977 5175 ἐν
3017 5120 3095 5192 τῷ
3122 5121 3433 5192 μεσαιτάτῳ
3458 5122 3573 5183 τοῖς

1992 5217 2168 5284 ξύλοις
2213 5215 2394 5286 χώραν
2427 5213 2696 5284 γενέσθαι·
2744 5213 3001 5283 ὁπότερον
3038 5213 3146 5283 γάρ
3189 5210 3254 5265 ἂν
3281 5209 3462 5282 δῶμεν
3515 5211 3574 5273 ἐξ

1990 5308 2312 5379 ἀμφοτέρων
2343 5308 2558 5377 ἐπέχειν
2590 5305 2650 5358 τὸ
2695 5304 2878 5376 μέσον,
2921 5304 3062 5358 κατά
3109 5305 3287 5372 πᾶσαν
3323 5303 3570 5372 ἀνάγκην

1989 5402 2049 5455 τὸ
2079 5401 2263 5470 ἓτερον
2291 5399 2390 5470 τῆς
2423 5399 2514 5453 τοῦ
2561 5398 2726 5471 μέσου
2760 5397 2944 5469 χώρας
2974 5396 3190 5461 πάντως
3234 5396 3562 5467 ἐξείργεται.

395 5572 439 5602 ⁸³
477 5570 666 5623 Matth.
695 5585 842 5635 xxrv,
870 5573 956 5626 49.
1014 5574 1057 5606 "
1091 5573 1233 5628 Psal.
1264 5591 1312 5642 c,
1345 5577 1394 5630 8.
1460 5578 1502 5609 ⁵³
1537 5578 1691 5631 Deut.
1723 5593 1864 5630 χχχιι

2060 5579 2103 5607 δ”
2135 5576 2270 5630 Gen.
2307 5593 2342 5638 ι,
2371 5575 2460 5629 51.
