3730 5980
121 183 281 244 1021
1176 189 1242 244 IN
1281 192 1583 246 CANTICA
1627 191 1898 250 CANTIC.
1937 196 2216 252 llOMlLlA
2259 198 2369 253 xu.
3280 143 3420 249 itm

126 310 296 381 Πρὸς
331 311 440 382 γάρ
475 311 537 364 τὸ
575 311 850 381 περιέχον,
887 311 920 382 ἢ
968 311 1205 383 ἀκριϐὴς
1239 311 1333 364 τοῦ
1382 313 1545 381 μέσου
1586 313 1734 377 θέσις

1930 333 2033 372 nus
2084 319 2322 372 medium
2357 316 2688 378 obtinuisse,
2719 313 2956 369 alterum
3027 312 3339 368 necessario
3361 313 3428 366 de

125 401 636 470 καταλαμϐάνεται
661 440 675 464 ,
709 402 836 454 ὅταν
887 400 1038 465 ἱστὰς
1073 402 1446 470 ἁπανταχόθεν
1481 405 1594 465 τοῖς
1623 403 1741 456 διαον

1930 408 2040 462 dem
2072 409 2192 463 loco
2221 408 2553 463 excluditur.
2588 405 2796 459 Etenim
2829 405 2895 458 de
2914 419 2998 464 ea,
3031 415 3152 471 quae
3181 415 3295 454 rem
3366 395 3431 448 li—

130 493 245 561 στή
259 509 434 561 μασιν
461 491 639 562 ἀπέχῃ
670 491 762 544 τοῦ
805 491 1061 562 πέρατος.
1108 493 1356 545 Ἐπειδὰν
1385 492 1562 544 τοίνυν
1593 493 1650 544 ἓν
1676 494 1742 546 δι’

129 581 446 658 ἀκριϐείας
530 583 626 636 τοῦ
663 583 859 636 κύκλου
885 583 946 636 τὸ
973 584 1157 652 μέσον,
1186 583 1285 635 οὐκ
1306 581 1370 635 ἂν
1396 584 1606 650 γένοιτο
1640 600 1745 653 μη-

132 673 291 743 χανὴ
329 672 424 725 τοῦ
465 673 630 725 αὑτοῦ
679 673 932 742 μένοντος
961 672 1161 726 κύκλου
1183 713 1196 735 ,
1230 671 1323 726 δύο
1367 672 1569 741 κέντρα
1604 671 1747 725 κατά

131 761 200 812 τὸ
236 761 416 831 μέσον
441 760 622 833 χώραν
651 763 853 832 εὑρεῖν.
881 764 942 814 Ei
971 762 1078 834 γὰρ
1107 762 1291 832 ἕτερον
1324 762 1594 832 παραθείη
1621 763 1746 814 κέν-

133 868 281 919 τρον
320 853 400 922 τῷ
426 851 747 922 προλαϐόντι
780 852 915 923 πρὸς
942 853 1101 906 τοῦτο
1125 896 1136 916 ,
1168 854 1286 905 κατ’
1317 852 1563 920 ἀνάγκην
1607 870 1748 922 συμ-

139 942 557 1011 μετατεθέντος
593 943 686 996 τοῦ
722 942 923 995 κύκλου
973 941 1074 1006 ἔξω
1122 943 1216 995 τοῦ
1255 943 1424 1012 μέσου
1455 942 1516 994 τὸ
1555 943 1746 1011 πρότε-

139 1050 245 1104 ρον
308 1034 518 1102 γίνεται
570 1036 671 1103 τῆς
717 1034 808 1088 τοῦ
858 1034 1056 1088 κύκλου
1091 1035 1350 1104 περιοχῆς
1397 1033 1476 1104 τῷ
1515 1034 1750 1104 δευτέρῳ

138 1125 376 1196 κέντρῳ
398 1127 851 1197 περιγραφείσης.
897 1126 1056 1178 Ἀλλά
1089 1127 1194 1196 μὴν
1222 1128 1279 1178 ἐν
1306 1125 1383 1194 τῷ
1409 1125 1558 1195 μέσῳ
1588 1125 1750 1195 φησὶν

137 1211 300 1268 εἶναι
334 1217 430 1269 τοῦ
476 1217 804 1286 παραδείσου
853 1217 944 1269 καὶ
983 1217 1141 1268 τοῦτο
1219 1217 1314 1268 καὶ
1363 1215 1538 1268 τοῦτο’
1576 1215 1752 1270 καίτοι

141 1307 424 1370 ἐναντίως
455 1306 588 1378 πρὸς
631 1308 832 1375 ἄλληλα
863 1307 1002 1360 κατὰ
1041 1307 1138 1377 τῆν
1176 1306 1407 1376 δύναμιν
1442 1305 1664 1375 ἔχοντα,
1691 1305 1754 1359 τό

140 1414 211 1450 τε
249 1397 522 1462 ζωοποιὸν
547 1399 688 1466 λέγω
712 1399 886 1463 ξύλον,
913 1399 1008 1451 καὶ
1032 1394 1092 1452 οὗ
1118 1399 1146 1450 6
1173 1397 1399 1459 θάνατος
1425 1393 1492 1466 ἦν
1520 1397 1752 1465 καρπὸς,

143 1492 306 1560 ὅπερ
334 1492 609 1562 ἁμαρτίαν
642 1490 924 1560 ὠνόμασεν
950 1491 978 1542 6
1011 1490 1242 1556 Παῦλος,
1271 1489 1460 1545 εἰπών’
1485 1490 1566 1543 ὅτι
1597 1487 1754 1558 Καρ-

145 1583 280 1650 πός
320 1584 612 1652 ἁμαρτίας
635 1585 667 1636 ό
699 1581 975 1648 θάνατος.

230 1857 453 1927 ἷῖοῆσαι
499 1855 609 1927 ἄρα
646 1860 912 1926 προσήκει
941 1854 1027 1908 διὰ
1069 1856 1166 1924 τῆς
1197 1854 1305 1908 τῶν
1332 1854 1632 1925 εἰρημένων
1667 1871 1757 1922 φι-

152 1947 429 2018 λοσοφίας
463 1947 620 2000 τοῦτο
647 1947 708 1999 τὸ
732 1947 905 2016 δόγμα
926 1987 940 2011 ,
981 1946 1062 1998 ὅτι
1095 1945 1195 2015 τῆς
1231 1947 1328 2014 μὲν
1360 1944 1451 1998 τοῦ
1481 1944 1614 1997 Θεοῦ
1660 1962 1759 2013 φυ-

153 2041 324 2104 τείας
348 2041 408 2093 τὸ
443 2039 764 2110 μεσαίτατόν
792 2041 938 2090 ἐστιν
972 2040 1004 2107 ή
1040 2037 1177 2106 ζωή⁶
1203 2041 1230 2090 6
1270 2037 1326 2089 δὲ
1353 2037 1580 2099 θάνατός
1612 2039 1759 2088 ἐστιν

157 2133 478 2199 ἀφύτευτος
508 2130 600 2182 καὶ
627 2127 882 2200 (ipsum,
922 2129 1057 2180 ἰδίαν
1083 2125 1320 2197 οὐδαμοῦ
1367 2127 1548 2196 χώραν
1590 2125 1757 2195 ἔχωνο

158 2226 232 2292 τῇ
269 2223 333 2274 δὲ
362 2223 613 2292 στερήσει
656 2219 756 2289 τῆς
792 2218 936 2288 ζωῆς
975 2217 1360 2288 ὲμφυτεύεται,
1391 2218 1519 2269 ὅταν
1542 2216 1760 2286 ἀργήσῃ

161 2315 284 2376 τοῖς
322 2312 551 2381 ζῶσινή
597 2310 856 2381 μετουσία
887 2308 981 2360 τοῦ
1030 2309 1359 2377 κρείττονος.
1411 2306 1628 2376 Ἐπειδὴ
1671 2303 1764 2359 οὖν

160 2403 228 2454 ὲν
265 2402 349 2471 τῷ
397 2401 546 2469 μέσῳ
583 2400 691 2453 τῶν
736 2400 894 2452 θείων
943 2397 1125 2466 φυτῶν
1158 2399 1305 2450 ἐστιν
1350 2398 1382 2466 ἡ
1431 2394 1576 2468 ζωὴ,
1611 2396 1764 2467 τῇδὲ

164 2489 493 2544 ἁποπτὼσει
524 2489 696 2559 ταύτῃ
727 2487 1077 2557 ὲνυφίσταται
1115 2488 1147 2556 ἡ
1184 2487 1278 2539 τοῦ
1317 2485 1547 2539 Θανάτου
1582 2485 1763 2554 φύσις·

164 2584 266 2637 διὰ
297 2583 456 2635 τοῦτο
479 2583 570 2635 καὶ
591 2582 651 2634 τὸ
674 2580 1045 2651 θανατηφόρον
1069 2579 1244 2645 ξύλον,
1273 2581 1300 2631 6
1322 2578 1382 2631 τὸ
1408 2579 1585 2647 δόγμα
1609 2578 1769 2651 τοῦτο

166 2675 241 2726 δι’
287 2674 626 2744 αἰνιγμάτων
660 2672 1027 2741 φιλοσοφήσας
1069 2674 1126 2723 έν
1173 2670 1250 2740 τῷ
1293 2670 1442 2740 μέσῳ
1491 2666 1627 2723 εἶναι
1671 2668 1767 2722 τοῦ

173 2766 516 2835 παραδείσου
547 2764 718 2832 λέγει,
776 2756 836 2816 οῦ
880 2763 971 2814 τὸν
1017 2761 1227 2833 καρπὸν
1273 2757 1422 2812 εἶπεν
1465 2760 1770 2829 σύμμικτον

172 2857 328 2927 ἔχειν
351 2858 416 2908 ὲκ
444 2855 552 2908 τῶν
574 2853 832 2908 ἐναντίων
852 2853 950 2924 τὴν
983 2852 1230 2921 δύναμιν.
1266 2851 1339 2903 Τὸ
1377 2850 1486 2921 γὰρ
1518 2851 1647 2902 αὐτὸ
1676 2867 1774 2903 κα-

176 2949 276 3000 λόν
318 2965 376 2999 τε
428 2943 567 3000 εἶναι
613 2949 705 2998 καὶ
752 2945 920 2998 κακὸν
957 2943 1284 3013 διωρίσατο,
1322 2942 1420 3010 τῆς
1461 2942 1769 3012 ἁμαρτίας,

175 3033 362 3107 οἶμαι,
387 3037 476 3088 διὰ
504 3034 694 3088 τούτου
724 3035 822 3104 τὴν
852 3033 1012 3101 φύσιν
1042 3032 1506 3102 ὑπαινιττόμενος.
1554 3031 1774 3102 Ἐπειδὴ

177 3130 406 3182 πάντων
443 3127 552 3181 τῶν
583 3127 671 3180 διὰ
700 3125 900 3188 κακίας
931 3123 1334 3194 ἐνεργουμένων
1373 3123 1533 3192 ἡδονή
1563 3139 1647 3186 τις
1680 3140 1778 3175 κα-

179 3224 439 3294 θηγεῖται
491 3221 743 3283 πάντως,
788 3219 882 3270 καὶ
927 3217 1028 3269 οὐκ
1077 3216 1221 3268 ἔστιν
1273 3216 1452 3286 εὑρεῖν
1505 3214 1778 3285 ἁμαρτίαν

181 3315 385 3385 ἡδονῆς
431 3312 836 3381 διεζευγμένην,
868 3311 968 3362 ὅσα
1009 3325 1067 3360 τε
1094 3307 1182 3360 διὰ
1223 3306 1420 3376 θυμοῦ,
1455 3307 1549 3359 καὶ
1579 3307 1677 3358 ὅσα
1713 3305 1778 3358 δι’

181 3406 490 3477 ἐπιθυμίας
534 3405 741 3473 γίνεται
784 3401 965 3470 πάθη·
999 3398 1190 3452 τούτου
1233 3397 1392 3468 χάριν
1437 3398 1531 3450 καὶ
1563 3395 1724 3458 καλὸς
1753 3397 1781 3448 6

184 3498 405 3569 καρπὸς
436 3495 760 3567 ὀνομάζεται
787 3493 926 3547 κατὰ
954 3492 1051 3560 τὴν
1075 3489 1468 3560 ήμαρτημένην
1491 3487 1586 3540 τοῦ
1616 3486 1780 3540 καλοῦ

184 3592 395 3660 κρίσιν,
421 3592 532 3652 τοῖς
572 3588 632 3640 τὸ
663 3585 825 3639 καλὸν
870 3587 928 3636 ὲν
967 3584 1126 3653 ἡδονῇ
1167 3579 1473 3648 τιθεμένοις
1497 3618 1512 3642 ,
1542 3577 1784 3640 τοιοῦτος

183 3674 387 3734 δοκῶν⁹
418 3679 650 3748 πονηρὸς
686 3676 742 3728 δὲ
781 3674 917 3746 μετὰ
941 3673 1115 3726 ταῦτα
1146 3674 1210 3742 τῇ
1238 3671 1410 3741 πικρᾷ
1437 3671 1499 3740 τῇ
1528 3666 1783 3739 βρώσεως

185 3771 450 3826 ἀναδύσει
480 3769 816 3839 εὑρίσκεται,
866 3765 1008 3818 κατά
1049 3762 1148 3833 τὴν
1199 3759 1536 3832 προοιμιώδη
1579 3760 1781 3828 φωνὴν,

187 3866 229 3934 ἦ
263 3880 416 3934 φησι,
452 3861 572 3931 μέλι
601 3859 708 3912 τῶν
757 3857 980 3929 χειλέων
1018 3855 1120 3922 τῆς
1145 3853 1342 3916 κακίας
1373 3850 1721 3916 ἀποστάζειν,
1750 3853 1784 3921 ἢ

190 3954 337 4024 πρὸς
367 3951 556 4022 καιρὸν
590 3951 686 4019 μὲν
722 3948 958 4000 λιπαίνει
992 3947 1084 4000 τὸν
1115 3945 1374 4015 φάρυγγα
1395 3983 1409 4009 ,
1447 3943 1584 4014 μετά
1614 3943 1787 3996 ταῦτα

189 4044 255 4099 δὲ
285 4045 609 4113 πικρότερον
655 4041 816 4110 χολῆς
859 4041 968 4101 τοῖς
1001 4038 1186 4100 κακῶς
1227 4035 1608 4104 γλυκανθεῖσιν
1637 4033 1785 4104 εὑρί⁹

1852 512 2014 566 quam
2063 497 2332 562 ambiunt,
2377 502 2670 549 accuratus
2725 493 2887 546 medii
2923 491 3062 545 situs
3099 489 3188 543 ille
3223 484 3427 540 intelli-

1851 591 2018 659 gitur,
2046 603 2169 640 cum
2201 587 2502 655 aequalibus
2532 586 2600 638 ab
2627 583 2774 636 omni
2801 589 2952 651 parte
2990 578 3293 632 intervallis
3357 574 3428 627 ab

1854 687 2100 735 extremo
2125 679 2298 732 abest.
2327 678 2509 743 Quare
2540 677 2584 732 si
2626 685 2792 728 onum
2830 673 2882 726 in
2937 671 3145 724 circulo
3190 666 3428 720 medium

1855 782 2114 824 accurate
2172 777 2466 831 statuatur,
2530 767 2643 820 fieri
2681 765 2829 818 nulla
2889 765 3103 816 ratione
3136 764 3334 828 potest,
3371 761 3430 807 ut

1854 862 2044 918 eodem
2079 871 2336 917 manente
2369 861 2602 922 circulo,
2635 866 2820 912 centra
2860 855 2969 909 duo
3009 855 3187 906 locum
3228 850 3282 902 in
3319 861 3431 900 me-

1855 953 1947 1007 dio
1976 954 2274 1024 reperiant.
2319 951 2455 1005 Nam
2491 952 2536 1005 si
2603 956 2798 1017 praeter
2841 947 2892 1000 id
2950 951 3222 1006 centrum,
3285 935 3433 1007 quod

1858 1040 2028 1096 settiel
2067 1049 2332 1096 statutum
2361 1048 2468 1102 est,
2517 1037 2666 1092 aliud
2721 1042 3015 1093 statuatur.
3074 1042 3299 1084 necesse
3347 1030 3434 1078 est

1858 1146 1984 1185 cum
2029 1146 2095 1186 eo
2130 1131 2401 1184 circulum
2453 1129 2618 1184 etiam
2678 1126 2844 1180 alium
2899 1123 3089 1184 statui,
3141 1127 3305 1188 atque
3358 1116 3434 1168 ita

1859 1223 2012 1292 prius
2058 1223 2194 1277 illud
2251 1231 2500 1276 centrum
2552 1235 2584 1274 e
2626 1217 2805 1272 medio
2837 1213 3164 1274 excluditur,
3229 1206 3435 1260 ambitu

1860 1313 2052 1367 circuli
2086 1321 2335 1366 centrum
2372 1309 2508 1364 illud
2539 1309 2772 1362 alterum
2804 1300 3314 1359 circumscribente.
3363 1297 3434 1349 At

1859 1403 2004 1460 enim
2036 1402 2214 1456 medio
2245 1402 2297 1454 in
2330 1399 2587 1470 paradiso
2615 1405 2725 1450 tam
2757 1395 2859 1448 hoc
2889 1407 3052 1462 quam
3097 1389 3231 1443 illud
3265 1386 3438 1442 fuisse

1861 1492 2085 1555 dicitur,
2114 1504 2431 1560 quanquam
2459 1498 2607 1544 esset
2631 1489 2686 1541 in
2719 1490 2957 1553 utrotiue
2987 1482 3068 1536 vis
3119 1479 3277 1548 plane
3308 1491 3442 1531 con-

1863 1585 2056 1646 traria,
2094 1582 2150 1636 in
2180 1582 2347 1651 ligno,
2396 1581 2642 1649 inquam,
2677 1577 2914 1634 vivilico,
2951 1585 3006 1627 et
3057 1571 3230 1624 altero
3279 1566 3440 1635 cujus

1783 1670 1824 1724 Β
1855 1672 2072 1727 fructus
2099 1688 2249 1728 mors
2279 1680 2419 1735 erat,
2457 1670 2601 1739 quod
2636 1674 2922 1738 peccatum
2967 1661 3259 1732 appellavit
3298 1657 3443 1712 Pau-

1859 1762 1968 1827 lus,
1999 1778 2123 1816 cum
2155 1763 2233 1816 ait
2263 1781 2278 1816 :
2319 1758 2550 1813 Fructus
2585 1758 2786 1826 peccati
2813 1772 2951 1809 mors
2974 1752 3044 1809 ⁵⁵.

1930 1852 2046 1907 Hoc
2097 1853 2264 1922 igitur
2320 1847 2861 1904 animadvertendum
2919 1851 3008 1898 est
3061 1857 3124 1895 ex
3179 1840 3282 1892 hac
3331 1843 3444 1890 tota

1859 1944 2350 2006 commentatione,
2380 1942 2545 1994 vitam
2599 1939 2654 1993 in
2691 1935 3030 2007 plantatione
3061 1930 3155 1985 Dei
3207 1929 3328 1983 loco
3373 1927 3447 1981 si-

1861 2045 1970 2090 tam
2007 2035 2176 2089 fuis-e
2215 2034 2451 2086 maxime
2514 2030 2734 2085 medio:
2775 2036 3006 2080 mortem
3043 2035 3172 2077 vero
3221 2019 3449 2073 minime

1861 2129 2162 2196 plantatam
2195 2124 2386 2187 fuisse,
2422 2137 2598 2191 neque
2639 2119 2857 2173 radices
2901 2116 3104 2186 egisse,
3136 2125 3318 2180 neque
3371 2110 3450 2162 lo-

1863 2233 1988 2272 cum
2027 2229 2259 2286 usquam
2293 2213 2623 2283 peculiarem
2668 2207 2949 2266 habuisse,
2982 2203 3077 2258 sed
3124 2215 3222 2269 per
3268 2197 3451 2267 priva—

1865 2313 2070 2364 tionem
2131 2308 2256 2361 vitaa
2308 2303 2549 2366 conseri,
2606 2315 2731 2353 cum
2767 2298 2878 2353 vita
2909 2293 3122 2366 praediti
3155 2290 3450 2361 participes

1865 2415 1990 2455 esse
2019 2398 2147 2453 boni
2173 2395 2453 2452 desinunt.
2479 2391 2847 2458 Quamobrem
2871 2401 2995 2441 cum
3028 2383 3209 2437 medio
3237 2380 3452 2435 divinas

1867 2491 2012 2546 inter
2044 2489 2261 2558 plantas
2296 2487 2417 2539 loco
2451 2484 2564 2537 vita
2601 2481 2695 2542 sit,
2737 2479 2804 2533 de
2835 2477 2995 2545 cujus
3041 2474 3201 2528 ruina
3258 2468 3453 2524 mortis

1871 2588 2069 2634 natura
2094 2577 2348 2633 exsistit:
2388 2574 2599 2628 idcirco
2634 2571 2680 2625 is
2711 2569 2804 2638 qui
2839 2565 3144 2621 doctrinam
3188 2563 3328 2614 hanc
3361 2573 3454 2627 per

1869 2671 2117 2740 quaedam
2170 2669 2318 2722 velut
2374 2666 2661 2733 aenigmata
2721 2657 2970 2721 tradidit,
3026 2657 3190 2709 etiam
3248 2652 3454 2720 lignum

1871 2761 2005 2816 illud
2047 2757 2318 2812 letiferum
2366 2771 2489 2811 esse
2524 2756 2579 2808 in
2614 2753 2796 2808 medio
2861 2746 3101 2818 paradisi
3139 2745 3235 2807 ait,
3295 2743 3456 2810 cujus

1873 2853 2113 2908 fructum
2141 2848 2341 2902 habere
2371 2847 2480 2901 vim
2507 2843 2799 2916 quamdam
2820 2857 2887 2896 ex
2911 2837 3208 2894 contrariis
3239 2837 3456 2888 mistnm

1874 2948 2288 2996 commemorat.
2314 2936 2448 2990 Nam
2485 2937 2629 2991 idem
2665 2943 2722 2988 et
2751 2935 2948 2987 bonum
3001 2937 3056 2984 ct
3091 2928 3292 2982 malum
3337 2940 3460 2980 esse

1877 3030 2099 3093 definit,
2155 3026 2366 3096 peccati
2418 3025 2527 3096 (ut
2595 3019 2848 3091 equidem
2914 3015 3148 3086 opinor)
3205 3021 3458 3067 naturam

1879 3125 2112 3178 obscure
2142 3118 2301 3172 nobis
2341 3114 2680 3172 describens.
2704 3111 2840 3164 Nam
2872 3108 3000 3178 quia
3025 3106 3279 3174 voluptas
3308 3117 3458 3170 qure-

1879 3217 2002 3270 dam
2038 3215 2094 3268 in
2125 3212 2406 3276 omnibus,
2451 3222 2574 3278 quae
2630 3201 2880 3272 improbe
2909 3203 3194 3269 geruntur,
3231 3192 3457 3246 omnino

1880 3307 2164 3378 praecedit,
2199 3318 2378 3372 neque
2411 3298 2639 3370 reperiri
2688 3300 2976 3365 peccatum
3015 3289 3186 3341 ullum
3223 3289 3398 3352 potest
3431 3293 3461 3330 a

1880 3374 2163 3468 voluptate
2218 3397 2555 3463 seiunctum,
2583 3409 2590 3416 '
2621 3388 2735 3442 sive
2765 3383 2895 3454 quid
2948 3395 3044 3450 per
3101 3374 3462 3432 iracundiam,

1883 3495 1998 3547 sive
2017 3466 2122 3560 per
2155 3485 2436 3540 libidinem
2467 3481 2821 3548 designetur:
2854 3488 2919 3527 ea
2945 3472 3014 3524 de
3046 3482 3213 3522 causa
3251 3466 3462 3518 fructus

1885 3583 1973 3635 hic
2005 3556 2172 3634 etiam
2203 3574 2428 3645 pulcher
2469 3569 2798 3640 appellatur,
2830 3562 3030 3632 quippe
3053 3558 3146 3627 qui
3171 3556 3467 3645 depravata

1880 3669 2090 3741 judicio
2131 3644 2254 3722 talis
2291 3678 2416 3720 esse
2464 3661 2720 3716 videatur
2771 3656 2862 3717 iis,
2897 3650 2990 3720 qui
3023 3650 3227 3702 bonum
3269 3644 3324 3697 in
3371 3657 3468 3696 voo

1885 3731 2092 3825 luptate
2125 3760 2357 3825 ponunt,
2404 3749 2497 3806 sed
2559 3745 2756 3802 deinde
2806 3741 2986 3796 malus
3015 3752 3082 3791 ex
3138 3748 3323 3825 amara
3357 3731 3467 3785 cibi

1887 3823 2192 3919 digestione
2225 3842 2519 3914 reperitur,
2563 3833 2866 3892 secundum
2909 3827 3042 3884 illud
3082 3825 3206 3880 libri
3236 3823 3470 3876 Prover-

1887 3916 2101 3998 biorum
2137 3938 2383 3998 verbum,
2421 3935 2531 4004 quo
2563 3929 2767 3986 dicitur
2793 3925 2900 3980 mel
2939 3923 3006 3977 de
3037 3919 3200 3975 labiis
3246 3916 3470 3970 malitia:

1888 4033 2159 4089 distillare
2181 4031 2250 4092 “,
2317 4041 2440 4097 qua:
2503 4021 2724 4094 quidem
2790 4017 2858 4072 ad
2917 4024 3133 4084 tempus
3194 4010 3472 4063 humectet

194 4151 412 4189 σκεται.
455 4133 674 4203 Ἐπειδὴ
695 4131 872 4184 τοίνυν
897 4128 1139 4192 ἀποστὰς
1157 4128 1251 4198 τῆς
1270 4127 1376 4180 τῶν
1399 4124 1617 4194 ἀγαθῶν
1651 4141 1757 4192 παγ

1930 4132 2098 4190 uttur,
2136 4120 2232 4177 sed
2268 4119 2530 4186 deinceps
2567 4113 2692 4168 felle
2743 4108 2981 4164 amarior
3025 4101 3333 4159 inveniatur
3379 4097 3469 4157 iis,

197 4226 443 4297 καρπίας
488 4229 516 4278 6
562 4224 878 4296 ἅνθρωπος,
927 4221 1020 4273 τοῦ
1061 4219 1386 4292 φθοροποιοῦ
1440 4217 1654 4289 καρποῦ
1702 4217 1791 4269 διὰ

1891 4189 1986 4286 qui
2037 4189 2178 4268 male
2245 4208 2593 4266 dulcedinem
2656 4202 2805 4257 illam
2866 4195 3231 4268 perceperint.
3290 4189 3474 4255 Itaque

198 4279 304 4389 τῆς
336 4279 622 4388 παρακοῆς
651 4279 954 4385 ένεπλῆσθη
977 4332 990 4345 ·
1021 4279 1190 4384 6νόμέ
1217 4312 1275 4364 δὲ
1310 4311 1402 4364 τοῦ
1435 4279 1645 4382 καρποῦ
1671 4307 1757 4360 τού

1933 4312 2186 4373 ostquam
2228 4301 2390 4354 homo
2429 4312 2459 4350 a
2508 4291 2673 4349 fertili
2733 4287 2911 4341 omnis
2963 4281 3176 4352 generis
3204 4279 3474 4332 bonorum

199 4424 298 4462 του
348 4410 381 4477 ὴ
432 4406 785 4469 θανατοπσιὸς
844 4403 1118 4474 ἁμαρτία·
1169 4401 1330 4464 εὐθὺς
1384 4398 1660 4470 ὲνεκρώθη
1716 4398 1794 4468 τῷ

201 4501 476 4572 κρείττονι
521 4499 652 4569 βίῳ,
699 4497 796 4567 τὴν
840 4497 1030 4563 ἄλογον
1078 4495 1173 4548 καὶ
1220 4492 1464 4563 κτηνώδη
1503 4490 1647 4561 ζωὴν
1694 4491 1792 4560 τῆς

205 4593 489 4662 θειοτέρας
521 4590 1008 4660 ἀνταλλαξάμενος.
1049 4587 1159 4639 Καὶ
1199 4583 1627 4654 καταμιχθέντος
1651 4581 1797 4646 ἅπαξ

203 4679 304 4731 τοῦ
350 4677 582 4730 θανάτου
615 4679 681 4747 τῇ
734 4676 930 4745 φύσει,
964 4673 1305 4744 συνδιεξῆλθε
1327 4675 1446 4733 ταῖς
1477 4671 1582 4726 τῶν
1617 4689 1796 4724 τικτο-

212 4771 394 4843 μένων
429 4770 698 4839 διαδοχαῖς
733 4770 766 4838 ἠ
798 4768 1077 4837 νεκρότης.
1109 4767 1271 4820 Ὅθεν
1303 4764 1492 4835 νεκρὸς
1518 4766 1664 4835 ἡμᾶς
1691 4763 1797 4815 διε-

208 4862 402 4925 δέξατο
435 4859 577 4929 βίος,
613 4858 782 4927 αὐτῆς
807 4858 1008 4928 τρόπον
1031 4856 1153 4909 τινὰ
1178 4856 1276 4925 τῆς
1302 4854 1444 4924 ζωῆς
1480 4853 1637 4923 ἡμῶν
1663 4853 1799 4904 ἀπο-

211 4953 502 5022 θανούσης.
548 4950 738 5022 Νεκρὰ
787 4949 896 5019 γὰρ
929 4947 1188 5018 άντικρύς
1222 4949 1369 4999 ἐστιν
1400 4947 1555 5017 ἡμῶν
1595 4947 1627 5015 ἡ
1661 4943 1795 5015 ζωὴ,

210 5045 313 5114 τῆς
351 5043 650 5104 ἀθανασίας
683 5039 1045 5110 ἐστερημένη.
1082 5037 1182 5090 Διά
1211 5037 1368 5089 τοῦτο
1395 5038 1514 5098 ταῖς
1551 5035 1644 5086 δύο
1669 5034 1802 5087 ταύ-

211 5153 339 5199 ταις
368 5135 535 5199 ζωαῖς
566 5131 834 5204 μεσιτεύει
863 5134 892 5184 6
918 5133 976 5184 ὲν
1013 5129 1161 5200 μέσῳ
1188 5128 1296 5181 τῶν
1323 5127 1416 5180 δύο
1453 5126 1608 5190 ζωῶν
1636 5144 1798 5194 γινω-

215 5227 502 5298 σκόμενος·
534 5225 622 5279 ἵνα
650 5227 717 5295 τῇ
749 5221 1026 5292 ἀναιρέσει
1055 5222 1154 5291 τῆς
1183 5220 1443 5291 χείρονος,
1469 5217 1544 5287 δῷ
1567 5220 1634 5288 τῇ
1668 5219 1801 5286 ἀκη-

216 5317 367 5392 pit-rp
408 5317 476 5369 τά
503 5316 814 5385 νικητήρια.
861 5314 1072 5383 Ὠσπερ
1097 5311 1276 5364 τοίνυν
1311 5309 1391 5392 τῷ
1416 5308 1710 5362 ἀποθανεῖν
1733 5309 1802 5379 τῇ

213 5385 447 5481 ἀληθινῇ
483 5409 598 5478 ζωῇ
641 5410 671 5460 6
699 5406 981 5479 ἄνθρωπος
1003 5408 1082 5469 είς
1107 5404 1198 5458 τὸν
1229 5385 1422 5472 νεῖρὸν
1451 5400 1641 5455 τοῦτον
1671 5417 1800 5468 μετ-

291 5590 338 5622 ³⁸
364 5591 524 5647 “om.
559 5606 630 5655 vt,
658 5592 746 5645 25.
806 5590 851 5620 ⁰⁶
870 5589 1030 5642 Prov.
1059 5604 1112 5653 v,
1139 5587 1194 5642 5.

1896 4370 2054 4465 copia
2084 4391 2359 4452 discessit,
2413 4402 2478 4441 ac
2533 4387 2718 4437 fructu
2768 4376 3050 4433 interitum
3084 4370 3342 4424 afferente
3380 4380 3477 4436 per

1897 4461 2323 4541 inobedientiam
2371 4481 2649 4531 saturatus
2707 4476 2790 4525 est
2843 4466 2974 4538 (cui
3023 4461 3226 4518 fructui
3276 4473 3477 4513 nomen

1897 4589 1981 4634 est
2009 4584 2296 4647 peccatum
2334 4565 2668 4637 letiferum),
2705 4562 2885 4618 statim
2925 4559 2991 4612 ad
3043 4553 3476 4628 prmstantiorem

1899 4643 2062 4725 vitam
2099 4667 2244 4738 quod
2303 4663 2519 4721 attinet,
2581 4665 2756 4711 morte
2801 4655 3061 4707 multatus
3100 4656 3206 4710 est,
3238 4643 3471 4698 rationis

1899 4769 2122 4830 experte
2154 4773 2217 4811 ac
2248 4757 2409 4810 bruta
2453 4764 2577 4805 cum
2624 4745 2897 4800 diviniore
2955 4742 3064 4796 vita
3125 4742 3469 4792 commutata.

1896 4852 1962 4906 Et
1986 4853 2111 4920 quia
2137 4848 2304 4903 semel
2331 4843 2706 4898 immiscuerat
2737 4851 2798 4890 se
2825 4847 2974 4887 mors
2999 4841 3211 4883 natura:
3240 4835 3478 4891 nostrae,

1898 4915 2018 4995 una-
2041 4953 2164 4993 cum
2193 4937 2326 5006 ipsis
2355 4947 2546 4988 eorum
2577 4928 2670 5000 qui
2696 4921 3130 4997 procreabantur
3159 4915 3478 4972 successio-

1899 5033 2061 5087 nibus
2118 5005 2422 5082 mortalitas
2477 5019 2806 5093 penetravit.
2855 5014 2978 5079 Quo
3013 5009 3217 5064 factum
3254 5015 3316 5060 ut
3369 5005 3483 5060 vita

1900 5140 2003 5180 nos
2029 5121 2306 5190 exciperet
2339 5126 2579 5176 mortua,
2624 5114 2740 5182 ipsa
2770 5101 3177 5180 quodammodo
3222 5099 3335 5153 vita
3383 5111 3485 5150 no-

1902 5227 2015 5275 stra
2052 5220 2228 5267 morte
2258 5215 2560 5280 perempta.
2599 5203 2735 5257 Nam
2771 5197 2920 5254 haud
2958 5193 3127 5250 dubie
3156 5191 3266 5244 vita
3294 5197 3483 5242 nostra

1903 5318 2122 5365 mortua
2151 5275 2415 5369 esu-cum
2444 5275 2859 5355 immortalitate
2907 5287 3143 5358 spoliata
3174 5283 3266 5338 sit.
3301 5275 3487 5370 Itaque

1901 5401 2047 5458 inter
2078 5399 2245 5452 hasce
2277 5393 2414 5451 duas
2442 5390 2582 5446 vitas
2617 5386 2797 5443 medio
2835 5380 2994 5455 quasi
3030 5376 3183 5449 degit
3214 5373 3358 5439 loco,
3391 5373 3487 5430 qui
