3730 5980
267 130 401 189 ιῦἳό
1528 134 1585 189 S.
1619 133 1740 190 GR!

2100 133 2262 188 .SENI
3395 130 3423 183 ί
3440 127 3573 183 ου

263 234 410 302 inter
437 246 577 304 duas
603 247 741 305 vitas
769 250 1117 322 cognoscitur
1137 289 1152 316 ,
1181 255 1243 305 ut
1279 260 1559 322 perempta
1619 252 1736 322 pejo

2096 295 2098 302 ,
2148 253 2262 323 βίον
2279 269 2293 282 ο
2325 249 2499 313 οὕτως
2529 248 2654 301 ὅταν
2671 245 2917 315 ἀποθάνῃ
2941 247 3004 316 τῇ
3026 245 3197 316 νεκρᾷ
3219 243 3413 317 ταύτῃ
3450 246 3569 300 καὶ

265 342 516 397 interitus
555 339 770 410 experti
793 339 1079 394 victoriam
1106 339 1331 394 tribuat.
1361 338 1734 405 Quemadmod

2090 342 2195 395 ὺδει
2234 340 2384 410 ζωῇ,
2431 339 2567 409 πρὸς
2594 337 2693 408 τὴν
2723 337 2808 389 ἀεὶ
2837 336 3016 399 ζῶσαν
3044 335 3563 405 ἀντιμεθίσταται.

265 431 432 500 igitur
461 431 623 486 homo
655 429 784 485 dum
812 446 951 485 verae
985 430 1111 484 vitae
1165 431 1415 497 moritur,
1469 431 1526 484 in
1558 440 1736 486 mortu

2096 428 2426 499 ναμφίὸολον
2453 422 2612 490 εἶναι,
2646 426 2726 478 ὅτι
2752 425 2852 476 οὑκ
2881 423 3027 476 ἐστιν
3066 425 3122 476 ἐν
3158 426 3224 494 τῇ
3268 425 3567 495 μακαρίᾳ⁴

265 519 407 573 hanc
439 521 605 574 vitam
631 519 864 574 incidit:
893 521 968 574 ita
997 535 1122 575 cum
1149 519 1277 576 huic
1301 529 1529 575 mortuae
1552 522 1738 576 brutam

2089 519 2180 572 θαι
2215 517 2348 587 ζωῇ,
2386 516 2459 586 μὴ
2493 514 2684 584 νεκρὸν
2710 514 2775 582 τῇ
2819 511 3062 581 ἁμαρτίᾳ
3094 511 3428 579 γενόμενον.
3475 504 3562 562 Ui}

263 610 389 664 vitae
413 612 667 672 moritur,
708 613 950 667 vicissim
978 621 1241 666 aeternum
1288 613 1492 668 viventi
1519 614 1641 667 vita:
1671 629 1736 668 re:

2087 628 2090 648 ι
2125 611 2181 661 ἐν
2209 607 2286 677 τῷ
2313 605 2461 674 αὑτῷ
2485 603 2626 658 κατὰ
2646 603 2704 654 τὸ
2734 601 2895 672 μέσον
2919 601 3178 670 ἑκάτερον
3203 599 3319 652 τῶν
3357 600 3560 666 ξύλων

265 701 460 752 tuitur.
490 701 609 765 Quo
647 701 728 767 ﬁt,
765 712 822 755 ut
851 710 1004 756 extra
1047 718 1262 758 omnem
1302 703 1700 759 dubitationem
1737 722 1738 772 ξ

2102 696 2207 750 ὑπὸ
2232 697 2324 750 τοῦ
2356 696 2514 760 λόγου
2543 691 3006 760 πεφιλοσόφηται·
3043 690 3118 753 ὼς
3145 690 3240 743 τοῦ
3273 690 3385 759 μὲν
3423 690 3562 742 ἐκεῖ

266 789 430 844 situm
475 791 568 855 sit,
604 807 712 844 non
753 807 913 859 posse
939 807 1041 846 nos
1065 792 1279 846 beatam
1311 793 1456 847 illam
1485 794 1650 848 vitam
1696 809 1739 848 Ct

2081 788 2284 850 ιδντος,
2311 786 2404 839 τοῦ
2429 787 2487 839 δέ
2521 783 2899 852 ἐπιγινομένου
2926 781 3003 851 τῷ
3045 781 3158 834 ὄντι
3203 780 3294 833 διὰ
3326 780 3554 848 στερή-

265 882 442 948 sequi,
476 881 578 935 nisi
611 891 832 950 peccato
856 884 1178 938 moriamur.
1219 882 1295 937 Ea
1329 884 1396 938 de
1444 899 1613 940 causa
1663 892 1738 938 tra

2080 919 2087 931 .
2138 880 2232 931 Ἐκ
2263 877 2373 947 γὰρ
2409 875 2502 930 τοῦ
2544 873 2707 928 αὑτοῦ
2749 875 2841 926 ἐπὶ
2866 875 2925 926 τὸ
2951 873 3082 926 αὑτὸ
3109 872 3196 925 διά
3229 870 3553 942 μετουσίας

265 979 378 1023 ιιιιη
409 983 599 1042 argute
621 982 727 1038 est,
759 975 951 1028 eodem
998 976 1121 1029 loco
1166 975 1222 1029 in
1249 975 1427 1030 medio
1475 975 1731 1045 paradiso

2078 968 2402 1038 πτερήσεως,
2436 965 2468 1034 ἡ
2514 963 2970 1032 ἀντιμετάστασις
3008 960 3216 1028 γίνεται
3245 960 3348 1012 καὶ
3385 957 3551 1027 ζωῆς

264 1079 431 1132 gnum
461 1073 754 1133 utrumque
779 1081 944 1120 esse:
975 1067 1120 1135 quod
1159 1067 1390 1120 alterum
1426 1067 1501 1121 ibi
1548 1082 1580 1121 a
1636 1074 1737 1120 natl

2076 1057 2325 1109 θανάτου.
2375 1052 2596 1123 Ἐπειδὴ
2640 1054 2669 1104 6
2719 1051 3012 1122 νεκρωθεὶς
3056 1049 3133 1118 τῷ
3177 1047 3418 1118 ἀγαθῷ.
3476 1047 3549 1117 ζῇ

266 1156 356 1214 sit,
411 1155 638 1209 alterum
673 1157 739 1210 ad
783 1156 835 1210 id
865 1158 1008 1226 quod
1047 1159 1200 1226 prius
1234 1158 1471 1222 exsistit,
1505 1173 1600 1226 per
1654 1158 1735 1227 pri

2077 1147 2215 1218 ακῷ,
2241 1148 2334 1199 καὶ
2371 1148 2398 1198 ό
2426 1144 2617 1214 νεκρὸς
2647 1145 2704 1196 ἐν
2736 1142 2904 1213 κακίᾳ
2940 1141 3230 1210 γενόμενος
3260 1139 3410 1209 πρὸς
3442 1138 3550 1206 τὴν

265 1247 467 1299 tionem
498 1247 740 1302 accedat.
774 1246 908 1301 Nam
945 1263 1011 1304 ex
1035 1249 1226 1303 eodem
1259 1250 1314 1302 in
1363 1250 1502 1303 idem
1534 1265 1631 1319 per
1688 1249 1738 1302 fr

2078 1239 2134 1307 ἣν
2158 1236 2476 1290 ἀνεϐίωσεν.
2505 1233 2712 1287 Οὐκοῦν
2739 1232 2917 1295 καλῶς
2943 1232 3175 1284 δείκνυσι
3208 1233 3272 1300 τῇ
3309 1234 3551 1299 σμύρνῃ

265 1336 467 1388 tionem
522 1342 574 1388 et
618 1337 1013 1405 privationem,
1081 1337 1138 1391 ﬁt
1193 1339 1547 1392 commutatio
1598 1339 1723 1393 vitae

2073 1345 2156 1391 εις
2177 1327 2274 1390 τὰς
2305 1326 2506 1394 ἑαυτῆς
2535 1327 2720 1396 χεῖρας
2752 1325 2786 1394 ἡ
2813 1323 3020 1392 νύμφη,
3049 1320 3136 1373 διὰ
3157 1323 3254 1390 τῆς
3284 1321 3347 1372 ἐν
3377 1319 3546 1388 πάσῃ

265 1427 457 1478 mortis
506 1444 519 1478 :
559 1441 680 1478 cum
739 1429 830 1494 qui
873 1437 1123 1482 mortuus
1172 1435 1257 1482 est
1287 1428 1452 1491 bono,
1479 1428 1610 1481 vivit
1649 1430 1738 1482 ma‘

2075 1439 2100 1493 ξι
2150 1420 2473 1490 νεκρὸτητος
2514 1416 2844 1487 ἀνισταμένη
2873 1454 2888 1478 ,
2923 1415 3061 1485 πρὸς
3100 1413 3161 1466 τὺ
3198 1412 3414 1476 ἀνοῖξαι
3460 1410 3548 1479 τῷ

261 1522 319 1569 et
343 1516 432 1582 qui
470 1523 717 1569 mortuus
745 1525 828 1569 est
863 1518 917 1569 in
947 1517 1274 1581 vitiositate,
1304 1517 1370 1570 ad
1405 1518 1659 1572 virtutem
1690 1533 1734 1571 ι’(

2073 1532 2090 1564 ›
2111 1513 2208 1582 τὴν
2238 1514 2316 1574 είς
2351 1511 2546 1581 ἑαυτὴν
2571 1508 2793 1562 εἴσοδον.
2835 1505 2958 1576 Ζωὴ
2986 1504 3043 1557 δὲ
3075 1507 3103 1557 ό
3129 1503 3300 1570 Λόγος
3329 1501 3389 1554 ὃν
3419 1501 3546 1552 εἰσ-

266 1605 444 1658 viseit.
507 1605 849 1674 Quapropter
909 1607 1134 1671 pulchre
1175 1621 1377 1676 sponsa
1442 1622 1636 1660 manus
1707 1622 1733 1661 s

2073 1605 2220 1658 Γεται.
2279 1600 2422 1672 Πρὸς
2463 1597 2714 1651 τοσοῦτον
2757 1597 2815 1649 δὲ
2851 1593 3080 1666 μέγεθος
3105 1591 3412 1662 ἐπαρθεῖσα
3447 1588 3546 1640 διὰ

267 1695 484 1764 myrrha
513 1697 699 1762 plenas
727 1697 980 1757 ostendit,
1013 1712 1137 1750 cum
1172 1697 1318 1750 vitiis
1345 1697 1600 1751 omnibus
1624 1712 1740 1750 mor

2075 1690 2454 1763 θεωρηθέντων
2479 1691 2609 1760 ἡμῖν
2640 1691 2673 1758 ἡ
2699 1687 2835 1758 πρὸς
2857 1685 2946 1739 τὸν
2973 1685 3106 1737 Θεὸν
3137 1683 3327 1754 ὁρῶσα
3354 1680 3540 1749 ψυχή·

267 1791 497 1852 surgat,
556 1793 614 1836 ut
669 1783 846 1838 Verbo
917 1785 1124 1839 aditum
1180 1786 1234 1839 in
1300 1801 1359 1840 se
1414 1786 1719 1855 patefaciat.

2070 1803 2126 1844 υ,
2169 1782 2350 1844 καθώς
2397 1798 2564 1851 φησιν
2600 1781 2629 1832 ὁ
2660 1779 2892 1842 Παῦλος,
2928 1777 3099 1841 οὕτως
3140 1775 3316 1844 ἔγνω,
3344 1772 3543 1834 καθὼς

268 1872 502 1926 Verbum
557 1875 704 1942 quod
756 1875 1094 1940 intromittit,
1147 1877 1264 1946 ipsa
1313 1879 1426 1930 vita
1458 1885 1564 1931 est.
1608 1875 1741 1929 Tant

2066 1874 2264 1935 νῶναι,
2294 1872 2414 1925 οὐδὲ
2440 1869 2714 1939 λογίζεται
2737 1869 2856 1923 καθ’
2887 1869 3083 1939 ἑαυτὴν
3114 1864 3539 1935 κατειληφέναιο

265 1979 395 2018 vero
428 1965 492 2017 ad
525 1965 909 2018 sublimitatem
943 1966 997 2018 in
1044 1966 1134 2027 iis,
1164 1981 1287 2036 quae
1341 1966 1738 2022 consideravim

2080 1964 2157 2017 ἔτι
2186 1963 2321 2035 πρὸς
2350 1962 2410 2014 τὸ
2433 1961 2824 2032 ὑπερκείμενον
2845 1961 3048 2031 τρέχει,
3074 1961 3186 2021 τοῖς
3216 1953 3541 2026 ἔμπροσθεν

263 2059 451 2107 evecta
481 2053 679 2116 anima,
711 2067 829 2121 qua:
858 2053 926 2105 ad
962 2052 1128 2107 Deum
1158 2060 1367 2122 spectat
1409 2072 1422 2108 :
1457 2053 1696 2108 nondum

1105 2070 1128 2106 rt
1158 2060 1367 2122 spectat
1409 2072 1422 2108 :
1457 2053 1696 2108 nondum
1752 2063 1836 2107 ta-
1942 2053 2140 2124 ἑαυτὴν
2174 2051 2578 2105 ἐπεκτείνουσα..

270 2160 414 2206 men,
449 2144 524 2196 uti
556 2142 758 2199 Paulus
797 2145 1059 2214 loquitur,
1090 2147 1161 2198 ita
1199 2146 1473 2214 cognovit,
1516 2145 1969 2214 quemadmodum
2007 2152 2244 2214 oportet,
2277 2158 2454 2213 neque
2495 2158 2553 2196 se
2598 2138 3076 2210 comprehendisse
3113 2137 3415 2192 arbitratur
3444 2135 3496 2166 "
3520 2152 3541 2188 :

267 2239 361 2290 sed
393 2237 568 2289 adhuc
596 2237 661 2289 ad
719 2238 1000 2306 superiora
1033 2239 1228 2301 currit,
1257 2241 1511 2293 enitendo
1540 2240 1608 2294 ad
1633 2255 1719 2303 ea,
1750 2255 1870 2310 quae
1895 2247 2021 2294 ante
2059 2255 2116 2294 se
2151 2240 2331 2292 habet.

343 2325 458 2380 Hoc
485 2327 624 2380 enim
658 2335 716 2380 ut
742 2329 807 2381 de
836 2329 952 2397 ipsa
987 2335 1313 2391 statuamus.
1344 2333 1634 2386 verborum
1682 2333 1816 2387 dein

2074 2335 2092 2385 ι
2130 2331 2238 2401 γὰρ
2272 2328 2561 2384 ἀκολουθία
2593 2328 2700 2380 τῶν
2730 2325 2928 2395 ἐφεξῆς
2967 2325 3141 2393 λόγων
3177 2323 3351 2376 ταῦτα
3384 2323 3547 2374 νοεῖν

267 2430 396 2483 ceps
436 2417 778 2482 sequentium
830 2418 1001 2471 series
1046 2429 1250 2473 monet.
1301 2420 1585 2484 Adhibitis,
1638 2423 1740 2490 inql

2066 2445 2072 2476 ι
2105 2423 2271 2493 αὑτῆς
2297 2421 2628 2474 ὑποτίθεται·
2671 2418 2804 2471 Ἐπὶ
2850 2416 3056 2486 χεῖρας
3099 2415 3204 2468 τοῦ
3245 2414 3539 2481 κλείθρου

275 2506 518 2559 manibus
549 2507 803 2568 claustro,
841 2512 1020 2576 aperui
1048 2513 1284 2579 equidem
1316 2524 1538 2582 cognato
1568 2531 1701 2568 meo.
1737 2538 1748 2567 Α

2067 2513 2160 2576 ιξα
2191 2511 2304 2579 ἐγὼ
2333 2509 2412 2574 τῷ
2445 2507 2747 2577 ἀδελφιδῷ
2786 2525 2926 2576 μου.
2974 2505 3085 2558 Καὶ
3118 2505 3414 2573 ἐπήγαγεν,
3449 2503 3540 2554 ὅτι

269 2595 350 2648 dit
392 2599 579 2658 etiam,
638 2594 901 2649 Prwlerit‘t
953 2610 1202 2668 cognatus
1258 2619 1435 2666 meus,
1491 2605 1673 2656 anima
1727 2621 1742 2656 τ

2070 2603 2304 2671 ελεριδός
2335 2619 2455 2670 μου
2485 2600 2820 2668 παρῆλθεν*
2853 2598 2890 2664 ἡ
2922 2595 3091 2665 ψυχή
3126 2612 3244 2664 μου
3267 2592 3543 2661 ἐξῆλθεν

267 2701 478 2752 egressa
511 2694 586 2738 est
629 2684 697 2736 ad
747 2702 1038 2740 sermonem
1077 2690 1211 2758 ejus.
1245 2691 1457 2756 Quibus
1504 2708 1603 2747 nos
1655 2694 1740 2748 doc

2066 2695 2204 2761 ῑόγῳ
2227 2691 2432 2745 αὐτοῦ.
2464 2691 2714 2744 Διδάσκει
2746 2688 2854 2758 γὰρ
2883 2687 2970 2740 διὰ
3002 2686 3204 2739 τούτων
3239 2685 3409 2754 ἡμᾶς,
3448 2683 3539 2735 ὅτι

269 2791 436 2828 unum
485 2791 607 2829 esse
649 2776 870 2828 modum
917 2779 1252 2847 percipiendi
1310 2790 1634 2850 potestatem
1689 2785 1742 2838 ill

2080 2783 2178 2851 τῆς
2214 2782 2392 2836 πάντα
2424 2779 2550 2834 νοῦν
2589 2778 2964 2849 ὑπερεχούσης
2994 2775 3272 2846 δυνάμεως
3309 2769 3388 2836 εἷς
3425 2791 3539 2825 κα-

269 2867 617 2921 excedentem
669 2882 886 2922 omnem
928 2877 1183 2933 mentem,
1217 2872 1475 2925 nimirum
1519 2888 1628 2927 non
1657 2875 1742 2928 sul

2068 2872 2225 2943 γψεώς
2271 2874 2389 2924 ἐστι
2417 2872 2649 2944 τρόπος,
2680 2871 2742 2922 τὸ
2781 2868 3050 2939 μηδέποτε
3085 2867 3271 2936 στῆναι
3305 2867 3438 2936 περὶ
3471 2864 3541 2917 τὸ

269 2967 414 3010 stere
439 2958 490 3009 iu
525 2958 591 3010 iis
623 2973 743 3025 quae
768 2961 1078 3027 perceperis
1105 2980 1116 3013 :
1155 2961 1250 3015 sed
1285 2964 1466 3030 potius
1496 2980 1742 3036 nequaqu

2067 2965 2396 3035 ίιλημμένοψ
2439 2961 2577 3016 ἀλλὰ
2612 2961 2702 3014 τὸν
2755 2961 2842 3013 ἀεὶ
2886 2958 3158 3027 ζητοῦντα
3202 2956 3277 3027 τῷ
3317 2956 3540 3009 πλείονι

272 3046 562 3115 quiescere
588 3062 802 3115 semper
847 3049 1208 3116 inquirentem
1257 3053 1458 3121 aliquid
1489 3057 1722 3125 amplius

2080 3053 2529 3122 καταλειφθέντος
2587 3052 2660 3123 μὴ
2706 3049 2980 3104 ἵστασθαι.
3027 3049 3093 3102 Ἡ
3148 3048 3254 3119 γὰρ
3308 3048 3539 3118 πλήρης

270 3133 418 3202 quod
464 3136 630 3188 semel
677 3139 1179 3204 comprehenderis.
1208 3138 1417 3194 Etenim
1468 3159 1590 3212 qua;
1623 3162 1742 3214 myr

2062 3145 2205 3215 »μένη
2239 3144 2339 3213 τῆς
2371 3143 2637 3212 σμύρνης,
2673 3141 2805 3193 πᾶσι
2837 3141 2948 3201 τοῖς
2971 3137 3063 3190 τοῦ
3099 3137 3213 3207 βίου
3244 3134 3535 3205 ἐπιτηδεύ-

272 3229 430 3295 plena
467 3226 608 3280 facta
637 3235 745 3292 est,
783 3229 1147 3299 omnibusque
1174 3232 1297 3286 vitae
1317 3235 1512 3291 studiis
1537 3235 1677 3307 (quas
1710 3237 1742 3290 ﬁ

2064 3255 2108 3290 ιν
2135 3235 2311 3304 (ἅπερ
2337 3233 2634 3294 δακτύλους
2659 3230 2937 3302 τροπικῶς
2961 3228 3250 3298 ὀνομάζει)
3274 3227 3368 3296 τὴν
3387 3225 3537 3295 πρὸς

275 3325 393 3370 rate
420 3315 621 3385 digitos
657 3319 836 3388 vocat)
869 3320 1253 3376 mortiﬁcatum
1295 3323 1350 3377 in
1382 3339 1441 3379 se
1471 3327 1671 3379 malum
1703 3328 1748 3380 in

2061 3323 2210 3378 ιακὸν
2243 3323 2675 3394 ἐπισημαίνουσα
2720 3320 3006 3391 νέκρωσιν·
3043 3320 3139 3373 καὶ
3175 3320 3234 3371 τὸ
3280 3317 3534 3370 ἑκούσιον

274 3412 385 3468 cat,
417 3414 776 3473 spontaneum
809 3407 1029 3462 virtutis
1057 3410 1268 3464 cultum
1302 3426 1365 3465 ea
1398 3411 1516 3481 ipsa
1540 3429 1598 3470 re
1623 3414 1744 3469 dem

2085 3414 2283 3485 ἀρετῆς
2325 3414 2413 3466 διὰ
2457 3414 2518 3466 τὸ
2555 3412 2765 3466 οἴκοθεν
2818 3411 3124 3476 ἀποστάξαι
3163 3408 3268 3463 τῶν
3323 3407 3534 3477 χειρῶν

276 3503 435 3558 strat,
459 3495 607 3564 quod
631 3511 696 3550 ex
727 3512 784 3552 se
815 3513 1012 3554 manus
1039 3499 1212 3569 ipsius
1236 3503 1514 3572 myrrham
1543 3503 1745 3558 distilla

2084 3506 2326 3576 σμύρναν
2359 3503 2729 3574 ἐνδειξαμένη,
2766 3501 3006 3570 ἅψασθαί
3041 3518 3174 3571 φησι
3214 3501 3307 3562 τὰς
3335 3502 3533 3569 χεῖρας

276 3586 393 3640 haec
421 3587 588 3656 igitur
615 3589 860 3659 attigisse
894 3605 1089 3646 manus
1120 3607 1248 3648 suas
1274 3594 1573 3649 claustrum
1605 3597 1704 3660 ait,
1745 3598 1749 3650 l

2058 3600 2143 3669 τῆς
2173 3596 2265 3650 τοῦ
2292 3596 2562 3666 κλείθρου,
2589 3594 2856 3658 τουτέστι,
2885 3593 2956 3646 τὰ
2980 3593 3116 3664 ἔργα
3151 3594 3347 3662 ἑαυτῆς
3370 3590 3531 3658 ἐγγί-

275 3684 379 3740 est,
410 3693 573 3748 opera
604 3694 700 3733 sua
737 3696 902 3750 prope
933 3685 1236 3739 accessisse
1271 3684 1338 3738 ad
1371 3694 1660 3755 angustum
1695 3689 1748 3741 ill

2071 3689 2222 3755 λέγει
2255 3689 2324 3756 τῇ
2359 3689 2516 3756 στενῇ
2549 3702 2607 3737 τε
2636 3685 2729 3737 καὶ
2757 3684 3093 3755 τεθλιμμένη
3121 3683 3330 3752 εἰσόδῳ,
3358 3678 3425 3755 ἦς
3466 3683 3530 3736 τὺ

277 3774 333 3820 et
371 3769 617 3822 strictum
649 3769 892 3825 aditum:
946 3771 1103 3840 cujus
1135 3773 1341 3827 clavem
1382 3773 1622 3828 Verbum
1671 3776 1750 3844 ips

2057 3783 2194 3851 Ξθρον
2221 3776 2516 3847 ἐγχειρίζει
2542 3777 2655 3838 τοῖς
2675 3775 2818 3828 κατὰ
2843 3776 3049 3845 Πέτρον
3074 3776 3103 3826 6
3125 3774 3312 3841 Λόγος.
3356 3774 3530 3826 Ἀνοί-

280 3858 446 3910 tradit
496 3858 598 3920 eis,
653 3860 745 3928 qui
796 3859 956 3914 Petro
1010 3862 1218 3918 similes
1267 3875 1414 3918 sunt.
1448 3865 1634 3934 Aperit
1671 3878 1753 3919 aul

2062 3871 2238 3923 τοίνυν
2271 3867 2337 3920 δι’
2368 3865 2641 3936 ἑκατέρων
2678 3867 2842 3937 ἑαυτῇ
2871 3867 2971 3936 τῆς
3005 3864 3281 3936 βασιλείας
3309 3864 3400 3931 τὴν
3431 3863 3529 3916 θύ-

279 3947 381 4002 sibi
414 3949 564 4017 regni
591 3949 789 4002 ostium
817 3965 912 4017 per
934 3949 1048 4003 haec
1069 3951 1196 4015 duo,
1234 3953 1488 4006 nimirum
1513 3969 1607 4022 per
1631 3969 1752 4007 man

2057 4002 2070 4024 ,
2120 3960 2208 4014 διά
2251 3976 2311 4012 τε
2343 3957 2448 4011 τῶν
2482 3957 2701 4029 χειρῶν,
2741 3960 2807 4011 δι’
2849 3951 2922 4012 ὧν
2966 3957 3033 4010 τὰ
3087 3956 3224 4028 ἔργα
3251 3955 3524 4025 δηλοῦται’

279 4053 400 4107 quae
439 4053 662 4106 operum
703 4037 1152 4107 signiﬁcationem
1197 4041 1419 4103 habent,
1471 4051 1524 4097 et
1571 4059 1667 4112 per
1695 4045 1752 4097 cl;

2069 4051 2158 4104 διὰ
2181 4049 2273 4103 τοῦ
2298 4049 2549 4121 κλείθρου
2573 4049 2671 4119 τῆς
2693 4049 2950 4112 πίστεως.
2976 4050 3053 4100 Δι’
3079 4047 3392 4116 ἀμφοτέρων
3412 4049 3527 4120 γὰρ

281 4133 454 4181 strum
487 4126 628 4179 ﬁdei.
665 4124 798 4177 Nam
833 4140 928 4194 per
960 4126 1073 4181 haec
1103 4127 1230 4191 duo,
1263 4145 1359 4197 per
1387 4130 1565 4194 tidem,
1604 4133 1754 4202 inqua

2052 4158 2176 4207 των,
2222 4141 2398 4211 ἔργων
2432 4157 2492 4193 τε
2540 4139 2634 4192 καὶ
2671 4139 2906 4201 πίστεως
2949 4138 3128 4206 λέγω,
3177 4138 3210 4208 ὴ
3243 4137 3382 4199 κλεὶς
3422 4138 3525 4204 τῆς

279 4227 334 4270 et
355 4232 540 4286 opera,
598 4217 767 4271 clavis
823 4217 973 4288 regni
1026 4219 1185 4273 nobis
1236 4235 1266 4273 a
1302 4236 1553 4276 sermone
1605 4233 1752 4292 parat

2046 4233 2232 4296 ςιλείας
2276 4235 2334 4285 ἐν
2379 4232 2512 4300 ἡμῖν
2556 4229 2660 4282 ὑπὸ
2692 4227 2786 4281 τοῦ
2829 4228 2987 4296 λόγου
3041 4225 3519 4289 κατασκευάζεται.

279 4305 415 4360 Cum
453 4320 584 4374 ergo
623 4315 870 4374 speraret
903 4304 970 4358 ad
1005 4307 1312 4376 exemplum
1346 4307 1510 4363 Musis
1537 4309 1726 4364 faciem

2046 4343 2085 4377 τε
2119 4323 2298 4376 τοίνυν
2326 4322 2524 4392 ἤλπισε
2552 4318 2694 4373 κατά
2727 4319 2819 4372 τὸν
2850 4317 3092 4372 Μωῡσέα
3123 4317 3372 4385 γνωστῶς
3417 4317 3519 4386 ἐμ-

281 4396 507 4453 siderati
544 4397 623 4451 sic
659 4397 1115 4452 manifestandam
1149 4400 1276 4463 sibi,
1309 4407 1367 4454 ut
1401 4408 1519 4455 eam
1553 4417 1754 4472 agnosc

2044 4415 2281 4484 νισθῆναι
2319 4415 2485 4483 ἐαυτῇ
2529 4411 2622 4464 τοῦ
2660 4410 2924 4481 βασιλέως
2966 4410 3028 4463 τὸ
3061 4409 3372 4482 πρόσωπον·
3401 4409 3517 4461 τότε

282 4495 508 4558 posset:
567 4496 680 4539 tum
731 4503 860 4541 vero
904 4491 1305 4558 perceptionem
1341 4491 1460 4559 ejus
1495 4494 1754 4561 praeteriit

2043 4506 2201 4576 ρῆλθε
2245 4506 2342 4576 τὴν
2377 4502 2681 4574 κατάληψιν
2713 4503 2880 4574 αὐτῆς
2919 4505 2948 4555 ὁ
2992 4501 3339 4572 ποθούμενος.
3383 4499 3516 4568 Φησὶ

281 4580 373 4649 qui
399 4577 766 4647 quaerebatur.
797 4579 1042 4633 Aitenitn
1070 4600 1082 4634 :
1106 4581 1370 4636 Praeteriit
1390 4593 1654 4653 cognatus
1679 4602 1754 4640 me

2042 4615 2084 4668 ρ’
2134 4599 2215 4651 ὅτι
2273 4595 2576 4663 Ἀδελφιδὸς
2626 4611 2728 4663 μου
2776 4592 3072 4662 παρῆλθεν·
3127 4592 3186 4644 οὐ
3218 4588 3515 4644 καταλιπὼν

283 4685 392 4726 non
422 4669 512 4724 ille
541 4669 759 4739 quidem
805 4669 996 4724 relicta
1030 4670 1351 4740 desertaque
1385 4684 1644 4742 sequente
1673 4678 1756 4745 ips

2043 4707 2054 4741 ν
2089 4687 2360 4758 ἑπομένην
2389 4685 2538 4755 αὑτῷ
2579 4683 2776 4754 ψυχὴν,
2811 4683 2947 4736 ἀλλὰ
2990 4683 3126 4752 πρὸς
3163 4682 3348 4734 ἐαυτὸν
3371 4681 3516 4749 ἐφελ-

281 4763 486 4826 anima,
541 4759 636 4816 sed
675 4761 742 4815 ad
778 4760 1020 4830 seipsum
1070 4770 1317 4818 attracta.
1359 4763 1552 4819 Anima
1589 4784 1735 4832 mea,

2035 4796 2205 4850 μενος.
2241 4778 2307 4832 Ἡ
2332 4776 2503 4844 ψυχὴ
2527 4777 2632 4846 γάρ
2647 4793 2766 4844 μου
2785 4774 3298 4842 ἐξῆλθενένλόγῳ
3323 4771 3508 4825 αὑτοῦ.

282 4854 437 4922 quit,
484 4869 692 4922 egressa
741 4861 817 4906 est
859 4851 928 4904 ad
966 4869 1252 4907 sermonem
1292 4855 1426 4923 ejus.
1467 4855 1511 4910 Ο
1546 4856 1755 4913 felicem

2057 4869 2332 4940 μακαρίας
2364 4868 2544 4934 ἐξόδου
2582 4869 2797 4937 ἐκείνης
2822 4868 2888 4937 ἣν
2922 4867 3198 4937 ἐξέρχεται
3236 4868 3269 4936 ή
3288 4865 3360 4935 τῷ
3381 4865 3513 4935 λόγῳ

281 4944 388 4996 lam
421 4943 814 5013 egressionem,
849 4959 1010 5013 quam
1037 4945 1313 5014 egreditur
1337 4947 1517 5001 anima
1547 4965 1754 5006 sermon

2039 4960 2206 5029 ομένη
2238 4958 2413 5029 ψυχήῑ
2452 4959 2656 5030 Κύριος
2689 4958 2910 5027 φυλάξει
2954 4957 3052 5028 τὴν
3098 4956 3272 5022 ἐξοδόν
3309 4971 3390 5007 σου
3424 4957 3512 5008 καὶ

284 5037 506 5090 secuta!
565 5034 829 5091 Dominus
894 5037 1166 5092 custodiet
1229 5038 1536 5108 ingressum
1589 5049 1741 5097 tuum

2038 5066 2058 5101 ν
2095 5048 2297 5102 εἴσοδόν
2341 5066 2458 5114 σου,
2493 5049 2658 5119 φησιν
2687 5050 2715 5100 ὁ
2745 5047 3056 5116 Προφήτης.
3089 5043 3235 5113 Αὕτη
3281 5044 3410 5096 ἐστὶν
3443 5046 3511 5107 ὼς

282 5128 648 5194 egressionem
675 5135 848 5192 tuam,
890 5129 1068 5198 inquit
1094 5127 1440 5199 Propheta”.
1479 5131 1742 5188 Nimirum

2034 5140 2176 5211 ηθῶς
2219 5142 2252 5211 ἡ
2287 5140 2394 5193 ὑπὸ
2437 5140 2530 5194 τοῦ
2578 5140 2712 5193 Θεοῦ
2759 5136 3138 5208 φυλασσομένη
3181 5138 3294 5200 τοῖς
3330 5136 3507 5199 ἀξίοις.

287 5233 411 5269 vera
454 5217 567 5272 haec
613 5217 703 5272 illa
741 5227 849 5282 est,
898 5236 1020 5290 quae
1070 5221 1250 5292 dignis
1300 5237 1328 5275 a
1375 5221 1483 5278 Deo
1523 5225 1760 5280 custodit

2036 5227 2136 5291 δδός
2160 5246 2219 5280 τε
2251 5228 2344 5282 καὶ
2376 5227 2598 5290 εἴσοδος.
2630 5227 2741 5280 Καὶ
2764 5228 2871 5296 γὰρ
2903 5228 2935 5296 ἡ
2961 5225 3068 5278 ἀπὸ
3090 5223 3183 5278 τοῦ
3207 5226 3266 5275 ὲν
3294 5217 3338 5290 ᾧ
3362 5225 3509 5292 ἐσμεν

287 5305 529 5376 egressio
557 5308 758 5375 pariter
789 5316 841 5363 et
878 5309 1166 5379 ingressio.
1218 5309 1351 5366 Nam
1383 5315 1626 5384 egressio
1664 5330 1732 5370 ex

2030 5317 2155 5382 760;,
2186 5316 2295 5371 τῶν
2345 5315 2755 5388 ὑπερκειμένων
2803 5313 3022 5384 ἀγαθῶν
3052 5313 3256 5377 εἴσοδος
3298 5311 3503 5381 γίνεται.

349 5474 392 5507 ⁸⁷
429 5479 660 5548 Philipp.
688 5500 766 5548 ttt,
801 5487 883 5540 15.
946 5489 990 5519 ⁵⁸
1021 5488 1166 5542 Psal.
1195 5504 1320 5550 cxx,
1344 5490 1396 5543 8.
