3756 5988
193 236 329 293 10ὶὸ

1221 225 1284 280 IN
1326 223 1621 281 CANTICA
1665 225 1937 282 CANTIC.
1983 227 2261 281 HOMILIA
2301 225 2416 280 XII.

3307 224 3448 280 1026

191 356 406 426 Ταύτην
435 349 535 408 οὖν
581 351 802 422 ἐξῆλθεν
838 352 871 422 ἡ
913 349 1060 420 ψυχὴ
1098 349 1197 419 τὴν
1229 349 1422 414 ἔξοδον,
1472 348 1652 418 ὁδηγῷ
1681 366 1764 402 κε.

1963 367 2072 419 quo
2104 367 2314 413 smnus,
2352 348 2620 420 mgressio
2648 359 2730 404 est
2754 349 2820 403 ad
2847 351 2986 402 bona
3016 360 3180 419 supra
3218 363 3321 403 nos
3347 337 3446 413 βο-

190 446 439 518 χρημένη
455 445 539 515 τῷ
567 444 723 513 Λόγῳ
750 441 827 511 τῷ
868 440 1197 504 είπόντι,ὃτι
1230 439 1374 508 Ἐγώ
1399 439 1567 508 εἱμιὴ
1601 440 1768 506 θύρα,

191 536 286 588 καὶ
317 536 356 602 ἠ
386 535 554 601 ὁδὸς,
591 535 707 606 καὶ,
735 535 815 588 ὅτι
845 533 926 585 Δι’
953 529 1239 600 ἐμοῦ-ἐάν
1265 547 1354 595 τις
1381 527 1654 597 εἰσέλθῃ,
1673 527 1772 580 καὶ

190 628 602 681 εἰσελεύσεται
636 625 734 678 καὶ
761 623 1168 688 ἐξελεύσεται,
1191 619 1445 673 οὐδέποτε
1476 619 1570 671 τοῦ
1605 618 1770 671 είσιέ-

191 734 272 769 ναι
298 716 508 786 λήγων,
537 715 658 768 οὔτε
676 714 770 768 τοῦ
797 713 995 787 ἐξιέναι
1015 712 1340 782 παυόμενος⁸
1378 708 1514 762 ἀλλά
1539 708 1769 761 παύεται

190 807 272 860 διὰ
297 807 586 876 προκοπῆς
615 809 693 869 είς
719 804 788 858 τά
815 804 1182 874 ὑπερκείμενα
1207 799 1409 866 εἰσιὼν,
1437 799 1530 851 καλ⁸
1555 799 1641 851 ἀεὶ
1663 799 1769 851 τῶν

191 898 644 967 κατειλημμένων
692 895 798 960 ἔξω
835 895 1132 964 γινόμενος.
1175 892 1332 946 Οὕτω
1366 889 1610 960 παρῆλθε
1648 889 1769 942 τότε

191 990 280 1042 καὶ
308 987 398 1040 τὸν
428 987 672 1041 Μωῦσέα
696 987 756 1040 τὸ
786 986 1116 1057 ποθούμενον
1139 987 1314 1039 ἐκεῖνο
1352 983 1643 1052 πρόσωπον
1674 980 1767 1032 τοῦ

193 1082 429 1150 Κυρίουο
485 1082 581 1133 καὶ
631 1078 801 1141 οὕτως
850 1080 881 1148 ἡ
915 1077 1062 1146 ψυχὴ
1091 1075 1184 1129 τοῦ
1216 1074 1505 1145 νομοθέτου
1549 1072 1637 1124 ἀεὶ
1665 1071 1769 1136 ἔξω

192 1173 398 1238 ἐγίνετο
427 1170 524 1223 τοῦ
548 1173 606 1222 ἐν
629 1163 673 1237 ᾧ
703 1164 792 1238 ἦν,
823 1167 1063 1238 ἑπομένη
1103 1167 1343 1238 προῖόντι
1371 1164 1450 1236 τῷ
1482 1163 1659 1233 Λόγῳ.

255 1467 350 1530 Τίς
379 1465 493 1537 γὰρ
526 1465 624 1518 οὐκ
648 1462 754 1518 οἶδε
782 1465 878 1529 τὰς
909 1465 1198 1526 ἀναϐάσεις
1237 1463 1469 1527 ἐκείνας,
1500 1462 1566 1526 ἃς
1599 1462 1842 1558 ἀνέϐη-Β

192 1557 216 1606 ὁ
245 1557 512 1626 Μωῦσῆς,
549 1557 578 1608 ὁ
632 1557 718 1608 ἀεὶ
770 1557 940 1626 μέγας
986 1556 1304 1625 γινόμενος,
1363 1555 1456 1606 καὶ
1501 1555 1768 1624 μηδέποτε

193 1649 476 1716 ἱστάμενος
511 1648 608 1716 τῆς
635 1648 724 1699 ἐπὶ
756 1647 815 1700 τὸ
847 1646 1028 1717 μεῖζον
1052 1647 1330 1716 αὐξήσεως
1356 1663 1370 1711 ;
1402 1645 1622 1717 Πὺξήθη
1651 1651 1770 1700 κατ’

194 1737 391 1806 ἀρχὰς,
428 1738 522 1790 ὅτε
563 1738 659 1807 τῆς
687 1737 794 1790 τῶν
831 1739 1141 1806 Αἰγυπτίων
1185 1737 1456 1807 βασιλείας
1511 1738 1770 1808 ὑψηλότεο

195 1846 281 1898 ρον
314 1828 404 1880 τὸν
444 1828 753 1897 ὀνειδισμὸν
789 1828 884 1880 τοῦ
930 1827 1166 1900 Χριστοῦ
1214 1831 1539 1899 ἐποιήσατο’
1572 1829 1772 1898 μᾶλλον

193 1917 440 1985 ἐλόμενος
507 1917 996 1986 συγκακουχεῖσθαι
1038 1917 1115 1987 τῷ
1172 1917 1285 1987 λαῷ
1337 1918 1430 1970 τοῦ
1492 1916 1666 1975 Θεοῦ.
1726 1917 1760 1987 ἢ

193 2009 520 2078 πρόσκαιρον
543 2008 684 2077 ἔχειν
709 2009 982 2078 ἁμαρτίας
1008 2009 1324 2061 ἀπόλαυσιν.
1347 2007 1567 2077 Ηύξήθη
1613 2008 1771 2061 πάλιν

194 2099 276 2149 ἒετε
333 2098 784 2161 καταπονοῦντος-
828 2098 920 2151 τὸν
979 2098 1226 2166 Ἐϐραῖον
1275 2097 1368 2150 τοῦ
1430 2098 1728 2165 Αἰγυπτίου
1754 2137 1767 2160 ,

199 2184 412 2240 θανατοῖ
429 2188 524 2238 τὸν
557 2187 873 2256 ἀλλόφυλον,
905 2188 1044 2258 ὑπὲρ
1076 2188 1172 2241 τοῦ
1206 2186 1539 2256 Ἰσραηλίτου
1570 2189 1769 2255 ἀγωνι-

199 2279 435 2347 ζόμενος.
450 2278 612 2340 Νοεῖς
639 2278 694 2330 δέ
715 2278 930 2342 πάντως
951 2277 1006 2330 ἐν
1031 2277 1235 2342 τούτοις
1258 2278 1348 2330 τὸν
1368 2277 1467 2346 τῆς
1491 2277 1772 2348 αὐξήσεως

199 2371 408 2438 τρόπον,
442 2369 760 2438 μεταϐαλὼν
815 2372 913 2440 τὴν
953 2371 1190 2440 ἱστορίαν
1218 2371 1297 2432 είς
1333 2370 1601 2439 τροπικὴν
1631 2369 1769 2422 θεω-

203 2460 333 2528 ρίαν.
365 2461 538 2514 Πάλιν
567 2461 758 2514 ἐαυτοῦ
793 2460 992 2531 μείζων
1024 2462 1257 2528 ἐγένετο,
1277 2462 1642 2532 ἀπεριήχητον
1671 2462 1772 2532 τὴν

201 2549 335 2620 ζωὴν
383 2551 690 2620 φυλάττων,
716 2551 801 2604 διὰ
831 2552 930 2620 τῆς
957 2555 1014 2604 ἐν
1039 2555 1104 2623 τῇ
1139 2555 1332 2622 ἐρήμῳ
1363 2549 1677 2620 φιλοσοφίας
1714 2554 1772 2605 ἐν

201 2643 367 2712 χρόνῳ
397 2642 600 2712 πολλῷ.
632 2638 763 2696 Εἶτα
789 2641 866 2712 τῷ
902 2645 1030 2714 πυρὶ
1059 2643 1138 2712 τῷ
1168 2645 1260 2695 ἐπὶ
1280 2644 1379 2714 τῆς
1417 2643 1579 2712 βάτου
1609 2644 1773 2712 φωτί-

205 2733 364 2796 ζεται.
389 2734 595 2802 Γυμνοῖ
617 2733 753 2803 πρὸς
783 2733 990 2795 τούτοις
1013 2735 1108 2803 τῆς
1136 2736 1336 2804 νεκρᾶς
1362 2734 1653 2806 περιϐολῆς
1676 2733 1773 2796 τὰς

1878 443 2004 496 sita.
2035 441 2184 495 Hanc
2215 441 2378 509 igitur
2425 439 2793 510 egressionem
2842 455 3060 510 egressa
3104 448 3189 496 est
3241 440 3447 506 anima,

1878 532 2058 586 Verbo
2099 549 2197 586 usa
2241 532 2400 592 duce,
2444 532 2589 601 quod
2622 532 2796 584 dixit:
2838 531 2946 600 Ego
2991 548 3107 585 sum
3137 541 3186 586 et
3220 533 3344 595 via,
3395 537 3448 584 et

1877 627 2100 688 ostium;
2134 625 2179 678 si
2207 624 2324 694 quis
2354 640 2446 693 per
2476 641 2553 677 me
2583 624 2929 693 ingrediatur,
2962 625 3008 677 is
3042 633 3089 678 et
3124 624 3448 693 ingredietur

1873 725 1923 770 et
1953 715 2344 784 egredietur":
2401 715 2475 768 ita
2523 723 2582 768 ut
2628 730 2907 784 nunquam
2955 729 3055 769 nec
3105 714 3450 783 ingrediundi

1870 819 1971 858 nec
2012 803 2332 875 egrediundi
2359 803 2517 858 tinem
2573 803 2770 857 faciat:
2804 803 2900 858 sed
2931 803 3146 858 desinat
3169 804 3257 857 ubi
3284 803 3448 872 proti-

1868 895 2063 950 ciendo
2089 896 2373 964 superiora
2399 904 2484 950 est
2509 895 2815 964 ingressus,
2848 905 2901 949 et
2931 910 3146 964 semper
3178 901 3334 948 extra
3356 895 3450 948 illa

1867 993 2139 1048 versetur,
2176 999 2296 1053 qum
2339 982 2543 1038 fuerint
2579 999 2608 1036 a
2657 999 2715 1039 se
2744 985 3160 1054 comprehensa.
3191 983 3284 1038 Sic
3312 983 3450 1038 olim

1869 1074 2072 1130 Mosem
2103 1089 2322 1144 quoque
2353 1075 2518 1129 facies
2564 1075 2654 1129 illa
2693 1076 2904 1129 Domini
2935 1077 3246 1132 desiderata
3305 1091 3451 1146 prae-

1876 1166 2023 1220 teriit
2051 1183 2063 1218 :
2107 1166 2188 1219 sic
2215 1165 2460 1234 ejusdem
2493 1166 2824 1234 legislatoris
2847 1168 3027 1220 anima
3055 1181 3270 1236 semper
3295 1176 3451 1221 extra

1877 1257 1930 1311 id
1969 1257 2436 1389 prqlgrediebatur,
2489 1257 2544 1310 in
2575 1271 2686 1326 quo
2724 1265 2865 1322 erat,
2902 1258 3181 1327 sequendo
3210 1257 3450 1313 Verbum

1877 1347 2046 1389 uraace
2086 1348 2202 1389 eus.

1873 1347 2202 1404 praecedens.

1945 1461 2080 1529 Quis
2112 1461 2258 1516 enim
2289 1461 2505 1531 ignorat
2537 1460 2740 1530 gradus
2784 1461 2927 1526 illos,
2963 1478 3100 1532 quos
3130 1461 3452 1517 conscendit

1875 1554 2077 1619 Moses,
2111 1554 2204 1624 qui
2233 1566 2446 1622 semper
2479 1552 2654 1620 major
2692 1551 3041 1615 reddebatur,
3082 1561 3136 1607 et
3171 1568 3450 1622 nunquam

1874 1644 2198 1715 proﬁciundi
2229 1645 2464 1713 amplius
2491 1643 2650 1698 tinem
2675 1642 2948 1697 faciebat?
2978 1641 3150 1712 Major
3175 1643 3349 1697 factus
3370 1649 3453 1698 est

1874 1737 2052 1798 initio,
2103 1752 2226 1790 cum
2258 1735 2638 1806 Egyptiorum
2691 1749 2860 1804 regno
2908 1734 3200 1788 sublimius
3252 1748 3455 1802 oppro-

1875 1829 2054 1882 brium
2087 1827 2290 1880 Christi
2344 1828 2607 1881 duceret:
2661 1841 2725 1879 ac
2756 1825 2848 1880 Dei
2883 1841 3007 1878 cum
3056 1826 3254 1894 populo
3289 1823 3454 1894 afﬂigi

1873 1919 2077 1981 mallet,
2125 1933 2287 1987 quam
2324 1918 2710 1985 temporariam
2755 1916 2964 1986 peccati
3002 1914 3318 1968 fruitionem
3352 1915 3454 1967 ha-

1875 2011 2020 2064 bere.
2059 2006 2298 2060 Rursum
2332 2007 2509 2075 major
2543 2007 2721 2061 factus
2749 2014 2854 2071 est,
2882 2020 3006 2059 cum
3035 2003 3294 2075 IEgyptio
3343 2003 3452 2059 Hc-

1871 2101 2075 2156 braaum
2106 2097 2394 2169 aiiligente,
2439 2098 2713 2151 hominem
2744 2098 2982 2151 alienum
3031 2112 3060 2150 a
3103 2098 3323 2151 natione
3354 2111 3455 2156 sua

1873 2203 2050 2246 morte
2073 2192 2289 2253 multat,
2317 2189 2678 2244 lsraeliticum
2704 2204 3076 2259 propugnans.
3102 2189 3167 2241 Et
3195 2189 3454 2258 intelligis

1871 2281 2096 2336 omnino
2124 2281 2443 2336 incrementi
2473 2281 2693 2334 modum
2717 2282 2772 2334 in
2804 2281 2912 2343 his,
2938 2280 3284 2336 considerata
3321 2279 3455 2348 (igu-

1871 2385 1990 2428 rate
2021 2373 2270 2426 historia.
2309 2371 2548 2426 Rursum
2587 2372 2761 2440 major
2794 2372 2976 2441 seipso
3009 2371 3084 2433 fit,
3128 2386 3253 2424 cum
3293 2370 3456 2439 longo

1873 2473 2114 2532 tempore
2157 2479 2255 2532 per
2302 2465 2818 2517 commentationem
2867 2464 2920 2516 in
2953 2461 3250 2517 solitudine
3282 2461 3451 2515 vitam

1874 2557 2188 2610 hominibus
2238 2557 2474 2624 ignotam
2524 2565 2732 2623 ageret.
2778 2554 2985 2609 Deinde
3033 2555 3102 2608 ab
3153 2554 3298 2624 igne,
3355 2553 3453 2622 qui

1874 2657 1994 2702 erat
2021 2648 2076 2700 in
2102 2647 2261 2706 rubo.
2293 2647 2622 2702 illustratur.
2655 2644 2967 2699 Secundum
2996 2645 3108 2698 hoc
3149 2651 3343 2712 praeter
3369 2643 3457 2695 Iu-

1875 2740 1957 2793 cis
2007 2738 2193 2792 radios
2243 2738 2420 2792 oculis
2473 2744 2764 2807 perceptus
2799 2737 2961 2790 etiam
3017 2735 3234 2789 auditus
3286 2733 3458 2803 ipsius

205 2823 383 2877 ἐαυτοῦ
415 2823 605 2893 βάσεις
630 2839 644 2850 ⁸
667 2823 944 2876 ἀναλίσκει
971 2825 1034 2893 τῇ
1072 2823 1251 2894 ῥάϐδῳ
1287 2826 1411 2886 τοὺς
1443 2824 1764 2891 Αἰγυπτίους

1945 2835 2086 2902 lgore
2134 2832 2368 2901 quodam
2410 2829 2778 2900 perfunditur.
2832 2829 2912 2882 Ad
2966 2831 3078 2882 haec
3127 2828 3292 2898 pedes
3325 2841 3458 2882 suos

205 2913 489 2982 δράκοντας
515 2931 528 2943 ·
570 2915 861 2984 ἐξαιρεῖται
892 2914 990 2984 τῆς
1027 2915 1338 2981 τυραννίδος
1366 2914 1459 2966 τοῦ
1482 2915 1682 2986 Φαραὼ
1709 2913 1768 2966 τὸ

207 3006 465 3073 ὁμόφυλον
486 3023 499 3035 ⁸
513 3007 784 3076 ὁδηγεῖται
812 3005 899 3058 διὰ
919 3005 1146 3076 νεφέλης
1164 3022 1177 3036 ·
1210 3005 1406 3075 διαιρεῖ
1427 3006 1487 3058 τὸ
1515 3005 1767 3072 πέλαγοςο

209 3095 524 3167 ὑποϐρύχιον
553 3101 698 3149 ποιεῖ
729 3097 826 3167 τὴν
859 3089 1146 3166 τυραννίδα
1165 3113 1176 3124 ·
1204 3096 1483 3164 γλυκαίνει
1503 3095 1600 3166 τὴν
1629 3095 1774 3168 Map-

213 3189 303 3256 ράν
321 3205 333 3218 ·
369 3189 575 3241 πιαίνει
602 3188 700 3258 τὴν
755 3188 960 3256 πέτραν
985 3205 998 3218 ο
1024 3190 1345 3257 ἐμφορεῖται
1392 3188 1492 3256 τῆς
1534 3186 1642 3239 τῶν
1670 3189 1773 3255 ἀγ-

211 3277 372 3344 γέλων
414 3280 619 3348 τροφῆς
638 3295 652 3309 ο
676 3279 785 3331 τῶν
812 3280 1126 3346 σαλπίγγων
1159 3279 1342 3332 ἀκούει
1368 3298 1381 3311 ·
1421 3282 1511 3333 τοῦ
1541 3279 1773 3349 καιομέ-

215 3384 294 3418 νου
323 3368 482 3438 ὁρους
521 3368 864 3438 κατατολμᾷ·
895 3369 990 3438 τῆς
1027 3370 1336 3439 ἀκρωρείας
1374 3369 1602 3422 ἅπτεται
1633 3388 1646 3401 ο
1677 3371 1776 3440 τὴν

213 3458 434 3526 νεφέλην
481 3458 808 3528 ὑπέρχεταιο
849 3459 998 3520 ἐντὸς
1031 3459 1122 3510 τοῦ
1155 3460 1354 3526 γνόφου
1397 3460 1604 3526 γίνεται
1640 3463 1696 3512 ἐν
1734 3453 1778 3526 ᾧ

216 3541 273 3614 ἦν
297 3549 493 3610 ὁΘεός·
511 3549 610 3619 τὴν
631 3547 890 3619 διαθήκην
911 3549 1122 3617 δέχεται
1140 3564 1151 3577 '
1170 3550 1320 3618 ἥλιος
1341 3550 1546 3616 γίνεται
1574 3551 1780 3617 ἀπροσ-

216 3639 472 3701 πέλαστος
531 3643 644 3702 τοῖς
696 3639 1173 3709 προσεγγίζουσιν,
1241 3639 1327 3691 τοῦ
1381 3639 1670 3710 προσώπου
1719 3641 1781 3693 τὸ

218 3727 324 3792 erit;
347 3730 774 3800 ἀπαστράπτων.
797 3730 903 3782 Καὶ
933 3729 1048 3791 πῶς
1083 3730 1263 3791 πάσας
1292 3730 1582 3793 ἀναϐάσεις
1616 3728 1779 3784 αὑτοῦ

219 3817 276 3868 ἀν
304 3835 384 3882 τις
417 3821 630 3880 καὶτὰς
658 3819 1190 3886 θεοφανείαςέξέλθοι
1221 3820 1467 3883 ποικίλας
1501 3820 1578 3890 τῷ
1605 3821 1780 3890 λόγῳ;

230 3908 520 3979 Ἀλλ’ὅμως
539 3911 567 3962 ὁ
586 3909 858 3973 τοσοῦτος,
882 3913 910 3962 ὁ
938 3911 1192 3972 τοιοῦτος,
1213 3912 1241 3961 ὁ
1262 3913 1317 3962 ὲν
1333 3911 1608 3973 τοσούτοις
1635 3912 1786 3979 γενό-

223 4004 390 4067 μενος,
436 4002 532 4054 καὶ
566 4002 654 4055 διὰ
696 4003 945 4055 τοσοῦτον
974 4004 1109 4072 πρὸς
1145 4003 1234 4055 τὸν
1259 4004 1391 4055 Θεὸν
1421 4003 1673 4072 ὑψωθεὶς,
1705 4002 1783 4056 ἐτι

222 4090 500 4159 ἀπλήστως
533 4090 642 4160 ἔχει
672 4091 769 4160 τῆς
801 4092 1092 4161 ἐπιθυμίας
1138 4092 1229 4144 τοῦ
1273 4093 1540 4155 πλείονος,
1565 4093 1656 4145 καὶ
1689 4093 1783 4146 τοῦ

1875 2919 2209 2974 cadaveroso
2250 2925 2564 2988 legumento
2601 2917 2881 2984 denudat;
2943 2917 3141 2970 baculo
3180 2915 3450 2970 dracones

1878 3011 2165 3083 Egyptios
2196 3011 2469 3077 absumit;
2516 3011 2793 3064 nationem
2828 3025 2983 3064 suam
3035 3008 3338 3062 Pharaonis
3370 3016 3457 3076 ty-

1878 3103 2106 3158 rannide
2161 3103 2393 3168 liberat;
2453 3117 2549 3170 per
2598 3101 2797 3155 nubem
2851 3113 3074 3155 suorum
3106 3099 3302 3152 ductor
3349 3108 3458 3162 egi;

1879 3196 2071 3250 dividit
2101 3211 2279 3263 mare;
2316 3193 2660 3264 tyrannidem
2703 3191 2998 3261 demergit;
3041 3191 3307 3243 Marrham
3337 3188 3463 3241 dul-

1879 3300 1996 3339 cem
2029 3284 2244 3348 reddit;
2286 3300 2476 3340 sasum
2505 3283 2704 3347 mollit;
2749 3283 3063 3350 angelorum
3094 3280 3218 3333 cibo
3249 3285 3466 3332 satura-

1882 3384 2001 3439 tur;
2034 3375 2186 3426 audit
2221 3375 2414 3438 tubas;
2447 3372 2709 3425 audacter
2746 3378 2984 3423 montem
3013 3369 3292 3422 ardentem
3331 3381 3465 3421 con-

1883 3465 2130 3530 scendit;
2169 3465 2220 3516 in
2258 3463 2516 3517 verticem
2553 3461 2840 3530 pervenit;
2875 3459 3075 3512 nubem
3107 3459 3294 3522 subit;
3331 3457 3466 3509 cali-

1881 3555 2060 3625 ginem
2096 3554 2287 3615 intrat,
2320 3553 2373 3605 in
2418 3566 2525 3620 qua
2562 3550 2701 3603 Deus
2727 3559 2874 3612 erat;
2923 3548 3102 3601 foedus
3135 3547 3362 3615 accipit;
3408 3543 3468 3595 fit

1885 3645 1988 3706 sol,
2034 3645 2163 3697 dum
2211 3643 2425 3712 fulgens
2475 3657 2506 3696 e
2538 3641 2689 3692 vultu
2729 3639 2909 3692 lumen
2943 3638 3160 3700 emittit,
3214 3637 3280 3689 ad
3316 3635 3463 3704 quod

1885 3736 2144 3790 accedere
2194 3734 2418 3802 propius
2468 3745 2628 3784 nemo
2657 3738 2863 3799 posset.
2893 3727 2957 3780 Et
2984 3728 3076 3796 qui
3114 3727 3336 3782 tandem
3365 3728 3468 3780 aii-

1884 3827 2008 3896 quis
2034 3839 2223 3878 omnes
2260 3823 2436 3891 ipsius
2483 3835 2750 3874 ascensus
2803 3819 3096 3886 variasque
3131 3817 3221 3872 Dei
3263 3816 3469 3886 patefa—

1886 3916 2093 3970 ctiones
2145 3912 2324 3966 verbis
2376 3910 2705 3965 enumeret?
2753 3908 3118 3962 Nihilominus
3154 3907 3236 3960 vir
3281 3915 3469 3962 tantus

1887 4021 1952 4061 ac
1976 4006 2120 4069 talis,
2162 4003 2254 4072 qui
2282 4003 2447 4056 tantis
2475 4001 2639 4055 rebus
2663 4001 3008 4061 interfuerat,
3049 4006 3103 4052 et
3133 4013 3306 4067 usque
3332 3999 3470 4051 adeo

1889 4096 1943 4148 in
1995 4094 2229 4148 sublime
2288 4092 2356 4145 ad
2411 4090 2578 4144 Deum
2627 4095 3029 4159 penetraverat,
3083 4087 3471 4141 insatiabiliter

223 4179 352 4231 κατά
384 4179 672 4250 πρόσωπον
706 4179 831 4232 ἰδεῖν
863 4181 953 4232 τὸν
983 4181 1114 4233 Θεὸν
1176 4183 1359 4251 ἱκέτης
1392 4183 1617 4252 γίνεται.
1644 4183 1764 4236 Καί-

1945 4186 2164 4255 :upliora
2197 4184 2562 4252 concupiscit,
2595 4197 2658 4236 ac
2687 4175 3010 4251 suppliciter
3036 4181 3188 4249 petit,
3216 4191 3271 4232 ut
3301 4177 3471 4232 Deum

221 4283 296 4318 τοι
328 4272 771 4340 μαρτυρήσαντος
814 4271 912 4340 ἠδη
967 4273 1058 4324 τοῦ
1091 4273 1270 4341 λόγου,
1297 4275 1394 4344 τῆς
1442 4275 1584 4327 κατὰ
1609 4275 1781 4345 πρόσ-

222 4374 357 4411 ωπον
389 4360 552 4413 αὑτοῦ
586 4361 801 4430 ὁμιλίας
827 4361 1108 4431 ἠξιῶσθαι.
1144 4364 1280 4415 Ἀλλ’
1303 4365 1449 4433 ὅμως
1469 4364 1591 4416 οὔτε
1619 4365 1680 4416 τὸ
1709 4364 1784 4428 ὡς

223 4451 351 4520 φίλῳ
405 4452 886 4523 προσδιαλέγεσθαι
919 4472 932 4484 ·
967 4454 1089 4507 οὔτε
1130 4459 1162 4524 ἠ
1199 4457 1370 4526 στόμα
1419 4457 1558 4509 κατὰ
1615 4458 1787 4525 στόμα

223 4544 471 4612 γινομένη
507 4543 654 4612 αὐτῷ
691 4545 826 4614 πρὸς
871 4543 1002 4596 Θεὸν
1033 4546 1238 4613 ὁμιλία,
1293 4547 1390 4616 τῆς
1436 4546 1546 4597 τῶν
1586 4545 1789 4598 ἀνωτέ-

229 4647 326 4700 ρων
356 4633 516 4686 αὑτὸν
553 4633 846 4702 ἐπιθυμίας
867 4634 1098 4702 ἵστησιν.
1129 4635 1615 4709 Ἀλλ’,Εἰεῦρηκα,
1635 4636 1786 4705 φησὶ,

226 4725 375 4794 χάριν
397 4723 625 4776 ἐνώπιόν
661 4741 774 4785 σου,
810 4723 1108 4792 ἐμφάνισόν
1141 4743 1232 4794 μοι
1269 4726 1493 4778 σεαυτὸν
1515 4725 1793 4793 γνωστῶς.

229 4815 327 4867 Καὶ
357 4820 386 4868 ὁ
415 4815 512 4886 τὴν
544 4815 856 4884 αἰτηθεῖσαν
885 4815 1040 4885 χάριν
1072 4815 1262 4868 δώσειν
1306 4817 1794 4886 ἐπαγγειλάμενος,

230 4906 458 4969 ὁείπων,
498 4907 727 4974 Ἕγνων
748 4905 823 4957 σὲ
852 4904 1009 4972 παρὰ
1033 4907 1284 4972 πάντας,
1328 4908 1664 4978 παρέρχεται
1702 4907 1800 4959 αὐ-

231 4995 310 5045 τὸν
333 4996 424 5047 ἐπὶ
457 4993 549 5048 τοῦ
597 4994 740 5046 θείου
786 4995 950 5047 τόπου
981 4996 1038 5047 ἐν
1070 4999 1136 5065 τῇ
1177 4997 1352 5066 πέτρα
1375 4998 1480 5049 ὑπὸ
1509 4999 1608 5064 τῆς
1649 4997 1800 5058 θείας

233 5083 401 5151 χειρὸς
438 5082 842 5152 σκεπαζὸμενον
885 5103 896 5113 ·
947 5084 1086 5136 ὥστε
1136 5086 1293 5154 μόγις
1343 5088 1468 5139 ίδεῖν
1523 5089 1663 5159 μετὰ
1703 5089 1801 5158 τὴν

234 5171 455 5241 πάροδον
481 5173 646 5226 αὐτοῦ
679 5175 744 5227 τά
769 5173 1008 5233 ὀπίσθια,
1035 5175 1329 5240 Διδάσκων,
1361 5174 1534 5247 οἶμαι,
1559 5179 1648 5232 διά
1677 5179 1800 5233 τού-

234 5277 331 5314 των
366 5268 394 5317 ὁ
428 5265 606 5332 λόγος,
659 5267 737 5318 ὁτι
790 5269 817 5318 ὁ
850 5267 976 5319 ίδεῖν
1007 5268 1098 5319 τὸν
1130 5269 1261 5319 Θεὸν
1305 5269 1604 5339 ἐπιθυμῶν,
1636 5272 1694 5322 ἐν
1720 5270 1798 5341 τῷ

237 5352 315 5404 ἀεὶ
342 5353 487 5425 αὑτῷ
535 5355 850 5408 ἀκολουθεῖν
903 5359 1003 5428 ὁρᾷ
1047 5358 1107 5411 τὸ
1138 5359 1497 5428 ποθούμενον,
1517 5361 1611 5412 καὶ
1638 5363 1670 5431 ἡ
1701 5360 1794 5414 τοῦ

239 5445 516 5513 προσώπου
545 5447 708 5500 αύτοῦ
744 5447 943 5518 θεωρία
975 5450 1120 5502 ἐστὶν
1149 5452 1180 5520 ἡ
1215 5450 1490 5514 ἄπαυστος
1530 5453 1665 5522 πρὸς
1699 5453 1795 5506 αύ-

291 5613 543 5675 "Joann.
567 5637 617 5684 τ,
646 5621 697 5676 9.
761 5623 802 5654 ⁶⁰
831 5620 997 5677 Exod.
1033 5639 1224 5691 xum,
1264 5626 1347 5680 l7.

1887 4277 2029 4332 facie
2064 4277 2238 4347 possit
2275 4276 2494 4329 intueri.
2533 4273 2699 4342 Atqui
2744 4273 2856 4340 jam
2904 4278 3030 4324 ante
3061 4279 3258 4324 testata
3289 4268 3470 4323 fuerat

1888 4367 2192 4436 Scriptura,
2242 4366 2440 4418 factam
2488 4366 2536 4417 ei
2579 4364 2748 4416 fuisse
2779 4361 2994 4429 copiam
3027 4361 3471 4416 conversationis

1885 4475 2010 4512 cum
2049 4458 2157 4511 Deo
2184 4457 2251 4510 de
2283 4455 2418 4509 facie
2453 4455 2520 4507 ad
2549 4452 2763 4506 faciem.
2799 4449 3165 4504 Nihilominus
3206 4466 3382 4520 neque
3416 4450 3471 4504 id

1887 4545 2032 4614 quod
2089 4544 2493 4612 colloqueretur
2545 4556 2666 4594 cum
2720 4538 2830 4593 Deo
2887 4539 3045 4608 quasi
3100 4541 3306 4594 amicus
3335 4556 3460 4594 cum

1892 4638 2066 4691 amico
2093 4675 2107 4699 ,
2162 4650 2335 4702 neque
2369 4631 2512 4701 quod
2543 4630 2882 4684 familiariter
2914 4645 3036 4684 cum
3073 4645 3138 4684 eo
3176 4645 3472 4684 conversa-

1893 4735 2067 4790 retur,
2124 4726 2374 4778 inhibere
2409 4721 2764 4791 cupiditatem
2799 4723 2919 4789 ejus
2965 4727 3195 4789 poterat,
3246 4727 3304 4772 ut
3339 4721 3479 4773 ulte-

1895 4819 2039 4872 riora
2073 4833 2178 4870 non
2206 4822 2507 4884 expeteret.
2556 4811 2613 4864 Si
2647 4812 2901 4881 gratiam,
2935 4811 3130 4878 inquit,
3168 4809 3349 4862 inveni
3383 4825 3479 4865 co-

1896 4924 2014 4962 ram
2051 4917 2124 4971 te,
2163 4907 2457 4976 patefacito
2487 4904 2622 4958 mihi
2667 4905 2900 4973 teipsum
2940 4902 3035 4964 ita,
3083 4909 3145 4953 ut
3184 4916 3482 4969 agnoscere

1902 5007 1958 5052 te
1998 4997 2225 5066 possim.
2257 4995 2322 5049 Et
2359 4996 2406 5050 is
2437 4996 2531 5064 qui
2557 4995 2785 5062 gratiam
2815 4993 2957 5046 hanc
2985 4991 3088 5060 ipsi
3122 4990 3392 5044 facturum
3421 5008 3479 5049 se

1903 5089 2214 5158 pollicetur,
2245 5088 2324 5141 uti
2382 5097 2602 5157 rogatus
2637 5094 2755 5141 erat
2805 5085 2965 5155 (cum
2997 5082 3215 5151 quidem
3251 5082 3478 5145 diceret,

1905 5180 2043 5234 Novi
2073 5189 2120 5233 te
2147 5195 2314 5247 supra
2336 5194 2514 5230 omnes
2538 5177 2638 5245 °°),
2662 5176 2899 5245 praeterit
2925 5189 3046 5228 eum
3071 5173 3123 5226 in
3151 5171 3338 5225 divino
3366 5173 3486 5227 loco

1904 5270 1957 5324 in
1987 5278 2159 5338 petra,
2190 5285 2352 5322 manu
2381 5268 2565 5322 divina
2588 5275 2788 5322 tectum
2819 5283 2831 5319 :
2867 5266 2940 5318 ita
2968 5274 3026 5319 ut
3050 5265 3134 5317 vix
3166 5271 3285 5333 post
3305 5274 3486 5318 trans-

1903 5367 2037 5421 itum
2093 5365 2398 5434 posteriora
2451 5363 2547 5418 Dei
2599 5361 2964 5430 conspiceret.
3030 5359 3244 5426 Quibus
3281 5359 3482 5422 verbis,

1903 5465 1961 5513 ut
2002 5455 2256 5528 equidem
2307 5455 2567 5521 arbitror,
2624 5450 2921 5520 ddcemur,
2996 5472 3120 5513 eum
3164 5455 3254 5524 qui
3304 5452 3484 5506 videre
