  <div class='ocr_page' id='page_1' title='image "/cluster/home/n/w/nwhite01/storage/ocr_20150623/44/mdp.39015011915454/521.png"; bbox 0 0 3756 5988; ppageno 0'>
   <div class='ocr_carea' id='block_1_1' title="bbox 293 215 429 269">
    <p class='ocr_par' dir='ltr' id='par_1_1' title="bbox 293 215 429 269">
     <span class='ocr_line' id='line_1_1' title="bbox 293 215 429 269; baseline -0.022 0"><span class='ocrx_word' id='word_1_1' title='bbox 293 215 429 269; x_wconf 71' lang='grc'><strong>1027</strong></span> 
     </span>
    </p>
   </div>
   <div class='ocr_carea' id='block_1_2' title="bbox 1483 203 2238 266">
    <p class='ocr_par' dir='ltr' id='par_1_2' title="bbox 1483 203 2238 266">
     <span class='ocr_line' id='line_1_2' title="bbox 1483 203 2238 266; baseline 0.003 -3"><span class='ocrx_word' id='word_1_2' title='bbox 1483 207 1540 264; x_wconf 89' lang='lat' dir='ltr'><strong>S.</strong></span> <span class='ocrx_word' id='word_1_3' title='bbox 1584 203 1911 262; x_wconf 77' lang='lat' dir='ltr'><strong>GREGORII</strong></span> <span class='ocrx_word' id='word_1_4' title='bbox 1947 205 2238 266; x_wconf 79' lang='lat' dir='ltr'><strong>NYSSENI</strong></span> 
     </span>
    </p>
   </div>
   <div class='ocr_carea' id='block_1_3' title="bbox 3420 207 3574 263">
    <p class='ocr_par' dir='ltr' id='par_1_3' title="bbox 3420 207 3574 263">
     <span class='ocr_line' id='line_1_3' title="bbox 3420 207 3574 263; baseline 0.032 -5"><span class='ocrx_word' id='word_1_5' title='bbox 3420 207 3574 263; x_wconf 64' lang='lat'><strong>“)28</strong></span> 
     </span>
    </p>
   </div>
   <div class='ocr_carea' id='block_1_4' title="bbox 287 325 1864 402">
    <p class='ocr_par' dir='ltr' id='par_1_4' title="bbox 287 328 1864 402">
     <span class='ocr_line' id='line_1_4' title="bbox 287 328 1864 402; baseline -0.004 -16"><span class='ocrx_word' id='word_1_6' title='bbox 287 333 457 388; x_wconf 83' lang='lat' dir='ltr'><strong>Deum</strong></span> <span class='ocrx_word' id='word_1_7' title='bbox 489 333 694 402; x_wconf 90' lang='lat' dir='ltr'><strong>cupiat,</strong></span> <span class='ocrx_word' id='word_1_8' title='bbox 731 331 988 388; x_wconf 87' lang='lat' dir='ltr'><strong>desiderii</strong></span> <span class='ocrx_word' id='word_1_9' title='bbox 1033 337 1340 400; x_wconf 88' lang='lat' dir='ltr'><strong>compotem</strong></span> <span class='ocrx_word' id='word_1_10' title='bbox 1368 328 1486 382; x_wconf 87' lang='lat' dir='ltr'><strong>fieri</strong></span> <span class='ocrx_word' id='word_1_11' title='bbox 1531 340 1749 396; x_wconf 85' lang='lat' dir='ltr'><strong>semper</strong></span> <span class='ocrx_word' id='word_1_12' title='bbox 1779 341 1864 380; x_wconf 89' lang='lat' dir='ltr'><strong>se-</strong></span> 
     </span>
    </p>
   </div>
   <div class='ocr_carea' id='block_1_5' title="bbox 2052 325 3571 402">
    <p class='ocr_par' dir='ltr' id='par_1_5' title="bbox 2052 327 3571 400">
     <span class='ocr_line' id='line_1_5' title="bbox 2052 327 3571 400; baseline 0 -20"><span class='ocrx_word' id='word_1_13' title='bbox 2052 343 2059 372; x_wconf 76' lang='grc' dir='ltr'>ν</span> <span class='ocrx_word' id='word_1_14' title='bbox 2091 327 2316 397; x_wconf 89' lang='grc' dir='ltr'>πορεία,</span> <span class='ocrx_word' id='word_1_15' title='bbox 2359 329 2545 400; x_wconf 87' lang='grc' dir='ltr'>πρόσω</span> <span class='ocrx_word' id='word_1_16' title='bbox 2573 329 2662 382; x_wconf 83' lang='grc' dir='ltr'><strong>διὰ</strong></span> <span class='ocrx_word' id='word_1_17' title='bbox 2691 328 2754 382; x_wconf 79' lang='grc' dir='ltr'>τὸ</span> <span class='ocrx_word' id='word_1_18' title='bbox 2778 329 3004 382; x_wconf 83' lang='grc' dir='ltr'><strong>κατόπιν</strong></span> <span class='ocrx_word' id='word_1_19' title='bbox 3037 327 3266 382; x_wconf 85' lang='grc' dir='ltr'>’ἐπεσθαι</span> <span class='ocrx_word' id='word_1_20' title='bbox 3296 328 3378 399; x_wconf 83' lang='grc' dir='ltr'>τῷ</span> <span class='ocrx_word' id='word_1_21' title='bbox 3391 330 3571 399; x_wconf 80' lang='grc' dir='ltr'>Λόγῳ</span> 
     </span>
    </p>
   </div>
   <div class='ocr_carea' id='block_1_6' title="bbox 288 417 1866 495">
    <p class='ocr_par' dir='ltr' id='par_1_6' title="bbox 288 417 1866 495">
     <span class='ocr_line' id='line_1_6' title="bbox 288 417 1866 495; baseline -0.004 -17"><span class='ocrx_word' id='word_1_22' title='bbox 288 425 526 495; x_wconf 89' lang='lat' dir='ltr'><strong>quendo,</strong></span> <span class='ocrx_word' id='word_1_23' title='bbox 559 432 612 479; x_wconf 92' lang='lat' dir='ltr'><strong>et</strong></span> <span class='ocrx_word' id='word_1_24' title='bbox 637 423 835 478; x_wconf 65' lang='lat' dir='ltr'><strong>divina:</strong></span> <span class='ocrx_word' id='word_1_25' title='bbox 867 423 1024 477; x_wconf 82' lang='lat' dir='ltr'><strong>faciei</strong></span> <span class='ocrx_word' id='word_1_26' title='bbox 1058 419 1449 490; x_wconf 90' lang='lat' dir='ltr'><strong>contemplatio</strong></span> <span class='ocrx_word' id='word_1_27' title='bbox 1479 425 1562 474; x_wconf 91' lang='lat' dir='ltr'><strong>est</strong></span> <span class='ocrx_word' id='word_1_28' title='bbox 1595 417 1676 472; x_wconf 26' lang='lat' dir='ltr'><strong>ad.</strong></span> <span class='ocrx_word' id='word_1_29' title='bbox 1697 421 1866 475; x_wconf 87' lang='lat' dir='ltr'><strong>Deum</strong></span> 
     </span>
    </p>
   </div>
   <div class='ocr_carea' id='block_1_7' title="bbox 281 503 1864 589">
    <p class='ocr_par' dir='ltr' id='par_1_7' title="bbox 281 503 1864 589">
     <span class='ocr_line' id='line_1_7' title="bbox 281 503 1864 589; baseline -0.006 -15"><span class='ocrx_word' id='word_1_30' title='bbox 281 503 567 589; x_wconf 86' lang='lat' dir='ltr'><strong>nunquam</strong></span> <span class='ocrx_word' id='word_1_31' title='bbox 608 520 912 588; x_wconf 89' lang='lat' dir='ltr'><strong>interrupta</strong></span> <span class='ocrx_word' id='word_1_32' title='bbox 964 517 1297 586; x_wconf 80' lang='lat' dir='ltr'><strong>progressio,</strong></span> <span class='ocrx_word' id='word_1_33' title='bbox 1333 529 1456 584; x_wconf 73' lang='lat' dir='ltr'><strong>qua:</strong></span> <span class='ocrx_word' id='word_1_34' title='bbox 1500 522 1614 567; x_wconf 92' lang='lat' dir='ltr'><strong>tum</strong></span> <span class='ocrx_word' id='word_1_35' title='bbox 1645 515 1864 568; x_wconf 87' lang='lat' dir='ltr'><strong>demum</strong></span> 
     </span>
    </p>
   </div>
   <div class='ocr_carea' id='block_1_8' title="bbox 289 604 1866 680">
    <p class='ocr_par' dir='ltr' id='par_1_8' title="bbox 289 604 1866 680">
     <span class='ocr_line' id='line_1_8' title="bbox 289 604 1866 680; baseline -0.003 -16"><span class='ocrx_word' id='word_1_36' title='bbox 289 612 450 666; x_wconf 85' lang='lat' dir='ltr'><strong>nobis</strong></span> <span class='ocrx_word' id='word_1_37' title='bbox 478 611 736 680; x_wconf 55' lang='lat' dir='ltr'><strong>praeclare</strong></span> <span class='ocrx_word' id='word_1_38' title='bbox 786 607 1052 672; x_wconf 77' lang='lat' dir='ltr'><strong>succedit,</strong></span> <span class='ocrx_word' id='word_1_39' title='bbox 1101 621 1224 660; x_wconf 93' lang='lat' dir='ltr'><strong>cum</strong></span> <span class='ocrx_word' id='word_1_40' title='bbox 1259 604 1499 660; x_wconf 82' lang='lat' dir='ltr'><strong>Verbum</strong></span> <span class='ocrx_word' id='word_1_41' title='bbox 1535 619 1565 659; x_wconf 93' lang='lat' dir='ltr'><strong>a</strong></span> <span class='ocrx_word' id='word_1_42' title='bbox 1602 614 1753 676; x_wconf 88' lang='lat' dir='ltr'><strong>tergo</strong></span> <span class='ocrx_word' id='word_1_43' title='bbox 1780 620 1866 660; x_wconf 87' lang='lat' dir='ltr'><strong>se-</strong></span> 
     </span>
    </p>
   </div>
   <div class='ocr_carea' id='block_1_9' title="bbox 286 699 1863 771">
    <p class='ocr_par' dir='ltr' id='par_1_9' title="bbox 286 699 1863 771">
     <span class='ocr_line' id='line_1_9' title="bbox 286 699 1863 771; baseline -0.003 -17"><span class='ocrx_word' id='word_1_44' title='bbox 286 703 528 770; x_wconf 86' lang='lat' dir='ltr'><strong>quimur.</strong></span> <span class='ocrx_word' id='word_1_45' title='bbox 567 702 658 756; x_wconf 87' lang='lat' dir='ltr'><strong>Sic</strong></span> <span class='ocrx_word' id='word_1_46' title='bbox 684 701 850 771; x_wconf 81' lang='lat' dir='ltr'><strong>igitur</strong></span> <span class='ocrx_word' id='word_1_47' title='bbox 887 715 1034 754; x_wconf 90' lang='lat' dir='ltr'><strong>nunc</strong></span> <span class='ocrx_word' id='word_1_48' title='bbox 1065 700 1228 754; x_wconf 89' lang='lat' dir='ltr'><strong>etiam</strong></span> <span class='ocrx_word' id='word_1_49' title='bbox 1278 708 1631 768; x_wconf 71' lang='lat' dir='ltr'><strong>posteaquam</strong></span> <span class='ocrx_word' id='word_1_50' title='bbox 1682 699 1863 752; x_wconf 92' lang='lat' dir='ltr'><strong>anima</strong></span> 
     </span>
    </p>
   </div>
   <div class='ocr_carea' id='block_1_10' title="bbox 287 787 1866 861">
    <p class='ocr_par' dir='ltr' id='par_1_10' title="bbox 287 787 1866 861">
     <span class='ocr_line' id='line_1_10' title="bbox 287 787 1866 861; baseline -0.003 -16"><span class='ocrx_word' id='word_1_51' title='bbox 287 808 386 861; x_wconf 90' lang='lat' dir='ltr'><strong>per</strong></span> <span class='ocrx_word' id='word_1_52' title='bbox 423 801 650 846; x_wconf 90' lang='lat' dir='ltr'><strong>mortem</strong></span> <span class='ocrx_word' id='word_1_53' title='bbox 687 791 947 854; x_wconf 76' lang='lat' dir='ltr'><strong>surrexit,</strong></span> <span class='ocrx_word' id='word_1_54' title='bbox 997 798 1354 858; x_wconf 86' lang='lat' dir='ltr'><strong>posteaquam</strong></span> <span class='ocrx_word' id='word_1_55' title='bbox 1390 787 1611 857; x_wconf 87' lang='lat' dir='ltr'><strong>myrrha</strong></span> <span class='ocrx_word' id='word_1_56' title='bbox 1661 788 1866 856; x_wconf 88' lang='lat' dir='ltr'><strong>repleta</strong></span> 
     </span>
    </p>
   </div>
   <div class='ocr_carea' id='block_1_11' title="bbox 284 874 1867 948">
    <p class='ocr_par' dir='ltr' id='par_1_11' title="bbox 284 874 1867 948">
     <span class='ocr_line' id='line_1_11' title="bbox 284 874 1867 948; baseline -0.002 -16"><span class='ocrx_word' id='word_1_57' title='bbox 284 886 391 942; x_wconf 90' lang='lat' dir='ltr'><strong>est,</strong></span> <span class='ocrx_word' id='word_1_58' title='bbox 424 887 776 948; x_wconf 81' lang='lat' dir='ltr'><strong>posteaquam</strong></span> <span class='ocrx_word' id='word_1_59' title='bbox 810 893 906 947; x_wconf 85' lang='lat' dir='ltr'><strong>per</strong></span> <span class='ocrx_word' id='word_1_60' title='bbox 929 892 1093 946; x_wconf 88' lang='lat' dir='ltr'><strong>opera</strong></span> <span class='ocrx_word' id='word_1_61' title='bbox 1119 891 1316 928; x_wconf 90' lang='lat' dir='ltr'><strong>manus</strong></span> <span class='ocrx_word' id='word_1_62' title='bbox 1338 874 1580 928; x_wconf 86' lang='lat' dir='ltr'><strong>admovit</strong></span> <span class='ocrx_word' id='word_1_63' title='bbox 1605 875 1867 940; x_wconf 82' lang='lat' dir='ltr'><strong>claustro,</strong></span> 
     </span>
    </p>
   </div>
   <div class='ocr_carea' id='block_1_12' title="bbox 284 965 1867 1039">
    <p class='ocr_par' dir='ltr' id='par_1_12' title="bbox 284 965 1867 1039">
     <span class='ocr_line' id='line_1_12' title="bbox 284 965 1867 1039; baseline -0.004 -13"><span class='ocrx_word' id='word_1_64' title='bbox 284 986 453 1039; x_wconf 84' lang='lat' dir='ltr'><strong>seque</strong></span> <span class='ocrx_word' id='word_1_65' title='bbox 507 969 948 1023; x_wconf 87' lang='lat' dir='ltr'><strong>intromissuram</strong></span> <span class='ocrx_word' id='word_1_66' title='bbox 1007 966 1376 1021; x_wconf 89' lang='lat' dir='ltr'><strong>desideratum</strong></span> <span class='ocrx_word' id='word_1_67' title='bbox 1428 965 1692 1034; x_wconf 86' lang='lat' dir='ltr'><strong>speravit,</strong></span> <span class='ocrx_word' id='word_1_68' title='bbox 1752 974 1867 1020; x_wconf 93' lang='lat' dir='ltr'><strong>tum</strong></span> 
     </span>
    </p>
   </div>
   <div class='ocr_carea' id='block_1_13' title="bbox 1973 420 3572 492">
    <p class='ocr_par' dir='ltr' id='par_1_13' title="bbox 1973 420 3572 492">
     <span class='ocr_line' id='line_1_13' title="bbox 1973 420 3572 492; baseline 0.001 -20"><span class='ocrx_word' id='word_1_69' title='bbox 1973 420 2408 492; x_wconf 83' lang='grc' dir='ltr'>κατορθουμένη.</span> <span class='ocrx_word' id='word_1_70' title='bbox 2460 421 2618 475; x_wconf 79' lang='grc' dir='ltr'>Οὕτω</span> <span class='ocrx_word' id='word_1_71' title='bbox 2655 423 2833 475; x_wconf 79' lang='grc' dir='ltr'><strong>τοίνυν</strong></span> <span class='ocrx_word' id='word_1_72' title='bbox 2879 421 2973 474; x_wconf 78' lang='grc' dir='ltr'>καὶ</span> <span class='ocrx_word' id='word_1_73' title='bbox 3026 421 3122 473; x_wconf 83' lang='grc' dir='ltr'>νῦν</span> <span class='ocrx_word' id='word_1_74' title='bbox 3167 420 3414 490; x_wconf 76' lang='grc' dir='ltr'>ἡψυχὴ,</span> <span class='ocrx_word' id='word_1_75' title='bbox 3463 421 3572 474; x_wconf 68' lang='grc' dir='ltr'><strong>ὅτι</strong></span> 
     </span>
    </p>
   </div>
   <div class='ocr_carea' id='block_1_14' title="bbox 1969 510 3569 584">
    <p class='ocr_par' dir='ltr' id='par_1_14' title="bbox 1969 510 3569 584">
     <span class='ocr_line' id='line_1_14' title="bbox 1969 510 3569 584; baseline 0.003 -22"><span class='ocrx_word' id='word_1_76' title='bbox 1969 510 2170 582; x_wconf 81' lang='grc' dir='ltr'><strong>ἀνέστη</strong></span> <span class='ocrx_word' id='word_1_77' title='bbox 2202 511 2290 565; x_wconf 82' lang='grc' dir='ltr'><strong>διά</strong></span> <span class='ocrx_word' id='word_1_78' title='bbox 2320 513 2414 566; x_wconf 81' lang='grc' dir='ltr'>τοῦ</span> <span class='ocrx_word' id='word_1_79' title='bbox 2442 511 2801 575; x_wconf 84' lang='grc' dir='ltr'>θανάτου,ὄτε</span> <span class='ocrx_word' id='word_1_80' title='bbox 2839 512 3127 583; x_wconf 65' lang='grc' dir='ltr'>ἐπληρώθη</span> <span class='ocrx_word' id='word_1_81' title='bbox 3159 513 3257 581; x_wconf 79' lang='grc' dir='ltr'>τῆς</span> <span class='ocrx_word' id='word_1_82' title='bbox 3283 513 3569 584; x_wconf 77' lang='grc' dir='ltr'><strong>σμύρνης,</strong></span> 
     </span>
    </p>
   </div>
   <div class='ocr_carea' id='block_1_15' title="bbox 1967 602 3564 676">
    <p class='ocr_par' dir='ltr' id='par_1_15' title="bbox 1967 602 3564 676">
     <span class='ocr_line' id='line_1_15' title="bbox 1967 602 3564 676; baseline 0 -22"><span class='ocrx_word' id='word_1_83' title='bbox 1967 602 2054 655; x_wconf 83' lang='grc' dir='ltr'>ὅτε</span> <span class='ocrx_word' id='word_1_84' title='bbox 2077 605 2392 674; x_wconf 89' lang='grc' dir='ltr'>προσήγαγε</span> <span class='ocrx_word' id='word_1_85' title='bbox 2421 604 2498 674; x_wconf 80' lang='grc' dir='ltr'><strong>τῷ</strong></span> <span class='ocrx_word' id='word_1_86' title='bbox 2515 603 2662 657; x_wconf 91' lang='grc' dir='ltr'>κλείθ</span> <span class='ocrx_word' id='word_1_87' title='bbox 2673 622 2748 676; x_wconf 86' lang='grc' dir='ltr'><strong>ρῳ</strong></span> <span class='ocrx_word' id='word_1_88' title='bbox 2773 604 2863 657; x_wconf 84' lang='grc' dir='ltr'>διὰ</span> <span class='ocrx_word' id='word_1_89' title='bbox 2887 605 2993 656; x_wconf 83' lang='grc' dir='ltr'>τῶν</span> <span class='ocrx_word' id='word_1_90' title='bbox 3017 603 3193 674; x_wconf 73' lang='grc' dir='ltr'>ἔργων</span> <span class='ocrx_word' id='word_1_91' title='bbox 3223 603 3321 665; x_wconf 84' lang='grc' dir='ltr'><strong>τὰς</strong></span> <span class='ocrx_word' id='word_1_92' title='bbox 3342 607 3564 673; x_wconf 79' lang='grc' dir='ltr'>χεῖρας,</span> 
     </span>
    </p>
   </div>
   <div class='ocr_carea' id='block_1_16' title="bbox 1968 692 3568 765">
    <p class='ocr_par' dir='ltr' id='par_1_16' title="bbox 1968 692 3568 765">
     <span class='ocr_line' id='line_1_16' title="bbox 1968 692 3568 765; baseline -0.001 -20"><span class='ocrx_word' id='word_1_93' title='bbox 1968 695 2062 748; x_wconf 77' lang='grc' dir='ltr'>καὶ</span> <span class='ocrx_word' id='word_1_94' title='bbox 2091 696 2464 750; x_wconf 79' lang='grc' dir='ltr'><strong>ἐσοικίσασθαι</strong></span> <span class='ocrx_word' id='word_1_95' title='bbox 2495 696 2588 748; x_wconf 81' lang='grc' dir='ltr'>τὸν</span> <span class='ocrx_word' id='word_1_96' title='bbox 2632 695 2966 765; x_wconf 87' lang='grc' dir='ltr'>ποθούμενον</span> <span class='ocrx_word' id='word_1_97' title='bbox 2993 695 3189 763; x_wconf 79' lang='grc' dir='ltr'>ἡλπισε</span> <span class='ocrx_word' id='word_1_98' title='bbox 3209 707 3224 721; x_wconf 86' lang='grc'><strong>·</strong></span> <span class='ocrx_word' id='word_1_99' title='bbox 3247 693 3368 744; x_wconf 89' lang='grc' dir='ltr'>τότε</span> <span class='ocrx_word' id='word_1_100' title='bbox 3391 693 3420 743; x_wconf 86' lang='grc' dir='ltr'><strong>ό</strong></span> <span class='ocrx_word' id='word_1_101' title='bbox 3455 692 3568 760; x_wconf 74' lang='grc' dir='ltr'>μὲν</span> 
     </span>
    </p>
   </div>
   <div class='ocr_carea' id='block_1_17' title="bbox 1969 776 3561 858">
    <p class='ocr_par' dir='ltr' id='par_1_17' title="bbox 1969 776 3561 858">
     <span class='ocr_line' id='line_1_17' title="bbox 1969 776 3561 858; baseline -0.019 5"><span class='ocrx_word' id='word_1_102' title='bbox 1969 787 2326 858; x_wconf 76' lang='grc' dir='ltr'><strong>παρέρχεται,</strong></span> <span class='ocrx_word' id='word_1_103' title='bbox 2349 789 2382 858; x_wconf 81' lang='grc' dir='ltr'><strong>ἡ</strong></span> <span class='ocrx_word' id='word_1_104' title='bbox 2403 788 2458 840; x_wconf 87' lang='grc' dir='ltr'>δὲ</span> <span class='ocrx_word' id='word_1_105' title='bbox 2481 787 2780 858; x_wconf 78' lang='grc' dir='ltr'>ἐξέρχεται,</span> <span class='ocrx_word' id='word_1_106' title='bbox 2799 787 2985 838; x_wconf 81' lang='grc' dir='ltr'>οὐκέτι</span> <span class='ocrx_word' id='word_1_107' title='bbox 3016 785 3250 855; x_wconf 82' lang='grc' dir='ltr'>μένουσα</span> <span class='ocrx_word' id='word_1_108' title='bbox 3270 785 3328 835; x_wconf 82' lang='grc' dir='ltr'>ὲν</span> <span class='ocrx_word' id='word_1_109' title='bbox 3351 776 3434 845; x_wconf 73' lang='grc' dir='ltr'>οἷς</span> <span class='ocrx_word' id='word_1_110' title='bbox 3463 777 3561 851; x_wconf 74' lang='grc' dir='ltr'><strong>ἦν’</strong></span> 
     </span>
    </p>
   </div>
   <div class='ocr_carea' id='block_1_18' title="bbox 1967 874 3565 948">
    <p class='ocr_par' dir='ltr' id='par_1_18' title="bbox 1967 874 3565 948">
     <span class='ocr_line' id='line_1_18' title="bbox 1967 874 3565 948; baseline -0.003 -18"><span class='ocrx_word' id='word_1_111' title='bbox 1967 877 2102 930; x_wconf 78' lang='grc' dir='ltr'>ἀλλὰ</span> <span class='ocrx_word' id='word_1_112' title='bbox 2134 878 2226 930; x_wconf 81' lang='grc' dir='ltr'><strong>τοῦ</strong></span> <span class='ocrx_word' id='word_1_113' title='bbox 2263 878 2439 946; x_wconf 81' lang='grc' dir='ltr'>Λόγου</span> <span class='ocrx_word' id='word_1_114' title='bbox 2475 879 2567 932; x_wconf 74' lang='grc' dir='ltr'>ἐπὶ</span> <span class='ocrx_word' id='word_1_115' title='bbox 2613 880 2680 932; x_wconf 83' lang='grc' dir='ltr'><strong>τά</strong></span> <span class='ocrx_word' id='word_1_116' title='bbox 2729 878 2917 948; x_wconf 88' lang='grc' dir='ltr'>πρόσω</span> <span class='ocrx_word' id='word_1_117' title='bbox 2968 874 3379 946; x_wconf 83' lang='grc' dir='ltr'>προηγουμένου</span> <span class='ocrx_word' id='word_1_118' title='bbox 3431 875 3565 941; x_wconf 74' lang='grc' dir='ltr'><strong>ἐφα-</strong></span> 
     </span>
    </p>
   </div>
   <div class='ocr_carea' id='block_1_19' title="bbox 1969 969 2231 1041">
    <p class='ocr_par' dir='ltr' id='par_1_19' title="bbox 1969 969 2231 1041">
     <span class='ocr_line' id='line_1_19' title="bbox 1969 969 2231 1041; baseline 0.011 -21"><span class='ocrx_word' id='word_1_119' title='bbox 1969 969 2231 1041; x_wconf 84' lang='grc' dir='ltr'>πτομένη.</span> 
     </span>
    </p>
   </div>
   <div class='ocr_carea' id='block_1_20' title="bbox 283 1057 3563 1136">
    <p class='ocr_par' dir='ltr' id='par_1_20' title="bbox 283 1057 3563 1136">
     <span class='ocr_line' id='line_1_20' title="bbox 283 1057 3563 1136; baseline -0.002 -17"><span class='ocrx_word' id='word_1_120' title='bbox 283 1066 499 1120; x_wconf 90' lang='lat' dir='ltr'><strong>demum</strong></span> <span class='ocrx_word' id='word_1_121' title='bbox 544 1065 634 1118; x_wconf 92' lang='lat' dir='ltr'><strong>ille</strong></span> <span class='ocrx_word' id='word_1_122' title='bbox 672 1063 892 1133; x_wconf 86' lang='lat' dir='ltr'><strong>quidem</strong></span> <span class='ocrx_word' id='word_1_123' title='bbox 938 1061 1197 1130; x_wconf 72' lang='lat' dir='ltr'><strong>praeterit,</strong></span> <span class='ocrx_word' id='word_1_124' title='bbox 1265 1061 1379 1114; x_wconf 83' lang='lat' dir='ltr'><strong>haec</strong></span> <span class='ocrx_word' id='word_1_125' title='bbox 1429 1074 1560 1114; x_wconf 90' lang='lat' dir='ltr'><strong>vero</strong></span> <span class='ocrx_word' id='word_1_126' title='bbox 1630 1059 1928 1130; x_wconf 76' lang='lat' dir='ltr'><strong>egreditur,</strong></span> <span class='ocrx_word' id='word_1_127' title='bbox 1971 1079 2080 1120; x_wconf 93' lang='lat' dir='ltr'><strong>non</strong></span> <span class='ocrx_word' id='word_1_128' title='bbox 2132 1066 2366 1136; x_wconf 82' lang='lat' dir='ltr'><strong>amplius</strong></span> <span class='ocrx_word' id='word_1_129' title='bbox 2417 1079 2647 1122; x_wconf 88' lang='lat' dir='ltr'><strong>manens</strong></span> <span class='ocrx_word' id='word_1_130' title='bbox 2686 1065 2741 1118; x_wconf 91' lang='lat' dir='ltr'><strong>in</strong></span> <span class='ocrx_word' id='word_1_131' title='bbox 2792 1064 2882 1130; x_wconf 92' lang='lat' dir='ltr'><strong>iis,</strong></span> <span class='ocrx_word' id='word_1_132' title='bbox 2931 1063 2985 1117; x_wconf 91' lang='lat' dir='ltr'><strong>in</strong></span> <span class='ocrx_word' id='word_1_133' title='bbox 3018 1061 3220 1132; x_wconf 90' lang='lat' dir='ltr'><strong>quibus</strong></span> <span class='ocrx_word' id='word_1_134' title='bbox 3257 1068 3393 1123; x_wconf 88' lang='lat' dir='ltr'><strong>erat,</strong></span> <span class='ocrx_word' id='word_1_135' title='bbox 3455 1057 3563 1112; x_wconf 84' lang='lat' dir='ltr'><strong>sed</strong></span> 
     </span>
    </p>
   </div>
   <div class='ocr_carea' id='block_1_21' title="bbox 288 1151 1576 1224">
    <p class='ocr_par' dir='ltr' id='par_1_21' title="bbox 288 1151 1576 1224">
     <span class='ocr_line' id='line_1_21' title="bbox 288 1151 1576 1224; baseline -0.002 -16"><span class='ocrx_word' id='word_1_136' title='bbox 288 1155 520 1211; x_wconf 83' lang='lat' dir='ltr'><strong>Verbum</strong></span> <span class='ocrx_word' id='word_1_137' title='bbox 553 1163 802 1224; x_wconf 85' lang='lat' dir='ltr'><strong>tangens,</strong></span> <span class='ocrx_word' id='word_1_138' title='bbox 828 1153 972 1222; x_wconf 93' lang='lat' dir='ltr'><strong>quod</strong></span> <span class='ocrx_word' id='word_1_139' title='bbox 1006 1153 1071 1207; x_wconf 90' lang='lat' dir='ltr'><strong>ad</strong></span> <span class='ocrx_word' id='word_1_140' title='bbox 1105 1152 1366 1207; x_wconf 88' lang='lat' dir='ltr'><strong>ulteriora</strong></span> <span class='ocrx_word' id='word_1_141' title='bbox 1407 1151 1576 1206; x_wconf 90' lang='lat' dir='ltr'><strong>ducit.</strong></span> 
     </span>
    </p>
   </div>
   <div class='ocr_carea' id='block_1_22' title="bbox 353 1241 1864 1313">
    <p class='ocr_par' dir='ltr' id='par_1_22' title="bbox 353 1241 1864 1313">
     <span class='ocr_line' id='line_1_22' title="bbox 353 1241 1864 1313; baseline 0 -15"><span class='ocrx_word' id='word_1_142' title='bbox 353 1248 486 1312; x_wconf 80' lang='lat' dir='ltr'><strong>Quae</strong></span> <span class='ocrx_word' id='word_1_143' title='bbox 523 1253 700 1299; x_wconf 90' lang='lat' dir='ltr'><strong>autem</strong></span> <span class='ocrx_word' id='word_1_144' title='bbox 734 1253 1041 1313; x_wconf 91' lang='lat' dir='ltr'><strong>sequuntur</strong></span> <span class='ocrx_word' id='word_1_145' title='bbox 1066 1243 1253 1308; x_wconf 90' lang='lat' dir='ltr'><strong>verba,</strong></span> <span class='ocrx_word' id='word_1_146' title='bbox 1308 1243 1484 1312; x_wconf 88' lang='lat' dir='ltr'><strong>magis</strong></span> <span class='ocrx_word' id='word_1_147' title='bbox 1535 1241 1698 1297; x_wconf 91' lang='lat' dir='ltr'><strong>etiam</strong></span> <span class='ocrx_word' id='word_1_148' title='bbox 1729 1258 1864 1298; x_wconf 91' lang='lat' dir='ltr'><strong>con-</strong></span> 
     </span>
    </p>
   </div>
   <div class='ocr_carea' id='block_1_23' title="bbox 283 1333 1858 1392">
    <p class='ocr_par' dir='ltr' id='par_1_23' title="bbox 283 1333 1858 1392">
     <span class='ocr_line' id='line_1_23' title="bbox 283 1333 1858 1392; baseline -0.001 -1"><span class='ocrx_word' id='word_1_149' title='bbox 283 1338 503 1392; x_wconf 89' lang='lat' dir='ltr'><strong>firmant</strong></span> <span class='ocrx_word' id='word_1_150' title='bbox 534 1335 931 1390; x_wconf 89' lang='lat' dir='ltr'><strong>consideratam</strong></span> <span class='ocrx_word' id='word_1_151' title='bbox 965 1349 995 1388; x_wconf 89' lang='lat' dir='ltr'><strong>a</strong></span> <span class='ocrx_word' id='word_1_152' title='bbox 1017 1334 1175 1389; x_wconf 92' lang='lat' dir='ltr'><strong>nobis</strong></span> <span class='ocrx_word' id='word_1_153' title='bbox 1205 1333 1470 1388; x_wconf 88' lang='lat' dir='ltr'><strong>hactenus</strong></span> <span class='ocrx_word' id='word_1_154' title='bbox 1497 1335 1858 1389; x_wconf 89' lang='lat' dir='ltr'><strong>sententiam:</strong></span> 
     </span>
    </p>
   </div>
   <div class='ocr_carea' id='block_1_24' title="bbox 282 1426 1860 1497">
    <p class='ocr_par' dir='ltr' id='par_1_24' title="bbox 282 1426 1860 1497">
     <span class='ocr_line' id='line_1_24' title="bbox 282 1426 1860 1497; baseline -0.001 -14"><span class='ocrx_word' id='word_1_155' title='bbox 282 1445 392 1483; x_wconf 87' lang='lat' dir='ltr'><strong>non</strong></span> <span class='ocrx_word' id='word_1_156' title='bbox 419 1428 678 1497; x_wconf 82' lang='lat' dir='ltr'><strong>cognosci</strong></span> <span class='ocrx_word' id='word_1_157' title='bbox 716 1437 928 1481; x_wconf 64' lang='lat' dir='ltr'><strong>natura:</strong></span> <span class='ocrx_word' id='word_1_158' title='bbox 957 1426 1155 1480; x_wconf 66' lang='lat' dir='ltr'><strong>divinae</strong></span> <span class='ocrx_word' id='word_1_159' title='bbox 1185 1426 1622 1495; x_wconf 87' lang='lat' dir='ltr'><strong>magnitudinem</strong></span> <span class='ocrx_word' id='word_1_160' title='bbox 1655 1427 1709 1480; x_wconf 95' lang='lat' dir='ltr'><strong>in</strong></span> <span class='ocrx_word' id='word_1_161' title='bbox 1737 1442 1860 1497; x_wconf 85' lang='lat' dir='ltr'><strong>per-</strong></span> 
     </span>
    </p>
   </div>
   <div class='ocr_carea' id='block_1_25' title="bbox 283 1518 1857 1588">
    <p class='ocr_par' dir='ltr' id='par_1_25' title="bbox 283 1518 1857 1588">
     <span class='ocr_line' id='line_1_25' title="bbox 283 1518 1857 1588; baseline 0 -14"><span class='ocrx_word' id='word_1_162' title='bbox 283 1521 554 1588; x_wconf 87' lang='lat' dir='ltr'><strong>cipiendo,</strong></span> <span class='ocrx_word' id='word_1_163' title='bbox 593 1521 687 1574; x_wconf 89' lang='lat' dir='ltr'><strong>sed</strong></span> <span class='ocrx_word' id='word_1_164' title='bbox 744 1521 798 1572; x_wconf 91' lang='lat' dir='ltr'><strong>in</strong></span> <span class='ocrx_word' id='word_1_165' title='bbox 831 1533 898 1572; x_wconf 90' lang='lat' dir='ltr'><strong>eo</strong></span> <span class='ocrx_word' id='word_1_166' title='bbox 935 1518 1080 1587; x_wconf 88' lang='lat' dir='ltr'><strong>quod</strong></span> <span class='ocrx_word' id='word_1_167' title='bbox 1139 1530 1356 1571; x_wconf 92' lang='lat' dir='ltr'><strong>omnem</strong></span> <span class='ocrx_word' id='word_1_168' title='bbox 1407 1518 1857 1587; x_wconf 88' lang='lat' dir='ltr'><strong>imaginationem</strong></span> 
     </span>
    </p>
   </div>
   <div class='ocr_carea' id='block_1_26' title="bbox 282 1608 1859 1680">
    <p class='ocr_par' dir='ltr' id='par_1_26' title="bbox 282 1608 1859 1680">
     <span class='ocr_line' id='line_1_26' title="bbox 282 1608 1859 1680; baseline -0.001 -14"><span class='ocrx_word' id='word_1_169' title='bbox 282 1627 347 1666; x_wconf 89' lang='lat' dir='ltr'><strong>ac</strong></span> <span class='ocrx_word' id='word_1_170' title='bbox 376 1612 506 1674; x_wconf 90' lang='lat' dir='ltr'><strong>vim,</strong></span> <span class='ocrx_word' id='word_1_171' title='bbox 535 1627 640 1680; x_wconf 88' lang='lat' dir='ltr'><strong>qua</strong></span> <span class='ocrx_word' id='word_1_172' title='bbox 670 1611 801 1680; x_wconf 87' lang='lat' dir='ltr'><strong>quid</strong></span> <span class='ocrx_word' id='word_1_173' title='bbox 845 1608 1346 1679; x_wconf 89' lang='lat' dir='ltr'><strong>comprehenditur,</strong></span> <span class='ocrx_word' id='word_1_174' title='bbox 1387 1617 1694 1678; x_wconf 74' lang='lat' dir='ltr'><strong>praetereat.</strong></span> <span class='ocrx_word' id='word_1_175' title='bbox 1725 1610 1859 1665; x_wconf 88' lang='lat' dir='ltr'><strong>Nam</strong></span> 
     </span>
    </p>
   </div>
   <div class='ocr_carea' id='block_1_27' title="bbox 282 1699 1857 1769">
    <p class='ocr_par' dir='ltr' id='par_1_27' title="bbox 282 1699 1857 1769">
     <span class='ocr_line' id='line_1_27' title="bbox 282 1699 1857 1769; baseline 0 -15"><span class='ocrx_word' id='word_1_176' title='bbox 282 1715 404 1769; x_wconf 66' lang='lat' dir='ltr'><strong>qua:</strong></span> <span class='ocrx_word' id='word_1_177' title='bbox 445 1708 596 1754; x_wconf 86' lang='lat' dir='ltr'><strong>extra</strong></span> <span class='ocrx_word' id='word_1_178' title='bbox 631 1708 886 1753; x_wconf 88' lang='lat' dir='ltr'><strong>naturam</strong></span> <span class='ocrx_word' id='word_1_179' title='bbox 940 1714 1095 1754; x_wconf 89' lang='lat' dir='ltr'><strong>suam</strong></span> <span class='ocrx_word' id='word_1_180' title='bbox 1130 1712 1351 1768; x_wconf 90' lang='lat' dir='ltr'><strong>egressa</strong></span> <span class='ocrx_word' id='word_1_181' title='bbox 1396 1699 1507 1765; x_wconf 91' lang='lat' dir='ltr'><strong>jam</strong></span> <span class='ocrx_word' id='word_1_182' title='bbox 1537 1702 1719 1754; x_wconf 91' lang='lat' dir='ltr'><strong>anima</strong></span> <span class='ocrx_word' id='word_1_183' title='bbox 1751 1708 1857 1767; x_wconf 88' lang='lat' dir='ltr'><strong>est,</strong></span> 
     </span>
    </p>
   </div>
   <div class='ocr_carea' id='block_1_28' title="bbox 282 1788 1859 1859">
    <p class='ocr_par' dir='ltr' id='par_1_28' title="bbox 282 1788 1859 1859">
     <span class='ocr_line' id='line_1_28' title="bbox 282 1788 1859 1859; baseline 0.001 -14"><span class='ocrx_word' id='word_1_184' title='bbox 282 1808 350 1845; x_wconf 89' lang='lat' dir='ltr'><strong>ne</strong></span> <span class='ocrx_word' id='word_1_185' title='bbox 385 1791 454 1844; x_wconf 88' lang='lat' dir='ltr'><strong>ab</strong></span> <span class='ocrx_word' id='word_1_186' title='bbox 502 1790 608 1843; x_wconf 89' lang='lat' dir='ltr'><strong>ulla</strong></span> <span class='ocrx_word' id='word_1_187' title='bbox 665 1805 724 1844; x_wconf 89' lang='lat' dir='ltr'><strong>re</strong></span> <span class='ocrx_word' id='word_1_188' title='bbox 768 1799 1028 1843; x_wconf 89' lang='lat' dir='ltr'><strong>consueta</strong></span> <span class='ocrx_word' id='word_1_189' title='bbox 1081 1788 1412 1856; x_wconf 90' lang='lat' dir='ltr'><strong>impediatur</strong></span> <span class='ocrx_word' id='word_1_190' title='bbox 1459 1789 1514 1843; x_wconf 93' lang='lat' dir='ltr'><strong>in</strong></span> <span class='ocrx_word' id='word_1_191' title='bbox 1549 1792 1859 1859; x_wconf 84' lang='lat' dir='ltr'><strong>cognitione</strong></span> 
     </span>
    </p>
   </div>
   <div class='ocr_carea' id='block_1_29' title="bbox 281 1877 1857 1952">
    <p class='ocr_par' dir='ltr' id='par_1_29' title="bbox 281 1877 1857 1952">
     <span class='ocr_line' id='line_1_29' title="bbox 281 1877 1857 1952; baseline -0.001 -16"><span class='ocrx_word' id='word_1_192' title='bbox 281 1897 465 1937; x_wconf 91' lang='lat' dir='ltr'><strong>rerum</strong></span> <span class='ocrx_word' id='word_1_193' title='bbox 515 1881 617 1936; x_wconf 86' lang='lat' dir='ltr'><strong>Sub</strong></span> <span class='ocrx_word' id='word_1_194' title='bbox 662 1884 853 1934; x_wconf 85' lang='lat' dir='ltr'><strong>oculos</strong></span> <span class='ocrx_word' id='word_1_195' title='bbox 903 1895 1009 1933; x_wconf 90' lang='lat' dir='ltr'><strong>non</strong></span> <span class='ocrx_word' id='word_1_196' title='bbox 1058 1877 1370 1932; x_wconf 85' lang='lat' dir='ltr'><strong>cadentium</strong></span> <span class='ocrx_word' id='word_1_197' title='bbox 1409 1898 1422 1933; x_wconf 91' lang='lat'>:</span> <span class='ocrx_word' id='word_1_198' title='bbox 1469 1896 1646 1950; x_wconf 90' lang='lat' dir='ltr'><strong>neque</strong></span> <span class='ocrx_word' id='word_1_199' title='bbox 1679 1882 1857 1952; x_wconf 83' lang='lat' dir='ltr'><strong>inqui-</strong></span> 
     </span>
    </p>
   </div>
   <div class='ocr_carea' id='block_1_30' title="bbox 282 1969 1858 2042">
    <p class='ocr_par' dir='ltr' id='par_1_30' title="bbox 282 1969 1858 2042">
     <span class='ocr_line' id='line_1_30' title="bbox 282 1969 1858 2042; baseline 0 -14"><span class='ocrx_word' id='word_1_200' title='bbox 282 1974 436 2028; x_wconf 89' lang='lat' dir='ltr'><strong>rendi</strong></span> <span class='ocrx_word' id='word_1_201' title='bbox 463 1973 586 2034; x_wconf 92' lang='lat' dir='ltr'><strong>hoc,</strong></span> <span class='ocrx_word' id='word_1_202' title='bbox 621 1969 766 2041; x_wconf 81' lang='lat' dir='ltr'><strong>quod</strong></span> <span class='ocrx_word' id='word_1_203' title='bbox 803 1986 910 2024; x_wconf 90' lang='lat' dir='ltr'><strong>non</strong></span> <span class='ocrx_word' id='word_1_204' title='bbox 938 1970 1268 2034; x_wconf 86' lang='lat' dir='ltr'><strong>inveniebat,</strong></span> <span class='ocrx_word' id='word_1_205' title='bbox 1309 1972 1470 2024; x_wconf 87' lang='lat' dir='ltr'><strong>finem</strong></span> <span class='ocrx_word' id='word_1_206' title='bbox 1500 1971 1647 2039; x_wconf 89' lang='lat' dir='ltr'><strong>facit,</strong></span> <span class='ocrx_word' id='word_1_207' title='bbox 1681 1989 1858 2042; x_wconf 86' lang='lat' dir='ltr'><strong>neque</strong></span> 
     </span>
    </p>
   </div>
   <div class='ocr_carea' id='block_1_31' title="bbox 280 2061 1858 2130">
    <p class='ocr_par' dir='ltr' id='par_1_31' title="bbox 280 2061 1858 2130">
     <span class='ocr_line' id='line_1_31' title="bbox 280 2061 1858 2130; baseline 0.002 -14"><span class='ocrx_word' id='word_1_208' title='bbox 280 2077 478 2116; x_wconf 90' lang='lat' dir='ltr'><strong>vocare</strong></span> <span class='ocrx_word' id='word_1_209' title='bbox 502 2061 724 2126; x_wconf 91' lang='lat' dir='ltr'><strong>desinit,</strong></span> <span class='ocrx_word' id='word_1_210' title='bbox 758 2061 902 2130; x_wconf 90' lang='lat' dir='ltr'><strong>quod</strong></span> <span class='ocrx_word' id='word_1_211' title='bbox 932 2061 1223 2129; x_wconf 68' lang='lat' dir='ltr'><strong>caeteroqui</strong></span> <span class='ocrx_word' id='word_1_212' title='bbox 1255 2061 1487 2116; x_wconf 87' lang='lat' dir='ltr'><strong>neminis</strong></span> <span class='ocrx_word' id='word_1_213' title='bbox 1515 2062 1696 2118; x_wconf 75' lang='lat' dir='ltr'><strong>efferri</strong></span> <span class='ocrx_word' id='word_1_214' title='bbox 1724 2080 1858 2120; x_wconf 90' lang='lat' dir='ltr'><strong>voce</strong></span> 
     </span>
    </p>
   </div>
   <div class='ocr_carea' id='block_1_32' title="bbox 281 2151 1858 2224">
    <p class='ocr_par' dir='ltr' id='par_1_32' title="bbox 281 2151 1858 2224">
     <span class='ocr_line' id='line_1_32' title="bbox 281 2151 1858 2224; baseline 0.001 -18"><span class='ocrx_word' id='word_1_215' title='bbox 281 2162 483 2224; x_wconf 84' lang='lat' dir='ltr'><strong>potest.</strong></span> <span class='ocrx_word' id='word_1_216' title='bbox 532 2151 624 2206; x_wconf 85' lang='lat' dir='ltr'><strong>Sic</strong></span> <span class='ocrx_word' id='word_1_217' title='bbox 662 2153 806 2206; x_wconf 90' lang='lat' dir='ltr'><strong>enim</strong></span> <span class='ocrx_word' id='word_1_218' title='bbox 837 2152 954 2206; x_wconf 90' lang='lat' dir='ltr'><strong>ait:</strong></span> <span class='ocrx_word' id='word_1_219' title='bbox 993 2151 1223 2216; x_wconf 69' lang='lat' dir='ltr'><strong>Quwsivi</strong></span> <span class='ocrx_word' id='word_1_220' title='bbox 1262 2167 1402 2212; x_wconf 84' lang='lat' dir='ltr'><strong>eum,</strong></span> <span class='ocrx_word' id='word_1_221' title='bbox 1438 2162 1486 2206; x_wconf 82' lang='lat' dir='ltr'><strong>et</strong></span> <span class='ocrx_word' id='word_1_222' title='bbox 1533 2171 1638 2208; x_wconf 83' lang='lat' dir='ltr'><strong>non</strong></span> <span class='ocrx_word' id='word_1_223' title='bbox 1685 2155 1858 2208; x_wconf 78' lang='lat' dir='ltr'><strong>inveni</strong></span> 
     </span>
    </p>
   </div>
   <div class='ocr_carea' id='block_1_33' title="bbox 276 2242 1857 2313">
    <p class='ocr_par' dir='ltr' id='par_1_33' title="bbox 276 2242 1857 2313">
     <span class='ocr_line' id='line_1_33' title="bbox 276 2242 1857 2313; baseline 0 -14"><span class='ocrx_word' id='word_1_224' title='bbox 276 2261 416 2300; x_wconf 80' lang='lat' dir='ltr'><strong>eum.</strong></span> <span class='ocrx_word' id='word_1_225' title='bbox 452 2243 586 2297; x_wconf 88' lang='lat' dir='ltr'><strong>Nam</strong></span> <span class='ocrx_word' id='word_1_226' title='bbox 634 2258 743 2312; x_wconf 90' lang='lat' dir='ltr'><strong>quo</strong></span> <span class='ocrx_word' id='word_1_227' title='bbox 786 2252 946 2312; x_wconf 89' lang='lat' dir='ltr'><strong>pacto</strong></span> <span class='ocrx_word' id='word_1_228' title='bbox 984 2242 1218 2297; x_wconf 84' lang='lat' dir='ltr'><strong>inveniri</strong></span> <span class='ocrx_word' id='word_1_229' title='bbox 1266 2250 1471 2312; x_wconf 84' lang='lat' dir='ltr'><strong>posset,</strong></span> <span class='ocrx_word' id='word_1_230' title='bbox 1507 2244 1655 2313; x_wconf 91' lang='lat' dir='ltr'><strong>quod</strong></span> <span class='ocrx_word' id='word_1_231' title='bbox 1696 2246 1857 2299; x_wconf 86' lang='lat' dir='ltr'><strong>nullae</strong></span> 
     </span>
    </p>
   </div>
   <div class='ocr_carea' id='block_1_34' title="bbox 279 2332 1852 2404">
    <p class='ocr_par' dir='ltr' id='par_1_34' title="bbox 279 2332 1852 2404">
     <span class='ocr_line' id='line_1_34' title="bbox 279 2332 1852 2404; baseline -0.001 -14"><span class='ocrx_word' id='word_1_232' title='bbox 279 2353 369 2392; x_wconf 89' lang='lat' dir='ltr'><strong>res</strong></span> <span class='ocrx_word' id='word_1_233' title='bbox 401 2336 560 2390; x_wconf 88' lang='lat' dir='ltr'><strong>nobis</strong></span> <span class='ocrx_word' id='word_1_234' title='bbox 599 2335 832 2404; x_wconf 71' lang='lat' dir='ltr'><strong>cognitae</strong></span> <span class='ocrx_word' id='word_1_235' title='bbox 869 2332 1160 2388; x_wconf 80' lang='lat' dir='ltr'><strong>ostendere</strong></span> <span class='ocrx_word' id='word_1_236' title='bbox 1204 2333 1477 2402; x_wconf 84' lang='lat' dir='ltr'><strong>possunt?</strong></span> <span class='ocrx_word' id='word_1_237' title='bbox 1515 2349 1624 2388; x_wconf 94' lang='lat' dir='ltr'><strong>non</strong></span> <span class='ocrx_word' id='word_1_238' title='bbox 1659 2333 1852 2399; x_wconf 90' lang='lat' dir='ltr'><strong>forma,</strong></span> 
     </span>
    </p>
   </div>
   <div class='ocr_carea' id='block_1_35' title="bbox 277 2423 1854 2493">
    <p class='ocr_par' dir='ltr' id='par_1_35' title="bbox 277 2423 1854 2493">
     <span class='ocr_line' id='line_1_35' title="bbox 277 2423 1854 2493; baseline -0.001 -11"><span class='ocrx_word' id='word_1_239' title='bbox 277 2443 386 2482; x_wconf 91' lang='lat' dir='ltr'><strong>non</strong></span> <span class='ocrx_word' id='word_1_240' title='bbox 417 2429 590 2487; x_wconf 91' lang='lat' dir='ltr'><strong>color,</strong></span> <span class='ocrx_word' id='word_1_241' title='bbox 633 2440 742 2479; x_wconf 92' lang='lat' dir='ltr'><strong>non</strong></span> <span class='ocrx_word' id='word_1_242' title='bbox 785 2423 1245 2492; x_wconf 89' lang='lat' dir='ltr'><strong>circumscriptio,</strong></span> <span class='ocrx_word' id='word_1_243' title='bbox 1281 2439 1387 2478; x_wconf 89' lang='lat' dir='ltr'><strong>non</strong></span> <span class='ocrx_word' id='word_1_244' title='bbox 1419 2424 1718 2493; x_wconf 90' lang='lat' dir='ltr'><strong>quantitas,</strong></span> <span class='ocrx_word' id='word_1_245' title='bbox 1746 2441 1854 2480; x_wconf 93' lang='lat' dir='ltr'><strong>non</strong></span> 
     </span>
    </p>
   </div>
   <div class='ocr_carea' id='block_1_36' title="bbox 276 2513 1850 2585">
    <p class='ocr_par' dir='ltr' id='par_1_36' title="bbox 276 2513 1850 2585">
     <span class='ocr_line' id='line_1_36' title="bbox 276 2513 1850 2585; baseline 0.001 -15"><span class='ocrx_word' id='word_1_246' title='bbox 276 2518 450 2580; x_wconf 83' lang='lat' dir='ltr'><strong>locus,</strong></span> <span class='ocrx_word' id='word_1_247' title='bbox 485 2531 591 2569; x_wconf 93' lang='lat' dir='ltr'><strong>non</strong></span> <span class='ocrx_word' id='word_1_248' title='bbox 621 2515 815 2585; x_wconf 88' lang='lat' dir='ltr'><strong>ﬁgura,</strong></span> <span class='ocrx_word' id='word_1_249' title='bbox 850 2529 958 2566; x_wconf 91' lang='lat' dir='ltr'><strong>non</strong></span> <span class='ocrx_word' id='word_1_250' title='bbox 983 2513 1326 2581; x_wconf 85' lang='lat' dir='ltr'><strong>conjectura,</strong></span> <span class='ocrx_word' id='word_1_251' title='bbox 1357 2529 1463 2568; x_wconf 92' lang='lat' dir='ltr'><strong>non</strong></span> <span class='ocrx_word' id='word_1_252' title='bbox 1505 2516 1850 2582; x_wconf 91' lang='lat' dir='ltr'><strong>assimilatio,</strong></span> 
     </span>
    </p>
   </div>
   <div class='ocr_carea' id='block_1_37' title="bbox 277 2604 1855 2677">
    <p class='ocr_par' dir='ltr' id='par_1_37' title="bbox 277 2604 1855 2677">
     <span class='ocr_line' id='line_1_37' title="bbox 277 2604 1855 2677; baseline -0.001 -16"><span class='ocrx_word' id='word_1_253' title='bbox 277 2623 385 2661; x_wconf 88' lang='lat' dir='ltr'><strong>non</strong></span> <span class='ocrx_word' id='word_1_254' title='bbox 409 2606 710 2677; x_wconf 88' lang='lat' dir='ltr'><strong>proportio,</strong></span> <span class='ocrx_word' id='word_1_255' title='bbox 744 2604 840 2658; x_wconf 83' lang='lat' dir='ltr'><strong>sed</strong></span> <span class='ocrx_word' id='word_1_256' title='bbox 868 2604 1014 2672; x_wconf 84' lang='lat' dir='ltr'><strong>quod</strong></span> <span class='ocrx_word' id='word_1_257' title='bbox 1045 2619 1261 2672; x_wconf 90' lang='lat' dir='ltr'><strong>semper</strong></span> <span class='ocrx_word' id='word_1_258' title='bbox 1284 2610 1437 2657; x_wconf 75' lang='lat' dir='ltr'><strong>extra</strong></span> <span class='ocrx_word' id='word_1_259' title='bbox 1467 2620 1683 2658; x_wconf 84' lang='lat' dir='ltr'><strong>onmem</strong></span> <span class='ocrx_word' id='word_1_260' title='bbox 1731 2622 1855 2676; x_wconf 88' lang='lat' dir='ltr'><strong>per-</strong></span> 
     </span>
    </p>
   </div>
   <div class='ocr_carea' id='block_1_38' title="bbox 276 2693 1856 2764">
    <p class='ocr_par' dir='ltr' id='par_1_38' title="bbox 276 2693 1856 2764">
     <span class='ocr_line' id='line_1_38' title="bbox 276 2693 1856 2764; baseline -0.001 -12"><span class='ocrx_word' id='word_1_261' title='bbox 276 2697 545 2764; x_wconf 88' lang='lat' dir='ltr'><strong>ceptionis</strong></span> <span class='ocrx_word' id='word_1_262' title='bbox 590 2696 732 2748; x_wconf 89' lang='lat' dir='ltr'><strong>viam</strong></span> <span class='ocrx_word' id='word_1_263' title='bbox 782 2697 1040 2764; x_wconf 83' lang='lat' dir='ltr'><strong>positum,</strong></span> <span class='ocrx_word' id='word_1_264' title='bbox 1085 2693 1628 2762; x_wconf 87' lang='lat' dir='ltr'><strong>comprehensionem</strong></span> <span class='ocrx_word' id='word_1_265' title='bbox 1664 2710 1856 2763; x_wconf 79' lang='lat' dir='ltr'><strong>perve-</strong></span> 
     </span>
    </p>
   </div>
   <div class='ocr_carea' id='block_1_39' title="bbox 275 2780 1851 2856">
    <p class='ocr_par' dir='ltr' id='par_1_39' title="bbox 275 2780 1851 2856">
     <span class='ocr_line' id='line_1_39' title="bbox 275 2780 1851 2856; baseline -0.001 -17"><span class='ocrx_word' id='word_1_266' title='bbox 275 2786 592 2856; x_wconf 89' lang='lat' dir='ltr'><strong>stigantium</strong></span> <span class='ocrx_word' id='word_1_267' title='bbox 633 2784 793 2853; x_wconf 87' lang='lat' dir='ltr'><strong>plane</strong></span> <span class='ocrx_word' id='word_1_268' title='bbox 837 2782 995 2851; x_wconf 80' lang='lat' dir='ltr'><strong>fugit.</strong></span> <span class='ocrx_word' id='word_1_269' title='bbox 1030 2780 1347 2851; x_wconf 83' lang='lat' dir='ltr'><strong>Propterea,</strong></span> <span class='ocrx_word' id='word_1_270' title='bbox 1379 2781 1576 2851; x_wconf 84' lang='lat' dir='ltr'><strong>inquit.</strong></span> <span class='ocrx_word' id='word_1_271' title='bbox 1625 2785 1851 2852; x_wconf 69' lang='lat' dir='ltr'><strong>qmesivi</strong></span> 
     </span>
    </p>
   </div>
   <div class='ocr_carea' id='block_1_40' title="bbox 2052 1241 3568 1316">
    <p class='ocr_par' dir='ltr' id='par_1_40' title="bbox 2052 1241 3568 1316">
     <span class='ocr_line' id='line_1_40' title="bbox 2052 1241 3568 1316; baseline -0.003 -19"><span class='ocrx_word' id='word_1_272' title='bbox 2052 1244 2110 1297; x_wconf 83' lang='grc' dir='ltr'>Ὀ</span> <span class='ocrx_word' id='word_1_273' title='bbox 2137 1243 2193 1297; x_wconf 87' lang='grc' dir='ltr'>δὲ</span> <span class='ocrx_word' id='word_1_274' title='bbox 2225 1244 2422 1315; x_wconf 77' lang='grc' dir='ltr'>ἐφεξῆς</span> <span class='ocrx_word' id='word_1_275' title='bbox 2447 1245 2604 1313; x_wconf 89' lang='grc' dir='ltr'>λόγος</span> <span class='ocrx_word' id='word_1_276' title='bbox 2647 1244 2844 1316; x_wconf 85' lang='grc' dir='ltr'>μᾶλλον</span> <span class='ocrx_word' id='word_1_277' title='bbox 2871 1246 3001 1315; x_wconf 88' lang='grc' dir='ltr'>ἡμῖν</span> <span class='ocrx_word' id='word_1_278' title='bbox 3044 1241 3254 1312; x_wconf 78' lang='grc' dir='ltr'>βεϐαιοῖ</span> <span class='ocrx_word' id='word_1_279' title='bbox 3292 1241 3389 1310; x_wconf 84' lang='grc' dir='ltr'>τὴν</span> <span class='ocrx_word' id='word_1_280' title='bbox 3422 1258 3568 1310; x_wconf 85' lang='grc' dir='ltr'>προ-</span> 
     </span>
    </p>
   </div>
   <div class='ocr_carea' id='block_1_41' title="bbox 1970 1331 3565 1406">
    <p class='ocr_par' dir='ltr' id='par_1_41' title="bbox 1970 1331 3565 1406">
     <span class='ocr_line' id='line_1_41' title="bbox 1970 1331 3565 1406; baseline -0.003 -18"><span class='ocrx_word' id='word_1_281' title='bbox 1970 1335 2339 1406; x_wconf 85' lang='grc' dir='ltr'>θεωρηθεῖσαν</span> <span class='ocrx_word' id='word_1_282' title='bbox 2369 1335 2627 1400; x_wconf 89' lang='grc' dir='ltr'>διάνοιαν,</span> <span class='ocrx_word' id='word_1_283' title='bbox 2667 1337 2748 1388; x_wconf 82' lang='grc' dir='ltr'>ὅτι</span> <span class='ocrx_word' id='word_1_284' title='bbox 2779 1337 2879 1389; x_wconf 81' lang='grc' dir='ltr'>οὐκ</span> <span class='ocrx_word' id='word_1_285' title='bbox 2910 1338 2967 1388; x_wconf 84' lang='grc' dir='ltr'>ὲν</span> <span class='ocrx_word' id='word_1_286' title='bbox 3012 1333 3090 1403; x_wconf 84' lang='grc' dir='ltr'>τῷ</span> <span class='ocrx_word' id='word_1_287' title='bbox 3131 1331 3565 1402; x_wconf 75' lang='grc' dir='ltr'>καταλαμϐάνε-</span> 
     </span>
    </p>
   </div>
   <div class='ocr_carea' id='block_1_42' title="bbox 1969 1423 3566 1499">
    <p class='ocr_par' dir='ltr' id='par_1_42' title="bbox 1969 1423 3566 1499">
     <span class='ocr_line' id='line_1_42' title="bbox 1969 1423 3566 1499; baseline -0.003 -19"><span class='ocrx_word' id='word_1_288' title='bbox 1969 1427 2093 1480; x_wconf 89' lang='grc' dir='ltr'>σθαι</span> <span class='ocrx_word' id='word_1_289' title='bbox 2125 1427 2185 1480; x_wconf 86' lang='grc' dir='ltr'>τὸ</span> <span class='ocrx_word' id='word_1_290' title='bbox 2235 1427 2464 1498; x_wconf 79' lang='grc' dir='ltr'>μέγεθος</span> <span class='ocrx_word' id='word_1_291' title='bbox 2497 1429 2596 1499; x_wconf 80' lang='grc' dir='ltr'>τῆς</span> <span class='ocrx_word' id='word_1_292' title='bbox 2627 1427 2776 1490; x_wconf 85' lang='grc' dir='ltr'>θείας</span> <span class='ocrx_word' id='word_1_293' title='bbox 2803 1425 3126 1497; x_wconf 79' lang='grc' dir='ltr'><strong>γνωρίζεται</strong></span> <span class='ocrx_word' id='word_1_294' title='bbox 3160 1423 3393 1493; x_wconf 85' lang='grc' dir='ltr'>φύσεως,</span> <span class='ocrx_word' id='word_1_295' title='bbox 3430 1424 3566 1476; x_wconf 78' lang='grc' dir='ltr'>ἀλλ’</span> 
     </span>
    </p>
   </div>
   <div class='ocr_carea' id='block_1_43' title="bbox 1965 1513 3568 1588">
    <p class='ocr_par' dir='ltr' id='par_1_43' title="bbox 1965 1513 3568 1588">
     <span class='ocr_line' id='line_1_43' title="bbox 1965 1513 3568 1588; baseline -0.002 -20"><span class='ocrx_word' id='word_1_296' title='bbox 1965 1516 2023 1568; x_wconf 80' lang='grc' dir='ltr'>ὲν</span> <span class='ocrx_word' id='word_1_297' title='bbox 2061 1514 2140 1585; x_wconf 79' lang='grc' dir='ltr'>τῷ</span> <span class='ocrx_word' id='word_1_298' title='bbox 2174 1517 2428 1587; x_wconf 84' lang='grc' dir='ltr'><strong>παριέναι</strong></span> <span class='ocrx_word' id='word_1_299' title='bbox 2463 1519 2644 1570; x_wconf 81' lang='grc' dir='ltr'>πᾶσαν</span> <span class='ocrx_word' id='word_1_300' title='bbox 2678 1515 3090 1588; x_wconf 83' lang='grc' dir='ltr'>καταληπτικὴν</span> <span class='ocrx_word' id='word_1_301' title='bbox 3118 1513 3416 1582; x_wconf 81' lang='grc' dir='ltr'>φαντασίαν</span> <span class='ocrx_word' id='word_1_302' title='bbox 3452 1513 3568 1566; x_wconf 70' lang='grc' dir='ltr'>καὶ</span> 
     </span>
    </p>
   </div>
   <div class='ocr_carea' id='block_1_44' title="bbox 1961 1603 3564 1677">
    <p class='ocr_par' dir='ltr' id='par_1_44' title="bbox 1961 1603 3564 1677">
     <span class='ocr_line' id='line_1_44' title="bbox 1961 1603 3564 1677; baseline -0.001 -18"><span class='ocrx_word' id='word_1_303' title='bbox 1961 1606 2210 1676; x_wconf 87' lang='grc' dir='ltr'>δύναμιν.</span> <span class='ocrx_word' id='word_1_304' title='bbox 2250 1606 2314 1659; x_wconf 86' lang='grc' dir='ltr'><strong>Ἦ</strong></span> <span class='ocrx_word' id='word_1_305' title='bbox 2347 1605 2453 1676; x_wconf 81' lang='grc' dir='ltr'><strong>γὰρ</strong></span> <span class='ocrx_word' id='word_1_306' title='bbox 2479 1607 2690 1660; x_wconf 76' lang='grc' dir='ltr'>ἐκϐᾶσα</span> <span class='ocrx_word' id='word_1_307' title='bbox 2723 1607 2823 1677; x_wconf 84' lang='grc' dir='ltr'><strong>ἡδη</strong></span> <span class='ocrx_word' id='word_1_308' title='bbox 2857 1606 2954 1675; x_wconf 83' lang='grc' dir='ltr'>τὴν</span> <span class='ocrx_word' id='word_1_309' title='bbox 2985 1604 3148 1675; x_wconf 83' lang='grc' dir='ltr'>φύσιν</span> <span class='ocrx_word' id='word_1_310' title='bbox 3171 1603 3337 1674; x_wconf 79' lang='grc' dir='ltr'>ψυχὴ,</span> <span class='ocrx_word' id='word_1_311' title='bbox 3369 1604 3446 1667; x_wconf 84' lang='grc' dir='ltr'>ὠς</span> <span class='ocrx_word' id='word_1_312' title='bbox 3482 1604 3564 1658; x_wconf 81' lang='grc' dir='ltr'>ἂν</span> 
     </span>
    </p>
   </div>
   <div class='ocr_carea' id='block_1_45' title="bbox 1964 1694 3564 1768">
    <p class='ocr_par' dir='ltr' id='par_1_45' title="bbox 1964 1694 3564 1768">
     <span class='ocr_line' id='line_1_45' title="bbox 1964 1694 3564 1768; baseline -0.001 -18"><span class='ocrx_word' id='word_1_313' title='bbox 1964 1698 2154 1768; x_wconf 67' lang='grc' dir='ltr'>μηδενὶ</span> <span class='ocrx_word' id='word_1_314' title='bbox 2197 1697 2305 1751; x_wconf 85' lang='grc' dir='ltr'><strong>τῶν</strong></span> <span class='ocrx_word' id='word_1_315' title='bbox 2336 1697 2581 1768; x_wconf 88' lang='grc' dir='ltr'>συνήθων</span> <span class='ocrx_word' id='word_1_316' title='bbox 2625 1698 2762 1768; x_wconf 83' lang='grc' dir='ltr'>πρὸς</span> <span class='ocrx_word' id='word_1_317' title='bbox 2789 1697 2885 1767; x_wconf 80' lang='grc' dir='ltr'>τὴν</span> <span class='ocrx_word' id='word_1_318' title='bbox 2914 1697 3114 1765; x_wconf 80' lang='grc' dir='ltr'>γνῶσιν</span> <span class='ocrx_word' id='word_1_319' title='bbox 3155 1694 3264 1749; x_wconf 85' lang='grc' dir='ltr'><strong>τῶν</strong></span> <span class='ocrx_word' id='word_1_320' title='bbox 3298 1697 3564 1765; x_wconf 79' lang='grc' dir='ltr'>ἀοράτων</span> 
     </span>
    </p>
   </div>
   <div class='ocr_carea' id='block_1_46' title="bbox 1960 1787 3554 1862">
    <p class='ocr_par' dir='ltr' id='par_1_46' title="bbox 1960 1787 3554 1862">
     <span class='ocr_line' id='line_1_46' title="bbox 1960 1787 3554 1862; baseline -0.003 -18"><span class='ocrx_word' id='word_1_321' title='bbox 1960 1792 2226 1846; x_wconf 86' lang='grc' dir='ltr'>κωλύοιτο</span> <span class='ocrx_word' id='word_1_322' title='bbox 2251 1810 2265 1824; x_wconf 73' lang='grc' dir='ltr'><strong>ο</strong></span> <span class='ocrx_word' id='word_1_323' title='bbox 2289 1791 2412 1846; x_wconf 78' lang='grc' dir='ltr'>οὔτε</span> <span class='ocrx_word' id='word_1_324' title='bbox 2433 1791 2672 1862; x_wconf 77' lang='grc' dir='ltr'><strong>ζητοῦσα</strong></span> <span class='ocrx_word' id='word_1_325' title='bbox 2693 1789 2754 1842; x_wconf 78' lang='grc' dir='ltr'>τὸ</span> <span class='ocrx_word' id='word_1_326' title='bbox 2777 1789 2852 1859; x_wconf 82' lang='grc' dir='ltr'>μὴ</span> <span class='ocrx_word' id='word_1_327' title='bbox 2886 1789 3272 1860; x_wconf 80' lang='grc' dir='ltr'><strong>εὑρισκόμενον</strong></span> <span class='ocrx_word' id='word_1_328' title='bbox 3301 1787 3554 1852; x_wconf 78' lang='grc' dir='ltr'>ἵσταται,</span> 
     </span>
    </p>
   </div>
   <div class='ocr_carea' id='block_1_47' title="bbox 1957 1878 3558 1953">
    <p class='ocr_par' dir='ltr' id='par_1_47' title="bbox 1957 1878 3558 1953">
     <span class='ocr_line' id='line_1_47' title="bbox 1957 1878 3558 1953; baseline 0.002 -22"><span class='ocrx_word' id='word_1_329' title='bbox 1957 1878 2080 1933; x_wconf 77' lang='grc' dir='ltr'>οὔτε</span> <span class='ocrx_word' id='word_1_330' title='bbox 2115 1881 2356 1936; x_wconf 82' lang='grc' dir='ltr'>καλοῦσα</span> <span class='ocrx_word' id='word_1_331' title='bbox 2388 1881 2449 1934; x_wconf 85' lang='grc' dir='ltr'>τὸ</span> <span class='ocrx_word' id='word_1_332' title='bbox 2499 1879 2879 1951; x_wconf 78' lang='grc' dir='ltr'>άνεκφώνητον</span> <span class='ocrx_word' id='word_1_333' title='bbox 2928 1881 3180 1936; x_wconf 90' lang='grc' dir='ltr'>παύεται.</span> <span class='ocrx_word' id='word_1_334' title='bbox 3212 1880 3349 1950; x_wconf 71' lang='grc' dir='ltr'><strong>Φησὶ</strong></span> <span class='ocrx_word' id='word_1_335' title='bbox 3393 1882 3506 1953; x_wconf 85' lang='grc' dir='ltr'><strong>γάρ</strong></span> <span class='ocrx_word' id='word_1_336' title='bbox 3535 1895 3558 1910; x_wconf 85' lang='grc'>⁶</span> 
     </span>
    </p>
   </div>
   <div class='ocr_carea' id='block_1_48' title="bbox 1958 1966 3563 2039">
    <p class='ocr_par' dir='ltr' id='par_1_48' title="bbox 1958 1966 3563 2039">
     <span class='ocr_line' id='line_1_48' title="bbox 1958 1966 3563 2039; baseline 0.002 -16"><span class='ocrx_word' id='word_1_337' title='bbox 1958 1971 2040 2024; x_wconf 84' lang='grc' dir='ltr'>ὅτι</span> <span class='ocrx_word' id='word_1_338' title='bbox 2094 1971 2387 2039; x_wconf 74' lang='grc' dir='ltr'><strong>Ἐζήτησα</strong></span> <span class='ocrx_word' id='word_1_339' title='bbox 2423 1973 2628 2036; x_wconf 79' lang='grc' dir='ltr'>αὑτὸν,</span> <span class='ocrx_word' id='word_1_340' title='bbox 2665 1972 2761 2024; x_wconf 80' lang='grc' dir='ltr'>καὶ</span> <span class='ocrx_word' id='word_1_341' title='bbox 2795 1973 2908 2039; x_wconf 88' lang='grc' dir='ltr'><strong>οὐχ</strong></span> <span class='ocrx_word' id='word_1_342' title='bbox 2954 1966 3136 2039; x_wconf 81' lang='grc' dir='ltr'>εὗρον</span> <span class='ocrx_word' id='word_1_343' title='bbox 3172 1972 3376 2026; x_wconf 79' lang='grc' dir='ltr'>αὐτόν.</span> <span class='ocrx_word' id='word_1_344' title='bbox 3420 1970 3563 2036; x_wconf 83' lang='grc' dir='ltr'><strong>Πῶς</strong></span> 
     </span>
    </p>
   </div>
   <div class='ocr_carea' id='block_1_49' title="bbox 1959 2060 3553 2134">
    <p class='ocr_par' dir='ltr' id='par_1_49' title="bbox 1959 2060 3553 2134">
     <span class='ocr_line' id='line_1_49' title="bbox 1959 2060 3553 2134; baseline -0.001 -20"><span class='ocrx_word' id='word_1_345' title='bbox 1959 2062 2068 2133; x_wconf 80' lang='grc' dir='ltr'><strong>γὰρ</strong></span> <span class='ocrx_word' id='word_1_346' title='bbox 2094 2061 2159 2116; x_wconf 86' lang='grc' dir='ltr'>ἂν</span> <span class='ocrx_word' id='word_1_347' title='bbox 2188 2063 2458 2134; x_wconf 78' lang='grc' dir='ltr'>εὑρεθείη,</span> <span class='ocrx_word' id='word_1_348' title='bbox 2483 2063 2510 2115; x_wconf 88' lang='grc' dir='ltr'><strong>ὃ</strong></span> <span class='ocrx_word' id='word_1_349' title='bbox 2539 2061 2732 2133; x_wconf 82' lang='grc' dir='ltr'><strong>μηνύει</strong></span> <span class='ocrx_word' id='word_1_350' title='bbox 2764 2060 2872 2114; x_wconf 86' lang='grc' dir='ltr'><strong>τῶν</strong></span> <span class='ocrx_word' id='word_1_351' title='bbox 2907 2061 3325 2131; x_wconf 85' lang='grc' dir='ltr'><strong>γινωσκομένων</strong></span> <span class='ocrx_word' id='word_1_352' title='bbox 3358 2061 3553 2124; x_wconf 78' lang='grc' dir='ltr'>οὐδέν;</span> 
     </span>
    </p>
   </div>
   <div class='ocr_carea' id='block_1_50' title="bbox 1959 2149 3549 2224">
    <p class='ocr_par' dir='ltr' id='par_1_50' title="bbox 1959 2149 3549 2224">
     <span class='ocr_line' id='line_1_50' title="bbox 1959 2149 3549 2224; baseline -0.003 -14"><span class='ocrx_word' id='word_1_353' title='bbox 1959 2154 2063 2210; x_wconf 87' lang='grc' dir='ltr'>οὐκ</span> <span class='ocrx_word' id='word_1_354' title='bbox 2103 2149 2260 2217; x_wconf 79' lang='grc' dir='ltr'>εἶδος,</span> <span class='ocrx_word' id='word_1_355' title='bbox 2292 2155 2353 2206; x_wconf 86' lang='grc' dir='ltr'>οὐ</span> <span class='ocrx_word' id='word_1_356' title='bbox 2388 2153 2602 2224; x_wconf 83' lang='grc' dir='ltr'>χρῶμα,</span> <span class='ocrx_word' id='word_1_357' title='bbox 2632 2153 2693 2206; x_wconf 85' lang='grc' dir='ltr'>οὑ</span> <span class='ocrx_word' id='word_1_358' title='bbox 2723 2152 3059 2224; x_wconf 83' lang='grc' dir='ltr'>περιγραφὴ,</span> <span class='ocrx_word' id='word_1_359' title='bbox 3085 2152 3145 2204; x_wconf 76' lang='grc' dir='ltr'>οὺ</span> <span class='ocrx_word' id='word_1_360' title='bbox 3179 2151 3436 2223; x_wconf 88' lang='grc' dir='ltr'>ποσότης,</span> <span class='ocrx_word' id='word_1_361' title='bbox 3476 2155 3549 2206; x_wconf 72' lang='grc' dir='ltr'>οὗ</span> 
     </span>
    </p>
   </div>
   <div class='ocr_carea' id='block_1_51' title="bbox 1956 2243 3557 2315">
    <p class='ocr_par' dir='ltr' id='par_1_51' title="bbox 1956 2243 3557 2315">
     <span class='ocr_line' id='line_1_51' title="bbox 1956 2243 3557 2315; baseline 0.001 -19"><span class='ocrx_word' id='word_1_362' title='bbox 1956 2245 2138 2308; x_wconf 81' lang='grc' dir='ltr'><strong>τόπος,</strong></span> <span class='ocrx_word' id='word_1_363' title='bbox 2175 2245 2234 2296; x_wconf 86' lang='grc' dir='ltr'>οὐ</span> <span class='ocrx_word' id='word_1_364' title='bbox 2268 2245 2474 2315; x_wconf 84' lang='grc' dir='ltr'>σχῆμα,</span> <span class='ocrx_word' id='word_1_365' title='bbox 2505 2245 2565 2298; x_wconf 81' lang='grc' dir='ltr'>οὐ</span> <span class='ocrx_word' id='word_1_366' title='bbox 2613 2244 2944 2314; x_wconf 76' lang='grc' dir='ltr'>στοχασμὸς,</span> <span class='ocrx_word' id='word_1_367' title='bbox 2978 2243 3078 2297; x_wconf 79' lang='grc' dir='ltr'>οὐκ</span> <span class='ocrx_word' id='word_1_368' title='bbox 3110 2243 3407 2314; x_wconf 72' lang='grc' dir='ltr'>εἰκασμὸς,</span> <span class='ocrx_word' id='word_1_369' title='bbox 3443 2245 3557 2297; x_wconf 79' lang='grc' dir='ltr'>οὐκ</span> 
     </span>
    </p>
   </div>
   <div class='ocr_carea' id='block_1_52' title="bbox 1957 2335 3551 2406">
    <p class='ocr_par' dir='ltr' id='par_1_52' title="bbox 1957 2335 3551 2406">
     <span class='ocr_line' id='line_1_52' title="bbox 1957 2335 3551 2406; baseline -0.001 -16"><span class='ocrx_word' id='word_1_370' title='bbox 1957 2336 2238 2406; x_wconf 80' lang='grc' dir='ltr'>ἀναλογία·</span> <span class='ocrx_word' id='word_1_371' title='bbox 2276 2337 2411 2390; x_wconf 82' lang='grc' dir='ltr'>ἀλλὰ</span> <span class='ocrx_word' id='word_1_372' title='bbox 2443 2335 2622 2406; x_wconf 83' lang='grc' dir='ltr'>πάσης</span> <span class='ocrx_word' id='word_1_373' title='bbox 2653 2336 3063 2405; x_wconf 83' lang='grc' dir='ltr'>καταληπτικῆς</span> <span class='ocrx_word' id='word_1_374' title='bbox 3102 2336 3292 2405; x_wconf 79' lang='grc' dir='ltr'>ἐφόδου</span> <span class='ocrx_word' id='word_1_375' title='bbox 3339 2335 3551 2401; x_wconf 79' lang='grc' dir='ltr'><strong>ἐξώτε-</strong></span> 
     </span>
    </p>
   </div>
   <div class='ocr_carea' id='block_1_53' title="bbox 1929 2426 3556 2500">
    <p class='ocr_par' dir='ltr' id='par_1_53' title="bbox 1929 2426 3556 2500">
     <span class='ocr_line' id='line_1_53' title="bbox 1929 2426 3556 2500; baseline -0.001 -18"><span class='ocrx_word' id='word_1_376' title='bbox 1929 2446 2050 2499; x_wconf 87' lang='grc' dir='ltr'>·ρον</span> <span class='ocrx_word' id='word_1_377' title='bbox 2083 2429 2172 2482; x_wconf 74' lang='grc' dir='ltr'><strong>ἀεὶ</strong></span> <span class='ocrx_word' id='word_1_378' title='bbox 2209 2428 2616 2500; x_wconf 84' lang='grc' dir='ltr'>εὑρισκόμενον,</span> <span class='ocrx_word' id='word_1_379' title='bbox 2651 2427 2909 2496; x_wconf 78' lang='grc' dir='ltr'>ἐκφεύγει</span> <span class='ocrx_word' id='word_1_380' title='bbox 2943 2428 3158 2489; x_wconf 87' lang='grc' dir='ltr'>πάντως</span> <span class='ocrx_word' id='word_1_381' title='bbox 3178 2426 3276 2497; x_wconf 80' lang='grc' dir='ltr'>τὴν</span> <span class='ocrx_word' id='word_1_382' title='bbox 3305 2426 3411 2480; x_wconf 83' lang='grc' dir='ltr'><strong>τῶν</strong></span> <span class='ocrx_word' id='word_1_383' title='bbox 3441 2426 3556 2496; x_wconf 78' lang='grc' dir='ltr'><strong>ζη-</strong></span> 
     </span>
    </p>
   </div>
   <div class='ocr_carea' id='block_1_54' title="bbox 1956 2516 3559 2588">
    <p class='ocr_par' dir='ltr' id='par_1_54' title="bbox 1956 2516 3559 2588">
     <span class='ocr_line' id='line_1_54' title="bbox 1956 2516 3559 2588; baseline 0.001 -18"><span class='ocrx_word' id='word_1_384' title='bbox 1956 2516 2392 2588; x_wconf 71' lang='grc' dir='ltr'>τούντωνλαϐήψ</span> <span class='ocrx_word' id='word_1_385' title='bbox 2427 2518 2514 2572; x_wconf 86' lang='grc' dir='ltr'><strong>διά</strong></span> <span class='ocrx_word' id='word_1_386' title='bbox 2539 2519 2698 2571; x_wconf 77' lang='grc' dir='ltr'>τοῦτό</span> <span class='ocrx_word' id='word_1_387' title='bbox 2729 2535 2918 2588; x_wconf 78' lang='grc' dir='ltr'>φησιν,</span> <span class='ocrx_word' id='word_1_388' title='bbox 2955 2517 3124 2571; x_wconf 74' lang='grc' dir='ltr'>Αὑτὸν</span> <span class='ocrx_word' id='word_1_389' title='bbox 3164 2518 3427 2588; x_wconf 78' lang='grc' dir='ltr'>ἐζήτησα,</span> <span class='ocrx_word' id='word_1_390' title='bbox 3456 2519 3559 2572; x_wconf 70' lang='grc' dir='ltr'><strong>διὰ</strong></span> 
     </span>
    </p>
   </div>
   <div class='ocr_carea' id='block_1_55' title="bbox 1955 2607 3558 2680">
    <p class='ocr_par' dir='ltr' id='par_1_55' title="bbox 1955 2607 3558 2680">
     <span class='ocr_line' id='line_1_55' title="bbox 1955 2607 3558 2680; baseline 0.001 -20"><span class='ocrx_word' id='word_1_391' title='bbox 1955 2608 2063 2661; x_wconf 85' lang='grc' dir='ltr'><strong>τῶν</strong></span> <span class='ocrx_word' id='word_1_392' title='bbox 2095 2607 2402 2680; x_wconf 83' lang='grc' dir='ltr'>εΰρητικῶν</span> <span class='ocrx_word' id='word_1_393' title='bbox 2447 2609 2548 2678; x_wconf 85' lang='grc' dir='ltr'>τῆς</span> <span class='ocrx_word' id='word_1_394' title='bbox 2597 2607 2775 2678; x_wconf 78' lang='grc' dir='ltr'>ψυχῆς</span> <span class='ocrx_word' id='word_1_395' title='bbox 2821 2607 3124 2678; x_wconf 83' lang='grc' dir='ltr'>δυνάμεων,</span> <span class='ocrx_word' id='word_1_396' title='bbox 3173 2609 3230 2661; x_wconf 82' lang='grc' dir='ltr'>ὲν</span> <span class='ocrx_word' id='word_1_397' title='bbox 3262 2608 3558 2678; x_wconf 82' lang='grc' dir='ltr'>λογισμοῖς</span> 
     </span>
    </p>
   </div>
   <div class='ocr_carea' id='block_1_56' title="bbox 1957 2695 3556 2772">
    <p class='ocr_par' dir='ltr' id='par_1_56' title="bbox 1957 2695 3556 2772">
     <span class='ocr_line' id='line_1_56' title="bbox 1957 2695 3556 2772; baseline -0.001 -19"><span class='ocrx_word' id='word_1_398' title='bbox 1957 2701 2052 2754; x_wconf 71' lang='grc' dir='ltr'><strong>καὶ</strong></span> <span class='ocrx_word' id='word_1_399' title='bbox 2085 2702 2324 2772; x_wconf 83' lang='grc' dir='ltr'>νοήμασι</span> <span class='ocrx_word' id='word_1_400' title='bbox 2368 2717 2379 2730; x_wconf 90' lang='grc'>·</span> <span class='ocrx_word' id='word_1_401' title='bbox 2415 2701 2509 2754; x_wconf 80' lang='grc' dir='ltr'>καὶ</span> <span class='ocrx_word' id='word_1_402' title='bbox 2543 2703 2758 2763; x_wconf 87' lang='grc' dir='ltr'>πάντως</span> <span class='ocrx_word' id='word_1_403' title='bbox 2792 2697 3055 2771; x_wconf 80' lang='grc' dir='ltr'>ὲξὼτερος</span> <span class='ocrx_word' id='word_1_404' title='bbox 3110 2695 3179 2770; x_wconf 77' lang='grc' dir='ltr'>ἦν</span> <span class='ocrx_word' id='word_1_405' title='bbox 3199 2740 3213 2762; x_wconf 89' lang='grc'><strong>,</strong></span> <span class='ocrx_word' id='word_1_406' title='bbox 3243 2699 3333 2753; x_wconf 75' lang='grc' dir='ltr'><strong>τὸν</strong></span> <span class='ocrx_word' id='word_1_407' title='bbox 3369 2717 3556 2770; x_wconf 83' lang='grc' dir='ltr'>προσ-</span> 
     </span>
    </p>
   </div>
   <div class='ocr_carea' id='block_1_57' title="bbox 1957 2790 3556 2861">
    <p class='ocr_par' dir='ltr' id='par_1_57' title="bbox 1957 2790 3556 2861">
     <span class='ocr_line' id='line_1_57' title="bbox 1957 2790 3556 2861; baseline 0.001 -19"><span class='ocrx_word' id='word_1_408' title='bbox 1957 2792 2220 2861; x_wconf 78' lang='grc' dir='ltr'>εγγισμον</span> <span class='ocrx_word' id='word_1_409' title='bbox 2266 2791 2367 2860; x_wconf 84' lang='grc' dir='ltr'>τῆς</span> <span class='ocrx_word' id='word_1_410' title='bbox 2397 2792 2633 2854; x_wconf 78' lang='grc' dir='ltr'>διανοίας</span> <span class='ocrx_word' id='word_1_411' title='bbox 2681 2791 3091 2860; x_wconf 88' lang='grc' dir='ltr'>διαδιδράσκων.</span> <span class='ocrx_word' id='word_1_412' title='bbox 3147 2791 3206 2842; x_wconf 86' lang='grc'><strong>’0</strong></span> <span class='ocrx_word' id='word_1_413' title='bbox 3234 2791 3291 2843; x_wconf 84' lang='grc' dir='ltr'>δὲ</span> <span class='ocrx_word' id='word_1_414' title='bbox 3339 2790 3556 2854; x_wconf 72' lang='grc' dir='ltr'>παντὸς</span> 
     </span>
    </p>
   </div>
   <div class='ocr_carea' id='block_1_58' title="bbox 273 2872 1864 2954">
    <p class='ocr_par' dir='ltr' id='par_1_58' title="bbox 273 2872 1861 2944">
     <span class='ocr_line' id='line_1_58' title="bbox 273 2872 1861 2944; baseline -0.002 -12"><span class='ocrx_word' id='word_1_415' title='bbox 273 2893 398 2932; x_wconf 87' lang='lat' dir='ltr'><strong>eum</strong></span> <span class='ocrx_word' id='word_1_416' title='bbox 438 2891 535 2944; x_wconf 89' lang='lat' dir='ltr'><strong>per</strong></span> <span class='ocrx_word' id='word_1_417' title='bbox 585 2873 754 2928; x_wconf 87' lang='lat' dir='ltr'><strong>animi</strong></span> <span class='ocrx_word' id='word_1_418' title='bbox 803 2872 1094 2927; x_wconf 88' lang='lat' dir='ltr'><strong>facultates</strong></span> <span class='ocrx_word' id='word_1_419' title='bbox 1129 2887 1245 2935; x_wconf 87' lang='lat' dir='ltr'><strong>eas,</strong></span> <span class='ocrx_word' id='word_1_420' title='bbox 1296 2887 1416 2941; x_wconf 71' lang='lat' dir='ltr'><strong>qua:</strong></span> <span class='ocrx_word' id='word_1_421' title='bbox 1460 2873 1770 2929; x_wconf 85' lang='lat' dir='ltr'><strong>inveniendi</strong></span> <span class='ocrx_word' id='word_1_422' title='bbox 1810 2877 1861 2930; x_wconf 92' lang='lat' dir='ltr'><strong>vi</strong></span> 
     </span>
    </p>
   </div>
   <div class='ocr_carea' id='block_1_59' title="bbox 2052 2872 3549 2954">
    <p class='ocr_par' dir='ltr' id='par_1_59' title="bbox 2052 2882 3549 2954">
     <span class='ocr_line' id='line_1_59' title="bbox 2052 2882 3549 2954; baseline -0.002 -17"><span class='ocrx_word' id='word_1_423' title='bbox 2052 2883 2322 2954; x_wconf 80' lang='grc' dir='ltr'>υριστικοῦ</span> <span class='ocrx_word' id='word_1_424' title='bbox 2343 2884 2686 2954; x_wconf 84' lang='grc' dir='ltr'>χαρακτῆρος</span> <span class='ocrx_word' id='word_1_425' title='bbox 2716 2882 2978 2954; x_wconf 83' lang='grc' dir='ltr'>ὲξὼτερος</span> <span class='ocrx_word' id='word_1_426' title='bbox 3004 2882 3092 2935; x_wconf 75' lang='grc' dir='ltr'><strong>ἀεὶ</strong></span> <span class='ocrx_word' id='word_1_427' title='bbox 3129 2883 3549 2952; x_wconf 81' lang='grc' dir='ltr'>εὑρισκόμενος,</span> 
     </span>
    </p>
   </div>
   <div class='ocr_carea' id='block_1_60' title="bbox 274 2964 1855 3037">
    <p class='ocr_par' dir='ltr' id='par_1_60' title="bbox 274 2964 1855 3037">
     <span class='ocr_line' id='line_1_60' title="bbox 274 2964 1855 3037; baseline 0 -17"><span class='ocrx_word' id='word_1_428' title='bbox 274 2969 511 3037; x_wconf 69' lang='lat' dir='ltr'><strong>praeditas</strong></span> <span class='ocrx_word' id='word_1_429' title='bbox 551 2974 701 3026; x_wconf 90' lang='lat' dir='ltr'><strong>sunt,</strong></span> <span class='ocrx_word' id='word_1_430' title='bbox 745 2980 839 3034; x_wconf 89' lang='lat' dir='ltr'><strong>per</strong></span> <span class='ocrx_word' id='word_1_431' title='bbox 871 2964 1322 3018; x_wconf 87' lang='lat' dir='ltr'><strong>ratiocinationes</strong></span> <span class='ocrx_word' id='word_1_432' title='bbox 1368 2972 1421 3018; x_wconf 89' lang='lat' dir='ltr'><strong>et</strong></span> <span class='ocrx_word' id='word_1_433' title='bbox 1455 2965 1855 3034; x_wconf 84' lang='lat' dir='ltr'><strong>cogitationes;</strong></span> 
     </span>
    </p>
   </div>
   <div class='ocr_carea' id='block_1_61' title="bbox 276 3056 1860 3123">
    <p class='ocr_par' dir='ltr' id='par_1_61' title="bbox 276 3056 1860 3123">
     <span class='ocr_line' id='line_1_61' title="bbox 276 3056 1860 3123; baseline 0.001 -12"><span class='ocrx_word' id='word_1_434' title='bbox 276 3070 330 3111; x_wconf 88' lang='lat' dir='ltr'><strong>at</strong></span> <span class='ocrx_word' id='word_1_435' title='bbox 358 3067 511 3110; x_wconf 79' lang='lat' dir='ltr'><strong>extra</strong></span> <span class='ocrx_word' id='word_1_436' title='bbox 553 3058 667 3109; x_wconf 82' lang='lat' dir='ltr'><strong>haec</strong></span> <span class='ocrx_word' id='word_1_437' title='bbox 700 3056 881 3108; x_wconf 90' lang='lat' dir='ltr'><strong>omnia</strong></span> <span class='ocrx_word' id='word_1_438' title='bbox 913 3056 1123 3123; x_wconf 90' lang='lat' dir='ltr'><strong>positus</strong></span> <span class='ocrx_word' id='word_1_439' title='bbox 1149 3061 1288 3115; x_wconf 86' lang='lat' dir='ltr'><strong>erat,</strong></span> <span class='ocrx_word' id='word_1_440' title='bbox 1342 3069 1626 3111; x_wconf 87' lang='lat' dir='ltr'><strong>accessum</strong></span> <span class='ocrx_word' id='word_1_441' title='bbox 1660 3059 1860 3112; x_wconf 91' lang='lat' dir='ltr'><strong>mentis</strong></span> 
     </span>
    </p>
   </div>
   <div class='ocr_carea' id='block_1_62' title="bbox 273 3144 1862 3217">
    <p class='ocr_par' dir='ltr' id='par_1_62' title="bbox 273 3144 1862 3217">
     <span class='ocr_line' id='line_1_62' title="bbox 273 3144 1862 3217; baseline -0.001 -16"><span class='ocrx_word' id='word_1_442' title='bbox 273 3149 584 3217; x_wconf 87' lang='lat' dir='ltr'><strong>pr0piorem</strong></span> <span class='ocrx_word' id='word_1_443' title='bbox 637 3144 924 3214; x_wconf 76' lang='lat' dir='ltr'><strong>effugiens.</strong></span> <span class='ocrx_word' id='word_1_444' title='bbox 979 3144 1083 3207; x_wconf 85' lang='lat' dir='ltr'><strong>Qui</strong></span> <span class='ocrx_word' id='word_1_445' title='bbox 1137 3159 1268 3198; x_wconf 93' lang='lat' dir='ltr'><strong>vero</strong></span> <span class='ocrx_word' id='word_1_446' title='bbox 1317 3159 1537 3214; x_wconf 88' lang='lat' dir='ltr'><strong>semper</strong></span> <span class='ocrx_word' id='word_1_447' title='bbox 1584 3147 1862 3215; x_wconf 71' lang='lat' dir='ltr'><strong>reperitur</strong></span> 
     </span>
    </p>
   </div>
   <div class='ocr_carea' id='block_1_63' title="bbox 273 3234 1860 3306">
    <p class='ocr_par' dir='ltr' id='par_1_63' title="bbox 273 3234 1860 3306">
     <span class='ocr_line' id='line_1_63' title="bbox 273 3234 1860 3306; baseline 0.002 -14"><span class='ocrx_word' id='word_1_448' title='bbox 273 3239 422 3294; x_wconf 90' lang='lat' dir='ltr'><strong>omni</strong></span> <span class='ocrx_word' id='word_1_449' title='bbox 456 3249 581 3291; x_wconf 90' lang='lat' dir='ltr'><strong>nota</strong></span> <span class='ocrx_word' id='word_1_450' title='bbox 615 3250 823 3296; x_wconf 89' lang='lat' dir='ltr'><strong>carere,</strong></span> <span class='ocrx_word' id='word_1_451' title='bbox 854 3234 920 3288; x_wconf 88' lang='lat' dir='ltr'><strong>de</strong></span> <span class='ocrx_word' id='word_1_452' title='bbox 950 3249 1056 3302; x_wconf 90' lang='lat' dir='ltr'><strong>qua</strong></span> <span class='ocrx_word' id='word_1_453' title='bbox 1085 3235 1260 3303; x_wconf 89' lang='lat' dir='ltr'><strong>possit</strong></span> <span class='ocrx_word' id='word_1_454' title='bbox 1289 3237 1536 3305; x_wconf 89' lang='lat' dir='ltr'><strong>agnosci,</strong></span> <span class='ocrx_word' id='word_1_455' title='bbox 1566 3253 1674 3306; x_wconf 90' lang='lat' dir='ltr'><strong>quo</strong></span> <span class='ocrx_word' id='word_1_456' title='bbox 1699 3247 1860 3306; x_wconf 88' lang='lat' dir='ltr'><strong>pacto</strong></span> 
     </span>
    </p>
   </div>
   <div class='ocr_carea' id='block_1_64' title="bbox 274 3325 1860 3399">
    <p class='ocr_par' dir='ltr' id='par_1_64' title="bbox 274 3325 1860 3399">
     <span class='ocr_line' id='line_1_64' title="bbox 274 3325 1860 3399; baseline 0.001 -17"><span class='ocrx_word' id='word_1_457' title='bbox 274 3338 438 3398; x_wconf 84' lang='lat' dir='ltr'><strong>queat</strong></span> <span class='ocrx_word' id='word_1_458' title='bbox 466 3331 511 3382; x_wconf 91' lang='lat' dir='ltr'><strong>is</strong></span> <span class='ocrx_word' id='word_1_459' title='bbox 547 3343 641 3396; x_wconf 90' lang='lat' dir='ltr'><strong>per</strong></span> <span class='ocrx_word' id='word_1_460' title='bbox 678 3326 1067 3380; x_wconf 89' lang='lat' dir='ltr'><strong>indicationem</strong></span> <span class='ocrx_word' id='word_1_461' title='bbox 1098 3325 1340 3394; x_wconf 87' lang='lat' dir='ltr'><strong>aliquam</strong></span> <span class='ocrx_word' id='word_1_462' title='bbox 1369 3341 1563 3381; x_wconf 90' lang='lat' dir='ltr'><strong>vocum</strong></span> <span class='ocrx_word' id='word_1_463' title='bbox 1608 3331 1860 3399; x_wconf 87' lang='lat' dir='ltr'><strong>percipi?</strong></span> 
     </span>
    </p>
   </div>
   <div class='ocr_carea' id='block_1_65' title="bbox 275 3417 1856 3486">
    <p class='ocr_par' dir='ltr' id='par_1_65' title="bbox 275 3417 1856 3486">
     <span class='ocr_line' id='line_1_65' title="bbox 275 3417 1856 3486; baseline 0.002 -15"><span class='ocrx_word' id='word_1_464' title='bbox 275 3419 429 3473; x_wconf 81' lang='lat' dir='ltr'><strong>lianc</strong></span> <span class='ocrx_word' id='word_1_465' title='bbox 451 3418 522 3470; x_wconf 90' lang='lat' dir='ltr'><strong>ob</strong></span> <span class='ocrx_word' id='word_1_466' title='bbox 543 3432 766 3472; x_wconf 91' lang='lat' dir='ltr'><strong>causam</strong></span> <span class='ocrx_word' id='word_1_467' title='bbox 785 3417 1056 3486; x_wconf 80' lang='lat' dir='ltr'><strong>excogitat</strong></span> <span class='ocrx_word' id='word_1_468' title='bbox 1083 3417 1303 3486; x_wconf 86' lang='lat' dir='ltr'><strong>quidem</strong></span> <span class='ocrx_word' id='word_1_469' title='bbox 1327 3417 1436 3472; x_wconf 91' lang='lat' dir='ltr'><strong>vim</strong></span> <span class='ocrx_word' id='word_1_470' title='bbox 1467 3419 1856 3474; x_wconf 86' lang='lat' dir='ltr'><strong>vocabulorum</strong></span> 
     </span>
    </p>
   </div>
   <div class='ocr_carea' id='block_1_66' title="bbox 273 3507 1859 3579">
    <p class='ocr_par' dir='ltr' id='par_1_66' title="bbox 273 3507 1859 3579">
     <span class='ocr_line' id='line_1_66' title="bbox 273 3507 1859 3579; baseline 0.002 -16"><span class='ocrx_word' id='word_1_471' title='bbox 273 3510 453 3564; x_wconf 90' lang='lat' dir='ltr'><strong>omnis</strong></span> <span class='ocrx_word' id='word_1_472' title='bbox 483 3511 717 3579; x_wconf 86' lang='lat' dir='ltr'><strong>generis,</strong></span> <span class='ocrx_word' id='word_1_473' title='bbox 771 3507 838 3561; x_wconf 91' lang='lat' dir='ltr'><strong>ad</strong></span> <span class='ocrx_word' id='word_1_474' title='bbox 873 3508 1293 3578; x_wconf 78' lang='lat' dir='ltr'><strong>explicationem</strong></span> <span class='ocrx_word' id='word_1_475' title='bbox 1328 3508 1456 3564; x_wconf 90' lang='lat' dir='ltr'><strong>boni</strong></span> <span class='ocrx_word' id='word_1_476' title='bbox 1496 3509 1619 3578; x_wconf 89' lang='lat' dir='ltr'><strong>ejus</strong></span> <span class='ocrx_word' id='word_1_477' title='bbox 1667 3510 1859 3566; x_wconf 78' lang='lat' dir='ltr'><strong>ineffa-</strong></span> 
     </span>
    </p>
   </div>
   <div class='ocr_carea' id='block_1_67' title="bbox 273 3598 1860 3670">
    <p class='ocr_par' dir='ltr' id='par_1_67' title="bbox 273 3598 1860 3670">
     <span class='ocr_line' id='line_1_67' title="bbox 273 3598 1860 3670; baseline -0.001 -14"><span class='ocrx_word' id='word_1_478' title='bbox 273 3601 424 3664; x_wconf 89' lang='lat' dir='ltr'><strong>bilis,</strong></span> <span class='ocrx_word' id='word_1_479' title='bbox 461 3600 555 3656; x_wconf 91' lang='lat' dir='ltr'><strong>sed</strong></span> <span class='ocrx_word' id='word_1_480' title='bbox 585 3599 730 3654; x_wconf 92' lang='lat' dir='ltr'><strong>enim</strong></span> <span class='ocrx_word' id='word_1_481' title='bbox 771 3599 950 3654; x_wconf 89' lang='lat' dir='ltr'><strong>omnis</strong></span> <span class='ocrx_word' id='word_1_482' title='bbox 978 3598 1060 3654; x_wconf 86' lang='lat' dir='ltr'><strong>vis</strong></span> <span class='ocrx_word' id='word_1_483' title='bbox 1090 3599 1380 3665; x_wconf 87' lang='lat' dir='ltr'><strong>orationis,</strong></span> <span class='ocrx_word' id='word_1_484' title='bbox 1409 3615 1514 3670; x_wconf 89' lang='lat' dir='ltr'><strong>qua</strong></span> <span class='ocrx_word' id='word_1_485' title='bbox 1542 3601 1672 3670; x_wconf 91' lang='lat' dir='ltr'><strong>quid</strong></span> <span class='ocrx_word' id='word_1_486' title='bbox 1706 3600 1860 3656; x_wconf 80' lang='lat' dir='ltr'><strong>effer-</strong></span> 
     </span>
    </p>
   </div>
   <div class='ocr_carea' id='block_1_68' title="bbox 274 3691 1863 3762">
    <p class='ocr_par' dir='ltr' id='par_1_68' title="bbox 274 3691 1863 3762">
     <span class='ocr_line' id='line_1_68' title="bbox 274 3691 1863 3762; baseline -0.001 -16"><span class='ocrx_word' id='word_1_487' title='bbox 274 3701 386 3753; x_wconf 90' lang='lat' dir='ltr'><strong>tur,</strong></span> <span class='ocrx_word' id='word_1_488' title='bbox 421 3691 647 3747; x_wconf 89' lang='lat' dir='ltr'><strong>inferior</strong></span> <span class='ocrx_word' id='word_1_489' title='bbox 677 3699 781 3759; x_wconf 89' lang='lat' dir='ltr'><strong>est,</strong></span> <span class='ocrx_word' id='word_1_490' title='bbox 815 3700 870 3746; x_wconf 87' lang='lat' dir='ltr'><strong>et</strong></span> <span class='ocrx_word' id='word_1_491' title='bbox 902 3691 1126 3745; x_wconf 90' lang='lat' dir='ltr'><strong>minime</strong></span> <span class='ocrx_word' id='word_1_492' title='bbox 1154 3693 1447 3746; x_wconf 88' lang='lat' dir='ltr'><strong>veritatem</strong></span> <span class='ocrx_word' id='word_1_493' title='bbox 1481 3707 1700 3762; x_wconf 69' lang='lat' dir='ltr'><strong>aequare</strong></span> <span class='ocrx_word' id='word_1_494' title='bbox 1731 3707 1863 3747; x_wconf 89' lang='lat' dir='ltr'><strong>con-</strong></span> 
     </span>
    </p>
   </div>
   <div class='ocr_carea' id='block_1_69' title="bbox 273 3779 1855 3854">
    <p class='ocr_par' dir='ltr' id='par_1_69' title="bbox 273 3779 1855 3854">
     <span class='ocr_line' id='line_1_69' title="bbox 273 3779 1855 3854; baseline 0.001 -18"><span class='ocrx_word' id='word_1_495' title='bbox 273 3783 526 3836; x_wconf 86' lang='lat' dir='ltr'><strong>vincitur.</strong></span> <span class='ocrx_word' id='word_1_496' title='bbox 590 3779 799 3836; x_wconf 88' lang='lat' dir='ltr'><strong>Idcirco</strong></span> <span class='ocrx_word' id='word_1_497' title='bbox 855 3782 958 3835; x_wconf 91' lang='lat' dir='ltr'><strong>ait:</strong></span> <span class='ocrx_word' id='word_1_498' title='bbox 1016 3780 1219 3836; x_wconf 80' lang='lat' dir='ltr'><strong>Vocavi</strong></span> <span class='ocrx_word' id='word_1_499' title='bbox 1283 3782 1502 3851; x_wconf 90' lang='lat' dir='ltr'><strong>quidem</strong></span> <span class='ocrx_word' id='word_1_500' title='bbox 1554 3784 1855 3854; x_wconf 84' lang='lat' dir='ltr'><strong>(quantum</strong></span> 
     </span>
    </p>
   </div>
   <div class='ocr_carea' id='block_1_70' title="bbox 275 3873 1857 3944">
    <p class='ocr_par' dir='ltr' id='par_1_70' title="bbox 275 3873 1857 3944">
     <span class='ocr_line' id='line_1_70' title="bbox 275 3873 1857 3944; baseline 0.002 -19"><span class='ocrx_word' id='word_1_501' title='bbox 275 3873 455 3944; x_wconf 88' lang='lat' dir='ltr'><strong>potui)</strong></span> <span class='ocrx_word' id='word_1_502' title='bbox 483 3873 845 3942; x_wconf 80' lang='lat' dir='ltr'><strong>excogitando</strong></span> <span class='ocrx_word' id='word_1_503' title='bbox 877 3887 1040 3928; x_wconf 90' lang='lat' dir='ltr'><strong>voces</strong></span> <span class='ocrx_word' id='word_1_504' title='bbox 1070 3874 1273 3942; x_wconf 85' lang='lat' dir='ltr'><strong>quibus</strong></span> <span class='ocrx_word' id='word_1_505' title='bbox 1298 3873 1590 3929; x_wconf 71' lang='lat' dir='ltr'><strong>ineffabilis</strong></span> <span class='ocrx_word' id='word_1_506' title='bbox 1613 3875 1704 3928; x_wconf 90' lang='lat' dir='ltr'><strong>illa</strong></span> <span class='ocrx_word' id='word_1_507' title='bbox 1727 3874 1857 3928; x_wconf 89' lang='lat' dir='ltr'><strong>bea-</strong></span> 
     </span>
    </p>
   </div>
   <div class='ocr_carea' id='block_1_71' title="bbox 274 3964 1854 4034">
    <p class='ocr_par' dir='ltr' id='par_1_71' title="bbox 274 3964 1854 4034">
     <span class='ocr_line' id='line_1_71' title="bbox 274 3964 1854 4034; baseline 0 -16"><span class='ocrx_word' id='word_1_508' title='bbox 274 3964 448 4018; x_wconf 91' lang='lat' dir='ltr'><strong>titudo</strong></span> <span class='ocrx_word' id='word_1_509' title='bbox 491 3971 1050 4028; x_wconf 90' lang='lat' dir='ltr'><strong>commonstraretur;</strong></span> <span class='ocrx_word' id='word_1_510' title='bbox 1097 3971 1152 4015; x_wconf 89' lang='lat' dir='ltr'><strong>at</strong></span> <span class='ocrx_word' id='word_1_511' title='bbox 1179 3964 1270 4018; x_wconf 89' lang='lat' dir='ltr'><strong>ille</strong></span> <span class='ocrx_word' id='word_1_512' title='bbox 1298 3964 1480 4033; x_wconf 86' lang='lat' dir='ltr'><strong>major</strong></span> <span class='ocrx_word' id='word_1_513' title='bbox 1522 3975 1660 4030; x_wconf 87' lang='lat' dir='ltr'><strong>erat,</strong></span> <span class='ocrx_word' id='word_1_514' title='bbox 1692 3979 1854 4034; x_wconf 91' lang='lat' dir='ltr'><strong>quam</strong></span> 
     </span>
    </p>
   </div>
   <div class='ocr_carea' id='block_1_72' title="bbox 273 4051 1856 4127">
    <p class='ocr_par' dir='ltr' id='par_1_72' title="bbox 273 4051 1856 4127">
     <span class='ocr_line' id='line_1_72' title="bbox 273 4051 1856 4127; baseline -0.001 -17"><span class='ocrx_word' id='word_1_515' title='bbox 273 4058 370 4127; x_wconf 84' lang='lat' dir='ltr'><strong>qui</strong></span> <span class='ocrx_word' id='word_1_516' title='bbox 416 4073 513 4126; x_wconf 90' lang='lat' dir='ltr'><strong>per</strong></span> <span class='ocrx_word' id='word_1_517' title='bbox 545 4057 644 4110; x_wconf 89' lang='lat' dir='ltr'><strong>has</strong></span> <span class='ocrx_word' id='word_1_518' title='bbox 677 4053 1105 4123; x_wconf 88' lang='lat' dir='ltr'><strong>significationes</strong></span> <span class='ocrx_word' id='word_1_519' title='bbox 1158 4051 1388 4107; x_wconf 88' lang='lat' dir='ltr'><strong>indicari</strong></span> <span class='ocrx_word' id='word_1_520' title='bbox 1439 4061 1646 4122; x_wconf 90' lang='lat' dir='ltr'><strong>posset.</strong></span> <span class='ocrx_word' id='word_1_521' title='bbox 1702 4053 1856 4110; x_wconf 86' lang='lat' dir='ltr'><strong>Facit</strong></span> 
     </span>
    </p>
   </div>
   <div class='ocr_carea' id='block_1_73' title="bbox 273 4141 1852 4216">
    <p class='ocr_par' dir='ltr' id='par_1_73' title="bbox 273 4141 1852 4216">
     <span class='ocr_line' id='line_1_73' title="bbox 273 4141 1852 4216; baseline -0.001 -14"><span class='ocrx_word' id='word_1_522' title='bbox 273 4150 379 4202; x_wconf 89' lang='lat' dir='ltr'><strong>hoc</strong></span> <span class='ocrx_word' id='word_1_523' title='bbox 411 4160 781 4216; x_wconf 66' lang='lat' dir='ltr'><strong>saepenumero</strong></span> <span class='ocrx_word' id='word_1_524' title='bbox 815 4144 980 4197; x_wconf 88' lang='lat' dir='ltr'><strong>etiam</strong></span> <span class='ocrx_word' id='word_1_525' title='bbox 1008 4157 1238 4212; x_wconf 90' lang='lat' dir='ltr'><strong>magnus</strong></span> <span class='ocrx_word' id='word_1_526' title='bbox 1267 4143 1358 4199; x_wconf 92' lang='lat' dir='ltr'><strong>ille</strong></span> <span class='ocrx_word' id='word_1_527' title='bbox 1389 4141 1582 4207; x_wconf 90' lang='lat' dir='ltr'><strong>David,</strong></span> <span class='ocrx_word' id='word_1_528' title='bbox 1617 4144 1852 4201; x_wconf 88' lang='lat' dir='ltr'><strong>infinitis</strong></span> 
     </span>
    </p>
   </div>
   <div class='ocr_carea' id='block_1_74' title="bbox 1961 2973 3546 3044">
    <p class='ocr_par' dir='ltr' id='par_1_74' title="bbox 1961 2973 3546 3044">
     <span class='ocr_line' id='line_1_74' title="bbox 1961 2973 3546 3044; baseline 0 -18"><span class='ocrx_word' id='word_1_529' title='bbox 1961 2974 2076 3037; x_wconf 80' lang='grc' dir='ltr'><strong>πῶς</strong></span> <span class='ocrx_word' id='word_1_530' title='bbox 2095 2974 2161 3028; x_wconf 85' lang='grc' dir='ltr'>ἂν</span> <span class='ocrx_word' id='word_1_531' title='bbox 2181 2975 2268 3028; x_wconf 86' lang='grc' dir='ltr'><strong>διά</strong></span> <span class='ocrx_word' id='word_1_532' title='bbox 2289 2991 2433 3038; x_wconf 89' lang='grc' dir='ltr'>τινος</span> <span class='ocrx_word' id='word_1_533' title='bbox 2457 2974 2821 3044; x_wconf 78' lang='grc' dir='ltr'>ὀνομαστικῆς</span> <span class='ocrx_word' id='word_1_534' title='bbox 2845 2974 3121 3043; x_wconf 87' lang='grc' dir='ltr'>σημασίας</span> <span class='ocrx_word' id='word_1_535' title='bbox 3147 2973 3546 3044; x_wconf 73' lang='grc' dir='ltr'>περιληφθείης</span> 
     </span>
    </p>
   </div>
   <div class='ocr_carea' id='block_1_75' title="bbox 1959 3062 3554 3134">
    <p class='ocr_par' dir='ltr' id='par_1_75' title="bbox 1959 3062 3554 3134">
     <span class='ocr_line' id='line_1_75' title="bbox 1959 3062 3554 3134; baseline 0.001 -19"><span class='ocrx_word' id='word_1_536' title='bbox 1959 3063 2161 3116; x_wconf 82' lang='grc' dir='ltr'>Τούτου</span> <span class='ocrx_word' id='word_1_537' title='bbox 2189 3065 2346 3134; x_wconf 85' lang='grc' dir='ltr'>χάριν</span> <span class='ocrx_word' id='word_1_538' title='bbox 2375 3064 2578 3118; x_wconf 77' lang='grc' dir='ltr'>ἐπινοεῖ</span> <span class='ocrx_word' id='word_1_539' title='bbox 2603 3064 2699 3134; x_wconf 82' lang='grc' dir='ltr'>μὲν</span> <span class='ocrx_word' id='word_1_540' title='bbox 2724 3062 2984 3116; x_wconf 81' lang='grc' dir='ltr'>πάντοίαν</span> <span class='ocrx_word' id='word_1_541' title='bbox 3013 3063 3289 3133; x_wconf 82' lang='grc' dir='ltr'>ὀνομάτων</span> <span class='ocrx_word' id='word_1_542' title='bbox 3313 3062 3554 3132; x_wconf 78' lang='grc' dir='ltr'>δύναμιν</span> 
     </span>
    </p>
   </div>
   <div class='ocr_carea' id='block_1_76' title="bbox 1957 3153 3549 3226">
    <p class='ocr_par' dir='ltr' id='par_1_76' title="bbox 1957 3153 3549 3226">
     <span class='ocr_line' id='line_1_76' title="bbox 1957 3153 3549 3226; baseline -0.001 -18"><span class='ocrx_word' id='word_1_543' title='bbox 1957 3156 2039 3218; x_wconf 81' lang='grc' dir='ltr'>εἰς</span> <span class='ocrx_word' id='word_1_544' title='bbox 2065 3155 2160 3226; x_wconf 82' lang='grc' dir='ltr'>τὴν</span> <span class='ocrx_word' id='word_1_545' title='bbox 2197 3156 2289 3208; x_wconf 79' lang='grc' dir='ltr'><strong>τοῦ</strong></span> <span class='ocrx_word' id='word_1_546' title='bbox 2321 3155 2600 3226; x_wconf 88' lang='grc' dir='ltr'>άφράστου</span> <span class='ocrx_word' id='word_1_547' title='bbox 2635 3153 2842 3223; x_wconf 79' lang='grc' dir='ltr'>ἀγαθοῦ</span> <span class='ocrx_word' id='word_1_548' title='bbox 2894 3155 3190 3224; x_wconf 83' lang='grc' dir='ltr'>σημασὶαν,</span> <span class='ocrx_word' id='word_1_549' title='bbox 3226 3155 3457 3224; x_wconf 78' lang='grc' dir='ltr'>ἡττᾶται</span> <span class='ocrx_word' id='word_1_550' title='bbox 3483 3153 3549 3207; x_wconf 80' lang='grc' dir='ltr'>δὲ</span> 
     </span>
    </p>
   </div>
   <div class='ocr_carea' id='block_1_77' title="bbox 1960 3245 3549 3318">
    <p class='ocr_par' dir='ltr' id='par_1_77' title="bbox 1960 3245 3549 3318">
     <span class='ocr_line' id='line_1_77' title="bbox 1960 3245 3549 3318; baseline -0.001 -18"><span class='ocrx_word' id='word_1_551' title='bbox 1960 3248 2112 3300; x_wconf 85' lang='grc' dir='ltr'>πᾶσα</span> <span class='ocrx_word' id='word_1_552' title='bbox 2139 3247 2410 3318; x_wconf 80' lang='grc' dir='ltr'>φραστικὴ</span> <span class='ocrx_word' id='word_1_553' title='bbox 2425 3247 2584 3314; x_wconf 90' lang='grc' dir='ltr'>λόγου</span> <span class='ocrx_word' id='word_1_554' title='bbox 2606 3246 2854 3316; x_wconf 89' lang='grc' dir='ltr'>δύναμις,</span> <span class='ocrx_word' id='word_1_555' title='bbox 2873 3246 2966 3298; x_wconf 83' lang='grc' dir='ltr'>καὶ</span> <span class='ocrx_word' id='word_1_556' title='bbox 2993 3247 3094 3316; x_wconf 81' lang='grc' dir='ltr'>τῆς</span> <span class='ocrx_word' id='word_1_557' title='bbox 3118 3245 3376 3314; x_wconf 80' lang='grc' dir='ltr'>ἀληθείας</span> <span class='ocrx_word' id='word_1_558' title='bbox 3392 3245 3549 3300; x_wconf 81' lang='grc' dir='ltr'>ἐλάτ-</span> 
     </span>
    </p>
   </div>
   <div class='ocr_carea' id='block_1_78' title="bbox 1958 3333 3547 3407">
    <p class='ocr_par' dir='ltr' id='par_1_78' title="bbox 1958 3333 3547 3407">
     <span class='ocr_line' id='line_1_78' title="bbox 1958 3333 3547 3407; baseline -0.003 -17"><span class='ocrx_word' id='word_1_559' title='bbox 1958 3355 2064 3390; x_wconf 80' lang='grc' dir='ltr'><strong>των</strong></span> <span class='ocrx_word' id='word_1_560' title='bbox 2119 3337 2418 3407; x_wconf 84' lang='grc' dir='ltr'>ἐλέγχεται.</span> <span class='ocrx_word' id='word_1_561' title='bbox 2473 3339 2566 3394; x_wconf 87' lang='grc' dir='ltr'>Διό</span> <span class='ocrx_word' id='word_1_562' title='bbox 2619 3352 2782 3405; x_wconf 83' lang='grc' dir='ltr'>φησιν</span> <span class='ocrx_word' id='word_1_563' title='bbox 2819 3350 2833 3363; x_wconf 88' lang='grc'><strong>·</strong></span> <span class='ocrx_word' id='word_1_564' title='bbox 2881 3334 3024 3402; x_wconf 85' lang='grc' dir='ltr'><strong>Ἐγὼ</strong></span> <span class='ocrx_word' id='word_1_565' title='bbox 3075 3335 3174 3405; x_wconf 78' lang='grc' dir='ltr'>μὲν</span> <span class='ocrx_word' id='word_1_566' title='bbox 3208 3334 3434 3387; x_wconf 80' lang='grc' dir='ltr'>ἐκάλουν</span> <span class='ocrx_word' id='word_1_567' title='bbox 3464 3333 3547 3397; x_wconf 80' lang='grc' dir='ltr'>ὡς</span> 
     </span>
    </p>
   </div>
   <div class='ocr_carea' id='block_1_79' title="bbox 1957 3425 3547 3497">
    <p class='ocr_par' dir='ltr' id='par_1_79' title="bbox 1957 3425 3547 3497">
     <span class='ocr_line' id='line_1_79' title="bbox 1957 3425 3547 3497; baseline -0.001 -19"><span class='ocrx_word' id='word_1_568' title='bbox 1957 3427 2249 3497; x_wconf 74' lang='grc' dir='ltr'>ἐδυνάμην,</span> <span class='ocrx_word' id='word_1_569' title='bbox 2281 3426 2568 3480; x_wconf 83' lang='grc' dir='ltr'>ἐπινοοῦσα</span> <span class='ocrx_word' id='word_1_570' title='bbox 2617 3425 2800 3493; x_wconf 79' lang='grc' dir='ltr'>φωνάς</span> <span class='ocrx_word' id='word_1_571' title='bbox 2845 3425 3181 3488; x_wconf 80' lang='grc' dir='ltr'>ὲνδεικτικάς</span> <span class='ocrx_word' id='word_1_572' title='bbox 3220 3426 3318 3495; x_wconf 81' lang='grc' dir='ltr'>τῆς</span> <span class='ocrx_word' id='word_1_573' title='bbox 3360 3425 3547 3496; x_wconf 80' lang='grc' dir='ltr'>ἀφρά-</span> 
     </span>
    </p>
   </div>
   <div class='ocr_carea' id='block_1_80' title="bbox 1958 3511 3549 3586">
    <p class='ocr_par' dir='ltr' id='par_1_80' title="bbox 1958 3511 3549 3586">
     <span class='ocr_line' id='line_1_80' title="bbox 1958 3511 3549 3586; baseline -0.001 -20"><span class='ocrx_word' id='word_1_574' title='bbox 1958 3531 2082 3566; x_wconf 87' lang='grc' dir='ltr'>στου</span> <span class='ocrx_word' id='word_1_575' title='bbox 2145 3515 2545 3585; x_wconf 87' lang='grc' dir='ltr'>μακαριότητος</span> <span class='ocrx_word' id='word_1_576' title='bbox 2570 3529 2582 3541; x_wconf 82' lang='lat'><strong><em>°</em></strong></span> <span class='ocrx_word' id='word_1_577' title='bbox 2610 3515 2638 3566; x_wconf 91' lang='grc' dir='ltr'><strong>ὁ</strong></span> <span class='ocrx_word' id='word_1_578' title='bbox 2665 3513 2720 3566; x_wconf 81' lang='grc' dir='ltr'>δὲ</span> <span class='ocrx_word' id='word_1_579' title='bbox 2770 3514 3035 3584; x_wconf 85' lang='grc' dir='ltr'>κρείττων</span> <span class='ocrx_word' id='word_1_580' title='bbox 3066 3511 3133 3584; x_wconf 76' lang='grc' dir='ltr'>ἦν</span> <span class='ocrx_word' id='word_1_581' title='bbox 3164 3515 3261 3584; x_wconf 82' lang='grc' dir='ltr'>τῆς</span> <span class='ocrx_word' id='word_1_582' title='bbox 3289 3514 3396 3566; x_wconf 84' lang='grc' dir='ltr'>τῶν</span> <span class='ocrx_word' id='word_1_583' title='bbox 3424 3531 3549 3586; x_wconf 73' lang='grc' dir='ltr'>σηε-</span> 
     </span>
    </p>
   </div>
   <div class='ocr_carea' id='block_1_81' title="bbox 1959 3597 3546 3678">
    <p class='ocr_par' dir='ltr' id='par_1_81' title="bbox 1959 3597 3546 3678">
     <span class='ocr_line' id='line_1_81' title="bbox 1959 3597 3546 3678; baseline 0 -20"><span class='ocrx_word' id='word_1_584' title='bbox 1959 3605 2300 3678; x_wconf 82' lang='grc' dir='ltr'>μαινομένων</span> <span class='ocrx_word' id='word_1_585' title='bbox 2353 3604 2630 3670; x_wconf 76' lang='grc' dir='ltr'>ἐνδείξεως</span> <span class='ocrx_word' id='word_1_586' title='bbox 2666 3643 2678 3658; x_wconf 91' lang='grc'><strong><em>.</em></strong></span> <span class='ocrx_word' id='word_1_587' title='bbox 2719 3597 2843 3657; x_wconf 73' lang='grc' dir='ltr'>Οἷον</span> <span class='ocrx_word' id='word_1_588' title='bbox 2893 3604 2960 3675; x_wconf 85' lang='grc' dir='ltr'>δὴ</span> <span class='ocrx_word' id='word_1_589' title='bbox 3005 3607 3150 3658; x_wconf 86' lang='grc' dir='ltr'>ποιεῖ</span> <span class='ocrx_word' id='word_1_590' title='bbox 3182 3606 3274 3657; x_wconf 69' lang='grc' dir='ltr'>καὶ</span> <span class='ocrx_word' id='word_1_591' title='bbox 3301 3608 3330 3658; x_wconf 87' lang='grc' dir='ltr'><strong>ό</strong></span> <span class='ocrx_word' id='word_1_592' title='bbox 3363 3605 3546 3675; x_wconf 77' lang='grc' dir='ltr'>μέγας</span> 
     </span>
    </p>
   </div>
   <div class='ocr_carea' id='block_1_82' title="bbox 1955 3695 3544 3765">
    <p class='ocr_par' dir='ltr' id='par_1_82' title="bbox 1955 3695 3544 3765">
     <span class='ocr_line' id='line_1_82' title="bbox 1955 3695 3544 3765; baseline 0.001 -17"><span class='ocrx_word' id='word_1_593' title='bbox 1955 3697 2140 3762; x_wconf 72' lang='grc' dir='ltr'>Δαϐὶδ,</span> <span class='ocrx_word' id='word_1_594' title='bbox 2171 3696 2430 3758; x_wconf 85' lang='grc' dir='ltr'>πολλάκις</span> <span class='ocrx_word' id='word_1_595' title='bbox 2461 3695 2677 3765; x_wconf 89' lang='grc' dir='ltr'>μυρίοις</span> <span class='ocrx_word' id='word_1_596' title='bbox 2701 3695 2922 3765; x_wconf 81' lang='grc' dir='ltr'>ὀνόμασι</span> <span class='ocrx_word' id='word_1_597' title='bbox 2955 3696 3016 3749; x_wconf 83' lang='grc' dir='ltr'>τὸ</span> <span class='ocrx_word' id='word_1_598' title='bbox 3038 3699 3190 3752; x_wconf 87' lang='grc' dir='ltr'>Θεῖον</span> <span class='ocrx_word' id='word_1_599' title='bbox 3213 3695 3412 3754; x_wconf 84' lang='grc' dir='ltr'>καλῶν,</span> <span class='ocrx_word' id='word_1_600' title='bbox 3440 3697 3544 3750; x_wconf 80' lang='grc' dir='ltr'>καὶ</span> 
     </span>
    </p>
   </div>
   <div class='ocr_carea' id='block_1_83' title="bbox 1957 3786 3544 3858">
    <p class='ocr_par' dir='ltr' id='par_1_83' title="bbox 1957 3786 3544 3858">
     <span class='ocr_line' id='line_1_83' title="bbox 1957 3786 3544 3858; baseline 0.001 -18"><span class='ocrx_word' id='word_1_601' title='bbox 1957 3787 2224 3858; x_wconf 82' lang='grc' dir='ltr'>ἡττᾶσθαι</span> <span class='ocrx_word' id='word_1_602' title='bbox 2250 3787 2350 3857; x_wconf 82' lang='grc' dir='ltr'>τῆς</span> <span class='ocrx_word' id='word_1_603' title='bbox 2399 3786 2658 3857; x_wconf 85' lang='grc' dir='ltr'>ἀληθείας</span> <span class='ocrx_word' id='word_1_604' title='bbox 2689 3787 2986 3856; x_wconf 84' lang='grc' dir='ltr'>ὁμολογῶν.</span> <span class='ocrx_word' id='word_1_605' title='bbox 3017 3787 3088 3838; x_wconf 77' lang='grc' dir='ltr'><strong>Σὺ</strong></span> <span class='ocrx_word' id='word_1_606' title='bbox 3126 3787 3251 3855; x_wconf 85' lang='grc' dir='ltr'>γάρ,</span> <span class='ocrx_word' id='word_1_607' title='bbox 3284 3787 3473 3857; x_wconf 65' lang='grc' dir='ltr'>φησιν,</span> <span class='ocrx_word' id='word_1_608' title='bbox 3511 3788 3544 3842; x_wconf 86' lang='grc' dir='ltr'><strong>ὸ</strong></span> 
     </span>
    </p>
   </div>
   <div class='ocr_carea' id='block_1_84' title="bbox 1955 3877 3542 3959">
    <p class='ocr_par' dir='ltr' id='par_1_84' title="bbox 1955 3877 3542 3959">
     <span class='ocr_line' id='line_1_84' title="bbox 1955 3877 3542 3959; baseline 0 -28"><span class='ocrx_word' id='word_1_609' title='bbox 1955 3879 2105 3943; x_wconf 83' lang='grc' dir='ltr'>Θεὸς,</span> <span class='ocrx_word' id='word_1_610' title='bbox 2163 3878 2521 3959; x_wconf 82' lang='grc' dir='ltr'>οἰκτείρμων,</span> <span class='ocrx_word' id='word_1_611' title='bbox 2553 3878 2648 3931; x_wconf 67' lang='grc' dir='ltr'>καὶ</span> <span class='ocrx_word' id='word_1_612' title='bbox 2705 3878 2972 3948; x_wconf 77' lang='grc' dir='ltr'>ἐλεήμων,</span> <span class='ocrx_word' id='word_1_613' title='bbox 3025 3877 3403 3948; x_wconf 87' lang='grc' dir='ltr'>μακρόθυμος,</span> <span class='ocrx_word' id='word_1_614' title='bbox 3441 3880 3542 3932; x_wconf 74' lang='grc' dir='ltr'>καὶ</span> 
     </span>
    </p>
   </div>
   <div class='ocr_carea' id='block_1_85' title="bbox 1955 3970 3538 4041">
    <p class='ocr_par' dir='ltr' id='par_1_85' title="bbox 1955 3970 3538 4041">
     <span class='ocr_line' id='line_1_85' title="bbox 1955 3970 3538 4041; baseline 0.002 -20"><span class='ocrx_word' id='word_1_615' title='bbox 1955 3971 2259 4034; x_wconf 81' lang='grc' dir='ltr'>πολυέλεος,</span> <span class='ocrx_word' id='word_1_616' title='bbox 2293 3970 2384 4023; x_wconf 72' lang='grc' dir='ltr'>καὶ</span> <span class='ocrx_word' id='word_1_617' title='bbox 2425 3970 2697 4039; x_wconf 82' lang='grc' dir='ltr'>ἀληθινὸς,</span> <span class='ocrx_word' id='word_1_618' title='bbox 2744 3971 2837 4023; x_wconf 74' lang='grc' dir='ltr'>καὶ</span> <span class='ocrx_word' id='word_1_619' title='bbox 2886 3971 3058 4040; x_wconf 77' lang='grc' dir='ltr'>ἰσχὺς,</span> <span class='ocrx_word' id='word_1_620' title='bbox 3093 3971 3185 4023; x_wconf 76' lang='grc' dir='ltr'>καὶ</span> <span class='ocrx_word' id='word_1_621' title='bbox 3222 3971 3538 4041; x_wconf 83' lang='grc' dir='ltr'>στερέωμα,</span> 
     </span>
    </p>
   </div>
   <div class='ocr_carea' id='block_1_86' title="bbox 1954 4060 3537 4133">
    <p class='ocr_par' dir='ltr' id='par_1_86' title="bbox 1954 4060 3537 4133">
     <span class='ocr_line' id='line_1_86' title="bbox 1954 4060 3537 4133; baseline -0.001 -18"><span class='ocrx_word' id='word_1_622' title='bbox 1954 4061 2268 4133; x_wconf 84' lang='grc' dir='ltr'>καταφυγὴ,</span> <span class='ocrx_word' id='word_1_623' title='bbox 2299 4061 2392 4114; x_wconf 72' lang='grc' dir='ltr'>καὶ</span> <span class='ocrx_word' id='word_1_624' title='bbox 2420 4060 2670 4132; x_wconf 79' lang='grc' dir='ltr'>δύναμις,</span> <span class='ocrx_word' id='word_1_625' title='bbox 2697 4063 2791 4114; x_wconf 77' lang='grc' dir='ltr'>καὶ</span> <span class='ocrx_word' id='word_1_626' title='bbox 2821 4061 3033 4131; x_wconf 80' lang='grc' dir='ltr'>βοηθὸς,</span> <span class='ocrx_word' id='word_1_627' title='bbox 3053 4062 3144 4114; x_wconf 76' lang='grc' dir='ltr'>καὶ</span> <span class='ocrx_word' id='word_1_628' title='bbox 3165 4061 3537 4130; x_wconf 87' lang='grc' dir='ltr'>άντιλήπτωρ,</span> 
     </span>
    </p>
   </div>
   <div class='ocr_carea' id='block_1_87' title="bbox 1953 4150 3539 4224">
    <p class='ocr_par' dir='ltr' id='par_1_87' title="bbox 1953 4150 3539 4224">
     <span class='ocr_line' id='line_1_87' title="bbox 1953 4150 3539 4224; baseline 0 -18"><span class='ocrx_word' id='word_1_629' title='bbox 1953 4154 2049 4207; x_wconf 75' lang='grc' dir='ltr'>καὶ</span> <span class='ocrx_word' id='word_1_630' title='bbox 2106 4154 2274 4223; x_wconf 84' lang='grc' dir='ltr'>κέρας</span> <span class='ocrx_word' id='word_1_631' title='bbox 2330 4153 2622 4224; x_wconf 86' lang='grc' dir='ltr'>σωτηρίας,</span> <span class='ocrx_word' id='word_1_632' title='bbox 2668 4154 2762 4206; x_wconf 74' lang='grc' dir='ltr'>καὶ</span> <span class='ocrx_word' id='word_1_633' title='bbox 2793 4153 2861 4205; x_wconf 83' lang='grc' dir='ltr'><strong>τά</strong></span> <span class='ocrx_word' id='word_1_634' title='bbox 2909 4150 3148 4206; x_wconf 77' lang='grc' dir='ltr'>τοιαῦτα.</span> <span class='ocrx_word' id='word_1_635' title='bbox 3201 4153 3310 4206; x_wconf 77' lang='grc' dir='ltr'><strong>Καὶ</strong></span> <span class='ocrx_word' id='word_1_636' title='bbox 3375 4153 3539 4206; x_wconf 87' lang='grc' dir='ltr'>πάλιν</span> 
     </span>
    </p>
   </div>
   <div class='ocr_carea' id='block_1_88' title="bbox 272 4217 1864 4314">
    <p class='ocr_par' dir='ltr' id='par_1_88' title="bbox 272 4235 1844 4304">
     <span class='ocr_line' id='line_1_88' title="bbox 272 4235 1844 4304; baseline -0.002 -11"><span class='ocrx_word' id='word_1_637' title='bbox 272 4239 588 4294; x_wconf 88' lang='lat' dir='ltr'><strong>nominibus</strong></span> <span class='ocrx_word' id='word_1_638' title='bbox 624 4235 829 4290; x_wconf 86' lang='lat' dir='ltr'><strong>Numen</strong></span> <span class='ocrx_word' id='word_1_639' title='bbox 863 4235 1107 4289; x_wconf 91' lang='lat' dir='ltr'><strong>divinum</strong></span> <span class='ocrx_word' id='word_1_640' title='bbox 1151 4235 1509 4304; x_wconf 89' lang='lat' dir='ltr'><strong>compellans,</strong></span> <span class='ocrx_word' id='word_1_641' title='bbox 1541 4252 1606 4292; x_wconf 91' lang='lat' dir='ltr'><strong>ac</strong></span> <span class='ocrx_word' id='word_1_642' title='bbox 1636 4238 1844 4291; x_wconf 88' lang='lat' dir='ltr'><strong>nihilo-</strong></span> 
     </span>
    </p>
   </div>
   <div class='ocr_carea' id='block_1_89' title="bbox 2052 4217 3542 4314">
    <p class='ocr_par' dir='ltr' id='par_1_89' title="bbox 2052 4217 3542 4314">
     <span class='ocr_line' id='line_1_89' title="bbox 2052 4217 3542 4314; baseline 0.004 -23"><span class='ocrx_word' id='word_1_643' title='bbox 2052 4217 2204 4310; x_wconf 69' lang='grc' dir='ltr'>»λογά</span> <span class='ocrx_word' id='word_1_644' title='bbox 2233 4243 2314 4296; x_wconf 85' lang='grc' dir='ltr'>ὅτι</span> <span class='ocrx_word' id='word_1_645' title='bbox 2337 4217 2508 4312; x_wconf 75' lang='grc' dir='ltr'>ὄνομα</span> <span class='ocrx_word' id='word_1_646' title='bbox 2548 4241 2712 4294; x_wconf 78' lang='grc' dir='ltr'>αὑτοῦ</span> <span class='ocrx_word' id='word_1_647' title='bbox 2745 4243 2802 4294; x_wconf 83' lang='grc' dir='ltr'>ὲν</span> <span class='ocrx_word' id='word_1_648' title='bbox 2841 4243 2988 4313; x_wconf 84' lang='grc' dir='ltr'>πάσῃ</span> <span class='ocrx_word' id='word_1_649' title='bbox 3013 4245 3078 4312; x_wconf 81' lang='grc' dir='ltr'>τῇ</span> <span class='ocrx_word' id='word_1_650' title='bbox 3110 4246 3180 4314; x_wconf 79' lang='grc' dir='ltr'><strong>γῇ</strong></span> <span class='ocrx_word' id='word_1_651' title='bbox 3215 4243 3336 4312; x_wconf 72' lang='grc' dir='ltr'><strong>οὐχὶ</strong></span> <span class='ocrx_word' id='word_1_652' title='bbox 3373 4245 3542 4310; x_wconf 82' lang='grc' dir='ltr'>γινώ-</span> 
     </span>
    </p>
   </div>
   <div class='ocr_carea' id='block_1_90' title="bbox 273 4327 1851 4396">
    <p class='ocr_par' dir='ltr' id='par_1_90' title="bbox 273 4327 1851 4396">
     <span class='ocr_line' id='line_1_90' title="bbox 273 4327 1851 4396; baseline -0.002 -9"><span class='ocrx_word' id='word_1_653' title='bbox 273 4333 456 4387; x_wconf 92' lang='lat' dir='ltr'><strong>minus</strong></span> <span class='ocrx_word' id='word_1_654' title='bbox 504 4331 786 4386; x_wconf 89' lang='lat' dir='ltr'><strong>veritatem</strong></span> <span class='ocrx_word' id='word_1_655' title='bbox 829 4343 889 4383; x_wconf 90' lang='lat' dir='ltr'><strong>se</strong></span> <span class='ocrx_word' id='word_1_656' title='bbox 933 4342 1042 4381; x_wconf 91' lang='lat' dir='ltr'><strong>non</strong></span> <span class='ocrx_word' id='word_1_657' title='bbox 1086 4327 1307 4396; x_wconf 89' lang='lat' dir='ltr'><strong>assequi</strong></span> <span class='ocrx_word' id='word_1_658' title='bbox 1337 4327 1555 4384; x_wconf 90' lang='lat' dir='ltr'><strong>fatetur.</strong></span> <span class='ocrx_word' id='word_1_659' title='bbox 1617 4329 1720 4394; x_wconf 91' lang='lat' dir='ltr'><strong>Tu,</strong></span> <span class='ocrx_word' id='word_1_660' title='bbox 1763 4331 1851 4384; x_wconf 90' lang='lat' dir='ltr'><strong>in-</strong></span> 
     </span>
    </p>
   </div>
   <div class='ocr_carea' id='block_1_91' title="bbox 272 4419 1854 4494">
    <p class='ocr_par' dir='ltr' id='par_1_91' title="bbox 272 4419 1854 4494">
     <span class='ocr_line' id='line_1_91' title="bbox 272 4419 1854 4494; baseline -0.001 -17"><span class='ocrx_word' id='word_1_661' title='bbox 272 4425 413 4494; x_wconf 91' lang='lat' dir='ltr'><strong>quit,</strong></span> <span class='ocrx_word' id='word_1_662' title='bbox 463 4422 606 4476; x_wconf 86' lang='lat' dir='ltr'><strong>Deus</strong></span> <span class='ocrx_word' id='word_1_663' title='bbox 640 4437 722 4485; x_wconf 90' lang='lat' dir='ltr'><strong>es,</strong></span> <span class='ocrx_word' id='word_1_664' title='bbox 769 4420 1082 4481; x_wconf 87' lang='lat' dir='ltr'><strong>miserator,</strong></span> <span class='ocrx_word' id='word_1_665' title='bbox 1119 4419 1487 4490; x_wconf 89' lang='lat' dir='ltr'><strong>longanimus,</strong></span> <span class='ocrx_word' id='word_1_666' title='bbox 1529 4423 1714 4476; x_wconf 72' lang='lat' dir='ltr'><strong>multa:</strong></span> <span class='ocrx_word' id='word_1_667' title='bbox 1748 4423 1854 4475; x_wconf 89' lang='lat' dir='ltr'><strong>mi-</strong></span> 
     </span>
    </p>
   </div>
   <div class='ocr_carea' id='block_1_92' title="bbox 273 4511 1848 4578">
    <p class='ocr_par' dir='ltr' id='par_1_92' title="bbox 273 4511 1848 4578">
     <span class='ocr_line' id='line_1_92' title="bbox 273 4511 1848 4578; baseline -0.003 -6"><span class='ocrx_word' id='word_1_668' title='bbox 273 4515 607 4578; x_wconf 84' lang='lat' dir='ltr'><strong>sericordiae,</strong></span> <span class='ocrx_word' id='word_1_669' title='bbox 655 4527 818 4566; x_wconf 76' lang='lat' dir='ltr'><strong>verax</strong></span> <span class='ocrx_word' id='word_1_670' title='bbox 842 4512 909 4576; x_wconf 79' lang='lat'><strong>“,</strong></span> <span class='ocrx_word' id='word_1_671' title='bbox 959 4518 1017 4564; x_wconf 92' lang='lat' dir='ltr'><strong>tu</strong></span> <span class='ocrx_word' id='word_1_672' title='bbox 1048 4511 1238 4575; x_wconf 81' lang='lat' dir='ltr'><strong>robur,</strong></span> <span class='ocrx_word' id='word_1_673' title='bbox 1280 4511 1709 4577; x_wconf 88' lang='lat' dir='ltr'><strong>firmamentum,</strong></span> <span class='ocrx_word' id='word_1_674' title='bbox 1763 4528 1848 4568; x_wconf 89' lang='lat' dir='ltr'><strong>re-</strong></span> 
     </span>
    </p>
   </div>
   <div class='ocr_carea' id='block_1_93' title="bbox 276 4599 1849 4669">
    <p class='ocr_par' dir='ltr' id='par_1_93' title="bbox 276 4599 1849 4669">
     <span class='ocr_line' id='line_1_93' title="bbox 276 4599 1849 4669; baseline -0.001 -10"><span class='ocrx_word' id='word_1_675' title='bbox 276 4603 516 4665; x_wconf 72' lang='lat' dir='ltr'><strong>fugium,</strong></span> <span class='ocrx_word' id='word_1_676' title='bbox 549 4601 654 4665; x_wconf 88' lang='lat' dir='ltr'><strong>vis,</strong></span> <span class='ocrx_word' id='word_1_677' title='bbox 705 4599 944 4668; x_wconf 89' lang='lat' dir='ltr'><strong>adjutor,</strong></span> <span class='ocrx_word' id='word_1_678' title='bbox 980 4599 1296 4668; x_wconf 88' lang='lat' dir='ltr'><strong>opitulator,</strong></span> <span class='ocrx_word' id='word_1_679' title='bbox 1345 4615 1515 4655; x_wconf 88' lang='lat' dir='ltr'><strong>cornu</strong></span> <span class='ocrx_word' id='word_1_680' title='bbox 1565 4603 1759 4660; x_wconf 86' lang='lat' dir='ltr'><strong>salutis</strong></span> <span class='ocrx_word' id='word_1_681' title='bbox 1783 4606 1849 4669; x_wconf 73' lang='grc' dir='ltr'>θ’,</span> 
     </span>
    </p>
   </div>
   <div class='ocr_carea' id='block_1_94' title="bbox 273 4689 1848 4764">
    <p class='ocr_par' dir='ltr' id='par_1_94' title="bbox 273 4689 1848 4764">
     <span class='ocr_line' id='line_1_94' title="bbox 273 4689 1848 4764; baseline 0.001 -15"><span class='ocrx_word' id='word_1_682' title='bbox 273 4697 486 4764; x_wconf 86' lang='lat' dir='ltr'><strong>aliaque</strong></span> <span class='ocrx_word' id='word_1_683' title='bbox 525 4691 675 4747; x_wconf 89' lang='lat' dir='ltr'><strong>talia.</strong></span> <span class='ocrx_word' id='word_1_684' title='bbox 717 4690 956 4746; x_wconf 82' lang='lat' dir='ltr'><strong>Rursum</strong></span> <span class='ocrx_word' id='word_1_685' title='bbox 995 4689 1162 4744; x_wconf 90' lang='lat' dir='ltr'><strong>David</strong></span> <span class='ocrx_word' id='word_1_686' title='bbox 1216 4690 1359 4745; x_wconf 85' lang='lat' dir='ltr'><strong>idem</strong></span> <span class='ocrx_word' id='word_1_687' title='bbox 1416 4691 1617 4746; x_wconf 87' lang='lat' dir='ltr'><strong>fatetur</strong></span> <span class='ocrx_word' id='word_1_688' title='bbox 1649 4709 1848 4750; x_wconf 90' lang='lat' dir='ltr'><strong>nomen</strong></span> 
     </span>
    </p>
   </div>
   <div class='ocr_carea' id='block_1_95' title="bbox 270 4781 1850 4853">
    <p class='ocr_par' dir='ltr' id='par_1_95' title="bbox 270 4781 1850 4853">
     <span class='ocr_line' id='line_1_95' title="bbox 270 4781 1850 4853; baseline -0.002 -14"><span class='ocrx_word' id='word_1_689' title='bbox 270 4785 393 4853; x_wconf 89' lang='lat' dir='ltr'><strong>ejus</strong></span> <span class='ocrx_word' id='word_1_690' title='bbox 444 4783 498 4837; x_wconf 93' lang='lat' dir='ltr'><strong>in</strong></span> <span class='ocrx_word' id='word_1_691' title='bbox 543 4789 656 4836; x_wconf 87' lang='lat' dir='ltr'><strong>tota</strong></span> <span class='ocrx_word' id='word_1_692' title='bbox 704 4788 850 4835; x_wconf 87' lang='lat' dir='ltr'><strong>terra</strong></span> <span class='ocrx_word' id='word_1_693' title='bbox 889 4785 1079 4833; x_wconf 88' lang='lat' dir='ltr'><strong>notum</strong></span> <span class='ocrx_word' id='word_1_694' title='bbox 1124 4793 1234 4833; x_wconf 92' lang='lat' dir='ltr'><strong>non</strong></span> <span class='ocrx_word' id='word_1_695' title='bbox 1285 4794 1429 4846; x_wconf 87' lang='lat' dir='ltr'><strong>esse,</strong></span> <span class='ocrx_word' id='word_1_696' title='bbox 1486 4781 1584 4836; x_wconf 81' lang='lat' dir='ltr'><strong>sed</strong></span> <span class='ocrx_word' id='word_1_697' title='bbox 1639 4790 1850 4837; x_wconf 90' lang='lat' dir='ltr'><strong>tantum</strong></span> 
     </span>
    </p>
   </div>
   <div class='ocr_carea' id='block_1_96' title="bbox 270 4865 1851 4933">
    <p class='ocr_par' dir='ltr' id='par_1_96' title="bbox 270 4865 1851 4933">
     <span class='ocr_line' id='line_1_96' title="bbox 270 4865 1851 4933; baseline 0 -7"><span class='ocrx_word' id='word_1_698' title='bbox 270 4887 393 4926; x_wconf 85' lang='lat' dir='ltr'><strong>esse</strong></span> <span class='ocrx_word' id='word_1_699' title='bbox 428 4871 483 4925; x_wconf 93' lang='lat' dir='ltr'><strong>in</strong></span> <span class='ocrx_word' id='word_1_700' title='bbox 516 4868 899 4924; x_wconf 88' lang='lat' dir='ltr'><strong>admiratione.</strong></span> <span class='ocrx_word' id='word_1_701' title='bbox 936 4866 1112 4932; x_wconf 81' lang='lat' dir='ltr'><strong>Quam</strong></span> <span class='ocrx_word' id='word_1_702' title='bbox 1150 4865 1486 4933; x_wconf 80' lang='lat' dir='ltr'><strong>admirabile,</strong></span> <span class='ocrx_word' id='word_1_703' title='bbox 1523 4870 1620 4932; x_wconf 89' lang='lat' dir='ltr'><strong>ait,</strong></span> <span class='ocrx_word' id='word_1_704' title='bbox 1662 4888 1851 4926; x_wconf 83' lang='lat' dir='ltr'><strong>nomen</strong></span> 
     </span>
    </p>
   </div>
   <div class='ocr_carea' id='block_1_97' title="bbox 272 4959 1846 5028">
    <p class='ocr_par' dir='ltr' id='par_1_97' title="bbox 272 4959 1846 5028">
     <span class='ocr_line' id='line_1_97' title="bbox 272 4959 1846 5028; baseline 0.001 -12"><span class='ocrx_word' id='word_1_705' title='bbox 272 4973 416 5016; x_wconf 82' lang='lat' dir='ltr'><strong>tuum</strong></span> <span class='ocrx_word' id='word_1_706' title='bbox 473 4972 549 5017; x_wconf 76' lang='lat' dir='ltr'><strong>est</strong></span> <span class='ocrx_word' id='word_1_707' title='bbox 617 4975 708 5028; x_wconf 82' lang='lat' dir='ltr'><strong>per</strong></span> <span class='ocrx_word' id='word_1_708' title='bbox 752 4959 1052 5012; x_wconf 77' lang='lat' dir='ltr'><strong>universum</strong></span> <span class='ocrx_word' id='word_1_709' title='bbox 1101 4967 1298 5011; x_wconf 83' lang='lat' dir='ltr'><strong>terram</strong></span> <span class='ocrx_word' id='word_1_710' title='bbox 1321 4959 1406 5014; x_wconf 72' lang='lat'><strong>“2</strong></span> <span class='ocrx_word' id='word_1_711' title='bbox 1447 4959 1536 5015; x_wconf 83' lang='lat' dir='ltr'><strong>Sic</strong></span> <span class='ocrx_word' id='word_1_712' title='bbox 1582 4962 1744 5016; x_wconf 90' lang='lat' dir='ltr'><strong>etiam</strong></span> <span class='ocrx_word' id='word_1_713' title='bbox 1781 4965 1846 5018; x_wconf 89' lang='lat' dir='ltr'><strong>ad</strong></span> 
     </span>
    </p>
   </div>
   <div class='ocr_carea' id='block_1_98' title="bbox 269 5047 1846 5119">
    <p class='ocr_par' dir='ltr' id='par_1_98' title="bbox 269 5047 1846 5119">
     <span class='ocr_line' id='line_1_98' title="bbox 269 5047 1846 5119; baseline 0.001 -14"><span class='ocrx_word' id='word_1_714' title='bbox 269 5051 496 5106; x_wconf 78' lang='lat' dir='ltr'><strong>Manoen</strong></span> <span class='ocrx_word' id='word_1_715' title='bbox 556 5050 732 5118; x_wconf 90' lang='lat' dir='ltr'><strong>inquit</strong></span> <span class='ocrx_word' id='word_1_716' title='bbox 770 5049 816 5103; x_wconf 86' lang='lat' dir='ltr'><strong>is</strong></span> <span class='ocrx_word' id='word_1_717' title='bbox 845 5047 938 5116; x_wconf 93' lang='lat' dir='ltr'><strong>qui</strong></span> <span class='ocrx_word' id='word_1_718' title='bbox 973 5047 1288 5100; x_wconf 89' lang='lat' dir='ltr'><strong>vaticinium</strong></span> <span class='ocrx_word' id='word_1_719' title='bbox 1325 5048 1373 5101; x_wconf 90' lang='lat' dir='ltr'><strong>ei</strong></span> <span class='ocrx_word' id='word_1_720' title='bbox 1407 5048 1472 5102; x_wconf 91' lang='lat' dir='ltr'><strong>de</strong></span> <span class='ocrx_word' id='word_1_721' title='bbox 1501 5051 1610 5104; x_wconf 91' lang='lat' dir='ltr'><strong>filio</strong></span> <span class='ocrx_word' id='word_1_722' title='bbox 1633 5051 1846 5119; x_wconf 87' lang='lat' dir='ltr'><strong>edebat,</strong></span> 
     </span>
    </p>
   </div>
   <div class='ocr_carea' id='block_1_99' title="bbox 267 5137 1846 5211">
    <p class='ocr_par' dir='ltr' id='par_1_99' title="bbox 267 5137 1846 5211">
     <span class='ocr_line' id='line_1_99' title="bbox 267 5137 1846 5211; baseline 0.001 -13"><span class='ocrx_word' id='word_1_723' title='bbox 267 5159 390 5198; x_wconf 91' lang='lat' dir='ltr'><strong>cum</strong></span> <span class='ocrx_word' id='word_1_724' title='bbox 419 5144 782 5211; x_wconf 89' lang='lat' dir='ltr'><strong>interrogatus</strong></span> <span class='ocrx_word' id='word_1_725' title='bbox 804 5139 872 5194; x_wconf 90' lang='lat' dir='ltr'><strong>de</strong></span> <span class='ocrx_word' id='word_1_726' title='bbox 895 5137 1136 5198; x_wconf 86' lang='lat' dir='ltr'><strong>nomine,</strong></span> <span class='ocrx_word' id='word_1_727' title='bbox 1171 5139 1495 5207; x_wconf 87' lang='lat' dir='ltr'><strong>respondet:</strong></span> <span class='ocrx_word' id='word_1_728' title='bbox 1538 5141 1596 5194; x_wconf 86' lang='lat' dir='ltr'><strong>ld</strong></span> <span class='ocrx_word' id='word_1_729' title='bbox 1628 5143 1846 5210; x_wconf 87' lang='lat' dir='ltr'><strong>quidem</strong></span> 
     </span>
    </p>
   </div>
   <div class='ocr_carea' id='block_1_100' title="bbox 265 5231 1848 5301">
    <p class='ocr_par' dir='ltr' id='par_1_100' title="bbox 265 5231 1848 5301">
     <span class='ocr_line' id='line_1_100' title="bbox 265 5231 1848 5301; baseline 0.001 -13"><span class='ocrx_word' id='word_1_730' title='bbox 265 5241 351 5288; x_wconf 86' lang='lat' dir='ltr'><strong>est</strong></span> <span class='ocrx_word' id='word_1_731' title='bbox 379 5233 695 5288; x_wconf 88' lang='lat' dir='ltr'><strong>admirabile</strong></span> <span class='ocrx_word' id='word_1_732' title='bbox 729 5231 886 5287; x_wconf 89' lang='lat' dir='ltr'><strong>mihi.</strong></span> <span class='ocrx_word' id='word_1_733' title='bbox 921 5244 986 5283; x_wconf 91' lang='lat' dir='ltr'><strong>ac</strong></span> <span class='ocrx_word' id='word_1_734' title='bbox 1025 5231 1311 5286; x_wconf 90' lang='lat' dir='ltr'><strong>sublimius</strong></span> <span class='ocrx_word' id='word_1_735' title='bbox 1341 5246 1507 5299; x_wconf 87' lang='lat' dir='ltr'><strong>quam</strong></span> <span class='ocrx_word' id='word_1_736' title='bbox 1539 5234 1696 5301; x_wconf 89' lang='lat' dir='ltr'><strong>cujus</strong></span> <span class='ocrx_word' id='word_1_737' title='bbox 1726 5249 1848 5290; x_wconf 91' lang='lat' dir='ltr'><strong>esse</strong></span> 
     </span>
    </p>
   </div>
   <div class='ocr_carea' id='block_1_101' title="bbox 265 5321 1845 5393">
    <p class='ocr_par' dir='ltr' id='par_1_101' title="bbox 265 5321 1845 5393">
     <span class='ocr_line' id='line_1_101' title="bbox 265 5321 1845 5393; baseline 0 -15"><span class='ocrx_word' id='word_1_738' title='bbox 265 5339 434 5393; x_wconf 78' lang='lat' dir='ltr'><strong>capax</strong></span> <span class='ocrx_word' id='word_1_739' title='bbox 465 5324 615 5378; x_wconf 88' lang='lat' dir='ltr'><strong>auris</strong></span> <span class='ocrx_word' id='word_1_740' title='bbox 648 5323 884 5376; x_wconf 90' lang='lat' dir='ltr'><strong>humana</strong></span> <span class='ocrx_word' id='word_1_741' title='bbox 929 5325 1101 5392; x_wconf 85' lang='lat' dir='ltr'><strong>possit</strong></span> <span class='ocrx_word' id='word_1_742' title='bbox 1123 5322 1188 5374; x_wconf 78' lang='lat'><strong>“.</strong></span> <span class='ocrx_word' id='word_1_743' title='bbox 1233 5321 1528 5391; x_wconf 88' lang='lat' dir='ltr'><strong>Propterea</strong></span> <span class='ocrx_word' id='word_1_744' title='bbox 1561 5323 1649 5376; x_wconf 90' lang='lat' dir='ltr'><strong>hic</strong></span> <span class='ocrx_word' id='word_1_745' title='bbox 1681 5325 1845 5378; x_wconf 90' lang='lat' dir='ltr'><strong>etiam</strong></span> 
     </span>
    </p>
   </div>
   <div class='ocr_carea' id='block_1_102' title="bbox 265 5412 1849 5483">
    <p class='ocr_par' dir='ltr' id='par_1_102' title="bbox 265 5412 1849 5483">
     <span class='ocr_line' id='line_1_102' title="bbox 265 5412 1849 5483; baseline 0.001 -16"><span class='ocrx_word' id='word_1_746' title='bbox 265 5414 445 5467; x_wconf 90' lang='lat' dir='ltr'><strong>anima</strong></span> <span class='ocrx_word' id='word_1_747' title='bbox 489 5423 647 5466; x_wconf 85' lang='lat' dir='ltr'><strong>vocat</strong></span> <span class='ocrx_word' id='word_1_748' title='bbox 680 5412 919 5468; x_wconf 85' lang='lat' dir='ltr'><strong>Verbum</strong></span> <span class='ocrx_word' id='word_1_749' title='bbox 967 5424 1229 5482; x_wconf 90' lang='lat' dir='ltr'><strong>quantum</strong></span> <span class='ocrx_word' id='word_1_750' title='bbox 1280 5421 1482 5481; x_wconf 86' lang='lat' dir='ltr'><strong>potest,</strong></span> <span class='ocrx_word' id='word_1_751' title='bbox 1537 5428 1638 5467; x_wconf 91' lang='lat' dir='ltr'><strong>nec</strong></span> <span class='ocrx_word' id='word_1_752' title='bbox 1671 5423 1849 5483; x_wconf 91' lang='lat' dir='ltr'><strong>potest</strong></span> 
     </span>
    </p>
   </div>
   <div class='ocr_carea' id='block_1_103' title="bbox 1957 4329 3537 4403">
    <p class='ocr_par' dir='ltr' id='par_1_103' title="bbox 1957 4329 3537 4403">
     <span class='ocr_line' id='line_1_103' title="bbox 1957 4329 3537 4403; baseline 0.001 -20"><span class='ocrx_word' id='word_1_753' title='bbox 1957 4349 2178 4395; x_wconf 88' lang='grc' dir='ltr'>σκεται,</span> <span class='ocrx_word' id='word_1_754' title='bbox 2231 4330 2368 4384; x_wconf 83' lang='grc' dir='ltr'>ἀλλὰ</span> <span class='ocrx_word' id='word_1_755' title='bbox 2415 4329 2771 4398; x_wconf 81' lang='grc' dir='ltr'>θαυμάζεται.</span> <span class='ocrx_word' id='word_1_756' title='bbox 2821 4330 2914 4394; x_wconf 85' lang='grc' dir='ltr'>Ὡς</span> <span class='ocrx_word' id='word_1_757' title='bbox 2987 4332 3333 4397; x_wconf 79' lang='grc' dir='ltr'>θαυμαστὸν</span> <span class='ocrx_word' id='word_1_758' title='bbox 3387 4333 3537 4403; x_wconf 80' lang='grc' dir='ltr'>γὰρ,</span> 
     </span>
    </p>
   </div>
   <div class='ocr_carea' id='block_1_104' title="bbox 1956 4416 3540 4492">
    <p class='ocr_par' dir='ltr' id='par_1_104' title="bbox 1956 4416 3540 4492">
     <span class='ocr_line' id='line_1_104' title="bbox 1956 4416 3540 4492; baseline 0.003 -20"><span class='ocrx_word' id='word_1_759' title='bbox 1956 4421 2109 4490; x_wconf 76' lang='grc' dir='ltr'>φησι,</span> <span class='ocrx_word' id='word_1_760' title='bbox 2155 4419 2222 4474; x_wconf 85' lang='grc' dir='ltr'>τὸ</span> <span class='ocrx_word' id='word_1_761' title='bbox 2255 4418 2441 4488; x_wconf 80' lang='grc' dir='ltr'>ὄνομά</span> <span class='ocrx_word' id='word_1_762' title='bbox 2470 4434 2586 4471; x_wconf 86' lang='grc' dir='ltr'>σου</span> <span class='ocrx_word' id='word_1_763' title='bbox 2624 4418 2693 4471; x_wconf 84' lang='grc' dir='ltr'><strong>ἐν</strong></span> <span class='ocrx_word' id='word_1_764' title='bbox 2730 4416 2895 4487; x_wconf 79' lang='grc' dir='ltr'>πάσῃ</span> <span class='ocrx_word' id='word_1_765' title='bbox 2924 4418 2998 4486; x_wconf 79' lang='grc' dir='ltr'>τῇ</span> <span class='ocrx_word' id='word_1_766' title='bbox 3037 4418 3140 4487; x_wconf 66' lang='grc' dir='ltr'><strong>γῇ]</strong></span> <span class='ocrx_word' id='word_1_767' title='bbox 3163 4419 3350 4484; x_wconf 81' lang='grc' dir='ltr'>Οὕτως</span> <span class='ocrx_word' id='word_1_768' title='bbox 3399 4424 3540 4492; x_wconf 80' lang='grc' dir='ltr'>φησὶ</span> 
     </span>
    </p>
   </div>
   <div class='ocr_carea' id='block_1_105' title="bbox 1955 4509 3538 4584">
    <p class='ocr_par' dir='ltr' id='par_1_105' title="bbox 1955 4509 3538 4584">
     <span class='ocr_line' id='line_1_105' title="bbox 1955 4509 3538 4584; baseline -0.001 -19"><span class='ocrx_word' id='word_1_769' title='bbox 1955 4513 2050 4565; x_wconf 76' lang='grc' dir='ltr'>καὶ</span> <span class='ocrx_word' id='word_1_770' title='bbox 2085 4511 2222 4582; x_wconf 76' lang='grc' dir='ltr'>πρὸς</span> <span class='ocrx_word' id='word_1_771' title='bbox 2257 4511 2347 4563; x_wconf 77' lang='grc' dir='ltr'><strong>τὸν</strong></span> <span class='ocrx_word' id='word_1_772' title='bbox 2373 4510 2574 4564; x_wconf 63' lang='lat' dir='ltr'><strong>Mavors</strong></span> <span class='ocrx_word' id='word_1_773' title='bbox 2628 4512 2656 4564; x_wconf 87' lang='grc' dir='ltr'><strong>ό</strong></span> <span class='ocrx_word' id='word_1_774' title='bbox 2682 4511 2812 4579; x_wconf 76' lang='grc' dir='ltr'>περὶ</span> <span class='ocrx_word' id='word_1_775' title='bbox 2835 4509 2928 4562; x_wconf 80' lang='grc' dir='ltr'>τοῦ</span> <span class='ocrx_word' id='word_1_776' title='bbox 2971 4511 3162 4573; x_wconf 80' lang='grc' dir='ltr'>παιδὸς</span> <span class='ocrx_word' id='word_1_777' title='bbox 3197 4511 3361 4564; x_wconf 80' lang='grc' dir='ltr'>αὑτοῦ</span> <span class='ocrx_word' id='word_1_778' title='bbox 3397 4530 3538 4584; x_wconf 83' lang='grc' dir='ltr'><strong>χρη-</strong></span> 
     </span>
    </p>
   </div>
   <div class='ocr_carea' id='block_1_106' title="bbox 1958 4600 3539 4672">
    <p class='ocr_par' dir='ltr' id='par_1_106' title="bbox 1958 4600 3539 4672">
     <span class='ocr_line' id='line_1_106' title="bbox 1958 4600 3539 4672; baseline 0.003 -19"><span class='ocrx_word' id='word_1_779' title='bbox 1958 4601 2206 4671; x_wconf 88' lang='grc' dir='ltr'>ματίσας,</span> <span class='ocrx_word' id='word_1_780' title='bbox 2248 4601 2335 4654; x_wconf 82' lang='grc' dir='ltr'>ὅτε</span> <span class='ocrx_word' id='word_1_781' title='bbox 2368 4600 2626 4672; x_wconf 76' lang='grc' dir='ltr'>ἠρωτήθη</span> <span class='ocrx_word' id='word_1_782' title='bbox 2662 4601 2789 4670; x_wconf 75' lang='grc' dir='ltr'>περὶ</span> <span class='ocrx_word' id='word_1_783' title='bbox 2840 4600 2932 4653; x_wconf 81' lang='grc' dir='ltr'>τοῦ</span> <span class='ocrx_word' id='word_1_784' title='bbox 2983 4601 3266 4671; x_wconf 77' lang='grc' dir='ltr'>ὀνόματος,</span> <span class='ocrx_word' id='word_1_785' title='bbox 3293 4604 3539 4660; x_wconf 84' lang='grc' dir='ltr'>ὃτιΘαυ-</span> 
     </span>
    </p>
   </div>
   <div class='ocr_carea' id='block_1_107' title="bbox 1959 4692 3538 4769">
    <p class='ocr_par' dir='ltr' id='par_1_107' title="bbox 1959 4692 3538 4769">
     <span class='ocr_line' id='line_1_107' title="bbox 1959 4692 3538 4769; baseline 0.004 -23"><span class='ocrx_word' id='word_1_786' title='bbox 1959 4695 2161 4764; x_wconf 86' lang='grc' dir='ltr'>μαστόν</span> <span class='ocrx_word' id='word_1_787' title='bbox 2191 4697 2306 4747; x_wconf 79' lang='grc' dir='ltr'>ἐστι</span> <span class='ocrx_word' id='word_1_788' title='bbox 2337 4692 2493 4748; x_wconf 81' lang='grc' dir='ltr'>τοῦτο</span> <span class='ocrx_word' id='word_1_789' title='bbox 2531 4695 2624 4747; x_wconf 80' lang='grc' dir='ltr'>καὶ</span> <span class='ocrx_word' id='word_1_790' title='bbox 2652 4697 2898 4765; x_wconf 82' lang='grc' dir='ltr'>κρεῖττον</span> <span class='ocrx_word' id='word_1_791' title='bbox 2927 4695 2959 4764; x_wconf 82' lang='grc' dir='ltr'>ἦ</span> <span class='ocrx_word' id='word_1_792' title='bbox 2992 4695 3132 4749; x_wconf 84' lang='grc' dir='ltr'>ὥστε</span> <span class='ocrx_word' id='word_1_793' title='bbox 3167 4698 3272 4750; x_wconf 83' lang='grc' dir='ltr'><strong>ὑπὸ</strong></span> <span class='ocrx_word' id='word_1_794' title='bbox 3299 4699 3398 4769; x_wconf 81' lang='grc' dir='ltr'>τῆς</span> <span class='ocrx_word' id='word_1_795' title='bbox 3437 4700 3538 4752; x_wconf 80' lang='grc' dir='ltr'>άν-</span> 
     </span>
    </p>
   </div>
   <div class='ocr_carea' id='block_1_108' title="bbox 1955 4784 3535 4862">
    <p class='ocr_par' dir='ltr' id='par_1_108' title="bbox 1955 4784 3535 4862">
     <span class='ocr_line' id='line_1_108' title="bbox 1955 4784 3535 4862; baseline 0.003 -25"><span class='ocrx_word' id='word_1_796' title='bbox 1955 4784 2231 4856; x_wconf 84' lang='grc' dir='ltr'>θρωπίνης</span> <span class='ocrx_word' id='word_1_797' title='bbox 2276 4786 2445 4856; x_wconf 83' lang='grc' dir='ltr'>ἀκοῆς</span> <span class='ocrx_word' id='word_1_798' title='bbox 2486 4785 2818 4856; x_wconf 86' lang='grc' dir='ltr'>χωρηθῆναι.</span> <span class='ocrx_word' id='word_1_799' title='bbox 2865 4785 2965 4838; x_wconf 86' lang='grc' dir='ltr'>Διά</span> <span class='ocrx_word' id='word_1_800' title='bbox 3011 4785 3168 4839; x_wconf 82' lang='grc' dir='ltr'>τοῦτο</span> <span class='ocrx_word' id='word_1_801' title='bbox 3201 4789 3295 4841; x_wconf 77' lang='grc' dir='ltr'>καὶ</span> <span class='ocrx_word' id='word_1_802' title='bbox 3331 4790 3535 4862; x_wconf 75' lang='grc' dir='ltr'>ἡψυχὴ</span> 
     </span>
    </p>
   </div>
   <div class='ocr_carea' id='block_1_109' title="bbox 1953 4871 3534 4949">
    <p class='ocr_par' dir='ltr' id='par_1_109' title="bbox 1953 4871 3534 4949">
     <span class='ocr_line' id='line_1_109' title="bbox 1953 4871 3534 4949; baseline 0.004 -22"><span class='ocrx_word' id='word_1_803' title='bbox 1953 4874 2044 4927; x_wconf 85' lang='grc' dir='ltr'>τὸν</span> <span class='ocrx_word' id='word_1_804' title='bbox 2067 4871 2241 4942; x_wconf 88' lang='grc' dir='ltr'>Λόγον</span> <span class='ocrx_word' id='word_1_805' title='bbox 2276 4875 2432 4927; x_wconf 89' lang='grc' dir='ltr'>καλεῖ</span> <span class='ocrx_word' id='word_1_806' title='bbox 2462 4876 2558 4945; x_wconf 85' lang='grc' dir='ltr'>μὲν</span> <span class='ocrx_word' id='word_1_807' title='bbox 2598 4877 2673 4938; x_wconf 85' lang='grc' dir='ltr'>ὡς</span> <span class='ocrx_word' id='word_1_808' title='bbox 2715 4876 2934 4930; x_wconf 86' lang='grc' dir='ltr'>δύναται</span> <span class='ocrx_word' id='word_1_809' title='bbox 2957 4892 2969 4906; x_wconf 76' lang='grc' dir='ltr'><strong>ο</strong></span> <span class='ocrx_word' id='word_1_810' title='bbox 3001 4876 3222 4930; x_wconf 88' lang='grc' dir='ltr'>δύναται</span> <span class='ocrx_word' id='word_1_811' title='bbox 3246 4879 3303 4931; x_wconf 82' lang='grc' dir='ltr'>δὲ</span> <span class='ocrx_word' id='word_1_812' title='bbox 3321 4880 3417 4949; x_wconf 78' lang='grc' dir='ltr'><strong>οὐχ</strong></span> <span class='ocrx_word' id='word_1_813' title='bbox 3455 4883 3534 4945; x_wconf 79' lang='grc' dir='ltr'>ὡς</span> 
     </span>
    </p>
   </div>
   <div class='ocr_carea' id='block_1_110' title="bbox 1961 4965 3535 5043">
    <p class='ocr_par' dir='ltr' id='par_1_110' title="bbox 1961 4965 3535 5043">
     <span class='ocr_line' id='line_1_110' title="bbox 1961 4965 3535 5043; baseline 0.004 -25"><span class='ocrx_word' id='word_1_814' title='bbox 1961 4965 2228 5036; x_wconf 89' lang='grc' dir='ltr'>βούλεται.</span> <span class='ocrx_word' id='word_1_815' title='bbox 2286 4965 2542 5019; x_wconf 87' lang='grc' dir='ltr'>Βούλεται</span> <span class='ocrx_word' id='word_1_816' title='bbox 2593 4966 2701 5037; x_wconf 76' lang='grc' dir='ltr'><strong>γὰρ</strong></span> <span class='ocrx_word' id='word_1_817' title='bbox 2743 4968 2901 5020; x_wconf 83' lang='grc' dir='ltr'>πλέον</span> <span class='ocrx_word' id='word_1_818' title='bbox 2935 4967 2967 5038; x_wconf 78' lang='grc' dir='ltr'>ἢ</span> <span class='ocrx_word' id='word_1_819' title='bbox 3005 4969 3227 5023; x_wconf 82' lang='grc' dir='ltr'>δύναται</span> <span class='ocrx_word' id='word_1_820' title='bbox 3258 4987 3272 4999; x_wconf 79' lang='grc'><em>’</em></span> <span class='ocrx_word' id='word_1_821' title='bbox 3305 4972 3366 5023; x_wconf 82' lang='grc' dir='ltr'><strong>ού</strong></span> <span class='ocrx_word' id='word_1_822' title='bbox 3423 4973 3535 5043; x_wconf 72' lang='grc' dir='ltr'>μὴν</span> 
     </span>
    </p>
   </div>
   <div class='ocr_carea' id='block_1_111' title="bbox 1956 5057 3535 5128">
    <p class='ocr_par' dir='ltr' id='par_1_111' title="bbox 1956 5057 3535 5128">
     <span class='ocr_line' id='line_1_111' title="bbox 1956 5057 3535 5128; baseline 0.006 -20"><span class='ocrx_word' id='word_1_823' title='bbox 1956 5057 2074 5109; x_wconf 73' lang='grc' dir='ltr'>οὐδὲ</span> <span class='ocrx_word' id='word_1_824' title='bbox 2106 5057 2358 5110; x_wconf 81' lang='grc' dir='ltr'>τοσοῦτον</span> <span class='ocrx_word' id='word_1_825' title='bbox 2385 5057 2509 5128; x_wconf 87' lang='grc' dir='ltr'>θελή</span> <span class='ocrx_word' id='word_1_826' title='bbox 2520 5075 2689 5120; x_wconf 88' lang='grc' dir='ltr'>σεται,</span> <span class='ocrx_word' id='word_1_827' title='bbox 2712 5060 2833 5111; x_wconf 84' lang='grc' dir='ltr'>ὅσον</span> <span class='ocrx_word' id='word_1_828' title='bbox 2855 5060 3026 5112; x_wconf 76' lang='grc' dir='ltr'>ἐκεῖνό</span> <span class='ocrx_word' id='word_1_829' title='bbox 3082 5063 3248 5119; x_wconf 80' lang='grc' dir='ltr'>ἐστιν,</span> <span class='ocrx_word' id='word_1_830' title='bbox 3272 5062 3386 5114; x_wconf 74' lang='grc' dir='ltr'>ἀλλ’</span> <span class='ocrx_word' id='word_1_831' title='bbox 3407 5063 3535 5117; x_wconf 83' lang='grc' dir='ltr'>ὅσον</span> 
     </span>
    </p>
   </div>
   <div class='ocr_carea' id='block_1_112' title="bbox 1958 5144 3536 5221">
    <p class='ocr_par' dir='ltr' id='par_1_112' title="bbox 1958 5144 3536 5221">
     <span class='ocr_line' id='line_1_112' title="bbox 1958 5144 3536 5221; baseline 0.006 -26"><span class='ocrx_word' id='word_1_832' title='bbox 1958 5144 2345 5216; x_wconf 78' lang='grc' dir='ltr'>βουληθῆναιὴ</span> <span class='ocrx_word' id='word_1_833' title='bbox 2383 5148 2698 5218; x_wconf 83' lang='grc' dir='ltr'>προαίρεσις</span> <span class='ocrx_word' id='word_1_834' title='bbox 2745 5149 2986 5201; x_wconf 82' lang='grc' dir='ltr'>δύναται.</span> <span class='ocrx_word' id='word_1_835' title='bbox 3023 5150 3175 5202; x_wconf 80' lang='grc' dir='ltr'>Ἐπεὶ</span> <span class='ocrx_word' id='word_1_836' title='bbox 3223 5147 3317 5204; x_wconf 83' lang='grc' dir='ltr'>οὖν</span> <span class='ocrx_word' id='word_1_837' title='bbox 3347 5153 3536 5221; x_wconf 71' lang='grc' dir='ltr'>ἀνέφι-</span> 
     </span>
    </p>
   </div>
   <div class='ocr_carea' id='block_1_113' title="bbox 1955 5236 3538 5314">
    <p class='ocr_par' dir='ltr' id='par_1_113' title="bbox 1955 5236 3538 5314">
     <span class='ocr_line' id='line_1_113' title="bbox 1955 5236 3538 5314; baseline 0.006 -27"><span class='ocrx_word' id='word_1_838' title='bbox 1955 5236 2080 5298; x_wconf 86' lang='grc' dir='ltr'>κτός</span> <span class='ocrx_word' id='word_1_839' title='bbox 2110 5237 2255 5290; x_wconf 78' lang='grc' dir='ltr'>ἐστιν</span> <span class='ocrx_word' id='word_1_840' title='bbox 2288 5239 2316 5290; x_wconf 88' lang='grc' dir='ltr'><strong>ό</strong></span> <span class='ocrx_word' id='word_1_841' title='bbox 2344 5239 2675 5307; x_wconf 85' lang='grc' dir='ltr'>καλούμενος</span> <span class='ocrx_word' id='word_1_842' title='bbox 2713 5243 2776 5310; x_wconf 82' lang='grc' dir='ltr'>τῇ</span> <span class='ocrx_word' id='word_1_843' title='bbox 2813 5240 2906 5292; x_wconf 78' lang='grc' dir='ltr'>τοῦ</span> <span class='ocrx_word' id='word_1_844' title='bbox 2943 5240 3234 5304; x_wconf 74' lang='grc' dir='ltr'>καλοῦντος</span> <span class='ocrx_word' id='word_1_845' title='bbox 3261 5244 3538 5314; x_wconf 78' lang='grc' dir='ltr'>όρμῇ,διά</span> 
     </span>
    </p>
   </div>
   <div class='ocr_carea' id='block_1_114' title="bbox 1953 5326 3535 5403">
    <p class='ocr_par' dir='ltr' id='par_1_114' title="bbox 1953 5326 3535 5403">
     <span class='ocr_line' id='line_1_114' title="bbox 1953 5326 3535 5403; baseline 0.006 -23"><span class='ocrx_word' id='word_1_846' title='bbox 1953 5326 2108 5380; x_wconf 77' lang='grc' dir='ltr'>τοῦτό</span> <span class='ocrx_word' id='word_1_847' title='bbox 2143 5344 2338 5398; x_wconf 84' lang='grc' dir='ltr'>φησιν·</span> <span class='ocrx_word' id='word_1_848' title='bbox 2375 5329 2662 5384; x_wconf 74' lang='grc' dir='ltr'>Ἑκάλεσα</span> <span class='ocrx_word' id='word_1_849' title='bbox 2684 5331 2890 5396; x_wconf 81' lang='grc' dir='ltr'>αὑτὸν,</span> <span class='ocrx_word' id='word_1_850' title='bbox 2922 5331 3018 5384; x_wconf 74' lang='grc' dir='ltr'>καὶ</span> <span class='ocrx_word' id='word_1_851' title='bbox 3053 5333 3165 5401; x_wconf 80' lang='grc' dir='ltr'><strong>οὐχ</strong></span> <span class='ocrx_word' id='word_1_852' title='bbox 3211 5335 3535 5403; x_wconf 74' lang='grc' dir='ltr'>ὑπήκουσέ</span> 
     </span>
    </p>
   </div>
   <div class='ocr_carea' id='block_1_115' title="bbox 1949 5434 2089 5485">
    <p class='ocr_par' dir='ltr' id='par_1_115' title="bbox 1949 5434 2089 5485">
     <span class='ocr_line' id='line_1_115' title="bbox 1949 5434 2089 5485; baseline 0.007 -15"><span class='ocrx_word' id='word_1_853' title='bbox 1949 5434 2089 5485; x_wconf 70' lang='grc' dir='ltr'>μου.</span> 
     </span>
    </p>
   </div>
   <div class='ocr_carea' id='block_1_116' title="bbox 265 5504 3533 5592">
    <p class='ocr_par' dir='ltr' id='par_1_116' title="bbox 265 5504 3533 5592">
     <span class='ocr_line' id='line_1_116' title="bbox 265 5504 3533 5592; baseline 0.006 -34"><span class='ocrx_word' id='word_1_854' title='bbox 265 5510 476 5592; x_wconf 70' lang='lat' dir='ltr'><strong>tantum</strong></span> <span class='ocrx_word' id='word_1_855' title='bbox 511 5511 771 5571; x_wconf 84' lang='lat' dir='ltr'><strong>quantum</strong></span> <span class='ocrx_word' id='word_1_856' title='bbox 793 5504 942 5558; x_wconf 86' lang='lat' dir='ltr'><strong>vult:</strong></span> <span class='ocrx_word' id='word_1_857' title='bbox 974 5504 1173 5574; x_wconf 89' lang='lat' dir='ltr'><strong>quippe</strong></span> <span class='ocrx_word' id='word_1_858' title='bbox 1196 5519 1316 5572; x_wconf 69' lang='lat' dir='ltr'><strong>quas</strong></span> <span class='ocrx_word' id='word_1_859' title='bbox 1341 5505 1463 5572; x_wconf 92' lang='lat' dir='ltr'><strong>plus</strong></span> <span class='ocrx_word' id='word_1_860' title='bbox 1489 5505 1637 5567; x_wconf 91' lang='lat' dir='ltr'><strong>velit,</strong></span> <span class='ocrx_word' id='word_1_861' title='bbox 1671 5521 1833 5573; x_wconf 89' lang='lat' dir='ltr'><strong>quam</strong></span> <span class='ocrx_word' id='word_1_862' title='bbox 1874 5510 2071 5579; x_wconf 88' lang='lat' dir='ltr'><strong>possit,</strong></span> <span class='ocrx_word' id='word_1_863' title='bbox 2100 5508 2208 5562; x_wconf 92' lang='lat' dir='ltr'><strong>imo</strong></span> <span class='ocrx_word' id='word_1_864' title='bbox 2232 5524 2299 5562; x_wconf 90' lang='lat' dir='ltr'><strong>ne</strong></span> <span class='ocrx_word' id='word_1_865' title='bbox 2329 5517 2538 5563; x_wconf 90' lang='lat' dir='ltr'><strong>tantum</strong></span> <span class='ocrx_word' id='word_1_866' title='bbox 2563 5511 2780 5580; x_wconf 89' lang='lat' dir='ltr'><strong>quidem</strong></span> <span class='ocrx_word' id='word_1_867' title='bbox 2806 5514 2943 5569; x_wconf 89' lang='lat' dir='ltr'><strong>velle</strong></span> <span class='ocrx_word' id='word_1_868' title='bbox 3003 5523 3200 5584; x_wconf 81' lang='lat' dir='ltr'><strong>potest,</strong></span> <span class='ocrx_word' id='word_1_869' title='bbox 3264 5531 3533 5592; x_wconf 86' lang='lat' dir='ltr'><strong>quantum</strong></span> 
     </span>
    </p>
   </div>
   <div class='ocr_carea' id='block_1_117' title="bbox 327 5589 907 5662">
    <p class='ocr_par' dir='ltr' id='par_1_117' title="bbox 327 5589 907 5662">
     <span class='ocr_line' id='line_1_117' title="bbox 327 5589 907 5662; baseline -0.003 -16"><span class='ocrx_word' id='word_1_870' title='bbox 327 5591 372 5626; x_wconf 71' lang='grc' dir='ltr'>εί</span> <span class='ocrx_word' id='word_1_871' title='bbox 398 5589 546 5646; x_wconf 80' lang='lat' dir='ltr'><strong>Psal.</strong></span> <span class='ocrx_word' id='word_1_872' title='bbox 587 5605 680 5656; x_wconf 89' lang='lat' dir='ltr'><strong>cn,</strong></span> <span class='ocrx_word' id='word_1_873' title='bbox 716 5593 748 5646; x_wconf 92' lang='lat'><strong>8</strong></span> <span class='ocrx_word' id='word_1_874' title='bbox 785 5608 907 5662; x_wconf 88' lang='lat' dir='ltr'><strong>sqq.</strong></span> 
     </span>
    </p>
   </div>
   <div class='ocr_carea' id='block_1_118' title="bbox 1016 5592 2121 5665">
    <p class='ocr_par' dir='ltr' id='par_1_118' title="bbox 1016 5592 2121 5665">
     <span class='ocr_line' id='line_1_118' title="bbox 1016 5592 2121 5665; baseline 0.008 -20"><span class='ocrx_word' id='word_1_875' title='bbox 1016 5595 1061 5625; x_wconf 79' lang='lat'>“</span> <span class='ocrx_word' id='word_1_876' title='bbox 1089 5592 1233 5649; x_wconf 85' lang='lat' dir='ltr'><strong>Psal.</strong></span> <span class='ocrx_word' id='word_1_877' title='bbox 1285 5609 1415 5662; x_wconf 74' lang='lat' dir='ltr'><strong>Ivn,</strong></span> <span class='ocrx_word' id='word_1_878' title='bbox 1443 5597 1478 5648; x_wconf 69' lang='lat'><strong>2</strong></span> <span class='ocrx_word' id='word_1_879' title='bbox 1503 5611 1623 5665; x_wconf 75' lang='lat' dir='ltr'><strong>sqq.</strong></span> <span class='ocrx_word' id='word_1_880' title='bbox 1663 5597 1706 5628; x_wconf 86' lang='grc'><strong>⁶³</strong></span> <span class='ocrx_word' id='word_1_881' title='bbox 1731 5596 1879 5658; x_wconf 84' lang='lat' dir='ltr'><strong>Psal.</strong></span> <span class='ocrx_word' id='word_1_882' title='bbox 1911 5616 2030 5664; x_wconf 88' lang='lat' dir='ltr'><strong>vm,</strong></span> <span class='ocrx_word' id='word_1_883' title='bbox 2070 5601 2121 5654; x_wconf 80' lang='lat' dir='ltr'><strong>l.</strong></span> 
     </span>
    </p>
   </div>
   <div class='ocr_carea' id='block_1_119' title="bbox 2209 5598 2715 5664">
    <p class='ocr_par' dir='ltr' id='par_1_119' title="bbox 2209 5598 2715 5664">
     <span class='ocr_line' id='line_1_119' title="bbox 2209 5598 2715 5664; baseline 0.014 -13"><span class='ocrx_word' id='word_1_884' title='bbox 2209 5598 2584 5664; x_wconf 71' lang='grc' dir='ltr'>⁸⁸]ιιι1ἰο.ιιιι.</span> <span class='ocrx_word' id='word_1_885' title='bbox 2630 5603 2715 5658; x_wconf 69' lang='lat'><strong>18.</strong></span> 
     </span>
    </p>
   </div>
  </div>
