3730 5980
153 220 176 273 ι
186 222 297 274 029

1235 221 1302 276 ΙΝ
1336 217 1634 277 CANTICA
1674 214 1945 275 CANTIC.
1987 215 2272 276 HOMILIA
2315 218 2431 278 XII.

144 334 288 388 illud
311 342 416 398 est,
441 333 534 388 sed
558 341 823 404 quantum
853 341 968 390 toto
992 334 1156 389 animi
1177 333 1358 390 studio
1377 333 1512 388 velle
1563 338 1763 402 potest.

3277 225 3408 283 5030

1839 328 2028 400 Itaque
2054 345 2179 387 cum
2207 333 2255 389 is
2288 334 2383 406 qui
2420 340 2597 401 vocat,
2651 336 2870 408 assequi
2903 340 3086 400 studio
3113 354 3216 398 suo
3241 329 3438 396 voca;

144 431 268 479 tum
303 439 413 478 non
442 427 647 495 possit,
683 426 888 482 idcirco
916 426 1138 491 dicitur,
1168 427 1356 482 νοτεουὶ
1377 441 1518 490 eum,
1551 433 1599 480 et
1630 438 1733 477 non
1773 420 1941 475 audiit
1974 438 2069 476 me.

223 517 372 569 ’Ὅσα
409 515 466 569 δὲ
495 519 609 580 τοῖς
638 516 948 588 εἰρημένοις
983 519 1017 586 ὴ
1048 516 1235 587 νύμφη
1265 516 1606 587 προστίθησι,
1641 512 1696 567 κε

1943 511 2052 576 Quae
2084 519 2263 567 autem
2300 529 2466 584 porro
2496 515 2582 571 his
2608 516 2797 586 adjicit
2827 533 3061 588 sponsa,
3101 527 3416 590 quanquam

147 607 616 680 σκυθρωποτέραν
650 609 790 664 κατὰ
827 609 890 662 τὸ
928 609 1216 680 πρόχειρον
1237 609 1333 679 ἔχῃ
1364 609 1463 678 τὴν
1487 607 1735 673 ἔνδειξιν·

144 697 265 750 ἀλλ’
302 698 427 767 ἐμοὶ
457 697 608 750 δοκεῖ
647 693 796 769 πρὸς
826 698 916 750 τὸν
950 698 1110 752 αὑτὸν
1147 699 1612 768 σκοπὸν.βλέπειν,
1644 696 1739 749 καὶ

144 791 254 859 τῆς
298 791 410 843 τῶν
452 789 800 860 ὑψηλοτέρων
834 789 1150 852 ἀναϐάσεως
1189 789 1425 858 ἔχεσθαι.
1443 789 1580 859 Φησὶ
1607 786 1734 858 γὰρ,

145 883 437 952 Εὖροσάν
463 900 541 952 με
569 885 623 935 οἱ
654 883 925 950 φύλακες
963 885 1018 936 οἱ
1043 882 1412 946 κυκλοῦντες
1435 881 1505 933 ἐν
1531 879 1608 948 τῇ
1639 880 1740 932 πό-

141 977 267 1029 λει.
331 971 672 1036 Ἐπάταξὰν
707 989 807 1042 με,
856 971 1298 1041 ἐτραυμάτισάν
1331 988 1438 1041 με,
1478 967 1630 1040 ἦραν
1669 969 1737 1024 τὸ

143 1066 468 1134 θέριστρον
485 1065 584 1120 ἀπ’
597 1065 744 1133 ἐμοῦ
768 1067 822 1118 οἱ
849 1066 1117 1132 φύλακες
1136 1064 1254 1117 τῶν
1277 1063 1537 1133 τειχέων.
1555 1062 1737 1116 Ταῦτα

142 1156 261 1227 γὰρ
283 1157 413 1220 ῐσως
432 1155 571 1220 δόξει
586 1156 729 1209 τισὶν
750 1155 1078 1226 ὀδυρομένης
1103 1155 1323 1225 μᾶλλον,
1350 1157 1492 1228 ἥπερ
1513 1156 1737 1224 εὐφραι-

137 1248 382 1319 ’νομένης
400 1244 630 1301 εἶναιτὰ
657 1249 902 1319 ῥήματα,
939 1247 1000 1299 τὸ
1033 1247 1394 1311 Ἐπάταεαν,
1423 1247 1516 1300 καὶ
1531 1247 1736 1315 ἐτραυ-

136 1339 440 1406 μάτισαν,
473 1339 567 1392 καὶ
596 1338 754 1406 ἦραν
786 1337 850 1390 τὸ
888 1336 1198 1405 θέριστρον
1225 1354 1238 1368 ·
1279 1337 1355 1408 τῷ
1388 1337 1444 1390 δὲ
1494 1335 1736 1407 ἀκριϐῶς

141 1429 550 1500 ὲπεσκεμμένῳ
578 1430 675 1499 τὴν
701 1427 810 1481 τῶν
837 1427 1141 1498 λεγομένων
1171 1428 1430 1492 διάνοιαν,
1463 1428 1737 1499 μεγαλαυιέ

139 1521 426 1590 χουμένης
455 1520 547 1572 ἐπὶ
571 1522 684 1581 τοῖς
723 1518 1027 1582 καλλίστοις
1062 1521 1200 1572 εἰσὶν
1236 1521 1292 1572 αἱ
1325 1517 1518 1588 φωναί.
1549 1518 1737 1582 Οὕτως

140 1611 189 1665 δ’
218 1611 287 1664 ἂν
317 1611 527 1679 γένοιτο
575 1613 713 1682 ἡμῖν
738 1613 1047 1681 καταφανὲς
1076 1612 1138 1664 τὸ
1181 1611 1492 1682 λεγόμενον·
1532 1611 1736 1682 Μικρὸν

143 1705 259 1774 πρὸ
297 1703 503 1758 τούτων
534 1703 592 1756 ὲν
624 1707 737 1768 τοῖς
765 1705 1014 1765 κατόπιν,
1047 1703 1370 1772 καθαρεύειν
1404 1703 1572 1773 αὑτὴν
1600 1719 1736 1755 παν-

1840 601 2022 670 primo
2051 603 2200 656 velut
2235 604 2440 660 intuitu
2474 607 2768 663 tristiorem
2802 610 3094 678 quamdam
3129 611 3418 665 indicatio-

1838 706 1964 744 nem
2015 691 2291 761 habeant,
2344 711 2462 751 mea
2511 706 2696 753 tamen
2737 700 3009 754 sententia
3051 699 3299 756 eumdem
3345 701 3412 755 ad

1839 794 2066 850 scopum
2100 790 2380 850 spectare,
2410 791 2465 838 et
2495 785 2699 841 habere
2725 787 3183 857 significationem
3219 803 3414 844 ascen-

1839 885 1935 926 sus
1993 872 2060 925 ad
2108 873 2428 928 sublimiora
2468 876 2740 934 videntur.
2782 879 2873 932 Ait
2919 879 3063 934 enim
3112 896 3127 933 :
3168 879 3413 948 oriende--

1837 969 1962 1013 runt
1991 976 2072 1014 me
2103 961 2346 1015 custodes
2378 963 2468 1032 qui
2503 964 2561 1016 in
2600 965 2725 1018 urbe
2757 967 3098 1023 circumeunt.
3129 967 3417 1023 Percusse~

1837 1059 1960 1104 runt
1991 1067 2107 1117 me,
2143 1053 2546 1106 vulneraverunt
2593 1071 2672 1108 me
2697 1095 2711 1118 ,
2756 1056 3087 1110 abstulerunt
3129 1057 3339 1126 peplum
3381 1075 3414 1112 α

1837 1157 1919 1194 me
1967 1143 2212 1197 custodes
2266 1161 2562 1200 murorum.
2612 1144 2959 1202 Videbuntur
3012 1148 3126 1203 haec
3181 1149 3418 1206 fortasse

1837 1233 2125 1287 nonnullis
2174 1248 2300 1289 esse
2347 1236 2585 1305 lugentis
2633 1238 2817 1307 potius
2863 1240 3063 1306 verba,
3100 1256 3261 1310 quam
3295 1241 3419 1311 ejus

1837 1339 1958 1394 qua:
2005 1325 2128 1380 laeta
2184 1325 2297 1392 sit;
2342 1327 2646 1396 praesertim
2694 1328 2822 1394 illa,
2874 1343 3251 1399 percusserunt
3297 1347 3414 1396 me,

1836 1414 2241 1470 vulneraverunt
2290 1433 2403 1483 me,
2465 1417 2804 1472 abstulerunt
2853 1421 3084 1489 peplum.
3115 1422 3316 1477 Verum
3367 1422 3417 1477 si

1836 1506 1960 1576 quis
2010 1514 2269 1562 accurate
2312 1508 2626 1564 consideret
2671 1524 2897 1576 eorum,
2955 1527 3079 1581 quae
3132 1511 3413 1578 dicuntur,

1837 1608 2081 1657 mentem
2113 1619 2126 1655 :
2169 1602 2352 1671 potius
2383 1610 2513 1657 sunt
2541 1617 2706 1659 voces
2735 1604 2974 1674 gloriose
2996 1605 3262 1674 jactantis
3296 1621 3418 1662 sese

1836 1693 1908 1748 ob
1939 1709 2028 1748 res
2061 1695 2489 1764 pulcherrimas.
2525 1693 2582 1749 Id
2619 1705 2804 1750 autem
2841 1697 2947 1750 hoc
2981 1697 3219 1766 quodam
3253 1697 3417 1751 modo

139 1796 244 1857 τὸς
270 1794 737 1864 προκαλύμματος
765 1795 794 1846 ὁ
827 1794 983 1862 λόγος
1019 1793 1376 1863 μαρτύρεται,
1407 1793 1464 1844 ὲν
1489 1786 1533 1860 ᾧ
1570 1810 1612 1861 φτ

1942 1786 2190 1855 spicuum
2242 1786 2406 1841 nobis
2456 1788 2583 1841 erit.
2634 1784 2806 1842 Paulo
2863 1794 2991 1842 ante
3043 1787 3415 1842 testimonium

142 1886 215 1937 ὲκ
265 1883 563 1954 προσώπου
610 1885 711 1954 τῆς
759 1884 1001 1955 νύμφης,
1050 1885 1132 1937 ὅτι
1186 1883 1596 1952 Ἑξεδυσάμην
1626 1883 1735 1936 τὸν

143 1976 375 2045 χιτῶνὰ
400 1994 540 2046 μου,
587 1976 717 2043 πῶς
770 1977 1100 2045 ἐνδύσομαι
1134 1977 1364 2038 αὐτόν;
1399 1974 1659 2028 Ἐνταῦθα
1679 1972 1742 2030 δὲ

143 2065 319 2117 πάλιν
358 2061 704 2136 ἀφῃρῆσθαι’
731 2065 878 2133 λέγει
937 2067 1106 2135 αὑτῆς
1145 2064 1206 2118 τὸ
1253 2065 1552 2136 θέριστρον.
1584 2066 1740 2135 Περι-

144 2157 372 2209 ϐόλαιον
404 2157 459 2209 δὲ
483 2157 750 2227 νυμφικόν
783 2158 898 2209 ὲστι
925 2155 985 2210 τὸ
1020 2156 1324 2226 θέριστρον,
1363 2154 1738 2224 συγκαλύπτον

148 2247 299 2316 μετά
328 2247 427 2316 τῆς
448 2247 689 2316 κεφαλῆς
725 2248 816 2302 καὶ
854 2246 915 2300 τὸ
944 2247 1254 2317 πρόσωπον,
1279 2245 1460 2310 καθὼς
1493 2247 1586 2300 καὶ
1612 2247 1739 2319 περὶ

143 2342 251 2408 τῆς
283 2339 578 2402 Ῥεϐέκκας
625 2338 770 2406 λέγει
799 2340 832 2407 ἡ
879 2338 1109 2407 ἱστορία.
1143 2337 1268 2400 Πῶς
1304 2331 1397 2391 οὖν
1436 2339 1470 2407 ὴ
1521 2354 1740 2408 γυμνω-

145 2429 312 2482 θείσα
361 2429 561 2492 παντὸς
608 2429 1038 2498 περιϐλήματος,
1079 2427 1158 2481 ἔτι
1203 2428 1264 2481 τὸ
1293 2428 1573 2500 θέριστρον
1601 2428 1735 2498 ἔχει,
1767 2466 1784 2479 .

146 2518 291 2586 ὅπερ
322 2517 418 2570 νῦν
446 2517 614 2588 αὑτῆς
661 2517 1022 2589 ἀφαιροῦνται
1069 2519 1120 2572 οἱ
1156 2518 1429 2587 φύλακες;
1457 2520 1535 2574 Ἦ
1582 2518 1738 2589 δῆλον

145 2605 241 2658 διὰ
289 2605 398 2658 τῶν
452 2605 760 2676 εἰρημένων
802 2606 984 2671 ἐστὶν,
1013 2607 1135 2660 ὅσον
1179 2607 1274 2662 ἀπ’
1317 2608 1525 2661 ἐκείνου
1577 2609 1739 2663 πάλιν

148 2697 246 2748 ἐπὶ
297 2695 359 2748 τὺ
412 2695 742 2767 ὑψηλότερον
794 2696 884 2749 διὰ
930 2697 1216 2768 προκοπῆς
1269 2693 1634 2768 ἀνελήλυθεν;
1673 2699 1739 2752 Ἡ

150 2789 264 2856 γὰρ
317 2786 736 2857 ἀπεκδυσαμένη
783 2786 876 2839 τὸν
926 2787 1154 2840 παλαιὸν
1204 2787 1444 2858 χιτῶνα,
1485 2787 1583 2842 καὶ
1635 2789 1740 2843 πά-

152 2893 256 2945 σης
311 2876 603 2946 περιϐολῆς
657 2862 1357 2946 καθαρεύσασα,’τοσοῦτον
1415 2879 1614 2949 ἑαυτῆς
1661 2878 1742 2946 γί-

150 2983 307 3020 νεται
365 2966 759 3037 καθαρωτέρα,
807 2967 882 3030 ὡς
932 2967 1214 3038 συγκρίσει
1261 2969 1361 3036 τῆς
1407 2969 1531 3038 ἄρτι
1586 2985 1739 3036 γενο-

161 3059 336 3129 μένης
385 3057 518 3126 αὑτῇ
574 3056 974 3128 καθαρότητος,
1023 3057 1095 3128 μὴ
1131 3057 1307 3110 δοκεῖν
1343 3059 1738 3112 ἀπεκδεδῦσθαι

1841 1892 2062 1946 sponsae
2117 1877 2455 1946 perhibetur,
2519 1877 2666 1947 quod
2719 1878 2982 1932 immunis
3036 1878 3109 1932 sit
3153 1877 3221 1932 ab
3267 1879 3417 1931 omni

1837 1969 2107 2022 velamine
2131 2009 2144 2030 ,
2177 1984 2304 2022 cum
2349 1969 2404 2023 in
2436 1969 2556 2038 ejus
2587 1985 2824 2039 persona
2854 1971 3061 2024 dicitur
3089 1988 3104 2024 :
3150 1968 3294 2024 Exul
3335 1979 3418 2022 tu-

1837 2059 2009 2112 nicam
2041 2075 2244 2121 meam,
2283 2060 2544 2128 quomodo
2572 2061 2789 2114 induam
2827 2060 3027 2116 illam?
3057 2059 3158 2114 Hic
3193 2076 3416 2116 rursum

1839 2150 1916 2202 ait
1943 2149 2059 2219 ipsa
2083 2151 2394 2220 ademptum
2420 2151 2523 2205 sibi
2547 2167 2670 2206 esse
2695 2152 2914 2222 peplum
2937 2193 2952 2218 ,
2974 2153 3088 2207 sive
3107 2151 3413 2222 θέριστρον.

1840 2239 1962 2304 Quo
1992 2241 2264 2295 vocabulo
2312 2242 2537 2311 pallium
2572 2245 2830 2313 sponsale
2865 2245 3231 2315 signiﬁcatur,
3268 2245 3418 2316 quod

1837 2347 1948 2386 una
1983 2348 2107 2386 cum
2143 2333 2324 2402 capite
2363 2333 2556 2388 faciem
2605 2337 2829 2405 quo'que
2863 2337 3122 2402 obvelat,
3154 2338 3420 2406 quemad-

1838 2425 2061 2479 modum
2085 2433 2170 2481 est
2200 2426 2254 2479 in
2287 2427 2517 2482 historia
2545 2427 2614 2482 de
2641 2426 2895 2484 Rebecca
2924 2430 2992 2485 “.
3025 2429 3129 2496 Qui
3157 2446 3288 2502 ergo
3313 2447 3419 2486 nu-

1839 2514 1965 2568 data
2007 2515 2355 2570 vestimentis
2399 2516 2690 2582 omnibus,
2737 2518 2955 2587 peplum
3008 2519 3187 2575 adhuc
3225 2520 3417 2588 habet,
3497 2540 3500 2544 ·

1839 2620 1998 2674 quem
2023 2605 2072 2658 ei
2098 2621 2247 2660 nunc
2273 2605 2530 2662 custodes
2555 2606 2797 2664 civitatis
2827 2609 3118 2664 adimunt?
3143 2609 3416 2665 Numnam

1839 2695 1981 2751 forte
2008 2696 2076 2751 de
2114 2698 2296 2752 verbis
2342 2698 2496 2752 hisce
2539 2702 2898 2770 perspicitur,
2928 2709 3199 2772 quantum
3244 2703 3314 2758 ab
3350 2717 3420 2759 eo

1841 2791 2087 2852 tempore
2139 2800 2359 2840 rursum
2399 2788 2454 2842 in
2489 2792 2726 2846 sublime
2757 2793 3032 2862 pergendo
3073 2791 3417 2861 perfecerit?

1838 2869 1972 2924 Nam
2006 2886 2070 2926 ea
2113 2889 2235 2942 quae
2261 2874 2376 2942 jam
2411 2884 2541 2932 ante
2574 2879 2819 2932 tunicam
2865 2886 3106 2933 veterem
3154 2885 3416 2941 exuerat,

1839 2963 1988 3018 etab
2031 2965 2182 3017 omni
2214 2966 2380 3034 pallio
2411 2966 2673 3024 immunis
2715 2976 2870 3036 erat,
2916 2984 3092 3040 usque
3138 2969 3276 3023 adeo
3330 2984 3418 3024 se-

1840 3055 1959 3125 ipsa
1989 3057 2048 3110 lit
2075 3057 2287 3127 purior,
2317 3065 2377 3111 ut
2408 3058 2475 3112 ad
2508 3061 2698 3129 priora
2728 3069 3046 3131 comparata
3076 3061 3182 3116 hac
3209 3060 3419 3116 recenti

157 3150 221 3204 τὸ
283 3149 624 3219 περιϐόλαιον
661 3166 674 3179 ·
719 3148 830 3201 ἀλλ’
885 3150 1062 3217 εὑρεῖν
1109 3137 1161 3200 τι
1218 3149 1378 3202 πάλιν
1438 3149 1578 3218 μετὰ

1942 3149 2117 3215 itate,
2162 3164 2272 3203 non
2317 3149 2542 3206 exuisse
2572 3151 2806 3207 antehac
2848 3152 3075 3223 pallium
3123 3151 3415 3219 videatur;

159 3241 444 3310 γύμνωσιν
501 3238 717 3309 ἐκείνην
779 3241 906 3310 περὶ⁹
952 3239 1118 3309 αὑτὴν
1154 3239 1182 3292 ὃ
1217 3239 1504 3310 ἀποθῆται.
1553 3241 1736 3307 Οὕτως

163 3335 198 3402 ή
263 3331 398 3401 πρὸς
458 3328 521 3381 τὸ
571 3328 726 3382 Θεῖον
785 3328 998 3392 ἄνοδος,
1042 3327 1136 3380 τοῦ
1195 3327 1282 3380 ἀεὶ
1349 3329 1735 3400 εὑρισκομένου

160 3440 215 3475 τι
243 3421 370 3491 περὶ
407 3419 578 3489 αὑτὴν
627 3417 770 3488 παχύ
791 3431 898 3485 περ
927 3418 1243 3473 ένδείκνυσι.
1277 3419 1377 3473 Διά
1427 3419 1584 3474 τοῦτο
1637 3421 1738 3491 τῆς

162 3515 262 3568 νῦν
318 3511 687 3582 καθαρότητος
742 3513 809 3581 τῇ
854 3511 1137 3582 συγκρίσει
1183 3513 1216 3580 ἡ
1271 3513 1736 3584 προγεγραμμένη

157 3603 257 3660 τοῦ
303 3603 529 3675 χιτῶνος
589 3601 796 3655 ἐκείνου
831 3601 1226 3672 γὺμνωσις,ὡς
1272 3601 1536 3672 κάλυμμα
1577 3603 1738 3656 πάλιν

159 3697 530 3767 περιαιρεῖται
569 3693 720 3764 παρά
743 3691 850 3745 τῶν
881 3690 1240 3761 εὑρισκόντων
1271 3692 1460 3760 αὑτήν.
1498 3687 1656 3746 Οὗτοι
1681 3693 1738 3746 δέ

157 3789 299 3839 εἰσιν
334 3788 381 3838 οἱ
431 3784 670 3854 φύλακες
705 3783 754 3835 oi
798 3780 1122 3844 κυκλοῦντες
1152 3780 1250 3851 τὴν
1284 3781 1435 3835 πόλιν
1457 3799 1470 3812 ·
1506 3783 1650 3854 ψυχὴ
1681 3783 1738 3836 δὲ

155 3880 188 3947 ἡ
214 3876 372 3939 πόλις
401 3892 415 3906 ο
444 3871 513 3947 ἦς
534 3874 622 3928 διὰ
649 3873 743 3926 τοῦ
777 3872 1010 3938 πατάξαι
1060 3872 1154 3925 καὶ
1192 3873 1554 3943 τραυματίσαι
1586 3891 1738 3943 περι-

148 3965 370 4030 ⁸ελόντες
395 3963 456 4017 τὸ
490 3963 794 4035 θέριστρον,
819 3955 892 4016 ὧν
925 3961 1082 4031 ἔργον
1114 3961 1229 4013 ἐστὶ
1256 3961 1316 4014 τὸ
1345 3961 1638 4030 φυλάσσειν
1669 3962 1738 4016 τὰ

151 4051 312 4122 τείχη
347 4051 448 4121 τῆς
497 4050 725 4113 πόλεως.
759 4050 881 4102 Ὅτι
935 4049 1034 4120 μὲν
1065 4043 1157 4102 οὖν
1196 4049 1396 4118 ἀγαθόν
1428 4051 1478 4103 τί
1525 4052 1670 4104 ἐστιν
1703 4053 1735 4123 ἡ

153 4141 250 4195 τοῦ
283 4140 571 4212 θερίστρου
606 4140 966 4211 περιαίρεσις,
997 4137 1139 4192 ὥστε
1165 4140 1446 4213 ἐλεύθερον
1468 4142 1560 4195 τοῦ
1601 4159 1735 4214 προ-

153 4232 518 4302 καλύμματπ
564 4231 655 4284 τὸν
685 4230 985 4300 ὀφθαλμὸν,
1013 4231 1468 4300 ἀπαραποδίστως
1499 4234 1734 4287 ὲνατενί-

152 4327 275 4388 ζειν
323 4321 402 4392 τῷ
431 4323 750 4393 ποθουμένῳ
793 4321 1000 4387 κάλλει,
1042 4323 1140 4375 οὑκ
1183 4324 1248 4377 ἄν
1294 4342 1375 4387 τις
1407 4326 1736 4395 ἀμφιϐάλλοι

153 4415 298 4485 πρὸς
317 4414 406 4467 τὸν
438 4413 755 4468 Ἀπόστολον
783 4413 1014 4482 βλέπων,
1038 4413 1096 4478 ὃς
1116 4417 1183 4486 τῇ
1213 4415 1437 4485 δυνάμει
1463 4415 1554 4470 τοῦ
1583 4418 1736 4470 πνεύ-

1840 3239 1935 3293 sed
1968 3254 2164 3294 rursus
2195 3241 2478 3296 invenisse
2508 3249 2633 3312 post
2665 3243 3021 3298 nudationem
3055 3243 3203 3297 illam
3226 3284 3241 3308 ,
3269 3243 3417 3313 quod

1840 3325 2100 3396 deponat.
2142 3326 2234 3382 Sic
2261 3343 2528 3384 ascensus
2586 3330 2654 3383 ad
2695 3330 3094 3385 sublimitatem
3141 3331 3289 3384 illam
3335 3329 3418 3383 di-

1838 3417 2021 3470 vinam
2053 3432 2268 3487 semper
2300 3418 2508 3488 aliquid
2554 3421 2804 3476 ostendit
2833 3424 2911 3476 rei
2948 3437 3156 3477 crassae
3181 3461 3196 3485 ,
3222 3429 3420 3492 praeter

1840 3508 1895 3562 id
1933 3509 2080 3578 quod
2114 3509 2312 3577 quovis
2341 3516 2590 3579 tempore
2619 3509 3069 3581 deprehenditur.
3101 3512 3307 3568 Idcirco
3340 3524 3418 3568 tu-

1839 3602 1976 3656 nicae
2007 3601 2155 3654 illius
2187 3600 2385 3670 prioris
2416 3601 2690 3670 ademptio
2711 3641 2726 3666 ,
2765 3604 2963 3658 collata
2996 3619 3122 3657 cum
3161 3607 3415 3674 praesenti

1839 3692 2111 3762 puritate,
2152 3706 2370 3745 rursum
2398 3699 2453 3747 et
2484 3693 2605 3762 ipsa
2636 3693 2799 3763 quasi
2833 3694 3107 3763 quoddam
3139 3696 3416 3752 velamen-

1840 3791 1956 3838 tum
1991 3784 2201 3838 tollitur
2233 3783 2304 3838 ab
2337 3783 2481 3846 illis,
2518 3786 2612 3853 qui
2646 3799 2765 3839 eam
2801 3785 3109 3854 reperiunt.
3141 3786 3284 3841 Sunt
3317 3802 3418 3842 au-

1841 3883 1948 3930 tem
1984 3876 2020 3928 ii
2049 3875 2346 3937 custodes,
2388 3876 2441 3929 in
2493 3877 2628 3931 urbe
2679 3877 3089 3933 circumeuntes
3121 3879 3140 3949 (
3177 3887 3233 3933 et
3283 3879 3416 3936 urbs

1839 3968 1954 4022 haec
1985 3967 2168 4022 anima
2198 3968 2339 4039 est),
2357 3969 2450 4038 qui
2486 3968 2832 4023 verberando
2855 3983 2920 4022 ac
2945 3969 3285 4024 vulnerando
3317 3985 3414 4039 pe-

1839 4059 1985 4128 plum
2023 4057 2308 4126 adimunt,
2351 4071 2406 4115 et
2455 4061 2654 4130 quibus
2699 4060 2802 4114 hoc
2852 4059 3040 4115 datum
3076 4062 3320 4131 negotii,
3355 4069 3414 4115 ut

1837 4150 2077 4206 civitatis
2103 4166 2292 4206 muros
2319 4151 2655 4207 custodiant.
2689 4150 2982 4206 Enimvero
3008 4150 3414 4220 ademptionem

1837 4243 1978 4312 pepli
2025 4243 2234 4297 bonum
2280 4242 2543 4312 quiddam
2577 4258 2732 4306 esse,
2766 4252 2826 4296 ut
2857 4243 3051 4297 oculus
3083 4242 3350 4297 liberatus
3382 4256 3414 4296 a

1836 4333 2109 4387 velamine
2137 4333 2582 4402 puchritudinem
2609 4333 2976 4388 desideratam
3010 4332 3220 4401 absque
3245 4333 3424 4402 impeg

1837 4422 2080 4476 dimento
2112 4425 2412 4488 intueatur,
2439 4437 2600 4477 nemo
2623 4421 2932 4486 dubitabit,
2962 4421 3056 4491 qui
3083 4421 3148 4475 ad
3172 4421 3413 4491 Aposto-

159 4519 336 4574 ματος
383 4502 481 4572 τὴν
531 4501 625 4556 τοῦ
665 4501 1018 4572 Μλύμματος
1062 4505 1400 4575 περιαίρεσιν
1453 4507 1632 4560 ἀνατίθ

1941 4528 1950 4564 l
1983 4513 2262 4582 respiciet.
2305 4513 2355 4567 ls
2383 4513 2528 4567 enim
2561 4511 2628 4566 ad
2659 4511 2769 4566 vim
2797 4512 3031 4582 spiritus
3063 4511 3230 4567 refert
3265 4513 3414 4567 vela-

153 4595 336 4662 λέγων
364 4609 380 4623 °
416 4595 600 4646 Ὅταν
636 4593 705 4645 δὲ
745 4593 1076 4662 ἐπιστρέψῃ
1123 4595 1272 4662 πρὸς
1315 4598 1551 4664 Κύριον,
1587 4614 1736 4667 περι.

155 4683 408 4752 αιρεῖται
455 4681 522 4735 τὸ
571 4682 885 4753 κάλυμμα·
919 4687 950 4737 ό
1002 4683 1070 4736 δὲ
1116 4687 1364 4752 Κύριος,
1393 4689 1458 4740 τὸ
1500 4689 1736 4758 πνεῦμά

153 4778 352 4830 ἐστιν.
382 4775 504 4828 Ὅτι
540 4775 596 4828 δὲ
640 4775 702 4828 τὸ
735 4775 830 4827 τοῦ
861 4774 1068 4842 ἀγαθοῦ
1112 4780 1614 4847 παρασκευαστικὸν
1645 4783 1736 4834 καὶ

155 4863 294 4917 αὑτὸ
334 4863 548 4927 πάντως
588 4863 736 4918 ἐστὶν
773 4863 1005 4932 ἀγαθὸν,
1040 4864 1138 4918 οὐκ
1188 4865 1253 4919 ἄν
1292 4850 1373 4929 τις
1405 4869 1732 4940 ἀμφιϐάλλοι

154 4953 270 5008 τῶν
314 4953 690 5023 ἐπισταμένων
748 4953 884 5024 πρὸς
935 4954 994 5006 τὸ
1044 4955 1334 5009 ἀκόλουθον
1386 4958 1620 5028 βλέπειν.
1669 4960 1732 5011 Εἰ

153 5042 341 5096 τοίνυν
378 5043 577 5110 ἀγαθὸν
615 5045 650 5114 ἡ
682 5042 776 5096 τοῦ
820 5043 1176 5114 καλύμματος
1218 5047 1568 5117 περιαίρεσις,
1592 5051 1732 5117 ἀγα-

155 5136 252 5188 θὸν
289 5134 356 5187 ἂν
395 5133 472 5203 εἴη
505 5135 720 5199 πάντως
750 5137 844 5189 καὶ
867 5138 900 5206 ἡ
936 5136 1138 5207 πληγὴ,
1178 5138 1272 5190 καὶ
1303 5138 1363 5191 τὸ
1397 5139 1636 5211 τραῦμα,
1664 5143 1732 5196 δι’

152 5223 232 5279 ὧν
287 5225 648 5296 κατορθοῦται
698 5228 732 5298 ἡ
781 5228 1142 5300 περιαίρεσις.
1184 5230 1322 5283 Ἀλλ’
1355 5233 1540 5303 ἐπειδὴ
1590 5235 1731 5288 κατά

153 5317 253 5387 τὴν
277 5318 566 5399 πρόχειρον
593 5318 992 5390 ἔννοιαν,ἀηδία
1016 5339 1099 5386 τις
1134 5322 1454 5392 ἐμφαίνεται
1489 5327 1604 5388 τοῖς
1634 5329 1732 5398 ῥή-

155 5425 294 5477 μασι
337 5407 575 5472 τούτοιςο
602 5409 821 5480 ἄλγημα
850 5410 958 5482 γὰρ
998 5412 1328 5466 ἐνδείκνυται
1365 5415 1398 5486 ἡ
1434 5416 1584 5486 φωνὴ
1611 5415 1728 5484 τοῦ,

218 5591 410 5647 παρη,
466 5600 614 5650 χχιιι,
639 5584 728 5640 65.
840 5588 885 5618 “
910 5586 950 5640 ll
990 5589 1113 5642 Cor.
1151 5607 1203 5657 v,
1235 5590 1319 5651 16.

1840 4603 2004 4657 minis
2031 4603 2436 4673 ademptionem
2460 4644 2474 4666 ,
2517 4619 2642 4658 cum
2683 4606 2796 4659 ait:
2829 4604 2931 4658 Ubi
2971 4621 3089 4659 vero
3128 4621 3411 4659 conversus

1838 4693 1996 4762 fuerit
2031 4695 2099 4748 ad
2130 4693 2442 4759 Dominum,
2479 4697 2687 4749 tollitur
2719 4698 2950 4751 velamen
2975 4713 2993 4750 :
3027 4696 3287 4750 Dominus
3315 4711 3414 4748 au-

1839 4795 1938 4839 tem
1978 4788 2198 4855 spiritus
2230 4787 2321 4840 ille
2347 4795 2425 4841 est
2460 4789 2524 4840 ⁸⁸.
2576 4786 2764 4858 Neque
2791 4803 2922 4842 vero
2949 4787 3193 4841 dubitari
3228 4794 3411 4856 potest

1839 4879 1906 4931 ab
1936 4879 2002 4932 iis
2025 4917 2040 4941 ,
2070 4880 2163 4948 qui
2200 4895 2382 4933 rerum
2415 4879 2610 4933 seriem
2640 4886 2695 4934 et
2723 4879 3172 4948 consequentiam
3207 4878 3410 4932 intueri

1837 4976 2078 5029 norunt,
2117 4969 2279 5021 etiam
2317 4970 2367 5022 id
2412 4970 2558 5039 quod
2593 4968 2659 5022 ad
2709 4969 2910 5023 bonum
2957 4975 3225 5037 praeparat
3287 4982 3412 5020 om-

1839 5059 1969 5112 nino
2019 5059 2222 5112 bonum
2281 5075 2428 5115 esse.
2478 5061 2664 5127 Quare
2715 5061 2760 5116 si
2792 5061 3082 5114 velaminis
3130 5059 3411 5127 ademptio

1837 5148 2039 5201 bonum
2070 5148 2330 5217 quiddam
2365 5157 2484 5213 est,
2533 5153 2758 5205 omnino
2786 5153 2950 5206 etiam
2995 5160 3108 5203 tum
3154 5149 3412 5203 verbera-

1839 5239 2082 5302 tionem,
2125 5247 2238 5293 tum
2282 5242 2480 5296 vulnus
2525 5244 2582 5296 in
2628 5243 2788 5298 bonis
2814 5257 3077 5311 ponemus
3101 5281 3115 5302 ,
3141 5238 3288 5308 quod
3314 5249 3410 5303 per

1837 5344 1901 5384 ea
1944 5332 2037 5384 liat
2081 5332 2376 5402 ademptio.
2423 5333 2534 5388 Sed
2574 5336 2703 5403 quia
2754 5351 2920 5389 sensu
2966 5335 3201 5402 primum
3250 5332 3412 5385 ohvio

1837 5421 2070 5479 insuave
2119 5423 2384 5494 quiddam
2437 5425 2506 5481 de
2571 5427 2756 5482 verbis
2808 5427 2894 5482 his
2951 5427 3128 5483 elucet
3163 5424 3410 5492 (etenim
