3730 5980
315 227 444 284 tusi
1558 215 1616 269 s.
1657 209 1987 268 caseos"
2028 208 2316 265 NYSSENI
3451 167 3614 260 ian-2'

315 359 420 400 Vox
454 347 542 400 illa
565 387 579 408 ,
610 352 1004 412 percusserunt.
1026 357 1090 397 ac
1125 342 1466 396 vulnerarunt
1501 353 1609 399 me,
1643 336 1788 390 doler

2119 331 2348 396 άταξάν
2360 345 2457 396 με’
2477 333 2568 384 καὶ
2589 329 2704 396 τοῦ,
2725 329 3194 398 Ἐτραυμάτισάν
3203 345 3302 396 με,
3321 329 3511 392 καλῶς
3527 331 3592 381 ἂν

317 434 553 505 proferri
581 433 860 500 videtur),
897 441 1045 486 recte
1080 429 1282 485 facturi
1315 441 1507 482 sumus
1530 468 1545 494 ,
1579 425 1623 481 si
1661 424 1790 494 prim

2144 423 2479 492 κατανοῆσαι
2511 423 2726 495 πρῶτον
2759 423 2858 493 τῆς
2887 422 3049 490 ἁγίας
3081 421 3306 492 Γραφῆς
3349 421 3451 489 τὴν
3482 421 3594 474 τῶν

317 522 629 590 hujusmodi
662 521 953 576 verborum
987 519 1040 573 in
1070 519 1244 574 sacris
1273 515 1498 570 Litteris
1527 530 1684 569 usum
1713 515 1790 566 ob:

2118 513 2254 566 ύτων
2305 515 2563 584 ῥημάτων
2612 514 2806 584 χρῆσιν
2830 555 2842 578 ,
2874 515 3030 566 εῐπου
3065 512 3201 584 πρὸς
3230 513 3292 565 τὸ
3335 515 3591 583 κρεῖττον

317 613 665 677 vaverimus,
699 628 830 666 num
876 612 1017 665 forte
1066 612 1181 664 hac
1219 607 1288 662 de
1335 622 1395 662 re
1442 607 1584 660 bona
1633 620 1790 673 usur]

2118 603 2182 654 ὧν
2221 602 2318 673 τὴν
2362 606 2582 674 μνήμην
2614 605 2910 674 πεποίηται
2945 621 2956 633 ·
2982 599 3080 655 εἷθ’
3110 601 3282 666 οὕτως
3312 602 3591 673 θεωρῆσαι

316 703 684 772 reperiantur,
721 711 883 772 atque
914 703 988 755 ita
1029 701 1230 756 deinde
1273 700 1383 753 vim
1435 714 1626 753 eorum
1662 712 1782 768 quae

1662 712 1782 768 quae
1815 697 1900 752 di-
2000 691 2111 745 τῶν
2145 694 2376 748 ἐνταῦθα
2407 695 2714 765 λεγομένων
2735 696 2831 766 τὴν
2865 695 3111 763 δύναμιν.

318 804 518 848 cuntur
556 794 659 859 hic,
698 793 1257 848 consideraverimus.

391 885 512 950 Quo
545 894 706 954 pacto
757 885 1035 954 sapientia
1061 884 1128 939 de
1172 892 1348 937 morte
1382 881 1606 951 juvenis
1657 881 1864 935 animat

2111 874 2197 938 [ὥς
2229 874 2414 945 ῥύεται
2447 879 2479 944 ὴ
2525 876 2683 944 σοφία
2712 875 2810 946 τὴν
2853 875 2945 929 τοῦ
2974 875 3091 929 νέου
3124 876 3303 946 ψυχὴν
3333 875 3442 928 ἀπὸ
3491 875 3584 929 θαο

320 974 548 1040 liberet,
580 976 710 1045 quid
733 975 1042 1030 faciendum
1074 973 1364 1039 consulat,
1392 980 1452 1026 ut
1478 987 1546 1025 ne
1575 979 1793 1039 morte;

2112 984 2161 1020 au
2187 967 2284 1032 ;Τί
2317 967 2672 1036 συμϐουλεύει
2694 970 2888 1030 ποιεῖν,
2917 968 3004 1020 ἵνα
3025 969 3097 1038 μὴ
3123 966 3372 1038 ἀποθάνῃ
3393 968 3421 1018 6
3450 967 3585 1030 νέος,

318 1077 406 1118 eat
436 1064 692 1134 juvenis,
743 1082 808 1120 ex
858 1063 1457 1136 ipsamet’audiamus.
1495 1061 1556 1116 Si
1600 1063 1780 1131 virga,

2112 1060 2172 1130 ἧς
2201 1059 2522 1129 ἀκούσωμεν
2548 1060 2646 1128 τῆς
2675 1059 2885 1126 σοφίας.
2930 1059 3064 1112 Ἐὰν
3091 1057 3367 1124 πατάξῃς
3397 1058 3585 1110 αὐτὸν

319 1158 472 1226 quit,
508 1159 830 1226 percusseris
876 1174 1033 1221 eum,
1087 1173 1190 1210 non
1245 1157 1500 1209 morietur
1533 1154 1600 1206 ⁸⁷.
1651 1141 1792 1207 Nam

2109 1150 2213 1215 ’δῳ,
2240 1151 2425 1220 φησὶν,
2461 1153 2532 1205 οὐ
2571 1151 2656 1220 μὴ
2706 1150 3000 1217 ἀποθάνῃ.
3027 1152 3098 1203 Σὺ
3137 1152 3235 1220 μὲν
3262 1151 3374 1219 γὰρ
3399 1150 3582 1222 ῥάϐδῳ

320 1248 542 1317 quidem
594 1250 746 1318 virga
797 1265 922 1302 eum
976 1247 1185 1312 caedes,
1247 1263 1437 1302 verum
1490 1246 1726 1299 animam
1781 1261 1793 1299 ι

2110 1241 2262 1306 ηάξεις
2283 1242 2466 1302 αὐτὸν,
2489 1242 2585 1312 τὴν
2601 1241 2656 1294 δὲ
2677 1241 2852 1311 ψυχὴν
2876 1241 3037 1294 αὑτοῦ
3059 1241 3198 1311 ῥύσῃ
3224 1242 3289 1293 ὲκ
3321 1240 3583 1292 θανάτου.

323 1339 483 1392 morti
517 1339 737 1408 eripies.
769 1339 952 1405 Quare
981 1338 1196 1392 videtur
1225 1352 1330 1392 vox
1390 1337 1756 1407 percutiendi,
1789 1335 1796 1389 1

2122 1350 2191 1386 ,κε
2214 1334 2392 1387 τοίνυν
2423 1333 2718 1387 ἀθανασίαν
2738 1334 3057 1404 ἑρμηνεύειν
3083 1336 3115 1404 ἡ
3145 1333 3238 1387 τοῦ
3279 1333 3595 1397 Ἑπάταξαν

322 1430 444 1484 loco
478 1437 669 1484 notare
697 1430 1189 1491 immortalitatem,
1233 1443 1359 1484 cum
1394 1429 1650 1484 dicatur:
1689 1427 1750 1484 Si
1783 1445 1795 1497 ι

2124 1443 2146 1487 ς
2166 1463 2181 1486 ,
2217 1423 2397 1488 καθὼς
2424 1427 2452 1478 ό
2484 1424 2638 1492 λόγος
2664 1426 2832 1495 φησίν
2859 1442 2871 1454 ·
2909 1426 2991 1478 ὅτι
3031 1424 3172 1478 Ἐὰν
3209 1425 3489 1491 πατάξῃς
3524 1423 3597 1492 τῇ

321 1523 546 1574 cusseris
574 1538 692 1574 eum
723 1523 904 1591 virga,
940 1538 1044 1574 non
1080 1523 1360 1576 morietur.
1399 1521 1532 1577 Item
1578 1521 1726 1590 quod
1769 1537 1794 1576 s

2125 1515 2217 1578 δῳ,
2254 1517 2326 1569 οὺ
2357 1515 2442 1583 μὴ
2479 1514 2772 1583 ἀποθάνῃ,
2808 1517 2899 1568 καὶ
2945 1517 3028 1569 ὅτι
3081 1516 3177 1568 οὐκ
3215 1514 3360 1568 ἔστιν
3414 1515 3598 1577 ἄλλως

317 1614 562 1682 jiciatur,
596 1614 755 1668 aliter
789 1616 1029 1668 animam
1058 1614 1182 1684 ejus
1214 1614 1283 1670 de
1325 1623 1504 1669 morte
1536 1614 1764 1668 liberari

2124 1603 2269 1673 ὶῆναι
2307 1604 2402 1676 τὴν
2445 1605 2622 1675 ψυχὴν
2654 1606 2717 1658 ὲκ
2762 1605 2854 1658 τοῦ
2889 1605 3140 1669 θανάτου,
3169 1607 3263 1658 ἐὰν
3301 1605 3378 1674 μὴ
3410 1603 3597 1656 πατά-

321 1719 506 1774 posse,
542 1721 704 1774 quam
739 1707 786 1759 si
823 1707 976 1776 virga
1008 1707 1270 1762 caedatur.
1296 1708 1484 1777 Itaque
1508 1707 1575 1761 de
1600 1706 1687 1762 his
1717 1722 1794 1761 vel

2130 1666 2196 1762 τῇ
2231 1666 2410 1764 ῥάϐδῷ
2441 1666 2654 1748 ’.καλὸν
2701 1697 2809 1766 ἄρα
2846 1696 2907 1748 τὸ
2937 1666 3314 1765 παταχθῆναι,
3349 1666 3440 1747 διὰ
3487 1693 3598 1747 τῶν

321 1796 752 1860 demonstratur,
786 1799 990 1851 bonum
1031 1814 1155 1854 esse
1189 1797 1367 1864 caedi;
1409 1813 1533 1852 cum
1575 1813 1763 1852 revera

2130 1785 2306 1855 μένων
2344 1788 2476 1857 ἡμῖν
2525 1787 2920 1840 ἀποδέδεικται,
2955 1787 3100 1839 Διότι
3125 1786 3288 1839 καλόν
3321 1787 3475 1838 ἐστιν
3519 1785 3598 1848 ὡς

321 1902 453 1940 num
487 1887 589 1950 sit,
628 1889 866 1941 animam
921 1904 951 1942 a
996 1899 1172 1943 morte
1215 1888 1459 1943 liberari.
1511 1887 1603 1942 Sic
1646 1897 1700 1943 et
1729 1887 1794 1943 De

2123 1876 2220 1938 θῶς
2256 1877 2316 1928 τὸ
2365 1880 2428 1929 ὲκ
2476 1877 2708 1931 θανάτου
2756 1877 2854 1948 τὴν
2889 1877 3067 1948 ψυχὴν
3113 1877 3392 1948 ῥωσθῆναι.
3429 1875 3596 1930 Οὕτω

325 1993 487 2045 agere
523 1986 675 2034 vates
705 1980 818 2043 ait,
853 1979 1163 2034 occidendo
1193 1980 1596 2045 viviﬁcantem,
1623 1987 1678 2033 et
1707 1995 1798 2049 per

2127 1972 2176 2021 ἵν
2207 1970 2300 2022 καὶ
2331 1969 2420 2022 τὸν
2447 1968 2578 2022 Θεδν
2611 1972 2639 2023 ὁ
2682 1971 2964 2040 προφήτης
2995 1971 3178 2039 φησὶν,
3208 1970 3297 2022 διὰ
3327 1969 3422 2022 τοῦ
3455 1970 3597 2022 ἀπο-

329 2069 518 2123 tiendo
551 2079 857 2124 sanantem.
895 2069 1009 2139 Ego
1031 2111 1044 2135 ,
1085 2071 1298 2140 inquit,
1329 2071 1647 2140 interﬁciant
1690 2081 1738 2124 et
1773 2087 1799 2124 v

2123 2078 2232 2112 νειν
2260 2059 2644 2124 ζωοποιοῦντα,
2682 2060 2775 2112 καὶ
2797 2060 2886 2113 διὰ
2915 2059 3010 2112 τοῦ
3027 2060 3322 2112 πατάσσειν
3342 2058 3595 2128 ἰώμενον.

326 2160 527 2228 ficabo;
570 2162 897 2228 percutiam,
927 2171 976 2215 et
1012 2178 1224 2215 rursum
1259 2162 1367 2227 ipse
1413 2160 1617 2214 saltabo
1650 2161 1718 2214 ⁸⁸.
1765 2159 1799 2212 Ρ

2120 2151 2158 2204 ὼ
2205 2151 2313 2221 γὰρ
2337 2191 2351 2214 ,
2383 2151 2569 2221 φησὶν,
2597 2149 2908 2204 ἀποκτενῶ
2932 2189 2945 2214 ,
2994 2151 3091 2202 καὶ
3151 2147 3256 2216 ζῇν
3305 2148 3553 2216 ποιήσω
3581 2166 3593 2178 ·

324 2261 509 2318 pterea
540 2265 771 2321 magnus
808 2252 975 2306 etiam
1014 2251 1180 2306 David
1219 2252 1311 2306 ille
1350 2267 1461 2306 non
1517 2252 1758 2313 vulnus.

2130 2242 2264 2306 τᾶξω,
2301 2240 2460 2309 κάγὼ
2503 2239 2761 2310 ἰάσομαι.
2794 2242 2894 2294 Διὰ
2921 2240 3076 2292 τοῦτο
3115 2241 3209 2292 καὶ
3230 2241 3258 2292 6
3287 2239 3465 2309 μέγας
3491 2243 3603 2291 Δα-

323 2340 757 2396 eonsolationem
782 2342 916 2396 oriri
945 2341 1013 2397 de
1042 2342 1358 2411 hujusmodi
1391 2343 1543 2411 virga
1575 2343 1751 2408 dixit,
1775 2357 1796 2395 ε

2133 2335 2253 2404 οὐχ).
2302 2333 2516 2402 πληγὴν
2573 2327 2746 2394 εἶπεν,
2808 2331 2940 2385 ἀλλὰ
2991 2330 3334 2403 παράκλησιν
3385 2331 3455 2381 ἐκ
3501 2328 3606 2395 τῆς

323 2432 430 2485 ait:
473 2430 630 2502 Virga
659 2443 750 2486 tua
777 2443 826 2486 et
862 2433 1080 2488 baculus
1117 2445 1237 2488 tuus
1259 2475 1274 2499 ,
1318 2436 1434 2505 ipsa
1465 2435 1743 2488 consolata
1774 2451 1796 2487 ε

2130 2421 2261 2491 ύτης
2299 2421 2540 2488 γίνεσθαι
2573 2419 2799 2490 ῥάϐδου,
2833 2419 3041 2487 λέγων·
3086 2419 3151 2474 Ἠ
3183 2417 3406 2484 ,ῥάϐδος
3453 2433 3603 2478 σου,

324 2541 406 2577 me
445 2525 508 2577 θ’.
564 2523 630 2577 Ει
672 2524 890 2593 quidem
933 2539 1030 2593 per
1073 2525 1188 2579 haec
1229 2502 1476 2580 mensam
1513 2525 1616 2579 sibi
1657 2525 1797 2578 divin

2136 2507 2173 2574 ἡ
2201 2508 2502 2575 βακτηρία
2547 2522 2685 2571 σου,
2711 2502 2888 2560 αὗταί
2905 2521 2982 2575 με
3011 2506 3432 2576 παρεκάλεσαν
3471 2523 3486 2534 ·
3527 2505 3605 2558 δι’

325 2615 508 2680 parari
538 2591 704 2670 tradit
723 2654 736 2675 ,
766 2591 1009 2684 itemque
1036 2615 1140 2669 alia
1170 2630 1512 2684 quaecunque
1541 2616 1788 2684 psalmus

2136 2598 2312 2651 ’ίνεται
2351 2600 2445 2651 καὶ
2492 2598 2641 2660 θείας
2680 2597 2959 2669 τραπέζης
2999 2596 3302 2666 ἑτοιμασία,
3346 2595 3441 2648 καὶ
3500 2594 3609 2648 ὅσα

325 2706 628 2759 secundum
681 2705 796 2761 haec
844 2716 1136 2762 recenset:
1191 2707 1340 2762 verbi
1384 2707 1590 2776 gratia,
1633 2706 1798 2760 oleun

2137 2689 2229 2741 ιτὺ
2261 2688 2546 2742 ἀκόλουθον
2578 2689 2819 2758 περιέχει
2857 2690 2892 2759 ὴ
2935 2688 3246 2758 ψαλμῳδία·
3279 2687 3370 2739 καὶ
3407 2685 3477 2738 τὸ
3511 2687 3610 2740 ἐπὶ

326 2799 538 2866 capite,
576 2813 786 2852 merum
822 2798 876 2852 in
910 2799 1145 2867 poculo,
1195 2798 1341 2867 quod
1379 2798 1699 2852 ebrietatem
1751 2797 1799 2850 il?

2138 2779 2366 2850 κεφαλῆς
2396 2777 2591 2844 ἔλαιον,
2637 2781 2732 2832 καὶ
2771 2781 2798 2832 6
2828 2779 2920 2832 τοῦ
2973 2778 3231 2848 ποτηρίου
3277 2777 3544 2846 ἄκρατος,
3579 2779 3611 2830 ὁ

326 2891 568 2945 sobriam
599 2891 827 2954 eiliciat,
858 2866 1241 2945 misericordia
1285 2889 1514 2960 pulchre
1559 2889 1740 2953 ipsum
1779 2905 1799 2958 ι

2136 2870 2386 2939 νηφάλιον
2414 2869 2585 2940 μέθην
2618 2870 3000 2940 ἐργαζόμενος,
3035 2868 3127 2921 καὶ
3159 2868 3188 2919 ό
3217 2866 3395 2929 καλῶς
3431 2867 3609 2920 αὐτὸν

329 2996 569 3050 sequens
603 2990 657 3034 et
685 2981 849 3050 longa
881 2981 937 3034 in
971 2982 1134 3034 domo
1169 2979 1262 3035 Dei
1288 2957 1472 3032 mora.
1510 2977 1666 3044 Quod
1705 2980 1750 3033 si
1789 2979 1802 3032 l

2140 2960 2364 3013 ιδιὼκων
2427 2959 2596 3022 ἔλεος,
2627 2962 2721 3012 καὶ
2764 2962 2796 3031 ἡ
2847 2961 2904 3012 ὲν
2932 2958 3010 3030 τῷ
3037 2959 3169 3029 οἴκῳ
3208 2957 3300 3011 τοῦ
3327 2957 3468 3010 Θεοῦ
3501 2975 3613 3027 μα.-

327 3046 509 3125 dulcis
552 3071 646 3124 illa
693 3046 1000 3124 verberatio
1049 3069 1403 3138 suppeditat,
1437 3067 1800 3138 quemadmod

2144 3051 2320 3113 ιίωσις.
2363 3052 2426 3103 Εἰ
2475 3046 2567 3104 οὖν
2598 3050 2771 3104 ταῦτα
2813 3051 3040 3120 παρέχει
3079 3052 3112 3120 ἡ
3142 3049 3364 3118 γλυκεῖα
3409 3047 3617 3118 ἐκείνη

327 3171 384 3218 et
414 3161 836 3216 Proverbiorum
891 3162 1048 3226 liber,
1098 3171 1151 3215 et
1198 3160 1472 3230 Propheta
1525 3161 1615 3215 hic
1658 3160 1797 3216 doce

2140 3145 2192 3214 ri}
2219 3160 2235 3175 ⁶
2285 3144 2425 3197 κατά
2470 3160 2530 3196 τε
2575 3143 2672 3212 τὴν
2720 3141 3064 3212 παροιμιώδη
3101 3139 3472 3203 διδασκαλίαν,
3513 3140 3613 3192 καὶ

332 3255 590 3308 nimirum
643 3253 792 3322 virga
845 3252 978 3306 caedi
1028 3253 1232 3307 bonum
1279 3258 1399 3315 est,
1451 3267 1573 3321 quae
1622 3258 1805 3305 tantor

2141 3253 2153 3287 ι
2183 3233 2282 3305 τὴν
2321 3234 2414 3286 τοῦ
2460 3232 2741 3304 Προφήτου
2787 3234 2969 3302 φωνήν
2987 3249 2999 3261 ·
3026 3231 3228 3300 ἀγαθὸν
3262 3232 3367 3300 ἄρα
3396 3230 3522 3282 ἐστὶ
3548 3231 3614 3281 τὸ

331 3343 600 3397 bonorum
657 3317 1000 3396 fertilitatem
1033 3351 1089 3398 et
1126 3342 1342 3410 copiam
1377 3317 1679 3396 contineat.
1717 3341 1804 3394 En‘

2142 3324 2354 3396 ιχθῆναι
2377 3328 2442 3395 τῇ
2489 3323 2689 3394 ῥάϐδῳ,
2721 3325 2811 3392 ἀφ’
2833 3317 2896 3377 οὖ
2923 3325 3037 3376 ἐστι
3060 3322 3167 3375 τῶν
3193 3321 3448 3375 τοιούτων
3476 3322 3615 3389 ἀγα.

332 3445 464 3484 vero
493 3439 641 3485 recte
681 3428 980 3485 fecerimus
1008 3472 1023 3496 ,
1060 3432 1107 3486 si
1154 3432 1320 3486 etiam
1353 3430 1405 3485 id
1451 3432 1593 3499 quod
1639 3432 1805 3485 ante]

2149 3415 2392 3483 εὐθηνία.
2431 3414 2647 3467 Μᾶλλον
2677 3414 2732 3466 δὲ
2757 3413 2818 3466 τὸ
2854 3411 3092 3483 παρεθὲν
3117 3412 3222 3482 πρὸ
3243 3411 3349 3463 τῶν
3375 3411 3613 3481 εἰρημέ-

332 3523 498 3578 verba
527 3523 791 3577 omissum
822 3537 852 3576 a
888 3522 1050 3577 nobis
1078 3532 1200 3586 est,
1237 3523 1602 3592 inquiramus.
1643 3522 1805 3578 Praale

2139 3506 2494 3576 ἐξετάσωμεν.
2509 3505 2758 3576 Παρῆλθε
2777 3508 2843 3575 τῇ
2861 3504 3046 3574 νύμφῃ
3067 3505 3094 3556 ό
3111 3503 3299 3565 Λόγος,
3315 3502 3612 3570 ἀνέφικτος

335 3628 594 3684 Sponsam
625 3611 861 3667 Verbum
893 3613 1006 3676 sic,
1036 3621 1095 3666 ut
1130 3613 1222 3667 illa
1255 3591 1542 3682 tantopere
1585 3612 1805 3667 desider

2134 3601 2234 3668 αϐῇ
2255 3599 2354 3668 τῆς
2375 3596 2641 3667 ποθούσης
2664 3596 2970 3666 γενόμενος·
2988 3593 3233 3664 παρῆλθε
3255 3593 3310 3645 δὲ
3338 3594 3437 3661 οὐχ
3460 3591 3607 3645 ὥστε

335 3703 550 3771 ipsum,
594 3709 942 3778 nontamen
1005 3702 1393 3772 prehendenda
1443 3708 1745 3755 consecuta
1795 3718 1808 3756 ε

2149 3689 2466 3743 καταλιπεῖν
2515 3690 2581 3760 ἢν
2631 3687 2995 3758 παρέδραμεν,
3043 3686 3156 3739 ἀλλ’
3209 3685 3346 3738 ὥστε
3396 3685 3603 3754 μᾶλλον

336 3794 596 3862 praeteriit
636 3775 856 3856 autem,
893 3807 1002 3846 non
1043 3803 1103 3846 ut
1145 3793 1364 3848 deserat
1413 3795 1782 3860 praeteritam,

2138 3797 2184 3851 1v
2217 3781 2354 3852 πρὸς
2399 3779 2587 3832 ἑαυτὸν
2629 3777 3052 3831 ἐπισπάσασθαι.
3078 3776 3217 3846 Φησὶ
3243 3778 3382 3846 γάρ’
3411 3775 3498 3827 ὅτι
3538 3775 3611 3829 Ἦ

338 3893 399 3936 ιιι
443 3885 618 3953 magis
649 3899 766 3938 eam
799 3883 866 3936 ad
898 3898 1021 3937 sese
1049 3883 1310 3936 attrahat.
1350 3881 1442 3934 Sic
1485 3882 1631 3934 enim
1679 3881 1811 3949 ipsal

2137 3872 2188 3940 εὴ
2237 3890 2356 3941 μου
2402 3870 2662 3939 ἐξῆλθεν
2715 3871 2784 3923 ἐν
2826 3872 2986 3941 λόγῳ
3039 3870 3248 3923 αὑτοῦ.
3293 3868 3610 3940 Ἐξέρχεται

339 3975 410 4027 ait
441 3992 454 4026 :
487 3974 677 4025 Anima
709 3988 824 4024 mea
857 3987 1064 4040 egressa
1097 3980 1173 4024 est
1204 3970 1272 4022 ad
1307 3985 1596 4023 sermonem
1627 3968 1761 4036 ejus.
1799 3966 1812 4019 1

2136 3980 2194 4014 υν
2225 3962 2332 4014 ἀπὸ
2362 3961 2456 4013 τοῦ
2484 3964 2540 4014 ὲν
2566 3953 2610 4027 ᾧ
2634 3955 2702 4029 ἦν
2733 3961 2765 4029 ὴ
2791 3959 2957 4028 ψυχὴ,
2997 3958 3089 4011 καὶ⁸
3136 3957 3308 4018 οὕτως
3342 3957 3454 4008 ἀπὸ
3497 3955 3609 4008 τῶν

339 4078 491 4116 mum
525 4062 691 4132 igitur
728 4062 824 4114 illo
855 4061 922 4114 de
957 4062 1078 4113 loco
1117 4059 1401 4128 egreditur
1437 4062 1621 4112 anima
1644 4095 1660 4122 ,
1711 4058 1766 4111 in
1807 4078 1812 4105 ‹

2135 4053 2401 4105 ισσόντων
2446 4052 2542 4121 τὴν
2590 4053 2745 4104 πόλιν
2788 4048 3439 4120 εὐρίσκεταιἘῦροσαν
3477 4045 3608 4117 γὰρ,

336 4162 496 4208 erat:
532 4163 697 4222 atque
730 4153 804 4205 ita
850 4151 1130 4205 invenitur
1159 4151 1227 4205 ab
1261 4150 1328 4205 iis
1363 4150 1460 4219 qui
1503 4150 1694 4203 urbem
1732 4163 1809 4201 cu:

2063 4145 2175 4216 ησὶ,
2202 4147 2281 4214 μὲ
2309 4146 2363 4197 οἱ
2390 4143 2675 4212 φύλακες,
2711 4144 2764 4196 οἱ
2791 4139 3160 4205 κυκλοῦντες
3189 4139 3305 4206 τὴν
3330 4139 3536 4191 πόλιν.

340 4245 520 4299 diunt.
546 4243 669 4297 Haec
695 4242 842 4296 enim
871 4242 1038 4295 verba
1071 4250 1379 4310 sequuntur
1407 4257 1420 4293 :
1457 4239 1804 4308 Offenderunt
1839 4255 1920 4292 me

340 4334 581 4390 custodes
602 4375 616 4399 ,
645 4336 735 4405 qui
764 4339 819 4390 in
848 4333 974 4386 urbe
1005 4334 1350 4385 circumeunt.
1954 4333 1999 4387 ῐ)

429 4425 576 4477 «μου
607 4404 795 4480 siergo
810 4411 893 4465 vel
922 4409 1119 4465 inferni
1143 4411 1386 4478 pericula
1406 4424 1525 4464 eam
1555 4408 1902 4465 invenissent.

2136 4417 2151 4468 ί
2181 4415 2278 4485 μὲν
2305 4409 2398 4466 οὖν
2427 4413 2478 4465 οἱ
2511 4413 2741 4466 κίνδυνοι
2775 4412 2900 4483 ᾅδου
2927 4404 3086 4482 εὗρον
3117 4413 3310 4484 αὐτὴν,
3341 4413 3375 4483 ἢ
3405 4411 3609 4482 λῃστὰς

359 4506 439 4554 vel
474 4505 538 4553 {lli
565 4503 871 4554 latronibus
895 4501 1172 4571 inventam
1201 4498 1427 4563 diceret,
1457 4497 1640 4566 gravis
1674 4495 1832 4565 profel

2136 4507 2188 4577 il“
2237 4505 2491 4575 εὑρέσθαι
2528 4505 2707 4573 λέγει·
2744 4504 2976 4575 χαλεπὸν
3020 4500 3087 4575 ἧν
3124 4505 3184 4557 τὸ
3225 4505 3486 4557 τοιούτων
3511 4505 3609 4557 αὐ-

356 4608 520 4646 casus
547 4593 592 4644 is
623 4589 783 4643 foret.
809 4588 952 4642 Nam
975 4589 1065 4657 fur
1086 4605 1189 4642 non
1213 4589 1369 4653 venit,
1403 4588 1509 4640 nisi
1532 4596 1589 4640 ut
1612 4587 1829 4654 furatur1

2149 4594 2369 4666 εὕρημα
2396 4593 2665 4661 γενέσθαι.
2697 4594 2758 4646 '0
2783 4594 2892 4661 γὰρ
2915 4591 3179 4658 κλέπτης
3196 4594 3308 4644 οὐκ
3345 4592 3603 4659 ἔρχεται,

356 4689 566 4745 mactet,
584 4689 635 4735 et
649 4679 833 4750 perdat
853 4679 920 4733 '-'°.
949 4679 1016 4734 At
1035 4681 1080 4734 si
1098 4678 1354 4733 custodes
1371 4691 1492 4731 eam
1511 4675 1810 4741 inveniunt,
1826 4704 1829 4723 ε

2137 4685 2173 4753 ἡ
2207 4687 2308 4738 ἵνα
2336 4684 2561 4752 κλέψῃ,
2597 4684 2696 4736 καὶ
2719 4685 2899 4751 θύσῃ,
2920 4683 3017 4736 καὶ
3041 4683 3344 4749 ἀπολέσῃ.
3380 4683 3444 4734 Εἰ
3465 4683 3523 4734 δὲ
3558 4683 3606 4734 ei

357 4776 414 4831 in
440 4775 574 4830 urbe
595 4774 956 4837 circumeunt,
990 4771 1214 4826 omnino
1259 4770 1420 4822 talem
1451 4767 1520 4821 ob
1551 4766 1828 4819 invention

2134 4793 2262 4838 ακες
2295 4775 2461 4844 αὐτὴν
2493 4774 2832 4844 εὑρίσκουσιν
2866 4775 2915 4826 οἱ
2954 4773 3280 4834 κυκλοῦντες
3316 4775 3374 4825 ὲν
3408 4776 3477 4843 τῇ
3514 4773 3607 4824 πό-

358 4871 514 4925 heata
530 4865 816 4938 praedicari
831 4860 1059 4918 debet.N
1065 4877 1149 4915 am
1162 4851 1302 4929 quia
1313 4857 1539 4912 custode
1555 4863 1831 4925 repertust

2156 4845 2464 4936 μακαριστὴ
2499 4865 2712 4927 πάντως
2741 4865 2857 4917 ἐστὶ
2886 4865 2984 4934 τῆς
3011 4863 3265 4932 τοιαύτης
3302 4864 3599 4933 εὑρήσεως.

358 4976 388 5013 a
417 4959 717 5013 latronibus
735 4953 961 5011 subduci
979 4952 1161 5006 furtim
1189 4949 1396 5018 nequit.
1411 4949 1638 5012 Quinam
1666 4947 1828 5017 igitur

2133 4960 2214 5030 τὰρ
2251 4958 2356 5011 ὑπὸ
2391 4957 2485 5010 τοῦ
2530 4957 2766 5026 φύλακος
2801 4955 3064 5026 εὑρεθεὶς,
3099 4955 3203 5007 ὑπὸ
3235 4954 3452 5024 λῃστῶν
3481 4953 3606 5006 κλα-

356 5048 614 5103 custodes
635 5044 1032 5114 sunt?quinam
1063 5041 1174 5101 alii.
1225 5054 1388 5108 quam
1417 5036 1650 5091 ministri
1667 5033 1922 5105 ejus,qui
2016 5050 2180 5120 πῆναι
2213 5049 2273 5102 οὐ
2305 5048 2546 5102 δύναται,
2581 5048 2735 5112 Τίνες
2771 5045 2862 5101 οὖν
2891 5049 3028 5099 εισιν
3065 5048 3113 5098 οε
3140 5045 3419 5115 φύλακες;
3454 5045 3607 5106 Τίνες

359 5140 598 5192 custodit
644 5137 897 5192 lsraelem
934 5134 1024 5185 7‘?
1055 5131 1146 5200 qui
1176 5127 1492 5184 excubando
1517 5141 1734 5181 manum
1765 5141 1828 5180 su

2130 5139 2250 5210 >ι,ἢ
2291 5139 2505 5202 πάντως
2557 5141 2606 5190 οἱ
2656 5139 2945 5208 ὑπηρέται,
2998 5138 3044 5189 οἱ
3100 5135 3473 5204 φυλάσσοντες
3519 5134 3603 5185 τὸν

357 5229 636 5284 dexteram
666 5229 835 5298 tegit;
867 5226 954 5282 cui
980 5225 1159 5277 anima
1186 5222 1370 5275 omnia
1390 5220 1532 5272 malo
1565 5216 1830 5272 custodiet

2130 5230 2285 5300 una;
2337 5229 2443 5282 Τοῦ
2497 5229 2585 5282 διὰ
2630 5229 2732 5298 τῆς
2786 5228 3029 5297 φυλακῆς
3069 5225 3165 5294 τὴν
3209 5223 3390 5287 δεξιὰν
3450 5226 3603 5293 χεῖρα

359 5319 564 5371 credita
590 5317 710 5372 est?
739 5318 831 5386 qui
859 5318 1143 5385 ingressus
1170 5318 1220 5366 et
1238 5309 1570 5381 egressionis
1586 5315 1669 5362 est
1691 5312 1832 5359 custt

2126 5337 2347 5385 ποντος;
2404 5319 2508 5373 Τοῦ
2557 5319 2663 5373 ἀπὸ
2711 5319 2907 5381 παντὸς
2961 5317 3129 5371 κακοῦ
3169 5317 3266 5386 τὴν
3295 5314 3479 5384 ψυχὴν
3506 5333 3599 5381 cpu-

360 5410 409 5465 is
451 5411 705 5464 nimirum
733 5416 817 5464 est
863 5407 1013 5462 urbis
1063 5405 1155 5460 ille
1199 5412 1384 5459 custos
1412 5403 1480 5457 de
1521 5415 1631 5470 quo
1675 5397 1833 5454 dicito

2126 5427 2244 5464 ¹σειν
2274 5411 2742 5480 πεπιστευμένους
2777 5412 2871 5475 Ὃς
2907 5410 2999 5462 καὶ
3040 5408 3244 5461 εἰσόδου
3295 5407 3394 5460 καὶ
3431 5402 3599 5468 ἐξόδου

424 5605 648 5658 "l‘rov.
694 5617 849 5664 χχιιι,
875 5601 962 5653 i3.
1074 5598 1117 5628 °'
1151 5595 1308 5649 Deut.
1346 5607 1518 5658 xxx",
1541 5592 1630 5646 59.
1707 5594 1751 5625 “
1785 5591 1897 5648 Psaf

1916 5630 1934 5648 .
1969 5607 2108 5664 ml,
2150 5593 2203 5645 4.
2319 5593 2363 5623 ⁷ο
2405 5590 2600 5646 Joann.
2644 5592 2808 5657 3,10.
2920 5591 2963 5622 ⁷⁸
2995 5588 3118 5642 Psal
3168 5604 3295 5653 cxx,
3336 5598 3389 5641 4.
