3730 5980
112 226 247 287 1035

1200 224 1269 281 ιδ
1308 221 1607 282 cannea
1636 219 1908 280 suum.
1949 218 2231 277 llOMlLlA
2269 216 2392 272 xu.
2425 180 2436 187 ’

3219 213 3354 269 103‘

110 344 308 416 φύλαξ’
349 338 553 406 ἐκεῖνός
594 339 752 411 ἔστιν,
778 342 808 394 ὁ
856 338 1028 409 φύλαξ
1062 338 1160 411 τῆς
1196 338 1425 403 πόλεως,
1468 337 1593 408 περὶ
1623 327 1672 389 οἶ

1875 331 1917 387 si
1950 330 2206 385 Dominus
2235 329 2499 384 civitatem
2523 324 2809 390 custodiat,
2847 323 3053 395 frustra
3084 323 3261 397 vigilat
3287 330 3356 393 is,

109 453 299 510 φησιν·
352 436 433 489 ὅτι
480 434 615 488 Ἐὰν
660 431 748 503 μὴ
794 434 1010 501 Κύριος
1045 429 1288 501 φυλάξῃ
1341 431 1555 495 πόλιν,
1601 429 1689 494 είς

107 529 302 601 μάτην
329 529 721 598 ἡπρύπνησεν
760 529 794 581 ὁ
841 525 1198 595 φυλάσσων.
1234 524 1316 578 Τά
1365 520 1543 577 τοίνυν
1581 521 1691 574 λει-

112 619 371 693 τουργικά
396 618 700 690 πνεύματα,
730 617 798 671 τὰ
816 612 909 681 ἐἰς
952 614 1227 671 διακονίαν
1254 608 1690 685 ἀποστελλόμενα

112 711 197 765 διὰ
232 711 354 774 τοὺς
386 709 676 780 μέλλοντας
707 704 1060 780 κληρονομεῖν
1101 708 1391 781 σωτηρίαν,
1423 708 1693 762 ἐνδείκνυ-

112 819 200 856 ται
227 800 313 855 διὰ
353 801 460 879 τῶν
490 800 745 869 φυλάκων
798 802 827 853 ὁ
871 796 1028 870 λύγος
1078 800 1185 853 τῶν
1222 796 1560 854 κυκλούντων
1593 798 1690 870 τὴν

112 891 285 945 πόλιν.
316 890 479 961 Ψυχὴ
511 890 588 956 δὲ,
631 885 814 953 καθὼς
849 889 1065 961 εἴρηται
1101 891 1124 942 ὁ
1155 889 1335 957 λόγος,
1365 888 1481 942 ἐστὶ
1510 884 1569 940 τὸ
1597 887 1689 941 τοῦ

112 981 245 1036 Θεοῦ
270 982 600 1053 οἰκητήριον.
634 980 794 1053 Παρά
830 980 1036 1035 τούτων
1062 975 1159 1034 ὀὖν
1197 979 1414 1050 εὑρέθη,
1442 977 1687 1050 φησὶν,”ή

111 1072 276 1144 ψυχὴ,
304 1072 379 1136 ὡς
412 1072 608 1144 εὑρέθη
651 1074 781 1126 ποτὲ
825 1072 977 1144 παρὰ
1012 1071 1106 1126 τοῦ
1141 1069 1325 1126 καλοῦ·
1351 1072 1604 1142 ποιμένος
1631 1068 1692 1124 τὸ

113 1166 400 1235 πρόϐατον,
426 1162 510 1235 ἐφ’
537 1156 599 1220 οῦ
628 1166 799 1219 πᾶσαι
843 1166 951 1220 τῶν
992 1166 1201 1235 ἀγελῶν
1232 1166 1289 1218 αἱ
1320 1166 1527 1237 χορεῖαι
1557 1163 1693 1234 πρὸς

113 1256 449 1328 εὐφροσύνην
496 1256 955 1328 συνεκινήθησαν,
1003 1256 1141 1311 κατά
1185 1256 1301 1327 τὴν“
1341 1255 1434 1310 τοῦ
1488 1254 1693 1325 Κυρίου

114 1339 320 1419 φωνήν.
362 1345 548 1410 Οὕτως
603 1347 807 1417 εὑρέθη
848 1347 978 1399 ποτὲ
1012 1348 1105 1400 καὶ
1138 1347 1170 1417 ἡ
1210 1344 1426 1417 δραχμὴ
1465 1345 1569 1398 ὑπὸ
1598 1344 1693 1397 τοῦ

113 1437 330 1508 λύχνου,
364 1431 516 1508 ἐφ’ᾖ
572 1437 814 1508 χαίρουσι
854 1438 1053 1501 πάντες
1098 1438 1148 1490 οἱ
1200 1435 1343 1507 φίλοι
1375 1454 1433 1489 τε
1489 1436 1584 1488 καὶ
1643 1434 1694 1487 οἱ

115 1528 377 1598 γείτονες.
409 1529 659 1582 Τοιοῦτον
695 1527 906 1600 εὕρεμα
935 1529 1027 1583 καὶ
1069 1530 1097 1582 ὁ
1131 1528 1295 1581 Δαϐὶδ
1326 1528 1352 1581 ὁ
1381 1526 1563 1592 δοῦλος
1599 1524 1695 1579 τοῦ

115 1619 323 1691 Κυρίου
366 1619 595 1687 γίνεται,
639 1619 821 1684 καθὼς
866 1620 959 1672 καὶ
1006 1621 1039 1690 ἡ
1088 1618 1373 1690 ψαλμῳδία
1432 1620 1595 1688 φησὶν
1631 1618 1696 1670 ἐκ

116 1710 410 1779 προσώπου
452 1708 545 1763 τοῦ
580 1710 714 1763 Θεοῦ
735 1726 748 1740 ·
781 1711 862 1764 ὃτι
901 1707 1100 1781 Εὗρον
1126 1710 1305 1764 Δαϐὶδ
1341 1710 1444 1764 τὸν
1473 1710 1698 1764 δοῦλόν

108 1818 251 1869 μου,
284 1801 353 1855 ἐν
374 1800 556 1865 ἐλαίῳ
577 1800 721 1869 ἁγίῳ
741 1820 859 1871 μου
893 1801 1107 1872 ἕχρισα
1141 1803 1346 1857 αὐτόν.
1388 1802 1482 1864 “tl;
1515 1799 1697 1872 ἐπειδὴ

113 1892 303 1963 κτῆμα
325 1890 418 1944 τοῦ
458 1892 707 1962 εὑρόντος
738 1892 970 1960 ἐγένετο,
1004 1892 1324 1963 ἀκούσωμεν
1359 1894 1484 1946 οἴων
1521 1890 1700 1957 ἀξιοῦσ-

113 1998 237 2037 ται·
283 1982 343 2038 Ἠ
379 1985 512 2053 χείρ
534 2001 675 2053 μου,
724 1984 907 2055 φησὶν,
958 1985 1472 2055 συναντιλήψεται
1516 1981 1696 2048 αὐτῷ,

114 2074 216 2129 καὶ
255 2077 289 2128 ό
311 2075 583 2143 βραχίων
606 2093 726 2144 μου
760 2076 1115 2144 κατισχύσει
1154 2077 1369 2131 αὐτόν·
1406 2073 1505 2128 καὶ
1554 2093 1700 2144 συγ-
1739 2130 1750 2142 ,

115 2168 288 2237 κόψω
314 2166 431 2221 ἀπὸ
456 2164 778 2236 προσώπου
800 2167 985 2221 αὐτοῦ
1022 2166 1166 2236 τοὺς
1193 2166 1446 2236 ἐχθροὺς
1485 2167 1696 2236 αὐτοῦ,

117 2259 221 2314 καὶ
274 2256 419 2324 τοὺς
448 2256 783 2327 μισοῦντας
813 2258 999 2313 αὐτὸν
1024 2257 1429 2329 τροπὼσομαι·
1464 2259 1557 2314 xui.
1599 2259 1700 2314 ὅσα

113 2347 253 2402 ἄλλα
298 2350 327 2401 ὁ
374 2348 473 2417 τῆς
532 2348 781 2417 εὐλογίας
833 2349 1078 2421 περιέχει
1133 2348 1450 2419 κατάλογος.
1492 2347 1700 2403 Οὐκοῦν

115 2437 284 2492 καλόν
314 2438 460 2491 ἐστιν
485 2438 773 2510 εὑρεθῆναι
817 2440 922 2493 ὑπὸ
965 2441 1074 2493 τῶν
1110 2440 1451 2496 κυκλούντων
1483 2440 1577 2512 τὴν
1602 2441 1701 2496 πό-

109 2525 203 2582 λιν
246 2527 345 2598 τὴν
387 2527 563 2599 ψυχὴν
615 2517 881 2598 ἀγγέλων.
917 2528 1072 2583 Οὕτω
1122 2530 1232 2604 γὰρ
1263 2533 1403 2586 νοεῖν
1453 2533 1481 2585 ὁ
1529 2533 1701 2603 μέγας

116 2619 284 2673 Δασὶδ
328 2619 639 2673 ὑποτίθεται
687 2620 895 2690 λέγων’
950 2622 1324 2693 Παρεμϐαλεῒ
1367 2626 1401 2678 ό
1447 2623 1702 2694 ἄγγελος

120 2711 341 2780 Κυρίου
367 2711 569 2776 κύκλῳ
596 2711 717 2765 τῶν
743 2714 1131 2783 φοϐουμένων
1160 2715 1365 2782 αὑτὸν,
1397 2716 1495 2770 καὶ
1518 2717 1703 2784 ῥύσε-

116 2819 215 2856 ται
239 2802 478 2866 αὐτούς.
511 2801 721 2856 Οὐκοῦν
758 2804 790 2875 ή
823 2804 1069 2872 εἰποῦσα,
1096 2806 1176 2859 ὄτι
1221 2808 1282 2861 Οἱ
1321 2808 1590 2876 φύλακές
1624 2825 1701 2879 με

118 2888 445 2956 ἐπάταξαν,
483 2890 800 2963 προσθήκην
844 2894 966 2963 τινὰ
1017 2896 1340 2966 γεγενῆσθαι
1386 2898 1554 2968 αὐτῆς
1602 2899 1700 2968 τῆς

1789 421 1878 491 qui
1904 418 2138 474 custodit
2167 417 2234 473 τ’.
2279 415 2655 489 Quamobrem
2716 414 2943 484 spiritus
2980 414 3060 470 illi
3088 416 3341 473 ministra

1790 520 1958 576 tores,
1992 509 2089 581 qui
2138 509 2207 564 ad
2250 507 2616 564 ministerium
2652 506 2943 561 mittuntur
2986 517 3212 577 prepter
3238 523 3359 573 eos.

1789 603 1882 673 qui
1937 602 2133 659 salutis
2168 601 2412 656 haeredes
2457 597 2628 654 futuri
2662 604 2792 653 sunt
2820 596 2898 663 ⁷⁸,
2954 613 3050 668 per
3107 600 3364 659 custodes

1790 695 1846 750 in
1896 694 1983 750 his
2047 692 2230 749 verbis
2289 693 2655 755 denotantur,
2700 689 2795 761 qui
2864 689 2921 744 in
2974 689 3197 745 civitate
3256 694 3365 748 cir-

1795 786 2008 841 cumire
2047 783 2324 839 dicuntur.
2358 781 2567 839 Civitas
2618 790 2800 838 autem
2848 782 2963 850 illa,
3009 783 3366 854 quemadmoo

1790 877 1919 933 dum
1948 877 2333 941 indicavimus,
2366 877 2545 930 anima
2577 882 2682 941 est,
2708 876 3047 931 domicilium
3090 877 3223 933 illttd
3248 876 3364 932 Dei.

1791 968 1875 1022 Ab
1903 967 1989 1022 his
2018 967 2184 1037 igitur
2245 966 2464 1021 inventa
2497 975 2580 1022 est
2608 967 2810 1031 anima,
2847 968 2991 1023 sicut
3013 968 3306 1039 aliquando
3334 985 3365 1024 a

1793 1064 2011 1129 pastore
2046 1057 2192 1111 bono
2221 1064 2440 1126 reperta
2470 1055 2562 1109 illa
2587 1056 2706 1111 ovis
2736 1063 2842 1120 est,
2888 1057 2959 1111 ob
2985 1072 3147 1127 quam
3171 1058 3366 1114 inven-

1795 1156 1903 1202 tam
1926 1163 2117 1219 greges
2145 1147 2387 1202 universi
2422 1147 2770 1218 tripudiando
2798 1148 2866 1203 ad
2894 1148 3135 1203 laetitiam
3165 1149 3368 1220 pariter

1794 1240 2049 1294 commoti
2098 1246 2249 1303 sunt,
2298 1240 2756 1308 quemadmodum
2807 1241 2923 1311 ipsc
2975 1240 3237 1295 Dominus
3270 1243 3365 1295 ait.

1796 1328 1889 1386 Sic
1906 1330 2298 1400 perlucernam
2330 1329 2624 1400 aliquando
2654 1339 2709 1385 et
2732 1330 2995 1385 drachma
3023 1341 3238 1400 reperta
3261 1344 3368 1396 est,

1797 1422 1868 1477 ob
1881 1436 2042 1492 quam
2063 1423 2318 1476 laetantur
2343 1421 2502 1476 amici
2522 1436 2587 1476 ac
2606 1421 2772 1476 vicini
2788 1436 2980 1477 omnes
2999 1423 3065 1476 7".
3099 1421 3189 1477 Sic
3204 1424 3369 1478 etiam

1797 1529 1992 1571 servus
2052 1515 2143 1570 ille
2200 1513 2293 1571 Dei
2341 1512 2509 1570 David
2572 1515 2861 1585 reperitur,
2892 1508 3370 1585 quemadmodum
3419 1526 3437 1539 '

1798 1607 2044 1676 psalmus
2097 1607 2149 1660 in
2189 1620 2426 1677 persona
2451 1605 2544 1663 Dei
2585 1607 2867 1678 loquitur:
2899 1602 3083 1662 Inveni
3122 1607 3373 1662 Davidem

1799 1719 2002 1758 servum
2030 1721 2221 1771 meum,
2247 1700 2359 1759 oleo
2387 1721 2500 1760 meo
2523 1721 2677 1761 sacro
2700 1708 2886 1762 ἐπειηωὶ
2906 1723 3024 1762 eum
3057 1708 3123 1760 ⁷⁸.
3150 1706 3375 1764 Postea-

1799 1808 1963 1864 quam
1996 1807 2124 1849 vero
2156 1795 2203 1851 is
2242 1795 2525 1865 possessio
2588 1797 2737 1853 illius
2770 1814 2893 1854 osse
2920 1799 3084 1869 «cpit
3113 1799 3204 1870 qui
3249 1815 3374 1856 eum

1799 1894 2098 1955 repererat.
2136 1887 2425 1943 audiamus
2460 1888 2645 1958 qualia
2684 1898 3058 1959 consequatur
3100 1905 3114 1949 :
3154 1891 3371 1952 Manus.

1800 1976 2001 2048 inquit,
2054 1994 2172 2031 mea
2201 1979 2332 2046 feret
2371 1975 2473 2047 ipsi
2514 1989 2748 2047 opem,et
2783 1979 3057 2035 brachium
3089 1998 3261 2036 meum
3287 1998 3376 2035 ro-

1802 2063 1901 2121 bur
1929 2069 2085 2123 addet
2113 2068 2182 2123 ei.
2219 2068 2369 2124 Nihil
2391 2066 2445 2124 in
2465 2088 2525 2126 eo
2549 2071 2788 2141 proﬁciet
2819 2072 3012 2138 hostis,
3035 2084 3085 2128 et
3105 2074 3251 2143 [ilius
3273 2077 3375 2129 ini-

1800 2161 2022 2231 quitatis
2075 2177 2177 2215 non
2236 2161 2466 2231 amplius
2524 2163 2714 2233 aﬂliget
2770 2163 2967 2230 ipsum.
3027 2164 3373 2220 Adversarius

1800 2247 1915 2322 ejus
1957 2270 1991 2307 a
2028 2248 2164 2322 facie
2214 2252 2380 2320 ipsius
2433 2254 2731 2318 concidam,
2771 2262 2821 2308 et
2852 2264 3150 2310 convertam
3183 2258 3237 2311 in
3286 2257 3374 2328 fu-

1800 2362 1924 2416 gam
1961 2345 2085 2399 illos
2142 2344 2231 2415 qui
2284 2343 2404 2398 odio
2444 2346 2614 2415 ipsum
2653 2355 3031 2415 persequuntur
3048 2347 3116 2401 ’⁸.
3166 2345 3376 2413 Quibus

1802 2428 1942 2485 adde
1966 2425 2189 2485 caetera
2235 2447 2575 2503 quacunque
2618 2433 2756 2489 bene
2790 2435 3066 2503 precantis
3098 2435 3187 2492 ille
3220 2445 3376 2491 cata-

1802 2518 1960 2591 logus
2015 2522 2280 2578 continet.
2317 2522 2684 2589 Quamobrem
2716 2524 2920 2579 bonum
2963 2534 3047 2581 est
3077 2524 3278 2582 offendi
3308 2528 3377 2581 ab

1802 2609 2032 2680 angelis,
2068 2610 2160 2681 qui
2183 2610 2487 2678 civitatem,
2506 2611 2745 2666 animam
2777 2612 2989 2669 scilicet
3011 2616 3371 2671 circumeunt.

1805 2701 1897 2757 Sic
1920 2703 2124 2759 sentire
2159 2718 2261 2759 nos
2293 2718 2520 2775 magnus
2552 2704 2643 2759 ille
2669 2700 2839 2760 David
2868 2705 3044 2776 jubet,
3104 2724 3226 2763 cum
3256 2708 3333 2763 ait
3360 2729 3372 2762 :
3432 2742 3435 2743 ν

1804 2792 2288 2851 Castrametabitur
2348 2796 2564 2865 angelus
2617 2794 2830 2850 Domini
2888 2798 3112 2869 undique
3176 2801 3376 2854 circuin

1806 2886 2044 2943 timentes
2084 2904 2227 2952 eum,
2259 2895 2308 2943 et
2342 2886 2588 2941 liberabit
2609 2886 2732 2942 illos
2762 2889 2828 2942 ".
2861 2888 2992 2955 Quae
3021 2891 3189 2963 igitur
3214 2893 3290 2947 ait
3318 2908 3378 2948 se

117 2980 212 3031 ἐπὶ
254 2978 315 3031 τὺ
362 2978 473 3032 ἀνω
511 2980 795 3051 προκοπῆς
852 2984 1210 3054 ἐκαυχήσατο.
1262 2985 1327 3039 Ei
1382 2985 1439 3039 δὲ
1481 2986 1582 3040 ’καὶ
1641 2988 1672 3039 ὲλ

1875 2982 2138 3037 rberalam
2161 2995 2188 3034 a
2217 2981 2537 3037 custodibus
2553 3021 2568 3045 ,
2591 2982 2858 3052 gloriatur
2891 2998 2950 3039 se
2980 2985 3033 3038 in
3052 2984 3295 3056 profectu
3311 2989 3375 3040 ad

116 3072 390 3143 τραύματι
418 3070 744 3141 γεγενῆσθαι
781 3072 947 3141 λέγει,
978 3075 1077 3145 τὴν
1118 3078 1180 3129 ὲν
1220 3075 1371 3146 βάθει
1406 3078 1700 3151 γενομένην

115 3163 259 3234 αύτῇ
298 3160 386 3215 διὰ
411 3163 510 3233 τῆς
540 3160 690 3224 θείας
729 3162 923 3234 ράὗδου
962 3165 1130 3219 τύπον
1166 3167 1241 3238 τῷ
1264 3167 1407 3241 λόγῳ
1436 3172 1706 3243 παρίστη..

118 3270 222 3307 σιν.
260 3254 334 3306 Οὕ
368 3253 476 3324 γὰρ
504 3252 819 3308 ἐπιπόλαιον
845 3255 945 3326 τῆς
980 3259 1353 3332 πνευματικῆς
1385 3262 1578 3333 ῥάϐδου
1607 3265 1713 3335 τὴν,

114 3345 401 3416 ἐνέργειαν
433 3345 517 3414 ἐφ’
545 3345 746 3415 ἑαυτῆς
788 3345 1020 3416 δέχεται,
1064 3349 1140 3412 ὡς
1191 3351 1265 3422 μὴ
1302 3355 1704 3426 ἐπιγνωσθῆναι

110 3437 210 3492 τὸν
241 3435 406 3489 τύπον
449 3436 509 3489 ὲν
543 3429 588 3505 ᾧ
635 3438 733 3507 τὴν
774 3438 968 3509 ῥάϐδον
1012 3442 1261 3506 ἐδέξατο·
1303 3443 1416 3497 ἀλλ’
1439 3446 1704 3517 ἐπίσημος

82 3527 208 3582 ,διὰ
240 3527 334 3581 τοῦ
364 3527 674 3599 τραύματος
704 3529 973 3591 δείκνυται
1002 3534 1033 3603 ὴ
1068 3531 1269 3606 πληγὴ,
1371 3538 1704 3607 ἐγκαυχᾶται

113 3621 154 3692 ἡ
185 3620 394 3692 νύμφη.
439 3621 514 3675 Τὸ
563 3620 620 3674 δὲ
672 3621 961 3695 λεγόμενον
1002 3624 1243 3679 τοιοῦτόν
1271 3628 1444 3681 ἐστιν·
1479 3629 1545 3682 Ἡ
1586 3628 1705 3683 θεία

120 3711 321 3784 ῥάϐδος
350 3712 554 3784 ἐκείνη,
598 3712 690 3773 καὶ
730 3716 763 3786 ἡ
811 3716 1194 3789 παρακλητικὴ
1241 3717 1530 3791 βακτηρία,
1558 3721 1591 3791 ὴ
1617 3720 1703 3774 διὰ
1736 3746 1743 3751 θ

116 3804 216 3857 τοῦ
247 3803 546 3857 πατάσσειν
571 3805 655 3858 ἐνε
665 3805 868 3874 ργοῦσα
892 3806 990 3879 τὴν
1012 3808 1174 3874 ἴασιν,
1195 3809 1255 3863 τὸ
1273 3810 1498 3881 Πνεῦμά
1526 3813 1700 3866 ἐστιν·

116 3886 180 3946 οὖ
213 3892 423 3965 καρπὸς
450 3893 521 3946 τά
560 3910 619 3946 τε
646 3894 778 3949 ἄλλα
816 3896 923 3949 τῶν
963 3897 1179 3966 ἀγαθῶν
1206 3900 1306 3953 ὃσα
1335 3900 1542 3966 Παῦλος
1580 3901 1705 3972 ἠρί-

115 3984 321 4055 θμησε,
359 3987 452 4038 καὶ
490 3988 627 4056 μετά
668 3987 774 4039 τῶν
817 3988 1053 4061 ἄλλωνή
1107 3991 1451 4061 παιδαγωγὸς
1486 3994 1584 4064 τῆς
1622 3996 1707 4047 ἐν·

114 4073 317 4145 αρέτου
346 4074 621 4139 πολιτείας
666 4075 977 4146 ἐγκράτεια.
1024 4076 1181 4131 Οὕτω
1222 4077 1333 4151 γὰρ
1368 4079 1463 4134 καὶ
1495 4078 1707 4143 Παῦλος

114 4168 146 4220 ὁ
181 4164 295 4219 τῶν
344 4166 600 4220 τοιούτων
638 4166 861 4237 πληγῶν
903 4169 1224 4239 στιγματίας
1272 4173 1383 4236 τοῖς
1427 4169 1705 4243 τραύμασι

112 4256 333 4321 τούτοις
358 4257 791 4330 ἐπαγαλλόμενος
817 4257 1000 4327 ἔλεγεν
1017 4277 1032 4292 ο
1057 4261 1138 4314 ὅτι
1171 4259 1253 4317 Τὰ
1282 4261 1573 4333 στίγματα
1598 4261 1705 4316 τοῦ

1806 3074 1999 3128 altiora
2072 3073 2325 3127 nonnihil
2388 3074 2722 3129 accessionis
2783 3085 3157 3133 consecutam.
3224 3076 3377 3146 Quod

1806 3173 1987 3221 autem
2017 3166 2358 3220 vulneratam
2405 3179 2466 3222 se
2491 3181 2710 3236 quoque
2734 3176 3125 3224 commemorat
3151 3207 3166 3234 ,
3199 3169 3255 3225 in
3314 3187 3380 3227 eo

1806 3258 2045 3313 declarat
2088 3259 2253 3312 ictum
2317 3258 2516 3315 divinae
2579 3261 2745 3331 virgae
2803 3260 2870 3315 ad
2898 3261 3006 3314 ima
3040 3269 3376 3331 penetrasse.

1804 3349 1923 3404 Non
1959 3351 2103 3405 cnim
2143 3362 2385 3405 extrema
2432 3352 2580 3408 velut
2612 3352 2666 3405 in
2720 3352 3007 3422 superﬁcie
3034 3355 3198 3425 virga:
3234 3356 3380 3413 illius

1806 3441 2112 3511 spiritualis
2141 3440 2511 3496 ellicacitatem
2539 3444 2803 3511 percepit,
2834 3451 2892 3495 ut
2921 3445 3062 3499 ictus
3091 3447 3378 3517 vestigium

1807 3530 2026 3601 agnosci
2058 3531 2262 3585 nullum
2278 3531 2469 3599 possit,
2502 3528 2597 3585 sed
2626 3531 2781 3600 plaga
2823 3532 2939 3586 lucc
2971 3532 3040 3586 ob
3067 3533 3267 3589 vulnus
3297 3537 3369 3588 in-

1807 3621 1979 3693 signis
2018 3619 2375 3691 conspicitur,
2429 3627 2654 3690 propter
2684 3636 2847 3691 quam
2881 3621 3054 3692 ipsam
3088 3639 3146 3679 se
3180 3630 3379 3695 sponsa

1802 3708 1995 3780 jactat.
2022 3711 2119 3765 Est
2148 3717 2328 3764 autem
2385 3710 2700 3781 hujusmodi
2751 3712 2997 3784 quaedam
3053 3714 3108 3770 in
3139 3714 3224 3770 his
3255 3732 3377 3772 sen-

1782 3797 2183 3870 'tentia:Virga
2235 3801 2326 3855 illa
2359 3802 2563 3867 divina,
2613 3810 2668 3859 et
2700 3803 2928 3860 baculus
2954 3807 3378 3871 consolatorius.

1806 3894 1900 3964 qui
1955 3907 2048 3963 per
2109 3893 2285 3963 ipsam
2340 3894 2776 3950 verberationem
2835 3895 3133 3953 eliicaciter
3196 3911 3378 3961 sanat.

1809 3981 2045 4052 Spiritus
2070 3988 2196 4037 est:
2227 3982 2384 4053 cujus
2437 3981 2649 4041 fructus
2678 4000 2801 4040 cum
2834 3986 2939 4042 alia
2976 3987 3221 4059 quaedam
3254 4001 3381 4047 sunt

1805 4072 1968 4137 bona,
2001 4088 2340 4145 quaecunque
2392 4070 2597 4132 Paulus
2623 4081 3090 4144 commemoravit,
3144 4088 3256 4136 tum
3294 4083 3377 4138 in-

1806 4171 1893 4220 ter
1945 4165 2061 4221 haec
2112 4166 2230 4236 ipsa
2272 4167 2652 4238 temperantia,
2714 4170 2975 4240 magistra
3019 4172 3143 4226 vita:
3194 4174 3379 4231 virtuti

1806 4265 2211 4312 consentaneae.
2273 4257 2365 4313 Sic
2414 4256 2558 4312 enim
2606 4256 2808 4314 Paulus
2866 4259 3002 4330 ipse,
3066 4260 3377 4332 hujusmodi

113 4349 385 4418 Χριστοῦ
436 4350 507 4404 ἐν
565 4348 646 4416 τῷ
684 4350 913 4421 σώματί
952 4370 1074 4422 μου
1125 4352 1431 4423 περιφέρω.
1477 4354 1667 4409 Δεικνὺ

1875 4347 1975 4418 agis
2005 4354 2231 4402 notatus
2285 4348 2536 4412 verbero,
2587 4348 2874 4404 exsultans
2900 4350 2970 4404 ob
3000 4349 3116 4406 haec
3156 4353 3376 4412 vulnera

106 4442 217 4514 τὴν
246 4441 309 4495 ὲν
336 4436 497 4497 παντὶ
529 4442 684 4515 κακῷ
715 4442 1015 4508 ἀσθένειαν,
1048 4442 1117 4497 δι’
1142 4439 1211 4516 ἧς
1237 4446 1270 4516 ἡ
1299 4445 1440 4499 κατά
1470 4445 1703 4517 Χριστὸν

107 4530 347 4602 δύναμις
364 4531 426 4584 ἐν
442 4531 607 4604 ἀρετῇ
630 4531 948 4586 τελειοῦται.
970 4532 1153 4588 Καλὸν
1168 4527 1261 4586 οὖν
1281 4533 1376 4589 καὶ
1398 4533 1460 4587 τὸ
1482 4532 1703 4605 τραῦμα

105 4623 205 4678 διὰ
247 4622 360 4677 τῶν
402 4624 704 4696 εἰρημένων
740 4625 870 4696 ἡμῖν
901 4624 1263 4699 ἀναπέφηνεν,
1302 4624 1370 4679 δι’
1396 4617 1458 4679 οὕ
1482 4625 1702 4695 γέγονεν

106 4714 257 4783 αὐτῇ
304 4712 401 4766 τοῦ
442 4713 723 4784 θερίστρου
760 4716 795 4786 ἡ
838 4715 1193 4787 περιαίρεσις.
1232 4713 1393 4769 ’Ὥστε
1430 4715 1701 4770 ἀνακαλυ-

105 4802 321 4874 φθῆναι
355 4803 491 4874 αὐτῇ
528 4802 590 4856 τὸ
615 4803 717 4874 τῆς
761 4802 940 4874 ψυχῆς
986 4802 1199 4869 κάλλος,
1240 4803 1437 4875 μηκέτι
1486 4805 1701 4859 ἐπισκο-

100 4895 338 4960 τοῦντος
365 4894 460 4950 τοῦ
493 4895 684 4969 ὲπιϐλή
691 4912 877 4967 ματος.

193 5159 344 5215 Ἀλλ’
394 5159 824 5230 ὲπαναλάόωμεν
879 5161 1040 5215 πάλιν
1088 5161 1698 5235 ἀνακεφαλαιωσάμενοι

96 5251 209 5321 τὴν
238 5250 355 5303 τῶν
375 5250 680 5321 εἰρημένων
701 5251 957 5305 διάνοιαν.
994 5253 1058 5305 Ἡ
1087 5252 1222 5323 πρὸς
1245 5254 1337 5307 τὸν
1359 5254 1490 5307 Θεὸν
1517 5254 1701 5325 ὁρῶσα

96 5342 284 5412 ψυχὴ,
319 5343 419 5395 καὶ
452 5343 547 5395 τὸν
590 5341 792 5410 ἀγαθὸν
828 5343 1031 5397 ἐκεῖνον
1081 5344 1245 5398 πόθον
1282 5345 1376 5398 τοῦ
1425 5345 1701 5419 ἀφθάρτου

94 5433 347 5497 κάλλους
373 5432 849 5504 ἀναλαμϐάνουσα,
881 5435 968 5488 ἀεὶ
995 5435 1120 5489 νέαν
1153 5436 1249 5508 τὴν
1287 5438 1422 5509 πρὸς
1447 5438 1508 5492 τὸ
1536 5439 1703 5509 ὕπερ-

158 5548 227 5580 ⁴¹¹
260 5541 615 5610 Ρεο1.οτιῐνι,
644 5546 696 5601 l.
760 5544 806 5577 "
829 5544 992 5600 Hebr.
1015 5562 1054 5607 ι,
1091 5548 1178 5603 14.
1239 5552 1283 5587 ⁷³
1306 5550 1438 5607 Luc.
1465 5569 1554 5612 xv.
1595 5552 1647 5606 9.

94 5617 149 5650 τ’
187 5617 380 5675 Galat.
414 5631 490 5681 v1,
534 5615 620 5670 17.
701 5615 748 5647 τ’
772 5613 816 5669 ll
837 5616 964 5670 Cor.
991 5632 1095 5680 χιι,
1122 5619 1175 5673 9.

346 5770 357 5773 Α
448 5703 719 5765 Parnm.
766 5706 883 5767 Gn.
930 5706 1153 5767 XLIV.

1811 4439 2033 4510 inquit:
2095 4438 2365 4509 Stigmata
2431 4438 2632 4493 Christi
2659 4455 2771 4494 meo
2794 4441 2849 4494 in
2900 4457 3113 4512 corpore
3156 4446 3381 4503 circum-

1808 4530 1919 4599 fero
1940 4531 2006 4585 ⁷⁸.
2047 4529 2261 4598 Quibus
2284 4530 2466 4586 verbis
2490 4529 2735 4587 indicare
2757 4532 2930 4591 voluit
2956 4533 3378 4594 imbecillitatem

1805 4623 1864 4679 in
1900 4622 2048 4677 omni
2081 4618 2226 4677 malo
2287 4636 2464 4685 suam,
2500 4636 2599 4692 per
2624 4637 2788 4692 quam
2814 4624 3018 4680 Christi
3046 4627 3131 4682 vis
3189 4629 3243 4683 in
3270 4631 3378 4684 vir-

1802 4720 1922 4783 tute
1948 4711 2312 4784 perllcitur’.‘.
2361 4710 2621 4766 Videmus
2649 4711 2813 4781 igitur
2840 4728 2905 4767 ex
2949 4714 3057 4771 illis
3088 4732 3209 4787 qua:
3239 4719 3380 4774 dixi-

1805 4821 1951 4871 mus,
1986 4806 2149 4862 etiam
2194 4804 2516 4883 praeclarum
2546 4802 2652 4858 hoc
2683 4804 2882 4860 vulnus
2921 4820 3068 4873 esse,
3109 4822 3206 4878 per
3232 4810 3375 4879 quod

1805 4914 2021 4970 sponsze
2072 4899 2265 4972 peplus
2318 4899 2605 4970 ademptus
2661 4899 2771 4953 sit:
2812 4899 2886 4953 ita
2919 4908 2980 4954 ut
3028 4901 3140 4971 jam
3187 4905 3381 4960 animm

1802 4991 2151 5062 pulchritudo
2209 4991 2282 5046 sit
2305 4991 2565 5056 revelata,
2627 5004 2737 5046 non
2792 4991 3025 5061 amplius
3071 4991 3380 5054 oll‘undente

1801 5080 1880 5137 illi
1913 5079 2200 5151 caliginem
2219 5081 2445 5136 amictu.

1875 5173 2180 5229 Enimvero
2259 5181 2576 5243 repetamus
2621 5170 2735 5226 hinc
2778 5186 3020 5237 rursum,
3065 5175 3374 5230 summatim

1804 5277 1994 5318 eorum
2031 5276 2152 5331 quae
2199 5261 2347 5316 dicta
2380 5269 2510 5317 sunt
2567 5263 2797 5317 collecta
2844 5262 3137 5317 sententia.
3182 5261 3376 5319 Anima

1806 5350 1900 5405 illa
1941 5365 2063 5421 qua:
2093 5348 2260 5405 Deum
2304 5350 2581 5417 intuetur,
2629 5358 2682 5405 et
2715 5349 2882 5405 semel
2919 5350 3377 5420 pulchritudinem

1806 5439 2047 5496 interitui
2089 5439 2226 5494 nulli
2262 5438 2563 5510 subjeCIam
2597 5436 2913 5493 desiderare
2946 5440 3132 5511 cmpit,
3167 5458 3378 5515 semper

1705 5556 1750 5588 ⁷⁵
1778 5553 1922 5611 Psal.
1950 5568 2213 5622 Lxxxvm,
2239 5554 2331 5610 ﬁl.
2392 5552 2594 5625 "_ibid.
2614 5552 2703 5616 22,
2734 5550 2826 5605 24.
2861 5553 2907 5585 ⁷⁷
2932 5551 3077 5610 Psal.
3102 5570 3290 5620 xxxiii,
3320 5567 3374 5617 Β.

3012 5714 3088 5772 33
