3756 5988
359 256 497 313 1035

1637 253 1695 308 S.
1737 251 2067 310 GBEGORII
2102 254 2397 312 NYSSENI
2472 258 2479 269 ‘

3497 257 3620 312 103G

356 370 566 429 recenti
600 367 840 442 quadam
894 384 1063 441 supra
1101 384 1204 427 nos
1246 368 1406 441 positi
1453 364 1588 426 boni
1635 370 1839 441 cupidit

2138 393 2290 447 μενον
2325 374 2619 445 ἐπιθυμίαν
2660 364 2811 446 ἔχει,
2850 374 3106 429 οὐδέποτε
3159 376 3307 448 κόρῳ
3346 374 3440 429 τὸν
3469 376 3621 439 πόθον

359 460 714 526 accenditur,
748 458 898 514 nulla
942 460 1194 515 satietate
1242 458 1576 515 desiderium
1623 458 1726 515 hoc
1769 460 1936 519 hebe-

356 556 529 606 tante.
564 550 862 622 Propterea
906 565 1122 620 semper
1155 550 1222 604 ad
1253 550 1530 605 anteriora
1570 551 1934 622 contendens,

356 659 644 714 nunquam
664 643 869 698 desinit
899 642 1027 697 inde
1060 641 1304 712 prodire,
1339 642 1429 698 ubi
1455 652 1560 710 est,
1595 651 1650 700 et
1694 645 1759 700 ad
1800 645 1937 701 inte-

359 736 509 790 riora
544 743 854 806 penettare,
894 731 988 789 ubi
1035 735 1269 791 necdum
1323 733 1447 790 fuit.
1515 733 1716 792 Eadem
1780 735 1936 807 quid-

357 829 490 900 quid
526 830 723 899 quovis
753 827 803 884 ei
837 836 1083 899 tempore
1127 826 1511 881 admirandum
1566 842 1631 883 ac
1676 844 1934 900 magnum

358 918 612 984 oﬂ'erlur,
643 917 879 975 inferius
914 918 1165 973 ulteriori
1198 933 1321 973 esse
1353 918 1547 974 statuit
1583 938 1595 973 :
1647 928 1935 991 propterea

361 1010 508 1081 quod
557 1010 845 1082 pulchrius
868 1009 1097 1064 omnino
1135 1015 1220 1065 est
1263 1010 1418 1080 prius
1464 1018 1754 1081 percepto,
1788 1012 1935 1082 quod

359 1116 578 1172 semper
606 1100 907 1156 invenitur.
938 1099 1416 1167 Quemadmodum
1460 1111 1530 1179 et.
1548 1101 1752 1158 Paulus
1801 1119 1938 1174 quo-

358 1193 497 1249 tidie
510 1192 932 1259 moriebatur“,
958 1208 1024 1248 ex
1055 1208 1164 1263 quo
1183 1208 1401 1262 semper
1428 1190 1496 1246 ad
1530 1209 1728 1249 novam
1752 1210 1940 1265 quam-

360 1286 484 1343 dam
511 1286 679 1342 vitam
731 1286 1121 1352 contendebat,
1173 1294 1428 1341 mortuus
1474 1287 1601 1342 vitae
1626 1289 1937 1358 praeteritae,

360 1394 425 1434 ac
458 1393 651 1434 eorum
687 1393 809 1449 quae
858 1376 972 1449 jam
1028 1362 1342 1433 confecerat
1385 1378 1734 1434 obliviscens.
1804 1378 1938 1433 Eam

356 1470 432 1525 ob
466 1483 689 1524 causam
721 1474 776 1522 et
806 1482 1032 1537 sponsa,
1074 1482 1197 1536 quae
1222 1465 1290 1520 ad
1319 1482 1584 1536 sponsum
1617 1482 1785 1522 cursu
1815 1483 1941 1522 con-

354 1559 551 1625 tendit,
585 1557 827 1629 quietem
866 1571 896 1609 a
926 1555 1180 1629 profectu
1213 1556 1280 1612 ad
1307 1558 1515 1627 majora
1555 1556 1760 1612 nullam
1793 1560 1941 1614 inve-

2037 468 2402 540 ἀμϐλύνουσα.
2472 467 2571 521 Διὰ
2630 467 2786 521 τοῦτο
2852 469 3082 523 πάντοτε
3150 472 3263 532 τοῖς
3319 467 3625 539 ἔμπροσθεν

2038 561 2461 632 ἐπεκτεινομένη
2491 560 2550 613 οὑ
2582 559 2834 623 παύεται,
2870 559 2965 615 καὶ
3013 559 3122 614 ἀπὸ
3169 559 3261 613 τοῦ
3304 562 3364 613 ἐν
3402 552 3449 626 ᾧ
3490 561 3628 613 ἐστιν

2039 651 2254 717 ἐξιοῦσα
2293 652 2388 705 καὶ
2438 651 2573 723 πρὸς
2618 652 2708 704 τὸν
2761 650 3031 722 ἐνδότερον
3080 650 3427 721 είσδυομένη,
3486 651 3544 702 ἐν
3590 642 3631 715 ᾧ

2037 742 2191 797 οὔπω
2220 744 2459 813 ἐγένετο·
2500 742 2594 796 καὶ
2639 744 2699 795 τὸ
2747 742 2976 796 πάντοτε
3026 741 3339 812 θαυμαστὸν
3368 742 3510 810 αὑτῇ
3545 741 3636 793 καὶ

2042 837 2182 908 μέγα
2221 835 2563 906 φαινόμενον,
2598 833 2904 904 κατώτερον
2951 833 3247 904 ποιουμένη
3287 832 3383 885 τοῦ
3415 830 3630 902 ἐφεξῆς,

2039 930 2127 984 διὰ
2156 929 2215 982 τὸ
2246 926 2729 999 περικαλλέστερον
2763 927 2977 990 πάντως
3018 921 3155 978 εἶναι.
3201 923 3296 976 τοῦ
3340 941 3631 996 προκατει-

2037 1020 2315 1092 λημμένου
2354 1019 2413 1072 τὸ
2446 1018 2530 1071 ἀεὶ
2557 1016 2963 1087 εὑρισκόμενον.
3000 1014 3199 1079 Καθὼς
3226 1015 3320 1069 καὶ
3362 1016 3392 1067 ὁ
3424 1013 3633 1075 Παῦλος

2040 1111 2161 1165 καθ’
2193 1110 2406 1182 ἡμέραν
2442 1108 2801 1179 ἀπέθνησκεν,
2837 1107 3024 1179 ἐπειδὴ
3063 1106 3295 1161 πάντοτε
3330 1107 3475 1178 πρὸς
3524 1122 3634 1159 και-

2041 1203 2136 1275 νήν
2160 1219 2282 1256 τινα
2311 1202 2495 1273 μετείη
2532 1199 2694 1272 ζωὴν,
2726 1199 2916 1271 νεκρὸς
2947 1199 3032 1252 ἀεὶ
3055 1197 3132 1270 τῷ
3162 1197 3521 1268 παρῳχηκότι
3554 1214 3633 1267 γι·

2041 1292 2281 1363 νόμενος,
2316 1293 2409 1346 καὶ
2438 1290 2610 1363 λήθην
2645 1288 2752 1343 τῶν
2783 1289 3257 1362 προδιηνυσμένων
3286 1288 3634 1361 ποιούμενος.

2041 1381 2140 1435 Διὰ
2169 1380 2327 1435 τοῦτο
2358 1381 2453 1435 καὶ
2490 1382 2523 1451 ἠ
2560 1378 2696 1450 πρὸς
2736 1379 2826 1432 τὸν
2869 1378 3099 1449 νυμφίον
3123 1377 3394 1449 τρέχουσα
3421 1378 3633 1449 νύμφη,

2044 1472 2229 1526 στάσιν
2257 1472 2379 1526 τινὰ
2406 1472 2502 1543 τῆς
2527 1472 2619 1525 ἐπὶ
2639 1470 2700 1524 τὸ
2727 1467 2910 1541 μεῖζον
2936 1472 3219 1541 προκοπῆς
3242 1469 3341 1540 οὑχ
3365 1469 3632 1539 εὑρίσκει.

2042 1563 2410 1635 Παραδείσους
2437 1564 2580 1616 ποιεῖ
2609 1561 2747 1633 ῥοῶν
2776 1560 2862 1613 διὰ
2890 1562 3154 1631 στόματος
3184 1543 3455 1632 ἀρώματα
3487 1561 3637 1631 ῥέον-

358 1653 460 1708 nit.
481 1649 664 1705 Efficit
690 1665 756 1705 ex
779 1664 874 1706 ore
919 1665 1021 1706 suo
1070 1649 1362 1721 paradisos
1392 1650 1661 1704 malorum
1710 1651 1841 1721 puni

2151 1696 2161 1709 .
2193 1654 2410 1727 Τροιρὴν
2438 1656 2711 1725 ἐτοιμάζει
2735 1653 2811 1726 τῷ
2836 1654 3080 1727 Δεσπότῃ
3114 1651 3213 1722 τῆς
3241 1653 3497 1717 κτίσεως,
3526 1655 3634 1715 τοῖς

359 1759 506 1812 rum,
536 1742 631 1815 qui
680 1743 946 1800 aromatis
974 1741 1166 1797 ﬂuant.
1226 1741 1419 1798 Cibum
1464 1750 1619 1813 parat
1657 1749 1840 1797 creatu

2147 1729 2195 1810 ις
2240 1721 2401 1801 αὑτὸν
2450 1721 3079 1818 δεξιουμένη-καρποῖςξ⁷
3106 1721 3351 1816 Πηγάζει
3401 1745 3629 1815 κήπους.

357 1852 480 1893 rum
526 1834 795 1902 Domino,
846 1834 963 1891 suis
1009 1849 1132 1890 cum
1168 1833 1439 1889 fructibus
1467 1832 1762 1903 excipiens.
1803 1830 1941 1886 Hor-

358 1936 447 1985 tos
489 1927 548 1983 in
596 1926 823 1982 modum
865 1924 1098 1980 fontium
1153 1940 1221 1980 ex
1269 1938 1392 1980 sese
1436 1923 1681 1980 distillat.
1725 1921 1812 1976 Fit
1840 1936 1941 1986 pu-

361 2031 481 2078 teus
527 2010 681 2090 aqua:
713 2017 871 2073 vivae.
919 2015 1058 2071 Tota
1103 2015 1334 2087 pulchra
1384 2022 1438 2070 et
1496 2012 1942 2084 reprehensionis

360 2126 556 2184 expers
586 2110 763 2182 ipsius
796 2107 962 2164 Verbi
994 2107 1310 2164 testimonio
1335 2106 1669 2162 declaratur.
1698 2103 1940 2160 Rursum
1969 2126 1984 2138 -

363 2206 533 2261 altius
564 2203 653 2260 his
681 2208 892 2267 evecta,
928 2197 1173 2256 Verbum
1199 2198 1642 2271 magnificentius
1673 2196 1940 2253 accedens

362 2293 772 2360 animadvertit,
815 2291 976 2363 cujus
1017 2297 1165 2347 esset
1194 2297 1361 2361 caput
1408 2306 1534 2346 rore
1579 2288 1826 2361 plenum,
1888 2294 1943 2343 et

362 2386 608 2443 cincinni
642 2391 825 2458 guttas
873 2391 1179 2439 nocturnas
1223 2384 1591 2439 continerent.
1626 2380 1815 2436 Abluit
1850 2396 1945 2451 pe-

362 2483 482 2548 des,
532 2480 774 2537 tunicam
803 2479 982 2543 exuit,
1012 2476 1293 2550 myrrham
1333 2492 1364 2533 e
1393 2475 1648 2531 manibus
1694 2472 1940 2529 distillat.

363 2577 630 2634 Admovet
662 2576 906 2631 claustro
939 2585 1158 2636 manus,
1194 2569 1402 2624 aditum
1453 2565 1750 2639 patefacit,
1792 2579 1941 2636 qua:-

362 2672 438 2729 rit
505 2684 631 2725 eum
700 2666 795 2739 qui
842 2680 954 2722 non
1010 2660 1535 2734 comprehenditur,
1607 2667 1767 2715 vocat
1820 2674 1944 2714 eum

363 2776 526 2833 quem
565 2757 790 2830 assequi
836 2771 948 2813 non
980 2768 1298 2827 possumus,
1336 2751 1629 2807 offenditur
1674 2767 1704 2805 a
1753 2757 1943 2806 custo-

364 2854 549 2911 dibus.
608 2850 835 2923 Virgam
891 2849 1272 2904 verberantem
1325 2854 1521 2917 sponte
1556 2840 1680 2902 'sua
1723 2845 1940 2916 recipit.

364 2946 615 3001 Imitatur
664 2954 857 3002 saxum
900 2940 1038 2995 illud
1084 2939 1153 2994 de
1188 2955 1296 3015 quo
1312 2938 1478 2995 Vates
1512 2939 1587 2992 ait
1620 2954 1632 2989 :
1669 2937 1945 2993 Percussit

364 3053 579 3103 saxum,
603 3046 653 3091 et
687 3050 839 3106 aqua:
860 3032 1232 3102 proﬂuxerunt
1260 3030 1329 3083 ⁸⁸.
1370 3028 1562 3084 Viden’
1591 3038 1849 3100 quantam
1873 3029 1939 3084 ad
1968 3065 2016 3127 ο

368 3127 757 3188 sublimitatem
799 3138 1000 3195 sponsa
1036 3120 1385 3192 pervenerit?
1408 3118 1539 3174 Eam
1577 3121 1839 3176 nimirum
1871 3122 1943 3177 oh

369 3232 593 3276 causam
634 3229 918 3287 percussa,
972 3210 1122 3266 velut
1166 3225 1196 3264 a
1237 3209 1387 3266 Mose
1431 3227 1597 3281 rupes
1648 3212 1738 3265 illa
1781 3211 1945 3267 fcrie-

364 3314 553 3378 bat-ur,
590 3316 650 3364 ut
696 3305 761 3363 ad
809 3302 1233 3361 similitudinem
1279 3301 1429 3357 illius
1462 3308 1514 3357 et
1545 3303 1664 3374 ipsa
1704 3300 1945 3358 Verbum

367 3401 463 3458 Dei
502 3399 571 3456 de
608 3397 839 3455 vulnere
881 3395 1076 3451 imbris
1107 3393 1280 3451 instar
1323 3392 1580 3462 effusum,
1617 3410 1717 3466 pro
1755 3395 1947 3451 sitien-

368 3494 515 3550 tibus
554 3489 715 3563 quasi
761 3488 1055 3560 quamdam
1110 3486 1501 3558 scaturiginem
1547 3488 1779 3544 emittat.
1845 3485 1943 3545 Se-

357 3583 607 3650 _cundum
661 3582 778 3637 haec
828 3578 1070 3637 ostendit
1114 3576 1444 3634 denudatam
1480 3576 1639 3634 faciei
1686 3588 1946 3635 venusta-

369 3686 499 3742 tem,
538 3666 896 3747 posteaquam
953 3670 1004 3728 ei
1051 3671 1270 3742 peplum
1302 3669 1558 3728 custodes
1603 3671 1943 3727 ademerunt.

370 3766 496 3823 Ilaec
518 3773 669 3834 sunt,
709 3780 832 3836 quae
859 3763 926 3819 de
955 3762 1061 3817 hoc
1091 3763 1213 3817 loco
1236 3747 1445 3833 perci'pi
1483 3777 1514 3815 a
1546 3761 1707 3819 nobis
1745 3769 1943 3833 potue-

368 3867 514 3913 runt.
543 3856 759 3915 Nemini
789 3862 971 3911 autem
1001 3852 1386 3919 invidehimus,
1420 3852 1468 3908 si
1496 3854 1563 3908 ab
1601 3869 1666 3908 eo
1699 3854 1791 3924 qui
1821 3853 1949 3910 abs-

367 3948 589 4004 condita
644 3946 904 4021 mysteria
976 3944 1235 4007 revelat,
1287 3944 1801 4013 contemplationem
1849 3945 1949 4001 ho-

375 4058 497 4097 rum
552 4039 750 4109 majori
795 4052 920 4094 cum
971 4035 1280 4091 animorum
1328 4035 1561 4092 utilitate
1599 4036 1946 4107 conjunctam

366 4137 763 4201 consequetur.
805 4116 1083 4184 Fortassis
1115 4126 1277 4181 etiam
1307 4125 1507 4182 dixerit
1532 4129 1753 4198 aliquis,
1792 4128 1947 4185 Isaiae

369 4224 513 4280 vatis
550 4222 817 4279 visionem
853 4219 1011 4276 affine
1053 4219 1184 4290 quid
1236 4219 1439 4275 habere
1469 4235 1595 4276 cum
1626 4222 1811 4278 verbis
1860 4221 1949 4277 hic

370 4317 533 4373 nobis
562 4313 886 4387 propositis.
920 4311 1072 4368 Illam
1110 4312 1235 4368 dico
1266 4312 1531 4368 visionem
1564 4328 1689 4368 cum
1729 4321 1948 4369 mortuo

2040 1838 2220 1910 Φρέαρ
2248 1837 2455 1906 γίνεται
2497 1836 2689 1899 ὓδατος
2736 1835 2935 1901 ζῶντος
2964 1874 2980 1889 .
3017 1834 3153 1906 Ὄλη
3186 1834 3326 1905 καλὴ
3354 1834 3450 1887 καὶ
3482 1834 3634 1903 ἄμω-

2045 1948 2142 2002 μος
2170 1929 2444 1984 δείκνυται
2473 1929 2613 1983 κατὰ
2644 1929 2742 2002 τὴν
2776 1927 3078 2000 μαρτυρίαν
3108 1924 3200 1980 τοῦ
3224 1926 3424 1994 Λόγου.
3465 1926 3633 1980 Πάλιν

2042 2023 2183 2096 ὑπὲρ
2211 2023 2383 2077 ταῦτα
2418 2022 2705 2094 γενομένη,
2756 2020 3070 2076 αἰσθάνεται
3122 2019 3633 2091 μεγαλοπρεπέστε-

2046 2132 2168 2186 ρον,
2225 2114 2503 2186 προϊόντος
2547 2110 2641 2167 τοῦ
2670 2112 2843 2181 Λόγου
2870 2152 2884 2175 ,
2932 2109 3307 2183 πληρουμένου
3349 2108 3494 2163 κατά
3538 2110 3633 2180 τὴν

2042 2204 2282 2276 κεφαλὴν
2313 2205 2412 2276 τῆς
2441 2204 2654 2276 δρόσου,
2708 2205 2802 2258 καὶ
2848 2203 2954 2258 τῶν
2999 2204 3098 2274 τῆς
3127 2201 3319 2265 νυκτὸς
3360 2199 3629 2270 «tamen»,

2043 2295 2151 2347 τῶν
2194 2295 2252 2348 ἐν
2309 2296 2419 2357 τοῖς
2465 2292 2782 2366 βοστρύχοις
2830 2288 3147 2364 γινομένων.
3194 2291 3464 2344 Νίπτεται
3513 2292 3634 2353 τοὺς

2044 2386 2231 2454 πόδας,
2264 2385 2354 2441 τὸν
2385 2385 2585 2457 χιτῶνα
2613 2385 2884 2450 ἐκδύεται,
2914 2384 3158 2457 σμύρναν
3184 2383 3270 2436 διά
3297 2382 3408 2436 τῶν
3434 2380 3636 2453 χειρῶν

2044 2476 2362 2542 ἀποστάζει.
2399 2477 2671 2549 Προσάγει
2700 2476 2778 2544 τῷ
2806 2475 3043 2548 κλείθρῳ
3064 2474 3162 2539 τὰς
3193 2477 3401 2545 χεῖρας,
3430 2472 3636 2542 ἀνοίγει

2045 2566 2141 2639 τὴν
2172 2567 2397 2634 εἴσοδον,
2428 2568 2580 2637 ζητεῖ
2617 2564 2707 2620 τὸν
2751 2567 2825 2638 μὴ
2864 2565 3430 2636 καταλαμϐανόμενον,
3470 2565 3641 2633 φωνεῖ

2045 2664 2135 2717 τὸν
2166 2663 2473 2733 ἀνέφικτον.
2503 2661 2830 2733 Εὑρίσκεται
2864 2661 2969 2729 ὑπὸ
3009 2660 3116 2713 τῶν
3158 2658 3434 2729 φυλάκων.
3478 2659 3641 2730 Δέχεο

2046 2772 2134 2808 ται
2164 2755 2250 2824 ἐφ’
2301 2756 2498 2826 ἐαυτῆς
2537 2752 2634 2824 τὴν
2679 2753 3063 2806 πατάσσουσαν
3113 2751 3323 2824 ῥάϐδον.
3372 2752 3641 2821 Μιμεῖται

2046 2846 2143 2917 τὴν
2173 2846 2397 2918 πέτραν,
2437 2846 2564 2918 περὶ
2600 2839 2668 2917 ἧς
2691 2862 2854 2917 φησιν
2899 2846 2927 2898 ὁ
2967 2843 3258 2917 Προφήτης
3282 2859 3295 2873 ·
3334 2844 3417 2897 ὅτι
3462 2839 3641 2898 Ἐπά-

2046 2941 2190 3005 ταξε
2237 2938 2490 3008 πέτραν,
2543 2938 2640 2992 καί
2674 2939 2940 3007 ἐρῤυσω·
2971 2936 3176 2991 ὕδατα.
3220 2937 3382 3007 Ὁρᾷς
3409 2938 3491 2999 εἰς
3516 2935 3639 2989 ὅσον

2047 3032 2348 3104 ἀνέδραμεν
2382 3030 2513 3101 ὕψος
2545 3032 2580 3100 ή
2614 3029 2840 3100 νύμφης
2883 3028 2984 3082 Διά
3031 3028 3186 3082 τοῦτο
3224 3027 3639 3099 πατασσομένη,

2047 3123 2234 3195 ῶσπερ
2281 3125 2313 3194 ἡ
2363 3123 2663 3194 ἀκρότομος
2716 3122 2822 3175 ὑπὸ
2872 3120 2966 3175 τοῦ
3013 3122 3320 3185 Μωῦσέωςο
3371 3123 3457 3175 ἵνα
3519 3122 3642 3175 καθ’

2046 3213 2337 3284 ὁμοιότητα
2370 3210 2602 3283 ἐκείνης,
2635 3211 2729 3265 καὶ
2762 3209 2898 3281 αῦτη
2927 3210 3151 3282 πηγάσῃ
3185 3212 3296 3273 τοῖς
3328 3210 3525 3279 διψῶσι
3550 3211 3645 3264 τὸν

2047 3306 2241 3374 Λόγον,
2269 3306 2334 3358 ἐκ
2359 3303 2460 3374 τῆς
2488 3304 2673 3375 πηγῆς
2703 3302 3144 3374 ἀνομϐρήσαντα.
3163 3297 3297 3356 Εἶτα
3317 3304 3410 3355 ἐπὶ
3431 3303 3645 3367 τούτοις

2047 3399 2246 3470 γυμνοῖ
2290 3397 2352 3450 τὸ
2397 3396 2590 3460 κάλλος
2650 3395 2751 3465 τῆς
2793 3395 2988 3464 ὂψεως.
3024 3395 3130 3448 τῶν
3168 3393 3423 3463 φυλάκων
3470 3395 3644 3461 αὐτῆς

2048 3485 2407 3557 περιελόντων
2456 3485 2515 3539 τὸ
2551 3484 2853 3556 θέριστρον.
2900 3482 3086 3537 Ταῦτά
3116 3485 3263 3535 ἐστιν
3303 3480 3339 3536 ἃ
3377 3483 3523 3536 κατά
3550 3483 3645 3536 τὸν

2046 3580 2210 3634 τόπον
2233 3578 2419 3634 τοῦτον
2455 3580 2616 3649 ἡμεῖς
2659 3576 2988 3632 καταλαϐεῖν
3035 3574 3398 3646 ἠδυνήθημεν.
3443 3574 3644 3637 Φθόνος

2049 3674 2106 3728 δέ
2136 3673 2328 3738 οὐδεὶς,
2375 3671 2627 3741 γενέσθαι
2673 3670 2779 3724 τινὶ
2829 3668 2979 3741 παρά
3021 3668 3114 3722 τοῦ
3164 3666 3645 3730 ἁποκαλύπτοντος

2048 3762 2116 3819 τὰ
2146 3763 2501 3837 κεκρυμμένα
2535 3763 2809 3833 μυστήρια
2850 3758 3339 3831 ψυχωφελεστέραν
3370 3758 3470 3828 τὴν
3509 3754 3647 3810 θεω-

2053 3856 2173 3928 ρίαν
2223 3858 2280 3910 ἐν
2327 3858 2440 3920 τοῖς
2490 3854 2886 3925 προκειμένοις.
2924 3852 3082 3915 Ἴσως
3120 3851 3177 3904 δέ
3223 3868 3306 3913 τις
3344 3854 3511 3920 φήσει
3548 3851 3649 3904 καὶ

2048 3947 2144 4001 τοῦ
2177 3947 2403 4004 Ἠσαῖου
2431 3946 2528 4018 τὴν
2559 3945 2824 4000 ὀπτασίαν
2862 3944 3004 4015 ἔχειν
3048 3943 3170 3997 τινὰ
3212 3943 3350 4014 πρὸς
3395 3941 3467 3996 τὰ
3508 3959 3649 4013 προ-

2051 4039 2277 4111 κείμενα
2328 4038 2467 4111 ρητὰ
2503 4037 2803 4093 κοινωνίαν.
2848 4035 3092 4107 Ἐκείνην
3131 4034 3274 4104 λέγω
3321 4034 3420 4105 τὴν
3471 4034 3648 4088 ὀπταο

2054 4131 2192 4198 σίαν,
2225 4128 2316 4184 ὅτε
2359 4129 2718 4192 ἀποθανόντος
2763 4127 2857 4182 τοῦ
2899 4127 3098 4198 λεπροῦ
3136 4126 3418 4197 βασιλέως,
3468 4128 3648 4197 ἑωρα-

2052 4223 2204 4278 κέναι
2239 4223 2373 4295 φησὶ
2405 4223 2494 4277 τὸν
2545 4222 2638 4276 ἐπὶ
2685 4220 2779 4275 τοῦ
2834 4220 3036 4291 ὑψηλοῦ
3088 4238 3149 4273 τε
3192 4220 3286 4274 καὶ
3327 4219 3645 4291 ἐπηρμένου

2054 4315 2245 4388 θρόνου
2277 4313 2708 4387 μεγαλοπρεπῶς
2735 4313 3178 4385 προκαθήμενονο
3221 4306 3283 4366 οὑ
3312 4313 3501 4382 σχῆμα
3545 4313 3646 4383 μὲν

370 4424 500 4479 rege
552 4407 702 4477 lepra
744 4406 970 4471 infecto,
1012 4403 1221 4461 vidisse
1269 4404 1348 4459 ait
1400 4421 1523 4461 sese
1551 4407 1844 4477 quemdam

2198 4406 2427 4479 μέγεθος
2466 4405 2559 4459 καὶ
2598 4402 2735 4467 εἶδος
2781 4403 2907 4457 ἰδεῖν
2951 4403 3051 4455 οὑκ
3093 4402 3390 4473 ἐχώρησεν.
3424 4396 3504 4454 Ἦ
3533 4403 3647 4474 γὰρ

373 4497 591 4554 sublimi
636 4504 689 4551 et
738 4498 948 4552 elevato
997 4496 1136 4551 solio
1180 4495 1466 4568 magnifice
1512 4496 1568 4550 in
1616 4496 1795 4552 oculis
1828 4512 1949 4552 om-

373 4587 524 4642 nium
581 4584 858 4641 sedentem
910 4606 923 4642 :
979 4586 1140 4656 cujus
1213 4595 1267 4642 et
1324 4586 1544 4657 figurae,
1608 4593 1663 4643 et
1723 4585 1948 4653 formae,

372 4689 429 4733 et
488 4678 880 4750 magnitudinis
933 4677 1328 4751 perspicienda
1364 4695 1537 4750 capax
1599 4696 1709 4736 non
1763 4681 1946 4736 fuerit.

372 4769 610 4827 Omnino
647 4771 803 4827 enim‘
842 4772 956 4827 hate
986 4771 1342 4842 prodidisset,
1394 4771 1438 4826 si
1492 4771 1712 4842 quidem
1760 4770 1952 4829 fuisset

370 4877 560 4918 eorum
619 4876 811 4932 capax,
862 4862 1005 4917 sicut
1056 4863 1111 4917 in
1147 4862 1362 4917 caeteris
1405 4862 1592 4929 etiam,
1641 4879 1762 4932 qua:
1814 4879 1947 4918 con-

372 4955 572 5024 Spexit,
609 4950 756 5019 fecit,
811 4953 940 5008 dum
977 4952 1091 5009 alas
1134 4961 1438 5020 enumerat,
1474 4960 1528 5008 et
1563 4962 1765 5008 statum
1801 4955 1950 5010 vola-

371 5056 599 5115 tumque
628 5054 1042 5100 commemorat.
1082 5042 1285 5100 Saltem
1318 5061 1378 5101 se
1414 5061 1601 5100 vocem
1650 5047 1944 5116 quamdam

371 5135 594 5191 audisse
622 5135 776 5203 dicit,
812 5143 1259 5206 summotumque
1288 5136 1408 5190 loco
1441 5135 1612 5192 fuisse
1646 5136 1811 5192 limen
1849 5154 1949 5194 su-

369 5227 554 5299 perius
602 5242 701 5298 per
750 5238 1078 5285 concentum
1127 5229 1454 5301 hymnorum
1514 5228 1839 5300 Seraphin),
1895 5240 1950 5288 et

372 5318 531 5375 fumo
550 5319 773 5376 domum
803 5321 1150 5392 completam,
1189 5321 1533 5393 ignitumque
1557 5323 1851 5378 carbonem
1882 5322 1951 5377 ab

373 5424 484 5465 uno
511 5426 581 5467 ex
619 5409 906 5483 Seraphim
936 5412 992 5467 in
1017 5429 1080 5469 os
1107 5413 1250 5469 vatis
1289 5414 1551 5484 injectum
1592 5413 1785 5479 fuisse,
1842 5430 1951 5485 quo

370 5498 540 5568 facto,
573 5515 684 5556 non
725 5503 889 5558 modo
919 5504 1087 5572 labia,
1132 5504 1227 5560 sed
1277 5505 1440 5560 etiam
1479 5519 1645 5561 aures
1672 5505 1846 5576 ipsius
1882 5507 1948 5562 ad

480 5676 529 5707 ⁸ο
563 5672 727 5730 ICor.
752 5689 840 5743 xv,
868 5675 954 5731 l5.
1026 5676 1067 5709 ⁸¹
1104 5675 1247 5730 Psal.
1269 5692 1474 5744 Lxxvu,
1499 5678 1592 5733 20.

2055 4500 2121 4555 ἂν
2165 4493 2285 4553 εἶπε
2325 4498 2561 4573 πάντως,
2606 4497 2765 4565 εἴπερ
2805 4493 3073 4566 ἐχώρησε,
3115 4493 3367 4563 καθάπερ
3411 4494 3506 4545 καὶ
3551 4494 3648 4547 ἐπὶ

2052 4591 2160 4645 τῶν
2192 4590 2364 4646 ἄλλων
2404 4582 2478 4643 ὧν
2520 4582 2660 4641 εἶδεν
2707 4586 2950 4657 ἐποίησε,
2984 4586 3261 4654 πτέρυγας
3305 4583 3644 4655 ἀριθμήσας,

2054 4681 2147 4737 καὶ
2181 4681 2368 4735 στάσιν
2397 4680 2491 4734 καὶ
2543 4680 2742 4750 πτῆσιν
2784 4679 3202 4749 διηγησάμενος.
3244 4677 3431 4746 Φωνῆς
3453 4676 3513 4729 δέ
3542 4677 3642 4747 μό.

2052 4795 2150 4847 νης
2178 4775 2470 4845 ἀκηκοέναι
2499 4773 2681 4845 φησὶν,
2711 4774 2799 4826 ὅτε
2842 4771 3055 4843 ἐπήρθη
3092 4770 3153 4823 τὺ
3194 4768 3503 4840 ὑπέρθυρον
3538 4770 3646 4823 ὑπὸ

2053 4869 2153 4939 τῆς
2193 4867 2302 4920 τῶν
2346 4867 2593 4939 Σεραφὶμ
2645 4865 2932 4937 ὑμνῳδίας,
2985 4865 3078 4918 καὶ
3119 4866 3149 4916 ό
3193 4858 3340 4927 οἶκος
3391 4862 3647 4934 ἐπλήσθη

2054 4957 2284 5023 καπνοῦ,
2311 4959 2404 5011 καὶ
2430 4957 2495 5010 δι’
2526 4957 2642 5021 ἐνὸς
2670 4957 2777 5009 τῶν
2817 4955 3069 5027 Σεραερὶμ
3100 4954 3371 5025 ἐπεϐλήθη
3406 4952 3487 5024 τῷ
3521 4954 3647 5008 στό-

2059 5068 2186 5123 ματι
2217 5049 2308 5103 τοῦ
2341 5050 2625 5121 Προφήτου
2655 5048 2918 5118 διάπυρος
2969 5045 3173 5117 ἄνθραξ
3199 5061 3213 5075 ·
3256 5038 3318 5098 οὗ
3349 5044 3645 5115 γενομένου

2056 5143 2116 5196 οὑ
2150 5141 2218 5196 τὰ
2250 5140 2400 5212 χείλη
2439 5138 2781 5209 μόνον,ίὰλλὰ
2831 5136 2925 5192 καὶ
2961 5139 2994 5209 ἡ
3043 5135 3180 5207 ἀκοὴ
3223 5135 3358 5206 πρὸς
3395 5135 3497 5207 τὴν
3548 5135 3646 5189 τοῦ

2058 5234 2214 5304 λόγου
2252 5232 2515 5304 ὑποδοχὴν
2541 5231 2910 5302 καθαρίζεται.
2952 5230 3039 5293 Ὠς
3063 5229 3172 5300 γὰρ
3200 5225 3438 5282 ἐνταῦθα
3469 5246 3646 5282 πατα-

2051 5325 2246 5398 χθῆναι
2289 5326 2457 5394 λέγει,
2502 5324 2593 5378 καὶ
2635 5321 3107 5393 τραυματισθῆναι
3139 5318 3289 5392 παρά
3327 5319 3438 5374 τῶν
3476 5320 3648 5391 φυλά-

2052 5434 2164 5471 κων
2202 5416 2465 5488 ήνύμφη,
2513 5417 2606 5470 καὶ
2647 5413 2790 5468 οὕτω
2835 5412 3192 5485 γυμνωθῆναι
3224 5411 3326 5482 τῆς
3370 5411 3470 5467 τοῦ
3498 5411 3646 5483 θερί⁸

2056 5525 2218 5581 στρου
2243 5507 2533 5579 περιϐολῆς
2552 5523 2565 5536 '
2596 5504 2738 5561 οὓτω
2772 5507 2933 5562 κάκεῖ
2964 5504 3083 5560 ἀντὶ
3113 5503 3211 5575 μὲν
3236 5500 3331 5557 τοῦ
3359 5500 3645 5577 θερῐστρου
