3730 5980
68 267 226 322 ὶυὸΐ

1158 262 1226 318 I'.\
1256 258 1558 319 CANI‘ICA
1590 259 1859 317 CANTIC.
1900 259 2185 347 ιξοΜιιιΑ
2220 262 2362 317 XIII.

3215 255 3352 311 I038

66 379 134 433 τὸ
171 377 489 451 ὑπέρθυρον
517 378 750 449 αίρεται,
776 336 937 432 Δὥστε
972 377 1364 448 ἀνεμπόδιστον
1411 374 1560 447 αὑτῷ
1578 391 1641 444 γε

1868 374 2098 446 :ipienda
2152 375 2315 429 verba
2374 379 2763 445 purgarentur.
2835 373 3108 430 Nimirum
3167 380 3229 427 ut
3273 373 3363 429 hic

68 470 274 527 νέσθαι
300 471 408 525 τῶν
439 474 496 525 ὲν
527 473 639 535 τοῖς
676 471 886 536 ἀδύτοις
914 470 1013 544 τήν
1052 470 1312 543 θεωρίαν·
1348 470 1469 524 ἀντὶ
1489 468 1546 522 δὲ
1573 465 1680 520 τῶν

72 560 346 631 φυλάκων
373 560 443 614 τὰ
471 560 724 632 Σεραφὶμ
767 560 1123 632 ὀνομάζεται·
1170 561 1291 614 ἀντὶ
1328 559 1386 613 δὲ
1423 560 1522 631 τῆς
1551 556 1683 631 ῥάϐ-

70 651 194 716 δου,
233 650 268 702 6
296 648 501 722 ἄνθραξ
522 666 537 680 ⁸
565 650 689 703 ἀντὶ
725 649 781 703 δὲ
806 653 904 721 τῆς
944 636 1178 721 πληγεής,
1211 653 1243 723 ή
1286 648 1501 713 καῦσις.

1786 479 2108 534 percussam
2150 481 2209 521 se
2250 478 2453 535 sponsa
2506 463 2659 529 dicit,
2699 479 2764 519 ac
2816 465 3154 520 vulneratam
3200 478 3232 518 ιι
3267 476 3366 519 cu—

1790 556 2063 620 stodibus,
2112 572 2289 626 eoque
2332 562 2493 626 pacto
2534 556 2796 610 nudatam
2828 556 2972 626 pepli
3002 555 3200 610 amictu
3234 571 3249 608 :
3282 555 3365 612 sic

1790 648 1866 702 ibi
1901 649 2041 719 pepli
2094 649 2312 719 quidem
2345 649 2465 704 loco
2517 649 2684 703 limen
2736 649 2992 719 superius
3033 646 3270 713 tollitur,
3306 653 3367 700 ut

84 742 466 813 contemplari
526 741 736 812 absque
794 743 1182 807 impedimento
1224 758 1345 813 quae
1392 743 1450 797 in
1503 740 1680 812 adytis
1718 748 1907 796 essent
1977 751 2211 812 posset;
2282 756 2383 812 pro
2421 741 2745 796 custodibus
2781 754 2934 807 vero,
2982 736 3270 810 Seraphim
3306 736 3369 792 llt

85 837 341 902 mentio;
376 853 477 908 pro
506 839 679 909 virga,
709 839 1004 907 carbonis;
1033 855 1129 910 pro
1152 839 1394 904 verbere,
1421 836 1673 893 ustionis.

153 929 357 984 Κοινδν
400 931 456 984 δὲ
491 932 553 985 τὸ
590 932 764 1005 πέρας
802 934 894 987 ὲπί
917 951 976 986 τε
1022 934 1121 1003 τῆς
1170 933 1408 1004 νύμφης,
1450 933 1546 986 καὶ
1588 930 1681 984 ἐπὶ

73 1020 185 1090 τῆς
226 1021 323 1074 τοῦ
378 1024 655 1093 προφήτου
693 1023 892 1093 ψυχῆς,
945 1024 978 1095 ή
1031 1023 1340 1094 καθαρότης
1390 1022 1555 1076 ἐστίν.
1591 1021 1680 1084 Ὠς

73 1112 174 1167 οὖν
229 1117 261 1167 ὁ
318 1117 605 1186 προφήτης
652 1114 739 1169 διά
781 1115 875 1169 τοῦ
925 1116 1191 1186 ἄνθρακος
1229 1117 1348 1186 οὐχὶ
1393 1113 1679 1183 ἀλγύνεται

74 1206 401 1276 καιόμενος,
431 1205 566 1260 ἀλλά
592 1206 871 1273 δοξάζεται
896 1206 1364 1278 λαμπρυνάμενος,
1389 1205 1560 1270 οὕτως
1586 1204 1681 1257 καὶ

73 1296 327 1352 ἐνταῦθα
350 1300 383 1368 ή
412 1297 618 1369 νύμφη,
649 1298 750 1352 οὑκ
785 1297 976 1367 ὀδύνην
1017 1299 1082 1351 ἐκ
1122 1298 1219 1367 τῆς
1252 1297 1467 1369 πληγῆς
1504 1297 1680 1350 αίτιᾶα

73 1407 198 1454 ται,
236 1388 353 1443 ἀλλ’
385 1390 747 1461 ἐπικαυχᾶται
791 1392 858 1461 τῇ
889 1391 986 1459 τῆς
1030 1388 1340 1461 παρρησίας
1374 1389 1680 1462 προσθήκῃ,

75 1483 147 1550 τῇ
214 1481 505 1553 ἀφαιρέσει
553 1481 647 1534 τοῦ
702 1480 1188 1552 προκαλύμματος,
1241 1481 1269 1534 ὃ
1328 1480 1610 1552 θέριστρον
1655 1480 1684 1532 6

1861 926 2129 980 Caeterum
2189 927 2313 982 linis
2371 933 2426 982 et
2495 927 2548 981 in
2602 942 2815 997 sponsae
2871 934 2926 983 et
2974 927 3033 982 in
3088 928 3372 999 prophetm

1790 1018 1973 1072 animo
2004 1018 2146 1074 idem
2176 1025 2280 1082 est,
2324 1017 2582 1072 nimirum
2631 1020 2858 1088 puritas.
2907 1019 3255 1090 Quapropter
3288 1018 3369 1074 uti

1789 1120 1940 1166 vates
1972 1124 2069 1180 per
2098 1110 2394 1165 carbonem
2444 1117 2602 1165 ustus
2633 1110 2878 1165 dolorem
2925 1110 3137 1165 nullum
3178 1110 3369 1175 sentit,

1791 1202 1887 1257 sed
1910 1203 2231 1274 ampliorem
2260 1203 2488 1273 gloriam
2513 1203 2822 1258 illustratus
2848 1203 3208 1272 consequitur
3238 1220 3252 1257 :
3287 1203 3372 1258 sic

1791 1297 1954 1351 etiam
1986 1296 2090 1351 hoc
2122 1297 2241 1351 loco
2271 1311 2473 1366 sponsa
2502 1311 2613 1350 non
2650 1297 2716 1350 de
2747 1295 2871 1350 ullo
2902 1310 2969 1350 ex
2996 1294 3226 1350 vulnere
3264 1294 3378 1349 do»
3472 1320 3483 1337 κ

1791 1391 1909 1446 lore
1949 1390 2217 1460 queritur,
2259 1388 2353 1444 sed
2400 1388 2662 1444 audacter
2708 1389 2874 1443 etiam
2916 1388 3199 1459 libereque
3244 1403 3372 1460 pro-

1794 1489 1915 1550 pter
1936 1479 2338 1551 ademptionem
2368 1479 2678 1544 velaminis,
2715 1479 2863 1549 quod
2901 1479 2990 1534 hic
3020 1480 3242 1551 peplum
3279 1495 3374 1551 ap-

75 1571 246 1643 λόγος
283 1573 586 1643 ὠνόμασεν.
620 1573 777 1627 Ἔστι
826 1572 884 1626 δὲ
935 1573 1030 1626 καὶ
1077 1573 1241 1644 ἄλλην
1282 1572 1404 1626 τινά
1451 1572 1641 1626 διάνοια

1868 1570 2051 1635 Ilatur,
2087 1584 2209 1625 sese
2243 1569 2435 1639 jactat.
2489 1567 2667 1623 Etiam
2704 1569 2846 1625 alius
2872 1569 3122 1642 _quidam
3171 1583 3373 1627 sensus

78 1667 142 1718 ἐν
186 1665 305 1726 τοῖς
341 1662 721 1734 προκειμένοις
754 1663 958 1733 εὑρεῖν,
992 1661 1146 1715 οὐδὲν
1193 1662 1300 1715 τῶν
1343 1660 1688 1733 τεθεωρημέ-

78 1772 195 1807 νων
233 1753 572 1825 ἁπάδουσαν.
617 1752 682 1806 'H
711 1753 818 1825 γάρ
851 1753 1137 1817 ἐξελθοῦσα
1167 1754 1314 1825 ψυχὴ
1342 1755 1399 1808 ἐν
1428 1753 1506 1825 τῷ
1542 1754 1688 1826 λόγῳ

80 1844 281 1912 αὑτοῦ,
314 1844 410 1900 καὶ
440 1844 680 1917 ζητοῦσα
709 1847 807 1916 μὲν
838 1847 930 1900 τὸν
970 1848 1067 1917 οὑχ
1096 1847 1480 1918 εὑρισκόμενον
1502 1864 1516 1877 ⁸
1550 1849 1689 1902 ἀνα-

83 1936 339 1991 καλοῦσα
369 1936 426 1990 δὲ
462 1936 554 1989 τὸν
581 1939 647 2008 τῇ
678 1937 923 2008 σημασία
945 1936 1053 1990 τῶν
1080 1939 1357 2008 ὀνομάτων
1381 1939 1688 2009 ἀνέφικτον,

78 2029 402 2083 διδάσκεται
452 2027 604 2099 παρά
650 2027 758 2081 τῶν
800 2027 1074 2097 φυλάκων,
1116 2029 1197 2083 ὅτι
1252 2028 1347 2082 τοῦ
1401 2029 1688 2099 ἀνεφίκτου

81 2120 214 2191 ἐρᾷ,
256 2118 353 2172 καὶ
392 2117 487 2171 τοῦ
523 2118 911 2188 ἀκαταλήπτου
969 2119 1198 2188 ἐφίεται.
1250 2120 1327 2172 Δι’
1370 2112 1445 2174 ὧν
1490 2110 1690 2192 τρόπον

82 2210 216 2264 τινὰ
243 2210 542 2281 πλήσσεται
571 2209 667 2264 καὶ
693 2210 1113 2280 τραυματίζεται
1151 2214 1217 2281 τῇ
1248 2210 1569 2284 ἀνελπιστίᾳ
1596 2211 1689 2265 τοῦ

84 2297 457 2368 ποθουμένου,
503 2297 667 2368 ἀτελῆ
713 2316 773 2352 τε
817 2299 910 2351 καὶ
952 2298 1358 2352 ἀναπόλαυστον
1395 2298 1488 2352 τοῦ
1531 2299 1690 2353 ἄλλου

84 2389 191 2460 τὴν
227 2389 524 2460 ἐπιθυμίαν
567 2388 855 2461 νομίσασα.
895 2389 1054 2443 Ἀλλά
1097 2393 1462 2463 περιαιρεῖται
1496 2390 1558 2446 τὸ
1594 2391 1693 2463 τῆς

85 2484 274 2554 λύπης
309 2482 611 2555 θέριστρον,
660 2482 748 2535 διὰ
794 2482 887 2536 τοῦ
937 2483 1129 2553 μαθεῖν
1165 2483 1246 2535 ὃτι
1287 2483 1346 2536 τὸ
1372 2484 1460 2537 ἀεὶ
1491 2483 1692 2555 προκό-

87 2592 250 2628 πτειν
304 2575 361 2627 ὲν
414 2572 493 2643 τῷ
536 2571 737 2643 ζητεῖν,
790 2574 878 2629 καὶ
929 2574 991 2626 τὸ
1038 2574 1306 2644 μηδέποτε
1358 2574 1458 2644 τῆς
1505 2575 1692 2628 ἀνόδου

88 2665 391 2730 παύεσθαι,
418 2665 693 2719 τουτέστιν
732 2667 765 2735 ἡ
807 2665 1011 2736 ἀληθὴς
1056 2666 1149 2719 τοῦ
1198 2667 1529 2738 ποθουμένου
1561 2666 1696 2720 ἀπό-

88 2757 311 2820 λαυσις,
342 2757 440 2827 τῆς
471 2757 698 2810 πάντοτε
731 2756 1111 2827 πληρουμένης
1152 2756 1470 2827 ἐπιθυμίας,
1501 2757 1693 2829 ἑτέραν

90 2848 395 2919 ἐπιθυμίαν
416 2848 511 2901 τοῦ
543 2849 938 2919 ὑπερκειμένου
968 2848 1262 2921 γεννώσης.
1299 2851 1387 2909 Ὣς
1417 2845 1509 2902 οῦν
1542 2867 1694 2921 περι-

1792 1678 1860 1718 ex
1906 1661 2091 1717 verbis
2141 1660 2292 1715 hisce
2339 1667 2519 1730 potest
2562 1658 2712 1724 elici,
2761 1659 2984 1715 minime
3016 1659 3104 1731 kab
3132 1659 3201 1717 iis
3251 1675 3375 1730 quae

1791 1752 2268 1809 consideravimus
2298 1739 2563 1808 hactenus
2593 1751 2917 1808 abhorrens.
2943 1750 3158 1807 Etenim
3181 1752 3363 1808 anima

1795 1856 2019 1911 egressa
2053 1840 2121 1896 ad
2167 1854 2478 1896 sermonem
2522 1839 2664 1910 ejus,
2696 1848 2750 1895 et
2787 1855 3041 1911 quaerens
3088 1841 3243 1895 illum
3274 1842 3370 1911 qui

1794 1950 1905 1989 non
1950 1932 2249 2004 reperitur,
2296 1947 2505 1988 vocans
2530 1947 2656 1987 eum
2708 1932 2803 2003 qui
2834 1933 2985 1988 nulla
3031 1932 3372 1991 indicatione

1793 2042 1987 2081 vocum
2047 2024 2440 2096 comprehendi
2475 2032 2679 2095 potest,
2710 2039 2741 2079 a
2775 2025 3096 2082 custodibus
3124 2026 3373 2089 docetur,

1794 2117 2039 2171 adamari
2093 2116 2162 2171 ab
2214 2130 2279 2171 ea
2338 2106 2485 2186 quod
2532 2131 2696 2170 nemo
2751 2116 3015 2187 consequi
3065 2118 3261 2187 possit,
3318 2128 3376 2174 et

1794 2207 1975 2279 expeti
2015 2207 2159 2278 quod
2194 2207 2297 2262 sub
2338 2207 2745 2278 perceptionem
2794 2223 2906 2263 non
2937 2209 3120 2272 cadat,
3152 2224 3263 2280 quo
3294 2210 3372 2277 Iit,

1796 2308 1857 2356 ut
1899 2300 1993 2355 illa
2036 2299 2275 2369 quodam
2316 2300 2478 2355 modo
2527 2309 2750 2371 propter
2778 2300 3216 2372 desperationem
3249 2318 3376 2358 conv

1796 2392 2063 2462 sequendi
2096 2390 2244 2463 quod
2277 2391 2577 2459 desiderat,
2605 2392 2925 2448 verberetur
2963 2408 3030 2449 ac
3055 2394 3375 2451 vulneribus

1798 2480 2064 2536 alﬁciatur
2112 2499 2127 2535 :
2172 2481 2434 2536 arbitrata
2488 2480 2844 2552 cupiditatem
2899 2483 3043 2539 hanc
3107 2484 3215 2540 ﬁne
3273 2500 3377 2542 suo

1796 2572 2072 2635 excidere.
2107 2588 2286 2643 neque
2320 2588 2380 2630 se
2426 2572 2572 2628 bono
2609 2575 2702 2629 illo
2751 2575 2917 2646 potiri
2950 2591 3132 2646 posse.
3171 2575 3374 2632 Verum

1798 2662 2057 2716 adimitur
2101 2662 2192 2717 hic
2244 2663 2294 2718 ei
2333 2665 2590 2720 mocruris
2641 2665 2855 2735 peplus,
2894 2666 3023 2721 dum
3074 2666 3231 2725 discit
3284 2683 3380 2723 ve-

1797 2768 1916 2807 ram
1969 2753 2266 2809 desiderati
2315 2753 2629 2809 I'i'uitionem
2675 2771 2819 2822 esse,
2878 2772 3095 2828 semper
3136 2757 3193 2813 in
3227 2772 3380 2829 quae-

1808 2845 1983 2900 rendo
2048 2845 2356 2916 prolicere,
2417 2863 2595 2916 neque
2659 2846 2899 2919 unquam
2960 2851 3018 2905 in
3083 2865 3378 2922 progressu

89 2941 275 2997 είλετο
309 2943 408 3012 τῆς
448 2941 797 3004 ἀνελπιστίας
833 2940 895 2994 τὸ
942 2941 1242 3012 θέριστρον,
1275 2943 1369 2997 καὶ
1411 2942 1486 2995 ἴδε
1512 2943 1575 2996 τὸ
1602 2944 1637 2996 ἀ

1868 2954 2043 3003 ssare,
2076 2954 2294 3009 semper
2324 2953 2388 2993 ea
2421 2939 2742 3010 cupiditate,
2783 2943 2873 2998 cui
2915 2943 3111 3014 quovis
3137 2954 3379 3014 tempore

93 3034 353 3089 ἐλπιστόν
381 3051 442 3086 τε
472 3034 567 3087 καὶ
596 3033 1008 3104 ἀπερίγραπτον
1032 3034 1125 3086 τοῦ
1158 3034 1525 3104 ἀγαπωμένου
1564 3035 1695 3089 κάλω

91 3126 186 3189 λος
230 3126 292 3177 ὲν
334 3125 483 3197 πάσῃ
531 3127 598 3196 τῇ
649 3114 913 3196 ἀῖδιότητι
947 3124 1053 3177 τῶν
1083 3124 1295 3180 αἰώνων
1336 3128 1580 3197 κρεῖττον
1609 3127 1698 3181 ἀεὶ

92 3217 518 3288 εὑρισκόμενον·
552 3217 610 3270 ὲν
637 3214 976 3286 σφοδροτέρῳ
1007 3217 1238 3271 τείνεται
1264 3217 1432 3288 πόθῳ,
1469 3219 1562 3271 καὶ
1590 3236 1698 3289 μη-

93 3310 216 3365 νύει
244 3309 320 3380 τῷ
352 3309 704 3380 ἀγαπωμένῳ
749 3308 837 3363 διὰ
867 3307 974 3361 τῶν
1006 3309 1106 3378 τῆς
1144 3307 1494 3381 Ἰερουσαλὴμ
1531 3310 1694 3379 θυγα-

91 3403 279 3473 τέρων
324 3402 423 3470 τὴν
469 3401 567 3470 τῆς
615 3400 842 3471 καρδίας
894 3399 1152 3466 διάθεσιν,
1200 3400 1280 3453 ὅτι
1329 3401 1393 3454 τὸ
1444 3402 1695 3455 ἐκλεκτὸν

97 3493 263 3564 βέλος
293 3491 387 3545 τοῦ
417 3490 552 3546 Θεοῦ
584 3493 641 3544 ὲν
670 3493 837 3563 ἑαυτῇ
871 3492 1159 3563 δεξαμένη.
1185 3492 1272 3546 διὰ
1298 3493 1396 3563 τῆς
1432 3497 1573 3548 κατά
1600 3495 1696 3565 τὴν

95 3587 291 3639 πίστιν
330 3584 512 3646 ἀκίδος
556 3584 812 3655 βέϐληται
857 3585 956 3655 τήν
999 3584 1244 3656 καρδίαν,
1291 3585 1349 3637 ὲν
1384 3584 1462 3656 τῷ
1499 3587 1697 3658 καιρίῳ

96 3673 374 3746 δεξαμένη
418 3674 516 3745 τὴν
548 3674 647 3745 τῆς
679 3674 898 3743 ἀγάπης
940 3671 1170 3737 τοξείαν.
1208 3673 1340 3737 Θεὸς
1380 3673 1438 3727 δέ
1475 3674 1622 3727 ἐστιν
1662 3677 1695 3745 ή

97 3767 321 3837 ἀγάπη,
366 3764 508 3819 κατά
549 3766 650 3836 τὴν
692 3765 937 3818 Ἰωάννου
987 3766 1196 3836 φωνήνο
1233 3757 1277 3832 ᾧ
1323 3765 1523 3836 πρέπει
1570 3766 1695 3834 δόξα

100 3858 202 3911 καὶ
235 3857 295 3909 τὸ
323 3856 520 3926 κράτος
545 3857 624 3919 είς
650 3856 776 3918 τοὺς
804 3855 1003 3918 αίῶνας
1028 3854 1134 3908 τῶν
1166 3854 1394 3910 αἰώνων.
1439 3858 1630 3928 Ἀμήν.

1801 3030 2022 3097 satisfit,
2065 3031 2227 3085 aliam
2277 3031 2629 3101 cupiditatem
2673 3033 3054 3090 sublimiorum
3101 3038 3376 3107 gignente.

1800 3122 2097 3193 Postquam
2160 3125 2265 3179 hoc
2320 3125 2484 3180 modo
2543 3126 2942 3196 desperationis
3006 3128 3223 3200 peplum
3275 3130 3379 3186 sibi

1804 3214 2025 3279 ademit,
2064 3214 2443 3287 inﬁnitamque
2469 3231 2534 3271 ac
2566 3216 2736 3291 nullis
2761 3216 3095 3286 descriptam
3131 3218 3380 3274 terminis

1807 3303 1990 3360 dilecti
2022 3316 2364 3363 venustatem
2402 3307 2555 3373 vidit,
2607 3324 2728 3378 quae
2760 3324 2856 3379 per
2889 3323 3105 3365 omnem
3154 3310 3381 3366 saeculo-

1803 3413 1924 3451 rum
1959 3397 2320 3453 aeternitatem
2364 3414 2579 3468 semper
2616 3400 2797 3468 major
2835 3414 2899 3453 ac
2924 3401 3101 3469 major
3131 3416 3255 3458 esse
3283 3401 3383 3458 de.

1800 3488 2175 3559 prehenditur,
2210 3489 2603 3544 vehementiori
2663 3487 2940 3547 desiderio
2980 3488 3378 3555 inflammatur,

1801 3579 2081 3650 animique
2117 3579 2201 3634 sui
2236 3578 2578 3635 affectionem
2617 3596 2712 3651 per
2760 3582 2899 3640 tilias
2949 3580 3253 3637 Jerusalem
3292 3582 3378 3636 di,

1803 3673 1944 3729 lecto
1974 3672 2270 3743 signiﬁcat,
2299 3672 2557 3727 nimirum
2593 3673 2739 3742 quod
2771 3674 2946 3728 electo
2974 3673 3067 3728 Dei
3099 3672 3381 3730 telovintra

1803 3781 1864 3823 se
1895 3771 2117 3834 recepto
2149 3779 2245 3833 per
2276 3763 2395 3819 lidci
2421 3763 2726 3833 cuspidem,
2771 3765 3058 3820 vulnerata
3090 3766 3259 3841 corde
3287 3768 3381 3833 sit,

1799 3857 2136 3929 jaculatione
2166 3857 2474 3913 dilectionis
2504 3856 2559 3911 in
2600 3857 2749 3911 letali
2790 3857 2911 3912 loco
2959 3866 3202 3930 accepta.
3241 3859 3383 3918 Deus

100 3959 291 4006 autem
335 3949 557 4006 dilectio
611 3958 718 4018 est,
775 3949 1232 4021 quemadmodum
1278 3949 1535 4008 Joannes’
1563 3953 1641 4007 ait
1662 3954 1731 4020 ⁸³,
1793 3970 1955 4024 quem
2000 3956 2159 4011 decet
2203 3954 2377 4025 gloria
2414 3960 2473 4009 et
2514 3952 2804 4025 imperium
2848 3940 3080 4010 inﬁnitis
3138 3952 3379 4013 saeculis.

103 4047 301 4100 Amen.

715 4135 964 4188 OMIAIA
994 4135 1093 4188 II".

180 4228 435 4295 ’Ώρκισα
452 4222 638 4295 ὑμᾶς,
664 4223 983 4291 θυγατέρες
1020 4224 1440 4294 Ἰερουσαλὴμ,
1473 4225 1542 4279 ἐν
1565 4227 1693 4294 ταῖς

2350 4130 2641 4200 IIOMILIA
2676 4129 2816 4185 XIII.

1866 4231 1998 4286 Car.
2026 4244 2081 4293 ν,
2106 4226 2213 4298 Ῡ8.
2245 4223 2607 4295 Jurejurando
2644 4224 2873 4293 aslrinxi
2914 4241 3024 4287 vos,
3052 4226 3183 4295 ﬁlia:
3222 4224 3381 4281 Jeru-

103 4316 405 4385 δυνάμεσι
432 4356 449 4380 ,
485 4313 583 4368 καί
620 4314 693 4368 ἐν
726 4312 857 4378 ταῖς
894 4313 1178 4382 ἰσχύσεοι
1208 4313 1313 4366 τοῦ
1343 4315 1529 4382 ἀγροῦ
1550 4355 1564 4379 ,
1588 4316 1641 4369 ἑὲ

1868 4323 1989 4385 lem,
2022 4323 2078 4375 in
2098 4319 2444 4390 potestatibus
2474 4334 2536 4371 ac
2563 4317 2760 4371 uiribus
2795 4319 2911 4386 agri
2943 4332 2962 4370 :
3004 4318 3052 4371 si
3084 4319 3384 4375 inveneritis

105 4408 323 4476 εὕρητε
348 4406 456 4458 τὸν
476 4402 804 4473 ἀδελφιδόν
829 4420 969 4472 μου,
991 4404 1049 4456 τί
1073 4403 1471 4472 ἀπαγγείλητε
1500 4405 1696 4471 αὐτῷ;

108 4498 201 4551 ὅτι
235 4492 569 4564 τετρωμένη
630 4491 868 4561 ἀγάπης
918 4491 1031 4559 ἐγώ
1067 4493 1201 4560 εἰμι.
1258 4492 1325 4546 Τί
1376 4492 1699 4562 ἀδελφιδός

107 4605 230 4644 σου
265 4586 386 4642 ἀπὸ
443 4583 805 4653 ἀδελφιδοῦ,
843 4578 890 4637 ὧ
935 4582 1095 4651 καλὴ
1138 4583 1206 4637 ὲν
1249 4583 1566 4653 γυναιξίν;
1612 4585 1701 4638 ὅτι

110 4683 306 4746 οὕτως
332 4678 595 4747 ὦρκισας
622 4674 781 4744 ἡμᾶς
803 4691 821 4740 ;
856 4674 1180 4744 ἀδελφιδός
1202 4692 1322 4745 μου
1358 4677 1575 4743 λευκὸς
1603 4678 1700 4730 καί

110 4770 895 4844 πυρῤδςνέκλελοκισμένος
928 4768 1047 4823 ἀπὸ
1094 4768 1419 4838 μυριάδων.
1455 4771 1698 4840 Κεφαλὴ

110 4864 304 4921 αὐτοῦ
337 4863 597 4932 χρυσίον
629 4860 859 4930 Κεφὰς,
888 4860 1226 4929 ,βόστρυχοι
1255 4861 1441 4916 αὐτοῦ
1469 4863 1699 4929 ἑλαταί,

109 4958 377 5028 μέλανες
404 4954 484 5019 ώς
512 4951 695 5020 κόραξ
720 4967 734 4981 ⁸
763 4950 1061 5020 ὀφθαλμοί
1094 4950 1279 5006 αὐτοῦ
1310 4952 1391 5018 ὡς
1434 4968 1702 5023 περιστε-

104 5048 214 5118 ραὶ
238 5045 339 5100 ἐπὶ
389 5043 753 5113 πληρώματα
794 5040 1034 5095 ὑδάτων
1057 5081 1071 5106 ,
1114 5042 1475 5112 λελουμέναι
1504 5045 1574 5100 ἐν
1604 5047 1704 5116 γά-

108 5144 316 5202 λακτι,
348 5135 676 5205 καθήμεναι
705 5132 809 5187 ἐπὶ
841 5131 1205 5202 πληρώματα
1232 5134 1490 5190 ὑδάτων.

196 5236 261 5289 '0
291 5233 381 5289 διὰ
409 5231 688 5296 Μωὺσέως
725 5230 823 5299 μὲν
862 5230 1230 5303 νομοθετήσας
1284 5231 1353 5286 τά
1397 5234 1490 5287 τοῦ
1540 5236 1703 5307 νόμου

114 5326 401 5398 μυστήρια
422 5338 435 5352 ³
474 5320 769 5393 πληρώσας
799 5319 858 5372 δὲ
907 5318 974 5372 δι’
1011 5318 1207 5374 ἑαυτοῦ
1238 5320 1358 5385 ὅλον
1408 5321 1498 5376 τὸν
1540 5323 1704 5394 νόμον

111 5418 210 5472 καὶ
242 5416 372 5479 τοὺς
402 5414 691 5485 προφήτας
715 5451 731 5477 ,
762 5410 941 5476 καθὼς
971 5412 1029 5465 ἐν
1063 5410 1142 5483 τῷ
1171 5412 1488 5484 Εὑαγγελίῳ
1518 5415 1699 5484 φησιν’

110 5509 200 5563 ὅτι
236 5506 363 5561 οὐκ
391 5503 586 5574 ἦλθον
617 5496 953 5557 καταλῦσαι
985 5502 1093 5555 τὸν
1123 5503 1332 5572 νόμον,
1366 5503 1527 5560 ἀλλὰ
1552 5510 1706 5577 πλη-

223 5686 271 5721 θι
300 5682 463 5739 lcan.
499 5697 573 5748 tr,
598 5679 686 5734 I6.
800 5678 847 5710 ⁸³
873 5675 1060 5733 Matth.
1097 5693 1151 5746 v,
1183 5677 1267 5736 l7.

1799 4425 2077 4495 cognqtum
2107 4428 2298 4478 meum,
2332 4410 2475 4481 quid,
2513 4409 2883 4463 renuntiabitis
2916 4410 3007 4463 ei?
3031 4410 3168 4479 quod
3195 4428 3231 4466 a
3251 4411 3387 4467 dile-

1799 4508 1969 4561 ctione
1992 4505 2267 4559 vulncrata
2295 4504 2393 4557 sim
2420 4518 2530 4570 ego.
2556 4499 2609 4555 9.
2628 4499 2772 4565 Quid
2787 4500 2966 4569 di/j'ert
2983 4511 3240 4571 cognatus
3264 4511 3383 4557 tuus

1807 4607 2098 4668 acoguato,
2132 4612 2162 4649 ο
2202 4594 2438 4663 formosa
2473 4593 2611 4645 inter
2644 4593 2937 4647 mulieres?
2971 4592 3099 4662 quid
3127 4604 3382 4666 cognatus

1804 4702 1925 4745 tuus
1949 4709 1982 4745 α
2004 4699 2227 4759 cognato
2246 4683 2598 4756 diﬂ'ert,quod
2613 4684 2689 4740 ita
2701 4683 3058 4753 jurejurando
3077 4700 3175 4741 nos
3192 4689 3386 4742 astrin-

1804 4784 1990 4837 xeris?
2015 4783 2097 4836 IO.
2124 4779 2392 4850 Cognatus
2412 4791 2555 4831 meus
2573 4784 2650 4829 est
2671 4773 2929 4831 candidus
2949 4791 3013 4828 ac
3036 4775 3379 4841 rubicundus,

1804 4877 2000 4930 electus
2035 4888 2100 4928 ea:
2119 4872 2295 4927 decem
2316 4869 2574 4925 millibus.
2598 4868 2687 4923 II.
2702 4865 2880 4935 Caput
2904 4866 3042 4935 ejus,
3075 4883 3268 4923 aurum
3283 4866 3383 4923 Ce—

1804 4967 1942 5035 phas
1974 4981 1993 5019 :
2023 4963 2253 5017 cincinni
2289 4962 2403 5031 ejus
2430 4962 2632 5016 abietes
2658 5001 2674 5025 ,
2717 4959 2857 5030 nigri
2891 4968 3143 5028 tamquam
3170 4974 3379 5014 corvus.

1808 5057 1894 5109 I2.
1930 5054 2087 5110 Oculi
2128 5053 2244 5123 ejus
2271 5053 2410 5107 sicut
2454 5050 2732 5115 columbae,
2778 5047 2846 5103 ad
2880 5063 3141 5119 aquarum
3180 5049 3381 5117 copias,

1809 5145 2002 5200 abluta:
2030 5144 2185 5210 lacte,
2223 5143 2458 5198 sedentes
2482 5143 2643 5212 juxta
2676 5142 2858 5211 copias
2894 5152 3177 5210 equarum.

1878 5237 1929 5290 ls
1975 5234 2071 5303 qui
2107 5248 2205 5303 per
2245 5233 2451 5289 Mosen:
2491 5232 2708 5301 quidem
2751 5233 2883 5304 legis
2924 5231 3074 5287 initia
3109 5230 3343 5288 sancivit
3368 5271 3383 5295 ,

1809 5342 1908 5398 per
1934 5341 1995 5381 se
2028 5341 2160 5381 vero
2179 5325 2427 5395 implevit
2454 5325 2768 5391 universam
2791 5327 2963 5397 legem
2988 5331 3044 5379 et
3067 5323 3382 5394 prephetas.

1809 5417 2268 5489 quemadmodum
2301 5416 2376 5470 ait
2407 5415 2463 5470 in
2492 5415 2788 5485 Evangelio
2820 5435 2834 5471 :
2871 5415 2995 5471 Non
3031 5416 3146 5471 veni
3172 5414 3241 5470 ad
3269 5413 3386 5473 dis—

1811 5508 2115 5567 solvendam
2147 5507 2337 5581 legem,
2366 5506 2457 5563 sed
2482 5506 2804 5578 implendam
2823 5507 2871 5541 ⁸³
2904 5507 3032 5577 :qui
3064 5507 3145 5562 ira
3170 5504 3385 5566 sublata
