3730 5980
327 243 475 321 ιυδο,

1553 223 1610 279 S.
1643 218 1966 278 GREGORII
2003 217 2296 276 NYSSENI

3430 197 3598 256 ιωῦ

325 352 525 410 eadem
581 349 743 407 etiam
807 342 1076 406 abolevit,
1131 348 1184 396 et
1243 352 1347 393 una
1407 352 1532 392 cum
1592 336 1798 407 cupidit

2125 354 2179 392 αι
2208 353 2220 368 ·
2249 337 2277 389 ὁ
2311 335 2375 403 τῇ
2418 328 2516 400 μὲν
2549 323 2823 396 ἀναιρέσει
2858 320 2953 392 τῆς
2985 317 3155 390 ὀργῆς
3188 313 3441 381 συνεξαλε
3454 314 3598 384 (dp:

325 443 659 501 adulterium
689 453 910 510 quoque
931 404 1153 491 sustulit
1184 450 1200 504 :_
1229 429 1317 485 hic
1341 428 1506 502 igitur
1537 404 1688 498 ejicit
1728 427 1798 482 eti

2126 429 2290 498 ¹φόνον,
2313 418 2391 495 τῷ
2417 421 2473 478 δὲ
2502 414 2789 489 ἀφανισμῷ
2820 409 2916 510 τῇς
2943 409 3234 479 ἐπιθυμίας
3266 404 3599 472 συνεξελαύ-

329 557 358 591 e
409 536 521 589 vita
565 527 900 590 exsecranda
945 525 1219 596 perjuria,
1274 521 1403 576 dum
1453 535 1547 591 per
1597 517 1802 589 jurame

2125 493 2233 587 ⁷τῆς
2266 493 2507 584 μοιχείας
2544 506 2604 561 τὸ
2635 505 2792 573 ἄγος-⁸
2829 495 2980 563 οὗτος
3020 497 3267 553 ἐκϐάλλει
3312 495 3406 550 τοῦ
3461 493 3596 563 βίου

327 625 747 698 prohibitionem
810 619 923 675 otio
987 616 1144 687 quasi
1197 613 1387 668 falcem
1453 609 1730 665 astrinxit.
1786 606 1894 662 Ne-

327 735 435 788 que
461 717 606 772 enim
640 712 753 769 ﬁeri
778 717 960 783 potest
1011 715 1066 762 ut
1097 707 1470 776 juramentum
1502 701 1626 773 quis
1650 716 1758 755 non
1779 714 1897 754 ser-

331 819 442 873 vet,
494 808 540 864 si
568 808 932 877 juramentum
966 799 1172 854 nullum
1211 797 1302 853 sit.
1339 796 1634 866 Propterea
1669 793 1845 862 inquit
1879 808 1892 844 :

331 900 567 954 Audistis
595 896 792 949 dictum
835 892 999 960 fuisse
1026 889 1213 959 priscis
1252 888 1400 942 illis:
1435 885 1556 940 Non
1608 881 1896 953 pejerabis,

321 989 419 1044 sed
459 986 640 1043 reddes
691 984 918 1038 Domino
970 982 1269 1046 iuramenta
1323 988 1435 1030 tua.
1470 975 1582 1045 Ego
1623 990 1742 1028 vero
1782 971 1900 1025 dico

333 1080 496 1142 vobis,
526 1094 587 1132 ne
617 1076 806 1141 iuratis
831 1071 1044 1127 omnino
1071 1086 1087 1123 :
1113 1085 1272 1138 neque
1293 1083 1384 1136 per
1410 1066 1598 1120 coelum
1619 1103 1634 1128 ,
1663 1064 1786 1134 quia
1813 1076 1902 1114 so-

307 1171 465 1223 Ulium
508 1166 616 1220 ‘Dei
649 1174 765 1229 est;
803 1178 964 1232 neque
990 1177 1082 1229 per
1114 1158 1448 1229 Jerosolyma
1470 1198 1484 1221 ,
1508 1156 1635 1225 quia
1669 1153 1793 1208 urbs
1825 1159 1903 1206 est

314 1259 516 1328 magni
547 1257 681 1326 regis
705 1272 724 1320 ;
756 1269 916 1323 neque
939 1259 1199 1321 per'caput
1223 1258 1368 1302 tuum
1390 1246 1623 1317 jurabis,
1654 1245 1775 1314 quia
1801 1259 1904 1296 non

2001 609 2095 663 καὶ
2126 585 2224 678 τὴν
2260 604 2324 657 ἐκ
2352 601 2448 673 τῆς
2477 595 2761 664 ἐπιορκίας
2794 587 3060 662 κατάραν,
3095 591 3162 660 τῇ
3203 585 3598 657 ἀπαγορεύσει

2002 699 2094 754 τοῦ
2125 675 2286 768 ὅρκου
2336 692 2575 762 πεδήσας
2602 689 2658 740 ὲν
2685 684 2926 756 ἀπραξίᾳ
2954 681 3013 736 τδ
3042 679 3328 751 δρέπανον.
3365 677 3443 740 υς»
3471 675 3597 746 γάρ

2005 792 2119 844 ἔστι
2143 786 2364 841 δυνατὸν
2413 783 2576 854 ὅρκου
2620 776 2868 848 γενέσθαι
2923 772 3272 844 παράϐασιν,
3322 768 3398 838 μὴ
3426 769 3597 829 ὄντος

2005 880 2197 951 ὅρκου.
2219 877 2307 930 Διό
2335 891 2497 944 φησιν
2517 889 2532 904 ο
2579 868 2898 926 Ἠκούσατε
2928 864 3016 917 ὅτι
3045 861 3251 930 ἐρρέθη
3283 859 3592 928 ἀρχαίοις

2009 949 2131 1025 Οὐκ
2161 965 2541 1036 ἐπιορκήσεις
2563 1003 2578 1027 ,
2618 959 2951 1022 ἀποδώσεις
2991 954 3060 1008 δὲ
3092 952 3171 1018 τῷ
3201 951 3400 1020 Κυρίῳ
3438 949 3597 1014 τοὺς

2007 1065 2224 1132 ὅρκους
2253 1073 2388 1113 σου.
2449 1053 2597 1123 Ἐγὼ
2647 1051 2800 1120 λέγω
2843 1065 2975 1112 σοι,
3023 1043 3193 1115 φησὶ,
3228 1042 3315 1112 μὴ
3363 1041 3597 1132 ὀμόσαι

2008 1129 2160 1218 ὅξλως
2180 1168 2193 1184 ’
2239 1150 2390 1221 μήτε
2417 1148 2486 1202 ἐν
2509 1145 2589 1210 τῷ
2616 1139 2850 1210 οὐρανῷ
2874 1177 2889 1202 ,
2933 1138 3022 1191 ὅτι
3051 1137 3260 1204 θρόνος
3295 1132 3432 1185 ἐστὶ
3477 1129 3600 1184 τοῦ

2012 1243 2158 1300 Θεοῦ
2179 1259 2192 1274 ο
2225 1239 2377 1312 μήτε
2403 1239 2472 1292 ἐν
2517 1230 2941 1305 Ἰερουσαλὴμ,
2975 1229 3065 1282 ὅτι
3099 1227 3270 1290 πόλις
3298 1222 3436 1278 ἐστὶ
3477 1221 3600 1275 τοῦ

317 1316 479 1416 potos
503 1316 749 1414 capillum
783 1316 962 1396 album
993 1348 1084 1393 aut
1109 1316 1323 1408 nigrum
1349 1316 1540 1406 facere.
1563 1335 1694 1388 Esto
1728 1349 1790 1386 au

2127 1335 2270 1390 [ἰνίου
2286 1331 2591 1399 ,βασιλέως
2611 1347 2624 1361 ·
2654 1327 2805 1396 μήτε
2832 1325 2901 1378 ἐν
2927 1322 3004 1390 τῇ
3031 1319 3265 1389 κεφαλῇ
3291 1332 3407 1372 σου
3442 1316 3600 1385 ὀμό-

329 1455 506 1496 sermo
545 1445 726 1500 tester,
775 1433 993 1496 ’Etiam,
1035 1431 1196 1486 etiam
1236 1445 1254 1483 :
1297 1438 1345 1483 et
1376 1427 1499 1481 Non
1523 1467 1538 1492 ,
1570 1442 1673 1480 non
1708 1441 1726 1479 :
1766 1421 1905 1494 quod

337 1539 512 1582 autem
549 1541 709 1594 supra
769 1523 877 1577 ha’c
928 1518 1183 1583 abundat,
1222 1533 1287 1572 ea:
1334 1515 1546 1571 diabolo
1591 1523 1667 1570 est
1703 1513 1772 1568 “.
1831 1512 1900 1566 At

339 1621 538 1682 anima,
570 1617 658 1671 cui
686 1612 968 1668 Cantibum
994 1610 1098 1664 hoc
1139 1608 1395 1664 eximium
1434 1604 1786 1677 perfectionis
1814 1610 1902 1657 te—

2011 1443 2142 1493 σεις
2167 1445 2180 1458 ο
2229 1425 2319 1477 ὅτι
2368 1424 2439 1476 οὐ
2474 1421 2733 1474 δύνασαι
2769 1413 3016 1480 ποιῆσαι
3063 1412 3237 1480 τρίχα
3267 1407 3511 1476 λευκὴν
3557 1407 3600 1474 ἢ

2009 1519 2320 1590 μέλαιναν,
2357 1516 2546 1599 Ἔστω
2571 1511 2640 1564 δὲ
2664 1510 2831 1580 ὑμῶν
2864 1511 2897 1562 ό
2921 1509 3104 1578 λόγος
3136 1508 3201 1559 τὸ
3225 1544 3241 1570 ,
3271 1503 3410 1567 Nai,
3439 1503 3564 1557 ra!
3581 1517 3596 1530 '

2014 1611 2112 1665 καὶ
2140 1609 2227 1673 τὸ,
2261 1603 2366 1672 Oi),
2401 1595 2521 1660 οὔἸ
2550 1601 2620 1656 τὸ
2659 1601 2726 1654 δὲ
2762 1597 3193 1667 περισσότερον
3225 1596 3482 1658 τούτων,
3523 1592 3604 1646 ἐκ

341 1709 659 1766 stimonium
700 1704 927 1768 tribuit,
969 1702 1056 1758 cui
1105 1698 1288 1756 cordis
1317 1698 1562 1753 velamen
1607 1701 1691 1750 est
1726 1693 1814 1748 ade

2135 1698 2420 1752 διαϐόλου
2450 1693 2639 1748 ἐστίν.
2696 1691 2762 1744 Ἥ
2807 1690 2862 1743 δὲ
2899 1688 2988 1742 διὰ
3036 1687 3128 1741 τοῦ
3159 1687 3439 1758 ’ᾼσματος
3481 1683 3603 1737 τῶν

338 1806 490 1869 ptum
514 1798 566 1852 in
591 1795 926 1866 depositione
951 1791 1148 1845 tunica:
1181 1788 1405 1852 veteris,
1439 1799 1562 1857 qua:
1583 1784 1909 1839 theristrum

320 1891 536 1946 faciem
569 1896 759 1957 tegens
799 1883 998 1954 abjecit
1024 1921 1038 1946 ,
1070 1896 1169 1952 per
1208 1879 1353 1950 quod
1384 1876 1742 1947 intelligimus
1787 1889 1910 1929 om-

316 1991 466 2032 metu
522 1972 911 2045 cogitationem
948 1969 1286 2026 dubitantem
1327 1965 1595 2036 quasique
1632 1963 1906 2034 palpitan-

317 2075 478 2132 item,
508 2065 585 2119 ita
611 2071 673 2118 ut
699 2063 811 2134 jam
841 2076 977 2133 pure
1008 2075 1072 2114 ac
1102 2059 1221 2115 sine
1246 2057 1587 2114 dubitatione
1617 2060 1905 2113 veritatem

321 2159 620 2216 intueatur
659 2173 672 2210 :
736 2154 850 2208 haec
897 2151 1063 2223 igitur
1112 2148 1471 2221 jurejurando
1522 2147 1659 2202 filias
1693 2146 1916 2202 Jerusa-

340 2250 449 2304 lem
487 2244 743 2314 astringit
771 2283 785 2306 ,
849 2257 1024 2312 neque
1067 2255 1167 2312 per
1199 2239 1393 2296 solium
1438 2238 1718 2302 divinum,
1768 2235 1915 2308 quod

345 2333 546 2388 coelum
591 2346 714 2387 esse
741 2329 943 2384 dicitur
978 2348 991 2383 :
1029 2341 1206 2397 neque
1235 2341 1331 2396 per
1368 2324 1462 2378 Dei
1507 2325 1717 2394 regiam
1745 2364 1758 2388 ,
1794 2339 1915 2393 quae

350 2423 690 2494 Jerosolyma
724 2427 996 2487 “vocatur;
1048 2433 1228 2489 neque
1283 2431 1380 2486 per
1424 2415 1790 2472 venerandum
1851 2415 1915 2468 il-

348 2514 438 2570 lud
489 2520 688 2584 caput,
733 2510 890 2581 cujus
919 2509 1100 2581 capilli
1135 2522 1238 2563 nec
1286 2506 1397 2561 albi
1441 2521 1543 2562 nec
1597 2507 1738 2577 nigri
1798 2505 1916 2560 fieri

359 2613 614 2676 possunt,
669 2604 760 2659 sed
802 2603 868 2656 ad
918 2615 1103 2673 agrum
1133 2599 1502 2670 juramentum
1543 2613 1700 2655 suum
1747 2607 1919 2654 trans-

353 2719 503 2781 fert,
555 2730 649 2787 per
685 2721 980 2786 potestates
1021 2712 1140 2782 ejus
1182 2711 1490 2782 juvenculis
1530 2707 1917 2780 jusjurandum

350 2805 628 2868 deferens,
659 2819 782 2858 cum
814 2803 890 2856 ait
921 2821 933 2855 :
969 2801 1330 2872 Jurejurando
1366 2799 1596 2855 σειν-ἰητὶ
1625 2815 1753 2862 vos,
1792 2797 1918 2864 ﬁlia:

351 2896 683 2962 Jerusalem,
725 2897 780 2950 in
828 2897 1176 2965 potestatibus
1219 2912 1280 2948 ac
1313 2894 1507 2948 uiribus
1549 2893 1683 2964 agri.
1737 2890 1918 2945 Enim-

307 2996 312 3000 ’
356 3005 484 3045 vero
512 2990 682 3053 illam,
713 2988 800 3042 cui
828 2987 1162 3059 perhibitum
1197 2995 1281 3042 est
1320 2985 1690 3041 testimonium
1724 3025 1738 3049 ,
1774 2983 1920 3054 quod

341 3079 836 3149 'tota'sitpulchra,
855 3084 909 3132 et
935 3077 1086 3132 omni
1114 3076 1236 3131 labe
1263 3083 1466 3138 careat,
1499 3075 1634 3130 nihil
1667 3089 1922 3144 superva-

346 3185 585 3226 caneum
617 3167 862 3240 proferre
885 3166 1066 3239 (quod
1103 3167 1321 3237 quidem
1349 3165 1550 3222 diaboli
1580 3168 1708 3234 est),
1741 3164 1836 3220 sed
1857 3181 1922 3220 ex

348 3262 469 3317 ‘Deo
496 3261 664 3330 loqui,
707 3275 739 3314 a
775 3273 884 3330 quo
915 3257 1016 3329 (de
1046 3257 1314 3314 sententia
1355 3255 1592 3310 Michacae
1619 3254 1794 3325 vatis)
1831 3269 1926 3308 ex-

359 3353 503 3408 sistit
525 3391 539 3415 ,
577 3351 624 3406 si
651 3349 783 3421 quid
812 3349 1035 3416 bonum,
1071 3355 1124 3404 et
1153 3347 1198 3403 si
1229 3347 1357 3417 quid
1399 3347 1688 3416 pulchrum
1720 3353 1827 3412 est,
1862 3359 1928 3400 ac

373 3450 571 3513 praeter
599 3443 715 3496 haec
741 3439 874 3494 nihil
903 3481 918 3507 ,
955 3438 1265 3510 perspicere
1289 3437 1466 3509 quivis
1495 3444 1674 3508 potest
1699 3477 1715 3500 ,
1742 3435 1833 3508 qui
1861 3451 1930 3491 ex

363 3534 678 3593 testimonio
728 3531 940 3588 Domini
973 3531 1197 3586 edoctus
1243 3539 1328 3585 est
1370 3529 1570 3599 quibus
1619 3543 1685 3582 ex
1761 3526 1930 3583 rebus

365 3638 567 3694 sponsa
605 3621 857 3678 excellat.
918 3618 1130 3674 Etenim
1179 3633 1301 3674 cum
1336 3619 1554 3673 omittat
1580 3631 1771 3672 omnes
1798 3631 1930 3688 pro-

364 3715 566 3770 bibitas
582 3711 882 3785 juramenti
910 3711 1144 3783 species,
1169 3723 1346 3778 neque
1367 3723 1464 3778 per
1487 3707 1674 3762 urbem
1701 3706 1930 3777 regiam,

365 3818 544 3874 neque
592 3818 688 3874 per
739 3801 921 3872 magni
973 3799 1120 3869 regis
1168 3798 1364 3853 solium
1414 3797 1578 3853 hasce
1612 3796 1935 3867 juvenculas

2013 1790 2269 1861 ᾀσμάτων
2297 1786 2389 1839 ἐπὶ
2423 1781 2712 1852 τελειότητι
2754 1777 3212 1850 μεμαρτυρημένη
3263 1774 3451 1845 ψυχὴ,
3497 1774 3602 1826 καὶ

2015 1878 2369 1953 περιελομένη
2400 1875 2496 1945 μὲν
2526 1875 2622 1944 τῆς
2646 1872 2822 1941 ψυχῆς
2851 1870 2911 1922 τὺ
2935 1868 3198 1938 κάλυμμα
3229 1869 3284 1920 ὲν
3315 1869 3382 1936 τῇ
3410 1866 3604 1918 ἀπεκ-

2015 1973 2163 2026 δύσει
2194 1969 2287 2022 τοῦ
2334 1963 2563 2019 παλαιοῦ
2613 1963 2873 2033 χιτῶνος,
2929 1959 3024 2012 τοῦ
3081 1974 3140 2010 τε
3193 1954 3495 2028 προσώπου
3535 1955 3602 2007 τὸ

2018 2061 2296 2132 θέριστρον
2346 2053 2690 2114 ἀποϐαλοῦσα
2711 2091 2727 2118 ,
2761 2051 2898 2120 ὅπερ
2926 2047 3151 2118 νοοῦμεν
3182 2046 3364 2099 πᾶσαν
3398 2045 3602 2098 διστά-

2019 2153 2211 2220 ζουσάν
2235 2168 2294 2205 τε
2319 2135 2867 2219 καῖ’κραδαινομένην
2888 2141 3145 2203 διάνοιαν,
3170 2137 3307 2190 ὥστε
3329 2134 3604 2206 καθαρῶς

2017 2263 2077 2300 τε
2105 2245 2198 2299 καὶ
2219 2239 2600 2313 ἀναμφιϐόλως
2631 2235 2765 2307 πρὸς
2793 2233 2891 2304 τὴν
2924 2229 3180 2300 ἀλήθειαν
3211 2228 3430 2298 βλέπειν
3451 2267 3468 2290 ,
3509 2228 3605 2296 ὀρ-

2019 2337 2160 2403 κίζει
2208 2335 2307 2398 τὰς
2351 2331 2656 2401 θυγατέρας
2695 2322 3050 2396 Ἰερουσαλὴμ
3076 2362 3091 2386 ,
3131 2318 3254 2373 οὔτε
3304 2317 3452 2372 κατὰ
3503 2315 3604 2369 τοῦ

2020 2429 2162 2484 θείου
2187 2427 2399 2499 θρόνου,
2427 2425 2485 2478 ὃν
2505 2419 2730 2493 οὐρανὸν
2753 2413 3012 2488 ὀνομάζει
3033 2415 3061 2466 ὁ
3081 2412 3238 2480 λόγος
3256 2427 3268 2440 ·
3298 2408 3425 2462 οὔτε
3453 2407 3608 2461 κατά

2018 2523 2124 2577 τῶν
2156 2518 2291 2575 Θεοῦ
2322 2515 2606 2589 βασιλείων
2643 2508 2724 2576 οἷς
2780 2509 2954 2580 ὄνομά
2999 2509 3146 2560 ἐστιν
3189 2501 3562 2589 Ἰερουσαλήμ
3587 2517 3602 2529 ·

2019 2614 2080 2667 οὐ
2118 2611 2226 2683 μὴν
2273 2586 2397 2663 οῦτε
2431 2605 2573 2660 κατά
2622 2604 2719 2674 τῆς
2767 2599 3010 2671 κεφαλῆς
3058 2597 3158 2667 τῆς
3181 2593 3399 2665 τιμίας,
3449 2586 3527 2664 ἦς
3550 2593 3609 2644 αἱ

2019 2705 2202 2776 τρίχες
2233 2700 2357 2756 οὔτε
2403 2696 2626 2759 λευκαὶ,
2661 2693 2785 2748 οὔτε
2818 2692 3062 2764 μέλαιναι
3112 2684 3363 2757 γενέσθαι
3396 2684 3608 2747 6'5qu-

2020 2774 2139 2851 ταιέ
2171 2793 2285 2848 ἀλλ’
2319 2792 2410 2844 ἐπὶ
2442 2789 2531 2842 τὸν
2566 2785 2733 2858 ἀγρὸν
2778 2781 3071 2854 μεταφέρει
3094 2779 3184 2832 τὸν
3225 2778 3385 2846 ὅρκον
3410 2817 3427 2842 ,
3460 2774 3611 2828 κατὰ

2019 2889 2126 2943 τῶν
2165 2889 2222 2940 ὲν
2253 2883 2402 2954 αὐτῷ
2432 2879 2711 2952 δυνάμεων
2736 2877 2827 2930 τὸν
2864 2873 3126 2944 ὁρκισμδν
3160 2869 3446 2954 ἐπάγουσα
3479 2870 3610 2930 ταῖς

2024 2978 2228 3034 νεάνισι
2271 2947 2531 3044 λέγδυσω
2569 2947 2834 3038 *Ὤρκισα
2885 2964 3076 3036 ὑμᾶς,
3125 2947 3449 3031 θυγατέρες
3501 2959 3612 3013 Ἰε-

2019 3069 2378 3142 ρουσαλὴμ,
2420 3067 2488 3120 ἐν
2521 3063 2648 3128 ταῖς
2679 3059 2973 3128 δυνάμεσι
3013 3055 3112 3111 καί
3160 3055 3450 3123 ίσχύσεσι
3499 3052 3612 3106 τοῦ

2025 3140 2272 3232 δρυμοῦ.
2297 3159 2420 3212 Ὀτι
2457 3155 2555 3228 μὲν
2585 3149 2677 3208 οὖν
2709 3153 2742 3222 ἡ
2779 3152 2846 3204 δι’
2869 3149 2993 3203 ὃλου
3026 3144 3432 3218 μαρτυρηθεῖσα
3470 3140 3612 3199 εἶναι

2026 3253 2166 3324 καλὴ
2198 3251 2293 3306 καὶ
2327 3248 2526 3311 παντὸς
2567 3243 2944 3314 καθαρεύουσα
2979 3239 3199 3310 μώμου,
3245 3236 3397 3290 οὐδὲν
3440 3233 3612 3306 φθέῖ-

2027 3361 2184 3414 γεται
2221 3341 2329 3396 τῶν
2384 3336 2651 3410 περιττῶν
2676 3374 2689 3399 ,
2742 3333 2771 3386 δ
2801 3332 2900 3402 τῆς
2953 3332 3047 3384 τοῦ
3094 3328 3338 3383 διαϐόλου
3391 3325 3612 3414 μερίῇς

2029 3434 2207 3488 εστίν·
2233 3430 2345 3484 ἀλλ’
2380 3429 2445 3481 ὲκ
2469 3424 2561 3480 τοῦ
2586 3421 2722 3478 Θεοῦ
2757 3423 2991 3474 ποιεῖται
3020 3417 3110 3472 τὸν
3143 3416 3322 3485 λόγον,
3359 3415 3496 3486 παρ’
3528 3407 3610 3474 οὗ,

2030 3519 2171 3575 κατὰ
2195 3517 2285 3570 τὸν
2310 3514 2568 3584 Μιχαίαν,
2587 3509 2638 3563 εί
2663 3528 2713 3563 τι
2741 3508 2942 3577 ἀγαθόν
2975 3509 3109 3570 ἐστι,
3134 3505 3227 3558 καὶ
3255 3504 3308 3556 εί
3332 3522 3385 3556 τι
3423 3503 3611 3560 καλὸν.

2032 3612 2126 3666 καὶ.
2154 3609 2303 3680 παρά
2326 3605 2498 3661 ταῦτα
2534 3601 2716 3656 οὐδέν’
2755 3599 2915 3653 τιταντλ⁸
2961 3597 3118 3668 δῆλόν
3158 3599 3272 3650 ἐστι
3296 3637 3311 3660 ,
3346 3593 3430 3664 τῷ
3461 3594 3614 3663 παρὰ

2033 3702 2130 3771 τῆς
2156 3695 2477 3766 δεσποτικῆς
2527 3691 2832 3766 μαρτυρίας
2859 3687 3158 3758 διδαχθέντι
3185 3725 3199 3750 ,
3232 3684 3298 3737 τὰ
3338 3683 3614 3754 προσόντα

2033 3793 2099 3862 τῇ
2133 3789 2319 3860 νύμφῃ
2358 3786 2818 3856 πλεονεκτήματα.
2863 3781 2922 3832 Ἦ
2956 3779 3064 3850 γὰρ
3103 3778 3301 3844 ἀφεῖσα
3343 3775 3528 3828 πάντα
3546 3776 3612 3826 τά

364 3866 635 3965 astringat
717 3866 861 3962 (quo
948 3866 1211 3944 discimus
1306 3894 1570 3956 quantum
1617 3866 1832 3940 abesse

2141 3877 2459 3952 ιγορευμένα
2506 3875 2619 3945 εἴδη
2660 3872 2754 3926 τοῦ
2798 3872 2960 3942 ὅρκου
2987 3909 3000 3933 ,
3035 3868 3128 3922 καὶ
3161 3868 3296 3938 μήτε
3326 3866 3429 3937 τὴν
3463 3866 3614 3936 βασι-

367 3987 529 4043 nobis
548 3960 784 4040 debeat
809 3989 870 4035 ut
907 3980 1166 4034 audacter
1195 3978 1486 4032 abutamur
1521 3975 1576 4030 in
1613 3975 1840 4045 juramet

2140 3991 2294 4029 ουσαν
2324 3972 2476 4027 πόλιν
2498 4011 2512 4030 ,
2546 3971 2682 4040 μήτε
2707 3967 2798 4020 τὸν
2841 3965 3026 4037 θρόνον
3057 3962 3150 4015 τοῦ
3179 3960 3419 4032 μεγάλου
3457 3961 3613 4030 βασι-

375 4077 505 4144 Deo,
569 4087 697 4128 cum
736 4084 912 4140 neque
941 4067 1084 4130 solii,
1123 4080 1301 4136 neque
1342 4064 1578 4119 civitatis
1609 4061 1756 4118 illius
1785 4077 1848 4116 mc

2140 4085 2171 4131 νς
2197 4067 2380 4138 ὅρκιον
2410 4063 2530 4124 ταῖς
2550 4060 2754 4114 νεάνισι
2781 4055 3123 4126 ποιησαμένη
3142 4071 3156 4086 ·
3181 4054 3268 4107 διά
3290 4051 3488 4106 τούτου
3508 4052 3613 4122 γὰρ

367 4169 576 4222 tionem
611 4164 668 4218 in
703 4158 1061 4232 jurejurando
1088 4156 1331 4211 faciundi
1378 4155 1532 4226 c0pia
1574 4153 1734 4209 nobis
1765 4152 1840 4207 ﬁat

2140 4157 2404 4228 δευόμεθα
2444 4155 2610 4207 πόσον
2642 4151 2866 4222 ἀπέχειν
2896 4149 3042 4220 ἡμᾶς
3074 4147 3179 4218 χρὴ
3217 4144 3311 4199 τοῦ
3354 4145 3613 4199 κατατολ-

367 4273 493 4315 cum
528 4262 716 4327 parcat
758 4253 889 4308 item
931 4247 1239 4308 venerando
1273 4247 1471 4318 capiti,
1507 4245 1652 4318 quod
1681 4244 1840 4302 deinc

2139 4270 2150 4304 ρ
2187 4250 2280 4304 τοῦ
2321 4246 2454 4301 Θεοῦ
2493 4246 2550 4299 ὲν
2595 4245 2708 4307 τοῖς
2751 4245 2964 4313 ὅρκοις,
2995 4241 3075 4292 ὅτι
3108 4237 3230 4291 οὔτε
3259 4238 3350 4290 τὸν
3399 4236 3612 4307 θρόνον,

369 4360 429 4406 ιιι
462 4362 688 4405 aureum
712 4345 975 4416 depingit,
1019 4343 1178 4414 cujus
1209 4339 1388 4410 capilli
1429 4353 1528 4395 nec
1556 4338 1664 4393 albi
1716 4351 1819 4393 nec

2142 4359 2167 4394 ε
2189 4341 2284 4411 τὴν
2309 4338 2463 4392 πόλιν
2487 4340 2544 4389 ὲν
2580 4333 2656 4406 τῷ
2679 4335 2827 4404 ὅρκῳ
2856 4329 3298 4402 παραλαμϐάνειν
3321 4328 3615 4398 ἐπιτρεπό-

370 4439 453 4510 gri
491 4439 633 4502 sint;
669 4433 804 4506 (qui
848 4433 991 4489 enim
1042 4431 1128 4488 vel
1161 4429 1434 4501 denigrari
1490 4427 1664 4498 possit
1696 4440 1888 4482 aurum
1921 4464 1936 4492 ,

368 4529 456 4584 vel
483 4527 608 4581 albo
643 4525 827 4580 colore
851 4523 1106 4591 obduci?)
1151 4523 1372 4578 omnino
1400 4519 1506 4574 tale
1541 4517 1937 4589 jusjurandum

370 4617 678 4689 virginibus
721 4615 872 4670 hisce
922 4611 1214 4684 proponit,
1246 4609 1390 4680 quod
1421 4624 1595 4680 neque
1624 4623 1748 4663 cum
1777 4622 1942 4662 evan-

369 4711 544 4782 gelica
561 4709 678 4778 lege
707 4712 927 4777 pugnet,
962 4712 1016 4760 et
1037 4703 1214 4760 laudis
1245 4702 1522 4770 materiem
1555 4699 1942 4771 praestantibus

372 4807 552 4875 ipsum
599 4797 942 4870 suppeditet,
990 4795 1446 4868 quemadmodum
1499 4795 1574 4848 ait
1621 4793 1940 4864 Propheta:

375 4894 708 4950 Laudabitur
752 4891 920 4945 omnis
969 4890 1058 4960 qui
1113 4888 1264 4957 jurat
1306 4903 1396 4953 per
1435 4903 1552 4940 eum
1594 4886 1662 4940 ⁸⁸.
1718 4885 1837 4951 Quo
1888 4884 1946 4938 fit

373 4987 512 5042 adeo
554 4992 615 5040 ut
657 4997 847 5039 eorum
888 4995 1010 5051 quae
1050 4979 1138 5034 hic
1191 4978 1450 5033 dicuntur
1507 4977 1778 5033 sententia
1835 4991 1946 5030 non

375 5083 558 5134 careat
587 5075 680 5130 illo
719 5073 935 5145 gemino
974 5084 1084 5142 quo
1128 5067 1407 5124 veritatem
1454 5068 1796 5138 comprobari
1854 5067 1943 5120 lex

375 5166 697 5238 Evangelica
739 5165 854 5220 vult
898 5181 911 5217 :
957 5176 1081 5217 cum
1127 5160 1336 5230 inquit,
1384 5158 1514 5213 Esto
1565 5169 1738 5213 autent
1774 5175 1944 5213 sermo

377 5268 559 5323 vester,
598 5257 812 5321 Etiam,
859 5255 1020 5308 etiam
1049 5266 1068 5306 :
1105 5261 1155 5306 et
1185 5250 1341 5316 Non,
1384 5267 1505 5305 non.
1540 5249 1716 5316 Quare
1745 5251 1791 5305 si
1824 5264 1951 5320 pro-

271 5373 278 5380 ε
377 5348 594 5403 hibetur
628 5347 682 5400 in
710 5345 1046 5415 iuramentis,
1081 5358 1150 5398 ne
1181 5351 1495 5399 assumatur
1537 5341 1730 5396 solium
1784 5341 1945 5412 regis,

378 5447 435 5493 et
457 5436 653 5492 civitas
686 5437 743 5490 in
769 5451 877 5506 qua
908 5435 1052 5506 regia
1093 5441 1176 5490 est
1200 5471 1216 5500 ,
1255 5441 1309 5488 et
1355 5447 1542 5487 verum
1602 5431 1733 5486 illud
1763 5440 1944 5500 caput,

480 5605 526 5636 “
553 5603 738 5660 Matth.
771 5620 823 5671 ν,
855 5605 1040 5660 55-56.
1150 5606 1193 5637 ⁸⁵
1221 5605 1366 5660 Psal.
1402 5619 1530 5672 Lxu,
1573 5606 1659 5658 12.

2047 4433 2186 4505 μεθα
2212 4449 2224 4462 ·
2257 4429 2555 4500 φεισαμένη
2586 4443 2646 4478 τε
2679 4425 2816 4494 πρὸς
2854 4422 3062 4486 τούτοις
3091 4421 3191 4490 τῆς
3237 4419 3487 4490 κεφαλῆς
3521 4420 3616 4490 τῆς

2042 4524 2261 4594 τιμίας,
2292 4523 2357 4593 ἢν
2405 4523 2462 4573 ὲν
2495 4521 2610 4581 τοῖς
2652 4515 2851 4585 ἑφεξῆς
2901 4514 3108 4585 χρυσῆν
3142 4508 3277 4565 εἶναι
3325 4511 3616 4582 διαγράφει

2045 4616 2123 4688 τῷ
2160 4615 2337 4684 λόγῳ·
2371 4606 2439 4686 ἧς
2469 4612 2524 4664 αἱ
2555 4609 2738 4681 τρίχες
2771 4605 2896 4660 οὔτε
2930 4604 3118 4658 λευκαί
3153 4605 3289 4656 εἰσιν
3315 4645 3330 4669 ,
3358 4601 3488 4656 οὔτε
3533 4601 3618 4669 μέ·

2047 4707 2226 4760 λαιναι
2248 4722 2261 4735 °
2297 4702 2413 4766 πῶς
2444 4701 2553 4772 γὰρ
2585 4698 2650 4753 ἂν
2678 4698 2712 4768 ἢ
2746 4693 3032 4768 μελανθείη
3065 4691 3266 4763 χρυσὸς
3287 4731 3301 4756 ,
3334 4690 3370 4760 ἢ
3408 4691 3618 4761 πρὺςτὺ

2048 4794 2236 4848 λευκὸν
2260 4787 2399 4855 εἶδος
2429 4786 2838 4861 μεταχρωσθείη
2859 4803 2872 4850 ;
2898 4784 3113 4845 πάντως
3137 4783 3221 4835 ὅτι
3241 4779 3488 4833 τοιοῦτόν
3508 4797 3618 4833 τινα

2049 4884 2318 4956 προτείνει
2352 4881 2441 4935 τὸν
2478 4877 2743 4951 ὁρκισμδν
2779 4877 2898 4940 ταῖς
2939 4872 3258 4944 παρθένοις,
3295 4871 3357 4935 ὃς
3399 4871 3522 4941 οὐχὶ
3548 4869 3618 4939 τῷ

2049 4973 2383 5045 εὐαγγελικῷ
2409 4973 2637 5044 μάχεται
2663 4968 2812 5039 νόμῳ
2837 5006 2850 5030 ,
2887 4969 2980 5020 καὶ
3023 4965 3246 5018 ἐπαίνου
3275 4963 3490 5030 γίνεται
3515 4965 3618 5023 τοῖς

2049 5065 2393 5138 ὀμωμοκόσιν
2419 5061 2673 5123 ὑπόθεσις
2691 5101 2706 5125 ,
2754 5057 2896 5111 κατά
2939 5057 3040 5127 τὴν
3072 5055 3166 5108 τοῦ
3195 5055 3488 5124 Προφήτω
3518 5071 3618 5123 φω-

2049 5159 2164 5230 νὴν,
2195 5157 2230 5227 ἦ
2280 5172 2444 5226 φησιν
2469 5173 2482 5185 ·
2520 5157 2601 5210 ὅτι
2648 5149 3145 5220 Ἐπαινηθήσεται
3174 5144 3293 5211 πᾶς
3330 5147 3365 5198 ὁ
3390 5146 3618 5214 ὀμνύων

2049 5249 2120 5302 ἐν
2139 5247 2317 5313 αὐτῷ.
2351 5247 2511 5300 Ὥστε
2543 5247 2640 5318 τὴν
2671 5247 2778 5299 τῶν
2805 5242 3114 5314 λεγομένων
3144 5238 3388 5292 διάνοιαν
3426 5235 3502 5306 μὴ
3528 5235 3618 5300 ἔξω

2052 5337 2190 5395 εἶναι
2239 5343 2332 5396 τοῦ
2381 5340 2565 5395 διπλοῦ
2591 5378 2606 5404 ,
2706 5334 3026 5390 πιστοῦσθαι
3061 5330 3309 5400 βούλεται
3350 5323 3454 5395 τὴν
3503 5325 3619 5392 dli}.

2053 5433 2202 5488 θειαν
2234 5436 2261 5488 ὁ
2291 5431 2642 5501 εὐαγγελικδς
2673 5428 2836 5498 νόμος
2859 5465 2872 5492 ,
2910 5423 3081 5493 λέγων
3101 5437 3114 5452 ·
3148 5420 3345 5472 Ἔστω
3377 5415 3448 5469 δὲ
3472 5413 3619 5488 ὑμῶν
