3730 5980
107 275 233 334 1041

1092 274 1159 332 ΙΝ
1187 274 1488 333 CANTICA
1533 274 1804 334 CANTIC.
1835 275 2119 334 HOMILIA
2150 278 2285 335 Xlll.

3213 277 3351 335 1012

104 393 136 444 ὁ
159 377 352 458 λόγος
368 387 462 453 τὸ,
491 385 622 454 Nai,
651 387 778 442 ναι·
812 385 910 441 καί
943 386 1034 453 τὸ,
1061 387 1166 454 Oi},
1193 387 1291 443 οὔ.
1323 391 1386 443 El
1417 389 1595 446 τοίνυν
1624 391 1679 445 ἐν

1821 391 1962 448 alum
1990 406 2124 448 vero
2146 389 2471 448 conceditur
2493 389 2872 462 usurpandum
2897 390 3098 459 Etiam,
3121 399 3179 448 et
3208 391 3355 460 Non,

103 483 207 545 τοῖς
243 481 459 552 ὁρκίοις
490 481 723 551 νοήμασι
751 479 1019 535 κωλύεται
1056 481 1154 550 μέν
1187 481 1215 534 6
1249 479 1436 552 θρόνος
1455 483 1550 537 τοῦ
1585 483 1682 554 βα-

106 571 289 634 σιλέως
316 571 848 642 παραλαμϐάνεσθαι
873 586 888 601 ⁶
933 573 1199 626 κωλύεται
1231 574 1287 627 δέ
1317 574 1410 627 καὶ
1447 576 1480 645 ὴ
1507 574 1680 643 πόλις,

102 665 156 716 ἐν
194 655 318 733 ᾖτὰ
354 661 604 732 βασίλεια
623 678 638 693 ο
669 663 938 717 κωλύεται
971 664 1028 717 δὲ
1055 664 1316 728 ὡσαύτως
1347 665 1442 719 καὶ
1485 667 1520 737 ή
1553 666 1685 738 άλη-

104 753 214 822 θινὴ
247 752 466 823 κεφαλὴ
496 745 624 824 περὶ
669 753 768 824 τὴν
797 753 894 807 τοῦ
924 756 1088 826 ὅρκου
1138 754 1485 826 παράληψιν·
1525 757 1684 827 μόνον

100 843 151 895 δὲ
180 843 239 895 τὸ
269 843 402 908 Ναὶ,
435 845 532 897 καὶ
556 843 618 897 τὸ
639 840 738 910 Οὓ,
775 845 1229 918 συγκεχώρηται,
1259 846 1325 900 δι’
1356 847 1681 919 ἀμφοτέρων

103 936 234 990 κατά
264 937 328 989 τὸ
363 937 484 990 ῐσον
511 939 612 1007 τῆς
635 936 888 1007 ἀληθείας
917 937 976 990 ἐν
1012 936 1092 1008 τῷ
1112 935 1217 990 Ναὶ
1262 936 1640 1008 θεωρουμένης
1662 954 1676 968 ·

100 1028 249 1100 δῆλον
270 1028 336 1083 ἂν
363 1027 478 1099 εἴη,
510 1029 592 1082 δτι
623 1028 716 1082 καὶ
747 1028 842 1082 νῦν
870 1030 898 1082 6
927 1031 1048 1093 ταῖς
1079 1029 1312 1084 νεάνισιν
1343 1029 1680 1100 ἐπαγόμενος

99 1121 250 1192 ὅρκος
275 1120 432 1192 παρά
462 1123 562 1192 τῆς
586 1120 801 1191 νύμφης
823 1160 839 1187 ,
884 1121 1013 1192 περὶ
1044 1120 1143 1192 τὴν
1185 1120 1279 1174 τοῦ
1311 1121 1418 1175 Ναὶ
1444 1120 1678 1176 διάνοιαν

1786 482 1844 537 in
1893 495 2128 551 quorum
2191 489 2426 551 utroque
2473 479 2676 535 veritas
2732 494 2798 534 ex
2832 494 2986 551 aequo
3040 495 3138 552 per
3171 479 3356 536 Etiam

1785 573 2195 643 conspiciatur:
2231 571 2586 629 manifestum
2612 580 2696 629 est
2729 572 2822 626 hic
2856 586 3078 642 quoque
3104 573 3348 628 delatum

1786 680 1818 720 a
1875 680 2078 736 sponsa
2120 665 2436 736 juvenculis
2482 647 2875 737 jusjurandum
2928 665 2983 719 in
3039 663 3358 720 aﬂirmando

1785 756 2031 822 versari,
2079 755 2172 810 ubi
2231 755 2547 810 conﬁrmari
2606 770 2895 811 assensum
2951 754 3121 808 animi
3174 757 3355 810 nostri

1787 853 2022 916 oportet.
2062 845 2241 902 Verba
2283 855 2413 902 sunt
2455 845 2769 916 hujusmodi
2809 865 2823 900 :
2860 843 3225 915 Jurejurando
3265 862 3358 901 as-

1789 938 1952 992 trinxi
1979 953 2068 992 vos
2087 977 2102 1003 ,
2137 937 2270 1007 ﬁlice
2296 935 2599 992 Jerusalem
2619 975 2634 1002 ,
2674 937 2734 990 in
2760 937 3111 1005 potestatibus
3143 953 3206 992 ac
3229 937 3359 992 viri-

1789 1027 1883 1082 bus
1917 1029 2080 1099 agri:
2116 1030 2165 1084 si
2207 1030 2508 1084 inveneritis
2538 1036 2813 1098 cognatum
2853 1045 3056 1095 meum,
3106 1027 3232 1100 quid
3273 1043 3357 1082 rev-

1784 1119 2100 1176 nuntiabitis
2130 1121 2219 1175 ei?
2242 1123 2379 1190 quod
2403 1138 2436 1174 a
2453 1119 2731 1174 dilectione
2748 1119 3022 1174 vulnerata
3050 1121 3148 1173 sim
3171 1112 3287 1190 ego.

62 1206 66 1210 ’
99 1213 472 1285 ἀναγράφεται
493 1256 508 1281 ,
542 1214 676 1268 ὅπου
728 1213 834 1284 χρὴ
867 1213 1264 1284 ἐρηρεισμένην
1317 1214 1476 1286 ἡμῶν
1533 1213 1672 1268 εἶναι
1746 1213 1846 1285 τὴν
1869 1213 1970 1283 τῆς
1997 1213 2176 1284 ψυχῆς
2244 1212 2661 1282 συγκατάθεσιν.
2695 1212 2925 1282 Ἔχειδέ
2947 1214 2979 1283 ή
3001 1211 3142 1276 λέξις
3164 1211 3352 1272 οὕτως’

100 1308 346 1376 Ὠρκισιι
381 1305 574 1376 ὑμᾶς,
610 1305 929 1377 θυγατέρες
965 1304 1356 1376 Ἰερουσαλὴμ
1383 1347 1398 1372 ,
1447 1306 1518 1360 ἐν
1548 1305 1679 1372 ταῖς
1715 1304 2010 1373 δυνάμεσι
2075 1303 2174 1358 καὶ
2243 1305 2531 1373 ίσχύσεσι
2581 1305 2690 1361 τοῦ
2739 1303 2924 1375 ἀγροῦ
2943 1321 2956 1334 ·
3010 1303 3118 1357 ἐὰν
3146 1301 3358 1371 εὕρητε

99 1398 201 1452 τὸν
226 1397 562 1468 ἀδελφιδόν
603 1415 724 1468 μου
748 1437 764 1463 ,
820 1400 880 1453 τί
909 1399 1299 1470 ἀπαττελεῒτε
1347 1398 1543 1465 αὺτῷ;
1589 1397 1681 1453 ὅτι
1717 1398 2048 1469 τετρωμένη
2075 1397 2318 1468 ἀγάπης
2345 1398 2477 1468 ἐγώ.

166 1491 352 1544 Ταῦτα
389 1491 450 1544 δέ
478 1490 810 1564 τεθεώρηται
842 1493 941 1565 μὲν
970 1494 1072 1566 ήδη
1099 1496 1196 1548 καὶ
1222 1495 1282 1548 ἐν
1312 1497 1424 1559 τοῖς
1467 1493 1679 1564 φθάσα-

104 1601 182 1638 σιν
203 1623 218 1648 ,
247 1584 323 1648 ὡς
353 1586 386 1655 ή
419 1583 716 1638 ἀκολουθία
755 1584 863 1638 τῶν
892 1586 1181 1656 νοημάτων
1215 1582 1484 1640 ἐνέϐαλεν.
1515 1585 1682 1657 Εἰρή-

1859 1493 2036 1564 Atque
2058 1492 2174 1548 haec
2201 1493 2547 1549 considerata
2578 1499 2706 1548 sunt
2738 1506 2768 1545 a
2792 1491 2952 1546 nobis
2984 1491 3148 1546 etiam
3190 1504 3356 1560 supe-

1788 1582 1928 1646 rius,
1967 1589 2129 1652 prout
2173 1581 2573 1637 sententiarum
2611 1581 2782 1636 series
2815 1579 2976 1633 nobis
3009 1577 3352 1649 suggerebat.

105 1691 247 1728 σεται
275 1674 332 1729 δέ
358 1676 455 1728 καὶ
487 1674 581 1730 νῦν
608 1675 695 1730 διὰ
723 1675 968 1746 βραχέων
994 1675 1064 1729 τὰ
1092 1675 1473 1748 εὑρισκόμενα.
1518 1677 1679 1745 Ἀμε-

1821 1674 2155 1730 lihilominus
2181 1675 2347 1729 etiam
2391 1673 2556 1728 modo
2579 1715 2594 1739 ,
2633 1670 2782 1744 quod
2831 1670 3144 1726 invenimus
3165 1709 3179 1733 ,
3213 1669 3356 1723 indi-

102 1764 317 1818 τάθετόν
340 1782 397 1818 τι
434 1766 671 1836 πρᾶγμα
699 1765 790 1818 τὸν
818 1767 977 1836 ὅρκον
1001 1762 1140 1819 εἷναί
1174 1783 1338 1836 φησιν
1363 1765 1391 1818 ὁ
1425 1766 1682 1820 Ἀπόστο-

102 1853 183 1918 λος
203 1897 218 1921 ,
261 1855 592 1926 βεϐαιοῦντα
627 1856 691 1910 δι’
721 1855 886 1910 αὐτοῦ
936 1855 1034 1927 τὴν
1063 1856 1351 1928 ἀλήθειαν,
1380 1856 1475 1910 καὶ
1500 1856 1680 1927 πάσης

105 1947 258 2000 αὑτὸν
292 1949 609 2016 ἀντιλογίας
645 1947 818 2018 πέρας
846 1947 1084 2019 ὁρίζεται
1127 1947 1304 2016 εἶναι,
1329 1953 1411 2012 εἰς
1449 1949 1546 2019 τήν
1573 1946 1680 2003 τῶν

105 2041 458 2111 ἐγνωσμένων
481 2040 793 2111 βεϐαίωσιν.
830 2042 1055 2110 Ἐπάγει
1095 2041 1274 2097 τοίνυν
1301 2042 1392 2096 τὸν
1418 2043 1680 2116 ὁρκισμὸν

105 2131 217 2193 ταῖς
247 2131 540 2202 παρθένοις
565 2134 599 2203 ή
627 2132 834 2204 νύμφη,
862 2131 1003 2186 ὥστε
1027 2133 1382 2206 ἀπαράϐατον
1410 2132 1682 2203 φυλαχθῆ-

107 2237 188 2274 ναι
237 2222 425 2288 αὐταῖς
473 2225 536 2277 τὸ
584 2223 897 2294 λεγόμενον.
954 2224 1092 2277 Ἀλλ’
1130 2223 1318 2294 ἐπειδὴ
1369 2225 1474 2287 πᾶς
1519 2225 1680 2295 ὅρκος

108 2313 239 2366 κατά
268 2313 362 2366 τοῦ
401 2313 650 2383 μείζονος
673 2315 916 2384 γίνεται,
948 2315 1130 2381 καθώς
1162 2333 1326 2388 φησιν
1349 2317 1380 2369 6
1420 2314 1681 2370 Ἀπόστο-

109 2403 191 2466 λος
215 2420 228 2433 ι
259 2406 318 2458 οὐ
347 2405 458 2477 γὰρ
482 2407 549 2460 ἄν
579 2423 664 2471 τις
695 2407 856 2478 ὅρκον
896 2409 1178 2480 ποιήσαιτο
1208 2408 1404 2462 ἑαυτοῦ
1428 2408 1682 2480 ἀτιμότε-

113 2509 197 2562 ρον
219 2511 233 2524 ·
262 2497 533 2568 σκοπῆσαι
568 2501 833 2569 προσήκει
859 2500 910 2553 τί
949 2503 1064 2564 ταῖς
1085 2501 1322 2556 νεάνισιν
1355 2502 1414 2554 ἐν
1437 2502 1515 2574 τῷ
1534 2501 1682 2572 ὅρκῳ

113 2582 250 2652 παρὰ
307 2585 405 2655 τῆς
459 2585 680 2657 νύμφης
753 2587 936 2658 μεῖζον
1000 2589 1358 2660 προτείνεται.
1427 2591 1678 2659 Ὠρκισα

113 2673 282 2742 ὑμᾶς,
312 2678 477 2748 φησὶν
501 2717 516 2740 ,
548 2673 597 2732 ὦ
633 2678 952 2748 θυγατέρες
989 2680 1377 2752 Ἰερουσαλὴμ
1400 2720 1416 2745 ,
1446 2680 1517 2734 ἐν
1552 2681 1682 2750 ταῖς

112 2761 392 2834 δυνάμεσι
423 2767 524 2822 καὶ
551 2770 836 2838 ίσχύσεσι
865 2771 970 2825 τοῦ
999 2771 1203 2840 ἀγροῦ.
1241 2772 1306 2824 Τί
1331 2765 1426 2826 οὖν
1450 2771 1513 2824 τδ
1543 2773 1682 2844 ὑπὲρ

115 2855 248 2924 ἡμᾶς
289 2858 346 2910 ἐν
373 2859 585 2923 τούτοις
609 2861 787 2927 ἐστίν;
837 2861 1030 2933 Ἀγρὸν
1077 2861 1186 2934 γάρ
1217 2863 1307 2916 τὸν
1360 2865 1564 2935 κόσμον
1594 2863 1682 2916 διὰ

114 2943 204 3012 τῆς
226 2949 487 3019 τροπικῆς
519 2950 794 3020 σημασίας
829 2951 1061 3005 νοεῖσθαι
1088 2993 1102 3019 ,
1129 2953 1227 3006 οὐκ
1247 2952 1678 3026 ἀμφιϐάλλομεν,

1783 1779 1912 1821 care
1945 1764 2182 1820 breviter
2203 1765 2354 1820 libet.
2387 1765 2474 1818 Ait
2503 1765 2798 1834 Apostolus
2826 1760 3214 1833 jusjurandum
3232 1774 3356 1816 esse

1781 1857 2043 1929 quiddam
2096 1855 2244 1926 quod
2288 1857 2484 1910 mutari
2539 1863 2808 1925 nequeat,
2842 1852 3106 1924 quodque
3139 1865 3240 1920 per
3294 1865 3356 1906 se

1783 1947 2065 2004 veritatem
2093 1946 2423 2011 conﬁrmet,
2467 1955 2521 2000 et
2555 1945 2737 2000 omnis
2777 1943 2911 1999 adeo
2957 1942 3383 1998 controversias

1783 2039 1906 2094 ﬁnis
1923 2037 2016 2100 sit,
2044 2037 2110 2093 ad
2133 2037 2565 2093 conﬁrmandum
2589 2052 2652 2092 ea
2695 2051 2817 2106 quae
2833 2035 3254 2108 cognoverimus
3277 2034 3347 2084 ⁸⁸.

1782 2129 2151 2196 Quamobrem
2193 2142 2394 2198 sponsa
2444 2127 2834 2196 jusjurandum
2889 2126 3212 2198 virginibus.
3249 2123 3346 2178 des-

1782 2219 1907 2286 fert,
1940 2227 1999 2275 ut
2026 2219 2291 2291 quidquid
2312 2219 2539 2274 dictum
2562 2219 2692 2282 sint,
2718 2225 2894 2272 ratum
2927 2218 3083 2287 plene
3104 2221 3344 2272 servent.

1781 2311 1921 2379 Quia
1967 2325 2096 2368 vero
2153 2309 2519 2380 juramentum
2571 2323 2734 2364 omne
2777 2323 2875 2378 per
2922 2307 3097 2375 majus
3149 2303 3355 2374 aliquid

1781 2403 2126 2474 concipitur,
2155 2401 2615 2472 quemadmodum
2666 2403 2751 2455 ait
2774 2398 3073 2470 Apostolus
3105 2437 3120 2464 ,
3152 2397 3356 2467 quippe

1782 2495 1930 2568 quod
1987 2509 2150 2550 nemo
2198 2509 2295 2565 per
2340 2493 2394 2548 id
2434 2493 2579 2563 quod
2619 2508 2679 2549 se
2725 2493 2887 2547 vilius
2933 2491 3005 2547 sit
3040 2489 3347 2560 jusjuran-

1781 2585 1911 2641 dum
1971 2590 2222 2654 pracstet:
2273 2581 2478 2637 idcirco
2524 2581 2683 2637 nobis
2734 2581 2843 2636 erit
2897 2579 3383 2634 considerandum--

1781 2675 2040 2749 quidnam
2091 2675 2163 2730 sit
2205 2673 2356 2729 illud
2413 2672 2590 2742 majus
2642 2687 2739 2743 per
2777 2670 2922 2742 quod
2971 2669 3282 2740 juvenculis
3326 2683 3355 2721 a

1783 2783 1984 2839 sponsa
2015 2768 2384 2838 juramentum
2424 2763 2688 2819 defertur.
2723 2760 3114 2830 Jurejurando,
3145 2759 3348 2829 inquit,

1781 2861 2015 2915 astrinxi
2066 2876 2154 2913 vos
2182 2897 2198 2923 ,
2237 2857 2393 2928 ﬁlice
2419 2855 2758 2918 Jerusalem,
2800 2857 2856 2908 in
2887 2852 3240 2922 potestatibus
3284 2869 3348 2906 ac

1784 2951 1988 3008 viribus
2032 2951 2168 3022 agri.
2206 2948 2348 3015 Quid
2399 2949 2455 3002 in
2487 2947 2575 3003 his
2614 2946 2950 3010 continetur,
3002 2943 3150 3015 quod
3188 2957 3354 3014 supra

113 3030 243 3087 οὕτω
290 3036 383 3090 τοῦ
432 3019 645 3110 Κυρίου
680 3041 774 3095 καὶ
807 3043 1172 3113 ὀνομάσαντος
1219 3019 1312 3098 τὸν
1341 3019 1679 3117 -κόσμοννκαί

1821 3019 2166 3114 ηοειροείιυω
2213 3040 2322 3095 sit?
2368 3037 2504 3092 Nam
2562 3051 2660 3108 per
2710 3050 2901 3106 agrum
2959 3032 3358 3105 signiﬁcatione

116 3122 555 3193 ἑρμηνεύσαντος.
591 3129 656 3182 Δί
690 3128 868 3184 τοίνυν
886 3129 1077 3182 πολλαὶ
1095 3129 1352 3202 δυνάμεις
1375 3131 1469 3184 καλ⁵
1501 3130 1683 3202 ἰσχύες

115 3209 199 3262 τοῦ
225 3212 430 3282 κόσμου
453 3214 604 3278 τίνες
641 3216 778 3270 είσὶν
815 3218 868 3270 ai
898 3215 976 3288 τῷ
1016 3217 1168 3289 ὅρκῳ
1198 3219 1552 3290 προκείμεναι
1570 3260 1586 3287 ,
1615 3219 1684 3284 ἃς

116 3303 210 3390 χρὴ
244 3305 494 3390 μείζονας
520 3305 677 3378 ήμῶν
705 3306 1044 3378 νομισθῆναι,
1077 3309 1164 3362 ἵνα
1197 3309 1353 3379 ίσχὺν
1379 3307 1515 3380 λάϐῃ
1545 3309 1683 3380 πρὸς

117 3387 389 3456 βεϐαίωσιν
429 3398 533 3467 τῆς
570 3395 828 3466 ἀληθείας
854 3398 884 3450 6
923 3398 1083 3466 ὅρκος
1106 3398 1248 3451 κατά
1277 3398 1387 3453 τῶν
1421 3398 1682 3467 μειζόνων

117 3481 421 3553 γενόμενος;
464 3485 676 3540 Οὐκοῦν
733 3487 1028 3556 ἀναγκαῖον
1085 3488 1150 3542 ἂν
1203 3489 1286 3559 εἴη
1341 3488 1681 3562 παραθέσθαι

117 3570 240 3640 πρὸς
261 3575 357 3645 τὴν
385 3578 687 3648 σαφήνειαν
717 3578 823 3631 τῶν
849 3578 1225 3650 προκειμένων
1255 3579 1445 3650 ἑτέραν
1471 3577 1680 3634 ἔκδοσιν

117 3662 502 3742 ἑρμηνευτικήν
532 3670 642 3724 τῶν
671 3670 848 3742 ῥητῶν
873 3710 888 3734 ,
924 3670 1152 3741 ἔχουσαν
1193 3670 1362 3734 οὕτως
1383 3689 1397 3702 ο
1431 3671 1682 3740 Ὥρκισα

117 3754 603 3831 ὑμᾶς-,θυγατέρες
628 3761 1041 3833 Ἰερουσαλὴμ,
1070 3762 1220 3817 κατὰ
1247 3763 1364 3818 τῶν
1374 3763 1680 3833 δορκάδων

117 3847 203 3901 καὶ
218 3852 359 3906 κατὰ
372 3852 494 3908 τῶν
515 3852 757 3923 ἐλάφων
771 3854 878 3908 τοῦ
893 3855 1099 3925 ἀγροῦ.
1117 3856 1489 3926 Διδασκόμεθα
1502 3857 1681 3912 τοίνυν

116 3937 193 3992 διὰ
224 3943 326 3996 τῶν
354 3947 635 4018 ὀνομάτων
662 3948 864 4002 τούτων
889 3950 946 4002 ἐν
969 3949 1074 4002 τίνι
1109 3951 1255 4003 ἐστὶν
1283 3952 1316 4020 ἡ
1351 3949 1444 4004 τοῦ
1473 3951 1678 4022 κόσμου

116 4029 289 4086 τούτου
319 4038 503 4108 ἰσχὺς,
529 4039 622 4092 καὶ
642 4041 699 4092 ἐν
728 4040 834 4093 τίνι
861 4042 894 4112 ή
932 4040 1187 4112 δύναμις,
1215 4041 1252 4096 ἃ
1278 4042 1414 4114 πρὸς
1453 4041 1680 4113 βεϐαίω-

119 4137 194 4175 σιν
216 4127 311 4197 τῆς
337 4129 594 4200 ἀληθείας
618 4131 705 4186 διά
730 4131 824 4185 τοῦ
850 4133 1013 4203 ὅρκου
1045 4133 1549 4204 παραλαμϐάνεται.
1574 4135 1679 4189 Δύο

117 4208 222 4263 ἐστὶ
251 4215 316 4268 τὰ
351 4219 430 4289 τῷ
457 4217 582 4290 Θεῷ.
604 4219 902 4273 οίκειοῦντα
933 4221 1022 4273 τὸν
1051 4221 1358 4292 ἄνθρωπον.
1405 4224 1501 4278 Ἐν
1555 4225 1675 4295 μὲν,

116 4299 171 4352 τὸ
196 4305 426 4372 ἀπλανὲς
455 4311 557 4382 τῆς
587 4311 714 4382 περὶ
741 4311 802 4364 τὸ
831 4312 998 4376 ὅντως
1040 4312 1102 4366 ὃν
1143 4313 1463 4385 ὑπολήψεως
1485 4355 1500 4379 ,
1533 4315 1674 4370 ὥστε

119 4389 186 4458 μὴ
233 4398 348 4458 ταῖς
381 4399 761 4471 ήπατημέναις
796 4401 1067 4464 ὑπονοίαις
1113 4404 1193 4465 είς
1225 4402 1442 4467 ἐθνικάς
1472 4422 1530 4458 τε
1578 4406 1674 4460 καὶ

117 4479 379 4550 αίρετικάς
424 4491 552 4563 περὶ
596 4491 689 4545 τοῦ
729 4492 886 4547 Θείου
943 4492 1098 4558 δόξας
1125 4495 1464 4566 ,ἐκφέρεσθαι
1491 4537 1504 4558 ,
1537 4498 1674 4568 ὅπερ

117 4568 250 4624 ἐστὶν
273 4575 345 4639 ὡς
368 4578 584 4651 ἀληθῶς
607 4581 666 4634 τὸ
694 4581 824 4635 Ναί.
856 4582 927 4634 Τὸ
958 4583 1002 4635 δ’
1025 4584 1231 4656 ἕτερον,
1266 4587 1294 4639 6
1328 4587 1564 4658 καθαρὸς
1588 4587 1674 4642 λο-

119 4663 330 4749 ἶισμὸς,
360 4671 388 4722 6
415 4673 594 4724 πᾶσαν
623 4671 844 4740 ἐμπαθῆ
874 4672 1112 4727 διάθεσιν
1150 4675 1250 4743 τῆς
1295 4675 1470 4746 ψυχῆς
1501 4677 1673 4749 ἐξορί-

119 4743 216 4834 ςων
235 4766 249 4781 ⁸
274 4752 406 4826 ὅπερ
433 4757 540 4811 οὐδ’
563 4758 670 4810 ἀπὸ
699 4759 792 4810 τοῦ
822 4759 933 4813 Ναὶ
959 4743 1332 4830 ἠλλοτρίωται.
1496 4743 1672 4821 τοίνυν

117 4829 290 4925 ξιπλῆς
309 4845 510 4918 ταύτης
533 4847 640 4900 τῶν
669 4847 887 4917 ἀγαθῶν
918 4849 1082 4915 ἕξεως
1107 4829 1133 4914 ,7
1151 4845 1225 4903 ὦν
1252 4853 1284 4922 ή
1314 4829 1581 4925 μὲν-πρὸς
1609 4855 1671 4909 τὺ

116 4921 270 5018 ὅντως
292 4931 349 4986 ὂν
376 4937 698 4992 ἀναϐλέπειν
729 4941 873 4991 ποιεῖ
895 4955 907 4967 ·
947 4941 980 5010 ἠ
1005 4939 1061 4993 δέ
1087 4921 1374 5009 φυγαδεύει
1412 4921 1500 4998 τὰ-
1520 4947 1666 5018 πάθη

117 5013 180 5104 τά
202 5017 291 5091 τὴν
317 5023 490 5098 ψυχὴν
516 5029 886 5100 λυμαινόμενα
903 5048 918 5062 ·
947 5032 980 5102 ή
1012 5031 1120 5084 τῶν
1142 5033 1416 5104 δορκάδων
1446 5037 1538 5092 καὶ
1562 5013 1670 5092 τῶν

117 5101 312 5175 ἐλάφων
346 5118 530 5189 μνήμη
559 5159 573 5182 ,
615 5119 704 5172 διὰ
738 5101 1020 5190 συμϐόλων
1062 5101 1315 5191 γνωρίζει
1364 5123 1460 5194 τὴν
1511 5125 1670 5178 δύνα-

120 5208 221 5261 μιν.
245 5199 454 5258 Τούτων
485 5208 594 5279 γάρ
618 5211 650 5280 ἡ
691 5210 788 5282 μὲν
819 5210 1070 5274 ἀπλανῶς
1098 5213 1217 5283 ὁρᾷ,
1252 5215 1285 5282 ή
1312 5212 1368 5266 δὲ
1394 5213 1668 5288 βρωτικήν

116 5297 226 5341 τινα
244 5294 334 5346 καὶ
363 5298 697 5374 ἀναλωτικὴν
724 5301 830 5355 τῶν
863 5303 1066 5375 θηρίων
1089 5304 1317 5376 δύναμιν
1343 5305 1476 5377 ἔχει.
1500 5309 1668 5366 Τοῦτο

115 5381 278 5435 τοίνυν
308 5391 576 5456 προτείνει
600 5395 720 5458 ταῖς
753 5393 1043 5463 παρθένοις
1071 5397 1103 5464 ἡ
1139 5395 1324 5467 νύμφη
1353 5398 1413 5451 τὸ
1440 5400 1548 5454 Ναὶ
1567 5441 1581 5466 ,
1607 5400 1668 5454 τό

118 5475 168 5514 τι
198 5467 421 5542 εὐσεϐῶς
446 5480 553 5536 δεῖν
577 5485 711 5554 πρὸς
731 5485 796 5538 τὸ
817 5485 968 5540 Θεῖον
1005 5486 1247 5557 βλέπειν,
1280 5491 1375 5544 καὶ
1410 5492 1667 5565 καθαρῶς

214 5644 256 5679 ⁸⁸
292 5649 449 5714 llebr.
478 5678 552 5726 vr,
583 5662 666 5722 16.
739 5664 780 5695 ⁸⁷
806 5664 1000 5718 Matth.
1037 5679 1156 5730 xm,
1189 5665 1278 5720 38.

1785 3134 2012 3206 ﬁgurata
2036 3131 2300 3188 mundum
2324 3128 2553 3200 intelligi
2587 3143 2695 3184 non
2729 3128 3067 3191 dubitamus,
3099 3140 3224 3180 cum
3257 3124 3359 3178 hac

1787 3240 1926 3282 voce
1975 3223 2236 3293 Dominus
2289 3229 2343 3278 et
2395 3220 2632 3291 appellet
2657 3228 2712 3276 et
2749 3220 3144 3289 interpretetur
3193 3231 3355 3270 mun-

1783 3319 1915 3375 dum
1946 3318 2013 3372 ⁸⁷.
2048 3317 2309 3384 Quaenam
2351 3325 2481 3372 sunt
2530 3315 2698 3386 igitur
2744 3314 2930 3370 multa:
2976 3320 3273 3382 potestates
3305 3323 3360 3368 et

1782 3411 1932 3466 vires
1960 3408 2148 3464 mundi
2175 3408 2488 3477 juramento
2516 3405 2645 3459 huic
2671 3405 2952 3468 adhibitae,
2986 3420 3128 3475 quas
3161 3406 3356 3461 existi-

1782 3511 1932 3552 mare
1969 3496 2266 3551 debeamus
2293 3494 2454 3549 nobis
2484 3493 2728 3560 majores
2765 3508 2919 3558 esse,
2956 3501 3016 3546 ut
3067 3494 3358 3563 jusjuran-

1781 3587 1910 3642 dum
1937 3603 2034 3657 pcr
2059 3585 2298 3656 majores
2342 3599 2506 3654 quam
2550 3598 2652 3638 nos
2689 3584 2864 3639 simus
2915 3591 3242 3654 conceptum
3288 3585 3354 3638 ad

1782 3675 2215 3733 conﬁrmandam
2239 3675 2544 3730 .veritatem
2577 3672 2748 3728 robur
2776 3673 3054 3744 accipiat?
3083 3673 3352 3743 Equidem

1781 3762 2159 3818 necessarium
2218 3760 2455 3816 arbitror
2514 3766 2574 3814 ut
2628 3759 2697 3814 ad
2756 3761 3188 3816 declarationem
3249 3763 3353 3819 loci

1780 3853 2051 3925 propositi
2087 3853 2250 3908 aliam
2289 3852 2709 3926 conversionem
2736 3851 2852 3908 haec
2881 3851 3046 3909 verba
3085 3853 3354 3924 interpre-

1781 3954 1986 4000 tantem
2033 3958 2392 4015 apponamus,
2434 3959 2556 4014 qua:
2592 3941 2812 4014 quidem
2859 3952 2945 4000 est
2983 3944 3346 4016 hujusmodi:

1777 4035 2141 4106 Jurejurando
2176 4035 2408 4090 astrinxi
2444 4051 2566 4100 vos,
2597 4034 2727 4104 ﬁlia:
2755 4033 3056 4091 Jerusalem
3081 4076 3097 4102 ,
3138 4053 3232 4107 per
3261 4053 3351 4091 ca-

1779 4144 1930 4198 preas
1971 4137 2021 4183 et
2047 4144 2139 4198 per
2167 4128 2412 4182 hinnulos
2432 4129 2570 4199 agri.
2608 4127 2709 4184 Per
2731 4116 2854 4200 quae
2888 4129 3151 4185 vocabula
3186 4129 3352 4184 doce-

1780 4235 1906 4275 mur
1946 4221 2002 4276 in
2050 4237 2159 4291 quo
2193 4229 2308 4277 tum
2347 4223 2520 4276 robur
2547 4221 2737 4276 mundi
2772 4221 2959 4290 hujus,
2989 4231 3100 4276 tum
3124 4221 3208 4276 vis
3244 4221 3350 4276 sita

1781 4313 1857 4369 sit
1907 4331 1920 4366 :
1970 4328 2092 4384 quae
2130 4313 2351 4383 quidem
2387 4311 2457 4369 ad
2499 4312 2970 4368 conﬁrmationem
3009 4312 3256 4368 veritatis
3291 4313 3348 4367 in

1775 4405 2090 4476 juramento
2121 4404 2472 4460 adhibentur.
2503 4403 2632 4458 Duae
2663 4412 2790 4458 sunt
2820 4403 3046 4457 omnino
3097 4417 3188 4458 res
3227 4419 3350 4474 quae

1782 4497 2057 4553 hominem
2090 4512 2214 4553 cum
2244 4495 2354 4552 Deo
2391 4495 2752 4567 conjungunt.
2799 4494 3000 4550 Earum
3034 4495 3203 4551 altera
3241 4504 3346 4561 est,

1779 4585 1969 4655 Opinio
2003 4600 2116 4640 non
2143 4599 2335 4640 errans
2380 4584 2438 4638 in
2467 4598 2533 4638 eo
2566 4583 2715 4653 quod
2766 4599 2955 4639 revera
2989 4584 3242 4649 exsistit,
3275 4586 3346 4638 ita

1780 4680 1841 4726 ut
1871 4687 1968 4741 per
2009 4671 2373 4742 cogitationes
2417 4685 2680 4726 erroneus
2727 4672 2865 4742 quis.
2890 4673 2969 4727 ad
3005 4673 3256 4728 ethnicas
3295 4681 3366 4730 et

1779 4761 2064 4818 haereticas
2099 4763 2166 4818 de
2205 4762 2301 4818 Dei
2334 4769 2534 4818 natura
2567 4763 2871 4817 sententias
2897 4763 3342 4819 non.exorbitet.

1777 4854 1957 4924 Atque
1989 4855 2096 4910 hoc
2125 4869 2317 4910 revera
2344 4863 2431 4910 est
2456 4853 2588 4909 illud
2613 4852 2815 4909 Etiam.
2846 4855 3030 4909 Altera
3061 4861 3153 4911 εει·
3178 4855 3349 4910 ratio-

1777 4945 1987 5000 cinatio
2013 4961 2147 5014 pura
2169 4989 2184 5012 ,
2221 4962 2343 5016 quze
2370 4959 2586 5001 omnem
2619 4945 2871 5000 vitiosam
2905 4944 3071 4999 animi
3103 4943 3347 4999 aﬁ'ectio-

1776 5051 1902 5092 nem
1940 5037 2086 5092 velut
2131 5037 2372 5093 eliminat
2403 5028 2422 5091 ’τ
2457 5037 2602 5107 quod
2640 5037 2816 5107 ipsum
2855 5050 3072 5108 quoque
3097 5029 3193 5091 ὀὶ)
3243 5035 3347 5090 hoc

1778 5124 1964 5179 Etiam
2008 5141 2119 5181 non
2170 5135 2256 5181 est
2300 5138 2634 5197 separatum.
2674 5127 2865 5199 Itaque
2896 5125 3136 5196 duplicis
3177 5125 3344 5195 hujus

1779 5217 2048 5274 bonorum
2096 5217 2316 5274 habitus
2368 5229 2640 5288 (quorum
2670 5219 2810 5275 alter
2844 5216 2976 5272 facit
3011 5223 3069 5272 ut
3101 5216 3156 5270 id
3195 5219 3343 5286 quod

1776 5326 1905 5366 vere
1931 5309 2143 5366 exsistit
2174 5309 2508 5377 intueamur,
2549 5310 2688 5364 alter
2733 5309 2902 5380 abigit
2930 5308 3096 5362 animi
3124 5309 3345 5364 morbos

1775 5410 1832 5458 et
1861 5402 2010 5468 vitia,
2052 5402 2252 5474 quibus
2280 5402 2371 5457 ille
2406 5400 2812 5472 corrumpitur)
2844 5402 2952 5454 vim
2985 5398 3143 5456 nobis
3184 5400 3343 5472 quasi

1774 5509 1872 5566 per
1893 5493 2138 5567 quaedam
2153 5494 2308 5567 signa
2321 5508 2642 5564 caprearum
2673 5499 2728 5550 et
2758 5491 3111 5549 hinnulorum
3135 5491 3341 5550 mentio
