  <div class='ocr_page' id='page_1' title='image "/cluster/home/n/w/nwhite01/storage/ocr_20150623/44/mdp.39015011915454/529.png"; bbox 0 0 3756 5988; ppageno 0'>
   <div class='ocr_carea' id='block_1_1' title="bbox 380 240 1863 329">
    <p class='ocr_par' dir='ltr' id='par_1_1' title="bbox 380 252 1863 329">
     <span class='ocr_line' id='line_1_1' title="bbox 380 252 1863 329; baseline -0.011 -2"><span class='ocrx_word' id='word_1_1' title='bbox 380 268 509 329; x_wconf 70' lang='grc' dir='ltr'><strong>ῐοόδ</strong></span> <span class='ocrx_word' id='word_1_2' title='bbox 1613 258 1671 312; x_wconf 79' lang='lat' dir='ltr'><strong>S.</strong></span> <span class='ocrx_word' id='word_1_3' title='bbox 1697 252 1863 312; x_wconf 72' lang='lat' dir='ltr'><strong>GllEC</strong></span> 
     </span>
    </p>
   </div>
   <div class='ocr_carea' id='block_1_2' title="bbox 2143 240 3626 329">
    <p class='ocr_par' dir='ltr' id='par_1_2' title="bbox 2143 240 3626 310">
     <span class='ocr_line' id='line_1_2' title="bbox 2143 240 3626 310; baseline -0.004 -2"><span class='ocrx_word' id='word_1_4' title='bbox 2143 248 2357 310; x_wconf 66' lang='lat' dir='ltr'><strong>{SSENI</strong></span> <span class='ocrx_word' id='word_1_5' title='bbox 3500 240 3626 302; x_wconf 68' lang='grc'><strong>1044</strong></span> 
     </span>
    </p>
   </div>
   <div class='ocr_carea' id='block_1_3' title="bbox 376 353 1859 443">
    <p class='ocr_par' dir='ltr' id='par_1_3' title="bbox 376 374 1840 443">
     <span class='ocr_line' id='line_1_3' title="bbox 376 374 1840 443; baseline -0.008 -5"><span class='ocrx_word' id='word_1_6' title='bbox 376 383 642 443; x_wconf 75' lang='lat' dir='ltr'><strong>declarat.</strong></span> <span class='ocrx_word' id='word_1_7' title='bbox 672 377 811 435; x_wconf 83' lang='lat' dir='ltr'><strong>Nam</strong></span> <span class='ocrx_word' id='word_1_8' title='bbox 849 394 917 435; x_wconf 76' lang='lat' dir='ltr'><strong>ex</strong></span> <span class='ocrx_word' id='word_1_9' title='bbox 943 375 1032 433; x_wconf 85' lang='lat' dir='ltr'><strong>his</strong></span> <span class='ocrx_word' id='word_1_10' title='bbox 1062 376 1235 431; x_wconf 86' lang='lat' dir='ltr'><strong>altera</strong></span> <span class='ocrx_word' id='word_1_11' title='bbox 1269 375 1389 435; x_wconf 89' lang='lat' dir='ltr'><strong>sine</strong></span> <span class='ocrx_word' id='word_1_12' title='bbox 1422 388 1609 431; x_wconf 88' lang='lat' dir='ltr'><strong>errore</strong></span> <span class='ocrx_word' id='word_1_13' title='bbox 1638 374 1840 439; x_wconf 90' lang='lat' dir='ltr'><strong>cernit,</strong></span> 
     </span>
    </p>
   </div>
   <div class='ocr_carea' id='block_1_4' title="bbox 2141 353 3624 443">
    <p class='ocr_par' dir='ltr' id='par_1_4' title="bbox 2141 353 3624 440">
     <span class='ocr_line' id='line_1_4' title="bbox 2141 353 3624 440; baseline -0.007 -17"><span class='ocrx_word' id='word_1_14' title='bbox 2141 367 2363 440; x_wconf 79' lang='grc' dir='ltr'><strong>Ιιπαθεῐᾳ</strong></span> <span class='ocrx_word' id='word_1_15' title='bbox 2383 362 2747 436; x_wconf 80' lang='grc' dir='ltr'><strong>παρατρέχειν</strong></span> <span class='ocrx_word' id='word_1_16' title='bbox 2769 361 2860 416; x_wconf 76' lang='grc' dir='ltr'><strong>τὸν</strong></span> <span class='ocrx_word' id='word_1_17' title='bbox 2888 359 3000 433; x_wconf 80' lang='grc' dir='ltr'><strong>βίον</strong></span> <span class='ocrx_word' id='word_1_18' title='bbox 3021 376 3033 390; x_wconf 91' lang='grc'><strong>·</strong></span> <span class='ocrx_word' id='word_1_19' title='bbox 3056 353 3132 415; x_wconf 80' lang='grc' dir='ltr'><strong>ὧν</strong></span> <span class='ocrx_word' id='word_1_20' title='bbox 3154 356 3624 432; x_wconf 76' lang='grc' dir='ltr'><strong>κατορθουμένων,</strong></span> 
     </span>
    </p>
   </div>
   <div class='ocr_carea' id='block_1_5' title="bbox 375 450 1858 531">
    <p class='ocr_par' dir='ltr' id='par_1_5' title="bbox 375 463 1858 531">
     <span class='ocr_line' id='line_1_5' title="bbox 375 463 1858 531; baseline -0.01 0"><span class='ocrx_word' id='word_1_21' title='bbox 375 480 463 531; x_wconf 84' lang='lat' dir='ltr'><strong>ter</strong></span> <span class='ocrx_word' id='word_1_22' title='bbox 486 473 601 531; x_wconf 89' lang='lat' dir='ltr'><strong>vim</strong></span> <span class='ocrx_word' id='word_1_23' title='bbox 624 471 946 528; x_wconf 85' lang='lat' dir='ltr'><strong>comedendi</strong></span> <span class='ocrx_word' id='word_1_24' title='bbox 977 476 1033 526; x_wconf 91' lang='lat' dir='ltr'><strong>et</strong></span> <span class='ocrx_word' id='word_1_25' title='bbox 1061 467 1388 527; x_wconf 82' lang='lat' dir='ltr'><strong>absumendi</strong></span> <span class='ocrx_word' id='word_1_26' title='bbox 1420 472 1717 522; x_wconf 88' lang='lat' dir='ltr'><strong>venenatas</strong></span> <span class='ocrx_word' id='word_1_27' title='bbox 1739 463 1858 521; x_wconf 81' lang='lat' dir='ltr'><strong>beSt</strong></span> 
     </span>
    </p>
   </div>
   <div class='ocr_carea' id='block_1_6' title="bbox 2142 450 3625 531">
    <p class='ocr_par' dir='ltr' id='par_1_6' title="bbox 2142 450 3625 531">
     <span class='ocr_line' id='line_1_6' title="bbox 2142 450 3625 531; baseline -0.006 -17"><span class='ocrx_word' id='word_1_28' title='bbox 2142 458 2468 531; x_wconf 79' lang='grc' dir='ltr'><strong>ἀμετάθετον</strong></span> <span class='ocrx_word' id='word_1_29' title='bbox 2501 457 2733 527; x_wconf 82' lang='grc' dir='ltr'><strong>πρᾶγμα</strong></span> <span class='ocrx_word' id='word_1_30' title='bbox 2763 456 2822 509; x_wconf 83' lang='grc' dir='ltr'><strong>ἐν</strong></span> <span class='ocrx_word' id='word_1_31' title='bbox 2864 455 2994 525; x_wconf 80' lang='grc' dir='ltr'><strong>ἡμῖν</strong></span> <span class='ocrx_word' id='word_1_32' title='bbox 3028 450 3336 524; x_wconf 75' lang='grc' dir='ltr'><strong>βεϐαιοῦται</strong></span> <span class='ocrx_word' id='word_1_33' title='bbox 3406 451 3474 505; x_wconf 74' lang='grc' dir='ltr'><strong>τὸ</strong></span> <span class='ocrx_word' id='word_1_34' title='bbox 3504 451 3625 505; x_wconf 74' lang='grc' dir='ltr'><strong>Ναί.</strong></span> 
     </span>
    </p>
   </div>
   <div class='ocr_carea' id='block_1_7' title="bbox 375 541 1858 631">
    <p class='ocr_par' dir='ltr' id='par_1_7' title="bbox 375 554 1858 631">
     <span class='ocr_line' id='line_1_7' title="bbox 375 554 1858 631; baseline -0.005 -15"><span class='ocrx_word' id='word_1_35' title='bbox 375 563 559 618; x_wconf 93' lang='lat' dir='ltr'><strong>habet.</strong></span> <span class='ocrx_word' id='word_1_36' title='bbox 596 560 711 617; x_wconf 85' lang='lat' dir='ltr'><strong>Hoc</strong></span> <span class='ocrx_word' id='word_1_37' title='bbox 751 561 915 631; x_wconf 78' lang='lat' dir='ltr'><strong>igitur</strong></span> <span class='ocrx_word' id='word_1_38' title='bbox 956 558 1139 613; x_wconf 80' lang='lat' dir='ltr'><strong>Etiam</strong></span> <span class='ocrx_word' id='word_1_39' title='bbox 1183 570 1384 627; x_wconf 85' lang='lat' dir='ltr'><strong>sponsa</strong></span> <span class='ocrx_word' id='word_1_40' title='bbox 1416 554 1719 626; x_wconf 81' lang='lat' dir='ltr'><strong>virginibus</strong></span> <span class='ocrx_word' id='word_1_41' title='bbox 1753 568 1858 623; x_wconf 16' lang='lat' dir='ltr'><strong>pro,</strong></span> 
     </span>
    </p>
   </div>
   <div class='ocr_carea' id='block_1_8' title="bbox 2142 541 3625 631">
    <p class='ocr_par' dir='ltr' id='par_1_8' title="bbox 2142 541 3625 623">
     <span class='ocr_line' id='line_1_8' title="bbox 2142 541 3625 623; baseline -0.005 -20"><span class='ocrx_word' id='word_1_42' title='bbox 2142 567 2220 614; x_wconf 76' lang='lat' dir='ltr'><strong>to;</strong></span> <span class='ocrx_word' id='word_1_43' title='bbox 2247 549 2356 619; x_wconf 90' lang='grc' dir='ltr'><strong>γάρ</strong></span> <span class='ocrx_word' id='word_1_44' title='bbox 2385 549 2532 601; x_wconf 84' lang='grc' dir='ltr'><strong>ἐστιν</strong></span> <span class='ocrx_word' id='word_1_45' title='bbox 2563 547 2592 598; x_wconf 90' lang='grc' dir='ltr'><strong>ὀ</strong></span> <span class='ocrx_word' id='word_1_46' title='bbox 2637 545 2736 616; x_wconf 84' lang='grc' dir='ltr'><strong>τὴν</strong></span> <span class='ocrx_word' id='word_1_47' title='bbox 2770 542 3025 616; x_wconf 84' lang='grc' dir='ltr'><strong>ἀλήθειαν</strong></span> <span class='ocrx_word' id='word_1_48' title='bbox 3050 541 3421 613; x_wconf 80' lang='grc' dir='ltr'><strong>πιστούμενος</strong></span> <span class='ocrx_word' id='word_1_49' title='bbox 3452 542 3625 623; x_wconf 83' lang='grc' dir='ltr'><strong>ὅρκος,</strong></span> 
     </span>
    </p>
   </div>
   <div class='ocr_carea' id='block_1_9' title="bbox 376 631 1859 719">
    <p class='ocr_par' dir='ltr' id='par_1_9' title="bbox 376 640 1850 719">
     <span class='ocr_line' id='line_1_9' title="bbox 376 640 1850 719; baseline -0.007 -13"><span class='ocrx_word' id='word_1_50' title='bbox 376 651 482 717; x_wconf 85' lang='lat' dir='ltr'><strong>nit,</strong></span> <span class='ocrx_word' id='word_1_51' title='bbox 515 651 775 705; x_wconf 86' lang='lat' dir='ltr'><strong>nimirum</strong></span> <span class='ocrx_word' id='word_1_52' title='bbox 812 648 1066 719; x_wconf 75' lang='lat' dir='ltr'><strong>religiose</strong></span> <span class='ocrx_word' id='word_1_53' title='bbox 1092 646 1303 703; x_wconf 78' lang='lat' dir='ltr'><strong>Numen</strong></span> <span class='ocrx_word' id='word_1_54' title='bbox 1333 645 1583 701; x_wconf 83' lang='lat' dir='ltr'><strong>divinum</strong></span> <span class='ocrx_word' id='word_1_55' title='bbox 1625 640 1850 698; x_wconf 89' lang='lat' dir='ltr'><strong>intuend</strong></span> 
     </span>
    </p>
   </div>
   <div class='ocr_carea' id='block_1_10' title="bbox 2148 631 3631 719">
    <p class='ocr_par' dir='ltr' id='par_1_10' title="bbox 2148 631 3631 709">
     <span class='ocr_line' id='line_1_10' title="bbox 2148 631 3631 709; baseline -0.005 -16"><span class='ocrx_word' id='word_1_56' title='bbox 2148 640 2246 703; x_wconf 76' lang='grc' dir='ltr'><strong>πᾶς</strong></span> <span class='ocrx_word' id='word_1_57' title='bbox 2275 637 2489 709; x_wconf 83' lang='grc' dir='ltr'><strong>ὀμνύων</strong></span> <span class='ocrx_word' id='word_1_58' title='bbox 2518 637 2577 690; x_wconf 84' lang='grc' dir='ltr'><strong>ἐν</strong></span> <span class='ocrx_word' id='word_1_59' title='bbox 2605 633 2756 704; x_wconf 83' lang='grc' dir='ltr'><strong>αὐτῷ</strong></span> <span class='ocrx_word' id='word_1_60' title='bbox 2799 634 3103 687; x_wconf 86' lang='grc' dir='ltr'><strong>ἐπαινεῖται</strong></span> <span class='ocrx_word' id='word_1_61' title='bbox 3125 674 3142 700; x_wconf 87' lang='grc'><strong>,</strong></span> <span class='ocrx_word' id='word_1_62' title='bbox 3176 631 3361 696; x_wconf 84' lang='grc' dir='ltr'><strong>καθώς</strong></span> <span class='ocrx_word' id='word_1_63' title='bbox 3406 649 3571 702; x_wconf 83' lang='grc' dir='ltr'><strong>φησιν</strong></span> <span class='ocrx_word' id='word_1_64' title='bbox 3606 634 3631 685; x_wconf 88' lang='grc' dir='ltr'><strong>ὀ</strong></span> 
     </span>
    </p>
   </div>
   <div class='ocr_carea' id='block_1_11' title="bbox 388 724 1871 810">
    <p class='ocr_par' dir='ltr' id='par_1_11' title="bbox 388 733 1871 810">
     <span class='ocr_line' id='line_1_11' title="bbox 388 733 1871 810; baseline -0.007 -14"><span class='ocrx_word' id='word_1_65' title='bbox 388 754 549 806; x_wconf 85' lang='lat' dir='ltr'><strong>esse,</strong></span> <span class='ocrx_word' id='word_1_66' title='bbox 582 752 648 795; x_wconf 82' lang='lat' dir='ltr'><strong>ac</strong></span> <span class='ocrx_word' id='word_1_67' title='bbox 690 752 824 810; x_wconf 91' lang='lat' dir='ltr'><strong>pure</strong></span> <span class='ocrx_word' id='word_1_68' title='bbox 853 737 1021 791; x_wconf 86' lang='lat' dir='ltr'><strong>vitam</strong></span> <span class='ocrx_word' id='word_1_69' title='bbox 1060 736 1205 790; x_wconf 87' lang='lat' dir='ltr'><strong>hanc</strong></span> <span class='ocrx_word' id='word_1_70' title='bbox 1241 737 1360 792; x_wconf 85' lang='lat' dir='ltr'><strong>sine</strong></span> <span class='ocrx_word' id='word_1_71' title='bbox 1395 734 1546 791; x_wconf 89' lang='lat' dir='ltr'><strong>vitiis</strong></span> <span class='ocrx_word' id='word_1_72' title='bbox 1573 733 1733 804; x_wconf 88' lang='lat' dir='ltr'><strong>quasi</strong></span> <span class='ocrx_word' id='word_1_73' title='bbox 1769 739 1871 786; x_wconf 79' lang='lat' dir='ltr'><strong>trai</strong></span> 
     </span>
    </p>
   </div>
   <div class='ocr_carea' id='block_1_12' title="bbox 2148 724 3631 810">
    <p class='ocr_par' dir='ltr' id='par_1_12' title="bbox 2148 724 3631 803">
     <span class='ocr_line' id='line_1_12' title="bbox 2148 724 3631 803; baseline -0.006 -18"><span class='ocrx_word' id='word_1_74' title='bbox 2148 732 2368 803; x_wconf 82' lang='grc' dir='ltr'><strong>οφήτης.</strong></span> <span class='ocrx_word' id='word_1_75' title='bbox 2410 728 2648 800; x_wconf 83' lang='grc' dir='ltr'><strong>Ἀληθῶς</strong></span> <span class='ocrx_word' id='word_1_76' title='bbox 2679 727 2788 799; x_wconf 83' lang='grc' dir='ltr'><strong>γὰρ</strong></span> <span class='ocrx_word' id='word_1_77' title='bbox 2841 727 2870 779; x_wconf 88' lang='grc' dir='ltr'><strong>ὀ</strong></span> <span class='ocrx_word' id='word_1_78' title='bbox 2917 728 2976 782; x_wconf 89' lang='grc' dir='ltr'><strong>ἐν</strong></span> <span class='ocrx_word' id='word_1_79' title='bbox 3016 728 3129 790; x_wconf 87' lang='grc' dir='ltr'><strong>τοῖς</strong></span> <span class='ocrx_word' id='word_1_80' title='bbox 3174 725 3269 779; x_wconf 88' lang='grc' dir='ltr'><strong>δύο</strong></span> <span class='ocrx_word' id='word_1_81' title='bbox 3314 724 3535 788; x_wconf 82' lang='grc' dir='ltr'><strong>τούτοις</strong></span> <span class='ocrx_word' id='word_1_82' title='bbox 3579 724 3631 777; x_wconf 72' lang='grc' dir='ltr'><strong>τὸ</strong></span> 
     </span>
    </p>
   </div>
   <div class='ocr_carea' id='block_1_13' title="bbox 380 814 1863 906">
    <p class='ocr_par' dir='ltr' id='par_1_13' title="bbox 380 825 1863 900">
     <span class='ocr_line' id='line_1_13' title="bbox 380 825 1863 900; baseline -0.007 -13"><span class='ocrx_word' id='word_1_83' title='bbox 380 831 708 887; x_wconf 89' lang='lat' dir='ltr'><strong>currendam</strong></span> <span class='ocrx_word' id='word_1_84' title='bbox 742 848 755 884; x_wconf 92' lang='lat'>:</span> <span class='ocrx_word' id='word_1_85' title='bbox 792 844 913 900; x_wconf 82' lang='lat' dir='ltr'><strong>quae</strong></span> <span class='ocrx_word' id='word_1_86' title='bbox 933 829 979 885; x_wconf 87' lang='lat' dir='ltr'><strong>si</strong></span> <span class='ocrx_word' id='word_1_87' title='bbox 1009 836 1359 900; x_wconf 72' lang='lat' dir='ltr'><strong>praestentur,</strong></span> <span class='ocrx_word' id='word_1_88' title='bbox 1393 827 1671 883; x_wconf 86' lang='lat' dir='ltr'><strong>stabilitur</strong></span> <span class='ocrx_word' id='word_1_89' title='bbox 1704 825 1758 879; x_wconf 94' lang='lat' dir='ltr'><strong>in</strong></span> <span class='ocrx_word' id='word_1_90' title='bbox 1790 839 1863 878; x_wconf 92' lang='lat' dir='ltr'><strong>no</strong></span> 
     </span>
    </p>
   </div>
   <div class='ocr_carea' id='block_1_14' title="bbox 2149 814 3632 906">
    <p class='ocr_par' dir='ltr' id='par_1_14' title="bbox 2149 814 3632 906">
     <span class='ocr_line' id='line_1_14' title="bbox 2149 814 3632 906; baseline -0.007 -29"><span class='ocrx_word' id='word_1_91' title='bbox 2149 822 2299 892; x_wconf 80' lang='grc' dir='ltr'><strong>ραλὲς</strong></span> <span class='ocrx_word' id='word_1_92' title='bbox 2336 823 2393 875; x_wconf 86' lang='grc' dir='ltr'><strong>ἐν</strong></span> <span class='ocrx_word' id='word_1_93' title='bbox 2426 820 2606 906; x_wconf 53' lang='grc' dir='ltr'><strong>ἐαυτῷ</strong></span> <span class='ocrx_word' id='word_1_94' title='bbox 2644 816 2995 890; x_wconf 82' lang='grc' dir='ltr'><strong>κατορθώσας</strong></span> <span class='ocrx_word' id='word_1_95' title='bbox 3018 856 3034 882; x_wconf 89' lang='grc'><em>,</em></span> <span class='ocrx_word' id='word_1_96' title='bbox 3077 815 3133 871; x_wconf 82' lang='grc' dir='ltr'><strong>ἔν</strong></span> <span class='ocrx_word' id='word_1_97' title='bbox 3160 833 3221 870; x_wconf 87' lang='grc' dir='ltr'><strong>τε</strong></span> <span class='ocrx_word' id='word_1_98' title='bbox 3240 814 3317 886; x_wconf 83' lang='grc' dir='ltr'><strong>τῷ</strong></span> <span class='ocrx_word' id='word_1_99' title='bbox 3356 815 3510 885; x_wconf 81' lang='grc' dir='ltr'><strong>λόγῳ</strong></span> <span class='ocrx_word' id='word_1_100' title='bbox 3545 815 3632 885; x_wconf 84' lang='grc' dir='ltr'><strong>τῆς</strong></span> 
     </span>
    </p>
   </div>
   <div class='ocr_carea' id='block_1_15' title="bbox 388 907 1871 996">
    <p class='ocr_par' dir='ltr' id='par_1_15' title="bbox 388 918 1871 996">
     <span class='ocr_line' id='line_1_15' title="bbox 388 918 1871 996; baseline -0.005 -16"><span class='ocrx_word' id='word_1_101' title='bbox 388 926 519 981; x_wconf 90' lang='lat' dir='ltr'><strong>illud</strong></span> <span class='ocrx_word' id='word_1_102' title='bbox 552 925 731 980; x_wconf 67' lang='lat' dir='ltr'><strong>Etiam</strong></span> <span class='ocrx_word' id='word_1_103' title='bbox 754 963 770 989; x_wconf 97' lang='lat'><strong>,</strong></span> <span class='ocrx_word' id='word_1_104' title='bbox 805 925 952 996; x_wconf 91' lang='lat' dir='ltr'><strong>quod</strong></span> <span class='ocrx_word' id='word_1_105' title='bbox 985 925 1186 989; x_wconf 86' lang='lat' dir='ltr'><strong>mutari</strong></span> <span class='ocrx_word' id='word_1_106' title='bbox 1232 924 1441 993; x_wconf 85' lang='lat' dir='ltr'><strong>nequit.</strong></span> <span class='ocrx_word' id='word_1_107' title='bbox 1479 920 1615 976; x_wconf 88' lang='lat' dir='ltr'><strong>Nam</strong></span> <span class='ocrx_word' id='word_1_108' title='bbox 1656 928 1739 976; x_wconf 90' lang='lat' dir='ltr'><strong>est</strong></span> <span class='ocrx_word' id='word_1_109' title='bbox 1765 918 1871 990; x_wconf 81' lang='lat' dir='ltr'><strong>jusj</strong></span> 
     </span>
    </p>
   </div>
   <div class='ocr_carea' id='block_1_16' title="bbox 2148 907 3631 996">
    <p class='ocr_par' dir='ltr' id='par_1_16' title="bbox 2148 907 3631 982">
     <span class='ocr_line' id='line_1_16' title="bbox 2148 907 3631 982; baseline -0.006 -14"><span class='ocrx_word' id='word_1_110' title='bbox 2148 932 2292 978; x_wconf 68' lang='grc' dir='ltr'><strong>πεως</strong></span> <span class='ocrx_word' id='word_1_111' title='bbox 2314 953 2330 980; x_wconf 88' lang='grc'><em>,</em></span> <span class='ocrx_word' id='word_1_112' title='bbox 2358 914 2487 969; x_wconf 80' lang='grc' dir='ltr'><strong>ὅταν</strong></span> <span class='ocrx_word' id='word_1_113' title='bbox 2529 910 2784 974; x_wconf 82' lang='grc' dir='ltr'><strong>ἀπλανῶς</strong></span> <span class='ocrx_word' id='word_1_114' title='bbox 2828 910 2967 982; x_wconf 83' lang='grc' dir='ltr'><strong>πρὸς</strong></span> <span class='ocrx_word' id='word_1_115' title='bbox 3007 907 3105 981; x_wconf 78' lang='grc' dir='ltr'><strong>τὴν</strong></span> <span class='ocrx_word' id='word_1_116' title='bbox 3144 908 3406 981; x_wconf 85' lang='grc' dir='ltr'><strong>ἀλήθειαν</strong></span> <span class='ocrx_word' id='word_1_117' title='bbox 3451 907 3631 980; x_wconf 75' lang='grc' dir='ltr'><strong>βλέπῃ,</strong></span> 
     </span>
    </p>
   </div>
   <div class='ocr_carea' id='block_1_17' title="bbox 383 997 1866 1087">
    <p class='ocr_par' dir='ltr' id='par_1_17' title="bbox 383 1004 1866 1087">
     <span class='ocr_line' id='line_1_17' title="bbox 383 1004 1866 1087; baseline -0.006 -16"><span class='ocrx_word' id='word_1_118' title='bbox 383 1016 614 1073; x_wconf 85' lang='lat' dir='ltr'><strong>randum</strong></span> <span class='ocrx_word' id='word_1_119' title='bbox 644 1017 800 1084; x_wconf 89' lang='lat' dir='ltr'><strong>illud,</strong></span> <span class='ocrx_word' id='word_1_120' title='bbox 832 1017 980 1087; x_wconf 90' lang='lat' dir='ltr'><strong>quod</strong></span> <span class='ocrx_word' id='word_1_121' title='bbox 1000 1016 1219 1071; x_wconf 82' lang='lat' dir='ltr'><strong>veritati</strong></span> <span class='ocrx_word' id='word_1_122' title='bbox 1257 1014 1415 1070; x_wconf 86' lang='lat' dir='ltr'><strong>ﬁdem</strong></span> <span class='ocrx_word' id='word_1_123' title='bbox 1444 1014 1665 1079; x_wconf 78' lang='lat' dir='ltr'><strong>astruit,</strong></span> <span class='ocrx_word' id='word_1_124' title='bbox 1697 1021 1752 1068; x_wconf 90' lang='lat' dir='ltr'><strong>et</strong></span> <span class='ocrx_word' id='word_1_125' title='bbox 1783 1004 1866 1081; x_wconf 74' lang='lat' dir='ltr'><strong>q&#39;m</strong></span> 
     </span>
    </p>
   </div>
   <div class='ocr_carea' id='block_1_18' title="bbox 2152 997 3635 1087">
    <p class='ocr_par' dir='ltr' id='par_1_18' title="bbox 2152 997 3635 1076">
     <span class='ocr_line' id='line_1_18' title="bbox 2152 997 3635 1076; baseline -0.004 -21"><span class='ocrx_word' id='word_1_126' title='bbox 2152 1045 2154 1055; x_wconf 51' lang='grc' dir='ltr'><strong><em>π</em></strong></span> <span class='ocrx_word' id='word_1_127' title='bbox 2184 1007 2242 1058; x_wconf 89' lang='grc' dir='ltr'><strong>ἐν</strong></span> <span class='ocrx_word' id='word_1_128' title='bbox 2264 1003 2344 1075; x_wconf 82' lang='grc' dir='ltr'><strong>τῷ</strong></span> <span class='ocrx_word' id='word_1_129' title='bbox 2372 1003 2560 1076; x_wconf 81' lang='grc' dir='ltr'><strong>τρόπῳ</strong></span> <span class='ocrx_word' id='word_1_130' title='bbox 2596 1002 2689 1072; x_wconf 81' lang='grc' dir='ltr'><strong>τῆς</strong></span> <span class='ocrx_word' id='word_1_131' title='bbox 2724 1000 2867 1071; x_wconf 79' lang='grc' dir='ltr'><strong>ζωῆς</strong></span> <span class='ocrx_word' id='word_1_132' title='bbox 2896 1039 2910 1064; x_wconf 84' lang='grc'><em>,</em></span> <span class='ocrx_word' id='word_1_133' title='bbox 2940 1000 3069 1053; x_wconf 83' lang='grc' dir='ltr'><strong>ὅταν</strong></span> <span class='ocrx_word' id='word_1_134' title='bbox 3106 999 3310 1061; x_wconf 83' lang='grc' dir='ltr'><strong>παντὸς</strong></span> <span class='ocrx_word' id='word_1_135' title='bbox 3356 997 3635 1069; x_wconf 77' lang='grc' dir='ltr'><strong>καθαρεύῃ</strong></span> 
     </span>
    </p>
   </div>
   <div class='ocr_carea' id='block_1_19' title="bbox 381 1085 1864 1181">
    <p class='ocr_par' dir='ltr' id='par_1_19' title="bbox 381 1085 1845 1181">
     <span class='ocr_line' id='line_1_19' title="bbox 381 1085 1845 1181; baseline -0.003 -18"><span class='ocrx_word' id='word_1_136' title='bbox 381 1111 428 1163; x_wconf 78' lang='lat' dir='ltr'><strong>si</strong></span> <span class='ocrx_word' id='word_1_137' title='bbox 463 1110 590 1181; x_wconf 84' lang='lat' dir='ltr'><strong>quis</strong></span> <span class='ocrx_word' id='word_1_138' title='bbox 619 1110 675 1167; x_wconf 89' lang='lat' dir='ltr'><strong>in</strong></span> <span class='ocrx_word' id='word_1_139' title='bbox 697 1124 763 1166; x_wconf 89' lang='lat' dir='ltr'><strong>eo</strong></span> <span class='ocrx_word' id='word_1_140' title='bbox 798 1085 1040 1179; x_wconf 72' lang='lat' dir='ltr'><strong>praestet,</strong></span> <span class='ocrx_word' id='word_1_141' title='bbox 1070 1107 1347 1172; x_wconf 84' lang='lat' dir='ltr'><strong>laudatur,</strong></span> <span class='ocrx_word' id='word_1_142' title='bbox 1386 1105 1845 1177; x_wconf 83' lang='lat' dir='ltr'><strong>quemadmodum</strong></span> 
     </span>
    </p>
   </div>
   <div class='ocr_carea' id='block_1_20' title="bbox 2153 1085 3636 1181">
    <p class='ocr_par' dir='ltr' id='par_1_20' title="bbox 2183 1085 3636 1168">
     <span class='ocr_line' id='line_1_20' title="bbox 2183 1085 3636 1168; baseline -0.006 -18"><span class='ocrx_word' id='word_1_143' title='bbox 2183 1098 2246 1151; x_wconf 85' lang='grc' dir='ltr'><strong>ἐκ</strong></span> <span class='ocrx_word' id='word_1_144' title='bbox 2272 1095 2537 1168; x_wconf 79' lang='grc' dir='ltr'><strong>πονηρίας</strong></span> <span class='ocrx_word' id='word_1_145' title='bbox 2570 1093 2946 1165; x_wconf 85' lang='grc' dir='ltr'><strong>μολύσματος·</strong></span> <span class='ocrx_word' id='word_1_146' title='bbox 2994 1085 3151 1155; x_wconf 78' lang='grc' dir='ltr'><strong>οὗτος</strong></span> <span class='ocrx_word' id='word_1_147' title='bbox 3181 1089 3377 1161; x_wconf 83' lang='grc' dir='ltr'><strong>ὀμνύει</strong></span> <span class='ocrx_word' id='word_1_148' title='bbox 3414 1088 3498 1160; x_wconf 83' lang='grc' dir='ltr'><strong>τῷ</strong></span> <span class='ocrx_word' id='word_1_149' title='bbox 3534 1090 3636 1141; x_wconf 81' lang='lat' dir='ltr'><strong>Ku-</strong></span> 
     </span>
    </p>
   </div>
   <div class='ocr_carea' id='block_1_21' title="bbox 384 1182 1867 1273">
    <p class='ocr_par' dir='ltr' id='par_1_21' title="bbox 384 1197 1867 1273">
     <span class='ocr_line' id='line_1_21' title="bbox 384 1197 1867 1273; baseline -0.004 -18"><span class='ocrx_word' id='word_1_150' title='bbox 384 1200 672 1273; x_wconf 83' lang='lat' dir='ltr'><strong>Propheta.</strong></span> <span class='ocrx_word' id='word_1_151' title='bbox 699 1197 842 1255; x_wconf 80' lang='lat' dir='ltr'><strong>Vere</strong></span> <span class='ocrx_word' id='word_1_152' title='bbox 867 1199 1014 1255; x_wconf 90' lang='lat' dir='ltr'><strong>enim</strong></span> <span class='ocrx_word' id='word_1_153' title='bbox 1053 1199 1102 1256; x_wconf 91' lang='lat' dir='ltr'><strong>is</strong></span> <span class='ocrx_word' id='word_1_154' title='bbox 1140 1200 1235 1270; x_wconf 82' lang='lat' dir='ltr'><strong>qui</strong></span> <span class='ocrx_word' id='word_1_155' title='bbox 1279 1199 1335 1253; x_wconf 91' lang='lat' dir='ltr'><strong>in</strong></span> <span class='ocrx_word' id='word_1_156' title='bbox 1364 1198 1581 1254; x_wconf 89' lang='lat' dir='ltr'><strong>duobus</strong></span> <span class='ocrx_word' id='word_1_157' title='bbox 1608 1197 1760 1252; x_wconf 86' lang='lat' dir='ltr'><strong>hisce</strong></span> <span class='ocrx_word' id='word_1_158' title='bbox 1787 1211 1867 1250; x_wconf 81' lang='lat' dir='ltr'><strong>cei</strong></span> 
     </span>
    </p>
   </div>
   <div class='ocr_carea' id='block_1_22' title="bbox 2154 1182 3637 1273">
    <p class='ocr_par' dir='ltr' id='par_1_22' title="bbox 2154 1182 3637 1264">
     <span class='ocr_line' id='line_1_22' title="bbox 2154 1182 3637 1264; baseline -0.009 -18"><span class='ocrx_word' id='word_1_159' title='bbox 2154 1211 2185 1257; x_wconf 71' lang='grc' dir='ltr'><strong>ι,</strong></span> <span class='ocrx_word' id='word_1_160' title='bbox 2215 1190 2290 1264; x_wconf 86' lang='grc' dir='ltr'><strong>μὴ</strong></span> <span class='ocrx_word' id='word_1_161' title='bbox 2321 1188 2588 1259; x_wconf 80' lang='grc' dir='ltr'><strong>ἀναϐῆναι</strong></span> <span class='ocrx_word' id='word_1_162' title='bbox 2620 1187 2714 1240; x_wconf 75' lang='grc' dir='ltr'><strong>ἐπὶ</strong></span> <span class='ocrx_word' id='word_1_163' title='bbox 2753 1185 2943 1255; x_wconf 83' lang='grc' dir='ltr'><strong>κλίνης</strong></span> <span class='ocrx_word' id='word_1_164' title='bbox 2974 1185 3263 1256; x_wconf 85' lang='grc' dir='ltr'><strong>στρωμνῆς</strong></span> <span class='ocrx_word' id='word_1_165' title='bbox 3287 1222 3304 1248; x_wconf 83' lang='grc'><strong><em>,</em></strong></span> <span class='ocrx_word' id='word_1_166' title='bbox 3351 1182 3435 1255; x_wconf 81' lang='grc' dir='ltr'><strong>μὴ</strong></span> <span class='ocrx_word' id='word_1_167' title='bbox 3464 1182 3637 1236; x_wconf 81' lang='grc' dir='ltr'><strong>δοῦναι</strong></span> 
     </span>
    </p>
   </div>
   <div class='ocr_carea' id='block_1_23' title="bbox 385 1274 1868 1362">
    <p class='ocr_par' dir='ltr' id='par_1_23' title="bbox 385 1287 1857 1362">
     <span class='ocr_line' id='line_1_23' title="bbox 385 1287 1857 1362; baseline 0.001 -23"><span class='ocrx_word' id='word_1_168' title='bbox 385 1289 630 1343; x_wconf 82' lang='lat' dir='ltr'><strong>tudinem</strong></span> <span class='ocrx_word' id='word_1_169' title='bbox 660 1290 764 1345; x_wconf 90' lang='lat' dir='ltr'><strong>sibi</strong></span> <span class='ocrx_word' id='word_1_170' title='bbox 795 1298 1097 1362; x_wconf 89' lang='lat' dir='ltr'><strong>comparat,</strong></span> <span class='ocrx_word' id='word_1_171' title='bbox 1128 1291 1385 1345; x_wconf 88' lang='lat' dir='ltr'><strong>nimirum</strong></span> <span class='ocrx_word' id='word_1_172' title='bbox 1432 1290 1486 1344; x_wconf 90' lang='lat' dir='ltr'><strong>in</strong></span> <span class='ocrx_word' id='word_1_173' title='bbox 1514 1290 1682 1346; x_wconf 86' lang='lat' dir='ltr'><strong>verbo</strong></span> <span class='ocrx_word' id='word_1_174' title='bbox 1714 1287 1857 1352; x_wconf 83' lang='lat' dir='ltr'><strong>ﬁdei,</strong></span> 
     </span>
    </p>
   </div>
   <div class='ocr_carea' id='block_1_24' title="bbox 2159 1274 3642 1362">
    <p class='ocr_par' dir='ltr' id='par_1_24' title="bbox 2159 1274 3642 1351">
     <span class='ocr_line' id='line_1_24' title="bbox 2159 1274 3642 1351; baseline -0.007 -14"><span class='ocrx_word' id='word_1_175' title='bbox 2159 1301 2231 1338; x_wconf 68' lang='grc' dir='ltr'><strong>θον</strong></span> <span class='ocrx_word' id='word_1_176' title='bbox 2276 1285 2389 1347; x_wconf 88' lang='grc' dir='ltr'><strong>τοῖς</strong></span> <span class='ocrx_word' id='word_1_177' title='bbox 2422 1280 2719 1351; x_wconf 81' lang='grc' dir='ltr'><strong>ὀφθαλμοῖς</strong></span> <span class='ocrx_word' id='word_1_178' title='bbox 2772 1275 2967 1342; x_wconf 74' lang='grc' dir='ltr'><strong>αὑτοῦ,</strong></span> <span class='ocrx_word' id='word_1_179' title='bbox 3013 1275 3150 1348; x_wconf 81' lang='grc' dir='ltr'><strong>μηδὲ</strong></span> <span class='ocrx_word' id='word_1_180' title='bbox 3196 1274 3516 1345; x_wconf 81' lang='grc' dir='ltr'><strong>νυσταγμὸν</strong></span> <span class='ocrx_word' id='word_1_181' title='bbox 3542 1276 3642 1335; x_wconf 87' lang='grc' dir='ltr'><strong>τοῖς</strong></span> 
     </span>
    </p>
   </div>
   <div class='ocr_carea' id='block_1_25' title="bbox 386 1366 1869 1453">
    <p class='ocr_par' dir='ltr' id='par_1_25' title="bbox 386 1380 1869 1453">
     <span class='ocr_line' id='line_1_25' title="bbox 386 1380 1869 1453; baseline -0.001 -18"><span class='ocrx_word' id='word_1_182' title='bbox 386 1380 507 1436; x_wconf 83' lang='lat' dir='ltr'><strong>sine</strong></span> <span class='ocrx_word' id='word_1_183' title='bbox 527 1396 714 1437; x_wconf 89' lang='lat' dir='ltr'><strong>errore</strong></span> <span class='ocrx_word' id='word_1_184' title='bbox 733 1383 1014 1438; x_wconf 81' lang='lat' dir='ltr'><strong>veritatem</strong></span> <span class='ocrx_word' id='word_1_185' title='bbox 1039 1382 1294 1453; x_wconf 83' lang='lat' dir='ltr'><strong>aspiciat,</strong></span> <span class='ocrx_word' id='word_1_186' title='bbox 1315 1392 1371 1443; x_wconf 87' lang='lat' dir='ltr'><strong>et</strong></span> <span class='ocrx_word' id='word_1_187' title='bbox 1392 1383 1449 1437; x_wconf 90' lang='lat' dir='ltr'><strong>in</strong></span> <span class='ocrx_word' id='word_1_188' title='bbox 1474 1382 1688 1437; x_wconf 89' lang='lat' dir='ltr'><strong>ratione</strong></span> <span class='ocrx_word' id='word_1_189' title='bbox 1714 1382 1869 1435; x_wconf 87' lang='lat' dir='ltr'><strong>viven</strong></span> 
     </span>
    </p>
   </div>
   <div class='ocr_carea' id='block_1_26' title="bbox 2159 1366 3642 1453">
    <p class='ocr_par' dir='ltr' id='par_1_26' title="bbox 2164 1366 3642 1448">
     <span class='ocr_line' id='line_1_26' title="bbox 2164 1366 3642 1448; baseline -0.007 -19"><span class='ocrx_word' id='word_1_190' title='bbox 2164 1377 2388 1448; x_wconf 85' lang='grc' dir='ltr'><strong>φάροις,</strong></span> <span class='ocrx_word' id='word_1_191' title='bbox 2421 1372 2527 1436; x_wconf 82' lang='grc' dir='ltr'><strong>ἐως</strong></span> <span class='ocrx_word' id='word_1_192' title='bbox 2565 1366 2625 1426; x_wconf 76' lang='grc' dir='ltr'><strong>οὗ</strong></span> <span class='ocrx_word' id='word_1_193' title='bbox 2654 1370 2789 1442; x_wconf 74' lang='grc' dir='ltr'><strong>εὕρῃ</strong></span> <span class='ocrx_word' id='word_1_194' title='bbox 2828 1370 2886 1422; x_wconf 87' lang='grc' dir='ltr'><strong>ἐν</strong></span> <span class='ocrx_word' id='word_1_195' title='bbox 2908 1366 3093 1438; x_wconf 88' lang='grc' dir='ltr'><strong>ἐαυτῷ</strong></span> <span class='ocrx_word' id='word_1_196' title='bbox 3117 1367 3279 1421; x_wconf 87' lang='grc' dir='ltr'><strong>τόπον</strong></span> <span class='ocrx_word' id='word_1_197' title='bbox 3318 1366 3401 1438; x_wconf 79' lang='grc' dir='ltr'><strong>τῷ</strong></span> <span class='ocrx_word' id='word_1_198' title='bbox 3438 1366 3642 1437; x_wconf 83' lang='grc' dir='ltr'><strong>Κυρίῳ,</strong></span> 
     </span>
    </p>
   </div>
   <div class='ocr_carea' id='block_1_27' title="bbox 386 1456 1869 1545">
    <p class='ocr_par' dir='ltr' id='par_1_27' title="bbox 386 1472 1865 1545">
     <span class='ocr_line' id='line_1_27' title="bbox 386 1472 1865 1545; baseline -0.001 -18"><span class='ocrx_word' id='word_1_199' title='bbox 386 1473 434 1527; x_wconf 88' lang='lat' dir='ltr'><strong>si</strong></span> <span class='ocrx_word' id='word_1_200' title='bbox 478 1474 549 1530; x_wconf 92' lang='lat' dir='ltr'><strong>ab</strong></span> <span class='ocrx_word' id='word_1_201' title='bbox 578 1474 727 1530; x_wconf 91' lang='lat' dir='ltr'><strong>omni</strong></span> <span class='ocrx_word' id='word_1_202' title='bbox 773 1476 1064 1542; x_wconf 82' lang='lat' dir='ltr'><strong>pravitatis</strong></span> <span class='ocrx_word' id='word_1_203' title='bbox 1111 1475 1491 1545; x_wconf 80' lang='lat' dir='ltr'><strong>inquinatione</strong></span> <span class='ocrx_word' id='word_1_204' title='bbox 1554 1488 1727 1544; x_wconf 91' lang='lat' dir='ltr'><strong>purus</strong></span> <span class='ocrx_word' id='word_1_205' title='bbox 1772 1472 1865 1537; x_wconf 88' lang='lat' dir='ltr'><strong>sit,</strong></span> 
     </span>
    </p>
   </div>
   <div class='ocr_carea' id='block_1_28' title="bbox 2161 1456 3644 1545">
    <p class='ocr_par' dir='ltr' id='par_1_28' title="bbox 2161 1456 3644 1540">
     <span class='ocr_line' id='line_1_28' title="bbox 2161 1456 3644 1540; baseline -0.01 -19"><span class='ocrx_word' id='word_1_206' title='bbox 2161 1483 2333 1540; x_wconf 68' lang='grc' dir='ltr'><strong>ινωμα</strong></span> <span class='ocrx_word' id='word_1_207' title='bbox 2365 1463 2443 1535; x_wconf 83' lang='grc' dir='ltr'><strong>τῷ</strong></span> <span class='ocrx_word' id='word_1_208' title='bbox 2471 1466 2529 1518; x_wconf 77' lang='grc' dir='ltr'><strong>ἐν</strong></span> <span class='ocrx_word' id='word_1_209' title='bbox 2555 1462 2703 1534; x_wconf 83' lang='grc' dir='ltr'><strong>αὐτῷ</strong></span> <span class='ocrx_word' id='word_1_210' title='bbox 2732 1460 2969 1515; x_wconf 77' lang='grc' dir='ltr'><strong>οἰκοῦντι</strong></span> <span class='ocrx_word' id='word_1_211' title='bbox 3014 1459 3326 1529; x_wconf 81' lang='grc' dir='ltr'><strong>γενόμενος.</strong></span> <span class='ocrx_word' id='word_1_212' title='bbox 3375 1459 3445 1511; x_wconf 86' lang='lat' dir='ltr'><strong>El.</strong></span> <span class='ocrx_word' id='word_1_213' title='bbox 3473 1456 3644 1509; x_wconf 79' lang='grc' dir='ltr'><strong>τοίνυν</strong></span> 
     </span>
    </p>
   </div>
   <div class='ocr_carea' id='block_1_29' title="bbox 386 1543 1869 1637">
    <p class='ocr_par' dir='ltr' id='par_1_29' title="bbox 386 1566 1869 1637">
     <span class='ocr_line' id='line_1_29' title="bbox 386 1566 1869 1637; baseline 0 -18"><span class='ocrx_word' id='word_1_214' title='bbox 386 1566 554 1636; x_wconf 73' lang='lat' dir='ltr'><strong>igitur</strong></span> <span class='ocrx_word' id='word_1_215' title='bbox 583 1582 709 1623; x_wconf 84' lang='lat' dir='ltr'><strong>vere</strong></span> <span class='ocrx_word' id='word_1_216' title='bbox 736 1568 887 1637; x_wconf 88' lang='lat' dir='ltr'><strong>jurat</strong></span> <span class='ocrx_word' id='word_1_217' title='bbox 911 1567 1141 1623; x_wconf 91' lang='lat' dir='ltr'><strong>Domino</strong></span> <span class='ocrx_word' id='word_1_218' title='bbox 1161 1568 1238 1634; x_wconf 78' lang='grc'><strong>⁸⁸,</strong></span> <span class='ocrx_word' id='word_1_219' title='bbox 1283 1583 1395 1623; x_wconf 88' lang='lat' dir='ltr'><strong>non</strong></span> <span class='ocrx_word' id='word_1_220' title='bbox 1421 1582 1482 1623; x_wconf 91' lang='lat' dir='ltr'><strong>se</strong></span> <span class='ocrx_word' id='word_1_221' title='bbox 1514 1581 1869 1622; x_wconf 80' lang='lat' dir='ltr'><strong>escensurum</strong></span> 
     </span>
    </p>
   </div>
   <div class='ocr_carea' id='block_1_30' title="bbox 2162 1543 3645 1637">
    <p class='ocr_par' dir='ltr' id='par_1_30' title="bbox 2162 1543 3645 1628">
     <span class='ocr_line' id='line_1_30' title="bbox 2162 1543 3645 1628; baseline -0.009 -15"><span class='ocrx_word' id='word_1_222' title='bbox 2162 1560 2233 1613; x_wconf 76' lang='grc' dir='ltr'><strong>ιὲν</strong></span> <span class='ocrx_word' id='word_1_223' title='bbox 2268 1558 2362 1613; x_wconf 71' lang='grc' dir='ltr'><strong>καὶ</strong></span> <span class='ocrx_word' id='word_1_224' title='bbox 2391 1557 2554 1628; x_wconf 83' lang='grc' dir='ltr'><strong>ἡμεῖς</strong></span> <span class='ocrx_word' id='word_1_225' title='bbox 2581 1554 2680 1623; x_wconf 86' lang='grc' dir='ltr'><strong>τῆς</strong></span> <span class='ocrx_word' id='word_1_226' title='bbox 2708 1553 2820 1608; x_wconf 78' lang='grc' dir='ltr'><strong>ἅνω</strong></span> <span class='ocrx_word' id='word_1_227' title='bbox 2863 1550 3218 1624; x_wconf 85' lang='grc' dir='ltr'><strong>Ἰερουσαλὴμ</strong></span> <span class='ocrx_word' id='word_1_228' title='bbox 3253 1549 3465 1612; x_wconf 80' lang='grc' dir='ltr'><strong>τέκνα,</strong></span> <span class='ocrx_word' id='word_1_229' title='bbox 3495 1543 3645 1600; x_wconf 86' lang='grc' dir='ltr'><strong>ἀκού·</strong></span> 
     </span>
    </p>
   </div>
   <div class='ocr_carea' id='block_1_31' title="bbox 390 1636 1873 1729">
    <p class='ocr_par' dir='ltr' id='par_1_31' title="bbox 390 1656 1869 1729">
     <span class='ocr_line' id='line_1_31' title="bbox 390 1656 1869 1729; baseline -0.001 -16"><span class='ocrx_word' id='word_1_230' title='bbox 390 1659 655 1715; x_wconf 82' lang='lat' dir='ltr'><strong>lectulum</strong></span> <span class='ocrx_word' id='word_1_231' title='bbox 687 1660 794 1716; x_wconf 88' lang='lat' dir='ltr'><strong>sibi</strong></span> <span class='ocrx_word' id='word_1_232' title='bbox 832 1667 1065 1716; x_wconf 88' lang='lat' dir='ltr'><strong>stratum</strong></span> <span class='ocrx_word' id='word_1_233' title='bbox 1088 1701 1104 1726; x_wconf 91' lang='lat'><strong>,</strong></span> <span class='ocrx_word' id='word_1_234' title='bbox 1134 1674 1313 1729; x_wconf 86' lang='lat' dir='ltr'><strong>neque</strong></span> <span class='ocrx_word' id='word_1_235' title='bbox 1343 1672 1595 1715; x_wconf 88' lang='lat' dir='ltr'><strong>somnum</strong></span> <span class='ocrx_word' id='word_1_236' title='bbox 1625 1656 1803 1712; x_wconf 90' lang='lat' dir='ltr'><strong>oculis</strong></span> <span class='ocrx_word' id='word_1_237' title='bbox 1843 1672 1869 1712; x_wconf 94' lang='lat' dir='ltr'><strong>s</strong></span> 
     </span>
    </p>
   </div>
   <div class='ocr_carea' id='block_1_32' title="bbox 2164 1636 3647 1729">
    <p class='ocr_par' dir='ltr' id='par_1_32' title="bbox 2164 1636 3647 1721">
     <span class='ocr_line' id='line_1_32' title="bbox 2164 1636 3647 1721; baseline -0.01 -17"><span class='ocrx_word' id='word_1_238' title='bbox 2164 1667 2254 1721; x_wconf 62' lang='grc' dir='ltr'><strong>μεν</strong></span> <span class='ocrx_word' id='word_1_239' title='bbox 2296 1650 2396 1718; x_wconf 84' lang='grc' dir='ltr'><strong>τῆς</strong></span> <span class='ocrx_word' id='word_1_240' title='bbox 2428 1644 2744 1700; x_wconf 81' lang='grc' dir='ltr'><strong>διδασκάλου</strong></span> <span class='ocrx_word' id='word_1_241' title='bbox 2785 1641 3032 1712; x_wconf 82' lang='grc' dir='ltr'><strong>νύμφης,</strong></span> <span class='ocrx_word' id='word_1_242' title='bbox 3058 1639 3177 1704; x_wconf 81' lang='grc' dir='ltr'><strong>πῶς</strong></span> <span class='ocrx_word' id='word_1_243' title='bbox 3220 1639 3369 1694; x_wconf 72' lang='grc' dir='ltr'><strong>ἐστιν</strong></span> <span class='ocrx_word' id='word_1_244' title='bbox 3410 1637 3540 1691; x_wconf 75' lang='grc' dir='ltr'><strong>ἰδεῖν</strong></span> <span class='ocrx_word' id='word_1_245' title='bbox 3566 1636 3647 1689; x_wconf 74' lang='grc' dir='ltr'><strong>τὸν</strong></span> 
     </span>
    </p>
   </div>
   <div class='ocr_carea' id='block_1_33' title="bbox 386 1739 1869 1821">
    <p class='ocr_par' dir='ltr' id='par_1_33' title="bbox 386 1750 1869 1821">
     <span class='ocr_line' id='line_1_33' title="bbox 386 1750 1869 1821; baseline -0.003 -14"><span class='ocrx_word' id='word_1_246' title='bbox 386 1766 805 1818; x_wconf 82' lang='lat' dir='ltr'><strong>concessurum,</strong></span> <span class='ocrx_word' id='word_1_247' title='bbox 830 1753 917 1807; x_wconf 89' lang='lat' dir='ltr'><strong>vel</strong></span> <span class='ocrx_word' id='word_1_248' title='bbox 938 1751 1377 1808; x_wconf 85' lang='lat' dir='ltr'><strong>dormitationem</strong></span> <span class='ocrx_word' id='word_1_249' title='bbox 1401 1750 1695 1821; x_wconf 83' lang='lat' dir='ltr'><strong>palpebris,</strong></span> <span class='ocrx_word' id='word_1_250' title='bbox 1717 1750 1869 1805; x_wconf 60' lang='lat' dir='ltr'><strong>donet</strong></span> 
     </span>
    </p>
   </div>
   <div class='ocr_carea' id='block_1_34' title="bbox 948 1739 2431 1821">
    <p class='ocr_par' dir='ltr' id='par_1_34' title="bbox 948 1739 2431 1821">
     <span class='ocr_line' id='line_1_34' title="bbox 948 1739 2431 1821; baseline -0.009 -15"><span class='ocrx_word' id='word_1_251' title='bbox 948 1751 1377 1808; x_wconf 79' lang='lat' dir='ltr'><strong>dormitationem</strong></span> <span class='ocrx_word' id='word_1_252' title='bbox 1401 1750 1695 1821; x_wconf 80' lang='lat' dir='ltr'><strong>palpebris,</strong></span> <span class='ocrx_word' id='word_1_253' title='bbox 1717 1750 1892 1805; x_wconf 91' lang='lat' dir='ltr'><strong>donec</strong></span> <span class='ocrx_word' id='word_1_254' title='bbox 1910 1748 1965 1803; x_wconf 89' lang='lat' dir='ltr'><strong>in</strong></span> <span class='ocrx_word' id='word_1_255' title='bbox 1995 1748 2038 1803; x_wconf 86' lang='grc' dir='ltr'>Β</span> <span class='ocrx_word' id='word_1_256' title='bbox 2067 1739 2400 1811; x_wconf 85' lang='grc' dir='ltr'><strong>ποθούμενον</strong></span> <span class='ocrx_word' id='word_1_257' title='bbox 2417 1777 2431 1792; x_wconf 93' lang='grc'><strong>.</strong></span> 
     </span>
    </p>
   </div>
   <div class='ocr_carea' id='block_1_35' title="bbox 387 1822 3650 1916">
    <p class='ocr_par' dir='ltr' id='par_1_35' title="bbox 387 1822 3650 1916">
     <span class='ocr_line' id='line_1_35' title="bbox 387 1822 3650 1916; baseline -0.009 -11"><span class='ocrx_word' id='word_1_258' title='bbox 387 1861 450 1905; x_wconf 76' lang='lat' dir='ltr'><strong>se</strong></span> <span class='ocrx_word' id='word_1_259' title='bbox 486 1848 669 1903; x_wconf 81' lang='lat' dir='ltr'><strong>locum</strong></span> <span class='ocrx_word' id='word_1_260' title='bbox 701 1844 932 1901; x_wconf 87' lang='lat' dir='ltr'><strong>Domino</strong></span> <span class='ocrx_word' id='word_1_261' title='bbox 965 1846 1251 1916; x_wconf 87' lang='lat' dir='ltr'><strong>repererit,</strong></span> <span class='ocrx_word' id='word_1_262' title='bbox 1283 1845 1459 1901; x_wconf 84' lang='lat' dir='ltr'><strong>factus</strong></span> <span class='ocrx_word' id='word_1_263' title='bbox 1487 1844 1897 1900; x_wconf 81' lang='lat' dir='ltr'><strong>tabernaculum</strong></span> <span class='ocrx_word' id='word_1_264' title='bbox 1920 1844 2040 1915; x_wconf 86' lang='lat' dir='ltr'><strong>ejus</strong></span> <span class='ocrx_word' id='word_1_265' title='bbox 2078 1841 2133 1895; x_wconf 92' lang='lat' dir='ltr'><strong>in</strong></span> <span class='ocrx_word' id='word_1_266' title='bbox 2163 1839 2282 1908; x_wconf 91' lang='lat' dir='ltr'><strong>ipso</strong></span> <span class='ocrx_word' id='word_1_267' title='bbox 2312 1828 2630 1887; x_wconf 83' lang='lat' dir='ltr'><strong>habitantis.</strong></span> <span class='ocrx_word' id='word_1_268' title='bbox 2667 1826 3036 1894; x_wconf 85' lang='lat' dir='ltr'><strong>Quamobrem</strong></span> <span class='ocrx_word' id='word_1_269' title='bbox 3081 1822 3130 1880; x_wconf 88' lang='lat' dir='ltr'><strong>si</strong></span> <span class='ocrx_word' id='word_1_270' title='bbox 3167 1838 3269 1878; x_wconf 80' lang='lat' dir='ltr'><strong>nos</strong></span> <span class='ocrx_word' id='word_1_271' title='bbox 3303 1836 3532 1893; x_wconf 88' lang='lat' dir='ltr'><strong>quoque</strong></span> <span class='ocrx_word' id='word_1_272' title='bbox 3567 1837 3650 1877; x_wconf 89' lang='lat' dir='ltr'><strong>su-</strong></span> 
     </span>
    </p>
   </div>
   <div class='ocr_carea' id='block_1_36' title="bbox 389 1917 3641 2013">
    <p class='ocr_par' dir='ltr' id='par_1_36' title="bbox 389 1917 3641 2013">
     <span class='ocr_line' id='line_1_36' title="bbox 389 1917 3641 2013; baseline -0.008 -18"><span class='ocrx_word' id='word_1_273' title='bbox 389 1953 576 2013; x_wconf 63' lang='lat' dir='ltr'><strong>perna</strong></span> <span class='ocrx_word' id='word_1_274' title='bbox 629 1937 780 1992; x_wconf 84' lang='lat' dir='ltr'><strong>illius</strong></span> <span class='ocrx_word' id='word_1_275' title='bbox 827 1935 1133 1993; x_wconf 85' lang='lat' dir='ltr'><strong>Jerusalem</strong></span> <span class='ocrx_word' id='word_1_276' title='bbox 1182 1937 1279 1992; x_wconf 81' lang='lat' dir='ltr'><strong>ﬁlii</strong></span> <span class='ocrx_word' id='word_1_277' title='bbox 1334 1952 1561 2005; x_wconf 90' lang='lat' dir='ltr'><strong>sumus,</strong></span> <span class='ocrx_word' id='word_1_278' title='bbox 1610 1937 1902 1992; x_wconf 85' lang='lat' dir='ltr'><strong>audiamus</strong></span> <span class='ocrx_word' id='word_1_279' title='bbox 1975 1944 2237 2005; x_wconf 87' lang='lat' dir='ltr'><strong>sponsam</strong></span> <span class='ocrx_word' id='word_1_280' title='bbox 2295 1924 2646 1995; x_wconf 79' lang='lat' dir='ltr'><strong>magistram,</strong></span> <span class='ocrx_word' id='word_1_281' title='bbox 2701 1924 2792 1991; x_wconf 81' lang='lat' dir='ltr'><strong>qui</strong></span> <span class='ocrx_word' id='word_1_282' title='bbox 2836 1918 3175 1975; x_wconf 82' lang='lat' dir='ltr'><strong>desideratus</strong></span> <span class='ocrx_word' id='word_1_283' title='bbox 3224 1917 3380 1971; x_wconf 89' lang='lat' dir='ltr'><strong>cerni</strong></span> <span class='ocrx_word' id='word_1_284' title='bbox 3453 1917 3641 1987; x_wconf 88' lang='lat' dir='ltr'><strong>possit.</strong></span> 
     </span>
    </p>
   </div>
   <div class='ocr_carea' id='block_1_37' title="bbox 459 2016 1942 2105">
    <p class='ocr_par' dir='ltr' id='par_1_37' title="bbox 459 2032 1940 2105">
     <span class='ocr_line' id='line_1_37' title="bbox 459 2032 1940 2105; baseline 0 -18"><span class='ocrx_word' id='word_1_285' title='bbox 459 2032 604 2100; x_wconf 80' lang='lat' dir='ltr'><strong>Quid</strong></span> <span class='ocrx_word' id='word_1_286' title='bbox 636 2034 807 2105; x_wconf 77' lang='lat' dir='ltr'><strong>igitur</strong></span> <span class='ocrx_word' id='word_1_287' title='bbox 845 2033 1063 2103; x_wconf 88' lang='lat' dir='ltr'><strong>inquit?</strong></span> <span class='ocrx_word' id='word_1_288' title='bbox 1106 2033 1301 2089; x_wconf 82' lang='lat' dir='ltr'><strong>si&#39;hoc</strong></span> <span class='ocrx_word' id='word_1_289' title='bbox 1340 2032 1704 2103; x_wconf 74' lang='lat' dir='ltr'><strong>jurejurando</strong></span> <span class='ocrx_word' id='word_1_290' title='bbox 1752 2047 1940 2105; x_wconf 87' lang='lat' dir='ltr'><strong>nosme</strong></span> 
     </span>
    </p>
   </div>
   <div class='ocr_carea' id='block_1_38' title="bbox 2163 2016 3646 2105">
    <p class='ocr_par' dir='ltr' id='par_1_38' title="bbox 2163 2016 3646 2092">
     <span class='ocr_line' id='line_1_38' title="bbox 2163 2016 3646 2092; baseline -0.007 -14"><span class='ocrx_word' id='word_1_291' title='bbox 2163 2025 2206 2078; x_wconf 70' lang='grc' dir='ltr'><strong>[ε</strong></span> <span class='ocrx_word' id='word_1_292' title='bbox 2233 2020 2326 2077; x_wconf 80' lang='grc' dir='ltr'><strong>οὖν</strong></span> <span class='ocrx_word' id='word_1_293' title='bbox 2365 2038 2530 2092; x_wconf 87' lang='grc' dir='ltr'><strong>φησιν</strong></span> <span class='ocrx_word' id='word_1_294' title='bbox 2554 2036 2569 2087; x_wconf 89' lang='grc'><strong>;</strong></span> <span class='ocrx_word' id='word_1_295' title='bbox 2614 2019 2739 2072; x_wconf 83' lang='grc' dir='ltr'><strong>Ἐὰν</strong></span> <span class='ocrx_word' id='word_1_296' title='bbox 2765 2018 2950 2089; x_wconf 86' lang='grc' dir='ltr'><strong>ὅρκιον</strong></span> <span class='ocrx_word' id='word_1_297' title='bbox 2980 2018 3195 2082; x_wconf 77' lang='grc' dir='ltr'><strong>ἑαυτοῖς</strong></span> <span class='ocrx_word' id='word_1_298' title='bbox 3221 2017 3384 2071; x_wconf 79' lang='grc' dir='ltr'><strong>τοῦτο</strong></span> <span class='ocrx_word' id='word_1_299' title='bbox 3423 2016 3646 2085; x_wconf 83' lang='grc' dir='ltr'><strong>ποιήσω-</strong></span> 
     </span>
    </p>
   </div>
   <div class='ocr_carea' id='block_1_39' title="bbox 390 2103 1873 2197">
    <p class='ocr_par' dir='ltr' id='par_1_39' title="bbox 390 2103 1873 2197">
     <span class='ocr_line' id='line_1_39' title="bbox 390 2103 1873 2197; baseline -0.001 -17"><span class='ocrx_word' id='word_1_300' title='bbox 390 2103 837 2190; x_wconf 39' lang='lat' dir='ltr'><strong>astrinxer—imus.</strong></span> <span class='ocrx_word' id='word_1_301' title='bbox 872 2119 1089 2181; x_wconf 63' lang='lat' dir='ltr'><strong>futuros</strong></span> <span class='ocrx_word' id='word_1_302' title='bbox 1123 2141 1226 2181; x_wconf 90' lang='lat' dir='ltr'><strong>nos</strong></span> <span class='ocrx_word' id='word_1_303' title='bbox 1249 2127 1302 2180; x_wconf 92' lang='lat' dir='ltr'><strong>in</strong></span> <span class='ocrx_word' id='word_1_304' title='bbox 1333 2127 1698 2197; x_wconf 82' lang='lat' dir='ltr'><strong>potestatibus</strong></span> <span class='ocrx_word' id='word_1_305' title='bbox 1742 2103 1873 2195; x_wconf 73' lang='lat' dir='ltr'><strong>capr</strong></span> 
     </span>
    </p>
   </div>
   <div class='ocr_carea' id='block_1_40' title="bbox 2165 2103 3648 2197">
    <p class='ocr_par' dir='ltr' id='par_1_40' title="bbox 2165 2106 3648 2187">
     <span class='ocr_line' id='line_1_40' title="bbox 2165 2106 3648 2187; baseline -0.007 -16"><span class='ocrx_word' id='word_1_306' title='bbox 2165 2136 2191 2187; x_wconf 74' lang='grc' dir='ltr'><strong>ν,</strong></span> <span class='ocrx_word' id='word_1_307' title='bbox 2218 2118 2280 2171; x_wconf 86' lang='grc' dir='ltr'><strong>τὸ</strong></span> <span class='ocrx_word' id='word_1_308' title='bbox 2316 2117 2374 2169; x_wconf 78' lang='grc' dir='ltr'><strong>ἐν</strong></span> <span class='ocrx_word' id='word_1_309' title='bbox 2401 2116 2521 2177; x_wconf 82' lang='grc' dir='ltr'><strong>ταῖς</strong></span> <span class='ocrx_word' id='word_1_310' title='bbox 2546 2112 2840 2182; x_wconf 85' lang='grc' dir='ltr'><strong>δυνάμεσιν</strong></span> <span class='ocrx_word' id='word_1_311' title='bbox 2867 2106 3008 2163; x_wconf 86' lang='grc' dir='ltr'><strong>εἷναι</strong></span> <span class='ocrx_word' id='word_1_312' title='bbox 3044 2111 3153 2164; x_wconf 83' lang='grc' dir='ltr'><strong>τῶν</strong></span> <span class='ocrx_word' id='word_1_313' title='bbox 3184 2107 3516 2183; x_wconf 87' lang='grc' dir='ltr'><strong>διορατικῶν</strong></span> <span class='ocrx_word' id='word_1_314' title='bbox 3543 2107 3648 2177; x_wconf 68' lang='grc' dir='ltr'><strong>ὼρ-</strong></span> 
     </span>
    </p>
   </div>
   <div class='ocr_carea' id='block_1_41' title="bbox 391 2197 1874 2290">
    <p class='ocr_par' dir='ltr' id='par_1_41' title="bbox 391 2217 1872 2290">
     <span class='ocr_line' id='line_1_41' title="bbox 391 2217 1872 2290; baseline -0.001 -18"><span class='ocrx_word' id='word_1_315' title='bbox 391 2232 517 2272; x_wconf 88' lang='lat' dir='ltr'><strong>rum</strong></span> <span class='ocrx_word' id='word_1_316' title='bbox 548 2217 669 2274; x_wconf 87' lang='lat' dir='ltr'><strong>acri</strong></span> <span class='ocrx_word' id='word_1_317' title='bbox 699 2218 1052 2290; x_wconf 66' lang='lat' dir='ltr'><strong>prseditarum</strong></span> <span class='ocrx_word' id='word_1_318' title='bbox 1081 2219 1226 2283; x_wconf 89' lang='lat' dir='ltr'><strong>visu,</strong></span> <span class='ocrx_word' id='word_1_319' title='bbox 1249 2229 1305 2273; x_wconf 93' lang='lat' dir='ltr'><strong>et</strong></span> <span class='ocrx_word' id='word_1_320' title='bbox 1338 2219 1396 2273; x_wconf 88' lang='lat' dir='ltr'><strong>in</strong></span> <span class='ocrx_word' id='word_1_321' title='bbox 1426 2218 1639 2273; x_wconf 89' lang='lat' dir='ltr'><strong>viribus</strong></span> <span class='ocrx_word' id='word_1_322' title='bbox 1679 2232 1872 2273; x_wconf 86' lang='lat' dir='ltr'><strong>cervor</strong></span> 
     </span>
    </p>
   </div>
   <div class='ocr_carea' id='block_1_42' title="bbox 2165 2197 3648 2290">
    <p class='ocr_par' dir='ltr' id='par_1_42' title="bbox 2165 2197 3648 2274">
     <span class='ocr_line' id='line_1_42' title="bbox 2165 2197 3648 2274; baseline -0.007 -13"><span class='ocrx_word' id='word_1_323' title='bbox 2165 2215 2247 2263; x_wconf 76' lang='grc' dir='ltr'><strong>ἱων</strong></span> <span class='ocrx_word' id='word_1_324' title='bbox 2270 2249 2286 2274; x_wconf 87' lang='grc'><em>,</em></span> <span class='ocrx_word' id='word_1_325' title='bbox 2339 2206 2435 2260; x_wconf 75' lang='grc' dir='ltr'><strong>καὶ</strong></span> <span class='ocrx_word' id='word_1_326' title='bbox 2471 2204 2529 2258; x_wconf 89' lang='grc' dir='ltr'><strong>ἐν</strong></span> <span class='ocrx_word' id='word_1_327' title='bbox 2561 2205 2682 2263; x_wconf 80' lang='grc' dir='ltr'><strong>ταῖς</strong></span> <span class='ocrx_word' id='word_1_328' title='bbox 2714 2201 2957 2272; x_wconf 82' lang='grc' dir='ltr'><strong>ἱσχύσεσι</strong></span> <span class='ocrx_word' id='word_1_329' title='bbox 2992 2200 3102 2257; x_wconf 90' lang='grc' dir='ltr'><strong>τῶν</strong></span> <span class='ocrx_word' id='word_1_330' title='bbox 3133 2199 3517 2269; x_wconf 78' lang='grc' dir='ltr'><strong>ἁφανιστικῶν</strong></span> <span class='ocrx_word' id='word_1_331' title='bbox 3563 2197 3648 2268; x_wconf 82' lang='grc' dir='ltr'><strong>τῆς</strong></span> 
     </span>
    </p>
   </div>
   <div class='ocr_carea' id='block_1_43' title="bbox 392 2288 1875 2377">
    <p class='ocr_par' dir='ltr' id='par_1_43' title="bbox 392 2288 1872 2377">
     <span class='ocr_line' id='line_1_43' title="bbox 392 2288 1872 2377; baseline -0.003 -17"><span class='ocrx_word' id='word_1_332' title='bbox 392 2309 488 2377; x_wconf 87' lang='lat' dir='ltr'><strong>qui</strong></span> <span class='ocrx_word' id='word_1_333' title='bbox 509 2288 719 2362; x_wconf 77' lang='lat' dir='ltr'><strong>malum</strong></span> <span class='ocrx_word' id='word_1_334' title='bbox 743 2306 1002 2374; x_wconf 88' lang='lat' dir='ltr'><strong>abolent;</strong></span> <span class='ocrx_word' id='word_1_335' title='bbox 1045 2313 1163 2361; x_wconf 92' lang='lat' dir='ltr'><strong>tum</strong></span> <span class='ocrx_word' id='word_1_336' title='bbox 1207 2321 1337 2362; x_wconf 87' lang='lat' dir='ltr'><strong>vero</strong></span> <span class='ocrx_word' id='word_1_337' title='bbox 1365 2306 1551 2361; x_wconf 90' lang='lat' dir='ltr'><strong>licebit</strong></span> <span class='ocrx_word' id='word_1_338' title='bbox 1583 2320 1781 2375; x_wconf 87' lang='lat' dir='ltr'><strong>purum</strong></span> <span class='ocrx_word' id='word_1_339' title='bbox 1815 2304 1872 2357; x_wconf 88' lang='lat' dir='ltr'><strong>ill</strong></span> 
     </span>
    </p>
   </div>
   <div class='ocr_carea' id='block_1_44' title="bbox 2167 2288 3650 2377">
    <p class='ocr_par' dir='ltr' id='par_1_44' title="bbox 2167 2288 3650 2369">
     <span class='ocr_line' id='line_1_44' title="bbox 2167 2288 3650 2369; baseline -0.007 -15"><span class='ocrx_word' id='word_1_340' title='bbox 2167 2302 2266 2365; x_wconf 79' lang='grc' dir='ltr'><strong>ιίας</strong></span> <span class='ocrx_word' id='word_1_341' title='bbox 2294 2299 2542 2369; x_wconf 86' lang='grc' dir='ltr'><strong>ἐλάφων·</strong></span> <span class='ocrx_word' id='word_1_342' title='bbox 2590 2296 2705 2349; x_wconf 74' lang='grc' dir='ltr'><strong>ἐστι</strong></span> <span class='ocrx_word' id='word_1_343' title='bbox 2743 2294 2833 2348; x_wconf 83' lang='grc' dir='ltr'><strong>διά</strong></span> <span class='ocrx_word' id='word_1_344' title='bbox 2873 2293 3075 2347; x_wconf 84' lang='grc' dir='ltr'><strong>τούτων</strong></span> <span class='ocrx_word' id='word_1_345' title='bbox 3120 2295 3247 2347; x_wconf 72' lang='grc' dir='ltr'><strong>ἰδεῖν</strong></span> <span class='ocrx_word' id='word_1_346' title='bbox 3285 2293 3381 2346; x_wconf 75' lang='grc' dir='ltr'><strong>τὸν</strong></span> <span class='ocrx_word' id='word_1_347' title='bbox 3428 2288 3650 2362; x_wconf 69' lang='grc' dir='ltr'><strong>καθαρὸν</strong></span> 
     </span>
    </p>
   </div>
   <div class='ocr_carea' id='block_1_45' title="bbox 393 2382 1876 2467">
    <p class='ocr_par' dir='ltr' id='par_1_45' title="bbox 393 2395 1876 2467">
     <span class='ocr_line' id='line_1_45' title="bbox 393 2395 1876 2467; baseline -0.003 -14"><span class='ocrx_word' id='word_1_348' title='bbox 393 2412 656 2467; x_wconf 81' lang='lat' dir='ltr'><strong>sponsum</strong></span> <span class='ocrx_word' id='word_1_349' title='bbox 684 2411 935 2461; x_wconf 90' lang='lat' dir='ltr'><strong>cernere,</strong></span> <span class='ocrx_word' id='word_1_350' title='bbox 974 2396 1066 2466; x_wconf 91' lang='lat' dir='ltr'><strong>qui</strong></span> <span class='ocrx_word' id='word_1_351' title='bbox 1092 2397 1441 2452; x_wconf 87' lang='lat' dir='ltr'><strong>dilectionem</strong></span> <span class='ocrx_word' id='word_1_352' title='bbox 1481 2395 1786 2465; x_wconf 74' lang='lat' dir='ltr'><strong>eiaculatur</strong></span> <span class='ocrx_word' id='word_1_353' title='bbox 1813 2412 1827 2448; x_wconf 91' lang='lat'><strong>:</strong></span> <span class='ocrx_word' id='word_1_354' title='bbox 1857 2402 1876 2448; x_wconf 91' lang='lat' dir='ltr'><strong>t</strong></span> 
     </span>
    </p>
   </div>
   <div class='ocr_carea' id='block_1_46' title="bbox 2166 2382 3649 2467">
    <p class='ocr_par' dir='ltr' id='par_1_46' title="bbox 2166 2382 3649 2462">
     <span class='ocr_line' id='line_1_46' title="bbox 2166 2382 3649 2462; baseline -0.007 -16"><span class='ocrx_word' id='word_1_355' title='bbox 2166 2393 2326 2462; x_wconf 74' lang='grc' dir='ltr'><strong>ιφίον,</strong></span> <span class='ocrx_word' id='word_1_356' title='bbox 2366 2390 2457 2444; x_wconf 82' lang='grc' dir='ltr'><strong>τὸν</strong></span> <span class='ocrx_word' id='word_1_357' title='bbox 2496 2386 2596 2459; x_wconf 84' lang='grc' dir='ltr'><strong>τῆς</strong></span> <span class='ocrx_word' id='word_1_358' title='bbox 2622 2386 2843 2456; x_wconf 81' lang='grc' dir='ltr'><strong>ἀγάπης</strong></span> <span class='ocrx_word' id='word_1_359' title='bbox 2863 2387 3084 2456; x_wconf 76' lang='grc' dir='ltr'><strong>τοξότην</strong></span> <span class='ocrx_word' id='word_1_360' title='bbox 3109 2426 3125 2450; x_wconf 87' lang='grc'><strong><em>,</em></strong></span> <span class='ocrx_word' id='word_1_361' title='bbox 3159 2385 3254 2439; x_wconf 78' lang='grc' dir='ltr'><strong>καὶ</strong></span> <span class='ocrx_word' id='word_1_362' title='bbox 3302 2386 3491 2439; x_wconf 82' lang='grc' dir='ltr'><strong>εἰπεῖν</strong></span> <span class='ocrx_word' id='word_1_363' title='bbox 3532 2382 3649 2454; x_wconf 75' lang='grc' dir='ltr'><strong>πρὸς</strong></span> 
     </span>
    </p>
   </div>
   <div class='ocr_carea' id='block_1_47' title="bbox 392 2476 1875 2561">
    <p class='ocr_par' dir='ltr' id='par_1_47' title="bbox 392 2486 1875 2561">
     <span class='ocr_line' id='line_1_47' title="bbox 392 2486 1875 2561; baseline -0.005 -15"><span class='ocrx_word' id='word_1_364' title='bbox 392 2490 581 2546; x_wconf 80' lang='lat' dir='ltr'><strong>licebit</strong></span> <span class='ocrx_word' id='word_1_365' title='bbox 609 2490 805 2561; x_wconf 70' lang='lat' dir='ltr'><strong>animae</strong></span> <span class='ocrx_word' id='word_1_366' title='bbox 833 2490 1081 2560; x_wconf 88' lang='lat' dir='ltr'><strong>cujusvis</strong></span> <span class='ocrx_word' id='word_1_367' title='bbox 1118 2488 1187 2544; x_wconf 88' lang='lat' dir='ltr'><strong>ad</strong></span> <span class='ocrx_word' id='word_1_368' title='bbox 1236 2505 1359 2546; x_wconf 90' lang='lat' dir='ltr'><strong>eum</strong></span> <span class='ocrx_word' id='word_1_369' title='bbox 1393 2489 1576 2543; x_wconf 86' lang='lat' dir='ltr'><strong>dicere</strong></span> <span class='ocrx_word' id='word_1_370' title='bbox 1610 2508 1622 2542; x_wconf 96' lang='lat'>:</span> <span class='ocrx_word' id='word_1_371' title='bbox 1684 2486 1875 2541; x_wconf 84' lang='lat' dir='ltr'><strong>Vulner</strong></span> 
     </span>
    </p>
   </div>
   <div class='ocr_carea' id='block_1_48' title="bbox 2168 2476 3651 2561">
    <p class='ocr_par' dir='ltr' id='par_1_48' title="bbox 2168 2476 3651 2555">
     <span class='ocr_line' id='line_1_48' title="bbox 2168 2476 3651 2555; baseline -0.004 -18"><span class='ocrx_word' id='word_1_372' title='bbox 2168 2486 2234 2539; x_wconf 73' lang='grc' dir='ltr'><strong>τὸν</strong></span> <span class='ocrx_word' id='word_1_373' title='bbox 2264 2485 2363 2555; x_wconf 75' lang='grc' dir='ltr'><strong>τὴν</strong></span> <span class='ocrx_word' id='word_1_374' title='bbox 2401 2482 2631 2537; x_wconf 81' lang='grc' dir='ltr'><strong>ἑκάστου</strong></span> <span class='ocrx_word' id='word_1_375' title='bbox 2669 2480 2881 2551; x_wconf 83' lang='grc' dir='ltr'><strong>ψυχὴν,</strong></span> <span class='ocrx_word' id='word_1_376' title='bbox 2911 2480 2992 2533; x_wconf 79' lang='grc' dir='ltr'><strong>ὅτι</strong></span> <span class='ocrx_word' id='word_1_377' title='bbox 3040 2477 3380 2548; x_wconf 71' lang='grc' dir='ltr'><strong>Τετρωμένη</strong></span> <span class='ocrx_word' id='word_1_378' title='bbox 3430 2476 3651 2548; x_wconf 58' lang='grc' dir='ltr'><strong>ἀγάπης</strong></span> 
     </span>
    </p>
   </div>
   <div class='ocr_carea' id='block_1_49' title="bbox 392 2565 1875 2647">
    <p class='ocr_par' dir='ltr' id='par_1_49' title="bbox 392 2580 1875 2638">
     <span class='ocr_line' id='line_1_49' title="bbox 392 2580 1875 2638; baseline -0.004 0"><span class='ocrx_word' id='word_1_379' title='bbox 392 2598 514 2638; x_wconf 72' lang='lat' dir='ltr'><strong>sum</strong></span> <span class='ocrx_word' id='word_1_380' title='bbox 551 2597 588 2638; x_wconf 79' lang='grc' dir='ltr'><strong>α</strong></span> <span class='ocrx_word' id='word_1_381' title='bbox 622 2583 921 2638; x_wconf 80' lang='lat' dir='ltr'><strong>dilectione.</strong></span> <span class='ocrx_word' id='word_1_382' title='bbox 979 2582 1127 2637; x_wconf 85' lang='lat' dir='ltr'><strong>Bona</strong></span> <span class='ocrx_word' id='word_1_383' title='bbox 1161 2597 1292 2638; x_wconf 90' lang='lat' dir='ltr'><strong>vero</strong></span> <span class='ocrx_word' id='word_1_384' title='bbox 1345 2580 1656 2637; x_wconf 88' lang='lat' dir='ltr'><strong>dilectionis</strong></span> <span class='ocrx_word' id='word_1_385' title='bbox 1693 2595 1815 2635; x_wconf 76' lang='lat' dir='ltr'><strong>esse</strong></span> <span class='ocrx_word' id='word_1_386' title='bbox 1850 2595 1875 2632; x_wconf 86' lang='lat' dir='ltr'><strong>v</strong></span> 
     </span>
    </p>
   </div>
   <div class='ocr_carea' id='block_1_50' title="bbox 2167 2565 3650 2647">
    <p class='ocr_par' dir='ltr' id='par_1_50' title="bbox 2173 2565 3650 2643">
     <span class='ocr_line' id='line_1_50' title="bbox 2173 2565 3650 2643; baseline -0.009 -13"><span class='ocrx_word' id='word_1_387' title='bbox 2173 2577 2213 2630; x_wconf 85' lang='grc' dir='ltr'><strong>ι.</strong></span> <span class='ocrx_word' id='word_1_388' title='bbox 2263 2576 2421 2630; x_wconf 81' lang='grc' dir='ltr'><strong>Καλά</strong></span> <span class='ocrx_word' id='word_1_389' title='bbox 2452 2574 2511 2627; x_wconf 79' lang='grc' dir='ltr'><strong>δὲ</strong></span> <span class='ocrx_word' id='word_1_390' title='bbox 2561 2569 2698 2626; x_wconf 84' lang='grc' dir='ltr'><strong>εἶναι</strong></span> <span class='ocrx_word' id='word_1_391' title='bbox 2727 2573 2826 2643; x_wconf 87' lang='grc' dir='ltr'><strong>τῆς</strong></span> <span class='ocrx_word' id='word_1_392' title='bbox 2871 2571 3092 2640; x_wconf 82' lang='grc' dir='ltr'><strong>ἀγάπης</strong></span> <span class='ocrx_word' id='word_1_393' title='bbox 3126 2573 3198 2623; x_wconf 80' lang='grc' dir='ltr'><strong>τά</strong></span> <span class='ocrx_word' id='word_1_394' title='bbox 3240 2569 3540 2641; x_wconf 84' lang='grc' dir='ltr'><strong>τραύματα</strong></span> <span class='ocrx_word' id='word_1_395' title='bbox 3569 2565 3650 2619; x_wconf 77' lang='grc' dir='ltr'><strong>καὶ</strong></span> 
     </span>
    </p>
   </div>
   <div class='ocr_carea' id='block_1_51' title="bbox 393 2657 1876 2744">
    <p class='ocr_par' dir='ltr' id='par_1_51' title="bbox 393 2672 1825 2744">
     <span class='ocr_line' id='line_1_51' title="bbox 393 2672 1825 2744; baseline -0.001 -13"><span class='ocrx_word' id='word_1_396' title='bbox 393 2688 549 2744; x_wconf 87' lang='lat' dir='ltr'><strong>nera,</strong></span> <span class='ocrx_word' id='word_1_397' title='bbox 585 2675 750 2732; x_wconf 89' lang='lat' dir='ltr'><strong>etiam</strong></span> <span class='ocrx_word' id='word_1_398' title='bbox 783 2672 1202 2732; x_wconf 84' lang='lat' dir='ltr'><strong>Proverbiorum</strong></span> <span class='ocrx_word' id='word_1_399' title='bbox 1248 2689 1280 2729; x_wconf 93' lang='lat' dir='ltr'><strong>e</strong></span> <span class='ocrx_word' id='word_1_400' title='bbox 1324 2672 1464 2727; x_wconf 87' lang='lat' dir='ltr'><strong>libro</strong></span> <span class='ocrx_word' id='word_1_401' title='bbox 1499 2672 1825 2731; x_wconf 82' lang='lat' dir='ltr'><strong>didicimus.</strong></span> 
     </span>
    </p>
   </div>
   <div class='ocr_carea' id='block_1_52' title="bbox 2169 2657 3652 2744">
    <p class='ocr_par' dir='ltr' id='par_1_52' title="bbox 2169 2657 3652 2740">
     <span class='ocr_line' id='line_1_52' title="bbox 2169 2657 3652 2740; baseline -0.005 -19"><span class='ocrx_word' id='word_1_402' title='bbox 2169 2670 2230 2740; x_wconf 77' lang='grc' dir='ltr'><strong>ρὰ</strong></span> <span class='ocrx_word' id='word_1_403' title='bbox 2254 2671 2352 2739; x_wconf 81' lang='grc' dir='ltr'><strong>τῆς</strong></span> <span class='ocrx_word' id='word_1_404' title='bbox 2372 2666 2679 2738; x_wconf 84' lang='grc' dir='ltr'><strong>Παροιμίας</strong></span> <span class='ocrx_word' id='word_1_405' title='bbox 2706 2663 3005 2734; x_wconf 76' lang='grc' dir='ltr'><strong>ἐμάθομεν,</strong></span> <span class='ocrx_word' id='word_1_406' title='bbox 3036 2664 3069 2733; x_wconf 77' lang='grc' dir='ltr'>ἦ</span> <span class='ocrx_word' id='word_1_407' title='bbox 3094 2679 3287 2733; x_wconf 80' lang='grc' dir='ltr'><strong>φησιν’</strong></span> <span class='ocrx_word' id='word_1_408' title='bbox 3311 2660 3532 2732; x_wconf 80' lang='grc' dir='ltr'><strong>Αἱρετὰ</strong></span> <span class='ocrx_word' id='word_1_409' title='bbox 3551 2657 3652 2728; x_wconf 79' lang='grc' dir='ltr'><strong>μὲν</strong></span> 
     </span>
    </p>
   </div>
   <div class='ocr_carea' id='block_1_53' title="bbox 395 2748 1878 2836">
    <p class='ocr_par' dir='ltr' id='par_1_53' title="bbox 395 2762 1878 2836">
     <span class='ocr_line' id='line_1_53' title="bbox 395 2762 1878 2836; baseline -0.005 -15"><span class='ocrx_word' id='word_1_410' title='bbox 395 2768 473 2822; x_wconf 86' lang='lat' dir='ltr'><strong>ait</strong></span> <span class='ocrx_word' id='word_1_411' title='bbox 515 2784 531 2821; x_wconf 91' lang='lat'><strong>:</strong></span> <span class='ocrx_word' id='word_1_412' title='bbox 568 2765 841 2836; x_wconf 79' lang='lat' dir='ltr'><strong>Optabilia</strong></span> <span class='ocrx_word' id='word_1_413' title='bbox 893 2776 1016 2819; x_wconf 82' lang='lat' dir='ltr'><strong>sunt</strong></span> <span class='ocrx_word' id='word_1_414' title='bbox 1081 2764 1241 2818; x_wconf 86' lang='lat' dir='ltr'><strong>amici</strong></span> <span class='ocrx_word' id='word_1_415' title='bbox 1295 2763 1532 2830; x_wconf 79' lang='lat' dir='ltr'><strong>uulnera,</strong></span> <span class='ocrx_word' id='word_1_416' title='bbox 1575 2762 1742 2817; x_wconf 73' lang='lat' dir='ltr'><strong>hostis</strong></span> <span class='ocrx_word' id='word_1_417' title='bbox 1801 2778 1878 2815; x_wconf 40' lang='lat' dir='ltr'><strong>aui</strong></span> 
     </span>
    </p>
   </div>
   <div class='ocr_carea' id='block_1_54' title="bbox 2167 2748 3650 2836">
    <p class='ocr_par' dir='ltr' id='par_1_54' title="bbox 2167 2748 3650 2829">
     <span class='ocr_line' id='line_1_54' title="bbox 2167 2748 3650 2829; baseline -0.009 -14"><span class='ocrx_word' id='word_1_418' title='bbox 2167 2762 2185 2815; x_wconf 74' lang='grc'><strong><em>5</em></strong></span> <span class='ocrx_word' id='word_1_419' title='bbox 2218 2761 2399 2829; x_wconf 73' lang='grc' dir='ltr'><strong>φίλου</strong></span> <span class='ocrx_word' id='word_1_420' title='bbox 2432 2757 2507 2811; x_wconf 82' lang='grc' dir='ltr'><strong>τὰ</strong></span> <span class='ocrx_word' id='word_1_421' title='bbox 2542 2758 2866 2825; x_wconf 51' lang='grc' dir='ltr'><strong>τραύματα,</strong></span> <span class='ocrx_word' id='word_1_422' title='bbox 2893 2755 3050 2809; x_wconf 79' lang='grc' dir='ltr'><strong>κακὰ</strong></span> <span class='ocrx_word' id='word_1_423' title='bbox 3078 2754 3147 2807; x_wconf 76' lang='grc' dir='ltr'><strong>δὲ</strong></span> <span class='ocrx_word' id='word_1_424' title='bbox 3181 2753 3290 2822; x_wconf 81' lang='grc' dir='ltr'><strong>τῆς</strong></span> <span class='ocrx_word' id='word_1_425' title='bbox 3312 2754 3540 2823; x_wconf 72' lang='grc' dir='ltr'><strong>ἔχθρας</strong></span> <span class='ocrx_word' id='word_1_426' title='bbox 3564 2748 3650 2803; x_wconf 70' lang='grc' dir='ltr'><strong>καὶ</strong></span> 
     </span>
    </p>
   </div>
   <div class='ocr_carea' id='block_1_55' title="bbox 394 2842 1877 2924">
    <p class='ocr_par' dir='ltr' id='par_1_55' title="bbox 394 2854 1877 2924">
     <span class='ocr_line' id='line_1_55' title="bbox 394 2854 1877 2924; baseline -0.006 -9"><span class='ocrx_word' id='word_1_427' title='bbox 394 2862 557 2916; x_wconf 83' lang='lat' dir='ltr'><strong>etiam</strong></span> <span class='ocrx_word' id='word_1_428' title='bbox 594 2859 780 2915; x_wconf 78' lang='lat' dir='ltr'><strong>oscula</strong></span> <span class='ocrx_word' id='word_1_429' title='bbox 808 2858 955 2913; x_wconf 85' lang='lat' dir='ltr'><strong>mala</strong></span> <span class='ocrx_word' id='word_1_430' title='bbox 994 2868 1116 2913; x_wconf 81' lang='lat' dir='ltr'><strong>sunt</strong></span> <span class='ocrx_word' id='word_1_431' title='bbox 1146 2858 1214 2912; x_wconf 80' lang='grc'><strong>⁸⁸.</strong></span> <span class='ocrx_word' id='word_1_432' title='bbox 1261 2855 1527 2924; x_wconf 81' lang='lat' dir='ltr'><strong>Quisnam</strong></span> <span class='ocrx_word' id='word_1_433' title='bbox 1576 2871 1706 2911; x_wconf 91' lang='lat' dir='ltr'><strong>vero</strong></span> <span class='ocrx_word' id='word_1_434' title='bbox 1733 2854 1805 2910; x_wconf 87' lang='lat' dir='ltr'><strong>sit</strong></span> <span class='ocrx_word' id='word_1_435' title='bbox 1848 2869 1877 2907; x_wconf 91' lang='lat' dir='ltr'><strong>a</strong></span> 
     </span>
    </p>
   </div>
   <div class='ocr_carea' id='block_1_56' title="bbox 2169 2842 3652 2924">
    <p class='ocr_par' dir='ltr' id='par_1_56' title="bbox 2177 2842 3652 2922">
     <span class='ocr_line' id='line_1_56' title="bbox 2177 2842 3652 2922; baseline -0.006 -16"><span class='ocrx_word' id='word_1_436' title='bbox 2177 2851 2502 2922; x_wconf 68' lang='grc' dir='ltr'><strong>φιλήματα.</strong></span> <span class='ocrx_word' id='word_1_437' title='bbox 2541 2851 2637 2913; x_wconf 71' lang='grc' dir='ltr'><strong>Τίς</strong></span> <span class='ocrx_word' id='word_1_438' title='bbox 2686 2849 2744 2902; x_wconf 84' lang='grc' dir='ltr'><strong>δὲ</strong></span> <span class='ocrx_word' id='word_1_439' title='bbox 2800 2848 2995 2919; x_wconf 82' lang='grc' dir='ltr'><strong>φίλος;</strong></span> <span class='ocrx_word' id='word_1_440' title='bbox 3027 2842 3088 2903; x_wconf 73' lang='grc' dir='ltr'><strong>οὗ</strong></span> <span class='ocrx_word' id='word_1_441' title='bbox 3122 2849 3191 2902; x_wconf 82' lang='grc' dir='ltr'><strong>τὰ</strong></span> <span class='ocrx_word' id='word_1_442' title='bbox 3220 2848 3517 2919; x_wconf 84' lang='grc' dir='ltr'><strong>τραύματα</strong></span> <span class='ocrx_word' id='word_1_443' title='bbox 3560 2844 3652 2899; x_wconf 83' lang='grc' dir='ltr'><strong>τῶν</strong></span> 
     </span>
    </p>
   </div>
   <div class='ocr_carea' id='block_1_57' title="bbox 396 2935 1879 3021">
    <p class='ocr_par' dir='ltr' id='par_1_57' title="bbox 396 2947 1838 3021">
     <span class='ocr_line' id='line_1_57' title="bbox 396 2947 1838 3021; baseline -0.003 -15"><span class='ocrx_word' id='word_1_444' title='bbox 396 2967 499 3007; x_wconf 87' lang='lat' dir='ltr'><strong>cus</strong></span> <span class='ocrx_word' id='word_1_445' title='bbox 540 2952 653 3018; x_wconf 87' lang='lat' dir='ltr'><strong>ille,</strong></span> <span class='ocrx_word' id='word_1_446' title='bbox 685 2952 846 3021; x_wconf 87' lang='lat' dir='ltr'><strong>cujus</strong></span> <span class='ocrx_word' id='word_1_447' title='bbox 894 2950 1120 3005; x_wconf 84' lang='lat' dir='ltr'><strong>vulnera</strong></span> <span class='ocrx_word' id='word_1_448' title='bbox 1157 2951 1268 3005; x_wconf 89' lang='lat' dir='ltr'><strong>sint</strong></span> <span class='ocrx_word' id='word_1_449' title='bbox 1296 2949 1501 3005; x_wconf 89' lang='lat' dir='ltr'><strong>osculis</strong></span> <span class='ocrx_word' id='word_1_450' title='bbox 1548 2947 1838 3003; x_wconf 86' lang='lat' dir='ltr'><strong>hostilibus</strong></span> 
     </span>
    </p>
   </div>
   <div class='ocr_carea' id='block_1_58' title="bbox 2167 2935 3650 3021">
    <p class='ocr_par' dir='ltr' id='par_1_58' title="bbox 2167 2935 3650 3018">
     <span class='ocr_line' id='line_1_58' title="bbox 2167 2935 3650 3018; baseline -0.006 -21"><span class='ocrx_word' id='word_1_451' title='bbox 2167 2944 2398 3018; x_wconf 85' lang='grc' dir='ltr'><strong>,ημάτων</strong></span> <span class='ocrx_word' id='word_1_452' title='bbox 2434 2942 2529 2996; x_wconf 78' lang='grc' dir='ltr'><strong>τοῦ</strong></span> <span class='ocrx_word' id='word_1_453' title='bbox 2582 2940 2779 3011; x_wconf 75' lang='grc' dir='ltr'><strong>ἐχθροῦ</strong></span> <span class='ocrx_word' id='word_1_454' title='bbox 2831 2941 3230 3012; x_wconf 83' lang='grc' dir='ltr'><strong>προτιμότερα;</strong></span> <span class='ocrx_word' id='word_1_455' title='bbox 3279 2940 3464 2993; x_wconf 75' lang='grc' dir='ltr'><strong>Παντὶ</strong></span> <span class='ocrx_word' id='word_1_456' title='bbox 3511 2935 3650 3005; x_wconf 73' lang='grc' dir='ltr'><strong>δῆλον</strong></span> 
     </span>
    </p>
   </div>
   <div class='ocr_carea' id='block_1_59' title="bbox 398 3032 1881 3113">
    <p class='ocr_par' dir='ltr' id='par_1_59' title="bbox 398 3039 1881 3113">
     <span class='ocr_line' id='line_1_59' title="bbox 398 3039 1881 3113; baseline -0.001 -19"><span class='ocrx_word' id='word_1_457' title='bbox 398 3044 564 3109; x_wconf 86' lang='lat' dir='ltr'><strong>tiora,</strong></span> <span class='ocrx_word' id='word_1_458' title='bbox 593 3042 943 3113; x_wconf 88' lang='lat' dir='ltr'><strong>perspicuum</strong></span> <span class='ocrx_word' id='word_1_459' title='bbox 993 3041 1164 3097; x_wconf 86' lang='lat' dir='ltr'><strong>cuivis</strong></span> <span class='ocrx_word' id='word_1_460' title='bbox 1198 3047 1283 3095; x_wconf 90' lang='lat' dir='ltr'><strong>est</strong></span> <span class='ocrx_word' id='word_1_461' title='bbox 1323 3039 1521 3095; x_wconf 89' lang='lat' dir='ltr'><strong>salutis</strong></span> <span class='ocrx_word' id='word_1_462' title='bbox 1569 3039 1829 3110; x_wconf 87' lang='lat' dir='ltr'><strong>mysteria</strong></span> <span class='ocrx_word' id='word_1_463' title='bbox 1869 3054 1881 3092; x_wconf 84' lang='grc' dir='ltr'><strong>ι</strong></span> 
     </span>
    </p>
   </div>
   <div class='ocr_carea' id='block_1_60' title="bbox 2166 3032 3649 3113">
    <p class='ocr_par' dir='ltr' id='par_1_60' title="bbox 2166 3032 3649 3106">
     <span class='ocr_line' id='line_1_60' title="bbox 2166 3032 3649 3106; baseline -0.005 -18"><span class='ocrx_word' id='word_1_464' title='bbox 2166 3056 2197 3090; x_wconf 78' lang='grc' dir='ltr'><strong>τι</strong></span> <span class='ocrx_word' id='word_1_465' title='bbox 2219 3076 2236 3104; x_wconf 86' lang='grc'><em>,</em></span> <span class='ocrx_word' id='word_1_466' title='bbox 2263 3035 2343 3106; x_wconf 81' lang='grc' dir='ltr'><strong>τῷ</strong></span> <span class='ocrx_word' id='word_1_467' title='bbox 2389 3034 2466 3106; x_wconf 79' lang='grc' dir='ltr'><strong>μὴ</strong></span> <span class='ocrx_word' id='word_1_468' title='bbox 2503 3033 2788 3103; x_wconf 76' lang='grc' dir='ltr'><strong>ἀγνοοῦντι</strong></span> <span class='ocrx_word' id='word_1_469' title='bbox 2820 3032 2889 3086; x_wconf 86' lang='grc' dir='ltr'><strong>τά</strong></span> <span class='ocrx_word' id='word_1_470' title='bbox 2928 3032 3031 3102; x_wconf 88' lang='grc' dir='ltr'><strong>τῆς</strong></span> <span class='ocrx_word' id='word_1_471' title='bbox 3062 3032 3338 3103; x_wconf 75' lang='grc' dir='ltr'><strong>σωτηρίας</strong></span> <span class='ocrx_word' id='word_1_472' title='bbox 3370 3032 3649 3101; x_wconf 81' lang='grc' dir='ltr'><strong>μυστήρια.</strong></span> 
     </span>
    </p>
   </div>
   <div class='ocr_carea' id='block_1_61' title="bbox 399 3120 1882 3204">
    <p class='ocr_par' dir='ltr' id='par_1_61' title="bbox 399 3129 1857 3204">
     <span class='ocr_line' id='line_1_61' title="bbox 399 3129 1857 3204; baseline -0.003 -18"><span class='ocrx_word' id='word_1_473' title='bbox 399 3132 700 3204; x_wconf 75' lang='lat' dir='ltr'><strong>ignoranti.</strong></span> <span class='ocrx_word' id='word_1_474' title='bbox 733 3130 945 3186; x_wconf 88' lang='lat' dir='ltr'><strong>Etenim</strong></span> <span class='ocrx_word' id='word_1_475' title='bbox 971 3144 1136 3185; x_wconf 88' lang='lat' dir='ltr'><strong>verus</strong></span> <span class='ocrx_word' id='word_1_476' title='bbox 1182 3144 1247 3183; x_wconf 89' lang='lat' dir='ltr'><strong>ac</strong></span> <span class='ocrx_word' id='word_1_477' title='bbox 1284 3136 1472 3183; x_wconf 89' lang='lat' dir='ltr'><strong>certus</strong></span> <span class='ocrx_word' id='word_1_478' title='bbox 1503 3129 1715 3182; x_wconf 89' lang='lat' dir='ltr'><strong>amicus</strong></span> <span class='ocrx_word' id='word_1_479' title='bbox 1770 3134 1857 3183; x_wconf 90' lang='lat' dir='ltr'><strong>est</strong></span> 
     </span>
    </p>
   </div>
   <div class='ocr_carea' id='block_1_62' title="bbox 2169 3120 3652 3204">
    <p class='ocr_par' dir='ltr' id='par_1_62' title="bbox 2169 3120 3652 3199">
     <span class='ocr_line' id='line_1_62' title="bbox 2169 3120 3652 3199; baseline -0.005 -18"><span class='ocrx_word' id='word_1_480' title='bbox 2169 3145 2237 3192; x_wconf 74' lang='grc' dir='ltr'><strong>,ος</strong></span> <span class='ocrx_word' id='word_1_481' title='bbox 2278 3128 2378 3199; x_wconf 78' lang='grc' dir='ltr'><strong>μὲν</strong></span> <span class='ocrx_word' id='word_1_482' title='bbox 2408 3128 2518 3197; x_wconf 88' lang='grc' dir='ltr'><strong>γάρ</strong></span> <span class='ocrx_word' id='word_1_483' title='bbox 2550 3128 2700 3179; x_wconf 85' lang='grc' dir='ltr'><strong>ἐστιν</strong></span> <span class='ocrx_word' id='word_1_484' title='bbox 2720 3124 2974 3196; x_wconf 85' lang='grc' dir='ltr'><strong>ἀληθινός</strong></span> <span class='ocrx_word' id='word_1_485' title='bbox 3005 3142 3065 3178; x_wconf 88' lang='grc' dir='ltr'><strong>τε</strong></span> <span class='ocrx_word' id='word_1_486' title='bbox 3096 3125 3191 3178; x_wconf 53' lang='grc' dir='ltr'><strong>καὶ⁸</strong></span> <span class='ocrx_word' id='word_1_487' title='bbox 3235 3124 3490 3194; x_wconf 76' lang='grc' dir='ltr'><strong>βέϐαιος,</strong></span> <span class='ocrx_word' id='word_1_488' title='bbox 3517 3125 3545 3176; x_wconf 84' lang='grc' dir='ltr'><strong>ὁ</strong></span> <span class='ocrx_word' id='word_1_489' title='bbox 3575 3120 3652 3174; x_wconf 77' lang='grc' dir='ltr'><strong>καὶ</strong></span> 
     </span>
    </p>
   </div>
   <div class='ocr_carea' id='block_1_63' title="bbox 392 3213 1875 3292">
    <p class='ocr_par' dir='ltr' id='par_1_63' title="bbox 392 3215 1875 3288">
     <span class='ocr_line' id='line_1_63' title="bbox 392 3215 1875 3288; baseline -0.001 -17"><span class='ocrx_word' id='word_1_490' title='bbox 392 3221 493 3287; x_wconf 74' lang='lat' dir='ltr'><strong>qui</strong></span> <span class='ocrx_word' id='word_1_491' title='bbox 526 3234 629 3275; x_wconf 91' lang='lat' dir='ltr'><strong>nos</strong></span> <span class='ocrx_word' id='word_1_492' title='bbox 666 3220 831 3274; x_wconf 88' lang='lat' dir='ltr'><strong>etiam</strong></span> <span class='ocrx_word' id='word_1_493' title='bbox 867 3219 1052 3275; x_wconf 80' lang='lat' dir='ltr'><strong>hostes</strong></span> <span class='ocrx_word' id='word_1_494' title='bbox 1081 3217 1326 3274; x_wconf 88' lang='lat' dir='ltr'><strong>redditos</strong></span> <span class='ocrx_word' id='word_1_495' title='bbox 1354 3218 1578 3288; x_wconf 80' lang='lat' dir='ltr'><strong>diligere</strong></span> <span class='ocrx_word' id='word_1_496' title='bbox 1606 3230 1718 3287; x_wconf 72' lang='lat' dir='ltr'><strong>non</strong></span> <span class='ocrx_word' id='word_1_497' title='bbox 1765 3215 1875 3271; x_wconf 89' lang='lat' dir='ltr'><strong>desi</strong></span> 
     </span>
    </p>
   </div>
   <div class='ocr_carea' id='block_1_64' title="bbox 2171 3213 3654 3292">
    <p class='ocr_par' dir='ltr' id='par_1_64' title="bbox 2171 3213 3654 3289">
     <span class='ocr_line' id='line_1_64' title="bbox 2171 3213 3654 3289; baseline -0.002 -20"><span class='ocrx_word' id='word_1_498' title='bbox 2171 3220 2313 3289; x_wconf 69' lang='lat' dir='ltr'><strong>lpob;</strong></span> <span class='ocrx_word' id='word_1_499' title='bbox 2343 3217 2669 3287; x_wconf 79' lang='grc' dir='ltr'><strong>γενομένους</strong></span> <span class='ocrx_word' id='word_1_500' title='bbox 2712 3218 2861 3289; x_wconf 71' lang='grc' dir='ltr'><strong>ἡμᾶς</strong></span> <span class='ocrx_word' id='word_1_501' title='bbox 2887 3215 2982 3269; x_wconf 77' lang='grc' dir='ltr'><strong>τοῦ</strong></span> <span class='ocrx_word' id='word_1_502' title='bbox 3009 3217 3229 3287; x_wconf 84' lang='grc' dir='ltr'><strong>ἀγαπᾷν</strong></span> <span class='ocrx_word' id='word_1_503' title='bbox 3261 3215 3336 3286; x_wconf 84' lang='grc' dir='ltr'><strong>μὴ</strong></span> <span class='ocrx_word' id='word_1_504' title='bbox 3383 3213 3654 3283; x_wconf 81' lang='grc' dir='ltr'><strong>παυσάμε-</strong></span> 
     </span>
    </p>
   </div>
   <div class='ocr_carea' id='block_1_65' title="bbox 402 3298 1885 3382">
    <p class='ocr_par' dir='ltr' id='par_1_65' title="bbox 402 3304 1885 3377">
     <span class='ocr_line' id='line_1_65' title="bbox 402 3304 1885 3377; baseline -0.004 -13"><span class='ocrx_word' id='word_1_505' title='bbox 402 3309 581 3365; x_wconf 81' lang='lat' dir='ltr'><strong>hostis</strong></span> <span class='ocrx_word' id='word_1_506' title='bbox 608 3316 789 3364; x_wconf 88' lang='lat' dir='ltr'><strong>autem</strong></span> <span class='ocrx_word' id='word_1_507' title='bbox 812 3308 1092 3371; x_wconf 89' lang='lat' dir='ltr'><strong>immanis,</strong></span> <span class='ocrx_word' id='word_1_508' title='bbox 1117 3318 1173 3363; x_wconf 91' lang='lat' dir='ltr'><strong>et</strong></span> <span class='ocrx_word' id='word_1_509' title='bbox 1198 3322 1324 3363; x_wconf 88' lang='lat' dir='ltr'><strong>cum</strong></span> <span class='ocrx_word' id='word_1_510' title='bbox 1355 3321 1464 3377; x_wconf 89' lang='lat' dir='ltr'><strong>quo</strong></span> <span class='ocrx_word' id='word_1_511' title='bbox 1501 3305 1650 3361; x_wconf 88' lang='lat' dir='ltr'><strong>nulla</strong></span> <span class='ocrx_word' id='word_1_512' title='bbox 1677 3304 1817 3362; x_wconf 91' lang='lat' dir='ltr'><strong>coiri</strong></span> <span class='ocrx_word' id='word_1_513' title='bbox 1847 3320 1885 3359; x_wconf 68' lang='lat' dir='ltr'><strong>at</strong></span> 
     </span>
    </p>
   </div>
   <div class='ocr_carea' id='block_1_66' title="bbox 2168 3298 3651 3382">
    <p class='ocr_par' dir='ltr' id='par_1_66' title="bbox 2168 3303 3651 3382">
     <span class='ocr_line' id='line_1_66' title="bbox 2168 3303 3651 3382; baseline -0.01 -13"><span class='ocrx_word' id='word_1_514' title='bbox 2168 3327 2206 3372; x_wconf 87' lang='lat'>.&quot;</span> <span class='ocrx_word' id='word_1_515' title='bbox 2240 3310 2434 3382; x_wconf 80' lang='grc' dir='ltr'><strong>ἐχθρὸς</strong></span> <span class='ocrx_word' id='word_1_516' title='bbox 2461 3309 2519 3363; x_wconf 86' lang='grc' dir='ltr'><strong>δὲ</strong></span> <span class='ocrx_word' id='word_1_517' title='bbox 2566 3309 2794 3372; x_wconf 77' lang='grc' dir='ltr'><strong>ἄπιστός</strong></span> <span class='ocrx_word' id='word_1_518' title='bbox 2842 3325 2902 3361; x_wconf 90' lang='grc' dir='ltr'><strong>τε</strong></span> <span class='ocrx_word' id='word_1_519' title='bbox 2951 3309 3047 3360; x_wconf 80' lang='grc' dir='ltr'><strong>καὶ</strong></span> <span class='ocrx_word' id='word_1_520' title='bbox 3096 3308 3410 3378; x_wconf 83' lang='grc' dir='ltr'><strong>ἀνήμερος,</strong></span> <span class='ocrx_word' id='word_1_521' title='bbox 3444 3309 3474 3361; x_wconf 83' lang='grc' dir='ltr'><strong>ὁ</strong></span> <span class='ocrx_word' id='word_1_522' title='bbox 3509 3303 3651 3377; x_wconf 79' lang='grc' dir='ltr'><strong>μηδὲν</strong></span> 
     </span>
    </p>
   </div>
   <div class='ocr_carea' id='block_1_67' title="bbox 322 3395 1805 3473">
    <p class='ocr_par' dir='ltr' id='par_1_67' title="bbox 322 3395 1777 3466">
     <span class='ocr_line' id='line_1_67' title="bbox 322 3395 1777 3466; baseline -0.003 -13"><span class='ocrx_word' id='word_1_523' title='bbox 322 3450 327 3453; x_wconf 35' lang='grc' dir='ltr'><strong>λ</strong></span> <span class='ocrx_word' id='word_1_524' title='bbox 402 3396 537 3451; x_wconf 87' lang='lat' dir='ltr'><strong>citia</strong></span> <span class='ocrx_word' id='word_1_525' title='bbox 578 3402 777 3466; x_wconf 87' lang='lat' dir='ltr'><strong>potest,</strong></span> <span class='ocrx_word' id='word_1_526' title='bbox 825 3395 986 3451; x_wconf 90' lang='lat' dir='ltr'><strong>nobis</strong></span> <span class='ocrx_word' id='word_1_527' title='bbox 1018 3395 1111 3451; x_wconf 92' lang='lat' dir='ltr'><strong>ille</strong></span> <span class='ocrx_word' id='word_1_528' title='bbox 1153 3402 1261 3461; x_wconf 88' lang='lat' dir='ltr'><strong>est,</strong></span> <span class='ocrx_word' id='word_1_529' title='bbox 1306 3396 1401 3466; x_wconf 90' lang='lat' dir='ltr'><strong>qui</strong></span> <span class='ocrx_word' id='word_1_530' title='bbox 1432 3397 1595 3451; x_wconf 85' lang='lat' dir='ltr'><strong>nulla</strong></span> <span class='ocrx_word' id='word_1_531' title='bbox 1638 3412 1697 3451; x_wconf 86' lang='lat' dir='ltr'><strong>re</strong></span> <span class='ocrx_word' id='word_1_532' title='bbox 1745 3410 1777 3449; x_wconf 88' lang='lat' dir='ltr'><strong>a</strong></span> 
     </span>
    </p>
   </div>
   <div class='ocr_carea' id='block_1_68' title="bbox 2169 3395 3652 3473">
    <p class='ocr_par' dir='ltr' id='par_1_68' title="bbox 2169 3398 3652 3472">
     <span class='ocr_line' id='line_1_68' title="bbox 2169 3398 3652 3472; baseline 0 -23"><span class='ocrx_word' id='word_1_533' title='bbox 2169 3401 2415 3472; x_wconf 84' lang='grc' dir='ltr'><strong>κηκότας</strong></span> <span class='ocrx_word' id='word_1_534' title='bbox 2442 3399 2744 3469; x_wconf 79' lang='grc' dir='ltr'><strong>ὑπαγαγὼν</strong></span> <span class='ocrx_word' id='word_1_535' title='bbox 2765 3398 2844 3469; x_wconf 83' lang='grc' dir='ltr'><strong>τῷ</strong></span> <span class='ocrx_word' id='word_1_536' title='bbox 2864 3398 3099 3470; x_wconf 82' lang='grc' dir='ltr'><strong>θανάτῳ.</strong></span> <span class='ocrx_word' id='word_1_537' title='bbox 3129 3399 3361 3470; x_wconf 81' lang='grc' dir='ltr'><strong>Τραῦμα</strong></span> <span class='ocrx_word' id='word_1_538' title='bbox 3383 3403 3503 3463; x_wconf 81' lang='grc' dir='ltr'><strong>τοῖς</strong></span> <span class='ocrx_word' id='word_1_539' title='bbox 3526 3413 3652 3469; x_wconf 82' lang='grc' dir='ltr'><strong>πρω-</strong></span> 
     </span>
    </p>
   </div>
   <div class='ocr_carea' id='block_1_69' title="bbox 403 3483 1886 3565">
    <p class='ocr_par' dir='ltr' id='par_1_69' title="bbox 403 3485 1869 3558">
     <span class='ocr_line' id='line_1_69' title="bbox 403 3485 1869 3558; baseline -0.004 -11"><span class='ocrx_word' id='word_1_540' title='bbox 403 3492 571 3547; x_wconf 66' lang='lat' dir='ltr'><strong>lasus</strong></span> <span class='ocrx_word' id='word_1_541' title='bbox 597 3488 762 3545; x_wconf 87' lang='lat' dir='ltr'><strong>morti</strong></span> <span class='ocrx_word' id='word_1_542' title='bbox 797 3503 898 3544; x_wconf 88' lang='lat' dir='ltr'><strong>nos</strong></span> <span class='ocrx_word' id='word_1_543' title='bbox 928 3487 1183 3558; x_wconf 89' lang='lat' dir='ltr'><strong>subjecit.</strong></span> <span class='ocrx_word' id='word_1_544' title='bbox 1217 3485 1431 3543; x_wconf 75' lang='lat' dir='ltr'><strong>Vulnus</strong></span> <span class='ocrx_word' id='word_1_545' title='bbox 1460 3503 1585 3544; x_wconf 88' lang='lat' dir='ltr'><strong>esse</strong></span> <span class='ocrx_word' id='word_1_546' title='bbox 1606 3487 1869 3558; x_wconf 87' lang='lat' dir='ltr'><strong>putabant</strong></span> 
     </span>
    </p>
   </div>
   <div class='ocr_carea' id='block_1_70' title="bbox 2166 3483 3649 3565">
    <p class='ocr_par' dir='ltr' id='par_1_70' title="bbox 2166 3483 3649 3565">
     <span class='ocr_line' id='line_1_70' title="bbox 2166 3483 3649 3565; baseline -0.007 -18"><span class='ocrx_word' id='word_1_547' title='bbox 2166 3494 2409 3556; x_wconf 78' lang='grc' dir='ltr'><strong>τλάστοις</strong></span> <span class='ocrx_word' id='word_1_548' title='bbox 2452 3491 2627 3546; x_wconf 78' lang='grc' dir='ltr'><strong>ἐδόκει</strong></span> <span class='ocrx_word' id='word_1_549' title='bbox 2670 3494 2704 3565; x_wconf 83' lang='grc' dir='ltr'>ὴ</span> <span class='ocrx_word' id='word_1_550' title='bbox 2736 3491 2825 3546; x_wconf 87' lang='grc' dir='ltr'><strong>διά</strong></span> <span class='ocrx_word' id='word_1_551' title='bbox 2861 3491 2962 3562; x_wconf 87' lang='grc' dir='ltr'><strong>τῆς</strong></span> <span class='ocrx_word' id='word_1_552' title='bbox 3017 3491 3236 3562; x_wconf 78' lang='grc' dir='ltr'><strong>ἐντολῆς</strong></span> <span class='ocrx_word' id='word_1_553' title='bbox 3264 3494 3533 3561; x_wconf 79' lang='grc' dir='ltr'><strong>γενομένη</strong></span> <span class='ocrx_word' id='word_1_554' title='bbox 3572 3483 3649 3538; x_wconf 78' lang='grc' dir='ltr'><strong>τοῦ</strong></span> 
     </span>
    </p>
   </div>
   <div class='ocr_carea' id='block_1_71' title="bbox 403 3573 1886 3657">
    <p class='ocr_par' dir='ltr' id='par_1_71' title="bbox 403 3580 1886 3657">
     <span class='ocr_line' id='line_1_71' title="bbox 403 3580 1886 3657; baseline -0.004 -18"><span class='ocrx_word' id='word_1_555' title='bbox 403 3585 646 3657; x_wconf 78' lang='lat' dir='ltr'><strong>primum</strong></span> <span class='ocrx_word' id='word_1_556' title='bbox 698 3582 906 3638; x_wconf 91' lang='lat' dir='ltr'><strong>conditi</strong></span> <span class='ocrx_word' id='word_1_557' title='bbox 959 3582 1209 3639; x_wconf 87' lang='lat' dir='ltr'><strong>homines</strong></span> <span class='ocrx_word' id='word_1_558' title='bbox 1252 3582 1605 3636; x_wconf 89' lang='lat' dir='ltr'><strong>interdictum</strong></span> <span class='ocrx_word' id='word_1_559' title='bbox 1647 3581 1718 3635; x_wconf 86' lang='lat' dir='ltr'><strong>de</strong></span> <span class='ocrx_word' id='word_1_560' title='bbox 1761 3580 1886 3635; x_wconf 70' lang='lat' dir='ltr'><strong>vita]</strong></span> 
     </span>
    </p>
   </div>
   <div class='ocr_carea' id='block_1_72' title="bbox 2167 3573 3650 3657">
    <p class='ocr_par' dir='ltr' id='par_1_72' title="bbox 2167 3573 3650 3655">
     <span class='ocr_line' id='line_1_72' title="bbox 2167 3573 3650 3655; baseline -0.007 -17"><span class='ocrx_word' id='word_1_561' title='bbox 2167 3583 2260 3638; x_wconf 79' lang='grc' dir='ltr'>κοῦ</span> <span class='ocrx_word' id='word_1_562' title='bbox 2292 3582 2685 3651; x_wconf 85' lang='grc' dir='ltr'><strong>ἀπαγόρευσις.</strong></span> <span class='ocrx_word' id='word_1_563' title='bbox 2733 3581 2969 3655; x_wconf 85' lang='grc' dir='ltr'><strong>Τραῦμα</strong></span> <span class='ocrx_word' id='word_1_564' title='bbox 3017 3581 3127 3653; x_wconf 82' lang='grc' dir='ltr'><strong>γὰρ</strong></span> <span class='ocrx_word' id='word_1_565' title='bbox 3180 3581 3446 3653; x_wconf 83' lang='grc' dir='ltr'><strong>ἐνομίσθη</strong></span> <span class='ocrx_word' id='word_1_566' title='bbox 3495 3583 3528 3651; x_wconf 76' lang='grc' dir='ltr'>ἡ</span> <span class='ocrx_word' id='word_1_567' title='bbox 3576 3573 3650 3630; x_wconf 78' lang='grc' dir='ltr'><strong>τοῦ</strong></span> 
     </span>
    </p>
   </div>
   <div class='ocr_carea' id='block_1_73' title="bbox 406 3662 1889 3748">
    <p class='ocr_par' dir='ltr' id='par_1_73' title="bbox 406 3671 1889 3748">
     <span class='ocr_line' id='line_1_73' title="bbox 406 3671 1889 3748; baseline -0.005 -15"><span class='ocrx_word' id='word_1_568' title='bbox 406 3679 574 3742; x_wconf 85' lang='lat' dir='ltr'><strong>malo,</strong></span> <span class='ocrx_word' id='word_1_569' title='bbox 593 3677 738 3748; x_wconf 87' lang='lat' dir='ltr'><strong>quod</strong></span> <span class='ocrx_word' id='word_1_570' title='bbox 773 3675 868 3732; x_wconf 87' lang='lat' dir='ltr'><strong>Dei</strong></span> <span class='ocrx_word' id='word_1_571' title='bbox 901 3674 1160 3731; x_wconf 88' lang='lat' dir='ltr'><strong>mandato</strong></span> <span class='ocrx_word' id='word_1_572' title='bbox 1190 3674 1593 3730; x_wconf 84' lang='lat' dir='ltr'><strong>continebatur.</strong></span> <span class='ocrx_word' id='word_1_573' title='bbox 1622 3671 1839 3727; x_wconf 85' lang='lat' dir='ltr'><strong>Etenim</strong></span> <span class='ocrx_word' id='word_1_574' title='bbox 1870 3687 1889 3725; x_wconf 69' lang='grc' dir='ltr'><strong>ι</strong></span> 
     </span>
    </p>
   </div>
   <div class='ocr_carea' id='block_1_74' title="bbox 2170 3662 3653 3748">
    <p class='ocr_par' dir='ltr' id='par_1_74' title="bbox 2170 3662 3653 3746">
     <span class='ocr_line' id='line_1_74' title="bbox 2170 3662 3653 3746; baseline -0.007 -17"><span class='ocrx_word' id='word_1_575' title='bbox 2170 3677 2243 3740; x_wconf 76' lang='grc' dir='ltr'><strong>Ξος</strong></span> <span class='ocrx_word' id='word_1_576' title='bbox 2280 3673 2640 3746; x_wconf 76' lang='grc' dir='ltr'><strong>ἀλλοτρίωσις</strong></span> <span class='ocrx_word' id='word_1_577' title='bbox 2665 3688 2682 3705; x_wconf 90' lang='grc'><strong>·</strong></span> <span class='ocrx_word' id='word_1_578' title='bbox 2710 3672 2924 3744; x_wconf 85' lang='grc' dir='ltr'><strong>φίλημα</strong></span> <span class='ocrx_word' id='word_1_579' title='bbox 2974 3673 3033 3726; x_wconf 85' lang='grc' dir='ltr'><strong>δὲ</strong></span> <span class='ocrx_word' id='word_1_580' title='bbox 3082 3675 3115 3744; x_wconf 84' lang='grc' dir='ltr'><strong>ἡ</strong></span> <span class='ocrx_word' id='word_1_581' title='bbox 3154 3675 3293 3744; x_wconf 80' lang='grc' dir='ltr'><strong>πρὸς</strong></span> <span class='ocrx_word' id='word_1_582' title='bbox 3335 3673 3397 3726; x_wconf 74' lang='grc' dir='ltr'><strong>τὸ</strong></span> <span class='ocrx_word' id='word_1_583' title='bbox 3442 3671 3541 3743; x_wconf 79' lang='grc' dir='ltr'><strong>ἡδὺ</strong></span> <span class='ocrx_word' id='word_1_584' title='bbox 3578 3662 3653 3722; x_wconf 78' lang='grc' dir='ltr'><strong>καὶ</strong></span> 
     </span>
    </p>
   </div>
   <div class='ocr_carea' id='block_1_75' title="bbox 409 3750 1892 3838">
    <p class='ocr_par' dir='ltr' id='par_1_75' title="bbox 409 3750 1892 3836">
     <span class='ocr_line' id='line_1_75' title="bbox 409 3750 1892 3836; baseline -0.005 -17"><span class='ocrx_word' id='word_1_585' title='bbox 409 3767 749 3823; x_wconf 77' lang='lat' dir='ltr'><strong>reratiouem</strong></span> <span class='ocrx_word' id='word_1_586' title='bbox 778 3781 903 3823; x_wconf 88' lang='lat' dir='ltr'><strong>esse</strong></span> <span class='ocrx_word' id='word_1_587' title='bbox 946 3766 1337 3836; x_wconf 81' lang='lat' dir='ltr'><strong>opinabantur,</strong></span> <span class='ocrx_word' id='word_1_588' title='bbox 1371 3764 1516 3833; x_wconf 76' lang='lat' dir='ltr'><strong>abigi</strong></span> <span class='ocrx_word' id='word_1_589' title='bbox 1547 3777 1605 3818; x_wconf 87' lang='lat' dir='ltr'><strong>se</strong></span> <span class='ocrx_word' id='word_1_590' title='bbox 1638 3777 1669 3817; x_wconf 90' lang='lat' dir='ltr'><strong>a</strong></span> <span class='ocrx_word' id='word_1_591' title='bbox 1704 3778 1763 3817; x_wconf 90' lang='lat' dir='ltr'><strong>re</strong></span> <span class='ocrx_word' id='word_1_592' title='bbox 1791 3750 1892 3832; x_wconf 62' lang='lat' dir='ltr'><strong>juci</strong></span> 
     </span>
    </p>
   </div>
   <div class='ocr_carea' id='block_1_76' title="bbox 2169 3750 3652 3838">
    <p class='ocr_par' dir='ltr' id='par_1_76' title="bbox 2169 3758 3652 3837">
     <span class='ocr_line' id='line_1_76' title="bbox 2169 3758 3652 3837; baseline -0.005 -18"><span class='ocrx_word' id='word_1_593' title='bbox 2169 3766 2333 3837; x_wconf 81' lang='grc' dir='ltr'><strong>φανές</strong></span> <span class='ocrx_word' id='word_1_594' title='bbox 2381 3765 2684 3837; x_wconf 81' lang='grc' dir='ltr'><strong>προτροπή.</strong></span> <span class='ocrx_word' id='word_1_595' title='bbox 2731 3763 2871 3817; x_wconf 81' lang='grc' dir='ltr'><strong>Ἀλλ’</strong></span> <span class='ocrx_word' id='word_1_596' title='bbox 2918 3762 3176 3836; x_wconf 81' lang='grc' dir='ltr'><strong>ἐδειξενή</strong></span> <span class='ocrx_word' id='word_1_597' title='bbox 3227 3765 3435 3836; x_wconf 80' lang='grc' dir='ltr'><strong>πεῖρα,</strong></span> <span class='ocrx_word' id='word_1_598' title='bbox 3478 3764 3556 3816; x_wconf 80' lang='grc' dir='ltr'><strong>ὅτι</strong></span> <span class='ocrx_word' id='word_1_599' title='bbox 3598 3758 3652 3810; x_wconf 78' lang='grc' dir='ltr'><strong>τὰ</strong></span> 
     </span>
    </p>
   </div>
   <div class='ocr_carea' id='block_1_77' title="bbox 404 3844 1887 3926">
    <p class='ocr_par' dir='ltr' id='par_1_77' title="bbox 404 3853 1887 3924">
     <span class='ocr_line' id='line_1_77' title="bbox 404 3853 1887 3924; baseline -0.004 -10"><span class='ocrx_word' id='word_1_600' title='bbox 404 3859 514 3914; x_wconf 81' lang='lat' dir='ltr'><strong>da:</strong></span> <span class='ocrx_word' id='word_1_601' title='bbox 546 3859 798 3916; x_wconf 80' lang='lat' dir='ltr'><strong>osculum</strong></span> <span class='ocrx_word' id='word_1_602' title='bbox 824 3872 978 3924; x_wconf 88' lang='lat' dir='ltr'><strong>vero,</strong></span> <span class='ocrx_word' id='word_1_603' title='bbox 1006 3857 1441 3912; x_wconf 78' lang='lat' dir='ltr'><strong>exhortationem</strong></span> <span class='ocrx_word' id='word_1_604' title='bbox 1481 3853 1550 3907; x_wconf 90' lang='lat' dir='ltr'><strong>ad</strong></span> <span class='ocrx_word' id='word_1_605' title='bbox 1580 3853 1635 3906; x_wconf 90' lang='lat' dir='ltr'><strong>id</strong></span> <span class='ocrx_word' id='word_1_606' title='bbox 1671 3853 1817 3922; x_wconf 90' lang='lat' dir='ltr'><strong>quod</strong></span> <span class='ocrx_word' id='word_1_607' title='bbox 1842 3869 1887 3908; x_wconf 72' lang='lat' dir='ltr'><strong>et</strong></span> 
     </span>
    </p>
   </div>
   <div class='ocr_carea' id='block_1_78' title="bbox 2170 3844 3653 3926">
    <p class='ocr_par' dir='ltr' id='par_1_78' title="bbox 2170 3844 3653 3925">
     <span class='ocr_line' id='line_1_78' title="bbox 2170 3844 3653 3925; baseline -0.004 -17"><span class='ocrx_word' id='word_1_608' title='bbox 2170 3854 2426 3925; x_wconf 56' lang='grc' dir='ltr'><strong>μιζόμενα</strong></span> <span class='ocrx_word' id='word_1_609' title='bbox 2449 3852 2545 3906; x_wconf 82' lang='grc' dir='ltr'><strong>τοῦ</strong></span> <span class='ocrx_word' id='word_1_610' title='bbox 2586 3852 2743 3923; x_wconf 83' lang='grc' dir='ltr'><strong>φίλου</strong></span> <span class='ocrx_word' id='word_1_611' title='bbox 2775 3853 3065 3925; x_wconf 86' lang='grc' dir='ltr'><strong>τραύματα</strong></span> <span class='ocrx_word' id='word_1_612' title='bbox 3108 3854 3217 3906; x_wconf 88' lang='grc' dir='ltr'><strong>τῶν</strong></span> <span class='ocrx_word' id='word_1_613' title='bbox 3263 3853 3581 3924; x_wconf 84' lang='grc' dir='ltr'><strong>φιλημάτων</strong></span> <span class='ocrx_word' id='word_1_614' title='bbox 3600 3844 3653 3914; x_wconf 74' lang='grc' dir='ltr'><strong>ἦν</strong></span> 
     </span>
    </p>
   </div>
   <div class='ocr_carea' id='block_1_79' title="bbox 410 3936 1893 4020">
    <p class='ocr_par' dir='ltr' id='par_1_79' title="bbox 410 3944 1893 4020">
     <span class='ocr_line' id='line_1_79' title="bbox 410 3944 1893 4020; baseline -0.005 -14"><span class='ocrx_word' id='word_1_615' title='bbox 410 3965 580 4006; x_wconf 86' lang='lat' dir='ltr'><strong>suave</strong></span> <span class='ocrx_word' id='word_1_616' title='bbox 631 3958 966 4020; x_wconf 85' lang='lat' dir='ltr'><strong>aspectuque</strong></span> <span class='ocrx_word' id='word_1_617' title='bbox 1017 3948 1328 4018; x_wconf 86' lang='lat' dir='ltr'><strong>pulchrum.</strong></span> <span class='ocrx_word' id='word_1_618' title='bbox 1381 3944 1582 4000; x_wconf 81' lang='lat' dir='ltr'><strong>Verum</strong></span> <span class='ocrx_word' id='word_1_619' title='bbox 1651 3945 1893 4015; x_wconf 73' lang='lat' dir='ltr'><strong>experier</strong></span> 
     </span>
    </p>
   </div>
   <div class='ocr_carea' id='block_1_80' title="bbox 2169 3936 3652 4020">
    <p class='ocr_par' dir='ltr' id='par_1_80' title="bbox 2169 3936 3652 4020">
     <span class='ocr_line' id='line_1_80' title="bbox 2169 3936 3652 4020; baseline -0.005 -21"><span class='ocrx_word' id='word_1_620' title='bbox 2169 3945 2403 4017; x_wconf 69' lang='grc' dir='ltr'><strong>ἱὲχθροῦ</strong></span> <span class='ocrx_word' id='word_1_621' title='bbox 2424 3945 2840 4018; x_wconf 77' lang='grc' dir='ltr'><strong>λυσιτελέστερα</strong></span> <span class='ocrx_word' id='word_1_622' title='bbox 2869 3948 2964 3999; x_wconf 76' lang='grc' dir='ltr'><strong>καὶ</strong></span> <span class='ocrx_word' id='word_1_623' title='bbox 2993 3944 3348 4020; x_wconf 78' lang='grc' dir='ltr'><strong>αἱρετώτερα.</strong></span> <span class='ocrx_word' id='word_1_624' title='bbox 3401 3946 3552 3999; x_wconf 79' lang='grc' dir='ltr'><strong>Ἐπεὶ</strong></span> <span class='ocrx_word' id='word_1_625' title='bbox 3577 3936 3652 3993; x_wconf 80' lang='grc' dir='ltr'><strong>οὖν</strong></span> 
     </span>
    </p>
   </div>
   <div class='ocr_carea' id='block_1_81' title="bbox 408 4016 1891 4110">
    <p class='ocr_par' dir='ltr' id='par_1_81' title="bbox 408 4016 1891 4107">
     <span class='ocr_line' id='line_1_81' title="bbox 408 4016 1891 4107; baseline -0.001 -14"><span class='ocrx_word' id='word_1_626' title='bbox 408 4016 812 4094; x_wconf 74' lang='lat' dir='ltr'><strong>demonstravit</strong></span> <span class='ocrx_word' id='word_1_627' title='bbox 863 4016 1035 4107; x_wconf 66' lang='lat' dir='ltr'><strong>quod</strong></span> <span class='ocrx_word' id='word_1_628' title='bbox 1063 4052 1128 4093; x_wconf 87' lang='lat' dir='ltr'><strong>ea</strong></span> <span class='ocrx_word' id='word_1_629' title='bbox 1187 4052 1310 4106; x_wconf 68' lang='lat' dir='ltr'><strong>quae</strong></span> <span class='ocrx_word' id='word_1_630' title='bbox 1364 4037 1813 4092; x_wconf 75' lang='lat' dir='ltr'><strong>existimarentur</strong></span> <span class='ocrx_word' id='word_1_631' title='bbox 1864 4052 1891 4092; x_wconf 92' lang='lat' dir='ltr'><strong>e</strong></span> 
     </span>
    </p>
   </div>
   <div class='ocr_carea' id='block_1_82' title="bbox 2172 4016 3655 4110">
    <p class='ocr_par' dir='ltr' id='par_1_82' title="bbox 2172 4016 3655 4110">
     <span class='ocr_line' id='line_1_82' title="bbox 2172 4016 3655 4110; baseline -0.005 -18"><span class='ocrx_word' id='word_1_632' title='bbox 2172 4016 2422 4110; x_wconf 72' lang='grc' dir='ltr'><strong>νέστησεν</strong></span> <span class='ocrx_word' id='word_1_633' title='bbox 2458 4036 2652 4091; x_wconf 76' lang='grc' dir='ltr'><strong>ἐαυτοῦ</strong></span> <span class='ocrx_word' id='word_1_634' title='bbox 2683 4016 2783 4109; x_wconf 76' lang='grc' dir='ltr'><strong>τὴν</strong></span> <span class='ocrx_word' id='word_1_635' title='bbox 2809 4016 3084 4108; x_wconf 85' lang='grc' dir='ltr'><strong>ἀγάπηνό</strong></span> <span class='ocrx_word' id='word_1_636' title='bbox 3116 4016 3279 4102; x_wconf 78' lang='grc' dir='ltr'><strong>καλὸς</strong></span> <span class='ocrx_word' id='word_1_637' title='bbox 3306 4016 3546 4110; x_wconf 72' lang='grc' dir='ltr'><strong>ἐραστὴς</strong></span> <span class='ocrx_word' id='word_1_638' title='bbox 3566 4031 3655 4086; x_wconf 85' lang='grc' dir='ltr'><strong>τῶν</strong></span> 
     </span>
    </p>
   </div>
   <div class='ocr_carea' id='block_1_83' title="bbox 412 4123 1895 4217">
    <p class='ocr_par' dir='ltr' id='par_1_83' title="bbox 412 4127 1895 4217">
     <span class='ocr_line' id='line_1_83' title="bbox 412 4127 1895 4217; baseline -0.002 -33"><span class='ocrx_word' id='word_1_639' title='bbox 412 4129 644 4217; x_wconf 57' lang='lat' dir='ltr'><strong>vulnera</strong></span> <span class='ocrx_word' id='word_1_640' title='bbox 677 4127 923 4199; x_wconf 79' lang='lat' dir='ltr'><strong>profecta</strong></span> <span class='ocrx_word' id='word_1_641' title='bbox 961 4127 1030 4183; x_wconf 92' lang='lat' dir='ltr'><strong>ab</strong></span> <span class='ocrx_word' id='word_1_642' title='bbox 1050 4128 1248 4193; x_wconf 86' lang='lat' dir='ltr'><strong>amico,</strong></span> <span class='ocrx_word' id='word_1_643' title='bbox 1279 4128 1438 4199; x_wconf 74' lang='lat' dir='ltr'><strong>[erige</strong></span> <span class='ocrx_word' id='word_1_644' title='bbox 1466 4136 1580 4183; x_wconf 90' lang='lat' dir='ltr'><strong>tum</strong></span> <span class='ocrx_word' id='word_1_645' title='bbox 1607 4128 1848 4196; x_wconf 85' lang='lat' dir='ltr'><strong>utiliora,</strong></span> <span class='ocrx_word' id='word_1_646' title='bbox 1872 4134 1895 4181; x_wconf 91' lang='lat' dir='ltr'><strong>t</strong></span> 
     </span>
    </p>
   </div>
   <div class='ocr_carea' id='block_1_84' title="bbox 2169 4123 3652 4217">
    <p class='ocr_par' dir='ltr' id='par_1_84' title="bbox 2169 4123 3652 4202">
     <span class='ocr_line' id='line_1_84' title="bbox 2169 4123 3652 4202; baseline -0.001 -19"><span class='ocrx_word' id='word_1_647' title='bbox 2169 4130 2378 4201; x_wconf 86' lang='grc' dir='ltr'><strong>,ετέρων</strong></span> <span class='ocrx_word' id='word_1_648' title='bbox 2421 4128 2608 4200; x_wconf 74' lang='grc' dir='ltr'><strong>ψυχῶν</strong></span> <span class='ocrx_word' id='word_1_649' title='bbox 2630 4170 2645 4193; x_wconf 87' lang='grc'><em>,</em></span> <span class='ocrx_word' id='word_1_650' title='bbox 2671 4130 2738 4183; x_wconf 82' lang='grc' dir='ltr'><strong>δι’</strong></span> <span class='ocrx_word' id='word_1_651' title='bbox 2761 4123 2837 4184; x_wconf 80' lang='grc' dir='ltr'><strong>ὧν</strong></span> <span class='ocrx_word' id='word_1_652' title='bbox 2862 4130 2955 4184; x_wconf 77' lang='grc' dir='ltr'><strong>καὶ</strong></span> <span class='ocrx_word' id='word_1_653' title='bbox 2975 4130 3318 4201; x_wconf 85' lang='grc' dir='ltr'><strong>ἁμαρτωλῶν</strong></span> <span class='ocrx_word' id='word_1_654' title='bbox 3359 4130 3517 4202; x_wconf 78' lang='grc' dir='ltr'><strong>ἡμῶν</strong></span> <span class='ocrx_word' id='word_1_655' title='bbox 3540 4129 3652 4197; x_wconf 80' lang='grc' dir='ltr'><strong>Χρι-</strong></span> 
     </span>
    </p>
   </div>
   <div class='ocr_carea' id='block_1_85' title="bbox 411 4216 1894 4293">
    <p class='ocr_par' dir='ltr' id='par_1_85' title="bbox 411 4216 1891 4291">
     <span class='ocr_line' id='line_1_85' title="bbox 411 4216 1891 4291; baseline 0.003 -20"><span class='ocrx_word' id='word_1_656' title='bbox 411 4216 741 4287; x_wconf 56' lang='lat' dir='ltr'><strong>mirabiliora</strong></span> <span class='ocrx_word' id='word_1_657' title='bbox 779 4221 985 4277; x_wconf 87' lang='lat' dir='ltr'><strong>osculis</strong></span> <span class='ocrx_word' id='word_1_658' title='bbox 1018 4220 1193 4276; x_wconf 89' lang='lat' dir='ltr'><strong>hostis</strong></span> <span class='ocrx_word' id='word_1_659' title='bbox 1232 4230 1451 4276; x_wconf 83' lang='lat' dir='ltr'><strong>essent.</strong></span> <span class='ocrx_word' id='word_1_660' title='bbox 1479 4220 1620 4287; x_wconf 85' lang='lat' dir='ltr'><strong>Quia</strong></span> <span class='ocrx_word' id='word_1_661' title='bbox 1653 4220 1819 4291; x_wconf 80' lang='lat' dir='ltr'><strong>igitur</strong></span> <span class='ocrx_word' id='word_1_662' title='bbox 1855 4235 1891 4290; x_wconf 92' lang='lat' dir='ltr'><strong>p</strong></span> 
     </span>
    </p>
   </div>
   <div class='ocr_carea' id='block_1_86' title="bbox 2168 4216 3651 4293">
    <p class='ocr_par' dir='ltr' id='par_1_86' title="bbox 2168 4216 3651 4293">
     <span class='ocr_line' id='line_1_86' title="bbox 2168 4216 3651 4293; baseline -0.004 -18"><span class='ocrx_word' id='word_1_663' title='bbox 2168 4224 2218 4286; x_wconf 73' lang='grc' dir='ltr'><strong>ὸς</strong></span> <span class='ocrx_word' id='word_1_664' title='bbox 2243 4223 2383 4293; x_wconf 83' lang='grc' dir='ltr'><strong>ὑπὲρ</strong></span> <span class='ocrx_word' id='word_1_665' title='bbox 2406 4224 2437 4291; x_wconf 84' lang='grc' dir='ltr'>ἡ</span> <span class='ocrx_word' id='word_1_666' title='bbox 2448 4222 2564 4292; x_wconf 89' lang='grc' dir='ltr'><strong>μῶν</strong></span> <span class='ocrx_word' id='word_1_667' title='bbox 2602 4221 2841 4276; x_wconf 78' lang='grc' dir='ltr'><strong>ἀπέθανε</strong></span> <span class='ocrx_word' id='word_1_668' title='bbox 2868 4237 2883 4254; x_wconf 82' lang='lat'><strong><em>°</em></strong></span> <span class='ocrx_word' id='word_1_669' title='bbox 2911 4223 3000 4277; x_wconf 76' lang='grc' dir='ltr'><strong>διὰ</strong></span> <span class='ocrx_word' id='word_1_670' title='bbox 3037 4222 3196 4276; x_wconf 82' lang='grc' dir='ltr'><strong>τοῦτο</strong></span> <span class='ocrx_word' id='word_1_671' title='bbox 3217 4222 3599 4293; x_wconf 82' lang='grc' dir='ltr'><strong>ἀντερασθεῖσα</strong></span> <span class='ocrx_word' id='word_1_672' title='bbox 3626 4216 3651 4282; x_wconf 76' lang='grc' dir='ltr'>ἡ</span> 
     </span>
    </p>
   </div>
   <div class='ocr_carea' id='block_1_87' title="bbox 415 4310 1898 4388">
    <p class='ocr_par' dir='ltr' id='par_1_87' title="bbox 415 4312 1898 4383">
     <span class='ocr_line' id='line_1_87' title="bbox 415 4312 1898 4383; baseline -0.003 -12"><span class='ocrx_word' id='word_1_673' title='bbox 415 4312 568 4371; x_wconf 71' lang='lat' dir='ltr'><strong>bavit</strong></span> <span class='ocrx_word' id='word_1_674' title='bbox 594 4312 942 4370; x_wconf 89' lang='lat' dir='ltr'><strong>dilectionem</strong></span> <span class='ocrx_word' id='word_1_675' title='bbox 966 4326 1121 4368; x_wconf 87' lang='lat' dir='ltr'><strong>suam</strong></span> <span class='ocrx_word' id='word_1_676' title='bbox 1154 4328 1184 4367; x_wconf 88' lang='lat' dir='ltr'><strong>a</strong></span> <span class='ocrx_word' id='word_1_677' title='bbox 1220 4312 1380 4367; x_wconf 85' lang='lat' dir='ltr'><strong>nobis</strong></span> <span class='ocrx_word' id='word_1_678' title='bbox 1419 4314 1714 4383; x_wconf 81' lang='lat' dir='ltr'><strong>praeclarus</strong></span> <span class='ocrx_word' id='word_1_679' title='bbox 1739 4313 1829 4367; x_wconf 86' lang='lat' dir='ltr'><strong>ille</strong></span> <span class='ocrx_word' id='word_1_680' title='bbox 1868 4326 1898 4381; x_wconf 87' lang='lat' dir='ltr'><strong>p</strong></span> 
     </span>
    </p>
   </div>
   <div class='ocr_carea' id='block_1_88' title="bbox 2169 4310 3652 4388">
    <p class='ocr_par' dir='ltr' id='par_1_88' title="bbox 2169 4310 3652 4388">
     <span class='ocr_line' id='line_1_88' title="bbox 2169 4310 3652 4388; baseline -0.007 -17"><span class='ocrx_word' id='word_1_681' title='bbox 2169 4334 2278 4388; x_wconf 86' lang='grc' dir='ltr'><strong>μφη</strong></span> <span class='ocrx_word' id='word_1_682' title='bbox 2301 4315 2395 4369; x_wconf 81' lang='grc' dir='ltr'><strong>τοῦ</strong></span> <span class='ocrx_word' id='word_1_683' title='bbox 2419 4315 2802 4385; x_wconf 83' lang='grc' dir='ltr'><strong>ἀγαπήσαντος</strong></span> <span class='ocrx_word' id='word_1_684' title='bbox 2824 4317 3093 4370; x_wconf 80' lang='grc' dir='ltr'><strong>δείκνυσιν</strong></span> <span class='ocrx_word' id='word_1_685' title='bbox 3131 4318 3188 4369; x_wconf 82' lang='grc' dir='ltr'><strong>ἐν</strong></span> <span class='ocrx_word' id='word_1_686' title='bbox 3220 4318 3386 4387; x_wconf 77' lang='grc' dir='ltr'><strong>ἑαυτῇ</strong></span> <span class='ocrx_word' id='word_1_687' title='bbox 3431 4310 3652 4384; x_wconf 73' lang='grc' dir='ltr'><strong>ἐγκείμε-</strong></span> 
     </span>
    </p>
   </div>
   <div class='ocr_carea' id='block_1_89' title="bbox 411 4400 1894 4481">
    <p class='ocr_par' dir='ltr' id='par_1_89' title="bbox 411 4404 1894 4476">
     <span class='ocr_line' id='line_1_89' title="bbox 411 4404 1894 4476; baseline -0.002 -15"><span class='ocrx_word' id='word_1_688' title='bbox 411 4422 518 4462; x_wconf 82' lang='lat' dir='ltr'><strong>cus</strong></span> <span class='ocrx_word' id='word_1_689' title='bbox 554 4407 863 4461; x_wconf 81' lang='lat' dir='ltr'><strong>animarum</strong></span> <span class='ocrx_word' id='word_1_690' title='bbox 903 4414 1239 4472; x_wconf 85' lang='lat' dir='ltr'><strong>nostrarum,</strong></span> <span class='ocrx_word' id='word_1_691' title='bbox 1273 4420 1381 4476; x_wconf 84' lang='lat' dir='ltr'><strong>qua</strong></span> <span class='ocrx_word' id='word_1_692' title='bbox 1424 4405 1675 4460; x_wconf 83' lang='lat' dir='ltr'><strong>Christus</strong></span> <span class='ocrx_word' id='word_1_693' title='bbox 1724 4404 1894 4459; x_wconf 85' lang='lat' dir='ltr'><strong>adduc</strong></span> 
     </span>
    </p>
   </div>
   <div class='ocr_carea' id='block_1_90' title="bbox 2169 4400 3652 4481">
    <p class='ocr_par' dir='ltr' id='par_1_90' title="bbox 2169 4400 3652 4481">
     <span class='ocr_line' id='line_1_90' title="bbox 2169 4400 3652 4481; baseline -0.018 2"><span class='ocrx_word' id='word_1_694' title='bbox 2169 4427 2187 4463; x_wconf 67' lang='grc' dir='ltr'><strong>ν</strong></span> <span class='ocrx_word' id='word_1_695' title='bbox 2213 4408 2304 4462; x_wconf 70' lang='grc' dir='ltr'><strong>διὰ</strong></span> <span class='ocrx_word' id='word_1_696' title='bbox 2339 4407 2535 4479; x_wconf 80' lang='grc' dir='ltr'><strong>βάθους</strong></span> <span class='ocrx_word' id='word_1_697' title='bbox 2570 4409 2671 4479; x_wconf 71' lang='grc' dir='ltr'><strong>τῆς</strong></span> <span class='ocrx_word' id='word_1_698' title='bbox 2713 4409 2934 4481; x_wconf 78' lang='grc' dir='ltr'><strong>ἀγάπης</strong></span> <span class='ocrx_word' id='word_1_699' title='bbox 2980 4410 3041 4463; x_wconf 81' lang='grc' dir='ltr'><strong>τὸ</strong></span> <span class='ocrx_word' id='word_1_700' title='bbox 3073 4410 3222 4478; x_wconf 81' lang='grc' dir='ltr'><strong>βέλος</strong></span> <span class='ocrx_word' id='word_1_701' title='bbox 3245 4426 3260 4440; x_wconf 75' lang='grc'>⁸</span> <span class='ocrx_word' id='word_1_702' title='bbox 3293 4409 3537 4461; x_wconf 77' lang='grc' dir='ltr'><strong>τουτέστι</strong></span> <span class='ocrx_word' id='word_1_703' title='bbox 3576 4400 3652 4469; x_wconf 79' lang='grc' dir='ltr'><strong>τὴν</strong></span> 
     </span>
    </p>
   </div>
   <div class='ocr_carea' id='block_1_91' title="bbox 412 4491 1895 4574">
    <p class='ocr_par' dir='ltr' id='par_1_91' title="bbox 412 4497 1895 4567">
     <span class='ocr_line' id='line_1_91' title="bbox 412 4497 1895 4567; baseline -0.001 -15"><span class='ocrx_word' id='word_1_704' title='bbox 412 4497 583 4552; x_wconf 82' lang='lat' dir='ltr'><strong>etiam</strong></span> <span class='ocrx_word' id='word_1_705' title='bbox 634 4503 750 4555; x_wconf 87' lang='lat' dir='ltr'><strong>tum</strong></span> <span class='ocrx_word' id='word_1_706' title='bbox 794 4512 922 4553; x_wconf 86' lang='lat' dir='ltr'><strong>cum</strong></span> <span class='ocrx_word' id='word_1_707' title='bbox 972 4497 1148 4551; x_wconf 87' lang='lat' dir='ltr'><strong>adhuc</strong></span> <span class='ocrx_word' id='word_1_708' title='bbox 1197 4504 1512 4567; x_wconf 79' lang='lat' dir='ltr'><strong>peccatores</strong></span> <span class='ocrx_word' id='word_1_709' title='bbox 1560 4510 1846 4557; x_wconf 87' lang='lat' dir='ltr'><strong>essemus,</strong></span> <span class='ocrx_word' id='word_1_710' title='bbox 1894 4512 1895 4515; x_wconf 70' lang='lat'>‘</span> 
     </span>
    </p>
   </div>
   <div class='ocr_carea' id='block_1_92' title="bbox 2168 4491 3651 4574">
    <p class='ocr_par' dir='ltr' id='par_1_92' title="bbox 2168 4491 3651 4574">
     <span class='ocr_line' id='line_1_92' title="bbox 2168 4491 3651 4574; baseline -0.017 -8"><span class='ocrx_word' id='word_1_711' title='bbox 2168 4521 2192 4566; x_wconf 87' lang='grc' dir='ltr'><strong><em>ς</em></strong></span> <span class='ocrx_word' id='word_1_712' title='bbox 2224 4503 2476 4574; x_wconf 77' lang='grc' dir='ltr'><strong>θεότητος</strong></span> <span class='ocrx_word' id='word_1_713' title='bbox 2513 4502 2680 4556; x_wconf 78' lang='grc' dir='ltr'><strong>αὐτοῦ</strong></span> <span class='ocrx_word' id='word_1_714' title='bbox 2711 4501 3015 4556; x_wconf 79' lang='grc' dir='ltr'><strong>κοινωνίαν.</strong></span> <span class='ocrx_word' id='word_1_715' title='bbox 3058 4501 3122 4554; x_wconf 87' lang='grc' dir='ltr'><strong><em>Ἦ</em></strong></span> <span class='ocrx_word' id='word_1_716' title='bbox 3151 4500 3258 4570; x_wconf 82' lang='grc' dir='ltr'><strong>γάρ</strong></span> <span class='ocrx_word' id='word_1_717' title='bbox 3299 4499 3490 4570; x_wconf 80' lang='grc' dir='ltr'><strong>ἀγάπη</strong></span> <span class='ocrx_word' id='word_1_718' title='bbox 3530 4491 3651 4547; x_wconf 73' lang='grc' dir='ltr'><strong>ἐστὶν</strong></span> 
     </span>
    </p>
   </div>
   <div class='ocr_carea' id='block_1_93' title="bbox 418 4586 1901 4665">
    <p class='ocr_par' dir='ltr' id='par_1_93' title="bbox 418 4587 1901 4659">
     <span class='ocr_line' id='line_1_93' title="bbox 418 4587 1901 4659; baseline -0.003 -17"><span class='ocrx_word' id='word_1_719' title='bbox 418 4587 583 4642; x_wconf 84' lang='lat' dir='ltr'><strong>nobis</strong></span> <span class='ocrx_word' id='word_1_720' title='bbox 612 4594 864 4642; x_wconf 87' lang='lat' dir='ltr'><strong>mortuus</strong></span> <span class='ocrx_word' id='word_1_721' title='bbox 892 4596 1012 4643; x_wconf 85' lang='lat' dir='ltr'><strong>est:</strong></span> <span class='ocrx_word' id='word_1_722' title='bbox 1054 4587 1259 4644; x_wconf 85' lang='lat' dir='ltr'><strong>idcirco</strong></span> <span class='ocrx_word' id='word_1_723' title='bbox 1285 4603 1485 4659; x_wconf 88' lang='lat' dir='ltr'><strong>sponsa</strong></span> <span class='ocrx_word' id='word_1_724' title='bbox 1522 4588 1762 4642; x_wconf 84' lang='lat' dir='ltr'><strong>vicissim</strong></span> <span class='ocrx_word' id='word_1_725' title='bbox 1807 4601 1901 4639; x_wconf 81' lang='lat' dir='ltr'><strong>am</strong></span> 
     </span>
    </p>
   </div>
   <div class='ocr_carea' id='block_1_94' title="bbox 2169 4586 3652 4665">
    <p class='ocr_par' dir='ltr' id='par_1_94' title="bbox 2169 4586 3652 4665">
     <span class='ocr_line' id='line_1_94' title="bbox 2169 4586 3652 4665; baseline -0.016 -6"><span class='ocrx_word' id='word_1_726' title='bbox 2169 4593 2287 4657; x_wconf 65' lang='grc' dir='ltr'><strong>θεὸς</strong></span> <span class='ocrx_word' id='word_1_727' title='bbox 2311 4631 2326 4656; x_wconf 71' lang='grc'><strong>9</strong></span> <span class='ocrx_word' id='word_1_728' title='bbox 2359 4591 2542 4655; x_wconf 76' lang='grc' dir='ltr'><strong>καθὼς</strong></span> <span class='ocrx_word' id='word_1_729' title='bbox 2572 4592 2826 4665; x_wconf 79' lang='grc' dir='ltr'><strong>εἴρηται,</strong></span> <span class='ocrx_word' id='word_1_730' title='bbox 2861 4595 2893 4664; x_wconf 81' lang='grc' dir='ltr'>ἡ</span> <span class='ocrx_word' id='word_1_731' title='bbox 2928 4592 3015 4646; x_wconf 78' lang='grc' dir='ltr'><strong>διὰ</strong></span> <span class='ocrx_word' id='word_1_732' title='bbox 3045 4591 3145 4661; x_wconf 85' lang='grc' dir='ltr'><strong>τῆς</strong></span> <span class='ocrx_word' id='word_1_733' title='bbox 3189 4590 3327 4643; x_wconf 83' lang='grc' dir='ltr'><strong>κατά</strong></span> <span class='ocrx_word' id='word_1_734' title='bbox 3370 4592 3473 4661; x_wconf 78' lang='grc' dir='ltr'><strong>τὴν</strong></span> <span class='ocrx_word' id='word_1_735' title='bbox 3502 4586 3652 4639; x_wconf 76' lang='grc' dir='ltr'><strong>πίστιν</strong></span> 
     </span>
    </p>
   </div>
   <div class='ocr_carea' id='block_1_95' title="bbox 417 4643 1900 4757">
    <p class='ocr_par' dir='ltr' id='par_1_95' title="bbox 417 4676 1900 4749">
     <span class='ocr_line' id='line_1_95' title="bbox 417 4676 1900 4749; baseline -0.002 -18"><span class='ocrx_word' id='word_1_736' title='bbox 417 4678 647 4732; x_wconf 86' lang='lat' dir='ltr'><strong>incensa</strong></span> <span class='ocrx_word' id='word_1_737' title='bbox 688 4691 821 4747; x_wconf 76' lang='lat' dir='ltr'><strong>erga</strong></span> <span class='ocrx_word' id='word_1_738' title='bbox 867 4677 1018 4732; x_wconf 88' lang='lat' dir='ltr'><strong>illum</strong></span> <span class='ocrx_word' id='word_1_739' title='bbox 1080 4678 1173 4749; x_wconf 86' lang='lat' dir='ltr'><strong>qui</strong></span> <span class='ocrx_word' id='word_1_740' title='bbox 1220 4678 1391 4749; x_wconf 88' lang='lat' dir='ltr'><strong>ipsam</strong></span> <span class='ocrx_word' id='word_1_741' title='bbox 1447 4677 1728 4739; x_wconf 77' lang='lat' dir='ltr'><strong>dilexerat,</strong></span> <span class='ocrx_word' id='word_1_742' title='bbox 1770 4676 1900 4730; x_wconf 80' lang='lat' dir='ltr'><strong>dem</strong></span> 
     </span>
    </p>
   </div>
   <div class='ocr_carea' id='block_1_96' title="bbox 2169 4643 3652 4757">
    <p class='ocr_par' dir='ltr' id='par_1_96' title="bbox 2169 4643 3652 4757">
     <span class='ocr_line' id='line_1_96' title="bbox 2169 4643 3652 4757; baseline -0.005 -21"><span class='ocrx_word' id='word_1_743' title='bbox 2169 4643 2284 4747; x_wconf 61' lang='lat' dir='ltr'><strong>:tao;</strong></span> <span class='ocrx_word' id='word_1_744' title='bbox 2312 4643 3013 4757; x_wconf 54' lang='lat' dir='ltr'><strong>;,&#39;...a.;;,i.;,;.;.,1&quot;</strong></span> <span class='ocrx_word' id='word_1_745' title='bbox 3039 4643 3199 4738; x_wconf 57' lang='grc' dir='ltr'><strong>δι”δι</strong></span> <span class='ocrx_word' id='word_1_746' title='bbox 3233 4684 3340 4756; x_wconf 83' lang='grc' dir='ltr'><strong>χρὴ</strong></span> <span class='ocrx_word' id='word_1_747' title='bbox 3384 4643 3480 4738; x_wconf 59' lang='grc' dir='ltr'><strong>,έὲιι</strong></span> <span class='ocrx_word' id='word_1_748' title='bbox 3513 4680 3652 4746; x_wconf 72' lang='grc' dir='ltr'><strong>ὄνομα</strong></span> 
     </span>
    </p>
   </div>
   <div class='ocr_carea' id='block_1_97' title="bbox 418 4766 1901 4846">
    <p class='ocr_par' dir='ltr' id='par_1_97' title="bbox 418 4768 1901 4839">
     <span class='ocr_line' id='line_1_97' title="bbox 418 4768 1901 4839; baseline -0.004 -14"><span class='ocrx_word' id='word_1_749' title='bbox 418 4768 774 4839; x_wconf 87' lang='lat' dir='ltr'><strong>stratjacens</strong></span> <span class='ocrx_word' id='word_1_750' title='bbox 804 4769 858 4824; x_wconf 91' lang='lat' dir='ltr'><strong>in</strong></span> <span class='ocrx_word' id='word_1_751' title='bbox 887 4784 947 4826; x_wconf 90' lang='lat' dir='ltr'><strong>se</strong></span> <span class='ocrx_word' id='word_1_752' title='bbox 984 4770 1297 4826; x_wconf 85' lang='lat' dir='ltr'><strong>dilectionis</strong></span> <span class='ocrx_word' id='word_1_753' title='bbox 1331 4769 1495 4824; x_wconf 89' lang='lat' dir='ltr'><strong>telum</strong></span> <span class='ocrx_word' id='word_1_754' title='bbox 1534 4769 1641 4822; x_wconf 91' lang='lat' dir='ltr'><strong>imo</strong></span> <span class='ocrx_word' id='word_1_755' title='bbox 1676 4768 1728 4821; x_wconf 90' lang='lat' dir='ltr'><strong>in</strong></span> <span class='ocrx_word' id='word_1_756' title='bbox 1755 4774 1901 4836; x_wconf 82' lang='lat' dir='ltr'><strong>pecto</strong></span> 
     </span>
    </p>
   </div>
   <div class='ocr_carea' id='block_1_98' title="bbox 2168 4766 3651 4846">
    <p class='ocr_par' dir='ltr' id='par_1_98' title="bbox 2168 4766 3651 4846">
     <span class='ocr_line' id='line_1_98' title="bbox 2168 4766 3651 4846; baseline -0.003 -21"><span class='ocrx_word' id='word_1_757' title='bbox 2168 4773 2192 4825; x_wconf 78' lang='grc' dir='ltr'>ὖ</span> <span class='ocrx_word' id='word_1_758' title='bbox 2226 4773 2410 4842; x_wconf 79' lang='grc' dir='ltr'><strong>βέλους</strong></span> <span class='ocrx_word' id='word_1_759' title='bbox 2435 4774 2626 4827; x_wconf 84' lang='grc' dir='ltr'><strong>τούτου</strong></span> <span class='ocrx_word' id='word_1_760' title='bbox 2657 4777 2850 4841; x_wconf 81' lang='grc' dir='ltr'><strong>εἰπεῖν,</strong></span> <span class='ocrx_word' id='word_1_761' title='bbox 2875 4773 3107 4846; x_wconf 75' lang='grc' dir='ltr'><strong>εὕρομεν</strong></span> <span class='ocrx_word' id='word_1_762' title='bbox 3129 4773 3157 4825; x_wconf 84' lang='grc' dir='ltr'>ὃ</span> <span class='ocrx_word' id='word_1_763' title='bbox 3183 4775 3334 4844; x_wconf 80' lang='grc' dir='ltr'><strong>παρὰ</strong></span> <span class='ocrx_word' id='word_1_764' title='bbox 3356 4772 3452 4825; x_wconf 81' lang='grc' dir='ltr'><strong>τοῦ</strong></span> <span class='ocrx_word' id='word_1_765' title='bbox 3474 4766 3651 4825; x_wconf 79' lang='grc' dir='ltr'><strong>Παύλου</strong></span> 
     </span>
    </p>
   </div>
   <div class='ocr_carea' id='block_1_99' title="bbox 417 4856 1900 4935">
    <p class='ocr_par' dir='ltr' id='par_1_99' title="bbox 417 4856 1900 4932">
     <span class='ocr_line' id='line_1_99' title="bbox 417 4856 1900 4932; baseline -0.001 -19"><span class='ocrx_word' id='word_1_766' title='bbox 417 4856 526 4916; x_wconf 84' lang='lat' dir='ltr'><strong>hoc</strong></span> <span class='ocrx_word' id='word_1_767' title='bbox 563 4870 670 4928; x_wconf 90' lang='lat' dir='ltr'><strong>est,</strong></span> <span class='ocrx_word' id='word_1_768' title='bbox 714 4862 1018 4918; x_wconf 80' lang='lat' dir='ltr'><strong>divinitatis</strong></span> <span class='ocrx_word' id='word_1_769' title='bbox 1048 4864 1219 4932; x_wconf 88' lang='lat' dir='ltr'><strong>ipsius</strong></span> <span class='ocrx_word' id='word_1_770' title='bbox 1248 4861 1817 4916; x_wconf 88' lang='lat' dir='ltr'><strong>communicationem.</strong></span> <span class='ocrx_word' id='word_1_771' title='bbox 1863 4858 1900 4912; x_wconf 74' lang='grc' dir='ltr'><strong>Ν</strong></span> 
     </span>
    </p>
   </div>
   <div class='ocr_carea' id='block_1_100' title="bbox 2167 4856 3650 4935">
    <p class='ocr_par' dir='ltr' id='par_1_100' title="bbox 2167 4856 3650 4935">
     <span class='ocr_line' id='line_1_100' title="bbox 2167 4856 3650 4935; baseline -0.003 -19"><span class='ocrx_word' id='word_1_772' title='bbox 2167 4863 2382 4934; x_wconf 78' lang='grc' dir='ltr'><strong>ιάθομεν</strong></span> <span class='ocrx_word' id='word_1_773' title='bbox 2408 4906 2424 4929; x_wconf 88' lang='grc'><em>,</em></span> <span class='ocrx_word' id='word_1_774' title='bbox 2456 4865 2539 4917; x_wconf 84' lang='grc' dir='ltr'><strong>ὅτι</strong></span> <span class='ocrx_word' id='word_1_775' title='bbox 2564 4865 2625 4917; x_wconf 81' lang='grc' dir='ltr'><strong>τὸ</strong></span> <span class='ocrx_word' id='word_1_776' title='bbox 2649 4864 2802 4935; x_wconf 79' lang='grc' dir='ltr'><strong>βέλος</strong></span> <span class='ocrx_word' id='word_1_777' title='bbox 2826 4864 2981 4918; x_wconf 86' lang='grc' dir='ltr'><strong>τοῦτό</strong></span> <span class='ocrx_word' id='word_1_778' title='bbox 3012 4865 3131 4917; x_wconf 87' lang='grc' dir='ltr'><strong>ἐστι</strong></span> <span class='ocrx_word' id='word_1_779' title='bbox 3161 4864 3345 4926; x_wconf 84' lang='grc' dir='ltr'><strong>πίστις</strong></span> <span class='ocrx_word' id='word_1_780' title='bbox 3371 4862 3440 4914; x_wconf 87' lang='grc' dir='ltr'><strong>δι’</strong></span> <span class='ocrx_word' id='word_1_781' title='bbox 3466 4856 3650 4928; x_wconf 78' lang='grc' dir='ltr'><strong>ἀγάπης</strong></span> 
     </span>
    </p>
   </div>
   <div class='ocr_carea' id='block_1_101' title="bbox 423 4955 1906 5028">
    <p class='ocr_par' dir='ltr' id='par_1_101' title="bbox 423 4955 1906 5028">
     <span class='ocr_line' id='line_1_101' title="bbox 423 4955 1906 5028; baseline 0.001 -21"><span class='ocrx_word' id='word_1_782' title='bbox 423 4955 569 5012; x_wconf 81' lang='lat' dir='ltr'><strong>Deus</strong></span> <span class='ocrx_word' id='word_1_783' title='bbox 598 4968 685 5013; x_wconf 87' lang='lat' dir='ltr'><strong>est</strong></span> <span class='ocrx_word' id='word_1_784' title='bbox 715 4956 956 5023; x_wconf 82' lang='lat' dir='ltr'><strong>dilectio,</strong></span> <span class='ocrx_word' id='word_1_785' title='bbox 984 4957 1443 5028; x_wconf 86' lang='lat' dir='ltr'><strong>quemadmodum</strong></span> <span class='ocrx_word' id='word_1_786' title='bbox 1471 4955 1725 5015; x_wconf 82' lang='lat' dir='ltr'><strong>diximus.</strong></span> <span class='ocrx_word' id='word_1_787' title='bbox 1754 4970 1877 5025; x_wconf 84' lang='lat' dir='ltr'><strong>quae</strong></span> <span class='ocrx_word' id='word_1_788' title='bbox 1904 4972 1906 5022; x_wconf 77' lang='grc' dir='ltr'><strong>ς</strong></span> 
     </span>
    </p>
   </div>
   <div class='ocr_carea' id='block_1_102' title="bbox 1012 4955 2495 5028">
    <p class='ocr_par' dir='ltr' id='par_1_102' title="bbox 1012 4955 2495 5028">
     <span class='ocr_line' id='line_1_102' title="bbox 1012 4955 2495 5028; baseline 0.001 -18"><span class='ocrx_word' id='word_1_789' title='bbox 1012 4957 1443 5028; x_wconf 71' lang='lat' dir='ltr'><strong>[ueinadmodum</strong></span> <span class='ocrx_word' id='word_1_790' title='bbox 1471 4955 1725 5015; x_wconf 81' lang='lat' dir='ltr'><strong>diximus.</strong></span> <span class='ocrx_word' id='word_1_791' title='bbox 1754 4970 1877 5025; x_wconf 61' lang='lat' dir='ltr'><strong>quae</strong></span> <span class='ocrx_word' id='word_1_792' title='bbox 1904 4969 2001 5024; x_wconf 88' lang='lat' dir='ltr'><strong>per</strong></span> <span class='ocrx_word' id='word_1_793' title='bbox 2108 4957 2495 5027; x_wconf 79' lang='grc' dir='ltr'><strong>ἐνεργουμένη.</strong></span> 
     </span>
    </p>
   </div>
   <div class='ocr_carea' id='block_1_103' title="bbox 422 5048 3651 5123">
    <p class='ocr_par' dir='ltr' id='par_1_103' title="bbox 422 5048 3651 5123">
     <span class='ocr_line' id='line_1_103' title="bbox 422 5048 3651 5123; baseline 0.001 -22"><span class='ocrx_word' id='word_1_794' title='bbox 422 5048 551 5104; x_wconf 82' lang='lat' dir='ltr'><strong>tldei</strong></span> <span class='ocrx_word' id='word_1_795' title='bbox 596 5054 882 5122; x_wconf 85' lang='lat' dir='ltr'><strong>cuspidem</strong></span> <span class='ocrx_word' id='word_1_796' title='bbox 921 5052 978 5108; x_wconf 88' lang='lat' dir='ltr'><strong>in</strong></span> <span class='ocrx_word' id='word_1_797' title='bbox 1014 5067 1110 5108; x_wconf 89' lang='lat' dir='ltr'><strong>cor</strong></span> <span class='ocrx_word' id='word_1_798' title='bbox 1154 5058 1424 5121; x_wconf 82' lang='lat' dir='ltr'><strong>penetrat.</strong></span> <span class='ocrx_word' id='word_1_799' title='bbox 1485 5051 1640 5117; x_wconf 82' lang='lat' dir='ltr'><strong>Quod</strong></span> <span class='ocrx_word' id='word_1_800' title='bbox 1675 5052 1721 5107; x_wconf 92' lang='lat' dir='ltr'><strong>si</strong></span> <span class='ocrx_word' id='word_1_801' title='bbox 1756 5052 1922 5107; x_wconf 87' lang='lat' dir='ltr'><strong>etiam</strong></span> <span class='ocrx_word' id='word_1_802' title='bbox 1966 5052 2059 5107; x_wconf 92' lang='lat' dir='ltr'><strong>teli</strong></span> <span class='ocrx_word' id='word_1_803' title='bbox 2099 5051 2267 5121; x_wconf 88' lang='lat' dir='ltr'><strong>hujus</strong></span> <span class='ocrx_word' id='word_1_804' title='bbox 2325 5066 2527 5107; x_wconf 90' lang='lat' dir='ltr'><strong>nomen</strong></span> <span class='ocrx_word' id='word_1_805' title='bbox 2576 5051 2930 5106; x_wconf 79' lang='lat' dir='ltr'><strong>indicandum</strong></span> <span class='ocrx_word' id='word_1_806' title='bbox 2973 5059 3094 5117; x_wconf 85' lang='lat' dir='ltr'><strong>est,</strong></span> <span class='ocrx_word' id='word_1_807' title='bbox 3147 5051 3292 5123; x_wconf 89' lang='lat' dir='ltr'><strong>quod</strong></span> <span class='ocrx_word' id='word_1_808' title='bbox 3332 5050 3651 5108; x_wconf 73' lang='lat' dir='ltr'><strong>didic1musa</strong></span> 
     </span>
    </p>
   </div>
   <div class='ocr_carea' id='block_1_104' title="bbox 426 5142 3428 5214">
    <p class='ocr_par' dir='ltr' id='par_1_104' title="bbox 426 5142 3428 5214">
     <span class='ocr_line' id='line_1_104' title="bbox 426 5142 3428 5214; baseline -0.002 -12"><span class='ocrx_word' id='word_1_809' title='bbox 426 5145 599 5203; x_wconf 81' lang='lat' dir='ltr'><strong>Paulo</strong></span> <span class='ocrx_word' id='word_1_810' title='bbox 619 5147 666 5179; x_wconf 81' lang='lat'><strong>&#39;°</strong></span> <span class='ocrx_word' id='word_1_811' title='bbox 719 5146 997 5207; x_wconf 86' lang='lat' dir='ltr'><strong>dicemus,</strong></span> <span class='ocrx_word' id='word_1_812' title='bbox 1046 5143 1305 5198; x_wconf 89' lang='lat' dir='ltr'><strong>nimirum</strong></span> <span class='ocrx_word' id='word_1_813' title='bbox 1356 5142 1461 5198; x_wconf 91' lang='lat' dir='ltr'><strong>hoc</strong></span> <span class='ocrx_word' id='word_1_814' title='bbox 1509 5143 1674 5197; x_wconf 91' lang='lat' dir='ltr'><strong>telum</strong></span> <span class='ocrx_word' id='word_1_815' title='bbox 1703 5158 1826 5198; x_wconf 85' lang='lat' dir='ltr'><strong>esse</strong></span> <span class='ocrx_word' id='word_1_816' title='bbox 1860 5142 2018 5196; x_wconf 83' lang='lat' dir='ltr'><strong>ﬁdem</strong></span> <span class='ocrx_word' id='word_1_817' title='bbox 2057 5158 2155 5214; x_wconf 90' lang='lat' dir='ltr'><strong>per</strong></span> <span class='ocrx_word' id='word_1_818' title='bbox 2194 5142 2539 5198; x_wconf 90' lang='lat' dir='ltr'><strong>dilectionem</strong></span> <span class='ocrx_word' id='word_1_819' title='bbox 2611 5144 2905 5200; x_wconf 76' lang='lat' dir='ltr'><strong>efﬁcaciter</strong></span> <span class='ocrx_word' id='word_1_820' title='bbox 2943 5159 3002 5199; x_wconf 88' lang='lat' dir='ltr'><strong>se</strong></span> <span class='ocrx_word' id='word_1_821' title='bbox 3030 5144 3428 5201; x_wconf 86' lang='lat' dir='ltr'><strong>declarantem.</strong></span> 
     </span>
    </p>
   </div>
   <div class='ocr_carea' id='block_1_105' title="bbox 500 5228 1983 5310">
    <p class='ocr_par' dir='ltr' id='par_1_105' title="bbox 500 5237 1977 5309">
     <span class='ocr_line' id='line_1_105' title="bbox 500 5237 1977 5309; baseline -0.003 -13"><span class='ocrx_word' id='word_1_822' title='bbox 500 5239 794 5298; x_wconf 74' lang='lat' dir='ltr'><strong>Enimvero</strong></span> <span class='ocrx_word' id='word_1_823' title='bbox 823 5241 939 5297; x_wconf 70' lang='lat' dir='ltr'><strong>haec</strong></span> <span class='ocrx_word' id='word_1_824' title='bbox 967 5241 1041 5295; x_wconf 85' lang='lat' dir='ltr'><strong>ita</strong></span> <span class='ocrx_word' id='word_1_825' title='bbox 1085 5254 1145 5295; x_wconf 91' lang='lat' dir='ltr'><strong>se</strong></span> <span class='ocrx_word' id='word_1_826' title='bbox 1169 5239 1428 5302; x_wconf 82' lang='lat' dir='ltr'><strong>habeant,</strong></span> <span class='ocrx_word' id='word_1_827' title='bbox 1488 5239 1566 5294; x_wconf 90' lang='lat' dir='ltr'><strong>uti</strong></span> <span class='ocrx_word' id='word_1_828' title='bbox 1608 5239 1810 5309; x_wconf 87' lang='lat' dir='ltr'><strong>cuique</strong></span> <span class='ocrx_word' id='word_1_829' title='bbox 1853 5237 1977 5293; x_wconf 84' lang='lat' dir='ltr'><strong>vide</strong></span> 
     </span>
    </p>
   </div>
   <div class='ocr_carea' id='block_1_106' title="bbox 2167 5228 3650 5310">
    <p class='ocr_par' dir='ltr' id='par_1_106' title="bbox 2194 5228 3650 5310">
     <span class='ocr_line' id='line_1_106' title="bbox 2194 5228 3650 5310; baseline -0.002 -19"><span class='ocrx_word' id='word_1_830' title='bbox 2194 5238 2353 5292; x_wconf 84' lang='grc' dir='ltr'><strong>Ἀλλά</strong></span> <span class='ocrx_word' id='word_1_831' title='bbox 2386 5237 2557 5293; x_wconf 79' lang='grc' dir='ltr'><strong>ταῦτα</strong></span> <span class='ocrx_word' id='word_1_832' title='bbox 2594 5242 2691 5310; x_wconf 77' lang='grc' dir='ltr'><strong>μὲν</strong></span> <span class='ocrx_word' id='word_1_833' title='bbox 2721 5237 2892 5309; x_wconf 76' lang='grc' dir='ltr'><strong>ἐχέτω</strong></span> <span class='ocrx_word' id='word_1_834' title='bbox 2921 5239 2997 5303; x_wconf 83' lang='grc' dir='ltr'><strong>ὡς</strong></span> <span class='ocrx_word' id='word_1_835' title='bbox 3028 5238 3177 5309; x_wconf 81' lang='grc' dir='ltr'><strong>αὐτῷ</strong></span> <span class='ocrx_word' id='word_1_836' title='bbox 3203 5239 3384 5292; x_wconf 87' lang='grc' dir='ltr'><strong>δοκεῖ·</strong></span> <span class='ocrx_word' id='word_1_837' title='bbox 3414 5241 3591 5309; x_wconf 68' lang='grc' dir='ltr'><strong>ἴδωμεν</strong></span> <span class='ocrx_word' id='word_1_838' title='bbox 3609 5228 3650 5282; x_wconf 57' lang='grc' dir='ltr'><strong>δὲ</strong></span> 
     </span>
    </p>
   </div>
   <div class='ocr_carea' id='block_1_107' title="bbox 428 5330 1911 5403">
    <p class='ocr_par' dir='ltr' id='par_1_107' title="bbox 428 5330 1911 5400">
     <span class='ocr_line' id='line_1_107' title="bbox 428 5330 1911 5400; baseline -0.005 -9"><span class='ocrx_word' id='word_1_839' title='bbox 428 5335 624 5392; x_wconf 85' lang='lat' dir='ltr'><strong>bitur:</strong></span> <span class='ocrx_word' id='word_1_840' title='bbox 665 5347 814 5390; x_wconf 84' lang='lat' dir='ltr'><strong>nunc</strong></span> <span class='ocrx_word' id='word_1_841' title='bbox 866 5334 1148 5389; x_wconf 84' lang='lat' dir='ltr'><strong>videamus</strong></span> <span class='ocrx_word' id='word_1_842' title='bbox 1200 5340 1255 5385; x_wconf 77' lang='lat' dir='ltr'><strong>et</strong></span> <span class='ocrx_word' id='word_1_843' title='bbox 1297 5332 1443 5385; x_wconf 85' lang='lat' dir='ltr'><strong>illam</strong></span> <span class='ocrx_word' id='word_1_844' title='bbox 1503 5330 1911 5400; x_wconf 77' lang='lat' dir='ltr'><strong>interrogationt</strong></span> 
     </span>
    </p>
   </div>
   <div class='ocr_carea' id='block_1_108' title="bbox 2167 5330 3650 5403">
    <p class='ocr_par' dir='ltr' id='par_1_108' title="bbox 2167 5330 3650 5403">
     <span class='ocr_line' id='line_1_108' title="bbox 2167 5330 3650 5403; baseline -0.003 -20"><span class='ocrx_word' id='word_1_845' title='bbox 2167 5331 2203 5383; x_wconf 76' lang='lat' dir='ltr'><strong>tl.</strong></span> <span class='ocrx_word' id='word_1_846' title='bbox 2228 5330 2325 5402; x_wconf 78' lang='grc' dir='ltr'><strong>τὴν</strong></span> <span class='ocrx_word' id='word_1_847' title='bbox 2350 5331 2503 5403; x_wconf 80' lang='grc' dir='ltr'><strong>παρὰ</strong></span> <span class='ocrx_word' id='word_1_848' title='bbox 2524 5331 2633 5384; x_wconf 89' lang='grc' dir='ltr'><strong>τῶν</strong></span> <span class='ocrx_word' id='word_1_849' title='bbox 2676 5330 2959 5402; x_wconf 82' lang='grc' dir='ltr'><strong>παρθένων</strong></span> <span class='ocrx_word' id='word_1_850' title='bbox 2990 5330 3393 5403; x_wconf 88' lang='grc' dir='ltr'><strong>προσαχθεῖσαν</strong></span> <span class='ocrx_word' id='word_1_851' title='bbox 3426 5330 3650 5403; x_wconf 78' lang='grc' dir='ltr'><strong>ἐρώτησιν</strong></span> 
     </span>
    </p>
   </div>
   <div class='ocr_carea' id='block_1_109' title="bbox 428 5404 1911 5495">
    <p class='ocr_par' dir='ltr' id='par_1_109' title="bbox 428 5421 1908 5495">
     <span class='ocr_line' id='line_1_109' title="bbox 428 5421 1908 5495; baseline -0.001 -16"><span class='ocrx_word' id='word_1_852' title='bbox 428 5441 598 5495; x_wconf 79' lang='lat' dir='ltr'><strong>quam</strong></span> <span class='ocrx_word' id='word_1_853' title='bbox 655 5425 899 5494; x_wconf 75' lang='lat' dir='ltr'><strong>virgines</strong></span> <span class='ocrx_word' id='word_1_854' title='bbox 950 5424 1220 5495; x_wconf 67' lang='lat' dir='ltr'><strong>magistrae</strong></span> <span class='ocrx_word' id='word_1_855' title='bbox 1284 5438 1398 5477; x_wconf 67' lang='lat' dir='ltr'><strong>sum</strong></span> <span class='ocrx_word' id='word_1_856' title='bbox 1456 5429 1812 5493; x_wconf 82' lang='lat' dir='ltr'><strong>preponunt:</strong></span> <span class='ocrx_word' id='word_1_857' title='bbox 1862 5421 1908 5486; x_wconf 77' lang='grc' dir='ltr'>Ω</span> 
     </span>
    </p>
   </div>
   <div class='ocr_carea' id='block_1_110' title="bbox 2166 5404 3649 5495">
    <p class='ocr_par' dir='ltr' id='par_1_110' title="bbox 2166 5404 3649 5493">
     <span class='ocr_line' id='line_1_110' title="bbox 2166 5404 3649 5493; baseline -0.005 -16"><span class='ocrx_word' id='word_1_858' title='bbox 2166 5426 2175 5493; x_wconf 68' lang='lat' dir='ltr'><strong>j</strong></span> <span class='ocrx_word' id='word_1_859' title='bbox 2200 5422 2525 5492; x_wconf 83' lang='grc' dir='ltr'><strong>διδασκάλῳ.</strong></span> <span class='ocrx_word' id='word_1_860' title='bbox 2566 5423 2626 5475; x_wconf 83' lang='grc' dir='ltr'><em>Τί</em></span> <span class='ocrx_word' id='word_1_861' title='bbox 2638 5404 2974 5490; x_wconf 59' lang='grc' dir='ltr'><strong>’ἁδελφιδός</strong></span> <span class='ocrx_word' id='word_1_862' title='bbox 3005 5423 3248 5480; x_wconf 76' lang='grc' dir='ltr'><strong>σουάπὸ</strong></span> <span class='ocrx_word' id='word_1_863' title='bbox 3266 5414 3593 5493; x_wconf 67' lang='grc' dir='ltr'><strong>ἀδελφιδοῦ,</strong></span> <span class='ocrx_word' id='word_1_864' title='bbox 3622 5410 3649 5469; x_wconf 81' lang='grc' dir='ltr'><strong><em>ὴ</em></strong></span> 
     </span>
    </p>
   </div>
   <div class='ocr_carea' id='block_1_111' title="bbox 432 5509 1915 5586">
    <p class='ocr_par' dir='ltr' id='par_1_111' title="bbox 432 5516 1915 5586">
     <span class='ocr_line' id='line_1_111' title="bbox 432 5516 1915 5586; baseline -0.001 -19"><span class='ocrx_word' id='word_1_865' title='bbox 432 5517 607 5586; x_wconf 66' lang='lat' dir='ltr'><strong>differt</strong></span> <span class='ocrx_word' id='word_1_866' title='bbox 658 5526 911 5586; x_wconf 78' lang='lat' dir='ltr'><strong>cognatus</strong></span> <span class='ocrx_word' id='word_1_867' title='bbox 947 5527 1066 5569; x_wconf 81' lang='lat' dir='ltr'><strong>tuus</strong></span> <span class='ocrx_word' id='word_1_868' title='bbox 1120 5534 1153 5569; x_wconf 89' lang='lat' dir='ltr'><strong>a</strong></span> <span class='ocrx_word' id='word_1_869' title='bbox 1213 5525 1453 5585; x_wconf 75' lang='lat' dir='ltr'><strong>cognato,</strong></span> <span class='ocrx_word' id='word_1_870' title='bbox 1500 5532 1530 5569; x_wconf 89' lang='grc' dir='ltr'><strong>ο</strong></span> <span class='ocrx_word' id='word_1_871' title='bbox 1577 5516 1811 5584; x_wconf 74' lang='lat' dir='ltr'><strong>formosa</strong></span> <span class='ocrx_word' id='word_1_872' title='bbox 1873 5516 1915 5567; x_wconf 76' lang='lat' dir='ltr'><strong>in</strong></span> 
     </span>
    </p>
   </div>
   <div class='ocr_carea' id='block_1_112' title="bbox 2165 5509 3648 5586">
    <p class='ocr_par' dir='ltr' id='par_1_112' title="bbox 2165 5509 3648 5584">
     <span class='ocr_line' id='line_1_112' title="bbox 2165 5509 3648 5584; baseline -0.009 -11"><span class='ocrx_word' id='word_1_873' title='bbox 2165 5516 2266 5584; x_wconf 72' lang='grc' dir='ltr'><strong>ῑλὴ</strong></span> <span class='ocrx_word' id='word_1_874' title='bbox 2293 5516 2363 5569; x_wconf 75' lang='grc' dir='ltr'><strong>ἐν</strong></span> <span class='ocrx_word' id='word_1_875' title='bbox 2386 5514 2701 5583; x_wconf 74' lang='grc' dir='ltr'><strong>γυναιξιί·;</strong></span> <span class='ocrx_word' id='word_1_876' title='bbox 2730 5515 2788 5567; x_wconf 81' lang='grc' dir='ltr'><strong>τί</strong></span> <span class='ocrx_word' id='word_1_877' title='bbox 2808 5512 3130 5582; x_wconf 64' lang='grc' dir='ltr'><strong>ὰδελφιδός</strong></span> <span class='ocrx_word' id='word_1_878' title='bbox 3156 5528 3274 5566; x_wconf 85' lang='grc' dir='ltr'><strong>σου</strong></span> <span class='ocrx_word' id='word_1_879' title='bbox 3305 5513 3427 5566; x_wconf 77' lang='grc' dir='ltr'><strong>ἀπὸ</strong></span> <span class='ocrx_word' id='word_1_880' title='bbox 3455 5509 3648 5571; x_wconf 59' lang='grc' dir='ltr'><strong>ἅδε-ψ’</strong></span> 
     </span>
    </p>
   </div>
   <div class='ocr_carea' id='block_1_113' title="bbox 537 5688 2103 5759">
    <p class='ocr_par' dir='ltr' id='par_1_113' title="bbox 537 5688 2103 5759">
     <span class='ocr_line' id='line_1_113' title="bbox 537 5688 2103 5759; baseline -0.001 -14"><span class='ocrx_word' id='word_1_881' title='bbox 537 5688 749 5746; x_wconf 57' lang='lat' dir='ltr'><strong>“Paul.</strong></span> <span class='ocrx_word' id='word_1_882' title='bbox 774 5708 959 5759; x_wconf 66' lang='lat' dir='ltr'><strong>cum,</strong></span> <span class='ocrx_word' id='word_1_883' title='bbox 983 5695 1034 5746; x_wconf 74' lang='lat'><strong>.3.</strong></span> <span class='ocrx_word' id='word_1_884' title='bbox 1112 5697 1153 5723; x_wconf 60' lang='grc'><strong>³³³</strong></span> <span class='ocrx_word' id='word_1_885' title='bbox 1190 5694 1347 5747; x_wconf 80' lang='lat' dir='ltr'><strong>Prov.</strong></span> <span class='ocrx_word' id='word_1_886' title='bbox 1380 5711 1547 5758; x_wconf 73' lang='lat' dir='ltr'><strong>xxv”,</strong></span> <span class='ocrx_word' id='word_1_887' title='bbox 1576 5696 1624 5749; x_wconf 81' lang='grc'><strong>6.</strong></span> <span class='ocrx_word' id='word_1_888' title='bbox 1700 5698 1743 5725; x_wconf 64' lang='grc'><strong>²²⁰</strong></span> <span class='ocrx_word' id='word_1_889' title='bbox 1768 5694 1938 5747; x_wconf 59' lang='grc' dir='ltr'><strong>(δίειμι.</strong></span> <span class='ocrx_word' id='word_1_890' title='bbox 1969 5710 2019 5751; x_wconf 79' lang='lat' dir='ltr'><strong>v.</strong></span> <span class='ocrx_word' id='word_1_891' title='bbox 2054 5692 2103 5745; x_wconf 86' lang='lat'><strong>6.</strong></span> 
     </span>
    </p>
   </div>
  </div>
