3730 5980
110 211 260 268 1045

1117 214 1188 269 IN
1222 214 1520 272 CANTICA
1548 215 1828 274 CANTIC.
1862 212 2151 273 HOMILIA
2186 211 2321 267 XIII.

3246 210 3383 269 1046

103 331 265 397 δοῦ,
296 332 388 387 ὅτι
429 331 618 399 οὕτως
648 329 915 403 ὥρκισας
944 330 1138 403 ripae;
1178 334 1445 409 Τοιαύτην
1496 335 1554 389 δέ

1910 333 2050 387 lieres
2075 329 2244 402 ?quid
2276 337 2531 401 cognatus
2561 337 2681 381 tuus
2720 342 2752 380 a
2781 335 3001 397 cognato
3026 326 3227 398 lli/fert,
3245 325 3383 398 quod

105 426 266 479 δοκεῖ
298 425 699 501 μοι’περιὲχειν
732 426 767 495 ἡ
796 425 955 496 ῥῆσις
983 424 1241 491 διάνοιαν,
1272 426 1455 491 καθὼς
1488 429 1522 498 ἡ
1570 429 1703 481 ἀκο-

108 517 312 572 λουθία
339 516 447 571 τῶν
467 519 958 593 προεξητασμένων
981 517 1220 583 εἰκάζειν
1238 518 1477 577 δίδωσιν·
1489 521 1707 595 Ἐπειδὴ

109 611 228 683 γὰρ
273 612 329 664 αί
377 610 635 683 παρθένοι
680 605 817 664 εἶδον
862 610 961 683 τὴν
991 610 1163 684 καλὴν
1190 611 1366 676 ἔξοδον
1402 611 1503 683 τῆς
1529 612 1707 685 ψυχῆς

112 702 381 773 νύμφης,
432 704 524 757 ὅτε
577 703 860 777 προσεφύη
911 703 987 775 τῷ
1029 704 1249 777 Λόγῳὴ
1300 705 1572 774 εἰποῦσα,
1625 707 1710 761 ὅτι

126 795 434 865 Ἐξῆλθεν
466 797 505 864 ἡ
532 797 704 867 ψυχή
724 815 842 868 μου
879 796 949 853 ἐν
969 800 1132 868 λόγῳ
1166 798 1380 854 αὐτοῦ·
1421 799 1514 855 καὶ
1547 798 1712 868 ἔγνω-

115 904 249 953 σαν,
276 888 358 941 ὅτι
392 887 574 960 ἐζήτει
606 887 896 952 ἐξελθοῦσα
925 887 1016 942 τὸν
1049 888 1135 942 διὰ
1159 889 1398 960 σημείων
1430 890 1527 960 οὐχ
1555 891 1709 962 εὑρι-

116 980 397 1050 σκόμενον
419 1020 436 1045 ,
485 980 582 1033 καὶ
634 980 819 1034 ἐκάλει
852 979 1032 1052 βοῶσα
1075 980 1168 1035 τὸν
1196 982 1293 1053 οὺχ
1326 981 1712 1039 ὑπακούσαντα.

112 1074 239 1135 tot;
270 1074 498 1145 ὀνόμασι
520 1092 534 1105 ο
564 1074 653 1128 διὰ
674 1075 830 1128 τοῦτό
868 1092 1029 1143 φασι,
1062 1074 1185 1139 Πῶς
1213 1074 1526 1145 ὲπιγνῶμεν
1551 1076 1713 1131 αὐτὸν

114 1165 294 1236 ἡμεῖς
321 1206 337 1228 ,
377 1166 469 1220 τὸν
504 1166 694 1240 μηδενὶ
742 1169 953 1238 σημείῳ
1000 1167 1344 1241 γνωριστικῷ
1393 1169 1717 1240 εὑρισκόμε-

116 1273 215 1310 νον
244 1297 260 1322 ,
295 1257 356 1321 ὃς
383 1257 507 1312 οὔτε
543 1259 804 1315 ὑπακούει
857 1259 1188 1330 καλούμενος
1209 1298 1224 1323 ,
1258 1259 1383 1312 οὔτε
1430 1263 1716 1331 κρατεῖται

115 1348 495 1421 (modium;
524 1351 752 1422 Περίελε
799 1350 978 1405 τοίνυν
1033 1351 1125 1405 καὶ
1167 1352 1231 1405 σὺ
1283 1350 1392 1405 τῶν
1423 1351 1718 1424 ὀφθαλμῶν

114 1441 241 1496 τῶν
280 1443 570 1514 ἡμετέρων
603 1442 672 1496 τὰ
713 1442 993 1521 θέριστρα,
1025 1443 1161 1514 ὅπερ
1206 1443 1469 1513 ἐποίησαν
1503 1446 1596 1498 ἐπὶ
1636 1446 1720 1498 uol

114 1535 175 1587 οἱ
206 1534 315 1604 τῆς
342 1534 549 1598 πόλεως
572 1533 812 1604 φύλακες
837 1575 852 1599 ,
885 1534 972 1589 ἵνα
1000 1553 1085 1599 τις
1111 1535 1336 1606 γένηται
1362 1537 1493 1606 ἡμῖν
1529 1535 1720 1607 ὁδηγία

119 1622 271 1692 πρὸς
294 1622 362 1676 τὸ
395 1623 745 1694 ζητούμενον.
776 1624 913 1678 Εἰπὲ
937 1665 951 1689 ,
986 1624 1068 1689 τίς
1102 1627 1249 1679 ἐστιν
1276 1626 1556 1696 ἁδελφιδός
1601 1644 1717 1693 σου,

1806 426 1883 479 ita
1900 422 2249 494 iureiurando
2313 436 2405 476 nos
2455 418 2817 474 astrinxeris?
2882 416 2960 472 Ea
3004 418 3171 473 verba
3220 418 3384 472 talem

1807 514 1942 574 mihi
2003 514 2286 569 continere
2341 525 2564 571 sensum
2602 508 2882 576 videntur,
2925 509 3383 579 quemadmodum

1807 625 1876 665 ex
1914 608 2033 680 ipsa
2061 620 2244 661 rerum
2270 603 2384 675 jam
2417 603 2804 674 inquisitarum
2844 601 2984 657 serie
3015 584 3294 671 conjicere
3320 601 3387 656 li-

1810 708 1896 757 cet
1926 720 1943 759 :
1975 698 2114 767 Quia
2143 696 2391 752 viderunt
2427 696 2666 766 virgines
2714 695 3030 766 praeclaram
3080 693 3229 749 illam
3266 693 3387 748 ani-

1808 805 1934 854 mae,
1970 803 2091 858 qure
2137 802 2340 859 sponsa
2372 793 2477 853 est,
2520 787 2910 859 egressionem,
2955 800 3080 842 cum
3112 782 3291 840 Verbo
3331 800 3391 840 se

1812 882 2153 954 adiungeret,
2197 881 2285 936 his
2327 880 2510 936 verbis
2556 893 2664 935 usa:
2728 896 2741 933 :
2797 878 3026 950 Egressa
3084 886 3161 932 est
3210 879 3391 932 animi:

1814 991 1931 1029 mea
1973 974 2041 1028 ad
2090 986 2381 1028 sermonem
2445 969 2604 1041 ejus;
2645 971 2771 1040 quia
2824 969 2952 1024 item
2997 976 3390 1039 cognoverunt,

1815 1064 1959 1136 quod
2008 1079 2230 1135 egressa
2268 1062 2546 1134 quaesierit
2577 1061 2761 1129 illum,
2815 1061 2909 1132 qui
2945 1075 3042 1131 per
3090 1060 3246 1130 signa
3296 1074 3396 1114 ne-

1816 1160 1936 1228 quit
1982 1155 2248 1221 inveniri,
2315 1169 2382 1210 ac
2444 1152 2724 1209 vocaverit
2765 1167 2893 1208 eum
2963 1150 3059 1221 qui
3108 1150 3394 1206 nominum

1819 1249 2274 1322 appellationibus
2315 1262 2427 1304 non
2486 1246 2709 1302 adhibet
2754 1258 2943 1301 aurem
2978 1260 2993 1306 ;
3040 1241 3246 1299 idcirco
3283 1243 3396 1312 jam

1818 1335 2072 1412 quaeritnt
2102 1341 2207 1396 hoc
2235 1337 2648 1417 quodammodo
2695 1353 2710 1392 ι
2766 1335 2871 1403 Qui
2897 1350 2998 1392 nos
3037 1348 3405 1405 agnoscemus

1820 1448 1944 1488 eum
2001 1431 2097 1503 qui
2147 1431 2298 1486 nullo
2335 1431 2494 1501 signo
2530 1427 2760 1499 reperiri
2815 1434 2994 1498 potest
3039 1425 3183 1481 unde
3232 1438 3405 1494 agno-

1822 1512 2045 1583 scatur?
2074 1524 2277 1595 quippe
2306 1538 2433 1577 cum
2459 1531 2687 1577 vocatus
2710 1534 2817 1574 non
2843 1514 3063 1582 audiat,
3116 1524 3170 1572 et
3196 1516 3399 1585 quaesi-

1822 1621 1912 1670 tus
1966 1628 2077 1669 non
2135 1610 2675 1683 comprehendatur?
2736 1609 2931 1665 Adime
2973 1607 3180 1664 nostris
3234 1604 3400 1661 etiam

120 1685 261 1766 κᾷθέ
284 1713 314 1767 ὅ
341 1685 488 1766 ἐστιν
516 1685 580 1767 ὲν
606 1712 685 1783 τῷ
728 1713 871 1784 λόγῳ
904 1685 1003 1784 τῆς
1033 1685 1267 1783 ιρύσεως.
1298 1715 1399 1779 Δὸς
1417 1685 1563 1787 ’ἡμῖν
1582 1756 1593 1773 .

1927 1706 1996 1763 lis
2034 1704 2174 1772 vela,
2209 1704 2356 1775 quod
2402 1704 2501 1759 tibi
2548 1700 2807 1759 custodes
2847 1698 3086 1755 civitatis
3133 1697 3400 1759 fecerunt,

118 1802 220 1857 δον
268 1802 371 1873 τῆς
417 1802 766 1872 ἐπιγνώσεως
800 1802 966 1859 αὐτοῦ
996 1844 1010 1868 ,
1041 1804 1128 1858 διὰ
1155 1805 1530 1879 γνωριστικῶν
1557 1824 1720 1861 τινων

119 1894 471 1964 τεκμηρίων,
499 1895 563 1947 σὺ
601 1893 693 1949 τοῦ
725 1894 891 1948 καλοῦ
924 1895 1295 1967 πληρωθεῖσα,
1330 1899 1424 1952 καὶ
1453 1898 1540 1954 διὰ
1562 1898 1723 1953 τοῦτο

124 1985 404 2055 γενομένη
444 1984 583 2055 καλὴ
615 1985 674 2038 ὲν
710 1984 944 2054 γυναιξί.
970 1983 1241 2056 Γνώρισον
1269 1988 1401 2057 ἡμῖν
1439 1987 1500 2040 τὸ
1529 1987 1722 2060 ζητού-

127 2093 329 2148 μενον,
363 2078 461 2133 καὶ
483 2075 691 2141 δίδαξον
721 2078 869 2148 ἡμᾶς
888 2114 903 2139 ,
930 2074 996 2129 δι’
1033 2068 1108 2129 ὧν
1135 2075 1450 2147 εὑρίσκεται
1480 2078 1723 2149 σημείων

124 2171 157 2224 ὁ
182 2171 420 2243 ἀόρατος
445 2211 460 2236 ,
508 2169 584 2232 ὡς
619 2171 857 2241 μηνῦσαι
891 2168 1040 2240 αὐτῷ
1096 2171 1226 2241 περὶ
1256 2169 1351 2223 τοῦ
1405 2170 1591 2241 βέλους
1625 2172 1724 2242 τῆς

126 2260 394 2331 ἀγάπης,
427 2255 472 2329 ᾧ
529 2260 681 2332 μέσῳ
725 2260 994 2329 τέτρωσαι
1046 2261 1147 2332 τὴν
1188 2260 1453 2331 καρδίαν,
1488 2262 1576 2321 διὰ
1624 2263 1726 2333 τῆς

126 2353 403 2420 γλυκείας
432 2351 625 2423 ὀδύνης
651 2353 743 2406 τὸν
786 2352 949 2406 πόθον
1000 2351 1329 2419 ἐπαύξουσα.
1363 2355 1625 2425 Κρεῖττον
1668 2356 1727 2410 δὲ

132 2443 209 2498 ἂν
252 2443 339 2512 ειη
364 2484 382 2509 ,
413 2443 574 2499 πάλιν
602 2442 702 2514 τὴν
738 2442 906 2512 αὐτὴν
937 2442 1096 2514 ῥῆσιν
1131 2443 1490 2499 ἐπαναλαϐεῖν
1519 2446 1614 2499 ἐπὶ
1639 2445 1728 2498 λέ-

130 2535 284 2602 ξεως
305 2576 319 2600 ,
345 2535 420 2598 ὡς
449 2535 515 2589 ἂν
541 2534 842 2607 ὲφαρμόσοι
873 2535 906 2605 ἡ
941 2537 1053 2598 τοῖς
1092 2537 1275 2607 ῥητοῖς
1301 2536 1585 2591 ἐκτεθεῖσα
1610 2536 1730 2591 διά·

132 2644 284 2681 νοια.
329 2626 391 2681 Τί
429 2625 755 2695 άδελφιδός
782 2643 899 2682 σου
934 2627 1051 2682 ἀπὸ
1085 2626 1446 2697 ἀδελφιδοῦ,
1486 2629 1525 2697 ἡ
1566 2627 1726 2697 καλὴ

134 2718 217 2773 ἐν
259 2718 499 2786 γυναιξί
529 2734 550 2783 ;
592 2720 650 2772 τί
678 2718 1001 2789 ἀδελφιδός
1044 2736 1161 2773 σου
1202 2719 1321 2775 ἀπὸ
1376 2719 1725 2790 ἀδελφιδοῦ,

137 2808 237 2863 ὅτι
265 2810 454 2875 οὕτως
480 2808 743 2878 ὤρκισας
771 2809 929 2879 ἡμᾶς
954 2827 973 2876 ;
1026 2811 1373 2881 ’Δκούσωμεν
1412 2810 1591 2867 τοίνυν
1628 2811 1730 2880 τῆς

139 2901 394 2973 ἀκριϐῶς
430 2901 820 2973 περιελομένης
860 2904 922 2956 τὸ
971 2902 1287 2974 θέριστρον,
1328 2904 1423 2957 καὶ
1463 2905 1734 2959 ἀνακεκα-

1820 1806 1882 1856 ut
1937 1797 2229 1869 quamdam
2293 1795 2454 1867 quasi
2507 1792 2989 1853 manuductionem
3033 1789 3102 1845 ad
3156 1789 3212 1845 id
3256 1788 3405 1860 quod

1820 1891 2117 1960 quaerimus
2143 1901 2571 1957 consequamur.
2625 1884 2824 1951 Dicito,
2871 1882 2996 1954 quis
3036 1881 3109 1937 sit
3135 1888 3404 1949 cognatus

1823 1990 1974 2046 tuus,
2010 1989 2280 2050 quatenus
2312 1993 2497 2034 rerum
2526 1978 2582 2031 in
2612 1984 2809 2032 natura
2841 1973 3074 2030 exsistit.
3109 1971 3405 2028 Commonc

1825 2081 1998 2131 strato
2029 2071 2189 2129 nobis
2233 2072 2376 2126 viam
2412 2068 2745 2141 cognitionis
2776 2067 2897 2138 ejus
2943 2080 3039 2136 per
3085 2070 3403 2135 argumenta

1824 2166 2094 2239 quaedam,
2132 2162 2201 2220 de
2226 2162 2426 2234 quibus
2464 2160 2687 2231 agnosci
2721 2159 2914 2230 possit,
2963 2173 2997 2213 ο
3028 2166 3087 2211 tu
3121 2170 3243 2226 quae
3282 2155 3405 2223 pul-

1826 2257 1960 2313 chra
2011 2254 2154 2309 facta
2186 2267 2244 2308 es
2272 2251 2413 2306 inter
2460 2248 2742 2315 mulieres,
2797 2253 3090 2318 propterea
3122 2243 3267 2315 quod
3313 2242 3407 2297 illo

1827 2345 1971 2399 bono
1999 2342 2203 2411 repleta
2247 2340 2345 2396 sis.
2400 2338 2644 2395 Indicato
2697 2337 2856 2393 nobis
2897 2335 3047 2408 quod
3084 2334 3401 2405 quaerimus.
3494 2402 3503 2409 _

1832 2436 2031 2492 Doceto
2059 2448 2161 2488 nos
2218 2447 2314 2502 per
2346 2446 2468 2502 quae
2520 2431 2675 2501 signa
2729 2427 3037 2500 reperiatur
3064 2427 3131 2482 .is
3167 2424 3262 2496 qui
3298 2439 3408 2483 non

1829 2524 2092 2589 cernitur,
2139 2530 2199 2577 ut
2247 2520 2617 2594 signiﬁcemus
2664 2518 2771 2589 ipsi
2813 2518 2883 2573 de
2930 2514 3239 2573 dilectionis
3280 2512 3410 2575 telo,

1830 2633 1939 2690 quo
1969 2632 2064 2687 per
2089 2615 2329 2687 medium
2371 2628 2468 2668 cor
2522 2612 2805 2667 vulnerata
2822 2624 2908 2674 es,
2944 2620 3151 2677 augens
3188 2604 3405 2660 deside-

1830 2711 1973 2765 rium
2012 2718 2165 2763 tuum
2200 2720 2296 2775 per
2344 2705 2493 2759 hunc
2535 2702 2800 2758 dolorem.
2847 2698 3037 2754 Fuerit
3077 2703 3260 2751 autem
3292 2710 3411 2750 mc-

1831 2802 1943 2857 Iius
1978 2813 2177 2855 rursus
2211 2798 2277 2853 de
2304 2795 2472 2852 verbo
2516 2794 2586 2848 ad
2625 2792 2849 2848 verbum
2884 2790 2987 2844 hoc
3022 2788 3229 2845 dictum
3256 2799 3413 2855 repe-

1834 2901 1968 2959 tere,
1995 2898 2056 2946 ut
2097 2889 2347 2960 exposita
2416 2886 2579 2941 modo
2607 2882 2882 2941 sententia
2916 2881 3099 2937 verbis
3145 2877 3283 2949 ipsis
3322 2891 3416 2931 acv-

140 2992 466 3063 λυμμένης,
495 2992 575 3065 τῷ
603 2993 704 3063 τῆς
750 2994 930 3065 ψυχῆς
972 2993 1235 3065 ὀφθαλμῷ
1266 2994 1570 3065 βλεπούσης
1596 3015 1613 3049 ι

1940 2981 2240 3038 tmodetur.
2271 2979 2424 3047 Quid
2455 2977 2636 3047 diﬂ'ert
2672 2984 2929 3047 cognatus
2960 2983 3080 3027 luus
3110 2988 3144 3026 a
3169 2978 3413 3041 cognato,

139 3082 249 3154 τὴν
274 3082 534 3154 ἀλήθειαν
552 3099 566 3113 ⁶
595 3083 711 3149 πῶς
733 3084 1042 3156 ὑπογράφει
1074 3085 1268 3149 αὑταῖς
1295 3085 1355 3139 τὸ
1382 3085 1732 3158 ζητούμενον;

143 3172 273 3237 πῶς
301 3172 585 3246 ζωγραφεῖ
619 3173 699 3246 τῷ
737 3174 881 3246 λόγῳ
925 3175 1020 3228 τοῦ
1063 3174 1398 3247 ποθουμένου
1430 3176 1521 3232 τὸν
1561 3194 1736 3248 χαραο

142 3267 375 3338 κτῆρα;
441 3265 561 3330 πῶς
619 3266 711 3320 ὑπ’
764 3265 885 3336 ὄψιν
955 3265 1079 3335 ἄγει
1130 3268 1250 3330 ταῖς
1305 3267 1597 3337 παρθένοις
1647 3267 1739 3322 τὸν

144 3358 552 3429 ἁγνοούμενονς
588 3358 806 3429 Ἐπειδὴ
838 3359 945 3430 γὰρ
973 3355 1066 3411 τοῦ
1088 3356 1348 3428 Χριστοῦ,
1372 3359 1433 3411 τὸ
1461 3359 1558 3428 μὲν
1584 3360 1735 3413 ἄκτιε

148 3450 283 3505 στόν
311 3452 462 3527 ἐστι,
481 3449 543 3504 τὸ
579 3449 635 3502 δὲ
666 3448 882 3504 κτιστόν
905 3465 920 3480 ⁶
949 3448 1180 3519 λέγομεν
1223 3449 1280 3503 δὲ
1306 3448 1561 3504 ἄκτιστον
1591 3448 1734 3505 εἶναι

148 3538 326 3593 αὐτοῦ
345 3580 360 3605 ,
403 3538 464 3594 τὸ
493 3538 664 3593 ἀΐδιόν
693 3555 752 3592 τε
790 3538 881 3593 καὶ
932 3537 1259 3610 προαιώνιον
1283 3579 1297 3603 ,
1327 3538 1421 3593 καὶ
1463 3537 1742 3610 ποιητικὸν

149 3631 383 3685 πάντων
424 3631 536 3685 τῶν
579 3630 788 3694 ὄντων,
837 3629 1054 3683 κτιστὸν
1101 3628 1159 3682 δὲ
1196 3624 1256 3681 τὸ
1284 3628 1426 3683 κατά
1457 3627 1554 3700 τὴν
1600 3627 1743 3699 ὑπὲρ

151 3721 320 3794 ἡμῶν
351 3722 665 3793 οἰκονομίαν
698 3719 1135 3792 συσχηματισθὲν
1164 3718 1242 3790 τῷ
1275 3718 1485 3790 σώματι
1517 3721 1617 3790 τῆς
1647 3734 1745 3772 ταν

154 3810 475 3876 πεινὼσεως
517 3810 674 3884 ἡμῶν
699 3829 713 3842 ·
771 3812 970 3882 μᾶλλον
1020 3811 1079 3864 δὲ
1146 3809 1213 3864 δι’
1240 3809 1420 3865 αὐτῶν
1447 3808 1556 3863 τῶν
1585 3807 1745 3863 θείων

155 3905 425 3977 ῥημάτων
471 3903 572 3975 τὴν
622 3903 752 3972 περὶ
797 3903 988 3958 τούτου
1021 3903 1258 3957 διάνοιαν
1302 3900 1508 3973 βέλτιον
1541 3900 1608 3955 ἂν
1659 3901 1746 3972 εἴη

155 3993 504 4066 παραθέσθαι
526 3993 604 4065 τῷ
649 3991 1110 4064 λόγῳ.”Δκτιστον
1143 3993 1373 4062 λέγομεν
1401 3991 1492 4046 τὸν
1523 3992 1581 4045 ἐν
1603 3991 1746 4063 ἀρχῇ

154 4092 293 4145 ὄντα
320 4086 518 4155 Λόγον,
547 4086 639 4140 τὸν
658 4085 724 4140 δι’
753 4078 814 4139 οὗ
839 4084 907 4139 τὰ
939 4085 1115 4140 πάντα
1146 4082 1394 4154 ἐγένετο,
1429 4085 1523 4138 καὶ
1551 4076 1611 4137 οὗ
1637 4101 1747 4154 χω-

158 4181 254 4253 ρὶς
298 4179 410 4235 τῶν
463 4179 763 4249 γεγονότων
797 4179 946 4233 ἐστὶν
997 4178 1151 4234 οὐδέν
1179 4195 1195 4212 ’
1229 4178 1447 4233 κτιστὺν
1506 4176 1563 4231 δὲ
1590 4219 1606 4244 ,
1660 4177 1750 4231 τὸν

161 4272 351 4344 σάρκα
381 4271 671 4343 γενόμενον
696 4311 711 4336 ,
747 4272 843 4333 xui.
873 4272 930 4325 ὲν
964 4272 1096 4343 ἡμῖν
1128 4269 1486 4342 σκηνώσαντα
1508 4309 1524 4334 ,
1564 4263 1625 4323 οὗ
1657 4270 1752 4323 καὶ

1841 3093 1871 3130 o
1911 3075 2147 3144 formoso
2170 3073 2306 3126 inter
2332 3068 2624 3124 mulieres?
2653 3066 2781 3134 quid
2820 3072 3073 3133 cognatus
3117 3072 3238 3144 tuus
3269 3074 3420 3114 alco-

1839 3142 1999 3240 βιαιο
2037 3167 2255 3236 differt,
2298 3161 2437 3234 quod
2485 3162 2563 3215 ita
2603 3155 2960 3229 jurejurando
3005 3170 3103 3209 nos
3138 3142 3415 3208 eurime-

1839 3264 1963 3319 ris?
2018 3260 2158 3317 l-linc
2208 3257 2323 3328 jam
2379 3255 2668 3310 audiamus
2720 3264 2838 3307 eam
2884 3248 2973 3304 cui
3019 3247 3201 3302 velum
3258 3244 3420 3299 faciei

1847 3366 2079 3424 prorsus
2135 3349 2450 3418 ademptum
2480 3351 2585 3407 est,
2610 3355 2841 3413 quaeque
2859 3342 3049 3409 aperto
3073 3337 3240 3392 animi
3259 3336 3422 3391 oculo

1841 3443 2127 3498 veritatem
2214 3438 2457 3492 intuetur
2493 3454 2505 3490 :
2547 3449 2656 3502 quo
2688 3439 2849 3503 pacto
2877 3427 3139 3483 describit
3164 3427 3248 3483 eis
3278 3426 3425 3497 quod

1843 3531 2206 3606 quaerebant?
2256 3531 2351 3598 qui
2396 3524 2644 3596 depingit
2698 3521 2766 3577 ad
2798 3520 2985 3574 vivum
3025 3518 3276 3573 oratione
3319 3533 3422 3574 sua

1846 3630 2076 3683 formam
2115 3618 2408 3677 desiderati
2435 3618 2458 3671 ?
2498 3615 2590 3685 qui
2615 3614 2718 3669 sub
2745 3618 3026 3681 aspectum
3043 3610 3235 3663 statuit
3258 3607 3426 3679 virgi-

1845 3717 2009 3771 nibus
2029 3727 2153 3770 eum
2182 3724 2343 3780 quem
2376 3703 2737 3778 ignorabant?
2782 3700 2924 3768 Quia
2955 3699 3100 3755 enim
3136 3699 3192 3753 in
3207 3699 3426 3755 Christo

1847 3806 2109 3879 quiddam
2134 3810 2378 3859 creatum
2416 3805 2521 3859 est,
2590 3794 2851 3866 quiddam
2875 3792 3176 3848 incrcatum
3215 3799 3315 3845 :et
3347 3789 3431 3845 in-

1848 3907 2090 3957 creatum
2134 3908 2392 3950 vocamus
2432 3889 2565 3945 illud
2597 3888 2775 3958 ipsum
2844 3884 2989 3955 quod
3032 3889 3296 3938 eternum
3322 3886 3428 3947 est,

1850 4007 1915 4049 ac
1939 3990 2159 4048 saeculis
2193 3986 2374 4057 prius,
2418 3991 2474 4038 et
2513 3996 2545 4036 a
2603 3995 2712 4051 quo
2743 3994 2833 4035 res
2870 3978 3143 4033 universas
3197 3972 3433 4027 condin

1850 4093 1981 4157 sunt
2023 4101 2036 4137 :
2095 4085 2340 4136 creatum
2388 4089 2539 4138 vero,
2584 4071 2729 4142 quod
2775 4069 2847 4126 ob
2881 4076 3190 4139 susceptam
3256 4065 3433 4121 nostri

1851 4156 2021 4234 causa
2053 4168 2589 4230 administrationem
2613 4163 3016 4220 conformatum
3044 4167 3132 4216 est
3163 4158 3231 4214 ad
3286 4156 3436 4214 simi-

1853 4266 2137 4322 litudinem
2181 4259 2428 4330 corporis
2467 4253 2792 4311 humilitatis
2820 4258 3043 4306 nostrae.
3096 4246 3192 4302 Vel
3244 4246 3427 4317 potius

164 4340 547 4435 σαρκωθέντος
600 4365 634 4434 ἡ
687 4340 1058 4434 ἐμφαινομένη
1098 4340 1233 4427 δόξα
1272 4362 1459 4432 δηλοῖ,
1493 4362 1575 4415 ὅτι
1622 4360 1637 4412 1

1957 4359 2025 4413 rit
2068 4363 2234 4423 atque
2265 4350 2460 4405 melius
2490 4362 2586 4418 per
2617 4346 2735 4414 ipsa
2774 4341 2937 4398 verba
2988 4340 3171 4394 divina
3210 4344 3430 4393 senten-

162 4454 492 4526 ὲφανερώθη
526 4455 585 4508 ὲν
638 4455 839 4526 σαρκὶ,
891 4454 1023 4518 Θεὸς
1048 4454 1267 4517 πάντως
1296 4455 1325 4506 ό
1352 4453 1648 4525 μονογενὴς
1669 4491 1685 4516 ,
1724 4454 1753 4506 ὁ

164 4548 230 4601 ὲν
256 4548 371 4606 τοῖς
398 4545 618 4608 κόλποις
646 4544 723 4601 ὢν
758 4544 851 4598 τοῦ
886 4545 1101 4617 Πατρδς
1125 4585 1140 4610 ,
1178 4543 1350 4608 οὕτως
1384 4545 1629 4606 εἰπόντος
1657 4543 1751 4598 τοῦ

182 4634 458 4700 Ἰωάννου,
483 4635 565 4688 ὅτι
581 4633 974 4704 Ἐθεασάμεθα
994 4634 1108 4703 τὴν
1126 4633 1314 4701 δόξαν
1328 4633 1537 4689 αὐτοῦ’
1561 4634 1653 4687 καί
1673 4649 1755 4687 τοι

167 4725 234 4781 τὸ
263 4726 588 4796 φαινόμενον
606 4726 890 4798 ἄνθρωπος
914 4722 1003 4796 ἦν,
1033 4724 1165 4778 ἀλλὰ
1189 4724 1247 4778 τὸ
1279 4724 1344 4778 δι’
1368 4724 1534 4777 αὐτοῦ
1554 4740 1754 4795 γνωρι-

172 4818 621 4890 ζόμενον,ΔόΕαν
655 4819 822 4889 φησὶν
850 4816 1306 4886 ὠςμονογενοῦς
1319 4819 1478 4885 παρὰ
1505 4813 1754 4883 Πατρός,

172 4909 382 4979 πλήρη
401 4908 638 4978 χάριτος
665 4909 763 4965 καὶ
789 4909 1092 4977 ἀληθείας.
1121 4907 1337 4980 Ἐπειδὴ
1366 4908 1545 4962 τοίνυν
1574 4907 1634 4961 τὸ
1658 4907 1759 4978 μὲν

173 5001 433 5055 ἄκτιστον
458 5000 643 5066 αὐτοῦ,
676 5000 770 5054 καὶ¹
796 4997 1140 5069 προαιώνιον,
1173 4999 1266 5051 καὶ
1294 4998 1487 5063 ἀΐδιον,
1518 4997 1759 5068 ἄληπτον

177 5094 282 5164 μὲν
325 5091 447 5147 καθ’
479 5093 600 5147 ὅλου
639 5093 790 5165 πάσῃ
832 5091 991 5161 φύσει
1029 5091 1124 5146 καὶ¹
1163 5089 1544 5160 ἀνεκφώνητον
1568 5107 1582 5121 ο
1612 5090 1673 5144 τὸ
1703 5089 1760 5143 δὲ

172 5184 270 5238 διὰ
299 5183 502 5254 σαρκὸς
531 5185 662 5256 ἡμῖν
689 5182 1000 5255 φανερωθὲν
1025 5222 1041 5248 ,
1076 5181 1298 5237 δύναται
1333 5181 1514 5246 ποσῶς
1558 5182 1653 5235 καὶ
1701 5183 1761 5245 ἐς

174 5274 384 5346 γνῶσιν
408 5275 610 5329 ἐλθεῖν
639 5276 832 5329 τούτου
879 5275 1038 5348 χάριν
1071 5274 1207 5346 πρὸς
1241 5274 1412 5329 ταῦτα
1438 5274 1524 5327 ἀεὶ
1553 5275 1587 5346 ἡ
1612 5274 1759 5329 διδά-

179 5366 382 5430 σκαλος
414 5365 631 5437 βλέπει,
666 5367 760 5419 καὶ
797 5369 924 5439 περὶ
966 5366 1174 5421 τούτων
1202 5368 1435 5420 ποιεῖται
1462 5365 1553 5420 τὸν
1582 5365 1759 5436 λόγον,

181 5459 286 5514 ὅσα
332 5455 556 5531 δύναται
598 5457 853 5526 γενέσθαι
892 5458 1116 5532 χωρητὰ
1143 5459 1255 5523 τοῖς
1300 5456 1574 5513 ἀκούουσι.
1607 5459 1762 5528 Λέγω

295 5638 340 5673 ⁹¹
361 5636 520 5700 Jour].
554 5657 604 5710 ι,
635 5641 688 5697 3.

1860 4450 1992 4503 tiam
2050 4446 2247 4499 borum
2284 4439 2556 4507 subjicere
2588 4432 2745 4504 quasi
2774 4433 2967 4487 oculis.
3013 4430 3320 4485 lncreatum
3348 4426 3436 4481 di-

1857 4542 2035 4595 cimus
2105 4534 2368 4595 Verbum,
2412 4527 2559 4600 quod
2598 4525 2762 4580 initio
2812 4537 2994 4579 rerum
3023 4519 3341 4583 exsistebat,
3386 4525 3441 4574 et

1863 4643 2078 4700 semper
2120 4633 2237 4683 erat
2295 4622 2441 4694 apud
2483 4618 2676 4685 Deum,
2731 4624 2786 4673 et
2833 4623 2952 4671 erat
2992 4613 3135 4669 Deus
3175 4610 3437 4675 Verbum,

1864 4738 1960 4794 per
1980 4717 2128 4791 quod
2155 4716 2244 4771 fac
2257 4723 2312 4770 ta
2338 4720 2466 4769 sunt
2494 4709 2698 4772 omnia,
2720 4716 2775 4762 et
2804 4706 2923 4761 sine
2955 4720 3065 4774 quo
3082 4704 3218 4759 nihil
3244 4717 3435 4758 eorum

1866 4818 2071 4869 factum
2107 4816 2196 4867 est
2221 4822 2341 4878 quae
2364 4805 2507 4859 facta
2533 4808 2662 4857 sunt
2689 4799 2758 4852 “.
2802 4796 3059 4852 Creatum
3075 4803 3257 4849 autem
3284 4794 3439 4848 illum

1866 4905 2120 4968 dicimus,
2184 4901 2276 4970 qui
2306 4911 2434 4952 caro
2467 4894 2643 4950 iactus
2669 4899 2772 4956 est,
2802 4896 2858 4944 et
2884 4888 2989 4943 sibi
3028 4886 3440 4957 tabernaculum

1868 4998 1924 5051 in
1961 4994 2134 5049 nobis
2162 4990 2455 5053 exStruxit,
2487 4988 2544 5042 in
2573 4998 2683 5056 quo
2715 4981 2881 5039 etiam
2909 4980 3194 5069 incarnato
3218 4979 3444 5033 elucens

1877 5086 2052 5160 gloria
2082 5083 2289 5155 indicat
2316 5080 2460 5151 quod
2493 5080 2636 5134 Deus
2681 5072 2986 5146 patefactus
3015 5071 3106 5141 ,sit
3134 5070 3190 5126 in
3228 5084 3396 5128 carne
3426 5086 3442 5125 :

1870 5158 2116 5242 omnino,
2151 5176 2396 5246 inquam,
2435 5171 2580 5227 Deus
2633 5169 2865 5239 unigena
2911 5165 3021 5232 ille,
3058 5163 3155 5235 qui
3189 5158 3368 5218 Patris
3388 5161 3445 5220 in

1869 5273 2085 5331 sinibus
2143 5267 2381 5333 exsistit,
2442 5279 2567 5319 cum
2616 5262 2693 5317 ita
2747 5259 2990 5315 Joannes
3034 5252 3450 5313 dixerint?“-

1870 5365 2137 5437 speximus
2197 5360 2424 5432 gloriam
2447 5356 2562 5427 ejus
2593 5352 2768 5425 (atqui
2794 5353 2961 5407 homo
2995 5356 3118 5406 erat
3151 5345 3300 5419 quod
3328 5359 3449 5401 cer-

1880 5459 2133 5523 nebatur,
2169 5468 2358 5511 verum
2404 5451 2458 5507 id
2490 5446 2638 5514 quod
2661 5456 2759 5518 per
2783 5445 2940 5502 illum
2981 5440 3455 5516 cognoscentur,
