3730 5980
320 185 452 243 lM'l
1557 191 1616 247 ε.
1656 190 1984 250 GREGORI!
2002 192 2295 252 NYSSENI
3430 190 3593 248 {0&8

308 300 545 373 appellat
571 301 828 377 gloriam)
858 311 1111 375 tanquam
1132 305 1371 376 unigena:
1400 305 1634 366 aPatre.
1651 307 1742 377 qui
1764 322 1781 376 ι

2117 312 2133 361 5
2162 307 2306 378 μέγα
2343 306 2440 379 τῆς
2480 306 2759 372 εὐσεϐείας
2802 306 3140 378 μυστήριον,
3181 303 3250 359 δι’
3277 298 3343 361 οὗ
3371 306 3405 360 ὁ
3435 304 3590 370 Θεὸς

308 409 408 446 nus
448 403 526 448 est
562 395 741 463 gratia
781 406 831 451 et
864 397 1081 452 veritate
1100 396 1166 453 ⁹¹.
1218 395 1358 463 Quia
1404 396 1573 469 igitur
1605 397 1681 461 id,
1732 413 1781 468 (ιι

2112 398 2306 471 ρερὼθη
2339 400 2398 454 ὲν
2427 400 2610 471 σαρκὶ,
2634 398 2663 451 ὁ
2689 400 2747 453 ὲν
2779 400 2959 469 μορφῇ
2992 396 3128 450 Θεοῦ
3155 398 3446 468 ὑπάρχων,
3478 398 3585 450 καὶ

312 486 629 538 mercatum
662 486 718 540 in
759 486 880 557 ipso
921 500 1026 555 est,
1076 494 1132 543 et
1157 488 1372 543 saeculis
1416 488 1592 559 prius,
1637 494 1691 543 et
1719 495 1785 542 ait

2112 492 2335 563 δουλικῷ
2378 490 2704 564 προσωπείῳ
2734 490 2823 544 διὰ
2860 489 3063 562 σαρκὸς
3101 490 3585 561 συναναστραφεὶς

309 587 461 639 num,
498 584 680 631 manet
707 575 1263 648 incompreliensibile
1306 586 1471 650 atque
1509 577 1782 635 inelﬁbile

2142 581 2448 654 ἀνθρώποις
2467 622 2483 649 ,
2528 581 2588 645 ὃς
2637 579 2827 652 ἐπειδὴ
2870 580 3018 645 άπαξ
3048 578 3184 652 πρὸς
3216 580 3410 633 ἑαυτὸν
3442 580 3585 632 ἐπε·

306 662 628 722 universum
684 670 834 723 omni
877 678 1130 726 naturae:
1169 672 1315 742 quod
1350 680 1532 728 autem
1584 673 1748 728 nobis

2108 689 2233 728 σατο
2272 672 2360 727 διὰ
2395 672 2494 744 τῆς
2529 672 2784 744 άπαρχῆς
2811 670 2911 741 τὴν
2944 669 3206 741 ἐπίκηρον
3235 673 3337 742 τῆς
3364 668 3581 740 σαρκὸς

306 771 532 813 carnem
563 757 893 829 patefactum
933 769 1038 829 est,
1079 763 1263 834 aliqua
1310 779 1377 819 ex
1410 772 1567 834 parte
1598 764 1654 820 in
1688 780 1779 835 cog

2108 782 2150 819 ιν
2169 804 2184 827 .
2219 764 2285 835 ἢν
2314 763 2403 818 διὰ
2429 766 2532 835 τῆς
2562 762 2800 833 ἁφθόρου
2829 760 3124 833 παρθενίας
3155 760 3421 815 ἀνέλαϐεν
3440 800 3455 820 ,
3484 760 3581 813 ἀεὶ

310 849 515 903 tionem
557 851 744 906 venire
773 858 974 923 potest,
1009 853 1221 909 idcirco
1257 870 1480 925 semper
1515 856 1783 927 respicit]

2106 853 2365 926 ιφθαρσὶα
2398 853 2710 922 συναγιάζει
2756 852 2818 906 τὸ
2845 852 3021 907 κοινὸν
3061 852 3160 922 τῆς
3193 851 3413 921 φύσεως
3435 890 3453 913 ,
3483 849 3579 904 διὰ

313 941 596 1010 magistra,
628 940 805 1013 deque
834 943 917 1000 his
950 959 1259 1002 sermonem
1301 946 1563 1010 instituit,
1604 955 1786 1016 quater

2124 945 2425 1016 ένουμένων
2449 944 2598 1015 αὐτῷ
2624 943 2765 999 κατὰ
2790 945 2888 1013 τὴν
2908 943 3194 997 κοινωνίαν
3220 942 3316 996 τοῦ
3354 957 3578 1012 μυστη-

306 1041 498 1083 eorum
554 1044 786 1099 capaces
835 1047 961 1088 esse
1001 1033 1286 1090 auditores
1330 1041 1584 1104 possunt.
1633 1033 1779 1089 lutell

2106 1064 2144 1102 ι,
2174 1037 2390 1106 τρέφων
2422 1036 2484 1090 τὸ
2507 1036 2701 1090 ἑαυτοῦ
2729 1035 2888 1107 σῶμα
2929 1035 3029 1106 τὴν
3070 1034 3400 1106 Ἐκκλησίαν
3420 1073 3437 1096 ,
3476 1031 3579 1085 καὶ

308 1123 491 1171 autem
521 1131 780 1187 magnum
828 1119 959 1175 illud
997 1123 1491 1179 administrationis
1532 1123 1781 1194 mysterii

2105 1125 2339 1197 ιλλήλως
2381 1123 2452 1178 τὰ
2499 1124 2810 1194 ὲκφυόμενα
2851 1122 2939 1176 διὰ
2984 1121 3086 1192 τῆς
3128 1121 3365 1183 πίστεως
3397 1114 3578 1171 αὐτοῦ

312 1221 409 1274 per
440 1207 590 1277 quod
622 1208 766 1265 Deus
815 1211 871 1266 in
906 1225 1071 1268 carne
1114 1211 1421 1283 patefactus
1467 1221 1575 1278 est,
1613 1213 1705 1284 qui
1736 1229 1785 1268 Cl

2109 1235 2126 1288 π]
2154 1215 2232 1287 τῷ
2256 1214 2419 1285 κοινῷ
2450 1214 2660 1285 σώματι
2681 1211 2996 1285 ἐναρμόζων
3014 1227 3029 1243 ’
3061 1212 3335 1283 εὐπρεπὲς
3369 1210 3438 1262 τδ
3463 1210 3582 1261 πᾶν

310 1298 491 1353 stebat
522 1299 579 1353 in
611 1298 785 1355 forma
815 1300 933 1368 Dei,
988 1313 1043 1358 et
1070 1303 1127 1357 in
1149 1305 1333 1359 servili
1362 1318 1599 1375 persona
1631 1320 1729 1375 per
1755 1320 1783 1360 c

2110 1303 2359 1376 ργάζεται
2381 1342 2397 1369 ,
2430 1305 2489 1366 ἐς
2513 1302 2825 1373 ὀφθαλμοὺς
2847 1342 2862 1368 ,
2905 1301 3001 1356 καὶ
3041 1301 3216 1371 στόμα
3248 1299 3345 1353 καλ⁸
3375 1301 3583 1369 χεῖρας

310 1404 435 1444 nem
471 1403 594 1445 cum
642 1391 952 1449 hominibus
984 1402 1068 1450 est
1100 1406 1479 1459 conversatus,
1531 1396 1625 1465 qui
1663 1402 1783 1465 post

2110 1397 2174 1450 τὰ
2204 1395 2367 1449 λοιπὰ
2397 1394 2538 1467 μέρη
2564 1436 2579 1461 ,
2607 1394 2927 1465 πρεπόντως
2954 1393 3051 1447 καὶ
3092 1391 3363 1464 ἁρμοδίως
3390 1390 3583 1444 διατι-

309 1495 474 1548 quam
515 1483 685 1537 semel
708 1484 764 1537 in
797 1498 920 1543 sese
953 1500 1050 1556 per
1082 1486 1355 1555 primitias
1382 1486 1676 1541 obnoxiam
1709 1502 1782 1542 mt

2126 1487 2253 1551 τοὺς
2291 1485 2665 1550 πιστεύοντας.
2700 1484 2858 1538 Οὕτω
2886 1483 3011 1566 ¹γάρ
3053 1501 3215 1554 φησιν
3243 1486 3272 1537 ὁ
3305 1480 3532 1543 Παῦλος
3560 1496 3578 1510 ·

309 1571 496 1626 carnis
552 1582 806 1628 naturam
864 1577 1102 1646 recepit,
1156 1590 1320 1647 quam
1364 1592 1462 1648 per
1513 1577 1782 1648 virginital

2109 1579 2219 1632 Ἓν
2264 1576 2381 1647 μέν
2416 1577 2547 1631 ἐστι
2583 1575 2755 1645 σῶμα
2777 1616 2792 1640 ,
2834 1576 3038 1629 πολλὰ
3074 1573 3142 1627 δὲ
3181 1573 3360 1643 μέλη.
3397 1570 3492 1624 Τὰ
3515 1569 3582 1623 δὲ

310 1663 686 1734 incorruptam
715 1667 1034 1738 assumpsit,
1062 1683 1278 1739 semper
1310 1683 1416 1724 una
1450 1683 1574 1725 cum
1615 1670 1783 1739 primi

2109 1695 2129 1739 ι.
2148 1668 2324 1723 πάντα
2359 1670 2420 1722 οὐ
2450 1668 2549 1739 τὴν
2592 1667 2760 1738 αὐτὴν
2805 1665 2919 1737 ἔχει
2948 1665 3099 1730 τάξιν
3126 1706 3141 1732 ,
3188 1664 3303 1718 ἀλλ’
3331 1663 3456 1715 ἐστι
3487 1677 3582 1723 τις

309 1753 621 1808 sanctiﬁcat
678 1771 1032 1813 communem
1094 1769 1306 1815 naturae
1362 1770 1565 1816 nostra
1617 1777 1782 1818 mass:

2107 1758 2378 1830 ὀφθαλμὸς
2401 1761 2459 1812 ὲν
2484 1758 2561 1829 τῷ
2592 1758 2804 1829 σώματι
2841 1758 2917 1829 μὴ
2937 1756 3293 1827 καταφρονων
3315 1753 3421 1824 τῆς
3455 1769 3580 1822 χει-

310 1855 413 1910 per
449 1842 636 1899 unitos
659 1845 762 1900 sibi
790 1847 1005 1903 ratione
1042 1848 1486 1919 participationis
1515 1851 1759 1921 mysterii

2103 1899 2106 1915 ,
2134 1856 2227 1909 καὶ
2266 1854 2475 1924 κεφαλή
2501 1871 2585 1917 τις
2605 1853 2711 1916 ὢν,
2745 1854 2846 1907 οὐκ
2872 1852 3171 1907 ἀπωθεῖται
3201 1849 3327 1911 τοὺς
3367 1847 3576 1909 πόδας,

305 1932 420 2001 jus,
477 1936 633 1991 alens
657 1950 857 2008 corpus
912 1954 1096 2005 suum,
1140 1942 1402 1997 nimirum
1454 1941 1778 2008 Ecclesiam,

2106 1966 2117 2002 ι
2151 1948 2520 2019 συγκέκραται
2554 1946 2693 2017 πρὸς
2730 1946 2889 2000 ἑαυτὸ
2921 1949 2987 2016 τῇ
3018 1941 3254 2012 ποικιλίᾳ
3276 1939 3387 1993 τῶν
3412 1942 3579 2010 ὲνερ-

309 2024 674 2081 conveniente
720 2028 959 2098 quadam
995 2033 1212 2088 ratione
1246 2034 1493 2089 membra
1534 2034 1640 2089 sibi
1681 2049 1780 2104 per

2103 2041 2147 2093 iv
2170 2038 2315 2093 ἅπαν
2337 2038 2425 2091 διὰ
2449 2037 2556 2091 τῶν
2588 2037 2765 2108 μελῶν
2788 2037 2850 2089 τὸ
2874 2035 3055 2106 σῶμα,
3079 2035 3168 2087 ἵνα
3193 2033 3267 2103 μὴ
3294 2030 3576 2101 στασιάζῃ

308 2112 433 2168 dem
477 2115 833 2174 adnascentia
887 2123 1169 2177 communi
1225 2126 1446 2195 corpori
1507 2128 1781 2198 agglutina

2106 2131 2200 2195 ῖτὸ
2227 2131 2346 2185 ὅλον
2371 2131 2440 2183 τὰ
2470 2130 2625 2201 μέλη.
2642 2128 2826 2183 Ταῦτα
2855 2128 2910 2181 δὲ
2936 2127 3000 2180 δι’
3023 2125 3359 2196 αἰνιγμάτων
3392 2139 3579 2193 προσ-

308 2203 444 2258 illud
470 2205 648 2275 ipsum
679 2215 853 2265 totum
886 2209 1148 2267 decorum
1189 2214 1367 2270 reddit
1455 2217 1777 2271 credentibu

2162 2223 2229 2277 τὰ
2275 2223 2521 2294 νοήματα
2547 2261 2563 2285 .
2597 2221 2690 2274 ἐπὶ
2731 2221 2793 2275 τδ
2827 2219 3176 2289 σαφέστερον.
3200 2214 3437 2287 προάγει
3482 2211 3578 2265 τὸν

309 2298 525 2364 oculos,
556 2300 614 2354 in
646 2315 731 2367 os,
768 2304 824 2358 in
869 2320 1091 2369 manus,
1123 2307 1179 2361 in
1227 2307 1472 2363 membra
1529 2308 1744 2379 reliqua

2107 2331 2162 2377 ›ν,
2191 2312 2359 2367 εἰπών
2379 2330 2392 2343 ·
2420 2313 2503 2367 ὅτι
2537 2313 2744 2367 Ἕθετο
2773 2315 2806 2365 ό
2838 2309 2982 2376 Θεὸς
3009 2308 3081 2363 ἐν
3107 2305 3184 2375 τῇ
3230 2298 3580 2371 Ἐκκλησία

310 2399 505 2447 center
554 2401 791 2465 apteque
818 2395 1152 2455 distributis.
1198 2397 1291 2454 Sic
1334 2399 1479 2455 enim
1510 2399 1716 2456 Paulus
1758 2416 1783 2454 a

2105 2403 2395 2467 στόλους,
2444 2401 2544 2455 καὶ
2588 2399 2898 2470 προφήτας
2919 2440 2934 2465 ,
2990 2396 3093 2451 καὶ
3128 2392 3576 2456 διδασκάλους,

313 2479 523 2550 Corpus
573 2483 785 2553 quidem
830 2503 994 2541 unum
1044 2498 1144 2553 est,
1192 2488 1428 2543 membra
1464 2505 1581 2544 uere
1635 2490 1786 2545 multi

2110 2491 2426 2562 ποιμένας,
2465 2490 2616 2560 πρὸς
2639 2490 2747 2544 τὸν
2774 2484 3180 2557 καταρτισμὸν
3205 2482 3325 2537 τῶν
3354 2482 3578 2553 ἁγίων,

312 2567 508 2626 Omnia
537 2580 720 2628 autem
755 2577 1003 2631 membra
1030 2593 1139 2632 non
1183 2578 1428 2648 ejusdem
1474 2586 1606 2635 sunt
1647 2580 1785 2635 ordit

2108 2583 2273 2652 ἔργον
2298 2582 2626 2649 διακονίας,
2670 2584 2758 2648 εις
2786 2578 3113 2649 οἰκοδομὴν
3151 2570 3258 2630 τοῦ
3286 2572 3581 2641 σώματος

312 2658 410 2715 sed
434 2671 521 2717 est
547 2663 771 2734 quidam
798 2666 855 2721 in
888 2667 992 2723 hoc
1018 2683 1252 2739 corpore
1281 2671 1500 2734 oculus,
1527 2670 1625 2741 qui
1658 2685 1785 2725 man

2139 2674 2396 2743 Χριστοῦ
2420 2691 2434 2705 ’
2460 2676 2638 2744 μέχρι
2667 2672 3135 2741 καταντήσωμεν
3158 2673 3213 2725 οι
3228 2668 3463 2734 πάντες
3487 2669 3584 2733 εις

312 2764 424 2805 non
454 2754 759 2809 contemnit
785 2772 802 2810 :
845 2764 900 2811 et
930 2758 979 2813 si
1000 2761 1129 2828 quis
1159 2768 1323 2830 caput
1350 2767 1454 2823 est,
1478 2761 1642 2831 pedes
1664 2775 1774 2816 non

2122 2767 2376 2835 ἑνότητα
2396 2764 2508 2834 τῆς
2531 2766 2789 2830 πίστεως
2805 2764 2901 2818 καὶ
2919 2762 3032 2832 τῆς
3053 2762 3439 2845 emnwa
3466 2758 3581 2813 τοῦ

306 2837 449 2904 jicit,
482 2840 579 2895 sed
621 2848 958 2913 temperatur
990 2845 1135 2915 inter
1165 2848 1225 2902 se
1273 2854 1449 2902 totum
1495 2863 1594 2919 per
1637 2863 1779 2904 mem

2111 2857 2245 2923 ῦ,εις
2260 2856 2449 2926 ἄνδρα
2461 2857 2803 2923 castaneti;
2807 2856 3028 2926 μέτρον
3040 2837 3281 2923 ἡλικίας
3290 2852 3399 2907 τοῦ
3419 2853 3584 2917 πλη-

310 2939 515 2995 corpus
541 2926 892 2985 eﬂ‘ectionum
925 2933 1209 3000 varietate,
1239 2950 1309 2989 ne
1336 2935 1581 2992 membra
1610 2950 1734 2991 cum
1764 2943 1783 2989 t

2108 2964 2249 3015 ατος
2270 2947 2377 3003 τοῦ
2396 2948 2673 3017 Χριστοῦ.
2696 2948 2808 3007 Καὶ
2828 2946 2989 3000 πάλιν
3010 2963 3023 2977 ·
3038 2943 3438 3013 Αὑξήσωμεν,
3468 2959 3581 3013 φη-

309 3016 635 3075 dissideant.
668 3022 847 3094 Atque
880 3022 985 3079 hac
1009 3026 1282 3080 sententia
1312 3041 1407 3096 per
1434 3027 1726 3097 aenigmata
1749 3042 1782 3097 ρ

2108 3041 2198 3106 εις
2224 3038 2414 3096 αὐτὸν
2433 3015 2532 3093 διὰ
2546 3038 2762 3105 πάντα,
2783 3037 2852 3105 ὅς
2869 3039 3043 3091 ἐστιν
3063 3037 3103 3105 ἠ
3123 3026 3360 3104 κεφαλὴ
3383 3037 3423 3088 ό
3442 3036 3581 3102 Χρι-

314 3108 513 3173 posita,
546 3110 748 3166 clarius
786 3112 984 3169 deinde
1024 3114 1291 3184 loquitur,
1344 3133 1467 3173 cum
1500 3117 1578 3172 ait
1611 3137 1625 3173 :
1671 3117 1782 3174 Con

2109 3129 2228 3196 ςνέξ
2242 3125 2314 3186 οὗ
2329 3129 2453 3185 πᾶν
2465 3128 3299 3201 σῶμασυναρμονῑογούμεγον
3307 3124 3412 3178 καὶ
3427 3138 3582 3195 συμ-

313 3201 416 3252 tuit
439 3200 493 3254 in
537 3200 781 3258 Ecclesia
812 3203 955 3260 Deus
1011 3206 1305 3276 apostolos,
1355 3208 1655 3278 prophetas,
1706 3208 1786 3263 άοι

2107 3219 2386 3290 ιζόμενον,
2399 3221 2497 3276 διὰ
2512 3221 2717 3291 πάσης
2738 3219 2899 3290 ἁφῆς
2916 3218 3025 3288 τῆς
3037 3217 3432 3288 ἐπιχορηγίας
3448 3216 3580 3271 κατ’

312 3306 418 3357 res,
453 3300 714 3361 pastores,
763 3295 832 3349 ad
871 3298 1383 3369 coagmentationem
1428 3309 1770 3368 sanctorum,

2110 3329 2292 3383 ηδιον
2306 3313 2375 3367 ἐν
2383 3313 2579 3383 μέτρῳ
2591 3313 2729 3379 ἐνὸς
2748 3312 3008 3371 ἑκάστου
3018 3311 3236 3381 μέρους
3253 3308 3369 3376 τὴν
3382 3310 3583 3377 αὔξη-

314 3398 445 3449 opus
464 3384 766 3451 ministerii,
800 3388 871 3442 ad
912 3390 1316 3460 ardiﬁcationem
1360 3394 1592 3460 corporis
1636 3390 1787 3448 Chris

2117 3403 2367 3457 ποιεῖται
2386 3404 2493 3459 τοῦ
2512 3402 2786 3474 σώματος
2807 3401 3015 3466 αὑτοῦ,
3034 3403 3124 3467 εις
3143 3399 3484 3469 οἰκοδομὴν
3509 3400 3582 3452 ἐν

312 3477 475 3526 donec
503 3474 788 3532 evadamus
835 3494 1013 3533 omnes
1053 3480 1110 3532 in
1146 3480 1411 3534 unitatem
1429 3480 1555 3550 ﬁdei
1580 3491 1632 3536 et
1660 3483 1782 3553 agni

2107 3513 2214 3566 πῃ.
2238 3494 2445 3550 Οὐκοῦν
2469 3498 2497 3548 ὁ
2520 3495 2660 3567 πρὸς
2685 3495 2784 3565 τὴν
2829 3492 3154 3563 Ἐκκλησίαν
3171 3490 3409 3561 βλέπων,
3441 3489 3580 3561 πρὸς

315 3564 398 3619 nis
430 3562 565 3621 Filii
592 3566 712 3633 Dei,
737 3569 793 3623 iu
830 3571 1002 3624 cirum
1031 3570 1340 3640 perfectum,
1361 3573 1413 3625 in
1448 3588 1750 3627 mensuram
1777 3590 1788 3627 ι

2109 3562 2327 3660 Χριστὸν
2348 3562 2605 3659 ἄντικρυς
2628 3562 2835 3657 βλέπει,
2852 3586 2944 3639 τὸν
2973 3562 3164 3638 ἑαυτὸν
3182 3582 3273 3636 διὰ
3292 3582 3397 3652 τῆς
3414 3597 3582 3653 προσ·

315 3665 450 3711 turte
465 3659 797 3728 perfectionis
818 3659 1098 3723 Christi”.
1127 3661 1191 3717 Et
1217 3678 1434 3719 rursum
1466 3683 1480 3719 :
1510 3662 1788 3719 Adoleseai

2108 3659 2164 3747 ης
2206 3675 2315 3730 τῶν
2347 3676 2668 3747 σωζομένων
2699 3674 3084 3746 οἰκοδομοῦντα
3119 3674 3217 3731 καὶ
3248 3672 3581 3743 μεγαλύνον-

313 3750 368 3802 in
394 3749 562 3819 ipsum
590 3768 683 3822 per
723 3755 935 3821 omnia,
969 3756 1061 3825 qui
1086 3764 1164 3810 est
1203 3766 1355 3824 caput
1385 3754 1649 3823 Christus,
1689 3771 1756 3810 ea:

2113 3768 2178 3822 'H
2208 3767 2385 3822 τοίνυν
2418 3766 2729 3838 ἀποθεμένη
2755 3766 2862 3820 τῶν
2888 3765 3153 3836 ὀμμάτων
3175 3765 3239 3817 τὸ
3261 3763 3577 3835 θέριστρον,

316 3850 484 3897 totum
498 3860 686 3914 corpus
702 3856 1119 3917 coagmentatum
1139 3858 1188 3902 et
1210 3858 1557 3917 compactum.
1577 3863 1670 3918 per
1684 3864 1789 3901 om;

2103 3857 2218 3931 αρῷ
2262 3857 2341 3929 τῷ
2366 3857 2630 3929 ὀφθαλμῷ
2675 3856 2737 3910 τὸ
2761 3858 3036 3927 ἄφραστον
3069 3857 3172 3927 ὁρᾷ
3199 3854 3301 3908 τοῦ
3337 3853 3576 3925 νυμφίου

315 3937 719 3991 commissuram
774 3939 1328 4004 subministrationis,
1378 3956 1476 4009 pro
1531 3940 1581 3993 vi
1631 3955 1788 3994 mens:

2107 3951 2186 4011 λος
2207 3963 2222 3977 ·
2251 3947 2343 4001 καὶ
2391 3947 2480 4001 διὰ
2521 3947 2680 4001 τοῦτο
2723 3944 2990 4017 τρωθεῑσα
3031 3944 3111 4015 τῷ
3156 3944 3443 4015 ἀσωμάτῳ
3484 3944 3580 3997 καὶ

314 4026 729 4097 uniuscujusque
760 4030 1011 4095 membri,
1048 4032 1282 4100 corporis
1310 4031 1685 4085 incrementum
1712 4047 1787 4101 ea]

2102 4039 2235 4112 εύρῳ
2261 4038 2401 4109 βέλει
2430 4037 2523 4093 τοῦ
2563 4038 2785 4110 ἔρωτος.
2822 4034 3213 4107 Ἐπιτεταμένη
3240 4035 3355 4107 γὰρ
3382 4036 3575 4107 ἀγάπη

315 4118 387 4173 ad
418 4126 825 4173 exstructionem
855 4121 939 4174 sui
962 4121 1127 4189 ipsius
1161 4122 1214 4174 in
1244 4120 1525 4176 dilectione
1539 4122 1605 4177 ³⁸.
1631 4120 1788 4187 Quart

2105 4149 2132 4195 ς
2158 4130 2406 4200 λέγεταιο
2438 4123 2483 4199 ᾧ
2505 4118 2679 4194 οὐδεὶς
2707 4127 3127 4199 ἐπαισχύνεται,
3168 4127 3297 4183 ὅταν
3330 4126 3408 4197 μὴ
3434 4126 3578 4181 κατὰ

316 4210 442 4278 quis
465 4208 764 4266 Ecclesiam
790 4211 1054 4271 intuetur.
1074 4212 1143 4267 ad
1158 4213 1438 4268 Christum
1466 4214 1626 4284 plane
1646 4215 1789 4285 respi

2102 4223 2193 4288 κὸς
2218 4224 2441 4293 γένηται
2471 4225 2604 4294 παρ’
2626 4220 2789 4277 αὐτοῦ
2812 4223 2846 4293 ἡ
2870 4220 3050 4286 τοξεια
3066 4238 3082 4254 ο
3122 4220 3237 4273 ἀλλ’
3264 4222 3574 4291 ὲπικαυχᾶ-

317 4298 410 4368 qui
440 4299 679 4369 seipsum
703 4315 797 4371 per
825 4302 1199 4357 accessionem
1244 4318 1432 4359 eorum
1464 4304 1556 4374 qui
1581 4313 1790 4361 servant

2113 4316 2309 4387 μᾶλλον
2332 4316 2410 4387 τῷ
2433 4315 2747 4388 τραύματι,
2791 4315 2918 4369 ὅταν
2954 4314 3042 4368 διὰ
3088 4312 3183 4366 τοῦ
3235 4310 3439 4382 βάθους
3474 4311 3574 4381 τῆς

317 4370 1329 4465 aediﬁcatetmajoremellirit,ideoque
1342 4370 1504 4452 etiam
1522 4370 1893 4467 haecdeposito
1928 4370 1970 4428 θ
1994 4370 2218 4479 καρὲίας
2252 4370 2480 4480 δέξηίταξ
2502 4370 2602 4477 τὴν
2640 4370 2746 4461 τοῦ,
2768 4407 2932 4461 animi
2972 4405 3138 4460 πόθου
3179 4370 3360 4459 ἀκίδα.

319 4480 439 4534 velo
465 4480 771 4546 oculorum,
804 4482 1126 4538 ineffabilem
1150 4485 1339 4555 sponsi
1365 4493 1704 4542 venustatem
1732 4504 1792 4543 oc

2102 4498 2340 4571 natali-:1]
2382 4498 2649 4569 πεποίηκε
2680 4501 2796 4562 ταῖς
2825 4498 3031 4553 νεάνισι
3061 4496 3294 4565 λέγουσα
3316 4515 3334 4529 ο
3357 4496 3445 4549 ὃτι
3480 4499 3575 4550 Τε-

321 4584 457 4638 puro
496 4570 770 4636 intuetur,
827 4588 923 4642 per
948 4588 1111 4651 quam
1144 4577 1467 4631 vulneratur
1506 4577 1613 4632 telo
1653 4579 1794 4648 quod

1223 4577 1467 4631 lneratur
1506 4577 1613 4632 telo
1653 4579 1888 4648 quodam
1994 4588 2259 4659 τρωμένη
2296 4570 2532 4659 ἀγάπης
2559 4589 2694 4659 ειμι.

319 4667 525 4722 amoris
553 4667 880 4735 incorporeo
916 4676 972 4724 et
1001 4670 1194 4740 iguito.
1228 4668 1440 4725 Etenim
1469 4670 1692 4727 dilectio
1736 4675 2105 4736 vehementior
2130 4682 2333 4737 dicitur
2358 4698 2532 4747 amor,
2581 4682 2742 4752 cujus
2768 4680 3042 4737 neminem
3073 4679 3262 4751 pudet,
3295 4694 3426 4734 cum
3461 4693 3570 4732 non

318 4761 373 4813 in
438 4773 664 4814 carnem
722 4760 889 4815 telum
953 4761 1128 4832 ipsius
1166 4761 1440 4830 deligitur,
1492 4763 1589 4818 sed
1639 4765 1824 4836 potius
1875 4784 1936 4825 se
2002 4774 2238 4843 quisque
2281 4774 2455 4845 jactat
2481 4775 2553 4829 ob
2595 4774 2798 4829 vulnus
2835 4774 2960 4837 hoc,
3020 4772 3112 4827 ubi
3143 4773 3199 4825 in
3249 4771 3363 4825 imo
3405 4769 3573 4824 corde

317 4854 577 4909 desiderii
599 4863 756 4910 extra
779 4870 869 4911 res
899 4870 1119 4910 crassas
1140 4855 1305 4926 positi
1331 4855 1613 4926 cuspidem
1656 4861 1881 4932 recepit.
1923 4862 1980 4918 Id
2006 4867 2152 4936 quod
2181 4867 2298 4923 haec
2329 4867 2498 4923 etiam
2530 4864 2683 4931 fecit,
2731 4878 2858 4920 cum
2934 4861 3003 4916 ad
3048 4861 3377 4932 juvenculas
3448 4861 3571 4915 ait:

317 4947 359 4998 Α
396 4945 674 5001 dilectione
699 4946 973 5002 vulnerata
1001 4962 1116 5001 sum
1133 4963 1250 5018 ego.

322 5082 335 5091 ς
387 5039 633 5098 Tametsi
672 5050 856 5099 autem
888 5044 954 5097 ad
1010 5042 1406 5112 perfectionem
1468 5051 1677 5101 tantam
1729 5062 1795 5100 mi

2097 5045 2140 5098 Η
2180 5043 2358 5098 τοίνυν
2413 5046 2472 5111 ὲς
2520 5043 2774 5098 τοσοῦτον
2824 5043 3159 5114 τελειότητος
3210 5039 3570 5111 προελθοῦσα,

321 5132 617 5202 progressa
654 5133 749 5199 sit,
797 5141 1155 5204 posteaquam
1212 5138 1397 5188 tamen
1452 5134 1698 5189 indicare
1738 5135 1794 5190 de

2098 5134 2181 5205 ιδὴ
2215 5134 2320 5189 ἔδει
2349 5137 2444 5190 καὶ
2461 5138 2582 5199 ταῖς
2602 5133 2894 5208 παρθένοις
2919 5131 3179 5197 ἐπιδεῖξαι
3207 5129 3302 5184 τοῦ
3333 5128 3571 5201 νυμφίου

318 5222 483 5276 etiam
522 5224 833 5295 virginibus
890 5232 1235 5281 venustatem
1290 5226 1501 5295 sponsi,
1543 5242 1657 5281 non
1706 5234 1791 5281 sta

2099 5225 2274 5289 ιάλλος
2295 5267 2312 5290 ,
2344 5226 2447 5280 οὐκ
2470 5226 2646 5281 ἐκεῖνο
2669 5224 2816 5294 λέγει
2853 5223 2883 5277 ὃ
2906 5219 2973 5295 ἦν
3001 5226 3059 5277 ὲν
3088 5223 3229 5294 ἀρχῇ
3257 5237 3272 5250 ⁸
3306 5220 3431 5273 οὐδὲ
3464 5218 3572 5290 γὰρ

320 5313 475 5377 dicit,
531 5316 677 5384 quod
713 5324 833 5371 erat
866 5316 936 5371 ah
964 5316 1125 5371 initio
1158 5316 1283 5385 (nec
1311 5318 1458 5372 enim
1496 5316 1612 5371 ﬁeri
1658 5325 1793 5386 ροισι

2094 5332 2102 5362 ν
2145 5332 2206 5369 τε
2234 5311 2302 5388 ἦν
2329 5316 2557 5386 δυνάμει
2586 5315 2745 5384 λόγου
2776 5314 3155 5387 φανερωθῆναι
3195 5311 3258 5365 τὸ
3284 5311 3530 5383 ἄρρητον
3552 5325 3567 5340 ⁸

321 5410 384 5457 ut
407 5402 460 5457 vi
497 5405 787 5460 verborum
834 5406 1116 5476 pateﬁeret
1173 5407 1225 5463 id
1260 5410 1405 5478 quod
1434 5415 1518 5463 est
1576 5405 1794 5463 inetlabi

2097 5406 2131 5460 ὰ
2168 5407 2303 5479 πρὸς
2338 5405 2436 5477 τὴν
2458 5406 2547 5460 διὰ
2595 5407 2797 5479 σαρκὸς
2842 5404 3144 5477 γενομένην
3193 5404 3327 5471 ἡμῖν
3374 5398 3570 5465 θεσφά-

404 5580 445 5609 ⁹²
474 5578 628 5635 Joan.
657 5595 693 5645 ι.
732 5580 815 5633 ιρι.
923 5583 967 5613 ’⁸
1002 5582 1166 5637 lCor.
1201 5597 1298 5648 xu,
1340 5582 1405 5636 Η
1437 5598 1553 5650 sqq.
1631 5582 1677 5614 "
1708 5578 1877 5646 Ephei

1340 5582 1405 5636 ιι
1437 5598 1553 5650 sqq.
1631 5582 1677 5614 "
1708 5578 1908 5646 Ephes.
1941 5594 2017 5647 tv,
2051 5578 2108 5634 ll
2145 5592 2266 5645 sqq.
2344 5578 2390 5609 "
2413 5576 2545 5633 ibid.
2576 5577 2663 5643 l5,
2701 5575 2779 5631 l6.
