3730 5980
59 238 207 299 1089

1074 246 1143 303 ΙΝ
1172 247 1472 306 CANTICA
1491 240 1765 307 CANTIC.
1802 252 2092 316 HOMILIA
2134 261 2272 317 XIII.

3205 271 3347 330 i050

60 373 219 458 νειαν
268 358 606 458 χειραγωγεῖ
649 358 751 423 τὰς
805 360 1126 434 παρθένους.
1174 363 1352 436 Ὅπερ
1388 364 1455 437 δὴ
1501 383 1533 419 κ

1888 387 1985 430 eas
2023 375 2093 431 ad
2124 376 2324 434 factam
2343 378 2401 435 in
2426 392 2595 436 carne
2613 364 3036 452 patefactionem
3069 383 3166 441 Dei
3184 389 3342 458 quasi

64 450 253 522 μέγας
297 450 550 524 Ἰωάννης
598 453 896 522 πεποίηκεν
926 495 941 521 ,
980 454 1010 508 ὃ
1061 455 1163 527 μὲν
1216 456 1315 512 ἀπ’
1352 458 1530 530 ἀρχῆς
1573 452 1665 531 ἦν,

65 541 364 614 σιωπήσας
388 559 404 574 ο
431 541 461 596 ὃ
489 543 546 598 δὲ
572 544 902 615 ἑωράκαμεν
936 546 1031 600 καὶ
1072 546 1390 619 ἀκηκόαμεν
1412 589 1428 614 ,
1483 550 1581 603 καὶ
1608 552 1667 604 αἰ

64 635 257 704 χεῖρες
285 634 447 705 ἡμῶν
489 635 849 708 ἐψηλάφησαν
900 638 1030 710 περὶ
1075 638 1170 693 τοῦ
1209 639 1369 709 λόγου
1398 640 1499 712 τῆς
1536 640 1669 714 ἀλη-

69 724 226 788 θείας
245 765 262 789 ,
288 723 453 780 τοῦτο
480 727 550 780 δι’
571 728 893 800 ἐπιμελείας
916 729 1344 802 διηγησάμενος.
1379 733 1548 804 Φησὶν
1574 729 1668 790 οὖν

67 815 212 887 πρὸς
235 816 411 882 αὑτάς
458 820 492 889 ἡ
527 819 716 891 νύμφη
739 838 753 852 ο
799 820 1137 891 Ἀδελφιδός
1168 842 1289 894 μου
1314 825 1535 891 λευκός
1565 826 1667 880 καί
1690 843 1709 857 ι

67 909 307 977 πιρρός
326 952 342 969 ,
382 910 891 981 ἐκλελοχισμένος
923 914 1040 968 ἀπὸ
1063 914 1385 985 μυριάδων.
1418 915 1667 987 Κεφαλὴ

67 996 267 1051 αὑτοῦ
296 1000 561 1066 χρυσίον
592 999 796 1069 Κεφάς
814 1017 828 1031 ο
859 1002 1197 1073 ,βόστρυχοι
1226 1003 1413 1059 αὐτοῦ
1439 1004 1665 1072 ἐλάται,

62 1086 342 1156 μέλανες
388 1089 469 1155 ὠς
502 1090 689 1160 κόραξ
714 1107 728 1120 ·
767 1094 821 1145 οι
860 1093 1155 1162 ὀφθαλμοὶ
1186 1092 1376 1149 αὐτοῦ
1402 1095 1480 1162 ὡς
1508 1110 1672 1164 περι-

68 1180 286 1247 στεραὶ
338 1180 439 1233 ἐπὶ
489 1182 853 1252 πληρώματα
884 1183 1121 1239 ὑδάτων
1143 1224 1158 1251 ,
1208 1186 1571 1257 λελουμέναι
1601 1187 1671 1242 ἐν

66 1270 357 1361 γάλακτι,
376 1272 705 1342 καθήμεναι
726 1275 823 1329 ἐπὶ
857 1274 1227 1346 πληρώματα
1252 1261 1508 1333 ὑδάτων.
1532 1281 1672 1332 Σια-

68 1363 255 1433 γόνεζς
308 1364 498 1421 αὐτοῦ
536 1367 619 1433 ὡς
663 1367 873 1437 φιάλαι
920 1369 1027 1423 τοῦ
1062 1369 1368 1440 ἀρώματος
1405 1372 1670 1440 φύουσαι

62 1456 404 1524 μυρεψεκά.
445 1458 627 1527 Χείλη
653 1458 839 1513 αὐτοῦ
868 1460 1044 1528 κρίνα
1075 1459 1367 1522 στάζοντα
1395 1462 1671 1531 σμύρναν

68 1548 284 1617 πλήρη
317 1561 333 1575 ·
356 1550 553 1620 χεῖρες
592 1551 777 1605 αὐτοῦ
809 1551 1112 1620 τορευταὶ,
1159 1553 1415 1624 χρυσαῖ,
1443 1556 1672 1622 πεπλη-

63 1632 337 1702 ρωμέναι
364 1637 639 1705 Θαρσεῒςο
671 1638 872 1693 κοιλία
889 1640 1077 1695 αὐτοῦ
1110 1641 1331 1707 πυξίον
1357 1642 1669 1713 ἐλεφάντι-

68 1742 189 1780 νον
216 1726 321 1781 ἐπὶ
348 1727 524 1783 λίθου
552 1731 893 1800 σαπφείρου
916 1748 931 1761 ο
962 1730 1186 1801 κνῆμαι
1215 1734 1423 1801 αὑτοῦ,
1455 1736 1667 1790 στόλοι
1698 1729 1743 1784 Β

65 1817 457 1887 μαρμάρινοι,
491 1823 977 1891 τεθεμελιωμένοι
1006 1822 1105 1876 ἐπὶ
1137 1823 1359 1892 ,ϐάσεις
1389 1825 1625 1894 χρυσᾶς
1648 1841 1664 1858 .

68 1907 241 1977 εἶδος
280 1910 468 1965 αὐτοῦ
512 1912 594 1979 ὡς
640 1913 895 1981 Λίϐανος
947 1915 1233 1983 ἐκλεκτὸς
1255 1957 1271 1982 ,
1321 1918 1401 1983 ὡς
1445 1917 1664 1986 κέδροι.

71 2000 327 2070 Φὰρυτξ
366 2002 556 2056 αὐτοῦ
589 2004 931 2076 τλυκασμοὶ
953 2045 968 2070 ,
1026 2006 1124 2061 καὶ
1165 2007 1310 2075 ὅλος
1344 2009 1625 2079 ἐπιθυμία
1647 2026 1663 2043 ο

71 2089 263 2159 οὗτος
299 2092 622 2163 ἀδελφιδός
663 2113 783 2165 μου
806 2139 821 2164 ,
861 2097 960 2151 καὶ
1007 2093 1186 2166 οὗτος
1223 2100 1492 2168 πλησίον
1522 2118 1665 2171 μου,

73 2184 405 2255 θυγατέρες
440 2186 858 2258 Ἰερουσαλήμ.
897 2188 1082 2243 Ταῦτα
1115 2191 1290 2245 πάντα
1310 2191 1376 2245 δι’
1404 2184 1478 2246 ὧν
1511 2194 1543 2265 ή
1571 2192 1666 2247 τοῦ

71 2277 316 2341 κάλλους
337 2277 562 2347 γέγονεν
594 2279 885 2351 ὑπογραφὴ
915 2320 930 2345 ,
959 2281 1022 2333 οὐ
1052 2280 1161 2335 τῶν
1202 2282 1450 2354 ἀοράτων
1480 2301 1540 2337 τε
1573 2284 1669 2338 καὶ⁸

73 2371 489 2441 ἀκαταλήπτων
532 2374 633 2444 τῆς
660 2372 910 2445 θεότητός
954 2375 1104 2428 ἐστιν
1136 2374 1440 2430 ὲνδεικτικά
1471 2394 1485 2408 ·
1533 2377 1668 2432 ἀλλὰ

73 2465 193 2517 τῶν
240 2464 365 2517 κατ’
409 2464 722 2535 οἰκονομίαν
774 2465 1197 2537 φανερωθέντων
1221 2485 1257 2531 ,“
1292 2468 1382 2521 ὅτε
1422 2468 1516 2520 ἐπὶ
1570 2472 1669 2540 τῆς

76 2558 187 2627 γῆς
222 2554 379 2627 ὤφθη
407 2596 422 2621 ,
459 2556 549 2610 καὶ
600 2558 714 2621 τοῖς
749 2555 1059 2628 ἀνθρώποις
1090 2559 1504 2632 συνανεστρὰιρη
1525 2601 1539 2626 ,
1569 2561 1669 2632 τὴν

78 2648 435 2719 ἀνθρωπίνην
469 2648 829 2720 ἐνδυσάμενος
854 2649 1036 2718 φύσιν,
1065 2649 1132 2703 δι’
1154 2642 1229 2704 ὧν
1257 2651 1397 2705 κατά
1423 2652 1515 2707 τὸν
1542 2653 1672 2707 ἀπο-

82 2739 334 2793 στολικὺν
362 2738 540 2806 λόγον,
577 2739 672 2792 καί
704 2738 776 2792 τά
805 2738 1013 2811 ἀόρατα
1059 2738 1224 2793 αὐτοῦ
1265 2742 1377 2804 τοῖς
1404 2742 1671 2812 ποιήμασι

79 2831 353 2902 νοούμενα
380 2829 704 2901 καθορᾶται,
735 2829 823 2884 διὰ
845 2833 943 2902 τῆς
972 2829 1063 2885 τοῦ
1098 2829 1553 2903 ἐκκλησιαστικοῦ
1578 2831 1671 2885 κό-

82 2940 229 2995 σμου
263 2924 609 2994 κατασκευῆς
646 2920 1048 2992 φανερούμενα.
1082 2920 1306 2993 Κόσμου
1346 2922 1454 2993 γὰρ
1495 2920 1670 2988 κτίσις

82 3018 238 3071 ἐστὶν
271 3017 304 3087 ἡ
352 3016 451 3087 τῆς
492 3013 818 3086 Ἐκκλησίας
859 3015 1174 3086 κατασκευή
1200 3031 1214 3045 ο
1250 3015 1308 3069 ὲν
1401 3015 1542 3069 κατὰ
1572 3016 1671 3087 τὴν

81 3110 182 3165 τοῦ
213 3108 495 3181 προφήτου
531 3106 714 3178 φωνὴν
741 3098 835 3159 καὶ
868 3108 897 3160 ό
923 3105 1156 3177 οὐρανὸς
1178 3105 1423 3170 κτίζεται
1446 3107 1631 3171 καινός
1651 3119 1671 3139 ο

82 3206 225 3275 ὅπερ
263 3202 380 3256 ἐστὶ
430 3201 493 3254 τὸ
542 3198 830 3272 στερέωμα
861 3201 961 3270 τῆς
1015 3199 1097 3262 εἰς
1126 3198 1364 3269 Χριστὸν
1416 3199 1673 3263 πίστεως,

84 3294 274 3358 καθὼς
302 3295 332 3348 ὁ
358 3291 568 3356 Παῦλός
599 3307 754 3363 φησι,
771 3291 875 3343 ικαὶ
898 3290 969 3360 γῆ
998 3289 1159 3361 καινὴ
1183 3289 1674 3354 κατασκευάζεται,

82 3392 121 3458 ἡ
154 3387 384 3441 πίνουσα
421 3383 526 3447 τὸν,
550 3383 635 3436 ἐπ’
670 3380 839 3452 αὐτὴν
872 3382 1169 3453 ἐρχόμενον
1218 3380 1371 3433 ὑετὸν
1392 3418 1407 3443 ,
1461 3381 1552 3433 καὶ
1585 3378 1679 3433 ἄν·

85 3481 310 3554 θρωπος
348 3475 649 3530 πλάσσεται
677 3472 872 3536 ἀλλος,
919 3473 948 3524 ό
984 3469 1072 3523 διὰ
1113 3470 1211 3541 τῆς
1241 3467 1448 3523 ἄνωθεν
1481 3469 1678 3540 γεννή-

88 3587 231 3634 σεως
255 3565 739 3637 ἀνακαινιζόμενος
776 3563 898 3618 κατ’
934 3562 1118 3615 εἰκόνα
1141 3559 1236 3613 τοῦ
1261 3559 1544 3623 κτίσαντος
1582 3558 1681 3612 αὑ-

85 3661 215 3717 τόνο
252 3659 350 3714 καὶ
381 3656 684 3733 φωστήρων
722 3652 882 3724 φύσις
927 3651 1090 3723 ἑτέρα
1136 3649 1347 3720 γίνεται
1372 3690 1387 3715 ,
1431 3651 1562 3721 περὶ
1605 3644 1679 3703 ὧν

89 3770 259 3829 φησιν
283 3791 300 3816 ,
327 3751 410 3805 ὅτι
454 3746 643 3818 Ὑμεῖς
689 3746 831 3801 ἐστε
859 3746 924 3799 τὸ
958 3743 1084 3815 φῶς
1120 3742 1226 3797 τοῦ
1260 3742 1495 3811 κόσμου
1520 3758 1533 3773 ο
1562 3741 1678 3807 καὶ,

100 3847 207 3901 Ἑν
229 3838 323 3909 οἷς
373 3840 663 3912 φαίνεσθε
713 3838 793 3903 ὡς
842 3834 1157 3906 φωστῆρες
1198 3833 1267 3887 ἐν
1310 3832 1549 3902 κόσμῳ·
1588 3831 1682 3885 καὶ

88 3935 326 4007 ἀστέρες
377 3930 597 4009 πολλοὶ,
630 3930 679 3983 οἱ
722 3930 779 3981 ὲν
816 3926 893 3998 τῷ
936 3923 1277 3997 στερεώματι
1310 3924 1409 3995 τῆς
1446 3921 1684 3986 πίστεως

87 4026 500 4088 ἀνατέλλοντες.
529 4023 639 4076 Καὶ
673 4019 826 4074 οὖπω
857 4019 1016 4085 τοῦτο
1045 4015 1379 4088 θαυμαστὸν,
1412 4016 1461 4068 εἰ
1501 4013 1681 4084 πλήθη

86 4122 313 4191 ἄστρων
339 4116 519 4180 ἐστὶν,
571 4114 628 4167 ὲν
656 4111 732 4183 τῷ
783 4109 954 4180 καινῷ
993 4108 1172 4180 τούτῳ
1202 4108 1395 4178 κόσμῳ
1439 4105 1541 4159 ὑπὸ
1584 4102 1679 4157 τοῦ

85 4212 229 4267 Θεοῦ
266 4207 645 4281 ἀριθμούμενα
669 4205 763 4259 καὶ
796 4202 1175 4274 ὀνομαζόμενα
1194 4240 1209 4263 ,
1241 4193 1317 4254 ὧν
1346 4198 1417 4252 τὰ
1446 4197 1684 4269 ὀνόματα

86 4307 116 4359 ὁ
144 4300 379 4372 ποιητὴς
406 4298 516 4351 τῶν
542 4294 798 4350 τοιούτων
827 4292 1040 4363 ἄστρων
1063 4292 1121 4343 ἐν
1143 4291 1258 4352 τοῖς
1279 4287 1528 4358 οὐρανοῖς
1554 4286 1685 4337 ἁπο-

86 4392 411 4468 γεγράφθαι
436 4389 606 4459 λέγει.
639 4385 795 4440 Οὕτω
830 4385 939 4454 γὰρ
966 4383 1175 4468 ηκουσα
1210 4378 1305 4434 τοῦ
1348 4374 1682 4450 δημιουργοῦ

86 4459 414 4563 τῆξκαινῆς
441 4479 671 4541 κτίσεως
743 4473 880 4546 πρὸς
918 4474 1044 4536 τοὺς
1080 4459 1241 4535 ἰδ’ίους
1267 4467 1432 4524 αὐτοῦ
1468 4485 1618 4538 φωστ

95 4560 202 4655 ρας
231 4575 501 4643 λέγοντος·
523 4573 604 4625 ὅτι
629 4569 705 4622 Τὰ
725 4568 989 4635 ὀνόματα
1003 4563 1165 4634 ὑμῶν
1187 4563 1579 4633 ἐγγέγραπται
1610 4560 1682 4613 ἐν

88 4650 223 4736 τοῖς
252 4664 553 4734 οὐρανοῖς.
571 4663 644 4716 Οὐ
666 4660 826 4715 τοῦτο
856 4657 1033 4711 τοίνυν
1051 4654 1209 4727 μόνον
1224 4657 1322 4725 τῆς
1342 4652 1535 4722 καινῆς
1564 4650 1682 4706 κτί-

90 4762 237 4826 σεώς
260 4761 378 4814 ἐστι
418 4758 480 4810 τὸ
520 4753 841 4826 παράδοξον,
872 4751 955 4805 ὅτι.
981 4749 1195 4820 ἄστρων
1224 4746 1425 4818 πλῆθος
1454 4748 1513 4800 εν
1536 4746 1676 4818 αὐτῇ

88 4852 512 4927 δημιουργεῖται
552 4843 702 4917 παρά
725 4842 818 4897 τοῦ
853 4840 1029 4908 Λόγου
1052 4856 1065 4869 ·
1094 4836 1210 4893 ἀλλ’
1249 4838 1333 4891 ότι
1367 4838 1462 4890 καὶ
1498 4835 1682 4889 πολλοὶ

87 4925 240 5013 ἣλιοι
270 4936 545 5000 κτίζονται
566 4975 583 5000 ,
619 4935 740 4995 ταῖς
776 4929 883 4984 τῶν
908 4927 1130 4997 ἀγαθῶν
1158 4925 1335 4996 ἔργων
1367 4927 1550 4979 ἀκτῖσι
1584 4925 1683 4996 τὴν

86 5030 424 5100 οἰκουμένην
462 5026 813 5098 φωτίζοντες·
849 5021 1020 5085 οὕτως
1048 5019 1293 5083 εἰπόντος
1323 5018 1419 5072 τοῦ
1456 5017 1681 5089 ποιητοῦ

85 5125 205 5181 τῶν
249 5121 505 5183 τοιούτων
538 5118 702 5191 ¹ἡλίων
726 5135 738 5148 ·
772 5113 1073 5186 Λαμψάτω
1115 5110 1183 5166 τὸ
1235 5110 1361 5181 φῶς
1384 5108 1554 5180 ὑμῶν
1578 5110 1682 5179 ἔμε-

87 5216 367 5283 προσθεν
408 5209 526 5265 τῶν
567 5206 893 5275 ἀνθρώπων
917 5221 931 5235 ·
986 5203 1080 5258 καὶ
1101 5241 1116 5266 ,
1183 5200 1321 5254 Τότε
1370 5200 1422 5252 οί
1460 5197 1682 5252 δίκαιοι

85 5305 459 5375 λάμψουσιν
500 5301 582 5367 ὠς
607 5303 639 5354 ό
666 5298 860 5366 ἣλιος.
897 5296 1109 5365 Ὥσπερ
1141 5291 1321 5346 τοίνυν
1364 5291 1393 5342 ὁ
1436 5289 1572 5360 πρὸς
1593 5287 1687 5341 τὸν

88 5396 358 5467 αἰσθητὸν
406 5391 615 5449 ἀπιδὼν
646 5392 852 5460 κόσμον
875 5429 890 5452 ,
922 5387 1015 5441 καὶ
1041 5386 1143 5456 τὴν
1174 5380 1578 5455 ἐμφαινομένην
1604 5378 1684 5450 τῷ

88 5487 286 5544 κάλλει
322 5485 435 5542 τῶν
473 5485 643 5538 ὄντων
674 5479 866 5550 σοφίαν
900 5477 1238 5548 κατανοήσας
1257 5513 1272 5540 ,
1308 5469 1685 5540 ἀναλογίζεται

1767 477 1937 518 manu
1982 466 2158 522 ducit.
2190 469 2340 526 Idem
2384 469 2551 528 etiam
2585 487 2819 544 magnus
2851 475 2944 533 ille
2971 475 3213 535 Joannes
3238 536 3241 541 ,
3264 478 3346 541 fe.-

1767 557 1845 612 cit
1867 559 1938 623 “,
1965 572 2091 614 cum
2120 575 2190 616 eo
2222 562 2372 636 quod
2393 563 2553 619 initio
2576 579 2761 621 rerum
2791 574 2912 623 erat
2959 569 3176 629 silentio
3206 585 3348 641 pra:-

1767 651 1956 720 terito,
1984 653 2230 709 studiose
2257 666 2653 713 commemorat
2697 654 2836 715 illud
2881 661 3344 732 quod,vidimus,

1767 745 1918 816 quod
1967 746 2306 813 audivimus,
2364 756 2419 804 et
2473 758 2838 808 attrectarunt
2891 768 3089 812 manus
3142 762 3349 812 nostra

1769 838 1840 894 de
1888 840 2058 895 verbo
2120 842 2265 897 vitae.
2317 843 2628 914 Respondit
2684 847 2858 917 igitur
2916 846 3027 904 illis
3091 863 3346 919 sponsa:

1775 928 2045 1002 Cognatas
2071 949 2217 988 meus
2242 943 2322 988 est
2345 935 2605 991 candidus
2640 946 2692 992 et
2744 939 3096 1003 rubicundus,
3149 940 3348 996 electus

1771 1040 1838 1079 ea:
1858 1023 2036 1079 decem
2066 1025 2326 1081 millibus.
2350 1027 2526 1098 Caput
2545 1029 2684 1099 ejus,
2731 1047 2921 1084 aurum
2943 1031 3154 1100 Cephaz
3190 1047 3209 1085 :
3233 1032 3352 1087 cin-

1770 1116 1912 1174 cinni
1940 1118 2054 1188 ejus
2087 1118 2306 1184 abicies,
2344 1120 2486 1192 nigri
2517 1129 2769 1193 tanquam
2802 1139 3010 1178 corvus.
3044 1123 3199 1179 Oculi
3233 1124 3349 1194 ejus

1771 1211 1910 1266 sicut
1943 1210 2308 1294 columbte,_ad
2344 1229 2606 1282 aquarum
2634 1215 2837 1281 capias,
2856 1200 3052 1270 abluta:
3076 1215 3233 1279 lacte,
3264 1232 3350 1270 se-
3372 1251 3393 1267 ρ

1771 1301 1953 1357 dentes
1965 1303 2127 1374 juxta
2152 1304 2332 1372 copias
2349 1321 2629 1375 aquarum.
2647 1306 2890 1361 Maxilla:
2906 1307 3076 1375 ipsius
3096 1314 3353 1377 tanquam

1774 1395 2036 1449 aromatis
2077 1394 2294 1462 pltialte,
2341 1411 2460 1465 qute
2514 1395 2791 1466 proferunt
2842 1406 3131 1467 unguenta.
3174 1395 3354 1451 Labra

1772 1486 1887 1555 ejus
1911 1496 2030 1542 sunt
2060 1486 2203 1552 lilia,
2231 1483 2559 1542 distillant’ia
2599 1489 2870 1557 myrrham
2898 1487 3127 1544 uberem.
3156 1487 3352 1543 Manus

1773 1578 1923 1634 illius
2001 1580 2230 1647 tortiles,
2301 1596 2499 1648 aurea,
2585 1580 2763 1649 plent:
2837 1579 3082 1635 Tharsis.
3163 1578 3356 1636 Venter

1773 1670 1889 1740 ejus
1944 1669 2142 1725 tabella
2185 1671 2446 1738 eburnea,
2496 1673 2552 1727 in
2603 1672 2781 1741 lapide
2837 1672 3108 1742 sappltiro.
3180 1670 3357 1727 Crura

1772 1762 1922 1818 illius
1957 1763 2216 1820 columna:
2285 1781 2621 1832 marmoreae,
2676 1764 2917 1835 fundatis
2964 1780 3119 1833 super
3161 1779 3355 1819 aureas

1775 1858 1957 1914 bases:
1998 1857 2207 1926 Species
2239 1857 2431 1926 ipsius,
2456 1867 2516 1911 ut
2553 1857 2748 1912 electus
2774 1856 3034 1920 Libanus,
3074 1865 3133 1910 ut
3184 1855 3353 1909 cedri.

1775 1950 1973 2007 Guttur
2008 1952 2124 2022 ejus
2151 1950 2480 2016 dulcedines,
2510 1966 2573 2003 ac
2598 1950 2733 2004 nihil
2773 1950 2878 2004 nisi
2905 1938 3225 2004 desiderium
3253 1955 3355 2003 est.

1774 2045 1880 2100 llic
1906 2054 1984 2100 est
2025 2039 2280 2115 cognatus
2311 2060 2479 2108 meus,
2518 2051 2568 2096 et
2596 2041 2681 2095 hic
2717 2041 2995 2111 proximus
3025 2054 3193 2104 meus,
3227 2038 3356 2107 ﬁlia:

1772 2135 2093 2192 Jerusalem.
2136 2135 2263 2191 Hac
2293 2135 2557 2190 nimirum
2588 2118 2794 2199 omnia,
2826 2147 2925 2203 per
2947 2147 3070 2202 qum
3097 2135 3356 2185 venustas

1774 2230 1895 2301 ejus
1929 2229 2263 2300 depingitur,
2297 2242 2409 2283 non
2433 2241 2555 2297 quae
2590 2225 2648 2280 in
2679 2224 2970 2280 divinitate
2999 2221 3150 2278 cerni
3180 2221 3357 2292 perci-

1777 2323 1945 2395 pique
1989 2328 2292 2391 nequeunt,
2328 2320 2576 2375 indicant
2614 2336 2628 2372 :
2663 2319 2759 2373 sed
2801 2315 2896 2370 illa
2936 2329 3057 2385 qua:
3116 2311 3355 2367 admini-

1776 2417 2061 2475 strationis
2100 2423 2348 2486 tempore
2393 2398 2664 2487 patefacta
2701 2416 2868 2475 sunt,
2926 2422 3052 2465 cum
3101 2406 3159 2461 in
3209 2416 3358 2460 terra

1775 2516 2108 2582 conspectus
2139 2515 2244 2574 est,
2275 2516 2330 2564 et
2360 2508 2597 2563 humana
2626 2506 2853 2561 indutus
2883 2511 3078 2558 natura
3104 2514 3229 2556 cum
3259 2499 3359 2553 bo-

1776 2603 2022 2660 minibus
2055 2596 2307 2658 ve’rsatus
2331 2594 2465 2665 fuit,
2494 2615 2592 2672 per
2621 2614 2764 2669 quae,
2796 2607 2855 2652 ut
2877 2593 3204 2667 apostolicis
3230 2604 3356 2646 ver-

1777 2699 1864 2756 bis
1893 2707 2132 2760 utamur,
2162 2696 2328 2751 etiam
2362 2693 2454 2749 illa
2483 2697 2790 2749 cernuntur
2836 2702 2959 2759 quae
3009 2685 3065 2740 in
3108 2684 3232 2755 ipso
3267 2681 3354 2736 vi-

1778 2794 1898 2850 deri
1942 2798 2245 2864 nequeunt,
2276 2788 2407 2846 dum
2449 2803 2517 2845 ex
2567 2785 2704 2857 ipsis
2756 2783 2915 2838 factis
2952 2779 3357 2850 intelliguntur,

1776 2889 1884 2945 hoc
1906 2895 2011 2953 est,
2043 2887 2173 2943 dum
2204 2899 2302 2955 per
2334 2880 2611 2953 opiﬁcium
2642 2877 2833 2933 mundi
2862 2869 3223 2932 ecclesiastici
3254 2884 3356 2940 pa-

1779 2981 2056 3039 teﬁunt".
2097 2978 2233 3033 Nam
2266 2976 2545 3048 opificium
2590 2972 2852 3027 Ecclesiae
2901 2966 3059 3040 quasi
3107 2965 3358 3036 quaedam

1701 3088 1744 3145 α
1779 3073 1968 3130 mundi
2003 3071 2208 3127 creatio
2253 3075 2378 3133 est,
2434 3068 2490 3122 in
2546 3079 2655 3136 qua
2705 3061 3007 3120 secundum
3042 3059 3189 3113 illam
3228 3071 3359 3126 pro-

1776 3166 1953 3237 pheta:
1980 3177 2192 3227 vocem,
2228 3168 2282 3217 et
2310 3159 2509 3216 coelum
2539 3170 2739 3212 novum
2773 3150 3073 3215 creatur",
3107 3146 3362 3218 quodest

1778 3256 2181 3311 ﬁrmamentum
2226 3251 2348 3306 lidei
2394 3249 2450 3303 in
2493 3247 2802 3309 Christum,
2839 3251 2899 3297 ιιι
2942 3241 3145 3297 Paulus
3174 3237 3360 3308 loqui-

1780 3348 1954 3412 tur”,
2003 3354 2058 3402 et
2106 3355 2253 3399 terra
2288 3356 2426 3397 nova
2462 3348 2709 3410 paratur,
2755 3351 2879 3408 qua:
2913 3334 3141 3389 imbrem
3192 3331 3249 3386 in
3300 3344 3361 3386 se

1781 3441 2021 3496 delatum
2069 3437 2266 3492 bibat:
2301 3443 2356 3490 et
2389 3433 2533 3488 alius
2584 3431 2748 3484 homo
2798 3427 3090 3489 formatur,
3139 3424 3233 3496 qui
3267 3438 3362 3494 per

1782 3530 2187 3604 generationem
2241 3539 2537 3597 supernam
2599 3499 2898 3577 renovatur
2947 3517 3015 3572 ad
3068 3515 3361 3585 imaginem

1782 3602 2063 3681 Creatoris
2102 3603 2206 3677 εει
2251 3616 2604 3673 luminarium
2645 3621 2843 3669 natura
2877 3602 2942 3665 Iit
2972 3610 3099 3672 alia,
3132 3607 3200 3663 de
3235 3607 3363 3677 qui-

1779 3719 1883 3773 bus
1910 3713 2155 3770 dicitur:
2212 3710 2313 3766 Vos
2359 3708 2487 3763 estis
2537 3705 2720 3760 mundi
2766 3702 3000 3756 lumen‘.
3054 3699 3186 3754 Item
3227 3717 3241 3753 :
3293 3697 3363 3752 In

1780 3808 1968 3881 quibus
2037 3804 2223 3859 lucetis
2297 3799 2569 3869 conspicui
2634 3807 2886 3866 tanquam
2954 3791 3246 3848 luminaria
3303 3790 3362 3843 in

1784 3899 2025 3957 mundo’
2062 3915 2076 3952 :
2118 3898 2285 3951 multa
2325 3895 2564 3964 denique
2604 3890 2806 3953 sidera,
2850 3901 2971 3958 quae
3016 3885 3070 3939 in
3105 3882 3227 3937 ﬁdei
3264 3881 3363 3936 lir-

1785 3998 2061 4048 mamento
2094 3989 2445 4045 exoriuntur.
2492 3983 2680 4055 Neque
2714 3980 2916 4037 mirum
2956 3976 3127 4032 videri
3172 3975 3359 4038 debet,

1782 4101 1905 4144 esse
1950 4096 2202 4154 magnam
2250 4079 2491 4135 siderum
2540 4072 2971 4137 multitudinem,
3014 4084 3137 4140 quae
3172 4069 3226 4122 iu
3258 4067 3363 4122 hoc

1782 4178 1989 4234 mundo
2021 4191 2051 4230 a
2078 4173 2190 4229 Deo
2219 4177 2584 4227 numerantur
2615 4182 2680 4222 ac
2710 4164 3037 4222 nominatim
3081 4162 3362 4233 appellan-

1783 4280 1874 4326 tur
1909 4312 1925 4338 ,
1974 4281 2208 4340 quorum
2260 4265 2424 4320 etiam
2467 4260 2686 4317 nomina
2732 4258 2849 4329 ipse
2880 4255 3078 4326 Opifcx
3116 4256 3170 4310 in
3207 4254 3364 4310 caelis

1783 4359 2097 4432 consignari
2128 4358 2225 4412 ait.
2276 4354 2368 4409 Sic
2395 4353 2539 4408 enim
2572 4349 2737 4405 audio
2767 4349 2893 4402 novi
2926 4344 3130 4416 opiﬁcii
3169 4343 3367 4399 condi-

1621 4468 1684 4538 ἦ.
1715 4438 1760 4493 Ῐ)
1787 4463 1965 4510 torem
1995 4451 2063 4507 ad
2098 4446 2391 4504 luminaria
2424 4459 2523 4499 sua
2558 4443 2741 4497 dicere
2776 4457 2790 4494 :
2828 4437 3063 4493 Nomina
3104 4446 3276 4492 uestra
3308 4434 3364 4490 in

1787 4547 1931 4602 caelis
1959 4543 2213 4610 inscripta
2239 4547 2360 4594 sunt
2380 4536 2422 4591 ³.
2469 4534 2580 4589 Nec
2611 4534 2787 4589 solum
2829 4531 2935 4587 hoc
2961 4544 3162 4585 novum
3197 4535 3281 4584 est
3309 4528 3366 4581 in

1786 4639 1880 4695 illo
1928 4652 2071 4692 novo
2105 4649 2284 4690 rerum
2326 4628 2573 4701 opiﬁcio,
2623 4626 2768 4696 quod
2816 4638 3073 4693 magnam
3123 4621 3365 4677 siderum

1785 4729 2187 4788 multitudinem
2218 4727 2272 4780 in
2305 4739 2370 4780 eo
2389 4720 2592 4777 condat
2614 4717 2879 4780 Verbum,
2905 4714 3002 4771 sed
3029 4713 3177 4785 quod
3200 4713 3367 4767 etiam

1756 4824 1936 4882 ‘soles
1979 4820 2135 4876 multi
2182 4822 2459 4878 creentur,
2493 4813 2585 4883 qui
2628 4811 2896 4866 bonorum
2932 4821 3157 4878 operum
3197 4804 3367 4860 radiis

1792 4918 1983 4973 orbem
2018 4913 2316 4968 illustrem.
2355 4906 2449 4962 Sic
2478 4904 2622 4960 enim
2668 4902 2743 4955 ait
2774 4901 2844 4965 is,
2890 4897 2985 4968 qui
3026 4897 3170 4952 soles
3214 4896 3367 4965 ejusc

1792 5006 1941 5064 modi
1973 5003 2201 5060 condit:
2242 4998 2527 5070 Splendeat
2559 4997 2653 5051 lux
2693 5003 2866 5049 vestra
2914 5005 3096 5045 coram
3138 4988 3371 5042 homini-

1790 5102 1885 5155 bus
1901 5099 1945 5151 ⁸.
1991 5097 2125 5151 Item
2169 5112 2184 5148 :
2229 5091 2531 5162 Fulgebunt
2561 5089 2615 5143 id
2648 5085 2894 5155 temporis
2933 5082 3076 5152 justi
3113 5091 3369 5148 tanquam

1790 5193 1874 5247 sol
1907 5189 2074 5260 ipse“.
2115 5185 2586 5253 Quemadmodum
2637 5183 2801 5254 igitur
2851 5181 2898 5235 is
2958 5176 3054 5248 qui
3105 5174 3369 5230 sensilcm

1795 5288 1944 5343 hunc
1971 5281 2243 5338 mundum
2278 5279 2513 5350 aspexit,
2553 5283 2607 5331 et
2628 5276 2913 5332 lucentem
2945 5270 3003 5325 in
3031 5269 3150 5339 ipsa
3181 5278 3371 5320 rerum

1792 5372 2199 5451 pulchritudine
2223 5369 2544 5440 sapientiam
2570 5362 2961 5423 consideravit,
2988 5355 3369 5414 ratiocinando

1794 5444 2029 5525 aestimat
2055 5477 2151 5535 per
2186 5474 2251 5517 ea
2298 5472 2423 5529 quae
2450 5457 2555 5513 sub
2586 5455 2780 5511 oculos
2808 5452 3011 5508 cadunt
3065 5444 3372 5521 pulchritu-

164 5645 215 5677 “
246 5640 445 5698 IJoan.
481 5657 518 5696 I.
554 5639 603 5693 I.
678 5638 723 5671 "
759 5634 1084 5694 Rom.t.20.
1163 5633 1209 5664 ”
1236 5630 1338 5686 lsa.
1384 5644 1510 5694 va,
1569 5628 1637 5680 I7.

1896 5623 2066 5682 moth.
2102 5637 2182 5689 ιιι,
2216 5617 2297 5674 I5.
2375 5616 2388 5647 '
2420 5613 2609 5669 Matth.
2643 5630 2694 5679 ν,
2721 5611 2801 5670 Η.
2871 5614 2891 5645 ⁸
2921 5610 3158 5681 Philipp.
3186 5621 3247 5695 ιι,
3282 5599 3368 5658 I5.

112 5712 131 5744 ³
158 5711 297 5769 Luc.
336 5707 509 5778 1,20.
586 5712 609 5740 ⁵
640 5704 828 5764 Matth.
866 5721 917 5773 ν,
952 5705 1036 5761 16.
1115 5706 1135 5738 ³
1160 5700 1347 5762 Matth.
1369 5719 1491 5763 xui.
1524 5703 1615 5759 ιδ.
