3756 5988
350 175 484 236 1051

1566 117 1657 237 \S.
1700 178 2031 238 GRECORII
2064 183 2352 242 N-YSSENI

3471 193 3620 252 105?.

349 297 533 352 dinem
564 295 714 363 illam
755 295 1231 366 inaspectabilem,
1264 305 1319 352 et
1372 296 1578 353 fontem
1622 300 1887 369 sapientia

2156 301 2263 356 τῶν
2296 302 2588 375 ὁρωμένων
2614 305 2675 359 τὸ
2708 306 2937 379 ἀόρατον
2969 305 3161 372 κάλλος
3182 349 3199 376 ,
3233 308 3332 364 καὶ
3376 304 3477 381 τήν
3506 327 3617 380 πη-

349 390 511 459 cujus
542 387 762 445 eﬂusio
796 403 978 442 rerum
1007 396 1261 443 naturam
1296 389 1352 444 ln
1393 404 1596 463 corpus
1628 392 1732 446 hoc
1763 392 1924 448 rede-

349 482 428 551 git
458 498 471 533 :
507 480 589 535 sic
615 479 711 550 qui
755 480 1020 533 mundum
1055 484 1202 535 hunc
1236 495 1438 536 novum
1469 483 1524 536 in
1558 482 1777 552 opiﬁcio
1812 484 1920 537 Ec-

349 572 531 627 clesia:
562 573 779 641 aspicit,
813 572 961 626 videt
1015 573 1070 627 in
1126 589 1192 627 eo
1224 573 1378 627 illum
1427 575 1519 644 qui
1570 574 1623 627 in
1671 575 1928 631 omnibus

349 670 433 720 cst
465 663 673 726 omnia,
724 678 888 717 manu
925 664 1083 733 quasi
1117 663 1325 719 ducens
1359 666 1727 734 cognitionem
1765 682 1924 722 suam

352 756 418 809 ad
451 756 504 809 id
554 756 717 825 cujus
744 770 973 825 capaces
1004 770 1112 809 non
1145 771 1358 818 sumus,
1387 771 1483 825 per
1516 756 1604 809 illa
1635 773 1754 824 qua:
1774 773 1928 811 com-

354 846 615 914 prehendi
677 861 743 900 ac
799 847 1002 916 percipi
1062 862 1092 900 a
1152 855 1347 900 natura
1414 855 1602 902 nostra
1663 858 1923 919 possunt.

353 936 721 1003 Quamobrem
772 952 895 991 cum
945 938 1027 991 has
1078 938 1319 1009 virgines
1376 937 1517 1007 (quae
1545 947 1667 993 sunt
1701 942 1916 1011 animae)

353 1028 673 1099 petitionem
706 1029 847 1083 hanc
876 1044 1033 1084 suam
1069 1038 1379 1099 proponunt
1426 1030 1500 1083 illi
1560 1046 1679 1100 quae
1717 1032 1828 1100 jam
1859 1032 1925 1086 ad

354 1121 745 1190 perfectionem
788 1136 954 1178 cursu
995 1122 1388 1187 contenderat,
1433 1130 1491 1175 ut
1525 1138 1620 1192 per
1656 1125 1826 1192 ipsam
1866 1125 1929 1178 li-

357 1220 478 1266 ceat
503 1212 584 1265 eis
618 1212 964 1268 innotescere
993 1214 1360 1269 desideratum
1398 1230 1411 1266 :
1460 1230 1558 1283 per
1587 1231 1647 1269 ea
1685 1232 1805 1285 mue
1833 1232 1929 1270 sa-

355 1304 486 1357 lutis
519 1312 723 1359 nostra:
751 1320 916 1360 causa
942 1305 1211 1375 patefacta
1256 1307 1414 1362 nobis
1450 1316 1599 1372 sunt,
1636 1309 1793 1379 quasi
1827 1310 1923 1364 de-

2033 390 2135 463 γὴν
2164 394 2262 465 τῆς
2292 392 2511 462 σοφίας,
2546 389 2613 466 ἧς
2641 397 2674 466 ἡ
2713 395 2980 467 ἀπόρροια
3020 398 3119 469 τὴν
3143 397 3252 455 τῶν
3286 398 3453 452 ὅντων
3486 418 3618 453 συν-

2034 486 2303 554 εστήσατο
2346 485 2507 555 φύσιν
2525 503 2538 518 ο
2569 487 2710 541 οὕτω
2740 488 2833 541 καὶ
2872 490 2901 541 6
2929 488 3065 560 πρὸς
3096 490 3186 544 τὸν
3209 491 3397 545 καινὸν
3425 492 3623 546 τοῦτον

2034 566 2236 637 κόσμον
2266 569 2365 639 τῆς
2404 571 2547 625 κατὰ
2592 562 2689 642 τήν
2734 572 3059 643 Ἐκκλησίαν
3107 574 3340 637 κτίσεως
3375 575 3617 646 βλέπων,

2033 658 2134 728 ὁρᾷ
2156 659 2214 711 ὲν
2240 660 2387 730 αὐτῷ
2424 660 2515 714 τὸν
2544 661 2719 715 πάντα
2750 663 2806 714 ὲν
2844 664 3009 716 πᾶσιν
3044 661 3175 717 ὄντα
3191 662 3606 729 καὶγινὸμενον,

2033 749 2119 802 διά
2144 748 2251 802 τῶν
2276 752 2538 823 χωρητῶν
2569 771 2625 806 τε
2661 754 2754 806 καὶ
2790 752 3359 824 καταλαμϐανομένων
3383 754 3485 807 ὑπὸ
3508 758 3619 826 τῆς

2034 841 2270 905 πίστεως
2303 843 2457 914 ήμῶν
2485 844 2988 916 χειραγωγούμενος
3013 843 3113 915 τὴν
3150 843 3357 912 γνῶσιν
3386 844 3520 915 πρὸς
3546 844 3619 897 τὺ

2034 930 2335 1004 ὰχὼρητον.
2381 927 2456 987 Οὗ
2486 936 2643 1007 χάριν
2696 935 2883 1006 ἐπειδὴ
2914 935 3118 1006 ταύτην
3165 935 3501 1007 προσάγουσι
3541 938 3616 1006 τῇ

2035 1024 2172 1095 πρὸς
2219 1025 2281 1078 τὸ
2330 1025 2530 1081 τέλειον
2574 1026 2958 1099 ἀναδραμούσῃ
2989 1027 3133 1097 ψυχῇ
3166 1026 3265 1098 τὴν
3311 1027 3528 1097 αἴτησιν
3553 1029 3619 1081 αἱ

2037 1116 2293 1187 παρθένοι
2321 1117 2491 1188 ψυχαὶ
2525 1118 2617 1171 τοῦ
2650 1119 3014 1189 γνωρισθῆναι
3053 1119 3245 1182 αὐταῖς
3296 1118 3389 1171 τὸν
3422 1117 3627 1172 ποθού-

2037 1224 2196 1277 μενον
2217 1226 2230 1240 ο
2261 1208 2347 1263 διὰ
2367 1210 2473 1263 τῶν
2498 1210 2589 1263 ἐπὶ
2614 1211 2856 1283 σωτηρίᾳ
2877 1210 3298 1282 φανερωθέντων
3328 1212 3464 1283 ἡμῖν
3492 1213 3632 1265 ὐπο-

2033 1299 2233 1369 γράφει
2282 1304 2403 1363 ταῖς
2447 1302 2738 1373 παρθένοις
2785 1301 2855 1355 τὰ
2886 1300 2979 1353 τοῦ
3030 1298 3366 1373 ζητουμένου
3418 1302 3634 1374 γνωρξ-

355 1397 523 1452 lineat
566 1400 646 1452 eis
699 1397 925 1460 indicia,
960 1397 1028 1452 de
1072 1398 1274 1467 quibus
1308 1413 1604 1469 agnoscere
1636 1402 1887 1470 quaesitui

2121 1409 2236 1446 κτα.
2286 1393 2394 1445 Καὶ
2445 1395 2624 1447 πᾶσαν
2659 1392 2756 1465 τὴν
2801 1392 3127 1463 Ἐκκλησίαν
3166 1391 3224 1447 ἓν
3309 1391 3472 1464 σῶμα
3530 1393 3635 1445 τοῦ

357 1489 591 1558 possint.
622 1489 882 1557 Adeoque
908 1489 975 1542 de
1002 1495 1116 1542 tota
1145 1488 1387 1543 Ecclesia
1421 1506 1529 1544 uno
1557 1492 1748 1560 sponsi
1798 1507 1928 1546 cor-

357 1593 493 1649 pore
521 1577 687 1641 facto,
719 1578 1054 1647 peculiarem
1085 1578 1374 1647 quemdam
1408 1595 1630 1634 sensum
1682 1582 1749 1636 de
1793 1598 1928 1652 quo-

2031 1484 2260 1554 νυμφίου
2285 1486 2587 1556 ποιήσασα,
2634 1485 2763 1539 ἴδιόν
2803 1503 2855 1539 τι
2899 1484 3076 1569 νόημα
3142 1485 3209 1538 δι’
3233 1484 3469 1539 ἑκάστου
3512 1485 3634 1539 τῶν

2036 1574 2213 1644 μελῶν
2240 1576 2297 1627 ἐν
2330 1578 2395 1648 τῇ
2433 1577 2723 1649 ὑπογραφῇ
2760 1574 2851 1629 τοῦ
2881 1575 3107 1638 κάλλους
3155 1575 3522 1640 ἐνδείκνυται,
3553 1578 3633 1631 δι’

359 1647 491 1722 iibet
520 1668 767 1721 membro
802 1668 857 1721 in
886 1666 1309 1736 pulchritudinis
1349 1667 1718 1739 descriptione
1748 1647 1887 1727 oste:

2134 1662 2271 1718 ὅλων
2305 1666 2370 1717 ὲκ
2412 1666 2521 1718 τῶν
2574 1647 2921 1735 κατὰλμέρος
2955 1665 3345 1736 θεωρουμένων
3371 1707 3386 1731 ,
3424 1668 3491 1721 τὸ
3532 1670 3636 1723 τοῦ

359 1758 440 1813 dit
475 1777 488 1812 :
525 1758 729 1828 quibus
756 1758 1033 1814 universis
1059 1759 1375 1829 singulatim
1407 1762 1787 1828 consideratis,
1820 1765 1934 1821 ele-

359 1850 543 1920 gantia
576 1850 968 1920 corporis‘tota
1006 1850 1389 1907 conformatur
1430 1861 1483 1909 et
1518 1853 1840 1911 absolvitur.

430 1940 659 1997 Orditur
705 1959 838 1997 vero
888 1942 1194 1999 doctrinam
1247 1945 1390 2001 hanc
1436 1961 1465 1999 a
1509 1949 1779 2018 principio
1828 1966 1934 2005 non

362 2032 553 2103 procul
601 2048 631 2086 a
685 2033 842 2086 nobis
889 2045 1118 2097 remoto,
1160 2050 1337 2104 neque
1381 2037 1587 2091 alieno.
1644 2038 1854 2092 Etenim
1902 2054 1932 2093 a

361 2139 593 2195 corpore
644 2125 837 2193 incipit
883 2125 1337 2190 instructionem,
1392 2128 1851 2197 quemadmodum
1886 2140 1941 2187 et

364 2213 652 2269 Matthaeus
679 2213 867 2268 fecit‘.
905 2214 1040 2268 Nam
1075 2216 1123 2271 is
1151 2217 1219 2270 ab
1246 2217 1456 2273 Adamo
1485 2227 1539 2273 et
1569 2219 1767 2276 Davide
1790 2238 1941 2292 repe-

364 2307 466 2359 tito
501 2306 661 2375 ionga
695 2307 838 2360 serie
871 2308 1056 2360 carnis
1095 2318 1393 2377 assumpta:
1426 2311 1707 2379 mysterio,
1743 2328 1941 2383 magno
1988 2340 1995 2343 -

364 2396 444 2450 illi
472 2394 677 2450 Joanni
713 2396 767 2450 in
798 2398 883 2453 his
915 2399 1064 2452 velut
1094 2399 1377 2453 elementis
1411 2412 1462 2454 et
1492 2401 1778 2472 principiis
1810 2420 1943 2458 con-

364 2487 578 2543 stitutis
615 2489 916 2542 reservavit
979 2497 1036 2541 ut
1090 2488 1222 2543 illud
1276 2490 1628 2559 principium,
1679 2494 1824 2563 quod
1876 2497 1945 2551 ab

364 2587 574 2634 aeterno
603 2580 952 2649 intelligitur,
983 2590 1037 2634 et
1068 2578 1309 2635 Verbum
1340 2582 1493 2651 quod
1520 2599 1627 2638 una
1675 2599 1800 2639 cum
1841 2587 1946 2642 hoc

366 2670 641 2740 principio
690 2670 1037 2741 intelligitur,
1091 2670 1382 2742 Evangelio
1436 2689 1538 2730 suo
1585 2674 1943 2733 describeret.

368 2760 472 2816 Per
502 2762 604 2817 has
637 2762 805 2833 igitur
834 2763 1137 2818 sententias
1179 2779 1387 2834 sponsa
1428 2766 1754 2833 juvenculas
1803 2770 1950 2825 velut

368 2850 571 2916 iuitiat,
603 2866 730 2906 cum
763 2867 916 2906 mens
947 2862 1139 2907 nostra
1162 2868 1270 2907 non
1304 2855 1458 2923 prius
1481 2856 1549 2909 ad
1577 2856 1707 2910 illud
1738 2858 1950 2912 incom-

370 2943 740 3012 prehensibile
770 2958 834 2997 ac
866 2943 1140 2998 infinitum
1177 2946 1478 3014 perveniat,
1515 2962 1679 3016 quam
1708 2948 1761 3002 id
1801 2949 1949 3019 quod

370 3035 704 3103 patefactum
758 3042 864 3099 est,
913 3035 1016 3090 title
1054 3038 1470 3106 complectatur.
1526 3038 1591 3094 Et
1620 3040 1952 3110 patefactum

372 3124 528 3189 ἱΙιιιᾱ,
566 3124 752 3181 carnis
798 3135 882 3180 est
911 3134 1124 3181 natura.
1174 3128 1309 3182 Cum
1344 3130 1488 3184 enim
1525 3132 1600 3185 ait
1632 3150 1646 3185 :
1682 3133 1952 3204 Cognatas

373 3232 520 3271 meus
549 3226 625 3271 est
647 3215 907 3271 candidus
937 3226 987 3272 et
1021 3217 1345 3274 rubicundus
1371 3239 1390 3275 :
1421 3237 1517 3292 per
1552 3224 1691 3279 hanc
1720 3225 1952 3281 duorum

374 3308 620 3363 colorum
660 3307 948 3363 misturam
1015 3326 1237 3366 carnem
1271 3314 1621 3383 peculiariter
1665 3318 1954 3374 describit.

376 3400 446 3454 Et
474 3398 605 3456 fecit
635 3401 741 3456 hoc
769 3402 933 3456 etiam
964 3404 1219 3473 superius
1244 3445 1258 3468 ,
1311 3406 1403 3461 ubi
1446 3424 1570 3463 eum
1611 3412 1815 3466 malum
1856 3429 1955 3483 ap-

376 3489 597 3560 pellavit
630 3508 645 3546 :
683 3490 843 3561 cujus
876 3491 1048 3547 forma
1079 3509 1146 3548 ex
1183 3503 1417 3566 utroque
1448 3499 1630 3554 colore
1657 3508 1957 3571 temperata

374 3582 753 3652 conspicitur;
807 3599 933 3638 nam
963 3586 1164 3640 malum
1197 3595 1251 3643 et
1282 3589 1576 3644 candidum
1609 3599 1728 3656 est,
1776 3602 1829 3647 et
1860 3610 1955 3648 ru-

378 3676 469 3730 hct
506 3690 520 3727 :
578 3676 875 3742 indicante,
928 3687 988 3732 ut
1035 3679 1293 3746 arbitror,
1324 3683 1497 3753 quasi
1542 3698 1639 3753 per
1682 3686 1956 3755 quoddam

378 3766 685 3838 symbolum
745 3768 849 3823 hoc
916 3769 1036 3841 ipso
1085 3772 1286 3827 rubore
1338 3782 1593 3828 naturam
1649 3778 1955 3847 sanguinis.

280 3896 287 3905 κ
378 3856 519 3923 Quia
555 3872 683 3913 vero
736 3874 846 3912 uno
894 3860 1057 3914 modo
1104 3864 1462 3917 constituitur
1512 3866 1769 3934 quielihet
1804 3882 1956 3935 caro,

379 3947 637 4018 conjugio
667 3949 827 4017 quasi
864 3950 1007 4003 viam
1060 3959 1307 4025 struente
1354 3956 1534 4023 partui
1592 3973 1688 4025 per
1735 3974 1962 4029 genera-

380 4040 587 4092 tionem
620 4039 677 4092 in
706 4039 961 4093 omnibus
1013 4041 1157 4096 hanc
1193 4045 1354 4098 vitam
1403 4046 1856 4115 ingredientibus,
1894 4068 1962 4111 ne

380 4127 511 4199 quis
537 4127 721 4185 carnis
750 4137 873 4183 ortu
911 4130 965 4184 in
996 4131 1099 4186 hoc
1131 4137 1389 4204 mysterio
1416 4137 1636 4206 pietatis
1669 4156 1959 4209 concesso,

388 4220 459 4275 ad
493 4230 707 4276 natura:
736 4228 920 4294 opera'
950 4232 1003 4279 et
1050 4225 1367 4284 aﬂ‘ectioncs
1400 4231 1692 4301 cogitando
1740 4236 1962 4292 delaba-

387 4323 502 4375 tur,
526 4312 895 4369 existimando
945 4317 1130 4371 carnis
1166 4317 1328 4387 hujus
1374 4327 1783 4391 generationem
1834 4344 1959 4396 per-
1993 4309 2039 4363 Ῑ)

385 4402 513 4457 inde
557 4412 932 4475 comparatam
978 4421 1123 4473 esse,
1174 4418 1234 4463 ut
1268 4411 1320 4464 in
1369 4413 1492 4469 aliis
1525 4416 1821 4485 omnibus;
1876 4421 1960 4475 id-

386 4493 537 4548 circo
558 4510 683 4549 eum
732 4497 826 4566 qui
851 4506 1053 4553 nostra:
1082 4515 1265 4556 carnis
1293 4513 1347 4557 et
1373 4506 1658 4574 sanguinis
1689 4511 1961 4581 particeps

385 4582 568 4639 factus
598 4592 712 4649 est,
743 4587 1037 4643 candidum
1072 4592 1288 4661 quidem
1320 4594 1470 4649 illum
1504 4612 1569 4652 ac
1600 4599 1961 4657 rubiCundum

387 4691 511 4732 csse
543 4676 769 4744 fatetur,
801 4694 898 4749 per
922 4682 1060 4737 duos
1091 4686 1259 4740 hosce
1288 4687 1506 4767 colores
1544 4690 1963 4752 obscuriuscule

384 4768 637 4840 corporis
670 4777 924 4826 naturam
973 4774 1245 4842 indicans,
1302 4794 1410 4832 non
1464 4788 1643 4837 tamen
1690 4787 1963 4843 consimili

388 4860 604 4917 ratione
633 4878 862 4932 prorsus
892 4864 1096 4919 editum
1133 4867 1188 4920 in
1220 4869 1395 4924 lucem
1439 4872 1538 4937 ait,
1571 4890 1677 4944 qua
1717 4891 1966 4934 commu-

393 4952 532 5008 uiter
557 4954 809 5012 homines
835 4956 1156 5028 gignuntur.
1186 4958 1453 5017 Nimirum
1488 4965 1628 5021 inter
1655 4983 1846 5024 omnes
1869 4970 1967 5025 ho—

389 5044 601 5099 minum
638 5047 935 5118 myriades,
984 5058 1050 5106 ex‘
1106 5067 1215 5122 quo
1264 5053 1343 5107 illi
1389 5069 1511 5111 esse
1559 5069 1865 5128 cmperunt,
1912 5068 1968 5117 et

390 5151 681 5209 quousque
714 5140 879 5195 veluti
931 5141 1147 5199 ﬂuendo
1179 5155 1374 5200 natura
1416 5151 1825 5204 succedentium
1859 5151 1962 5207 sibi

391 5241 491 5296 per
516 5237 731 5299 partum
782 5234 1183 5304 progredietur,
1233 5239 1385 5295 solus
1418 5241 1506 5296 hic
1556 5257 1698 5299 nova
1730 5244 1965 5314 quadam

394 5325 585 5388 partus
617 5322 803 5390 specie
832 5324 886 5379 in
919 5326 1060 5383 hanc
1081 5329 1248 5383 vitam
1283 5332 1430 5387 venit
1466 5351 1479 5387 :
1507 5335 1598 5389 cui
1634 5335 1702 5390 ad
1732 5350 1963 5392 nascen-

395 5414 526 5464 dum
590 5422 787 5470 natura
857 5434 965 5474 non
1030 5432 1320 5494 cooperata
1392 5433 1522 5492 est,
1593 5428 1688 5486 scd
1745 5432 1955 5486 serviit.

466 5588 487 5613 ⁸⁸
518 5590 710 5648 Matth.
744 5596 833 5659 1,2
859 5612 985 5666 sqq.

2040 1755 2291 1827 σώματος
2319 1757 2512 1822 κάλλος
2545 1756 3029 1829 συναπαρτίζεται.

2121 1940 2320 2012 Ἀρχὴν
2340 1939 2436 1995 οὖν
2467 1945 2700 1997 ποιεῖται
2724 1945 2821 2016 τῆς
2859 1945 3209 2009 διδασκαλίας
3246 1944 3345 2017 τὴν
3378 1944 3636 2015 προσεχῆ

2041 2033 2134 2086 καὶ
2167 2034 2371 2088 οἰκείαν
2390 2036 2543 2107 ἡμῖν.
2587 2036 2681 2089 Ἐκ
2712 2036 2821 2107 γὰρ
2854 2037 2947 2090 τοῦ
2982 2037 3231 2107 σώματος
3252 2036 3354 2107 τῆς
3378 2036 3637 2106 κατηχή-

2044 2142 2181 2188 σεως
2217 2124 2442 2196 ἄρχεται
2464 2144 2477 2157 ο
2509 2126 2695 2199 ὥσπερ
2717 2127 2782 2198 δὴ
2813 2129 2906 2181 καὶ
2943 2132 2970 2183 6
2994 2130 3268 2192 Ματθαῖος
3303 2127 3634 2197 πεποίηκεν,

2042 2217 2107 2269 ὲκ
2133 2216 2227 2268 τοῦ
2265 2216 2515 2288 Ἀϐραάμ
2561 2235 2620 2271 τε
2666 2218 2756 2272 καὶ
2788 2218 2950 2272 Δαϐὶδ
2970 2218 3373 2290 γενεαλογῆσας
3402 2217 3463 2270 τὸ
3486 2218 3640 2272 κατὰ

2046 2310 2225 2380 σάρκα
2263 2311 2578 2382 μυστήριον,
2610 2310 2686 2382 τῷ
2727 2312 2949 2383 μεγάλῳ
2995 2312 3215 2382 Ἰωάννῃ
3261 2309 3641 2377 ἐταμιεύσατο

2044 2404 2158 2464 τοῖς
2192 2402 2292 2471 ήδη
2314 2402 2402 2455 διὰ
2430 2401 2634 2455 τούτων
2663 2403 3054 2474 στοιχειωθεῖσι
3081 2401 3176 2473 τὴν
3203 2401 3261 2467 ἐξ
3278 2399 3448 2454 ἀϊδίου
3473 2415 3640 2453 νοου-

2051 2494 2217 2563 μένην
2274 2493 2470 2566 ἀρχὴν,
2526 2494 2619 2547 καὶ
2671 2494 2761 2548 τὸν
2802 2496 2867 2566 τῇ
2906 2495 3048 2565 ἀρχῇ
3093 2491 3644 2562 συγκατανοούμενον

2048 2583 2220 2650 Λόγον
2239 2581 2717 2653 εὐαγγελίσασθαι.
2736 2583 2837 2637 Διὰ
2859 2583 3063 2639 τούτων
3081 2584 3259 2638 τοίνυν
3283 2583 3392 2637 τῶν
3418 2584 3644 2654 νοημά-

2048 2688 2155 2723 των
2184 2674 2216 2743 ή
2253 2672 2436 2742 νύμφη
2473 2676 2822 2744 μυσταγωγεί
2858 2674 2956 2736 τὰς
2982 2672 3248 2739 νεάνιδας,
3279 2675 3361 2727 ὅτι
3404 2673 3467 2727 οὐ
3501 2674 3648 2743 πρό-

2050 2779 2208 2835 τερον
2241 2763 2335 2815 ἐπὶ
2383 2763 2443 2816 τὸ
2480 2764 2727 2836 ἄληπτόν
2760 2784 2819 2819 τε
2856 2769 2949 2820 καλ⁵
2976 2767 3228 2839 ἀόριστον
3270 2767 3650 2838 εὐαχθήσεται

2054 2851 2210 2921 ἡμῶν
2260 2853 2293 2922 ή
2347 2851 2574 2920 διάνοια,
2611 2855 2739 2926 πρὶν
2777 2854 2857 2926 τῷ
2886 2856 3102 2926 ὀφθέντι
3134 2856 3222 2911 διὰ
3262 2857 3365 2929 τῆς
3395 2858 3653 2919 πίστεως

1981 2974 2026 3033 C
2061 2942 2485 3013 περιδράξασθαι
2503 2959 2517 2973 ⁸
2547 2945 2607 2997 τὸ
2625 2945 2681 2998 δὲ
2704 2946 2866 3017 ὀφθὲν
2892 2949 2927 3018 ἡ
2949 2947 3049 3018 τῆς
3081 2947 3277 3019 σαρκός
3310 2948 3427 3001 ἐστι
3447 2946 3646 3017 φύσις.

2058 3034 2300 3088 Eia-066a
2334 3034 2442 3106 γάρ
2466 3052 2479 3066 ·
2520 3037 2601 3089 ὅτι
2627 3037 2962 3108 Ἆδελφιδός
2988 3057 3107 3109 μου
3127 3038 3351 3106 λευκὸς
3368 3040 3467 3093 καὶ
3491 3042 3653 3109 avﬁ-

2054 3128 2160 3194 ρός
2190 3144 2202 3157 ’
2244 3126 2330 3179 διὰ
2370 3128 2470 3199 τῆς
2511 3127 2617 3182 τῶν
2643 3129 2738 3184 δύο
2762 3132 3067 3202 χρωμάτων
3102 3133 3305 3187 τούτων
3346 3131 3551 3203 μίξεως
3584 3131 3657 3185 τὸ

2058 3217 2155 3288 τῆς
2191 3218 2390 3290 σαρκὸς
2418 3220 2614 3291 ἰδίωμα
2646 3221 2956 3292 ὑπογράφει
2980 3221 3057 3293 τῷ
3086 3220 3427 3292 λόγῳ.Τοῦτο
3453 3221 3516 3275 δὲ
3544 3224 3650 3295 καςι

2058 3309 2115 3361 έν
2139 3311 2247 3373 τοῖς
2276 3309 2583 3383 ἔμπροσθεν
2627 3314 2872 3385 ἐποίησε,
2899 3314 3069 3385 μῆλον
3094 3314 3255 3367 αὑτὸν
3283 3313 3613 3384 ὀνομάσασα
3630 3329 3651 3342 ο

2058 3393 2118 3452 οὗ
2142 3399 2275 3471 πρὸς
2305 3400 2565 3473 ἑκάτερον
2597 3402 2705 3455 τῶν
2733 3404 3042 3474 χρωμάτων
3075 3403 3383 3474 σύγκρατον
3404 3403 3661 3476 καθορᾶ-

2058 3509 2147 3545 ται
2195 3492 2256 3544 τὸ
2284 3489 2442 3557 εἶδος.
2478 3495 2686 3548 Λευκὸν
2714 3512 2771 3547 τε
2802 3495 2910 3568 γάρ
2939 3498 3054 3549 ἐστι
3089 3496 3149 3549 τὸ
3196 3495 3367 3569 μῆλον
3396 3496 3493 3549 καὶ
3514 3498 3658 3569 ἐρυ-

2061 3584 2338 3653 θραίνεται
2356 3602 2370 3617 ο
2397 3585 2494 3657 τὴν
2514 3586 2608 3640 τοῦ
2640 3583 3270 3660 αἴματος,οἶμαι,’φύσιν
3298 3587 3660 3659 συμϐολικῶς

2063 3680 2461 3752 ἐνδεικνύμενος
2484 3681 2570 3735 διὰ
2595 3681 2688 3735 τοῦ
2705 3683 3070 3755 ἐρυθήματος.
3116 3683 3253 3737 Ἀλλ’
3280 3682 3467 3755 ἐπειδὴ
3496 3685 3661 3738 πᾶσα

2061 3770 2197 3841 σὰρξ
2262 3771 2342 3823 έν).
2394 3771 2581 3842 τρόπῳ
2625 3773 2963 3837 συνίσταται,
3020 3775 3200 3845 γάμου
3268 3773 3490 3838 πάντως
3533 3774 3662 3828 ὁδο-

2062 3862 2341 3927 ποιοῦντος
2373 3864 2463 3918 τὸν
2492 3865 2650 3918 τόκον
2678 3866 2790 3929 τοῖς
2834 3866 2915 3927 είς
2948 3864 3045 3936 τὴν
3077 3864 3221 3935 ζωὴν
3251 3864 3459 3936 ταύτην
3484 3882 3659 3936 περι-

2063 3953 2182 4008 οὖσι
2212 3955 2299 4008 διὰ
2318 3956 2604 4024 γενέσεως,
2639 3956 2715 4019 ὡς
2752 3957 2817 4009 ἂν
2848 3957 2923 4027 μή
2948 3974 3031 4020 τις
3055 3956 3257 4027 σαρκὸς
3282 3957 3495 4026 γένεσιν
3522 3974 3588 4010 πε
3599 3958 3661 4029 ρὶ

2062 4047 2123 4100 τὸ
2154 4049 2448 4118 μυστήριον
2469 4049 2565 4119 τῆς
2600 4048 2880 4112 εὐσεϐείας
2913 4048 3381 4122 παραδεξάμενος,
3421 4050 3562 4122 πρὸς
3582 4051 3660 4105 τὰ

2063 4140 2161 4209 τῆς
2185 4138 2397 4209 φύσεως
2414 4139 2552 4211 ἔργα
2599 4141 2694 4193 καὶ
2726 4141 2874 4212 πάθη
2906 4142 3002 4212 τήν
3039 4141 3277 4196 διάνοιαν
3317 4141 3660 4215 κατολισθή-

2068 4248 2231 4296 σειεν,
2262 4232 2550 4303 ὁμοιογενῆ
2571 4233 2703 4285 πᾶσι
2729 4233 2988 4303 κάκείνης
3005 4233 3104 4304 τῆς
3139 4232 3341 4305 σαρκὸς
3361 4233 3462 4306 τὴν
3497 4234 3662 4302 γένε-

2071 4342 2154 4379 σιν
2188 4325 2446 4395 ἐννοήσας
2462 4341 2476 4355 ’
2502 4324 2695 4378 τούτου
2717 4324 2876 4396 χάριν
2895 4324 2989 4378 τὸν
3020 4328 3423 4398 κοινωνήσαντα
3446 4327 3661 4397 σαρκὸς

2070 4400 2171 4473 καὶ·
2195 4419 2426 4489 αἵματος
2454 4417 2643 4471 λευκὸν
2670 4417 2769 4488 μὲν
2787 4411 2926 4471 εἶναι
2956 4417 3050 4470 καὶ
3075 4417 3284 4489 πυρρὸν
3303 4417 3654 4488 ὡμολόγησε,

2070 4506 2159 4560 διὰ
2183 4506 2290 4559 τῶν
2313 4507 2405 4559 δύο
2425 4507 2731 4577 χρωμάτων
2753 4505 2850 4576 τὴν
2874 4505 2966 4559 τοῦ
3003 4505 3253 4577 σώματος
3280 4507 3443 4577 φύσιν
3473 4509 3660 4562 αἰνισ-

2072 4599 2290 4671 σομένη,
2324 4600 2383 4652 ού
2422 4599 2527 4671 μὴν
2583 4598 2935 4670 ὁμοιότροπον
2982 4599 3148 4652 αὑτοῦ
3199 4599 3295 4671 τήν
3338 4598 3553 4671 λοχείαν
3574 4602 3661 4675 τῷ

2070 4690 2234 4761 κοινῷ
2287 4691 2431 4761 τόκῳ
2458 4690 2781 4760 γεγενῆσθαι
2823 4690 2994 4758 λέγει.
3031 4689 3170 4743 Ἀλλ’
3207 4693 3273 4745 ἐκ
3316 4692 3510 4745 πασῶν
3544 4694 3658 4750 τῶν

2075 4783 2350 4855 μυριάδων
2396 4782 2505 4836 τῶν
2549 4782 2642 4852 ἀφ’
2671 4777 2732 4837 οὗ
2764 4785 3050 4852 γεγόνασιν
3086 4782 3386 4853 ἄνθρωποι,
3431 4785 3532 4839 καὶ
3571 4787 3658 4851 είς

2072 4874 2102 4927 6
2136 4873 2559 4946 προσελεύσεται
2581 4874 2778 4945 ῥέουσα
2799 4872 2886 4927 διὰ
2903 4872 2997 4927 τοῦ
3016 4873 3176 4927 τόκου
3203 4874 3311 4935 τῶν
3335 4877 3665 4948 ἐπιγινομέ-

2071 4981 2177 5017 νων
2211 4966 2245 5034 ή
2271 4964 2448 5033 φύσις,
2470 4965 2627 5036 μόνος
2659 4958 2811 5028 οὗτός
2841 4966 2955 5018 ἐστι
2987 4964 3064 5037 τῷ
3098 4965 3271 5036 καινῷ
3299 4966 3400 5036 τῆς
3440 4966 3659 5039 λοχείας

2072 5055 2199 5109 εἴδει
2228 5055 2328 5126 τῆς
2359 5057 2503 5126 ζωῆς
2540 5054 2745 5126 ταύτης
2774 5055 3050 5126 ἁψάμενος
3071 5073 3083 5085 ·
3111 5050 3155 5125 ᾧ
3179 5056 3303 5127 οὐχὶ
3339 5059 3653 5132 συνήργησε

2072 5146 2210 5216 πρὸς
2231 5146 2289 5199 τὸ
2318 5145 2617 5217 γενέσθαιή
2643 5146 2821 5215 φύσις,
2845 5147 2958 5201 ἀλλ’
2980 5148 3311 5220 ὑπηρέτησε.
3349 5150 3450 5205 Διά
3472 5151 3652 5215 τοῦτο,

2073 5239 2255 5309 φησὶν,
2288 5240 2367 5294 ὅτι
2415 5239 2605 5303 λευκὸς
2629 5240 2722 5295 καὶ
2758 5241 2786 5293 ὁ
2827 5240 3035 5313 πυρρὸς
3059 5235 3232 5307 οὗτος,
3260 5244 3288 5296 6
3315 5241 3404 5296 διὰ
3450 5244 3653 5318 σαρκὸς

2074 5334 2168 5387 καὶ
2195 5332 2426 5404 αἵματος
2449 5333 2795 5404 ἐπιδημήσας
2821 5330 2899 5403 τῷ
2934 5332 3053 5403 βίῳ,
3094 5333 3253 5404 μόνος
3281 5334 3435 5389 ἐστὶν
3455 5335 3522 5388 ὲκ
3549 5354 3648 5391 πα-

2076 5425 2187 5481 σῶν
2212 5425 2322 5480 τῶν
2351 5425 2624 5496 μυριάδων
2662 5424 2733 5479 ἐκ
2763 5424 2866 5495 τῆς
2907 5424 3235 5498 παρθενικῆς
3276 5425 3649 5500 καθαρότητος
