3730 5980
70 217 265 277 1055
1119 220 1186 276 ΙΝ
1219 221 1523 279 CANTICA
1555 220 1739 277 CANT

1918 222 2163 282 OMILIA
2203 223 2342 280 XIII.
3272 232 3411 291 1054

74 335 573 406 ὲκλελοχισμένος
598 354 611 367 ·
661 328 724 392 οὗ
777 338 1142 407 άσυνδύαστος
1201 343 1301 415 μὲν
1348 347 1381 416 ή
1433 344 1720 417 κυοφορία,

1918 354 2122 417 ipterea
2170 346 2351 417 inquit
2393 343 2687 401 candidum
2732 345 2880 403 hunc
2920 355 2974 403 et
3018 348 3409 420 rubicundum,

76 427 426 503 ἀμόλυντος
457 429 514 483 δὲ
548 430 581 501 ἡ
609 429 810 502 λοχεία,
839 431 1105 499 ἀνώδυνος
1125 434 1182 488 δὲ
1214 438 1247 507 ἡ
1280 435 1406 499 ὠδίς
1427 453 1441 469 ο
1473 430 1534 491 οὗ
1562 436 1719 491 θάλα-

1953 452 2050 507 per
2079 452 2302 493 carnem
2334 443 2389 493 et
2417 436 2742 506 sanguinem
2785 437 2842 493 in
2882 437 2986 494 bac
3016 440 3129 495 vita
3161 449 3408 499 versatus

86 538 224 591 μσς
249 522 284 593 ἠ
305 520 401 575 τοῦ
433 521 691 592 Ὑψίστου
720 523 969 596 δύναμις,
984 522 1096 581 οἷόν
1119 546 1202 591 τις
1225 529 1424 598 νεφέλη
1452 530 1552 600 τὴν
1578 546 1718 600 παρ-

1918 571 1924 594 ,
1962 529 2139 585 solum
2184 545 2252 585 ex
2300 528 2573 585 universis
2623 529 2910 584 hominum
2957 532 3300 601 myriadibus
3341 533 3408 592 de

85 611 309 668 θενίαν
326 615 751 679 ἐπισκιάζουσα·
778 618 984 688 πυρσὸς
1008 619 1064 673 δὲ
1087 620 1353 692 γαμήλιος
1382 623 1416 693 ἡ
1439 620 1531 675 τοῦ
1558 622 1716 690 ἁγίου

1918 621 2061 678 'itate
2113 622 2357 693 virginea
2409 622 2647 678 electum
2697 637 2861 688 esse,
2916 623 3075 693 cujus
3124 626 3408 693 conceptio

88 704 443 776 Πνεύματος
466 706 730 778 ἐλλαμψις
752 725 767 740 ο
805 709 961 780 κλίνη
988 711 1045 766 δὲ
1072 713 1105 783 ή
1137 712 1398 775 ἀπάθεια,
1416 714 1511 767 καὶ
1542 714 1719 785 γάμος

1918 728 2055 767 )rum
2105 728 2137 766 a
2193 713 2586 782 conjunctione
2647 712 2895 783 profecta
2947 729 3059 768 non
3090 714 3182 782 sit,
3220 723 3408 785 partus

82 798 133 867 ἡ
178 797 486 868 άφθαρσία.
535 799 592 854 Ὁ
638 801 817 856 τοίνυν
865 804 931 856 ἐκ
969 803 1076 857 τῶν
1114 806 1370 860 τοιούτων
1400 805 1716 876 γενόμενος,

1918 804 2045 857 time
2069 804 2411 875 inquinatus,
2441 806 2720 876 parturigo
2751 805 2958 861 doloris
2988 821 3224 876 expers:
3249 807 3408 874 cujus

88 889 309 953 καλῶς
340 889 784 961 ὲκλελοχισμένος
809 894 874 948 ὲκ
907 894 1099 951 πασῶν
1134 897 1242 951 τῶν
1279 897 1556 969 μυριάδων
1585 915 1720 952 κατ-

1922 896 2121 960 lamus,
2156 895 2430 952 Altissimi
2463 905 2707 967 potestas
2759 898 2917 968 quasi
2958 898 3202 969 quaedam
3232 899 3409 955 nubes

1819 987 2196 1058 virginitatem
2228 989 2406 1058 ipsam
2439 989 2785 1051 inumbrans,
2832 990 2919 1043 tax
2955 991 3213 1059 nuptialis
3283 990 3407 1062 Spi-

1825 1077 1966 1134 ritus
2031 1080 2209 1135 sancti
2277 1080 2577 1150 splendor,
2650 1080 2828 1136 cubile
2898 1081 3160 1135 vitiorum
3209 1097 3405 1152 expers

1822 1170 2088 1236 conditio,
2139 1171 2345 1242 nuptiae
2374 1172 2586 1242 puritas
2653 1172 2995 1241 incorrupta.
3046 1171 3151 1239 Qui
3184 1187 3251 1227 ex
3282 1173 3407 1227 tali-

1819 1261 1927 1317 bus
1949 1269 2107 1318 ortus
2131 1272 2241 1328 est,
2276 1269 2425 1318 recte
2454 1263 2762 1334 appellatur
2791 1263 3001 1319 electus
3034 1278 3100 1318 ex
3136 1264 3406 1321 universis

1821 1353 2166 1425 myriadibus
2198 1371 2210 1405 :
2242 1370 2353 1424 quo
2384 1355 2606 1425 quidem
2638 1355 3001 1428 signiﬁcatur,
3040 1371 3149 1411 non
3179 1373 3250 1413 ex
3281 1371 3411 1413 con-

1816 1442 1989 1513 jugali
2055 1453 2178 1499 toro
2211 1444 2394 1515 ipsum
2429 1445 2687 1500 existere.
2734 1446 2872 1500 Nam
2917 1446 3082 1516 hujus
3112 1447 3285 1503 solius
3316 1462 3412 1518 ge-

1820 1535 2039 1590 neratio
2090 1536 2486 1606 parturiginem
2521 1550 2632 1591 non
2673 1536 2899 1604 habuit,
2949 1537 3411 1609 quemadmodum

88 981 424 1051 ωνομάσθη
445 997 459 1011 ο
489 983 626 1054 ὅπερ
646 983 706 1037 τὸ
726 985 799 1055 μὴ
834 987 898 1040 ὲκ
918 986 1110 1058 λέχους
1147 988 1312 1042 αὑτὸν
1347 985 1486 1043 εἶναι
1517 987 1721 1060 σημαί-

88 1088 221 1124 νει.
251 1070 459 1126 Τούτου
489 1073 598 1147 γάρ
641 1076 804 1144 μόνου
848 1079 1020 1150 χωρὶς
1075 1080 1292 1151 λοχείας
1333 1085 1366 1155 ή
1425 1083 1715 1155 γέννησις,

88 1158 316 1234 ὥσπερ
332 1163 428 1217 καὶ
448 1164 619 1235 χωρὶς
645 1165 827 1236 γάμου
856 1169 888 1238 ἡ
918 1167 1194 1235 σύστασις.
1232 1172 1307 1225 Ού
1332 1171 1446 1247 γὰρ
1465 1177 1614 1230 ἐστιν
1626 1173 1721 1226 ἐπὶ

89 1256 223 1326 τῆς
249 1258 493 1328 ἁφθόρου
517 1277 578 1313 τε
608 1262 703 1314 καὶ
723 1262 1101 1334 ἁπειρογάμου
1118 1266 1323 1336 κυρίως
1345 1266 1408 1319 τὸ
1433 1265 1601 1339 ὄνομα
1620 1267 1720 1338 τῆς

91 1345 346 1417 λοχείας
379 1350 554 1403 εἰπεῖν
573 1365 589 1379 °
621 1350 753 1405 διότι
774 1352 1070 1425 παρθενίας
1099 1373 1159 1409 τε
1181 1357 1278 1410 καὶ
1303 1356 1516 1426 λοχείας
1538 1356 1720 1428 ἀσύμ-

92 1436 269 1491 ϐατά
305 1439 425 1494 ἐστι
452 1441 583 1511 περὶ
617 1440 714 1510 τὴν
738 1441 906 1513 αὐτὴν
938 1443 1008 1497 τά
1053 1444 1312 1515 ὀνόματα.
1359 1443 1498 1499 Ἀλλ’
1532 1444 1720 1516 ὥσπερ

91 1531 255 1595 Υἱὸς
297 1531 457 1603 ἐδόθη
508 1535 642 1604 ἡμῖν
670 1534 799 1589 ἄνευ
834 1537 1079 1609 Πατρός·
1110 1538 1253 1593 οὕτω
1290 1539 1385 1593 καὶ
1414 1539 1475 1592 τὸ
1506 1539 1720 1593 παιδίον

92 1621 253 1677 ἄνευ
283 1623 503 1695 λοχείας
530 1626 877 1707 γεγέννηται.
902 1631 991 1695 Ὠς
1001 1630 1110 1704 γὰρ
1123 1632 1378 1704 ούκέγνω
1392 1629 1739 1704 ἡιΠαρθένος·

1918 1627 2032 1681 sine
2059 1626 2315 1696 conjugio
2347 1625 2513 1696 coepit
2554 1626 2839 1681 exsistere.
2868 1626 3056 1697 Neque
3085 1628 3231 1682 enim
3263 1642 3395 1696 pro-

93 1717 274 1780 ὄπως
302 1720 362 1770 ἐν
392 1716 469 1788 τῷ
502 1716 715 1788 σώματι
741 1719 911 1789 αὐτῆς
933 1719 994 1772 τὸ
1017 1718 1263 1792 θεοδόχον
1280 1722 1509 1793 συνέστη
1533 1722 1714 1794 σῶμα·

1918 1733 1942 1772 e
1971 1717 2331 1788 parturiginis
2359 1716 2685 1772 vocabulum
2717 1718 2973 1788 usurpari
3006 1719 3074 1774 de
3108 1718 3200 1772 illa
3226 1719 3413 1773 incor-

91 1805 299 1870 οὕτως
312 1807 436 1861 οὐδὲ
455 1808 549 1861 τοῦ
576 1809 737 1863 τόκου
752 1810 967 1881 ᾔσθετο,
984 1813 1367 1884 μαρτυρούσης
1384 1814 1484 1884 τῆς
1496 1832 1681 1888 προφη
1694 1847 1716 1857 -

1918 1817 1987 1861 ita
2016 1814 2071 1863 et
2105 1807 2424 1879 conjugium
2468 1824 2580 1863 non
2620 1815 2843 1878 experta
2888 1816 3086 1878 potest,
3124 1817 3410 1879 propterea

95 1894 278 1957 τείας
291 1896 430 1969 αὐτῇ
452 1896 516 1950 τὸ
539 1896 810 1952 ἀνώδυνον
831 1898 933 1968 τῆς
951 1899 1159 1965 ὠδῖνος.
1177 1903 1314 1973 Φησὶ
1333 1903 1442 1976 γάρ
1467 1904 1716 1971 Ἡσαΐας,

1918 1898 1975 1954 )d
2005 1899 2296 1970 virginitas
2342 1905 2397 1954 et
2433 1899 2714 1969 parturigo
2758 1899 2813 1953 in
2854 1900 3044 1955 eadem
3079 1916 3412 1958 concurrere

98 1987 275 2057 Πρὶν
313 1989 515 2044 ἐλθεῖν
549 1990 693 2057 τοὺς
727 1991 955 2058 πόνους
988 1992 1108 2046 τῶν
1157 1992 1409 2059 ὠδίνων,
1461 1995 1720 2066 ἐξέφυγε

1918 2001 2120 2062 lueant.
2157 1990 2424 2046 Nimirum
2453 1990 2530 2044 uti
2582 1990 2744 2045 datus
2794 1992 2956 2046 nobis
3002 1993 3210 2062 absque
3250 1991 3413 2048 Patre

101 2079 222 2133 καὶ
240 2079 455 2134 ἔτεκεν
478 2080 687 2150 ἄρσεν.
708 2082 808 2136 Διὰ
844 2082 1004 2136 τοῦτο
1032 2085 1477 2157 ὲκλελοχισμένος
1507 2089 1603 2142 καὶ
1630 2087 1719 2155 ξε-

1918 2086 2019 2149 ius,
2049 2085 2131 2140 sic
2162 2085 2327 2140 etiam
2361 2099 2497 2155 puer
2524 2083 2614 2138 hic
2641 2084 2849 2153 absque
2883 2084 3225 2154 parturigine
3250 2096 3411 2140 natus

101 2168 290 2233 νίζων
322 2170 442 2223 καθ’
477 2171 737 2244 ἑκάτερον
756 2172 855 2245 τὴν
886 2173 1204 2229 ἀκολουθίαν
1231 2178 1328 2247 τῆς
1344 2176 1577 2246 φύσεως,
1595 2178 1718 2233 οὔτε

1927 2217 1941 2232 .
1985 2176 2161 2246 thue
2189 2173 2359 2246 Virgo
2414 2175 2535 2245 ipsa
2567 2190 2675 2229 non
2732 2175 2986 2244 cognovit
3030 2190 3137 2245 quo
3168 2182 3326 2243 pacto
3355 2175 3411 2230 in

102 2260 435 2332 ἀρξάμενος
460 2262 519 2327 ἐξ
541 2264 757 2335 ἡδονῆς,
797 2265 920 2319 οὔτε
955 2267 1234 2340 προελθὼν
1263 2269 1351 2323 διὰ
1400 2271 1582 2325 πόνου.
1609 2273 1719 2327 Καὶ

1918 2284 2057 2338 ’ροτο
2100 2268 2273 2338 ipsius
2323 2282 2524 2337 corpus
2572 2266 2702 2320 illud
2752 2267 3095 2321 divinitatem
3128 2267 3407 2336 recipiens

102 2350 289 2405 τοῦτο
340 2353 482 2407 κατὰ
537 2354 598 2407 τὸ
631 2355 927 2411 ἀκόλουθον
977 2360 1207 2428 γίνεται,
1247 2360 1339 2415 καὶ
1372 2362 1471 2415 οὐκ
1496 2360 1601 2427 ἔξω
1625 2362 1718 2417 τοῦ

1918 2360 2145 2415 [luerim
2201 2361 2284 2415 sic
2339 2375 2409 2413 ne
2463 2367 2680 2431 partum
2727 2358 2947 2429 quidem
3005 2360 3197 2423 sensit,
3246 2359 3411 2414 etiam

104 2443 339 2509 εἰκότος
377 2446 545 2501 ἐστίν.
592 2448 814 2520 Ἐπειδὴ
877 2449 985 2522 γάρ
1019 2452 1053 2521 ἡ
1104 2452 1196 2505 τὸν
1236 2451 1463 2506 θάνατον
1508 2453 1597 2507 διὰ
1620 2453 1721 2524 τῆς

1920 2453 1966 2507 ia
2033 2454 2300 2524 propheta
2349 2452 2416 2507 de
2462 2452 2552 2506 illa
2600 2438 2875 2515 testante,
2928 2451 3076 2522 quod
3122 2450 3408 2520 parturigo

106 2535 409 2605 ἁμαρτίας
439 2538 811 2608 ἐπεισάγουσα
852 2544 919 2612 τῇ
954 2541 1140 2609 φύσει,
1179 2543 1238 2595 ὲν
1270 2542 1467 2607 λύπαις
1498 2545 1593 2598 καὶ
1629 2544 1722 2597 πό-

1918 2545 2002 2599 ius
2038 2544 2259 2599 doloris
2287 2559 2484 2614 expers
2529 2543 2714 2609 fuerit,
2749 2558 2874 2598 cum
2916 2543 2992 2597 ait
3030 2561 3045 2597 :
3088 2542 3414 2612 Priusquam

106 2643 238 2689 νοις
268 2627 477 2681 τίκτειν
511 2631 899 2704 κατεδικάσθη,
934 2634 1042 2687 ἔδει
1066 2633 1283 2699 πάντως
1315 2635 1414 2707 τὴν
1444 2636 1546 2706 τῆς
1574 2635 1721 2706 ζωῆς

1920 2651 2035 2689 ores
2066 2636 2459 2704 parturiginum
2497 2636 2779 2698 venissent,
2817 2633 3042 2688 liberata
3092 2650 3292 2687 marem
3328 2649 3415 2701 pe-

115 2717 347 2789 μητέρα
399 2719 507 2772 ἀπὸ
544 2720 722 2792 χαρᾶς
746 2740 806 2776 τε
838 2722 937 2793 τῆς
971 2725 1269 2794 κυοφορίας
1300 2725 1588 2797 ἄρξασθαι,
1626 2731 1721 2786 καὶ

1922 2727 2034 2807 ξιτ..
2065 2726 2275 2781 Idcirco
2314 2735 2368 2780 et
2397 2727 2603 2782 electus
2639 2726 2763 2792 fuit,
2791 2735 2846 2782 et
2874 2733 3108 2795 utraque
3133 2735 3286 2794 parte
3312 2739 3415 2779 na-

110 2807 213 2861 διὰ
243 2809 422 2879 χαρᾶς
444 2809 727 2864 τελειῶσαι
752 2811 845 2865 τὸν
872 2812 1051 2866 τόκον.
1080 2813 1257 2881 Χαῖρε
1277 2816 1408 2887 γὰρ,
1437 2819 1591 2887 φησὶ,
1621 2836 1720 2874 κε-

1920 2833 1965 2871 αι
1989 2816 2238 2871 ordinem
2272 2816 2574 2871 innovavit.
2613 2814 2728 2870 Nec
2757 2814 2903 2870 enim
2933 2830 2963 2869 e
2994 2813 3275 2883 voluptate
3297 2827 3412 2868 cm-

114 2900 525 2971 χαριτωμένη,
573 2903 710 2975 πρὸς
742 2904 913 2976 αὐτὴν
961 2904 991 2955 6
1039 2906 1400 2977 ἀρχάγγελος,
1445 2909 1721 2965 ἐκϐάλλων

1938 2908 2226 2971 exsistere,
2265 2923 2445 2977 neque
2490 2922 2585 2978 per
2612 2906 2835 2962 dolores
2882 2908 2935 2959 in
2979 2904 3156 2960 lucem
3190 2904 3411 2974 prodiit.

113 2996 194 3065 τῇ
228 2995 384 3065 φωνῇ
415 2994 515 3065 τὴν
544 2993 724 3068 λύπην
757 2996 856 3067 τὴν
897 2996 956 3064 ἐξ
987 2998 1161 3069 ἀρχῆς
1184 2999 1289 3052 ὑπὸ
1317 3001 1418 3070 τῆς
1445 3002 1721 3074 ἁμαρτίας

1918 3013 2010 3067 lue
2040 2997 2145 3051 hoc
2191 2996 2248 3051 ﬁt
2295 2998 2508 3052 ratione
2536 2999 2771 3068 quadam
2808 3004 3204 3063 consentanea,
3252 2994 3416 3049 mini-

116 3085 622 3157 ἀποκληρωθεῖσαν
651 3087 729 3159 τῷ
760 3089 926 3160 τόκῳ.
959 3081 1129 3154 Οὗτος
1174 3092 1272 3161 μὲν
1311 3088 1402 3146 οὖν
1429 3096 1578 3148 ἐστιν
1598 3098 1626 3150 6
1649 3095 1727 3167 τῷ

1918 3062 2023 3160 que
2050 3088 2348 3145 absurdum
2379 3098 2483 3146 est.
2527 3062 2662 3144 dum
2694 3089 2840 3144 enim
2874 3089 2969 3143 illa
3032 3104 3152 3159 qua:
3184 3095 3416 3143 mortem

119 3175 305 3248 καινῷ
327 3195 389 3231 τε
413 3178 507 3232 καὶ
536 3179 792 3244 ἰδιάζοντι
820 3180 922 3248 τῆς
949 3182 1256 3254 γεννήσεως
1304 3185 1368 3238 ἐκ
1400 3174 1587 3240 πασῶν
1619 3186 1729 3242 τῶν

122 3267 414 3339 μυριάδων
444 3268 606 3339 μόνος
659 3269 900 3331 τοιοῦτος
926 3272 1239 3342 γενόμενος,
1267 3273 1295 3324 6
1333 3272 1523 3339 λευκός
1550 3293 1609 3329 τε
1635 3276 1730 3329 καὶ

120 3359 345 3432 πυρρὸς
375 3359 462 3413 διὰ
484 3360 583 3431 τὴν
607 3360 786 3432 σάρκα
826 3364 921 3417 καὶ
949 3363 1009 3417 τὸ
1032 3359 1172 3434 αἷμα
1207 3364 1388 3429 καλῶς
1412 3366 1731 3437 ὠνομασμέοη

122 3470 249 3522 νος,
273 3452 371 3506 καὶ
435 3452 887 3526 ὲκλελοχισμένος
937 3455 1047 3509 ἀπὸ
1119 3457 1427 3528 μυριάδων,
1481 3458 1571 3512 διὰ
1632 3461 1729 3533 τὴν

123 3542 417 3615 ἄφθαρτόν
442 3560 501 3597 τε
539 3545 641 3598 καὶ
654 3545 841 3616 ἀπαθῆ
869 3545 964 3599 τοῦ
988 3547 1147 3601 τόκου
1188 3549 1341 3621 παρὰ
1365 3550 1490 3614 τοὺς
1511 3550 1731 3616 λοιποὺς

128 3634 404 3705 ἰδιότητα.
457 3634 528 3687 Ἦ
584 3634 723 3706 τάχα
773 3637 868 3689 καὶ
893 3636 983 3690 διὰ
1021 3636 1091 3690 τὰ
1110 3636 1274 3691 λοιπὰ
1294 3638 1393 3708 τῆς
1419 3640 1732 3709 γεννήσεως

125 3727 254 3796 εἴδη
282 3724 352 3778 τὰ
378 3724 467 3780 διὰ
496 3725 596 3796 τῆς
620 3725 837 3797 λοχείας
869 3727 1152 3798 γινόμενα,
1188 3727 1392 3799 ταύτην
1416 3730 1727 3800 ἐφήρμοσεν

125 3816 291 3889 αὐτῷ
340 3815 439 3888 τὴν
470 3817 653 3889 φωνὴν
687 3819 721 3887 ἡ
756 3818 964 3890 νύμφη.
996 3819 1110 3873 Οὐκ
1158 3819 1374 3888 ἀγνοεῖς
1422 3819 1479 3872 δὲ
1511 3819 1727 3886 πάντως

124 3912 330 3975 ὁσάκις
363 3910 628 3982 ἐγεννήθη
660 3913 690 3964 6
736 3910 916 3983 πάσης
946 3914 1046 3983 τῆς
1103 3912 1334 3974 κτίσεως
1382 3911 1729 3983 πρωτότοκος
1760 3962 1777 3971 κ

128 4005 195 4057 ὲν
226 4001 443 4065 πολλοῖς
470 4001 1094 4074 ἀδελφοῖς,πρωτότοκος
1111 4003 1177 4057 ὲκ
1200 4004 1410 4075 νεκρῶν
1434 4018 1447 4031 ⁸
1464 4004 1493 4056 6
1513 4003 1729 4075 πρῶτος

128 4096 312 4159 λύσας
336 4094 436 4158 τὰς
451 4092 747 4158 ὠδῖναςτοῦ
770 4094 1019 4158 θανάτου,
1042 4097 1135 4147 καὶ
1158 4096 1290 4148 πᾶσι
1320 4095 1410 4147 τὸν
1436 4095 1499 4149 ὲκ
1520 4095 1730 4167 νεκρῶν

130 4185 304 4238 τόκον
333 4184 658 4254 ὁδοποιήσας
682 4181 772 4236 διὰ
799 4182 897 4253 τῆς
929 4182 1296 4243 ἀναστάσεως.
1341 4181 1429 4233 Ἐν
1458 4182 1592 4234 πᾶσι
1634 4180 1731 4250 μὲν

131 4276 254 4347 γὰρ
275 4275 487 4339 τούτοις
513 4273 799 4344 ἐγεννήθη,
845 4273 907 4324 ού
946 4270 1051 4344 μὴν
1087 4272 1174 4325 διά
1212 4270 1426 4341 λοχείας
1458 4270 1733 4342 παρῆλθεν

136 4368 226 4430 εἰς
261 4360 540 4438 γέννησιν.
554 4368 628 4419 ’Ἦ
644 4367 898 4439 τεγὰρὲκ
927 4363 1021 4416 τοῦ
1054 4362 1245 4427 ὓδατος
1270 4363 1485 4433 γένεσις
1531 4363 1592 4415 τὸ
1634 4363 1734 4434 τῆς

136 4458 362 4529 λοχείας
391 4458 561 4522 πάθος
587 4457 648 4510 ού
674 4454 1024 4527 παρεδέξατο,
1055 4457 1202 4526 καὶὴ
1227 4459 1290 4509 ὲκ
1310 4456 1520 4525 νεκρῶν
1544 4455 1738 4524 παλιγ-

138 4549 420 4621 γεννεσία,
450 4550 543 4602 καὶ
558 4551 592 4620 ἡ
610 4549 707 4620 τῆς
724 4549 872 4612 θείας
891 4546 1094 4619 ταύτης
1116 4548 1346 4610 κτίσεως
1372 4546 1735 4618 πρωτοτοκία,

140 4642 267 4696 ἁλλ’
288 4642 347 4695 ὲν
380 4642 514 4696 πᾶσι
538 4641 748 4705 τούτοις
782 4640 1071 4712 καθαρεύει
1110 4640 1209 4710 τῆς
1240 4639 1457 4711 λοχείας
1488 4640 1517 4692 6
1552 4640 1729 4702 τόκος.

142 4734 249 4788 Διὰ
275 4733 435 4788 τοῦτό
473 4750 657 4806 φησιν,
699 4731 1243 4803 Ἐκλελοχισμένος
1268 4731 1388 4787 ἀπὸ
1405 4730 1730 4802 μυριάδων.

1832 3180 1888 3235 in
1924 3189 2173 3234 naturam
2207 3195 2304 3250 per
2364 3186 2647 3251 peceatum
2696 3179 3027 3242 introduxit,
3049 3179 3415 3234 condemnata

1831 3272 1904 3326 sit
1934 3280 1993 3324 ut
2028 3271 2081 3325 in
2115 3271 2400 3343 doloribus
2427 3270 2818 3342 laboribusque
2861 3270 3058 3342 pariat,
3129 3269 3419 3341 oportebat

1831 3365 2054 3417 omnino
2094 3370 2322 3416 matrem
2372 3363 2500 3416 vitae
2544 3372 2654 3416 tam
2704 3362 3115 3431 conceptionem
3167 3376 3198 3415 a
3229 3360 3417 3415 laetitia

1832 3452 2113 3516 inchoare,
2154 3468 2317 3522 quam
2353 3462 2569 3521 partum
2600 3452 2655 3506 in
2687 3452 2873 3507 laetitia
2921 3452 3201 3522 perﬁcere.
3241 3450 3417 3506 Nimi-

1835 3559 1953 3599 rum
1988 3546 2062 3598 ait
2088 3544 2155 3599 ad
2178 3559 2297 3598 eam
2324 3544 2580 3614 princeps
2611 3542 2702 3598 ille
2729 3543 2986 3611 angelus:
3006 3541 3211 3608 Gaude,
3239 3543 3419 3609 gratia

1833 3637 2041 3707 plena“.
2088 3635 2208 3702 Qua
2242 3650 2375 3690 voce
2406 3634 2740 3689 ‘mwstitiam
2772 3635 2921 3688 illam
2958 3633 3149 3704 abigit,
3181 3650 3303 3704 quae
3330 3650 3420 3689 rc-

1835 3744 1959 3784 rum
2005 3727 2165 3783 initio
2213 3735 2435 3798 pr0pter
2483 3733 2765 3797 peccatum
2798 3725 2975 3795 partui
3025 3735 3111 3781 est
3138 3726 3413 3796 imposita.

1838 3820 1937 3879 Hic
1970 3821 2137 3892 igitur
2184 3820 2273 3876 ille
2315 3828 2399 3876 est
2437 3818 2533 3890 qui
2586 3833 2729 3872 nova
2763 3815 3000 3888 quadam
3045 3832 3110 3871 ac
3155 3817 3418 3886 peculiari

1839 3911 2207 3985 generationis
2238 3911 2457 3965 ratione
2483 3924 2547 3964 ex
2572 3908 2916 3981 myriadibus
2947 3908 3219 3964 universis
3264 3908 3418 3964 solus

1839 4005 1965 4058 talis
2003 4012 2164 4059 natus
2213 4009 2318 4067 est,
2359 4009 2413 4057 et
2460 4000 2729 4056 candidus
2773 4014 2837 4054 ac
2882 3997 3223 4054 rubicundus
3270 4004 3419 4053 recte

1841 4096 2141 4168 appellatus
2190 4102 2412 4165 prepter
2445 4109 2667 4148 carnem
2702 4100 2755 4149 et
2801 4078 3120 4163 sanguinem
3149 4133 3165 4157 ,
3208 4084 3416 4146 electus

1840 4205 1903 4245 ex
1949 4188 2135 4243 decem
2185 4186 2454 4252 millibus,
2489 4196 2733 4257 propter.
2757 4186 3135 4255 incorruptam
3169 4191 3223 4239 et
3257 4183 3418 4238 vitio-

1840 4297 1960 4336 rum
2008 4287 2284 4350 expertem
2338 4279 2726 4348 proprietatem
2783 4284 3011 4345 partus,
3062 4277 3335 4332 diversam
3386 4290 3418 4329 a

1840 4382 1997 4444 partu
2027 4373 2388 4441 reliquorum.
2432 4371 2527 4425 Vel
2557 4369 2807 4424 fortassis
2836 4369 2976 4423 hanc
3005 4368 3054 4424 ei
3097 4382 3282 4424 vocem
3321 4381 3419 4421 ac-

1845 4460 2211 4518 commodavit
2260 4473 2485 4529 sponsa,
2521 4465 2744 4528 propter
2779 4466 3007 4513 caeteras
3043 4455 3418 4529 generationis

1844 4551 2018 4622 ipsius
2050 4550 2282 4622 species,
2313 4563 2436 4618 quae
2467 4555 2522 4602 et
2576 4549 2709 4619 ipsa
2745 4548 3105 4619 parturiginis
3133 4563 3243 4604 non
3290 4553 3419 4603 sunt

1840 4649 2113 4712 expertes.
2164 4639 2276 4696 Nec
2306 4641 2558 4710 ignorare
2591 4648 2778 4709 potes,
2831 4640 3046 4709 quoties
3080 4640 3152 4694 sit
3195 4640 3410 4709 genitus

1841 4733 1889 4789 is
1944 4734 2038 4804 qui
2072 4733 2242 4788 totius
2280 4732 2481 4803 opificii
2530 4731 2885 4802 primigenius
2918 4739 3024 4795 est,
3057 4729 3415 4800 primigenius

145 4828 294 4881 inter
320 4826 523 4881 multos
568 4824 793 4890 fratres,
864 4825 1223 4896 primigenius
1266 4839 1332 4878 ex
1405 4824 1662 4888 mortuis,
1707 4822 1803 4894 qui
1841 4825 2051 4895 primus
2084 4823 2278 4878 mortis
2308 4823 2672 4893 parturigines
2716 4820 2916 4884 solvit,
2956 4835 3036 4885 ,ac
3089 4834 3185 4889 per
3231 4832 3418 4872 resur-

145 4914 455 4970 rectionem
483 4928 636 4970 suam
660 4914 937 4970 universis
963 4914 1107 4967 viam
1140 4913 1209 4968 ad
1268 4920 1485 4983 partum
1552 4928 1617 4969 ex
1681 4915 1911 4968 mortuis
1979 4912 2212 4983 aperuit.
2246 4912 2381 4966 Nam
2417 4913 2470 4966 in
2502 4912 2587 4968 his
2621 4911 2873 4967 omnibus
2908 4919 3070 4965 natus
3097 4921 3200 4975 est,
3235 4921 3412 4979 neque

148 5019 338 5063 tamen
372 5021 470 5076 per
495 5007 890 5078 parturiginem
920 5005 1123 5062 editus.
1167 5004 1304 5059 Nam
1341 4993 1604 5060 nativitas
1640 5021 1738 5076 per
1812 5019 2009 5076 aquam
2076 5004 2430 5075 parturiginis
2453 5003 2696 5060 dolorem
2736 5019 2845 5059 non
2872 5003 3110 5067 admisit,
3146 5016 3248 5056 nec
3286 5001 3417 5056 item

149 5117 219 5155 ex
263 5099 497 5153 mortuis
539 5097 917 5167 regeneratio,
968 5113 1070 5153 nec
1110 5096 1281 5152 divini
1333 5097 1480 5152 illius
1510 5098 1715 5169 opiﬁcii
1751 5080 2209 5169 primogenitum,
2266 5096 2363 5150 sed
2403 5097 2460 5150 in
2530 5098 2784 5154 omnibus
2839 5096 2989 5151 hisce
3073 5101 3263 5166 partus
3313 5108 3411 5148 ex-

153 5209 282 5269 pers
305 5190 515 5247 doloris
545 5189 666 5244 fuit.
700 5188 823 5244 Haec
843 5205 1010 5245 causa
1040 5197 1144 5253 est,
1168 5190 1519 5260 quamobrem
1544 5192 1691 5247 dicat
1716 5209 1731 5248 :
1772 5188 1987 5245 Electus
2011 5204 2076 5243 ex
2100 5189 2276 5243 decem
2313 5190 2571 5246 millibus.
2656 5187 2663 5194 ’

228 5279 357 5363 Οἷον
381 5282 439 5336 δὲ
467 5280 634 5334 αὐτοῦ
663 5281 723 5338 τὸ
741 5281 933 5347 κάλλος
950 5284 1009 5336 ὲν
1033 5284 1144 5346 τοῖς
1158 5282 1279 5337 καθ’
1299 5283 1528 5339 ἕκαστον
1554 5283 1739 5354 μέλεσι

152 5377 447 5449 διηγεῖται,
471 5372 661 5445 καιρὸς
682 5372 738 5425 δὲ
770 5371 835 5425 ἂν
858 5374 943 5445 εἴη
974 5375 1305 5446 κατανοῆσαι
1328 5374 1416 5429 διὰ
1446 5375 1552 5429 τῶν
1588 5376 1738 5448 εἰρη-

160 5467 366 5541 μένων.
415 5462 659 5531 Κεφαλή
706 5462 913 5525 αὐτοῦ,
962 5466 1221 5533 χρυσίον
1286 5466 1504 5535 Κεφάζ.
1554 5466 1618 5520 ’11
1678 5465 1733 5519 δὲ

235 5652 255 5681 '
288 5647 395 5705 [εει.
426 5664 568 5715 um,
596 5650 651 5703 7.
725 5650 744 5675 ⁸
776 5647 909 5703 Luc.
946 5666 982 5715 ι,
1012 5646 1099 5702 9.8.

1918 5281 2187 5337 Caeterum
2220 5288 2435 5351 tempus
2453 5282 2566 5350 jam
2589 5281 2753 5336 fuerit
2791 5289 2850 5336 ut
2903 5281 3068 5337 etiam
3097 5278 3413 5336 considere-

1844 5389 1967 5429 mus
1996 5388 2060 5429 ex
2088 5372 2361 5444 praalectis
2388 5371 2572 5427 verbis
2600 5374 2779 5441 qualis
2816 5373 2962 5429 illius
3007 5370 3277 5442 elegantia
3300 5371 3416 5428 sin-

1842 5467 1983 5539 gulis
2015 5466 2068 5521 in
2112 5463 2372 5521 membris
2433 5471 2910 5521 commemoretur.
2964 5463 3135 5534 Caput
3164 5465 3297 5533 ejus,
3328 5463 3414 5515 in-
