3756 5988
322 205 460 262 1055
1570 198 1629 261 S.
1670 197 2002 260 GREGORII
2036 197 2337 259 NYSSENI
3469 206 3616 267 1056

323 329 467 396 quit,
515 342 708 381 aurum
758 324 987 398 Cephas.
1042 326 1156 383 Vos
1207 334 1388 382 autem
1424 326 1518 381 illa
1550 323 1806 382 Hebraic:

2131 324 2284 395 mitti;
2311 322 2476 391 λέξις,
2505 326 2553 379 εί
2577 325 2713 397 πρὸς
2762 325 2863 397 τὴν
2892 323 3170 398 ἡμετέραν
3220 325 3614 399 μεταληψθείη

328 427 571 473 nostram
613 419 666 473 in
698 419 939 490 linguam
983 418 1368 486 transferatur,
1398 434 1594 476 aurum
1625 434 1811 491 purum

2135 414 2212 485 ην,
2241 414 2305 467 τὸ
2329 413 2569 486 καθαρόν
2595 431 2656 469 τε
2677 414 2774 469 καὶ¹
2802 415 3113 482 ἀνόθευτον,
3146 415 3241 469 καὶ
3268 414 3461 488 πάσης
3489 418 3618 470 ἐπι-

328 508 595 563 intactum
637 509 930 580 signiﬁcat,
971 511 1229 583 quodque
1259 510 1411 567 omni
1450 510 1682 567 mistura
1733 524 1811 566 cal

2133 523 2197 569 ας
2240 505 2526 578 ἀλλότερον
2583 507 2829 579 χρυσίον,
2854 506 2942 562 διὰ
2985 507 3088 578 τῆς
3147 507 3336 579 φωνῆς
3396 507 3616 579 ταύτης

327 599 507 669 Atque
545 600 687 655 hanc
719 616 906 656 vocem
937 617 1046 657 non
1079 618 1407 659 conversam
1452 603 1587 657 mihi
1622 602 1810 672 reliqui

2134 614 2302 653 νυται.
2371 600 2797 672 ’Δνερμήνευτον
2843 599 2902 654 δέ
2943 617 3034 673 μοι
3069 603 3248 655 δοκεῖν
3281 600 3617 654 καταλελοι-

312 697 619 762 'propterea
645 693 919 760 videntur,
959 695 1053 765 qui
1084 694 1199 750 haec
1236 693 1307 749 de
1346 693 1589 750 Hebraeis
1617 692 1795 749 Graeca

2137 707 2171 744 ιι
2195 690 2294 762 τὴν
2311 690 2407 745 τοῦ
2429 690 2624 761 Κεφάξ
2645 691 2811 759 λέξιν,
2828 694 2877 746 οἱ
2898 691 2995 757 τάς
3007 692 3195 762 φωνάς
3205 691 3317 746 τῶν
3331 691 3620 763 Ἑϐραίων

338 792 550 850 terunt,
585 786 729 856 quod
761 801 872 842 non
900 788 1207 858 reperirent
1229 789 1283 843 in
1318 788 1507 859 lingua
1538 787 1726 843 Graeca
1751 802 1821 842 vo

2137 779 2469 852 ληνίσαντες,
2493 782 2582 835 διὰ
2600 782 2665 867 τδ
2691 782 2766 855 μή
2804 782 2986 855 εὑρεῖν
3024 785 3082 837 ἐν
3109 785 3222 848 τοῖς
3264 781 3620 854 Ἑλληνικοῖς

332 876 525 931 bulum
596 878 770 932 ullum
836 893 946 949 quo
1008 879 1288 950 emphasis
1355 878 1612 935 Hebraici
1669 879 1815 934 nomi

2136 890 2222 928 ασι
2260 874 2529 946 μηδεμίαν
2547 875 2732 946 φωνὴν
2760 872 3152 946 ἐξαγγελτικήν
3175 875 3276 945 τῆς
3306 875 3619 945 ἐμφάσεως

332 968 612 1025 enuntiari
637 977 843 1039 posset.
876 967 989 1026 Nos
1009 979 1211 1035 autem,
1239 971 1460 1041 cognito
1508 985 1696 1026 vocem
1727 970 1815 1040 huj

2141 964 2406 1037 ἐνθεωρου
2415 965 2584 1036 μένης
2603 968 2668 1036 τῇ
2705 965 2947 1037 Ἐὄραῖδι
2968 968 3141 1038 φωνῇ.
3159 966 3354 1036 Ἡμεῖς
3375 965 3443 1018 δέ
3459 963 3620 1017 τοῦτο

284 1104 289 1108 .
333 1060 486 1115 modi
512 1061 827 1131 signiﬁcare
853 1061 1115 1133 quiddam
1141 1063 1358 1119 sincere
1396 1077 1614 1133 purum,
1659 1077 1767 1132 quo

2137 1052 2329 1120 όντες,’
2363 1055 2445 1109 ὅτι
2495 1055 2556 1109 τὸ
2608 1055 2915 1126 εἰλικρινῶς
2969 1055 3228 1126 καθαρὸν,
3275 1056 3375 1109 καί¹
3430 1056 3620 1125 πάσης

335 1150 543 1203 nullam
575 1150 812 1206 sordida:
848 1152 1096 1208 materiei
1138 1153 1425 1207 misturam
1472 1153 1724 1209 admittat
1753 1192 1771 1218 ,
1809 1153 1916 1210 hoc

337 1248 401 1297 ut
430 1241 501 1297 de
519 1241 664 1297 dicto
692 1243 976 1312 proposito
1007 1250 1335 1310 statuamus,
1371 1244 1716 1313 adducimur,
1753 1245 1917 1300 nimi-

337 1347 462 1389 rum
502 1334 752 1405 corporis
784 1334 1047 1391 Ecclesiae
1078 1344 1244 1408 caput
1265 1352 1389 1394 esse
1413 1337 1716 1394 Christum.
1757 1337 1919 1394 Chri-

341 1432 486 1481 stum
535 1441 667 1481 vero
713 1442 863 1482 nunc
906 1428 1234 1494 didicimus,
1282 1444 1395 1484 non
1445 1426 1563 1486 boc'
1603 1444 1802 1486 nomen
1848 1429 1919 1485 ad

340 1517 700 1573 aeternitatem
740 1518 964 1576 deitatis
997 1519 1374 1587 extendentes,
1403 1520 1500 1578 sed
1534 1523 1602 1577 ad
1642 1522 1919 1579 hominem

343 1612 595 1668 deitatem
629 1612 684 1667 in
708 1628 768 1669 se
793 1614 1163 1685 recipientem,
1190 1614 1283 1684 qui
1326 1622 1658 1685 conspectus
1692 1615 1743 1670 in
1776 1623 1920 1671 terra

2017 1146 2148 1219 ὖλης
2179 1148 2430 1219 ρυπαρᾶς
2455 1145 2654 1225 ἀμιγές
2674 1163 2735 1201 τε
2768 1148 2862 1201 καὶ
2898 1146 3276 1218 ἀωράδεκτον
3312 1148 3346 1218 ἡ
3377 1146 3622 1217 τοιαύτη

2017 1240 2163 1307 λέξις
2186 1242 2520 1298 ἐνδείκνυται
2541 1260 2555 1275 ο
2580 1242 2755 1298 ταῦτα
2779 1242 3026 1315 περὶτοῦ
3054 1241 3427 1315 προκειμένου
3448 1239 3623 1313 ῥητοῦ
3706 1266 3707 1315 ι

2018 1335 2158 1388 νοεῖν
2193 1332 2515 1405 ἐναγόμεθα,
2560 1333 2644 1387 ὅτι
2691 1333 2902 1404 κεφαλὴ
2924 1331 3020 1386 τοῦ
3064 1331 3315 1403 σώματος
3335 1331 3449 1402 τῆς
3494 1328 3626 1383 Ἐκ-

2020 1424 2250 1496 κλησίας
2279 1425 2427 1480 ἐστὶν
2454 1428 2483 1480 6
2511 1425 2765 1498 Χριστός.
2794 1425 3031 1498 Χριστὸν
3061 1424 3120 1478 δέ
3149 1423 3244 1479 νῦν
3270 1422 3526 1493 λέγομεν
3562 1421 3622 1475 ού

2022 1517 2158 1590 πρὸς
2186 1517 2248 1571 τὸ
2271 1517 2440 1571 ἀΐδιον
2477 1517 2576 1586 τῆς
2622 1516 2874 1588 θεότητος
2910 1515 3331 1587 ἀναπέμποντες
3358 1512 3536 1567 τοῦτο
3562 1513 3623 1567 τὺ

2022 1611 2218 1682 ὖνομα,
2255 1610 2392 1666 ἀλλὰ
2443 1611 2582 1683 πρὸς
2619 1610 2712 1665 τὸν
2758 1608 3005 1681 θεοδόχον
3047 1608 3355 1680 ἄνθρωπον,
3400 1609 3502 1661 τὸν
3529 1608 3620 1661 ἐπὶ

342 1711 445 1767 est,
490 1711 545 1756 et
583 1716 709 1756 cum
755 1680 1072 1759 hominibus
1120 1680 1395 1769 versatus,
1449 1703 1625 1773 ipsius
1670 1702 1825 1758 videli

2159 1703 2410 1774 ὀφθέντα,
2468 1680 2698 1768 καὶτοῖς
2731 1680 3039 1775 ἀνθρώποις
3066 1698 3618 1772 συναναστραφέντα,

341 1792 679 1861 virginitatis
716 1808 960 1864 germen,
994 1795 1054 1850 in
1088 1808 1199 1864 quo
1232 1794 1499 1849 habitavit
1527 1794 1708 1850 omnis
1750 1794 1924 1865 pleni—

345 1886 481 1941 tudo
507 1887 729 1944 deitatis
764 1889 1142 1959 corporaliter,
1183 1889 1333 1959 ipsas
1371 1888 1642 1959 primitias
1678 1901 1926 1943 commu-

346 1979 432 2035 nis
477 1995 690 2042 niassae,
740 1996 838 2051 per
875 1997 1039 2053 quam
1086 1980 1323 2037 Verbum
1371 1989 1628 2036 naturam
1677 1988 1926 2037 nostram

346 2072 548 2139 induit,
577 2074 846 2129 redditam
891 2075 1320 2142 immaculatam,
1352 2081 1407 2130 et
1434 2073 1504 2130 ab
1547 2072 1803 2130 omnibus
1830 2073 1928 2129 ad-

348 2160 683 2217 haerentibus
726 2162 774 2217 ei
825 2164 1152 2219 naturaliter
1200 2163 1352 2218 vitiis
1402 2170 1779 2234 expurgatam.
1835 2160 1928 2218 Sic

348 2250 494 2306 enim
559 2251 824 2321 propheta
886 2253 955 2308 de
989 2252 1107 2323 ipso
1170 2253 1413 2322 loquitur
1448 2270 1461 2307 :
1502 2250 1788 2308 Peccatum
1823 2270 1930 2311 non

353 2344 518 2413 fecit,
588 2360 751 2415 neque
804 2345 1010 2400 inventa
1082 2355 1159 2400 est
1218 2344 1374 2401 dolus
1431 2347 1488 2400 in
1545 2362 1635 2402 ore
1694 2346 1924 2416 ipsius’,

349 2436 439 2504 qui
458 2443 688 2491 tentatus
718 2446 794 2491 est
835 2452 926 2506 per
962 2439 1142 2492 omnia
1185 2438 1253 2492 ad
1291 2437 1699 2494 similitudinem
1722 2447 1930 2494 natura:

351 2536 549 2581 nostris
599 2527 795 2598 absque
854 2536 1067 2598 peccato
1101 2528 1164 2583 ιθ.
1210 2529 1469 2600 Corporis
1528 2529 1694 2600 igitur
1741 2528 1934 2587 Eccle-

354 2617 451 2673 siae
498 2631 681 2690 caput,
726 2630 780 2675 et
826 2621 997 2675 totius
1043 2630 1254 2677 naturae
1284 2620 1561 2691 primitiae,
1610 2636 1805 2677 aurum
1847 2628 1932 2677 est

354 2724 552 2779 purum
601 2719 656 2768 et
707 2712 942 2768 alienum
988 2714 1057 2769 ab
1105 2714 1254 2768 omni
1306 2714 1621 2771 vitiositatis
1681 2715 1930 2770 mistura.

351 2798 605 2857 Cincinni
635 2818 787 2879 vero.
823 2805 1149 2861 tenebricosi
1183 2805 1477 2876 aliquando
1516 2814 1569 2862 et
1608 2801 1772 2879 nigri,
1813 2822 1937 2879 spe-

355 2890 551 2962 cieque
590 2870 687 2948 sua
719 2894 898 2950 corvis
926 2895 1262 2961 consimiles,
1294 2895 1427 2960 illis,
1455 2896 1703 2966 inquam,
1727 2898 1934 2963 corvis,

2024 1797 2115 1851 τὸν
2146 1796 2247 1867 τῆς
2294 1794 2593 1868 παρθενίας
2643 1795 2891 1866 βλαστὸν,
2924 1794 2983 1848 ἐν
3015 1786 3060 1862 ᾧ
3088 1792 3381 1865 κατῴκησε
3417 1794 3536 1846 πᾶν
3561 1791 3620 1844 τὸ

2025 1887 2301 1958 πλήρωμα
2348 1887 2448 1959 τῆς
2503 1878 2755 1956 θεότητος
2794 1884 3156 1957 σωματικῶς,
3207 1884 3309 1954 τήν
3357 1881 3617 1954 ἀπαρχήν

2024 1979 2119 2035 τοῦ
2143 1979 2320 2035 κοινοῦ
2341 1979 2682 2053 φυράματος,
2716 1979 2783 2033 δι’
2816 1973 2877 2034 οὗ
2899 1980 2927 2033 6
2952 1979 3123 2047 Λόγος
3138 1977 3236 2049 τὴν
3267 1975 3440 2045 φύσιν
3464 1978 3498 2047 ή
3507 1976 3617 2047 μῶν

2028 2070 2401 2143 περιεϐάλετο,
2426 2071 2660 2142 ποιήσας
2702 2070 2871 2142 αὐτὴν
2902 2069 3202 2140 ἀκήρατον,
3245 2067 3475 2121 πάντων
3510 2066 3616 2120 τῶν

2029 2163 2466 2234 συμπεφυκότων
2486 2163 2623 2233 αὐτῇ
2641 2161 2980 2234 παθημάτων
2997 2157 3617 2230 ἐκκαθαρθεϊσαν.οΰτω

2040 2257 2150 2329 γάρ
2166 2273 2298 2328 φησι
2314 2273 2380 2311 πε
2390 2255 2443 2329 pl
2471 2254 2637 2310 αὑτοῦ
2662 2258 2690 2309 6
2719 2255 3025 2327 προφήτης,
3042 2253 3123 2307 ὅτι
3150 2253 3490 2322 Ἀμαρτίαν
3510 2253 3617 2307 οὐκ

2034 2347 2492 2416 ἐποίησεν,οὑδέ
2520 2346 2731 2417 εὑρέθη
2756 2346 2938 2413 δόλος
2952 2346 3020 2399 ἐν
3037 2344 3117 2411 τῷ
3135 2346 3390 2414 στόματι
3403 2344 3615 2410 αὑτοῦ,

2030 2440 2137 2495 τοῦ
2157 2437 2594 2509 πεπειραμένον
2629 2436 2782 2492 κατὰ
2808 2437 3005 2492 πάντα
3023 2439 3153 2492 καθ’
3170 2438 3497 2507 ὁμοιότητα
3514 2435 3618 2507 τῆς

2032 2533 2274 2603 φύσεως
2292 2530 2480 2601 ἡμῶν,
2506 2529 2684 2599 χωρίς
2718 2530 3026 2601 ἁμαρτίας.
3059 2530 3126 2583 Ἠ
3157 2530 3258 2602 μὲν
3279 2524 3375 2584 οὖν
3406 2530 3616 2601 κεφαλὴ

2033 2623 2126 2678 τοῦ
2170 2622 2420 2694 σώματος
2451 2624 2550 2694 τῆς
2588 2621 2934 2693 Ἐκκλησίας,
2974 2623 3009 2694 ἡ
3054 2620 3239 2693 πάσης
3278 2621 3382 2693 τῆς
3408 2622 3617 2692 φύσεως

2035 2714 2193 2788 ήμῶν
2223 2714 2466 2787 ἀπαρχὴ,
2493 2714 2554 2768 τὸ
2575 2713 2812 2786 καθαρόν
2839 2731 2900 2767 τε
2923 2713 3019 2767 καὶ⁷
3048 2713 3229 2785 πάσης
3261 2713 3470 2797 κακίας
3497 2715 3619 2784 ἀμι-

2035 2809 2132 2878 γές
2150 2826 2211 2862 τε
2233 2809 2328 2862 καὶ
2356 2806 2733 2876 άπαράδεκτον
2769 2806 2990 2878 χρυσίον
3023 2805 3170 2859 ἐστίν
3191 2822 3205 2835 ·
3234 2806 3289 2858 οἱ
3335 2805 3627 2876 βόστρυχοι

2037 2901 2095 2955 δέ
2125 2901 2180 2955 οἴ
2210 2916 2343 2954 ποτε
2388 2897 2646 2967 ζοφώδεις
2695 2898 2789 2953 καὶ
2822 2898 3073 2968 μέλανες,
3105 2899 3201 2952 καὶ
3247 2900 3365 2962 τοῖς
3400 2898 3622 2968 κόραξιν

358 2985 453 3055 qui
472 2994 814 3054 occupantur
839 2987 895 3040 in
923 2987 1049 3055 hoc,
1087 2995 1147 3042 ut
1177 2987 1368 3043 oculos
1398 2987 1698 3060 conﬁgant,
1741 3006 1841 3061 que

2136 2989 2381 3061 ιιούμενοι
2427 2987 2507 3060 τῷ
2563 2987 2716 3053 εῖδει,
2762 2987 2993 3051 ἐκείνοις
3036 2987 3181 3058 λέγω
3226 2990 3341 3051 τοῖς
3377 2986 3619 3059 κόραξιν,

360 3075 656 3131 admodum
685 3076 739 3131 in
771 3077 1068 3134 Proverbio
1091 3085 1198 3145 est,
1229 3094 1295 3135 ac
1325 3080 1491 3150 pullis
1534 3081 1842 3152 aquilarum

2143 3081 2304 3152 ἔργον
2357 3080 2495 3145 ἐστὶ,
2532 3079 2594 3133 τὸ
2619 3078 2746 3143 τοὺς
2785 3078 3101 3151 ὀφθαλμοὺς
3142 3078 3458 3144 ἐκκόπτειν,
3484 3079 3622 3135 κατά

360 3165 543 3223 cibum
573 3177 766 3239 parent
793 3170 939 3236 illos,
962 3171 1018 3226 in
1057 3172 1259 3243 quibus
1288 3173 1550 3230 cernendi
1578 3190 1785 3247 organa
1817 3192 1941 3231 mu-

360 3258 601 3326 tilarint;
647 3260 703 3314 bi
748 3275 880 3332 ergo
932 3262 1174 3317 cincinni
1223 3263 1430 3321 abietes
1478 3264 1632 3331 facti,
1681 3262 1940 3323 nimirum

364 3350 631 3408 sublimes
657 3362 711 3408 et
741 3368 771 3407 a
817 3362 962 3411 terra
1004 3356 1061 3411 in
1107 3358 1308 3415 coelum
1360 3356 1644 3415 tendentes
1694 3359 1941 3428 arbores,

364 3451 708 3501 venustatem
733 3448 921 3518 sponsi
950 3450 1272 3507 accessione
1293 3451 1529 3522 quadam
1558 3463 1775 3524 augent,
1800 3452 1944 3509 divi-

366 3550 499 3590 num
527 3536 675 3594 illius
698 3539 765 3593 ad
802 3548 965 3613 caput
998 3542 1190 3614 aptati.
1229 3541 1415 3614 Neque
1446 3559 1577 3600 vero
1605 3553 1762 3616 potes
1790 3544 1947 3617 igno-

369 3642 493 3684 rare
537 3629 812 3700 quodnam
844 3631 915 3688 sit
939 3632 1135 3689 horum
1169 3635 1551 3691 cineinnorum
1578 3651 1797 3701 munus,
1820 3652 1946 3692 cum

370 3720 624 3789 superius
673 3737 739 3776 ex
791 3723 926 3793 ipsis
973 3724 1162 3794 εροηεί
1223 3728 1406 3782 verbis
1472 3727 1526 3782 id
1585 3728 1944 3786 intellexeris.

371 3806 639 3878 Cincinni,
687 3813 783 3879 ait,
819 3814 921 3868 mei
967 3815 1149 3885 referti
1190 3825 1313 3871 sunt
1372 3818 1536 3889 guttis
1583 3836 1755 3890 aqua.
1804 3820 1951 3887 Qua-

373 3909 597 3974 propter
642 3904 720 3959 illi
750 3915 880 3961 sunt
925 3913 1134 3977 guttam
1180 3916 1431 3965 rorantes
1477 3909 1751 3980 cincinni,
1792 3913 1883 3983 qui
1919 3928 1950 3968 a

374 3996 654 4067 prophetis
702 3998 876 4053 nubes
920 3998 1301 4068 appellantur,
1349 4015 1380 4054 a
1433 4002 1632 4072 quibus
1688 4004 1953 4062 doctrinae

375 4086 553 4142 imber
584 4087 675 4143 ille
706 4088 901 4153 oritur,
933 4088 1027 4159 qui
1062 4103 1190 4143 arva
1227 4090 1525 4147 inanimata
1555 4094 1695 4165 rigat
1721 4095 1788 4152 ad
1817 4076 1955 4169 agri-

375 4178 633 4236 cultionis
683 4178 881 4235 divinae
923 4181 1284 4239 fertilitatem.
1351 4184 1615 4255 Adeoque
1672 4189 1953 4257 apostolos

376 4269 466 4324 hic
494 4269 726 4342 ﬁgurate
773 4288 869 4343 per
914 4273 1201 4330 cincinnos
1236 4270 1276 4328 'a
1311 4276 1479 4331 verbo
1525 4277 1713 4333 divino
1745 4280 1953 4350 signiti-

2040 3173 2134 3227 τὸν
2165 3171 2508 3244 παροιμιώδη
2559 3169 2735 3238 λόγον,
2776 3169 2872 3223 καὶ
2897 3172 3012 3233 τοῖς
3038 3171 3276 3233 νεοσσοῖς
3315 3169 3427 3225 τῶν
3454 3170 3623 3226 ἀετῶν

2046 3263 2241 3337 βρῶμα
2264 3263 2393 3325 τοὺς
2418 3261 2774 3335 πηρωθέντας
2810 3260 2921 3316 τῶν
2943 3260 3216 3333 όρατικῶν
3253 3259 3622 3335 αἰσθητηρίων

2044 3353 2506 3425 παρασκευάζειν,
2536 3345 2683 3408 οὗτοι
2712 3352 2899 3407 ἐλάται
2935 3351 2998 3405 τά
3022 3349 3217 3424 ,ὑψηλά
3250 3367 3313 3404 τε
3338 3351 3436 3406 καὶ
3462 3352 3622 3424 οὐρα-

2044 3449 2260 3520 νομήκη
2283 3446 2473 3519 δένδρα
2509 3447 2806 3519 γινόμενοι,
2849 3445 2938 3500 διὰ
2964 3445 3028 3499 τὸ
3062 3445 3393 3517 ἀναδραμεῖν
3424 3445 3493 3499 ἐκ
3524 3444 3622 3516 γῆς

2047 3541 2140 3595 ἐπὶ
2165 3540 2224 3594 τὸ
2252 3540 2502 3608 οὐράνιον
2524 3538 2676 3610 ὕψος,
2703 3537 2989 3610 προσθήκη
3010 3536 3104 3591 τοῦ
3120 3537 3357 3601 κάλλους
3390 3536 3622 3605 γίνονται

2048 3631 2142 3687 τοῦ
2175 3632 2545 3703 νυμφίου,τῆς
2574 3630 2723 3694 θείας
2745 3630 2989 3701 κεφαλῆς
3010 3628 3176 3683 αὐτοῦ
3210 3627 3617 3701 ἐξαρτήσαντες.

2050 3725 2165 3779 Οὐκ
2188 3725 2374 3793 ἀγνοεῖ
2399 3722 2457 3777 δέ
2497 3723 2714 3785 πάντως
2750 3738 2834 3787 τις
2870 3721 2923 3775 τί
2951 3720 3060 3774 τῶν
3092 3719 3404 3792 βοστρύχων
3425 3720 3624 3775 τούτων

2051 3818 2210 3890 ἔργον
2248 3816 2416 3880 ἐστὶν,
2441 3816 2498 3870 ἐν
2528 3817 2642 3881 τοῖς
2696 3815 2810 3870 άνω
2848 3812 3033 3886 μαθὼν
3064 3815 3192 3885 παρ’
3217 3813 3385 3883 αὐτῆς
3406 3814 3506 3884 τῆς
3533 3813 3622 3868 τοῦ

2050 3909 2286 3981 νυμφίου
2323 3908 2507 3979 φωνῆς
2528 3922 2544 3938 ·
2584 3907 2696 3974 ὅτι,
2740 3910 2803 3961 Ol
2824 3905 3162 3975 βόστρυχοί
3182 3922 3303 3976 μου
3326 3904 3623 3973 ἐπλήσθη-

2052 4016 2175 4057 σαν
2198 3999 2478 4072 ψεκάδων
2505 3998 2742 4065 ὕδατος.
2784 3997 3025 4052 Ἐκείνου
3067 3992 3163 4051 οὖν
3203 3998 3340 4050 είσιν
3370 3998 3420 4050 οἱ
3462 3996 3623 4069 ψεκά-

2055 4092 2238 4158 ξοντες
2267 4090 2580 4163 βόστρυχοι,
2620 4086 2774 4159 παρὰ
2815 4087 2925 4142 τῶν
2949 4087 3243 4158 προφητῶν
3264 4089 3480 4158 νεφέλαι
3510 4090 3619 4143 όνο-

2059 4181 2480 4255 μαζὸμενοι,ἀφ’
2507 4174 2582 4235 ὧν
2604 4180 2814 4251 γίνεται
2845 4180 2945 4250 τῆς
2971 4179 3319 4250 διδασκαλίας
3349 4182 3377 4233 6
3403 4179 3619 4252 όμὸρος,

2056 4276 2201 4341 ότὰς
2217 4274 2458 4347 ἀψύχους
2493 4272 2734 4346 ἀρούρας
2781 4274 3014 4339 ποτίζων
3047 4273 3184 4345 πρὸς
3207 4272 3304 4343 τὴν
3334 4273 3621 4347 εὐκαρπίαν

376 4361 491 4416 cari
522 4362 796 4429 existimo,
841 4381 1078 4436 quorum
1114 4367 1362 4423 nonnulli
1410 4368 1564 4438 prius
1599 4371 1669 4426 ob
1702 4371 1856 4427 instit

2132 4388 2166 4425 ›ν
2188 4367 2284 4422 τοῦ
2313 4365 2447 4422 Θεοῦ
2473 4367 2779 4438 γεωργίων.
2824 4365 3176 4429 Ἀποστόλους
3191 4364 3248 4419 δὲ
3262 4360 3412 4436 οἶμαι
3439 4382 3615 4439 τροπι-

376 4451 500 4506 vitae
528 4468 641 4507 suae
677 4455 962 4526 caliginosi
991 4465 1167 4524 erant,
1209 4459 1356 4514 verbi
1401 4460 1597 4531 gratia,
1647 4462 1808 4531 latro,
1854 4480 1955 4535 pu-

379 4543 628 4601 blicanus
668 4546 779 4625 ille,
810 4554 865 4601 et
898 4548 1036 4603 alter
1074 4560 1412 4619 persecutor,
1448 4560 1503 4605 et
1551 4552 1599 4608 si
1644 4553 1770 4624 quis
1817 4570 1956 4625 pne-

380 4652 528 4694 terea
572 4638 674 4694 fuit
720 4622 1021 4697 consimilis
1072 4644 1250 4714 nigro,
1301 4645 1614 4709 carnivoro,
1665 4648 1954 4704 oculorum

377 4732 690 4803 corruptori
736 4748 923 4790 corvo.
975 4734 1078 4791 Per
1120 4737 1268 4790 hunc
1311 4744 1493 4791 autem
1529 4737 1773 4809 intelligo
1807 4740 1956 4812 prin-

377 4826 552 4896 cipem
584 4827 872 4896 potestatis
913 4828 1346 4890 tenebrarum“,
1388 4829 1849 4898 quemadmodum
1882 4833 1957 4888 lo-

376 4919 565 4987 quitur
595 4917 642 4973 is
672 4919 766 4987 qui
797 4933 863 4973 ex
916 4932 1084 4973 corvo
1112 4917 1292 4974 factus
1319 4919 1493 4988 abies,
1526 4930 1813 4992 propterea
1837 4924 1955 4979 cin-

376 5009 575 5065 cinnus
629 5009 798 5064 divini
846 5010 1040 5080 capitis
1083 5009 1254 5073 audit.
1319 5010 1458 5065 Cum
1511 5013 1655 5067 enim
1696 5015 1850 5085 prius
1901 5022 1958 5072 et

378 5100 735 5170 blasphemus
768 5108 937 5164 esset,
969 5109 1024 5157 et
1066 5109 1406 5171 persecutor,
1434 5110 1489 5158 et
1519 5103 1789 5161 violenter
1819 5107 1957 5179 inju-

380 5191 582 5259 rius",
617 5207 781 5262 quam
816 5192 1029 5249 scilicet
1059 5192 1155 5248 diu
1180 5207 1380 5250 corvus
1403 5202 1542 5260 erat,
1576 5196 1641 5252 ad
1674 5196 1817 5253 bane
1844 5214 1961 5271 gra-

380 5284 514 5337 tiam
558 5284 986 5342 transl‘ormatus
1034 5295 1151 5354 est,
1202 5294 1264 5342 ut
1312 5286 1493 5346 factus
1542 5289 1860 5356 cincinnus,
1905 5300 1961 5349 et

384 5375 594 5431 celesti
636 5393 759 5433 rore
805 5377 1082 5451 perfusus,
1138 5378 1397 5436 universo
1442 5380 1704 5449 Ecclesiae
1741 5385 1965 5455 corpori.

388 5479 711 5521 arcanorum
741 5467 1211 5538 obscurorumque
1234 5470 1623 5540 mysteriorum
1650 5487 1959 5530 sermonem

1328 5582 1341 5613 ἱ

472 5637 612 5693 ’lsa.
650 5638 865 5711 ιιιι,θ;
910 5639 1106 5700 lPelr.
1142 5658 1200 5711 ιι,
1230 5644 1318 5701 22.
1386 5646 1424 5679 ¹⁰
1459 5646 1624 5706 Hebr.
1652 5664 1725 5720 Iv,
1772 5652 1854 5708 l5.
1933 5655 1947 5686 ¹

910 5639 1106 5700 lPelr.
1142 5658 1200 5711 ιι,
1230 5644 1318 5701 22.
1386 5646 1424 5679 ¹⁰
1459 5646 1624 5706 Hebr.
1652 5664 1725 5720 Iv,
1772 5652 1854 5708 l5.
1933 5654 1973 5687 “
2005 5654 2185 5724 Ephes
2233 5670 2296 5725 ιι,
2328 5653 2381 5708 2.

2059 4460 2171 4526 κῶς
2204 4461 2330 4524 τοὺς
2363 4458 2693 4533 βοστρύχους
2740 4458 2847 4511 ὑπὸ
2878 4456 2969 4512 τοῦ
3010 4457 3145 4510 Θεοῦ
3183 4455 3343 4526 λόγου
3378 4458 3620 4528 σημαίνε-

2062 4550 2183 4605 σθαι
2212 4545 2287 4605 ὧν
2321 4566 2466 4614 τινες
2501 4545 2640 4621 ἦσαν
2666 4547 2931 4621 πρότερον
2962 4546 3222 4618 ζοφώδεις
3253 4549 3366 4611 τοῖς
3399 4546 3486 4600 τοῦ
3510 4548 3617 4619 βίου

2060 4643 2506 4716 ἐπιτηδεύμασιν,
2542 4645 2571 4697 6
2602 4641 2825 4713 λῃστὴς,
2869 4642 2899 4694 ὁ
2923 4638 3179 4710 τελώνης,
3210 4642 3239 4694 6
3265 4638 3509 4710 διώκτης,
3532 4642 3618 4694 καὶ

2060 4736 2219 4801 εἴτις
2248 4735 2405 4799 ἄλλος
2425 4733 2666 4797 τοιοῦτος
2695 4732 2837 4787 κατὰ
2863 4732 2955 4786 τὸν
2991 4731 3197 4804 μέλανά
3231 4749 3292 4785 τε
3321 4732 3411 4785 καὶ
3438 4748 3619 4805 σαρκο-

2063 4829 2222 4902 ϐόρον
2246 4828 2355 4883 τῶν
2420 4825 2716 4899 ὀφθαλμῶν
2756 4826 3109 4897 άφανιστικὸν
3135 4825 3369 4897 κόρακα.
3394 4825 3539 4894 Λέγω
3565 4826 3617 4879 δέ

2060 4922 2152 4976 τὸν
2179 4920 2416 4993 ἄρχοντα
2439 4919 2534 4973 τοῦ
2576 4918 2799 4983 σκότους
2830 4918 2930 4989 τῆς
2964 4917 3234 4985 ἐξουσίας,
3269 4915 3446 4980 καθὼς
3471 4933 3616 4988 φησιν

2062 5015 2092 5066 6
2145 5012 2252 5066 ἀπὸ
2303 5010 2536 5083 κόρακος
2568 5010 2732 5083 ἐλάτη
2760 5010 3071 5081 γενόμενος,
3102 5009 3198 5063 καὶ
3239 5008 3328 5062 διὰ
3361 5007 3507 5063 τοῦτο
3539 5008 3616 5079 βό-

2069 5119 2298 5175 στρυχος
2325 5103 2424 5172 τῆς
2458 5100 2610 5165 θείας
2637 5101 2878 5171 κεφαλῆς
2901 5099 3264 5173 χρηματίσας.
3294 5101 3413 5154 Ὅτι
3442 5100 3615 5171 πρότε-

2071 5212 2161 5267 ρον
2184 5194 2257 5248 ὢν
2290 5189 2608 5265 βλάσφημος
2639 5190 2734 5244 καὶ
2753 5188 2986 5262 διώκτης
3018 5192 3113 5245 καὶ
3142 5188 3419 5261 ύύριστής,
3441 5191 3533 5254 ¹«ἔως
3554 5185 3613 5260 ἧν

2068 5283 2257 5357 κόραξ,
2288 5283 2424 5355 πρὸς
2442 5283 2540 5354 τὴν
2558 5281 2717 5353 χάριν
2743 5279 2947 5351 ταύτην
2967 5279 3397 5351 μετεπευάσθη,
3421 5280 3615 5353 βόστρυ⁶

2067 5397 2160 5450 χος
2188 5377 2479 5447 γενόμενος
2501 5377 2569 5446 τῇ
2622 5372 2850 5446 οὐρανίᾳ
2889 5373 3067 5445 δρόσῳ
3095 5371 3399 5444 διάϐροχος,
3422 5372 3447 5425 6
3474 5373 3612 5426 παντὶ

2067 5470 2145 5543 τῷ
2175 5470 2387 5541 σώματι
2410 5467 2509 5539 τῆς
2524 5465 2851 5538 Ἐκκλησίας
2872 5465 2966 5520 τὸν
2984 5465 3094 5520 τῶν
3115 5464 3330 5537 ἀποκρύ
3339 5482 3444 5536 φων
3462 5483 3511 5520 τε
3535 5465 3612 5520 καὶ

2490 5653 2529 5687 ¹¹
2559 5650 2581 5709 l
2613 5649 2851 5709 Timoth.
2890 5665 2929 5720 ι,
2960 5647 3043 5705 15.
