3730 5980
92 183 127 238 l
139 182 252 242 057

1097 175 1164 231 IN
1193 174 1497 233 CANTICA
1535 170 1806 231 CANTIC.
1852 172 2130 228 HOMILIA
2163 172 2303 230 XIII.

3224 178 3246 229 ί
3259 178 3361 234 058

91 295 402 352 σκοτεινῶν
466 296 781 368 μυστηρίων
830 296 986 367 λόγον
1031 297 1396 367 έπιψεκάζων.
1459 295 1692 358 Τούτους

1867 295 2017 348 ratim
2055 296 2370 351 instillaret.
2425 295 2531 351 llos
2584 295 2749 366 igitur
2799 293 3061 366 appellari
3097 310 3126 349 a
3160 311 3364 366 sponsa

95 389 210 457 μὲν
245 387 501 457 λέγεσθαι
539 388 689 459 παρά
726 388 824 458 τῆς
856 387 1072 460 νύμφης
1108 387 1430 460 βοστρύχους
1459 386 1690 456 ύπενοή-
1713 447 1729 460 _

99 497 308 550 σαμεν,
340 481 390 534 οἳ
406 481 506 551 τῆς
536 481 741 552 χρυσῆς
761 480 1002 551 κεφαλῆς
1022 481 1239 552 ἀπηρτη
1249 479 1468 550 μένοιού
1490 477 1692 550 μικρὰν

96 565 172 619 δι’
206 567 418 620 ἑαυτῶν
477 566 688 620 ποιοῦσι
748 566 1066 638 προσθήκην
1116 570 1216 637 τῆς
1263 567 1433 638 ὥρας,
1472 569 1538 638 τῇ
1598 565 1692 619 τοῦ

103 655 426 726 ’πνεύματος
453 655 598 729 αὖρα
644 656 1108 728 περισοϐούμενοι.
1143 650 1300 710 Οὗτοι
1326 658 1578 726 στέφανοι
1609 657 1692 725 γί-

106 760 298 796 νονται
333 743 564 806 κάλλους
584 746 650 814 τῇ
687 745 951 816 ἀκηράτῳ
972 745 1204 816 κεφαλῇ,
1236 747 1564 816 κοσμοῦντες
1594 746 1693 799 αύ-

105 834 212 904 τὴν
243 834 323 904 τῷ
365 834 478 905 ἰδίῳ
507 815 1010 907 κυκλώματιῘΠερὶ
1050 815 1252 891 τούτων
1284 815 1392 907 γάρ
1426 855 1515 907 μοι
1553 837 1696 890 δοκεῖ

105 923 296 992 λέγειν
323 928 358 995 ἡ
385 926 709 996 προφητεία,
752 925 833 978 ὅτι
870 928 1122 994 Ἔθηκας
1151 927 1250 980 ἐπὶ
1280 926 1397 994 τὴν
1422 925 1697 995 κεφαλὴν

103 1015 304 1070 αὑτοῦ
369 1016 674 1084 στέφανον
723 1017 792 1070 ἐκ
820 1018 993 1071 λίθου
1038 1018 1252 1087 τιμίου.
1291 1018 1452 1070 Ὥστε
1502 1017 1696 1079 αὐτοὺς

103 1107 175 1160 δι’
206 1107 487 1178 ἑκατέρων
533 1106 768 1162 νοεῖσθαι
799 1106 910 1160 τῶν
946 1109 1254 1179 νοημάτων,
1308 1109 1601 1179 εὐπρεπεῖς
1637 1124 1695 1160 τε

106 1199 470 1270 βοστρύχους,
501 1203 593 1254 καὶ
631 1201 810 1264 λίθους
841 1200 1074 1271 τιμίους,
1107 1201 1174 1253 δι’
1205 1198 1383 1253 αύτῶν
1413 1198 1509 1270 τὴν
1538 1215 1698 1268 κεφα-

101 1292 212 1364 λὴν
241 1291 704 1356 καλλωπίζοντας.

195 1381 518 1434 Ἀκόλουθον
564 1381 608 1434 δ’
660 1381 725 1436 ἂν
770 1383 852 1450 εἴη
883 1380 977 1433 καὶ
1011 1382 1078 1432 τά
1115 1379 1238 1450 περὶ
1271 1379 1375 1432 τῶν
1405 1379 1698 1450 ὀφθαλμῶν

106 1471 388 1542 εἰρημένα
411 1470 680 1542 θεωρῆσαι
714 1471 791 1541 τῷ
819 1471 980 1541 λόγῳ.
1015 1471 1169 1523 Ἔστι
1187 1472 1252 1524 δὲ
1285 1472 1318 1540 ὴ
1347 1471 1490 1535 λέξις
1522 1470 1659 1541 αὕτη
1679 1486 1694 1500 °

121 1559 457 1627 Ὀρθαλμοὶ
488 1559 672 1612 αὑτοῦ
696 1558 1033 1627 περιστεραί
1051 1558 1147 1612 ἐπὶ
1170 1558 1530 1628 πληρώματα
1551 1559 1696 1616 ὑδά-

106 1666 255 1716 των,
284 1648 647 1717 λελουμέναι
673 1648 744 1701 ἐν
772 1647 1042 1718 γάλακτι,
1072 1649 1398 1718 καθήμεναι
1423 1648 1519 1701 ἐπὶ
1546 1652 1695 1716 πλη-
1728 1629 1769 1686 Β

105 1739 356 1810 ρώματα
389 1739 640 1795 ὑδάτων.
696 1740 758 1792 Ἦ
790 1740 846 1793 δὲ
882 1738 988 1792 τῶν
1029 1739 1330 1811 εἰρημένων
1368 1739 1573 1793 διάνοια
1600 1740 1699 1809 τῆς

111 1831 220 1901 μὲν
262 1830 624 1900 καταλήψεως
667 1831 821 1901 ἡμῶν
847 1832 1010 1896 ,ἐστιν
1049 1831 1369 1902 ὑψηλοτέρα.
1405 1833 1469 1884 Ὃ
1497 1831 1604 1901 γὰρ
1633 1831 1699 1884 ἂν

109 1922 469 1994 ἐννοήσωμεν
501 1921 853 1992 περὶτούτων
886 1921 1104 1977 ἔλαττον
1146 1918 1285 1976 εῖναι
1317 1923 1416 1993 τῆς
1445 1921 1700 1992 ἀληθείας

107 2017 349 2086 οἰόμεθα
368 2032 380 2044 ·
402 2015 787 2086 σκοπουμένοις
807 2014 862 2067 δὲ
882 2015 947 2068 δι’
967 2013 1284 2084 ἐπιμελείας
1305 2016 1454 2084 ημῖν,
1479 2014 1700 2084 τοιαύτη

108 2127 204 2173 τις
231 2109 413 2174 ἔδοξεν
439 2104 604 2160 εἶναι·
634 2106 768 2177 Φησί
804 2123 906 2159 που
938 2105 1047 2160 τῶν
1085 2105 1279 2159 ἑαυτοῦ
1313 2105 1484 2173 λόγων
1511 2105 1539 2157 ὀ
1561 2104 1700 2169 θεῖος

123 2199 480 2262 Ἀπόστολος,
518 2197 592 2270 μὴ
648 2196 907 2250 δύνασθαι
951 2197 1131 2265 λέγειν
1179 2196 1272 2250 τὸν
1322 2195 1596 2267 ὀφθαλμὸν
1633 2199 1700 2267 τῇ

109 2291 293 2362 χειρὶ,
309 2289 526 2357 Χρείαν
545 2301 662 2342 σου
677 2289 788 2342 οὐκ
815 2286 934 2356 ἔχω
951 2303 964 2316 ’
980 2287 1156 2358 δόγμα
1179 2286 1266 2340 διὰ
1294 2285 1494 2339 τούτων
1524 2285 1703 2339 ποιού-

115 2397 313 2451 μενος,
341 2380 421 2433 ὅτι
463 2378 530 2433 δι’
567 2379 894 2450 ἀμφοτέρων
944 2378 1206 2448 προσήκει
1249 2375 1326 2446 τῷ
1367 2375 1576 2446 σώματι
1606 2375 1705 2446 τῆς

127 2468 467 2540 Ἐκκλησίας
542 2466 802 2538 πράττειν
840 2466 1039 2529 καλῶς,
1089 2465 1180 2519 τοῦ
1241 2464 1548 2537 διορατικοῦ
1607 2465 1706 2534 τῆς

112 2560 385 2632 ἀληθείας
445 2557 890 2629 συγκεκραμένου
917 2558 1051 2627 πρὸς
1087 2557 1148 2610 τὸ
1190 2557 1511 2628 δραστήριον
1533 2573 1546 2588 ⁸
1583 2556 1705 2610 οὔτε

113 2653 224 2722 τῆς
267 2649 497 2722 θεωρίας
545 2647 666 2702 καθ’
705 2646 902 2717 ἑαυτὴν
938 2647 1033 2718 τὴν
1079 2646 1254 2718 ψυχὴν
1292 2646 1620 2718 τελειούσης.
1658 2649 1707 2700 εί

115 2743 205 2814 μὴ
238 2742 332 2796 καὶ
360 2741 427 2794 τά
477 2738 612 2810 ἔργα
650 2739 823 2810 παρῇ,
882 2737 949 2792 τά
985 2737 1076 2790 τὸν
1121 2736 1310 2807 ἠθικὸν
1341 2737 1708 2809 κατορθοῦντα

122 2833 244 2902 βίον
269 2847 280 2859 ·
307 2829 429 2884 οὔτε
454 2830 553 2901 τῆς
584 2829 894 2900 πρακτικῆς
935 2827 1252 2898 φιλοσοφίας
1289 2829 1535 2900 αὐτάρκη
1570 2847 1709 2901 παρ-

120 2922 394 2994 εχομένης
448 2922 546 2991 τὴν
578 2920 868 2990 ὠφέλειαν,
901 2920 974 2990 μὴ
1019 2920 1118 2989 τῆς
1147 2919 1404 2991 ἀληθινῆς
1430 2920 1708 2984 εὐσεϐείας

120 3015 240 3068 τῶν
261 3013 556 3084 γινομένων
615 3010 1048 3082 καθηγουμένης.
1111 3012 1174 3063 El
1220 3011 1398 3065 τοίνυν
1435 3012 1707 3080 ἀναγκαία

122 3107 241 3160 τῶν
265 3104 557 3175 ὀφθαλμῶν
585 3105 720 3176 πρὸς
752 3105 849 3167 τάς
872 3103 1056 3174 χεῖράς
1075 3104 1219 3157 ἐστιν
1244 3106 1276 3174 ἡ
1305 3103 1551 3173 συζυγία,
1569 3103 1710 3174 τάχα

123 3196 521 3270 προσαγόμεθα
553 3196 641 3248 διὰ
689 3194 798 3248 τῶν
846 3194 1170 3265 εἰρημένων,
1197 3195 1408 3267 πρῶτον
1455 3195 1552 3266 μὲν
1584 3197 1708 3260 τοὺς

126 3287 465 3359 ὀφθαλμοὺς,
497 3285 690 3349 οἵτινές
722 3287 848 3351 εἰσι,
907 3285 1237 3355 κατανοῆσαι
1262 3303 1276 3318 ο
1308 3285 1494 3338 ἔπειτα
1531 3285 1588 3338 δὲ
1617 3286 1710 3340 καὶ

127 3379 226 3432 τὸν
248 3379 376 3450 περὶ
403 3376 582 3432 αὐτῶν
606 3375 825 3430 ἔπαινον
847 3377 903 3428 ἐν
924 3375 1125 3448 θεωρίᾳ
1146 3375 1328 3430 λαϐεῖν
1349 3393 1362 3406 ·
1391 3377 1480 3428 τὸν
1507 3377 1561 3429 δὲ
1582 3377 1710 3446 περὶ

128 3469 242 3523 τῶν
259 3467 456 3540 χειρῶν
483 3467 640 3535 λόγον
678 3465 757 3536 τῷ
782 3465 896 3536 ίδίῳ
910 3467 1311 3540 ταμιευσάμεθα
1324 3470 1492 3540 τύπῳ·
1511 3467 1712 3534 ὀφθαλ-

129 3563 254 3633 μῶν
289 3561 398 3631 γάρ
457 3560 587 3613 [διον
627 3560 689 3611 ἐκ
723 3557 936 3627 φύσεως
982 3555 1140 3627 ἔργον
1197 3557 1314 3609 ἐστὶ
1334 3557 1394 3609 τὸ
1443 3560 1598 3628 ὀρᾷν·
1633 3557 1711 3611 διὸ

129 3655 278 3709 κατὰ
327 3655 426 3724 τὴν
475 3652 705 3721 τοπικὴν
761 3651 907 3703 θέσιν
949 3650 1166 3702 πάντων
1209 3649 1558 3720 ὑπέρκεινται
1605 3650 1712 3703 τῶν

134 3744 530 3817 αἰσθητηρίων,
564 3746 641 3806 είς
670 3743 889 3814 ὀδηγίαν
929 3739 1024 3794 τοῦ
1074 3741 1272 3806 παντὸς
1305 3741 1554 3812 σώματος
1583 3760 1713 3814 προ·-

132 3837 458 3906 τεταγμένοι
501 3835 650 3906 παρὰ
695 3835 792 3904 τῆς
864 3833 1097 3904 φύσεως.
1151 3835 1316 3886 Ὅταν
1341 3829 1432 3886 οὖν
1463 3835 1586 3897 τοὺς
1616 3834 1714 3903 τῆς

132 3923 401 3994 ἀληθείας
430 3922 873 3992 καθηγουμένους
899 3922 1049 3992 παρὰ
1070 3922 1168 3991 τῆς
1198 3921 1347 3986 θείας
1373 3923 1595 3994 Γραφῆς
1623 3922 1715 3976 οὔ·

130 4031 244 4078 τως
270 4013 699 4085 ὀνομαζομένους
742 4011 1082 4082 ἀκούσωμεν,
1111 4006 1184 4066 ὧν
1211 4013 1239 4065 ὀ
1274 4013 1370 4082 μέν
1395 4031 1477 4076 τις
1500 4014 1716 4082 ἐλέγετο

134 4105 410 4171 Βλέπων,
441 4105 528 4158 ἒτε
539 4122 626 4176 ρος
643 4104 699 4157 δὲ
731 4107 764 4159 ὀ
806 4103 986 4172 Ὁρῶν
1005 4122 1019 4136 ο
1049 4105 1205 4169 ἄλλος
1226 4106 1282 4159 δὲ
1307 4106 1541 4175 Σκοπὸς
1566 4108 1714 4179 παρά
1747 4119 1754 4124 '

130 4197 216 4268 τῷ
263 4193 384 4266 Θεῷ
437 4194 580 4248 οὕτω
621 4193 710 4247 διὰ
750 4194 850 4264 τῆς
905 4195 1242 4267 προφητείας
1297 4195 1711 4268 ὠνομασμένος·

1793 389 2084 444 cincinnos
2132 389 2549 455 existimamus,
2603 388 2695 458 qui
2749 403 2915 442 aureo
2963 388 3128 458 capiti
3181 387 3364 443 adhae-

1792 487 1976 534 rentes
2009 493 2117 533 non
2162 494 2353 549 parum
2394 477 2581 550 sponsi
2634 478 3095 548 pulchritudinem
3141 487 3362 549 augent,

1795 571 1863 624 ab
1891 585 2023 624 aura
2053 571 2278 640 spiritus
2309 570 2520 640 agitati.
2565 569 2744 639 Atque
2779 567 2943 622 iidem
2990 569 3135 624 illius
3168 570 3366 622 imma-

1794 663 1960 716 culati
1987 663 2182 732 capitis
2208 662 2635 733 pulcherrimum
2678 669 2886 716 sertum
2919 668 3070 724 sunt,
3105 670 3366 717 ornantes

1796 754 1928 808 illud
1959 753 2163 808 ambitu
2196 769 2318 810 suo.
2349 753 2561 807 Etenim
2596 754 2663 808 de
2697 754 2784 807 his
2811 753 2990 806 locum
3042 753 3199 806 illum
3243 768 3368 821 pro-

1795 845 1989 914 phetiaa
2017 845 2225 914 accipio
2256 864 2268 898 :
2324 843 2560 898 Posuisti
2603 845 2656 897 in
2693 853 2847 911 caput
2878 843 2993 911 ejus
3026 859 3274 896 coronam
3303 858 3369 896 ea:

1795 937 1972 1005 lapide
2005 939 2236 1006 pretioso
2259 937 2403 988 "-“.
2430 935 2504 989 Ita
2529 944 2697 1005 utpcr
2713 935 3128 1004 appellationem
3162 943 3371 988 utram-

1798 1045 1906 1098 que
1938 1030 2332 1098 intelligantur,
2368 1028 2571 1097 quippe
2617 1027 2709 1096 qui
2746 1025 2858 1080 sint
2891 1035 2945 1079 et
2984 1026 3226 1079 cincinni
3272 1025 3370 1080 de-

1797 1119 1936 1180 cori,
1967 1126 2022 1173 et
2069 1118 2247 1187 magni
2285 1116 2443 1186 pretii
2477 1115 2707 1185 lapides,
2741 1115 3042 1168 ornamenti
3077 1115 3277 1184 aliquid
3301 1129 3370 1169 ex

1798 1225 1858 1266 se
1885 1209 2051 1279 capiti
2083 1207 2447 1264 conferentes.

1867 1387 2023 1443 Nunc
2050 1387 2257 1442 ordinis
2307 1385 2445 1440 ratio
2483 1383 2724 1454 postulat
2788 1391 2846 1438 ut
2891 1383 3056 1438 etiam
3121 1381 3212 1435 illa
3251 1394 3374 1450 quae

1798 1479 1865 1535 de
1927 1479 2099 1533 oculis
2165 1477 2419 1532 dicuntur
2470 1474 2880 1530 consideremus
2947 1487 3118 1542 :qure
3153 1472 3373 1542 quidem

1799 1570 1912 1644 haec
1936 1576 2090 1625 sunt:
2117 1567 2266 1624 Oculi
2299 1568 2411 1636 ejus
2435 1569 2567 1620 sicut
2592 1565 2866 1627 columbaz,
2901 1563 2968 1616 ad
3001 1579 3259 1632 aquarum
3286 1579 3376 1616 co-

1797 1661 1935 1731 pias,
1972 1661 2093 1714 lota:
2123 1661 2174 1712 in
2203 1660 2360 1722 lacte,
2391 1658 2623 1712 sedentes
2647 1673 2804 1725 super
2823 1654 3174 1726 plenitudines
3203 1671 3376 1725 aqua-

1798 1770 1936 1808 rum.
1963 1751 2166 1807 llorum
2206 1759 2385 1805 autem
2409 1750 2697 1804 verborum
2730 1748 2998 1804 sententia
3023 1747 3376 1817 perceptione

1798 1845 2016 1916 quidem
2059 1852 2244 1898 nostra
2281 1845 2566 1899 sublimior
2621 1851 2741 1909 est;
2786 1841 3014 1896 inferius
3061 1841 3207 1894 enim
3253 1853 3378 1894 esse

1803 1938 1918 2006 ipsa
1953 1935 2179 1991 veritate
2211 1933 2852 2004 arbitramur,quidquid
2877 1932 2944 1987 de
2983 1931 3064 1986 eis
3095 1931 3374 2000 cogitave-

1800 2028 2000 2093 rimus;
2029 2027 2123 2082 sed
2149 2035 2330 2081 tamen
2385 2026 2628 2082 studiose
2681 2010 2827 2079 illam
2872 2021 3373 2083 considerantibus,
3409 2084 3418 2093 δ

1802 2115 2110 2185 hujusmodi
2139 2115 2383 2185 quaedam
2413 2129 2538 2169 esse
2563 2113 2806 2167 videtur:
2834 2112 2920 2164 Ait
2947 2111 3146 2165 alicubi
3173 2111 3288 2166 suis
3309 2111 3366 2166 in

1804 2199 2215 2262 commentariis
2292 2207 2508 2260 divinus
2561 2205 2648 2260 ille
2703 2203 3019 2272 Apostolus,
3055 2219 3162 2256 non
3212 2215 3375 2272 posse

1804 2292 2018 2346 oculum
2055 2292 2457 2356 manuidicere,
2494 2289 2613 2345 Non
2647 2290 2776 2343 mihi
2801 2299 2848 2344 te
2870 2307 2998 2360 opus
3020 2299 3094 2344 est
3128 2290 3171 2320 η
3215 2304 3230 2338 :
3259 2289 3380 2360 qui-

1803 2382 1906 2438 bus
1938 2383 2118 2437 verbis
2147 2382 2342 2437 docere
2369 2382 2506 2443 vult,
2551 2381 2748 2436 debere
2791 2396 2991 2450 corpus
3031 2379 3285 2436 Ecclesia:
3311 2379 3380 2434 ab

1807 2484 2039 2546 utroque
2086 2483 2230 2532 ret-te
2259 2481 2632 2543 comparatum
2673 2488 2815 2534 esse,
2848 2483 2956 2526 tam
3011 2469 3380 2543 perspiciendi

1808 2568 2054 2631 veritate,
2083 2581 2243 2636 quam
2273 2565 2463 2634 agendi
2499 2564 2550 2618 vi
2583 2564 2724 2618 inter
2758 2579 2817 2618 se
2843 2564 2998 2633 quasi
3029 2570 3330 2632 temperata
3357 2579 3372 2616 :

1808 2659 2008 2729 quippe
2067 2657 2212 2727 quod
2255 2671 2432 2725 neque
2483 2654 2876 2724 contemplatio
2927 2669 3021 2723 per
3052 2669 3112 2708 se
3136 2654 3376 2706 animam

1808 2748 2074 2820 perﬁciat,
2099 2747 2201 2802 nisi
2253 2746 2434 2800 adsint
2463 2754 2517 2800 et
2555 2760 2720 2814 opera
2755 2746 2920 2799 vitam
2967 2744 3238 2816 egregiam
3281 2744 3384 2798 ab-

1809 2840 2113 2905 solvenlia;
2154 2853 2326 2906 neque
2381 2837 2721 2906 philosophia
2779 2845 3044 2905 occupata
3089 2837 3141 2889 in
3173 2835 3386 2906 agendo

1811 2931 1945 2983 satis
1992 2913 2064 2983 sit
2115 2927 2284 2992 utilis,
2339 2926 2441 2981 nisi
2478 2941 2604 2980 vera
2639 2927 2813 2996 pietas
2841 2941 3027 2981 eorum
3065 2941 3185 2995 quae
3237 2928 3372 2979 liunt
3457 2943 3460 2948 ·

1810 3019 1918 3073 dux
1949 3021 2037 3073 sit.
2067 3019 2244 3084 Quare
2276 3016 2320 3071 si
2377 3018 2686 3071 necessaria
2727 3025 2810 3071 est
2856 3017 2970 3070 haec
3000 3017 3284 3070 oculorum
3331 3023 3387 3071 et

1811 3126 2068 3164 manuum
2098 3109 2434 3180 conjunctio,
2485 3105 2844 3178 fortassejam
2873 3109 3098 3179 propius
3143 3123 3238 3178 per
3271 3107 3388 3161 haec

1787 3203 1929 3273 'ipsa
1984 3201 2134 3254 Pauli
2169 3201 2330 3254 verba
2384 3198 2706 3253 adducimur
2768 3198 2833 3251 ad
2901 3199 3384 3261 considerandum,

1811 3294 1986 3363 primo
2005 3293 2226 3362 quinam
2262 3291 2366 3346 sint
2392 3292 2559 3351 oculi,
2593 3290 2788 3344 deinde
2817 3289 2882 3344 ad
2915 3288 3389 3360 comprehenden-

1812 3383 1935 3437 dam
1961 3383 2127 3436 animi
2152 3381 2610 3450 contemplatione
2635 3380 2848 3434 Iaudem
2880 3379 3097 3433 horum.
3123 3379 3276 3445 Quod
3298 3394 3391 3433 au«

1813 3483 1920 3529 tem
1975 3475 2038 3529 de
2085 3473 2337 3526 manibus
2385 3470 2606 3531 dicitur,
2650 3484 2750 3523 suo
2799 3469 2920 3522 loco
2966 3470 3388 3526 reservabimus.

1812 3565 2164 3622 Oculoruma
2196 3571 2388 3617 natura
2415 3563 2691 3631 proprium
2751 3575 2948 3614 munus
3003 3567 3087 3614 est
3143 3574 3386 3616 cernere.

1811 3656 2106 3725 Propterea
2148 3653 2258 3706 loci
2312 3653 2473 3707 etiam
2511 3651 2615 3706 situ
2644 3665 2806 3719 supra
2849 3665 3111 3703 sensuum
3144 3651 3390 3720 reliquo-

1811 3761 1932 3800 rum
1985 3758 2189 3813 organa
2219 3741 2469 3795 collocati
2504 3749 2650 3801 sunt,
2689 3741 2754 3793 ad
2807 3738 3137 3792 durtandum
3172 3740 3392 3794 univer-

1818 3853 1938 3893 sum
1994 3851 2194 3906 corpus
2246 3851 2275 3888 a
2308 3844 2507 3888 natura
2561 3832 2817 3888 ordinati.
2871 3831 3053 3898 Quare
3086 3847 3210 3886 cum
3241 3834 3388 3897 illos,

1819 3929 1909 4001 qui
1946 3929 2010 3983 ad
2036 3929 2318 3982 veritatem
2349 3926 2517 3980 duces
2549 3934 2696 3989 sunt,
2730 3925 2988 3994 appellari
3022 3939 3050 3977 a
3075 3925 3247 3980 sacris
3273 3923 3390 3979 Lit-
3443 3994 3446 3997 _

1818 4021 1950 4076 teris
1985 4019 2237 4073 audimus
2269 4017 2364 4081 ita,
2391 4024 2448 4070 ut
2480 4017 2620 4072 alius
2683 4016 2897 4071 dicatur
2956 4013 3173 4080 Videas,
3225 4016 3388 4081 alius,

1817 4110 2042 4167 Cernens
2074 4109 2137 4178 ¹⁰,
2186 4109 2324 4164 alius
2370 4105 2682 4178 Speculator
2712 4107 2752 4138 ⁸⁷
2791 4122 2820 4160 a
2849 4106 2955 4162 Deo
2977 4107 3384 4177 Prophetarum

1818 4204 1873 4258 in
1931 4201 2087 4258 libris
2147 4207 2405 4266 vocetur,
2460 4199 2783 4254 adducimur
2843 4214 2929 4264 eo,
2973 4206 3031 4252 ut
3087 4206 3394 4254 statuamus

133 4286 448 4358 ἐναγόμεθα
475 4286 562 4340 διὸ.
599 4285 824 4351 τούτων,
872 4287 996 4350 τοὺς
1043 4288 1244 4358 ὲφορᾷν
1277 4287 1372 4341 καὶ
1404 4288 1698 4343 ἐπιϐλέπειπ

1867 4293 1944 4346 los
1974 4291 2066 4360 qui
2097 4290 2162 4344 ad
2210 4287 2566 4354 cernendum,
2594 4298 2644 4343 et
2668 4287 3088 4356 inspiciendum,
3115 4296 3170 4341 ct
3199 4303 3394 4356 specu-

133 4380 234 4433 καὶ
261 4380 576 4432 ἐπισκοπεῖν
606 4376 990 4448 τεταγμένους,
1019 4377 1327 4448 ὀφθαλμοὺς
1373 4379 1603 4435 ἐνταῦθα
1627 4397 1714 4435 νο-

138 4470 325 4541 μίζειν
375 4468 854 4539 κατονομάζεσθαι.
921 4467 995 4521 Τὸ
1035 4469 1092 4522 δὲ
1129 4470 1256 4539 περὶ
1295 4471 1490 4534 αὐτοὺς
1532 4471 1717 4542 θαῦμα

136 4563 268 4617 καθ’
303 4563 593 4633 ὁμοιότητά
643 4579 762 4616 τινα
807 4563 1164 4634 συγκριτικὴν
1198 4563 1440 4631 γίνεσθαι
1469 4565 1715 4619 διδασκό-

142 4651 309 4724 μεθα,
344 4651 440 4723 τῆς
489 4653 624 4723 πρὸς
668 4653 728 4706 τὸ
763 4655 1004 4722 κρεῖττον
1051 4653 1401 4722 παραθέσεως
1442 4655 1502 4708 τὸ
1523 4655 1717 4720 κάλλος

140 4743 324 4799 αὐτῶν
352 4743 794 4816 ύπογραφούσης.
826 4743 962 4814 Φησὶ
988 4743 1096 4814 γάρ
1119 4762 1131 4774 ·
1165 4745 1245 4798 ὅτι
1287 4745 1604 4815 Ὀςρθαλμοί
1637 4747 1717 4812 ὡς

140 4836 528 4905 περιστεραί.
583 4836 760 4899 Καλὸς
801 4835 908 4907 γὰρ
935 4835 1010 4898 ὡς
1051 4835 1265 4906 ἀληθῶς
1308 4835 1419 4890 τῶν
1465 4837 1718 4893 τοιούτων

140 4929 408 5000 ὀμμάτων
441 4927 658 4990 ἔπαινος
685 4929 718 4998 ἡ
749 4926 972 4993 ἀκακία,
996 4927 1062 4998 ἢν
1081 4927 1434 4998 κατορθοῦσιν
1450 4931 1498 4982 οἱ
1523 4929 1720 5000 μηκέτι

140 5017 224 5089 τῷ
255 5016 522 5088 σαρκώδει
577 5016 675 5086 βίῳ
735 5016 1105 5087 μολυνὸμενοι,
1143 5015 1279 5070 ἀλλὰ
1317 5015 1516 5081 ζῶντές
1539 5035 1599 5070 τε
1627 5019 1721 5072 καὶ

143 5108 487 5178 στοιχοῦντες
508 5107 585 5178 τῷ
624 5108 915 5179 πνεύματι.
969 5109 1028 5161 '0
1072 5108 1180 5180 γὰρ
1224 5110 1587 5180 πνευματικὸς
1619 5110 1721 5163 καὶ

142 5201 306 5263 amo;
337 5198 452 5268 βίος
479 5198 557 5268 τῷ
586 5199 684 5262 τῆς
713 5200 1039 5269 περιστερᾶς
1067 5198 1197 5251 εῖδει
1242 5199 1724 5269 χαρακτηρίζεται,

1822 4383 2042 4437 landum
2075 4381 2308 4436 ordinati
2346 4389 2495 4444 sunt,
2530 4379 2720 4435 oculos
2751 4377 2840 4432 hic
2875 4376 3155 4448 appellari.
3191 4376 3394 4433 Eorum

1823 4485 1953 4527 vero
2013 4469 2329 4525 admiranda
2380 4469 2693 4538 praestantia
2773 4483 2872 4538 per
2929 4469 3394 4538 comparationem

1822 4562 2113 4632 quamdam
2147 4562 2474 4624 declaratur,
2509 4560 2832 4631 depingente
2887 4560 3051 4630 hujus
3091 4562 3398 4632 adiectione

1822 4653 2279 4724 pulchritudinem
2311 4653 2546 4708 illorum.
2579 4649 2668 4704 Ait
2689 4651 2832 4706 enim
2864 4671 2877 4706 :
2939 4653 3094 4706 Oculi
3113 4654 3232 4725 ejus
3263 4653 3395 4707 sicut

1824 4742 2097 4796 columba.
2147 4743 2412 4798 Praeclara
2467 4743 2727 4797 nimirum
2763 4741 2818 4795 in
2867 4742 3179 4811 huiusmodi
3224 4744 3398 4798 oculis

1823 4832 1944 4886 laus
1977 4843 2079 4895 est,
2112 4847 2308 4903 expers
2340 4832 2560 4886 malitiae
2618 4831 2966 4901 simplicitas,
3017 4846 3138 4900 quae
3165 4832 3219 4885 in
3273 4832 3399 4888 illos

1824 4921 1989 4986 cadit,
2021 4922 2115 4992 qui
2160 4925 2400 4978 nondum
2429 4937 2460 4977 a
2496 4923 2602 4977 vita
2653 4921 2858 4976 carnali
2885 4921 3076 4991 polluti
3108 4929 3258 4986 sunt,
3301 4923 3396 4978 sed

1823 5015 2012 5069 vivunt
2049 5024 2102 5068 et
2135 5016 2413 5070 ambulant
2460 5014 2676 5085 spiritu.
2738 5013 2962 5068 Etenim
3003 5013 3309 5084 spiritualis
3343 5026 3397 5070 et

1826 5105 2085 5160 immunis
2115 5120 2144 5158 a
2172 5107 2338 5161 rebus
2361 5106 2562 5161 crassis
2588 5107 2696 5166 vita
2731 5122 2828 5176 per
2857 5106 3124 5160 columba:
3156 5108 3396 5176 Speciem

1827 5197 2150 5266 exprimitur
2177 5216 2190 5250 :
2224 5213 2346 5251 cum
2377 5207 2600 5252 sanctus
2628 5198 2790 5253 etiam
2819 5195 3056 5266 Spiritus
3083 5199 3182 5251 hac
3218 5199 3400 5268 specie

145 5287 336 5358 ἐπειδὴ
362 5287 457 5339 καὶ
477 5285 605 5340 αὐτὸ
629 5287 688 5339 τὸ
708 5286 928 5358 Πνεῦμα
951 5286 1011 5339 τὸ
1039 5286 1192 5354 ἅγιον
1210 5285 1380 5349 οὕτως
1396 5286 1548 5357 ὤφθη
1578 5305 1698 5358 παρς

1867 5294 2155 5356 onspectus
2181 5287 2248 5340 ab
2273 5286 2480 5342 Joanne
2521 5289 2590 5342 sit
2619 5288 2686 5343 de
2713 5289 2869 5344 caelis
2891 5305 3056 5359 super
3085 5303 3281 5358 aquam
3312 5306 3402 5344 vo-

144 5377 241 5434 τοῦ
281 5377 530 5433 Ἰωάννου
556 5379 619 5432 ὲκ
650 5377 756 5432 τῶν
777 5377 1019 5448 οὐρανῶν
1038 5378 1131 5430 ἐπὶ
1151 5376 1211 5430 τὸ
1239 5376 1382 5449 ὕδωρ
1410 5377 1723 5449 ίπτάμενον.

223 5551 350 5591 ιι-ιδ
377 5549 524 5606 Psal.
566 5566 656 5622 xx,
685 5550 738 5607 4.
817 5551 902 5605 ιιι
941 5552 1066 5608 Cor.
1107 5569 1204 5621 χιι,
1231 5553 1318 5610 9|.

1397 5554 1440 5586 “‘
1473 5552 1490 5607 1
1522 5553 1654 5625 Reg.
1681 5569 1759 5623 lx,
1798 5556 1885 5612 il.

1829 5379 1960 5435 lare.
1996 5379 2177 5445 Quare
2209 5380 2360 5433 illum
2406 5381 2498 5450 qui
2537 5389 2596 5436 ut
2627 5376 2881 5439 Ecclesia:
2913 5383 3127 5454 corpori
3157 5383 3226 5439 sit
3253 5384 3398 5458 oculi

1963 5559 2004 5590 ¹⁷
2033 5559 2230 5615 Ezech.
2277 5574 2358 5624 ιιι,
2388 5559 2476 5613 I7.
