3756 5988
374 169 399 225 1
411 166 517 223 059

1613 164 1670 220 S.
1710 161 2034 219 GREGORII
2084 160 2366 217 NYSSENI

358 286 507 349 loco,
539 281 805 338 divinitus
856 281 1144 338 ordinatus
1166 291 1273 350 est,
1322 282 1382 339 si'
1402 283 1622 355 quidem
1650 299 1786 353 pure
1819 298 1942 353 spe-

2113 283 2255 349 ικοῦν
2277 282 2367 335 τὸν
2390 279 2508 335 ἀντὶ
2527 278 2820 349 ὀφθαλμῶν
2845 275 2922 348 τῷ
2943 275 3154 347 σώματι
3176 274 3277 348 τῆς
3305 274 3633 343 Ἐκκλησίας

365 375 630 430 culatoris
659 382 713 430 et
748 375 1075 445 inspectoris
1101 389 1324 430 munere
1358 374 1507 445 fungi
1538 376 1687 439 velit,
1714 387 1932 429 omnem

367 467 682 523 vitiositatis
712 466 1089 536 lippitudinem
1117 467 1337 523 abluere
1370 474 1516 536 ‘aqua
1544 466 1819 521 convenit.
1878 463 1947 517 Et

369 574 510 630 aqua
537 574 650 613 non
716 574 824 612 una
852 568 956 622 est,
1012 574 1117 629 qua
1167 559 1315 613 oculi
1357 558 1721 629 abstergendo
1748 573 1945 627 repur-

370 660 586 722 gantur,
617 650 711 705 sed
756 651 1066 718 complures
1101 650 1191 705 hic
1229 665 1350 707 esse
1380 651 1640 704 dicuntur
1675 648 1946 720 ejusmodi

372 759 638 814 aquarum
669 745 861 812 copiae.
897 741 1030 794 Nam
1074 750 1207 811 quot
1253 743 1481 797 virtutes
1507 747 1656 805 sunt,
1694 748 1772 795 tot
1825 754 1947 794 esse

372 835 689 905 bujusmodi
740 834 1047 889 lusu-alium
1091 849 1355 904 aquarum
1407 833 1587 888 fontes
1618 833 1947 887 existiman-

302 992 313 1003 ,
377 928 508 982 dum
547 935 654 990 est,
691 942 788 996 per
831 942 968 996 quos
997 928 1138 981 oculi
1187 942 1401 995 semper
1447 926 1641 995 scipsis
1699 925 1947 994 puriores

372 1018 527 1073 fiunt.
601 1017 763 1073 Verbi
821 1018 1032 1087 gratia,
1088 1019 1441 1088 temperantia
1499 1017 1738 1072 lustralis
1795 1031 1950 1085 aqua:

370 1107 497 1164 fons
525 1109 746 1177 quidam
778 1116 860 1162 cst
894 1123 909 1160 :
944 1108 1084 1163 alius
1138 1090 1685 1173 humilitas,'veritas,
1712 1107 1948 1177 justitia,

372 1196 661 1258 fortitudo,
711 1196 838 1251 boni
896 1198 1189 1266 cupiditas,
1244 1198 1370 1251 mali
1410 1200 1707 1252 aversatio.
1760 1196 1853 1250 liae
1897 1204 1952 1251 et

373 1290 491 1342 alia!
521 1303 693 1356 aquae,
739 1289 804 1342 de
844 1304 954 1342 uno
997 1290 1213 1357 quidem
1264 1288 1367 1342 illa:
1396 1288 1567 1352 fonte,
1594 1289 1687 1343 sed
1717 1289 1951 1343 diversis

377 1379 537 1449 quasi
573 1378 791 1433 fluentis
826 1379 882 1432 in
916 1395 1082 1433 unum
1123 1379 1367 1434 collectis
1398 1380 1645 1449 quaedam
1675 1388 1804 1434 sunt
1852 1395 1949 1435 co-

377 1472 531 1540 piosa
576 1468 876 1538 plenitudo,
928 1484 1021 1537 per
1076 1484 1198 1538 quae
1261 1471 1403 1524 oculi
1444 1471 1512 1523 ab
1567 1470 1716 1524 omni
1755 1471 1952 1525 vitiosa

373 1559 693 1630 lippitudine
751 1567 1133 1630 repurgautur.
1166 1560 1500 1631 Quanquam
1535 1577 1661 1617 vero
1691 1562 1758 1616 ad
1790 1577 1956 1633 aqua-

2049 375 2153 429 ὑπὸ
2176 372 2269 427 τοῦ
2300 370 2436 425 Θεοῦ
2469 370 2822 442 τεταγμένον,
2850 369 2899 421 εί
2932 367 3083 439 μέλει
3124 366 3380 438 καθαρῶς
3411 367 3633 420 ἐπισκο-

2048 464 2169 516 πεῖν
2191 478 2251 513 τε
2280 461 2374 513 καὶ
2405 459 2739 522 ἐπιϐλέπειν,
2792 458 2972 511 πᾶσαν
2995 457 3093 526 τὴν
3126 458 3189 510 ἐκ
3221 455 3424 521 κακίας
3450 456 3636 527 λήμην

2048 553 2456 609 ἀποκλύσασθαι
2505 553 2772 624 προσήκει
2811 550 2890 620 τῷ
2935 548 3108 603 ὕδατι.
3148 550 3303 602 Ἐστι
3351 549 3409 601 δὲ
3452 550 3546 619 οὐχ
3573 548 3632 600 ἓν

2046 644 2193 718 ὕδωρ
2224 645 2467 699 νιπτικδν
2498 643 2606 698 τῶν
2639 643 2921 714 ὀμμάτων,
2959 641 3093 696 ἀλλὰ
3114 641 3285 695 πολλὰ
3311 642 3423 694 τῶν
3457 642 3636 694 τοιοῦ-
3724 628 3725 635 “

2048 754 2158 791 των
2205 736 2411 791 ὑδάτων
2445 730 2578 788 εἶναι
2624 751 2755 804 φησι
2803 731 2872 785 τὰ
2923 731 3282 802 πληρώματα.
3317 731 3482 783 Ὅσαι
3518 731 3634 799 γάρ

2051 831 2185 883 εἰσιν
2215 827 2425 898 ἀρεταὶ,
2456 822 2719 886 τοσαύτας
2759 822 2866 892 χρὴ
2904 820 3002 884 τὰς
3033 820 3141 873 τῶν
3170 818 3483 886 καθαρσίων
3502 817 3632 871 ὑδά-

2048 938 2157 974 των
2191 918 2437 989 ἐννοῆσαι
2477 914 2678 987 πηγὰς,
2710 914 2778 967 δι’
2802 907 2875 966 ὧν
2900 914 2949 965 οἱ
2986 911 3251 981 ὀφθαλμοὶ
3278 910 3518 979 γίνονται
3542 909 3634 962 ἀεὶ

2051 1012 2256 1065 έαυτῶν
2277 1009 2682 1080 καθαρώτεροι·
2705 1002 2815 1059 οἷον
2838 1004 2988 1075 πηγὴ
3004 1003 3097 1057 τοῦ
3121 1002 3422 1073 καθαρσίου
3448 999 3635 1063 ὕδατός

2051 1103 2197 1155 ἐστιν
2250 1102 2284 1170 ἡ
2350 1096 2668 1167 σωφροσύνη
2689 1112 2703 1125 ·
2728 1093 2863 1163 ἄλλη
2892 1092 3041 1163 πηγὴ
3069 1091 3288 1160 τοιαύτη
3326 1093 3360 1161 ἡ
3384 1106 3639 1144 ταπεινο-

2053 1191 2329 1263 φροσύνῃ,
2348 1191 2382 1260 ἡ
2409 1190 2652 1259 ἀλήθεια,
2668 1188 2763 1242 καὶ
2789 1189 2822 1256 ἡ
2844 1185 3180 1254 δικαιοσύνη,
3204 1183 3299 1237 καὶ
3328 1186 3362 1253 ἡ
3393 1182 3636 1252 ἀνδρεία,

2052 1285 2144 1337 κα)⁸
2167 1285 2200 1353 ἡ
2229 1282 2321 1335 τοῦ
2356 1280 2560 1349 ἀγαθοῦ
2607 1278 2890 1348 ἐπιθυμία,
2924 1277 3017 1330 καὶ
3059 1274 3210 1346 ἡτοῦ
3255 1272 3432 1327 κακοῦ
3483 1271 3644 1326 ἀλλο·

2048 1374 2292 1444 τρίωσις.
2337 1371 2520 1425 Ταῦτα
2557 1373 2649 1423 καὶ
2682 1369 2750 1423 τὰ
2777 1366 2998 1422 τοιαῦτα
3036 1366 3205 1419 ὕδατά
3233 1367 3379 1418 ἐστιν
3412 1366 3479 1417 ἐκ
3510 1365 3643 1434 μιᾶς
3724 1365 3725 1401 δ

2057 1467 2156 1537 μὲν
2195 1465 2400 1535 πηγῆς,
2427 1463 2697 1533 διαφόρων
2724 1462 2781 1515 δὲ
2824 1460 3053 1532 ῥείθρων
3086 1460 3164 1522 εἰς
3192 1458 3249 1511 ἐν
3272 1457 3643 1528 ἀθροιζόμενα

2056 1558 2349 1629 πλήρωμα,
2407 1555 2472 1609 δι’
2519 1547 2593 1607 ὧν
2649 1554 2829 1623 πάσης
2859 1554 2921 1605 ἐκ
2977 1549 3180 1613 πάθους
3217 1549 3397 1620 λήμης
3430 1548 3642 1615 γίνεται

376 1626 498 1706 res.
520 1651 708 1720 copias
762 1626 891 1705 sunt
924 1626 1017 1705 villi
1069 1652 1235 1718 oculi,
1266 1626 1858 1723 qui-obintegritatem-
1887 1669 1952 1709 ac

2207 1626 2504 1716 ὀφθαλμοῖς
2533 1643 2601 1698 τὰ
2639 1642 2933 1713 καθάρσια.
2972 1640 3109 1694 Ἀλλ’
3156 1640 3262 1693 εἰσὶ
3316 1638 3413 1709 μὲν
3451 1637 3542 1690 ἐπὶ
3571 1637 3645 1690 τὰ

378 1742 781 1812 simplicitatem
816 1741 1086 1798 columbis
1134 1752 1556 1813 comparantur;
1592 1744 1949 1801 nihilominus

378 1835 657 1890 lavacrum
696 1849 885 1889 eorum
923 1835 1005 1890 lac
1040 1852 1161 1892 esse
1188 1836 1412 1902 dicitur,
1503 1836 1684 1892 verbis
1763 1838 1950 1894 hisce:

376 1925 585 1980 Ablutw
619 1926 771 1981 lacte.
836 1926 1183 1983 Conveniens
1240 1938 1417 1984 autem
1472 1929 1595 1985 laus
1639 1929 1954 2000 hujusmodi

383 2019 560 2074 oculis
597 2018 879 2084 tribuitur,
915 2034 1038 2074 cum
1086 2020 1228 2075 lacte
1286 2020 1540 2075 columba
1600 2022 1725 2076 talis
1783 2020 1951 2088 ablui,

375 2120 716 2181 venustaque
754 2111 903 2165 reddi
938 2119 1417 2167 commemoratur.
1444 2111 1578 2165 Nam
1613 2128 1736 2168 vere
1766 2114 1869 2167 hoc
1898 2115 1953 2166 in

378 2204 520 2259 lacte
540 2205 889 2259 observatum
920 2212 1038 2270 est,
1071 2206 1248 2259 solum
1280 2205 1421 2259 inter
1467 2205 1689 2259 humida
1714 2205 1957 2275 proprie-

378 2305 543 2352 tatem
576 2297 716 2352 hanc
762 2298 981 2361 habere,
1017 2295 1161 2365 quod
1203 2296 1256 2350 in
1287 2311 1353 2351 co
1377 2297 1580 2351 nullius
1605 2297 1681 2350 rei
1730 2296 1955 2350 simula-

379 2402 533 2443 crum
556 2401 621 2441 ac
648 2386 950 2442 similitudo
977 2389 1367 2456 conspiciatur.
1398 2386 1603 2441 Etenim
1656 2402 1745 2443 res
1766 2402 1956 2443 omnes

379 2462 501 2549 qua:
524 2479 757 2534 humidae
798 2487 1008 2533 naturae
1036 2487 1185 2542 sunt,
1226 2479 1292 2532 ad
1323 2478 1735 2533 similitudinem
1767 2495 1958 2550 specu-

296 2610 305 2616 -
379 2574 580 2637 lorum,
613 2573 683 2627 ob
718 2572 1027 2627 laevitatem
1082 2571 1411 2640 superﬂeiei,
1465 2570 1673 2625 faciunt
1705 2578 1762 2624 ut
1790 2571 1959 2642 inspi-

379 2665 641 2720 cientium
659 2664 820 2719 ineas
839 2662 1078 2717 vicissim
1124 2678 1186 2717 ex
1211 2663 1346 2735 ipsis
1371 2663 1635 2732 imagines
1658 2664 1955 2717 reluceant.

381 2756 439 2811 In
470 2756 587 2811 solo
646 2764 829 2808 autem
887 2753 1027 2807 lacte
1072 2752 1390 2822 hujusmodi
1420 2754 1837 2808 simulacrorum
1865 2770 1961 2809 ex-

380 2846 594 2915 pressio
628 2845 809 2899 locum
845 2860 955 2899 non
984 2844 1162 2899 habet.
1195 2843 1313 2909 Quo
1346 2846 1402 2897 lit
1448 2853 1507 2897 ut
1539 2844 1651 2899 haec
1677 2846 1958 2900 oculorum

2055 1738 2394 1811 πληρώματα
2414 1735 2522 1790 τῶν
2546 1734 2753 1788 ὑδάτων
2795 1734 2845 1785 οἱ
2875 1730 3162 1801 ὀφθαλμοὶ,
3192 1731 3240 1781 οἱ
3268 1729 3357 1781 διὰ
3388 1728 3489 1797 τῆς
3510 1727 3642 1780 ἀκε-

2058 1832 2335 1904 ραιότητος
2363 1826 2455 1883 καὶ
2482 1827 2717 1888 ἀκακίας
2743 1826 2861 1888 ταῖς
2894 1822 3239 1892 περιστεραῖς
3264 1818 3638 1889 ὡμοιωμένον

2055 1926 2277 1996 λουτρὸν
2302 1924 2357 1978 δὲ
2384 1923 2567 1983 αὐτοῖς
2594 1921 2656 1973 τὸ
2681 1914 2821 1988 γάλα
2849 1919 3032 1989 φησὶν,
3074 1915 3244 1978 οὕτως
3266 1913 3515 1976 εἰπόντος
3543 1912 3637 1965 τοῦ

2056 2020 2216 2088 λόγου
2237 2035 2249 2048 ·
2275 2019 2357 2070 ὅτι
2389 2012 2757 2082 Λελουμέναι
2784 2011 2853 2064 ἐν
2877 2009 3148 2080 γάλακτι.
3180 2006 3419 2078 Πρέπων
3450 2004 3505 2058 δὲ
3530 2007 3641 2066 τοῖς

2055 2111 2315 2173 τοιούτοις
2340 2108 2580 2179 ὄμμασιν
2596 2106 2816 2175 ἔπαινος
2840 2105 2899 2156 τὸ
2919 2101 2996 2172 τῷ
3019 2100 3247 2170 γάλακτι
3262 2099 3364 2168 τὴν
3383 2096 3641 2164 τοιαύτην

2058 2202 2384 2275 περιστερὰν
2432 2197 2725 2268 λουομένην
2782 2192 3190 2265 ἐνωραῒζεσθαι.
3258 2189 3495 2261 Ἀληθὴς
3534 2189 3642 2259 γάρ

2059 2298 2258 2367 ἐστινὴ
2290 2292 2383 2347 τοῦ
2413 2291 2680 2361 γάλακτος
2712 2287 3111 2359 παρατήρησις,
3165 2283 3249 2336 ὅτι
3289 2283 3458 2352 μόνον
3488 2279 3644 2334 τοῦτο

2058 2386 2311 2457 τοιαύτην
2345 2383 2454 2454 ἔχει
2482 2381 2577 2452 τὴν
2619 2380 2877 2449 ἰδιότητα,
2904 2377 2962 2429 τὸ
2992 2374 3066 2446 μὴ
3101 2370 3468 2453 ἐμφαίνεσθαι
3497 2370 3644 2441 αὑτῷ

2059 2478 2278 2533 εἴδωλόν
2299 2492 2439 2538 τινος
2465 2474 2558 2527 καὶ
2582 2470 2853 2542 ὁμοίωμα.
2884 2467 3073 2521 Πάντα
3093 2463 3200 2533 γάρ
3225 2463 3326 2516 ὅσα
3348 2463 3451 2531 τῆς
3472 2462 3646 2531 ὑγρᾶς
3724 2516 3725 2527 γ

2059 2569 2177 2621 ἐστι
2211 2566 2447 2636 φύσεως,
2478 2561 2601 2615 καθ’
2623 2559 2915 2631 ὁμοιότητα
2948 2556 3054 2608 τῶν
3085 2554 3409 2623 κατόπτρων
3443 2551 3535 2605 διὰ
3557 2550 3645 2603 τοῦ
3724 2584 3725 2595 ι

2058 2657 2202 2710 λείου
2247 2655 2347 2726 τῆς
2401 2648 2718 2720 ἐπιφανείας
2750 2647 2858 2701 τῶν
2898 2648 2956 2709 ἐς
2987 2643 3125 2697 αὐτὰ
3157 2642 3465 2713 βλεπόντων
3495 2644 3644 2696 ἀντι-

2062 2745 2345 2817 φαίνεσθαι
2369 2739 2773 2813 παρασκευάζει
2795 2737 2863 2790 τὰ
2905 2735 3245 2807 ὁμοιώματα.
3286 2734 3377 2786 Ἐν
3409 2733 3563 2803 μόνῳ
3594 2731 3645 2784 δὲ

2061 2841 2138 2911 τῷ
2175 2836 2471 2908 γάλακτιὴ
2513 2830 2733 2901 τοιαύτη
2792 2826 3133 2882 εἰδωλοποιῒα
3176 2824 3362 2895 χώραν
3389 2824 3491 2876 οὐκ
3511 2823 3643 2893 ἔχει.

273 2928 277 2933 ”
381 2911 729 2990 Εοοιοείωεὶι
776 2935 893 2990 laus
956 2933 1370 3003 perfectissima,
1424 2935 1568 3003 quod
1623 2936 1758 2991 nihil
1814 2935 1959 3006 quod

2113 2926 2143 2985 ὗ
2180 2930 2359 3002 χάριν,
2423 2923 2661 2985 τοιοῦτος
2694 2920 2800 2974 τῶν
2849 2918 2950 2988 τῆς
2998 2915 3323 2984 Ἐκκλησίας
3353 2911 3646 2984 ὀφθαλμῶν

383 3042 492 3080 non
526 3026 789 3080 subsistat
824 3026 879 3078 in
909 3040 1091 3079 rerum
1124 3031 1341 3088 natura,
1379 3024 1513 3077 nihil
1539 3040 1846 3092 erroneum,
1880 3027 1965 3081 ni-

379 3117 462 3171 hil
484 3131 682 3170 vanum
708 3124 903 3185 praeter
928 3116 1100 3184 ipsam
1133 3130 1317 3170 rerum
1344 3117 1651 3182 veritatem,
1675 3118 1821 3173 velut
1848 3134 1967 3172 um-

382 3207 565 3263 bratili
613 3207 848 3276 quodam
896 3206 1194 3261 simulacro
1248 3205 1624 3263 fraudulenter
1663 3225 1968 3280 repraesen-

384 3308 547 3383 tent:
592 3300 687 3355 sed
722 3299 1056 3371 ipsissimam
1100 3300 1381 3355 veritatem
1438 3301 1772 3367 intueantur,
1813 3317 1967 3358 erro-

386 3393 504 3448 neis
536 3394 701 3462 hujus
730 3393 854 3446 vitae
877 3391 1109 3461 spectris
1146 3400 1199 3446 et
1240 3393 1720 3463 imaginationibus
1754 3410 1963 3465 nequa-

386 3502 547 3558 quam
572 3486 851 3541 admissis.
884 3484 1176 3555 Propterea
1204 3486 1361 3541 lactis
1419 3486 1693 3541 lavacrum
1723 3487 1964 3557 perfecta

387 3581 502 3635 haec
530 3580 711 3633 anima
736 3588 945 3633 certum
974 3592 1096 3633 esse
1124 3578 1425 3633 remedium
1458 3579 1649 3634 statuit
1675 3578 1743 3632 ad
1777 3579 1966 3634 oculo-

387 3689 505 3728 rum
523 3673 837 3743 puritatem.

457 3787 589 3854 Quae
615 3801 778 3858 porro
808 3792 1114 3853 sequuntur
1151 3784 1337 3848 verba,
1374 3785 1533 3852 quasi
1577 3785 1665 3838 lex
1694 3783 1963 3853 quadam,

389 3879 751 3949 praescribunt
783 3873 1125 3930 auditoribus
1180 3873 1380 3941 quibus
1421 3874 1585 3928 rebus
1611 3873 1853 3928 studiose
1877 3874 1964 3926 in-

389 3970 522 4026 tenti
543 3984 666 4024 esse
686 3966 832 4022 oculi
880 3964 1130 4019 debeant.
1175 3962 1446 4028 Sedentes,
1470 3964 1667 4033 inquit,
1690 3965 1853 4034 juxta
1879 3980 1966 4017 co-

388 4065 503 4132 pias
536 4074 817 4131 aquarum.
843 4057 1114 4113 Nimirum
1147 4065 1463 4125 perpetuam
1491 4058 1638 4111 velut
1672 4057 1970 4121 assiduita-

2066 3028 2210 3079 ἐστιν
2238 3023 2266 3075 ὁ
2290 3018 2615 3079 τελεώτατος
2636 3014 2875 3075 ἔπαινος,
2902 3010 2964 3063 τὸ
2986 3008 3156 3081 μηδὲν
3187 3005 3567 3061 ἀνυπόστατόν
3591 3020 3645 3056 τε
3724 3008 3725 3065 ξ

2064 3116 2159 3170 καὶ
2196 3108 2610 3181 πεπλανημένον
2632 3105 2725 3159 καὶ
2757 3103 2982 3173 μάταιον
3025 3100 3179 3170 παρὰ
3205 3098 3303 3169 τὴν
3334 3097 3445 3150 τῶν
3478 3096 3646 3150 ὄντων

2065 3206 2320 3276 ἀλήθειαν
2361 3198 2712 3268 σκιογράφειν
2758 3195 2972 3255 ἑαυτοῖς
3001 3191 3067 3243 δι’
3115 3190 3357 3258 ἀπάτης,
3396 3187 3534 3242 ἀλλὰ
3558 3188 3648 3240 ,τὸν

2066 3299 2232 3359 ὅντως
2260 3295 2387 3347 ὅντα
2437 3291 2673 3362 βλέπειν,
2722 3284 2820 3350 τὰς
2867 3284 2925 3340 δὲ
2975 3281 3349 3354 ἡλητευμένας
3390 3281 3487 3333 τοῦ
3524 3279 3646 3351 τῇδε

2072 3390 2188 3461 βίου
2223 3386 2373 3456 ὀψεις
2405 3400 2465 3436 τε
2503 3381 2597 3434 καὶ
2643 3378 2940 3448 φαντασίας
2972 3376 3045 3447 μὴ
3080 3372 3506 3444 παραδέχεσθαι.
3556 3375 3648 3426 Διὰ

2069 3480 2228 3535 τοῦτο
2268 3475 2402 3546 πρὸς
2462 3472 2558 3541 τὴν
2590 3468 2937 3541 καθαρότητα
2966 3465 3075 3519 τῶν
3100 3464 3364 3535 ὀμμάτων
3416 3465 3524 3517 ὑπὸ
3558 3465 3648 3532 τῆς

2069 3570 2280 3632 τελείας
2346 3565 2524 3636 ψυχῆς
2573 3561 2633 3615 τὸ
2674 3560 2768 3614 τοῦ
2804 3559 3074 3631 γάλακτος
3120 3554 3344 3626 λουτρὸν
3406 3556 3645 3625 ἀσφαλὲς

2071 3662 2283 3734 ἐκρίθη.

2158 3778 2217 3829 '0
2247 3776 2291 3829 δ’
2330 3771 2524 3841 ἐφεξῆς
2553 3769 2726 3835 λόγος,
2758 3765 2920 3832 νόμος
2959 3760 3076 3814 ἐστὶ
3098 3762 3206 3822 τοῖς
3224 3760 3503 3826 ἐπαΐουσι,
3528 3758 3648 3828 περὶ

2073 3868 2110 3922 ἃ
2133 3867 2237 3938 χρὴ
2271 3864 2396 3926 τοὺς
2441 3858 2753 3929 ὀφθαλμοὺς
2791 3854 2886 3923 τὴν
2917 3851 3151 3921 σπουδὴν
3190 3850 3355 3921 ἔχειν.
3381 3850 3651 3919 [inﬁmis-

2072 3975 2172 4012 ’ναι
2204 3954 2334 4024 γὰρ,
2388 3951 2570 4021 φησὶν,
2596 3945 2694 4001 ἐπὶ
2725 3942 3085 4011 πληρώματα
3115 3939 3368 3995 ὑδάτων.
3406 3941 3522 4011 Τὴν
3552 3938 3649 4008 γὰρ

2074 4046 2297 4120 διηνεκῆ
2358 4039 2712 4115 προσεδρείαν
2763 4036 2863 4104 τῆς
2918 4033 3047 4103 περὶ
3096 4030 3163 4084 τὰ
3200 4030 3318 4085 θεῖα
3353 4030 3649 4120 μαθήματα

3489 158 3634 213 ίῦϐδ
3724 172 3725 181 ‘

390 4115 500 4210 tem
543 4115 855 4207 attentionis
918 4148 974 4201 in
1020 4147 1297 4203 discendis
1325 4148 1491 4204 rebus
1530 4148 1728 4204 divinis
1767 4156 1963 4204 nostra!

2113 4115 2348 4211 ;ροσοχῆς
2391 4137 2419 4186 ὁ
2447 4130 2684 4192 τοιοῦτος
2710 4125 3021 4181 ὑποτίθεται
3054 4123 3230 4191 λόγος,
3252 4121 3320 4174 δι’
3344 4115 3422 4176 ὧν
3446 4118 3651 4176 ἐπαινεῖ

391 4214 598 4301 dictum
622 4243 727 4297 hoc
752 4239 1003 4311 requirit,
1033 4238 1159 4293 dum
1184 4253 1349 4308 puros
1373 4239 1562 4292 oculos
1596 4238 1785 4293 laudat
1812 4256 1828 4293 :
1874 4238 1963 4292 do-

2113 4233 2204 4293 οὺς
2224 4226 2498 4297 ’καθαροὺς
2528 4217 2835 4292 ὀφθαλμούς
2854 4234 2867 4248 ’
2904 4217 2997 4270 καὶ
3017 4217 3166 4286 ἡμᾶς
3186 4214 3480 4278 διδάσκων,
3510 4214 3650 4311 ὅπως

393 4352 524 4394 cens
548 4334 768 4391 interim
789 4300 890 4388 nos
937 4347 1046 4402 quo
1097 4337 1258 4401 pacto
1288 4328 1750 4400 pulchritudinem
1778 4328 1963 4384 oculo-

2113 4341 2138 4377 ν
2169 4321 2230 4374 τὸ
2257 4319 2387 4372 ἴδιον
2408 4314 2605 4375 κάλλος
2648 4311 2756 4363 τῶν
2805 4306 3099 4378 ὀφθαλμῶν
3140 4303 3532 4374 ἁναλάὸοιμεν,
3572 4300 3650 4355 ἀεὶ

395 4445 518 4483 rum
558 4426 820 4495 consequi
848 4424 1145 4493 possimus,
1175 4414 1431 4476 nimirum
1456 4436 1737 4491 nunquam
1766 4436 1874 4476 non
1906 4421 1976 4476 ad

396 4532 660 4589 aquarum
718 4516 907 4586 copias
933 4515 1195 4569 sedendo.
1238 4513 1546 4569 Praesertim
1564 4528 1689 4568 cum
1719 4512 1878 4566 multi
1910 4527 1978 4568 ex

396 4613 465 4668 iis
493 4609 588 4680 qui
623 4609 907 4663 oculorum
934 4608 1112 4663 locum
1142 4608 1412 4671 obtinent,
1436 4607 1640 4661 omissa
1663 4604 1982 4674 hujusmodi

392 4704 567 4774 copiis
590 4715 854 4772 aquarum
878 4698 1157 4755 assidcndi
1182 4699 1461 4769 diligentia
1481 4738 1495 4760 ,
1529 4696 1599 4751 ad
1623 4696 1850 4752 ﬂumina
1881 4697 2001 4750 Ba-r

396 4795 612 4868 ltylouis
647 4793 948 4856 desideant,
989 4790 1249 4845 facientes
1274 4789 1327 4843 id
1363 4789 1506 4858 quod
1532 4788 1586 4841 in
1618 4788 1714 4842 Dei
1747 4800 1984 4858 persona

397 4891 455 4945 in
508 4885 819 4958 huiusmodi
859 4883 1171 4938 hominibus
1231 4881 1677 4952 reprehenditur.
1737 4877 1980 4950 Relique-

398 4989 522 5035 runl
553 4996 653 5042 me,
686 4976 884 5047 inquit,
915 4975 1115 5044 fontem
1150 4990 1302 5044 aqua:
1333 4974 1480 5041 vim,
1512 4990 1573 5027 ac
1604 4973 1849 5043 foderunt
1880 4968 1981 5025 sibi

398 5082 579 5140 puteos
618 5068 935 5139 perforatas,
971 5066 1061 5137 qui
1090 5082 1283 5135 aquam
1327 5066 1591 5120 continere
1629 5070 1884 5133 nequeunt
1907 5060 1972 5114 ¹⁸.

401 5163 589 5224 itaque
621 5160 885 5215 docemur
924 5159 1031 5213 hoc
1063 5156 1211 5212 dicto
1250 5157 1343 5227 qui
1369 5158 1486 5212 ﬁeri
1532 5156 1725 5210 oculus
1753 5151 1977 5224 pulcher

399 5253 593 5324 possit,
611 5260 670 5307 ut
689 5252 859 5307 decus
879 5250 1099 5320 aliquod
1121 5250 1319 5305 habeat
1340 5249 1673 5317 omninoque
1692 5242 1979 5302 conveniat

403 5354 571 5401 aureo
597 5342 762 5412 capiti
792 5359 808 5397 :
840 5342 1098 5397 nimirum
1126 5342 1173 5397 si
1207 5342 1329 5397 labe
1359 5350 1561 5405 careat,
1587 5340 1656 5395 ad
1671 5337 1979 5408 exemplum

402 5437 667 5491 columba:
683 5474 699 5498 ,
717 5444 770 5489 et
788 5437 960 5491 instar
977 5442 1184 5490 naturae
1206 5434 1363 5490 lactis
1385 5435 1453 5489 ab
1474 5433 1754 5490 erroribus
1770 5438 1824 5511 et
1840 5427 1988 5484 frau-

479 5611 521 5645 ¹¹
555 5607 756 5663 Jcrcm.
785 5624 845 5677 ιι,
877 5609 960 5662 ll”.

2073 4410 2515 4487 προσκαθήμενοι
2536 4405 2647 4466 τοῖς
2672 4400 2780 4455 τῶν
2798 4400 3004 4453 ὑδάτων
3026 4395 3385 4468 πληρώμασιν
3406 4393 3508 4458 ’ὡς
3593 4406 3649 4460 γε

2081 4505 2266 4562 πολλοὶ
2314 4500 2421 4555 τῶν
2452 4500 2529 4560 εἰς
2564 4492 2874 4565 ὀφθαλμοὺς
2891 4490 3239 4560 τεταγμένων
3266 4486 3649 4544 καταλιπόντες

2079 4599 2141 4654 τὸ
2156 4598 2264 4660 τοῖς
2285 4591 2541 4652 τοιούτοις
2562 4584 2889 4658 πληρώμασι
2925 4579 3323 4652 προσεδρεύειν,
3348 4581 3462 4640 τοῖς
3482 4576 3650 4630 Βαϐυο

2081 4690 2290 4751 λωνίοις
2336 4684 2596 4753 ποταμοῖς
2630 4675 3070 4747 παρακάθηνται,
3096 4669 3431 4745 πληροῦντες
3466 4669 3569 4740 τὴν
3594 4667 3648 4720 ἐκ

2082 4779 2489 4858 προσώπου.τοῦ
2510 4774 2644 4829 Θεοῦ
2660 4769 3029 4842 γεγενημένην
3055 4768 3148 4820 ἐπὶ
3169 4766 3276 4819 τῶν
3289 4765 3552 4819 τοιούτων
3568 4781 3650 4818 κα·

2079 4855 2359 4947 τηγορίαν.
2378 4868 2516 4939 Ἐμὲ
2536 4864 2929 4937 ἐγκατέλιπον
2949 4860 3151 4929 πηγὴν
3175 4858 3395 4924 ὓδατος
3421 4855 3646 4947 ζῶντος,

2079 4944 2175 5023 καὶ
2188 4944 2426 5034 ὤρυξαν
2435 4958 2668 5023 ἑαυτοῖς
2677 4954 2946 5019 λάκκους
2957 4944 3650 5019 συντετριμμένους,ἁώ

2080 5061 2369 5116 δύνανται
2402 5051 2689 5120 συνέχειν
2715 5046 2894 5113 ὕδωρ.
2921 5035 3270 5113 Μάθημαοῦν
3311 5040 3483 5102 ἐστιν,
3516 5039 3648 5094 ὅπως

2082 5153 2292 5223 γένοιτο
2338 5148 2403 5202 ἂν
2435 5144 2596 5205 καλὸς
2634 5137 2909 5209 ὀφθαλμὸς
2955 5133 3253 5223 ἐμπρέπων
3280 5147 3341 5223 τε
3375 5129 3473 5223 καὶ
3494 5131 3648 5223 ’ἐναρ-

2090 5219 2266 5314 μόζων
2311 5242 2375 5310 τῇ
2412 5236 2586 5309 χρυσῇ
2636 5229 2865 5298 κεφαλῇ,
2895 5226 2956 5279 τὸ
3005 5219 3143 5278 εἶναι
3184 5221 3346 5276 αὐτὸν
3405 5220 3647 5314 ἀκέραιον

2092 5305 2188 5410 μὲν
2221 5305 2490 5401 κατά-
2528 5320 2878 5397 περιστερὰν,
2917 5317 3128 5410 ἀπλανῆ
3167 5333 3228 5369 τε
3266 5314 3362 5410 ,ξαὶ
3389 5305 3645 5410 ἀῗεξᾳτεά.

2087 5403 2253 5501 τητον
2277 5423 2417 5479 κατὰ
2446 5419 2544 5474 τὴν
2572 5414 2666 5471 τοῦ
2693 5411 2963 5483 γάλακτος
2996 5407 3175 5474 φύσιν,
3208 5403 3452 5477 μηδεμιᾷ
3489 5404 3646 5468 πλάνη
