3756 5988
127 213 261 273 ιοθι
1098 206 1165 263 1N
1190 174 1506 261 .CAN'I‘ICA
1546 197 1667 257 car

1914 199 2142 257 unum
2176 202 2317 259 xw.
3247 192 3389 266 rosa

104 330 239 399 Δτῶν
267 327 659 384 ἀνυποστάτων
687 323 1184 398 φαντασιούμενον·
1215 326 1626 398 προσκαθῆσθαι
1657 326 1667 375 i

1914 336 1977 376 us
2000 323 2256 381 immunis
2279 324 2370 389 sit,
2389 338 2419 378 a
2445 323 2600 381 nullo
2627 337 2808 379 rerum
2840 339 2950 381 non
2972 324 3390 384 subsistentium

130 420 219 475 διὰ
246 419 574 491 παραμονῆς
601 418 697 474 καὶ
732 406 1087 490 προσεδρείας
1110 419 1223 481 τοῖς
1256 416 1667 489 πληρώμασιτᾶ

1914 429 2000 470 ore
2021 416 2215 471 illusus
2240 432 2254 483 ;
2278 416 2515 486 denique
2538 425 2856 472 constanter
2871 424 2924 473 et
2941 418 3161 475 assidue
3180 417 3390 476 divina-

134 509 292 564 θείων
359 509 590 573 ὑδάτων,
643 506 765 561 καθ’
799 506 1094 578 ὁμοιότητα
1128 506 1222 560 τοῦ
1250 507 1407 574 ξύλου
1435 507 1530 560 τοῦ
1562 523 1667 578 παρ

1914 523 1938 560 n
1959 523 2223 578 aquarum
2241 509 2416 578 copiis
2439 509 2699 574 assideat,
2714 510 2891 564 instar
2915 511 3042 579 ligni
3060 512 3203 581 quod
3222 526 3394 583 aqua—

132 601 230 665 τὰς
248 599 518 664 διεξόδους
542 599 650 653 τῶν
687 599 893 653 ὑδάτων
923 597 1331 669 πεφυτευμένου
1362 599 1529 653 καὶού
1560 599 1658 668 μεθ

1914 614 1937 652 [ι
1954 600 2018 653 ad
2036 601 2179 656 rivos
2194 602 2516 670 plantatum,
2530 616 2797 671 nusquam
2814 603 2932 657 loco
2949 619 3048 659 suo
3065 604 3390 679 dimpvelur.

136 694 432 765 σταμένου.
469 692 628 746 Οὕτω
664 691 773 763 γὰρ
815 690 901 745 ὅτε
945 692 1159 762 καρπὸς
1191 691 1283 745 ἐπὶ
1307 691 1400 744 τοῦ
1434 691 1564 745 ίδίου
1596 709 1667 745 κα

1933 692 2078 746 enim
2113 699 2167 746 et
2207 692 2421 748 fructus
2453 708 2552 748 suo
2584 704 2829 763 tempore
2851 694 3184 764 proferetur,
3223 702 3277 749 ct
3300 710 3391 751 ra-

136 784 234 855 ροῦ
264 785 724 857 προόληθήσεται,
749 786 845 840 καὶ
871 785 899 837 ό
928 783 1121 848 κλάδος
1149 785 1403 855 ἀειθαλὴς
1441 785 1667 855 φυλαχθι

1929 784 2204 853 eleganter
2227 785 2483 840 coloratis
2516 785 2659 840 foliis
2692 794 2954 855 perpetuo
2978 785 3232 842 ﬂorentes
3262 800 3395 841 con-

136 892 293 931 σεται
322 878 389 947 τῇ
425 875 649 947 εύχροίᾳ
681 875 790 929 τῶν
826 877 1040 947 φύλλων
1068 876 1545 947 περισοϐούμενος.
1581 877 1662 928 Νυ

1916 875 2208 942 vahuntur,
2267 891 2395 929 aura
2462 892 2558 930 eos
2608 877 3116 949 circumStrepente.
3151 878 3220 930 At
3250 891 3397 932 nunc

132 969 190 1024 δὲ
218 969 330 1023 τῶν
368 967 662 1039 ὀφθαλμῶν
689 968 798 1022 τῶν
835 970 1217 1041 πνευματικῶν
1264 969 1468 1023 τούτων
1512 970 1667 1024 ὑδάτο

1921 967 2076 1035 rique
2117 968 2260 1022 oculi
2299 967 2612 1037 spirituales
2649 970 2909 1039 neglectis
2940 971 3097 1039 aquis
3122 970 3294 1033 hisce,
3333 983 3398 1024 ac

132 1057 591 1129 καταμελοῦντες,
617 1058 711 1112 καὶ
734 1057 835 1128 τῆς
851 1057 945 1112 τοῦ
979 1060 1138 1128 λόγου
1169 1060 1524 1131 προσεδρείας
1547 1078 1667 1132 μικε

1914 1058 1977 1111 'vi
2018 1057 2282 1113 facientes
2323 1058 2699 1114 assiduitatem
2730 1060 2783 1114 in
2816 1061 2985 1116 verbo
3011 1061 3123 1127 Dei,
3156 1062 3241 1117 vel
3270 1076 3399 1117 ava—

132 1147 551 1221 φροντίζοντες,
581 1149 700 1220 ἦτοι
744 1149 835 1203 τὸν
886 1150 985 1220 τῆς
1038 1150 1470 1223 φιλοχρηματίας
1511 1153 1667 1205 ἐαυτο

1920 1165 1965 1203 az
1999 1148 2100 1203 sibi
2136 1150 2312 1203 lacum
2344 1150 2577 1215 fodiunt,
2609 1153 2690 1206 vel
2722 1151 2775 1205 in
2805 1167 2958 1206 vanae
2990 1153 3176 1223 gloria:
3203 1153 3399 1223 lapici~

130 1240 343 1294 λάκκον
378 1237 720 1312 ὀρύσσουσιν,
755 1238 788 1310 ἢ
831 1239 933 1311 τὴν
971 1240 1276 1306 κενοδοξίαν
1305 1241 1656 1313 λατομοῦσιν,

1918 1242 1964 1296 is
1985 1251 2291 1307 versantur,
2359 1244 2437 1297 vel
2488 1244 2541 1296 in
2585 1243 2852 1311 superbia:
2880 1252 3046 1312 puteo
3093 1243 3400 1300 eﬂ'odiendo
3432 1262 3444 1277 ⁸

130 1331 237 1402 τὴν
273 1329 652 1400 ὑπερηφανίαν
678 1330 1106 1401 φρεωρυχοῦσιν,
1128 1331 1160 1402 ἢ
1187 1331 1379 1397 ἄλλους
1406 1333 1559 1397 τινὰς
1591 1333 1667 1387 λάε

1916 1341 2094 1400 orant,
2123 1335 2207 1389 vel
2255 1335 2390 1389 alios
2434 1334 2668 1403 denique
2716 1335 2868 1390 lacus
2900 1337 3106 1391 erroris
3153 1336 3403 1393 studiose

131 1442 269 1488 κους
286 1424 507 1496 ἀπάτης
539 1426 655 1494 μετ’
690 1424 1005 1495 ἐπιμελείας
1028 1424 1369 1497 ὀρύσσουσιν,
1398 1428 1447 1480 οἳ
1483 1428 1667 1499 συνέχε

1924 1422 2059 1487 iunt,
2090 1438 2321 1492 quorum
2363 1433 2556 1477 natura
2597 1424 2679 1479 sic
2701 1433 3018 1493 comparata
3050 1438 3161 1481 non
3198 1437 3301 1490 est,
3343 1434 3403 1482 ut

132 1520 220 1582 εἰς
251 1517 315 1571 τὸ
344 1516 588 1587 διηνεκὲς
619 1516 681 1569 τὸ
708 1516 1138 1588 σπουδαζόμενον
1150 1519 1332 1582 αὐτοῖς
1355 1517 1519 1590 ὕδωρ,
1566 1521 1667 1590 φύσ

1918 1528 2023 1565 iam
2071 1514 2216 1567 illam
2262 1522 2545 1584 tantopere
2580 1524 2839 1583 perpetuo
2872 1517 3083 1585 possint
3110 1518 3403 1587 expetitam

133 1610 242 1664 οὐκ
270 1609 507 1680 ἔχουσιν,
541 1607 627 1663 ἀεὶ
656 1607 755 1680 τῆς
775 1602 879 1662 ὧδε
924 1609 1090 1680 τιμῆς
1120 1627 1201 1673 τε,
1241 1610 1335 1664 καὶ
1380 1610 1667 1666 δυναστεία

1914 1603 2347 1675 itinere,seinper
2370 1606 2532 1674 hujus
2548 1605 2671 1660 vitm
2696 1606 2921 1671 honore,
2935 1608 3197 1676 potentia,
3210 1608 3402 1677 gloria,

134 1700 236 1753 καὶ
269 1699 455 1768 δόξης,
489 1697 614 1769 περὶ
643 1698 709 1769 ην
739 1699 885 1751 ἐστιν
915 1700 947 1769 η
975 1699 1177 1770 σπουδὴ
1201 1703 1310 1764 τοῖς
1333 1701 1565 1766 πολλοῖς,
1588 1704 1667 1774 ὁμι

1914 1711 1963 1752 ιε
1990 1712 2078 1752 res
2103 1697 2329 1752 mirifice
2350 1697 2504 1752 multi
2528 1706 2805 1767 expetunt,
2841 1714 2949 1752 una
3000 1714 3123 1753 cum
3152 1706 3275 1754 ortu
3304 1714 3407 1755 suo

131 1792 219 1864 τῷ
271 1791 534 1860 συστῆναι
584 1789 962 1860 διαρρεούσης,
1004 1791 1097 1843 καὶ
1130 1792 1279 1845 οὐδὲν
1316 1791 1460 1862 ίχνος
1490 1794 1587 1865 τῆς
1622 1813 1726 1866 μα-

133 1879 302 1943 ταίας
338 1879 576 1948 σπουδῆς
629 1880 686 1932 ὲν
732 1881 844 1943 τοῖς
878 1881 1254 1952 ἠπατημένοις
1297 1884 1720 1956 καταλιπούσης.

135 1970 436 2034 Τοιούτους
488 1965 628 2024 εἶναι
688 1967 934 2039 βούλεται
972 1972 1100 2036 τοὺς
1128 1973 1371 2043 ὁρῶντας
1404 1992 1462 2027 τε
1494 1976 1585 2028 καὶ
1615 1977 1726 2028 ὲπι-

141 2063 486 2127 οχοποῦντας
527 2062 764 2131 όΛόγος,
791 2056 866 2116 ὧν
901 2063 1005 2135 χρὴ
1038 2065 1439 2136 προϐεϐλῆσθαι
1474 2068 1590 2137 μὲν,
1616 2062 1727 2120 οἷόν

134 2169 264 2208 τινα
304 2153 523 2225 ὀφρύων
563 2153 873 2225 περιϐολὴν,
903 2156 1000 2226 τὴν
1040 2155 1148 2209 τῶν
1187 2157 1347 2211 θείων
1383 2159 1728 2229 διδαγμάτων

137 2245 447 2315 ἀσφάλειαν
463 2262 475 2274 ·
499 2245 960 2321 ἐπικαλύπτεσθαι
975 2246 1031 2299 δὲ
1044 2250 1111 2319 τῇ
1139 2249 1458 2322 σωφροσύνῃ
1477 2250 1728 2324 καθάπερ

136 2339 249 2390 τινὶ
280 2336 569 2411 βλεφάρων
618 2337 877 2409 περιϐολῇ
925 2339 985 2391 τὸ
1025 2339 1263 2412 καθαρόν
1296 2358 1354 2394 τε
1388 2342 1482 2395 καὶ
1515 2342 1726 2397 στίλϐον

136 2428 242 2499 τῆς
258 2427 561 2491 πολιτείας,
588 2428 797 2499 μήποτε
817 2430 852 2499 η
868 2431 967 2500 τῆς
987 2430 1214 2499 οἰήσεως
1239 2430 1391 2495 δοκὸς
1415 2433 1728 2503 ἐμπεσοῦσα

137 2518 219 2589 τῷ
248 2516 483 2587 καθαρῷ
510 2516 611 2586 τῆς
654 2517 845 2589 κόρης,
899 2518 1149 2588 ἐμποδὼν
1186 2520 1412 2591 γένηται
1467 2522 1602 2591 πρὸς
1630 2522 1727 2593 τὴν

137 2614 353 2683 ὅρασιν.
384 2610 478 2673 Τίς
513 2610 570 2662 δὲ
603 2610 743 2664 κατὰ
789 2611 914 2674 τοὺς
944 2610 1255 2681 ὀφθαλμοὺς
1282 2611 1390 2664 τῶν
1426 2613 1600 2679 μελῶν
1633 2608 1726 2665 τοῦ

140 2704 385 2774 νυμφίου
414 2703 562 2755 ἐστὶν
588 2706 616 2756 ὁ
643 2703 880 2773 ἔπαινος,
902 2704 961 2755 ὲν
977 2706 1088 2767 τοῖς
1115 2702 1310 2775 ἐφεξῆς
1334 2704 1469 2757 Θεοῦ
1498 2698 1728 2767 διδόντος

143 2795 559 2867 ἐπελευσόμεθα
595 2811 610 2826 ·
675 2794 856 2865 χάριτι
921 2792 1016 2848 τοῦ
1074 2796 1280 2866 Κυρίου
1333 2796 1490 2866 ἡμῶν
1556 2796 1728 2867 Ἰησοῦ

143 2884 410 2957 Χριστοῦ,
425 2878 470 2953 ᾧ
488 2887 523 2956 ἡ
541 2883 668 2950 δόξα
691 2888 771 2949 εἰς
792 2888 915 2950 τοὺς
928 2888 1126 2952 αἰῶνας
1144 2889 1251 2942 τῶν
1275 2888 1502 2943 αἰώνων.
1535 2889 1725 2961 Ἀμήν.

751 2979 993 3032 ΟΜΙΛΙΑ
1024 2981 1121 3033 LV.
1373 2987 1381 3015 '

1825 1786 2226 1850 diflluentibus,
2258 1790 2579 1858 nullumque
2602 1789 2889 1857 vestigium
2918 1790 3096 1845 inanis
3125 1805 3305 1861 opera:
3348 1791 3404 1846 in

1825 1881 2069 1952 deceptis
2098 1882 2553 1952 relinquentibus.
2580 1881 2740 1937 Tales
2763 1899 2892 1953 ergo
2923 1884 3037 1937 vult
3063 1899 3186 1939 esse
3226 1885 3408 1955 inspe-

1826 1981 2008 2029 ctores
2035 1989 2099 2029 ac
2127 1974 2499 2044 speculatores
2520 1973 2611 2029 Dei
2640 1974 3139 2044 Verbum,quorum
3163 1976 3409 2046 superci-

1827 2065 1899 2119 lia
1929 2066 2165 2136 quodam
2200 2067 2341 2121 vallo
2386 2067 2595 2121 munita
2619 2067 2753 2129 sint,
2781 2066 3036 2121 nimirum
3098 2065 3408 2123 divinorum

1828 2158 2140 2226 dogmatum
2188 2156 2563 2212 certitudine:
2617 2158 2820 2227 quique.
2853 2167 3034 2228 tegant
3075 2158 3407 2224 humilitate,

1806 2236 1993 2306 'veluti
2025 2249 2258 2320 quodam
2287 2251 2670 2321 palpebrarum
2700 2252 2930 2321 ambitu,
2966 2252 3089 2307 vitae
3119 2268 3230 2308 suae
3260 2252 3411 2322 puri-

1820 2352 1997 2398 .tatem
2055 2359 2120 2398 ac
2151 2344 2518 2414 splendorem,
2553 2361 2623 2400 ne
2674 2345 2824 2419 trabs
2858 2347 3185 2416 arrogantia:
3229 2348 3286 2401 in
3319 2361 3412 2418 pu-

1833 2435 1979 2507 pillae
2006 2436 2300 2505 puritatem
2332 2435 2546 2506 illapsa,
2576 2436 2715 2492 visui
2752 2437 2821 2491 sit
2850 2436 3259 2506 impedimento.
3293 2436 3412 2492 Ca:-

1832 2536 2010 2584 terum
2065 2542 2187 2598 qua:
2232 2530 2354 2598 post
2409 2528 2599 2583 oculos
2642 2536 2965 2583 caeterorum
3017 2528 3204 2597 sponsi
3243 2542 3414 2582 mem-

1834 2621 2058 2676 brorum
2092 2622 2200 2676 sint
2250 2621 2523 2686 encomia,
2561 2621 2818 2690 deinceps
2861 2620 2973 2674 Deo
3002 2619 3163 2674 dante
3189 2634 3414 2691 percur-

1835 2732 2021 2771 remus
2087 2734 2100 2770 :
2171 2714 2335 2785 idque
2435 2730 2533 2784 per
2603 2716 2831 2784 gratiam
2932 2712 3145 2768 Domini
3237 2712 3415 2768 nostri

1835 2807 1963 2865 Jesu
1990 2808 2215 2875 Christi,
2247 2807 2335 2863 cui
2365 2817 2629 2863 aeternum,
2678 2807 2848 2878 gloria
2883 2806 3174 2862 tribuatur.
3219 2804 3413 2860 Amen.
3526 2820 3535 2825 ‘

2399 2988 2686 3045 HOMILIA
2715 2987 2851 3044 XIV‘

215 3067 507 3135 Σιαγόνες
534 3066 719 3122 αὐτοῦ
741 3068 821 3133 ὡς
846 3067 1054 3137 φιάλαι
1082 3068 1188 3123 τοῦ
1216 3069 1523 3141 ἀρώματος
1548 3074 1667 3142 φύο

1914 3080 2040 3136 ΕΜ».
2089 3098 2155 3146 v,
2195 3083 2230 3153 ᾗ
2260 3084 2350 3138 15.
2382 3080 2625 3136 Maxillw
2665 3083 2827 3150 ipsius
2868 3091 3121 3151 tanquam
3161 3082 3417 3137 aromatis

142 3172 251 3211 σαι
270 3157 595 3227 μυρεψικά.
618 3160 799 3226 Χείλη
828 3160 1015 3213 αὐτοῦ
1037 3160 1209 3228 κρίνα
1228 3161 1518 3223 στάζοντα
1546 3166 1734 3233 σμύρ-

143 3266 267 3303 ναν
307 3248 527 3317 πλήρη.
575 3249 777 3318 Χεῷες
809 3250 996 3305 αὐτοῦ
1018 3252 1287 3320 τορευταὶ
1310 3295 1323 3317 ,
1354 3255 1595 3322 χρυσαῖ,
1628 3269 1732 3309 πε-

146 3339 537 3409 πληρωμέναι
568 3343 837 3411 Θαρσεῖς.
872 3342 1084 3396 Κοιλία
1125 3345 1312 3398 αὑτοῦ
1354 3347 1576 3410 πυξίον
1601 3348 1734 3402 ἐλε-

146 3432 449 3501 φάντινον
476 3432 577 3487 ἐπὶ
616 3434 793 3487 λίθου
843 3436 1199 3503 Gange/pou.
1250 3437 1485 3506 Κνῆμαι
1549 3441 1736 3495 αὐτοῦ

146 3526 371 3578 στύλοι
409 3524 801 3594 μαρμάρινοι,
854 3529 1336 3598 τεθεμελιωμένοι
1383 3530 1481 3583 ἐπὶ
1515 3531 1738 3600 βάσεις

151 3614 413 3686 χρυσᾶς.
462 3614 641 3683 Εἶδος
673 3619 893 3683 αὐτοῦ,
934 3620 1014 3687 ὡς
1050 3622 1309 3687 Λίϐανος
1341 3622 1629 3690 ἐκλεκτὸς
1659 3625 1737 3690 ὡς

149 3706 375 3775 κέδροι.
431 3707 670 3779 Φὰρυγξ
696 3709 882 3765 αὐτοῦ
911 3714 1249 3781 γλυκασμοὶ
1290 3714 1390 3767 καὶ
1434 3714 1577 3781 ὅλος
1610 3716 1739 3769 ἐπις

150 3803 360 3872 θυμία.
403 3796 592 3869 Οὗτος
622 3802 945 3873 ἀδελφιδός
962 3823 1103 3874 μου,
1132 3806 1228 3860 καὶ
1267 3802 1444 3874 οὗτος
1472 3810 1742 3877 πλησίον

146 3910 293 3961 μου,
326 3892 648 3961 θυγατέρες
684 3892 1104 3964 Ἰερουσαλήμ.
1580 3896 1593 3907 ’

234 3985 298 4037 '0
324 3983 405 4053 τῷ
431 3984 605 4056 ἀδόλῳ
641 3984 876 4054 γάλακτι
905 3988 1121 4059 τρέφων
1146 3988 1207 4043 τὸ
1231 3974 1496 4061 νηπιάζον
1523 3992 1601 4047 ἔτι
1641 3997 1742 4067 τῆς

154 4075 543 4146 πνευματικῆς
589 4075 834 4146 ἡλικίας,
864 4080 1064 4151 τροφὸς
1109 4080 1291 4145 καθώς
1329 4101 1494 4155 φησιν
1528 4087 1689 4151 αὐτὸς
1715 4088 1743 4139 ὁ

167 4164 523 4230 ’Δι’-.όστολος,
546 4163 653 4218 τῶν
687 4168 988 4237 ἁρτιγενῶν
1011 4170 1069 4222 ἐν
1088 4173 1155 4241 τῇ
1204 4172 1497 4246 Ἐκκλησία
1526 4178 1744 4249 γινόμε-

155 4273 272 4320 νος·
293 4256 617 4327 ταμιεύεται
637 4257 727 4312 τὸν
747 4259 846 4329 τῆς
869 4261 1062 4329 σοφίας
1091 4262 1255 4345 ἄρτον
1278 4268 1391 4330 τοῖς
1411 4266 1744 4322 τελειωθεῖσι

155 4348 303 4411 κατὰ
328 4348 421 4403 τὸν
450 4348 559 4402 ἔσω
585 4349 890 4422 ἄνθρωπον,
929 4352 1117 4407 εἰπών·
1149 4357 1380 4424 Σοφίαν
1418 4354 1475 4410 δὲ
1519 4362 1744 4417 λαλοῦ-

156 4441 362 4507 {terer
393 4440 520 4507 τοῖς
555 4443 834 4510 τελείοις·
863 4442 912 4496 οἳ
939 4442 1025 4497 διὰ
1060 4446 1158 4516 τὴν
1190 4448 1299 4503 τῶν
1349 4451 1568 4519 ἀγαθῶν
1599 4454 1741 4509 διδα-

158 4528 393 4599 γμάτων
423 4529 535 4596 ἕξιν
578 4528 1002 4603 γεγυμνασμένα
1035 4533 1251 4605 ἔχοντες
1298 4538 1366 4592 τὰ
1412 4540 1743 4615 αἰσθητήρια

158 4621 260 4692 τῆς
277 4619 477 4695 ψυχῆς,
500 4620 592 4675 τοῦ
614 4623 781 4695 ἄρτου
805 4624 905 4696 τῆς
935 4626 1127 4696 σοφίας
1150 4629 1544 4701 εύπαράδεκτοι
1572 4633 1745 4703 γίνον-

160 4727 273 4774 ται,
305 4712 423 4774 τοῖς
452 4709 864 4769 λεπτοποιοῦσιν
893 4718 951 4771 ἐν
979 4719 1091 4782 τοῖς
1144 4718 1323 4775 ὀδοῦσι
1351 4722 1444 4777 τὸν
1464 4723 1743 4797 λογισμὸν,

166 4802 418 4871 σιαγόνος
440 4802 499 4866 ἐς
512 4805 719 4876 τροφὴν
736 4806 1147 4880 προσδεόμενον
1174 4814 1280 4885 χρὴ
1302 4815 1480 4872 τοίνυν
1502 4811 1749 4875 εἶναικαὶ

54 4936 63 4945 .
166 4895 426 4965 σιαγόνας
453 4896 509 4949 ἐν
532 4896 610 4968 τῷ
634 4896 848 4969 σώματι
869 4900 1103 4972 Χριστοῦ
1129 4907 1241 4970 τοῖς
1266 4909 1462 4979 μηκέτι
1485 4913 1752 4984 προσανέ-

162 5003 323 5058 χουσι
349 4990 416 5059 τῇ
442 4986 577 5060 θηλῇ
609 4987 701 5043 τοῦ
730 4991 936 5076 Λόγου·
980 4993 1095 5048 ἀλλ’
1126 4997 1225 5068 ἤδη
1251 4999 1352 5069 τῆς
1382 5004 1752 5076 στερεωτέρας

164 5079 445 5170 ἐφιέμενοι
461 5081 689 5170 τροφῆς,
718 5082 847 5153 περὶ
867 5075 944 5137 ὧν
963 5085 1059 5140 νῦν
1080 5090 1316 5143 ποιεῖται
1336 5090 1536 5166 λόγονῆ
1564 5075 1749 5170 νύμφη

163 5167 405 5237 λέγουσα
451 5168 653 5234 οὕτως’
715 5175 1001 5243 Σιαγόνες
1030 5176 1218 5234 αὐτοῦ
1266 5179 1346 5246 ὡς
1377 5182 1586 5251 φιάλαι
1639 5167 1753 5243 τοῦ

165 5258 478 5329 ὰρὼματος
500 5261 768 5330 φύουσαι
794 5267 1122 5336 μυρεψικά.
1165 5271 1239 5326 Τὸ
1275 5272 1372 5343 μὲν
1397 5269 1489 5329 οῦν
1521 5277 1750 5333 ἀκολού-

138 5349 280 5444 ’θως
312 5350 588 5444 ,ἔχεινήτὸν
633 5355 764 5427 περὶ
810 5356 918 5444 τῷν
968 5362 1232 5431 σιαγόνων
1281 5364 1436 5435 λόγον
1473 5374 1587 5435 τοῖς
1621 5374 1751 5444 περ)⁵

167 5440 262 5498 τὶν
297 5443 578 5517 ὀφθαλμὸν
608 5440 968 5520 θεωρηθεῖσι,
1006 5455 1169 5508 παντὶ
1210 5456 1369 5532 δῆλον
1414 5461 1480 5518 ἂν
1531 5463 1616 5536 εἴη

248 5617 289 5647 ¹³
327 5618 494 5678 Hebr.
541 5638 590 5693 ν,
623 5624 708 5678 i3.
787 5625 874 5680 "l
903 5627 1024 5684 Cor.
1068 5646 1128 5700 ιι,
1160 5632 1219 5690 6.

1778 4410 1824 4465 D

1834 3174 2047 3245 phiala).
2063 3190 2178 3246 quae
2193 3175 2468 3244 proferunt
2484 3184 2766 3244 unguenta.
2786 3173 2966 3236 Labra
2995 3173 3108 3242 ejus
3129 3183 3251 3226 sunt
3276 3174 3414 3238 lilia,

1835 3265 2159 3320 dislillantia
2186 3268 2457 3338 myrrham
2483 3266 2711 3320 uberem.
2750 3269 2836 3322 Η.
2871 3266 3061 3321 Manus
3086 3266 3233 3321 illius
3266 3267 3420 3321 torti-

1839 3357 1934 3423 les,
1953 3375 2148 3423 aurem,
2161 3360 2576 3428 pleanharsis.
2602 3360 2793 3415 Venter
2813 3361 2927 3428 ejus
2952 3361 3144 3415 tabella
3170 3361 3420 3425 eburnea,

1837 3450 1892 3503 in
1935 3449 2108 3517 lapide
2137 3450 2408 3518 sappliiro.
2462 3450 2547 3504 15.
2578 3447 2751 3503 Crura
2790 3450 2938 3502 illius
2985 3450 3245 3505 columna:
3277 3467 3423 3504 mar-

1839 3558 2050 3608 moreae,
2108 3542 2348 3611 fundatis
2407 3559 2561 3611 super
2609 3558 2799 3596 aureas
2850 3543 3022 3594 bases.
3084 3544 3169 3597 £6.
3210 3541 3422 3610 Species

1840 3634 2027 3703 ipsius,
2083 3643 2141 3687 ut
2194 3634 2387 3688 electus
2439 3632 2698 3695 Libanus,
2755 3643 2812 3686 ιιι
2856 3633 3018 3687 cedri.
3070 3633 3268 3687 Guttur
3305 3635 3421 3703 ejus

1841 3726 2062 3781 dulcedo
2094 3744 2156 3781 ac
2182 3728 2257 3780 nil
2282 3724 2387 3779 nisi
2418 3725 2737 3779 desiderium
2768 3734 2866 3779 est.
2916 3724 3018 3779 Ilio
3052 3735 3129 3779 est
3164 3736 3421 3797 cognatus

1843 3837 2010 3886 meus,
2041 3829 2090 3874 et
2119 3818 2205 3873 hic
2233 3819 2503 3889 proximus
2529 3835 2711 3892 meus,
2731 3819 2861 3888 ﬁlia?
2885 3816 3206 3872 Jerusalem.

1914 4002 2017 4070 Qui
2068 4003 2211 4058 lacte
2267 4002 2501 4073 simplici
2565 4002 2825 4071 puerilem
2884 4000 3062 4056 adhuc
3119 4001 3424 4072 spiritualis

1844 4096 2021 4151 aetatis
2072 4094 2417 4149 teneritatem
2455 4093 2551 4147 alit
2577 4095 2642 4158 η,
2682 4092 2973 4147 infantium
3012 4094 3101 4164 (ut
3134 4094 3427 4164 Apostolus

1847 4184 2116 4256 loquitur)
2158 4184 2214 4238 in
2243 4183 2487 4239 Ecclesia
2519 4185 2788 4249 nutritor,
2837 4184 2885 4239 is
2918 4198 3111 4255 panem
3146 4184 3427 4254 sapientia:

1848 4277 2105 4346 perfectis
2144 4275 2444 4332 secundum
2483 4275 2758 4329 hominem
2798 4276 3108 4329 interiorem
3159 4282 3423 4329 reservat.

1851 4366 1943 4423 Sic
1995 4368 2138 4423 enim
2190 4367 2393 4423 Paulus
2445 4368 2557 4421 ait:
2617 4366 2944 4435 Sapientiam
2985 4366 3250 4436 loquimur
3289 4368 3429 4421 inter

1850 4458 2106 4528 perfectos
2130 4459 2211 4505 ὀε
2253 4457 2512 4511 nimirum
2546 4456 2637 4524 qui
2672 4461 2896 4526 pmpter
2938 4454 3205 4521 habitum,
3265 4469 3427 4525 quem

1850 4549 1906 4604 in
1947 4549 2215 4605 audienda
2263 4549 2404 4603 bona
2456 4548 2707 4601 doctrina
2757 4555 2885 4603 sunt
2922 4549 3182 4611 assecuti,
3232 4563 3431 4605 sensus

1847 4641 2016 4696 animi
2046 4641 2374 4696 exercitatos
2404 4639 2639 4694 habent:
2679 4647 2737 4693 ut
2785 4640 2944 4695 facile
2985 4657 3177 4712 panem
3212 4642 3430 4711 sapien-

1856 4733 1944 4788 tia:
1981 4732 2225 4803 recipere
2278 4733 2513 4803 possint,
2575 4746 2699 4787 cum
2755 4730 2822 4785 ad
2866 4732 3117 4786 alendum
3171 4748 3311 4802 opus
3359 4732 3432 4787 sit

1853 4827 2020 4880 etiam
2049 4824 2289 4889 maxilla,
2326 4840 2445 4894 qua:
2465 4824 2942 4879 ratiocinationum
2969 4824 3223 4878 dentibus
3247 4824 3429 4879 cibum

1856 4915 2003 4971 hunc
2040 4917 2397 4972 comminuat.
2471 4915 2812 4999 QuaprOpter
2845 4924 2899 4969 et
2944 4915 3195 4969 maxillas
3226 4914 3279 4969 in
3311 4930 3433 4969 cor-

1852 5024 1985 5081 pore
2010 5008 2209 5063 Christi
2244 5025 2368 5065 csse
2395 5024 2622 5064 necesse
2656 5014 2740 5063 est
2789 5009 2855 5062 iis
2894 5006 2986 5077 qui
3028 5022 3135 5060 non
3195 5006 3437 5087 amplius

1855 5101 2069 5171 papilla:
2105 5098 2266 5155 Verbi
2304 5100 2603 5164 adhaerent,
2638 5099 2733 5154 sed
2758 5098 2940 5153 cibqu
2972 5099 3083 5167 jam
3114 5098 3431 5155 solidiorem

1855 5200 2137 5262 expetunt,
2173 5192 2241 5247 de
2271 5192 2472 5263 quibus
2503 5206 2650 5247 nunc
2677 5205 2879 5261 sponsa
2908 5191 3153 5261 loquitur
3191 5191 3244 5245 in
3281 5191 3435 5246 hisce

1857 5284 2073 5340 verbis:
2126 5282 2371 5338 Mamillio
2416 5284 2586 5353 ipsius
2637 5294 2891 5354 tanquam
2926 5284 3188 5338 aromatis
3235 5284 3433 5355 phiala:

1860 5393 1976 5447 quis
2004 5378 2278 5447 proterunt
2308 5384 2597 5446 unguenta.
2649 5375 2938 5431 Enimvero
2972 5392 3198 5447 poscere
3236 5377 3434 5434 seriem

1860 5466 2054 5538 ipsam,
2100 5477 2160 5525 ut
2197 5468 2264 5525 de
2294 5466 2531 5525 maxillis
2557 5467 2795 5538 dicatur,
2834 5469 3010 5526 oculis
3031 5468 3145 5542 jam
3185 5471 3431 5529 conside-
