3756 5988
385 175 520 234 1063

1613 165 1672 224 S.
1715 163 2042 224 GREGOBII
2075 160 2367 222 NYSSENI

3435 147 3441 153 '
3499 162 3638 220 ιυίῑι

379 295 538 361 ratis,
573 290 750 349 cuivis
780 307 902 348 esse
931 290 1278 363 perspicuum
1311 288 1568 356 arbitror,
1600 291 1692 361 qui
1723 293 1958 362 pruden-
1985 323 1997 351 λ

2065 288 2301 352 συνετῶς
2343 285 2606 340 ἐπαΐοντι.
2643 283 2740 340 Διὰ
2774 281 2932 337 τοῦτο
2972 281 3078 352 γὰρ
3108 281 3211 352 χρὴ
3241 279 3333 335 τὸν
3365 279 3642 352 ὀφθαλμοῗν

383 394 467 441 ter
512 386 629 459 haec
674 384 844 439 audit.
886 382 1020 437 Nam
1065 392 1348 454 propterea
1379 384 1539 438 debet
1576 383 1643 436 ad
1690 397 1955 452 aquarum

382 475 750 544 spiritualium
798 474 1011 544 c0piam
1063 473 1315 528 assidens
1349 474 1562 538 oculus,
1617 473 1819 527 erroris
1862 487 1959 527 ex-

381 572 534 632 perte
566 578 630 616 ac
675 563 900 616 minime
933 561 1281 617 fraudulento
1329 563 1468 618 lacte
1513 563 1705 626 lavari,
1761 563 1956 618 similis

383 652 561 707 factus
595 651 863 705 columba:
890 651 1144 720 simplici,
1185 659 1245 705 ut
1275 666 1498 705 suorum
1533 651 1796 704 bonorum
1827 665 1955 719 par-

383 743 578 812 ticipes
609 742 799 796 reddat
828 757 1020 796 omnes
1076 744 1167 812 qui
1207 745 1272 795 ad
1308 741 1566 796 Ecclesia:
1595 757 1794 810 corpus
1835 756 1958 808 per-

381 836 576 888 tinent.
614 833 689 886 Ea
729 835 794 888 de
825 848 990 888 causa
1025 850 1253 902 magnus
1310 835 1472 886 etiam
1509 832 1675 888 Isaias
1703 851 1826 888 eum
1864 837 1955 905 qui

381 927 490 980 vita
524 942 620 982 sua
649 927 760 995 jam
794 927 1080 981 sublimem
1109 927 1162 979 in
1195 937 1429 980 montem
1464 928 1767 982 ascenderit
1810 930 1957 983 clara

380 1034 514 1072 voce
550 1019 787 1072 clamare
813 1017 987 1087 jubet,
1027 1026 1087 1071 ut
1127 1033 1188 1071 ex
1227 1019 1344 1087 ipso
1377 1028 1712 1087 cognoscant
1741 1020 1956 1074 audito-

383 1123 470 1162 res
523 1107 906 1162 adventantem
960 1121 1082 1160 cum
1140 1106 1333 1160 robore
1373 1104 1679 1170 Dominum,
1718 1113 1772 1159 et
1823 1105 1955 1160 illud

381 1199 559 1268 ipsum
597 1198 881 1252 brachium
945 1195 1088 1266 quod
1118 1210 1240 1250 cum
1288 1203 1556 1265 potestate
1587 1204 1785 1252 creatis
1821 1211 1958 1265 prae-

380 1297 464 1344 est
502 1295 858 1358 cognoscant,
912 1302 1034 1342 eum
1071 1287 1163 1356 qui
1201 1303 1414 1357 gregem
1451 1290 1644 1358 pascit,
1693 1300 1748 1343 et
1786 1301 1957 1358 agnos

379 1382 606 1450 colligit,
661 1395 725 1434 ac
755 1395 852 1450 per
887 1394 1012 1448 spes
1050 1379 1222 1433 bonas
1255 1381 1471 1449 egregie
1531 1379 1668 1435 fetas
1715 1379 1957 1434 oviculas

381 1476 721 1534 consolatur,
753 1473 846 1542 qui
873 1473 1052 1542 palmo
1097 1474 1296 1527 coelum
1329 1473 1730 1542 complectitur,
1761 1485 1814 1527 et
1843 1481 1955 1527 ter-

380 1581 496 1620 ram
548 1563 860 1618 universam
910 1577 1093 1632 pugno
1131 1563 1500 1633 constringit:
1563 1563 1764 1631 quibus
1819 1562 1958 1617 adde

379 1663 576 1710 cratera
637 1668 976 1723 qurecuuque
1029 1653 1166 1707 liber
1214 1653 1301 1707 hic
1345 1653 1622 1722 propheta:
1696 1661 1957 1723 praeterea

377 1753 769 1802 commemorat
805 1745 878 1798 illi
914 1744 1258 1814 praedicanda
1316 1745 1409 1814 qui
1453 1745 1656 1799 montis
1698 1746 1956 1800 verticem

377 1836 780 1892 conscenderit.
828 1835 1010 1900 Quare
1045 1836 1089 1890 si
1141 1850 1260 1890 eam
1302 1835 1476 1906 ipsam
1518 1836 1587 1890 ob
1616 1850 1838 1891 causam
1875 1836 1957 1892 vis

377 1940 645 1996 aquarum
676 1934 731 1980 et
766 1925 922 1979 lactis
959 1926 1227 1995 contingit
1266 1925 1443 1980 oculis
1479 1925 1545 1978 ad
1586 1926 1832 1982 veritatis
1863 1942 1956 1982 co-

375 2018 699 2088 gnitionem,
748 2024 896 2072 recte
943 2025 1109 2085 atque
1150 2017 1343 2071 ordine
1383 2017 1683 2071 secundum
1712 2033 1807 2074 eos
1836 2034 1956 2072 ma-

351 2109 518 2163 .xillae
551 2109 867 2171 laudantur,
919 2122 1151 2177 quarum
1201 2123 1400 2162 munus
1433 2119 1517 2164 est
1561 2111 1954 2164 nutrimentum

374 2201 769 2264 comminuere,
815 2215 924 2270 quo
971 2199 1221 2270 corporis
1262 2201 1344 2256 vis
1373 2215 1438 2254 ac
1476 2208 1672 2254 natura
1734 2215 1958 2258 conser-

375 2301 556 2346 vatur.

1988 1625 2032 1684 Β

1982 2309 2016 2318 κ

453 2383 748 2439 Videamus
774 2399 904 2455 ergo
938 2398 1172 2454 quanam
1200 2385 1254 2439 in
1283 2399 1343 2440 re
1377 2383 1481 2440 sita
1511 2384 1584 2439 sit
1613 2385 1953 2440 maxillarum
1986 2439 1997 2445 _

374 2476 518 2530 laus.
547 2474 847 2530 Audiamus
891 2474 1062 2545 ipsam
1107 2489 1388 2545 sponsam,
1424 2477 1732 2546 cujusmodi
1775 2475 1842 2530 de
1874 2477 1953 2533 eis

374 2574 786 2623 commemoret.
855 2566 1099 2621 Maxilla:
1159 2569 1326 2637 ipsius
1390 2577 1642 2638 tanquam
1700 2571 1954 2623 aromatis

372 2659 588 2728 phialaz,
623 2675 739 2728 qua'
761 2659 1036 2727 proferunt
1061 2667 1352 2728 unguenta.
1377 2658 1588 2722 Quibus
1618 2657 1672 2711 in
1703 2659 1880 2714 verbis
1905 2660 1953 2714 si

374 2752 584 2820 species
639 2751 730 2804 illa
786 2750 1108 2820 poculorum
1168 2748 1352 2818 patula
1393 2763 1488 2819 per
1537 2748 1951 2818 appellationem

373 2842 570 2912 phialae
603 2839 962 2912 signiﬁcatur,
993 2855 1113 2910 quae
1151 2839 1222 2894 ita
1251 2838 1496 2894 confecta
1533 2848 1637 2906 est,
1676 2849 1736 2893 ut
1773 2841 1952 2897 omnis

2055 381 2133 452 τῷ
2182 380 2509 451 πληρώματι
2561 377 2672 431 τῶν
2735 375 3122 448 πνευματικῶν
3185 375 3396 428 ὑδάτων
3469 391 3631 446 προσ.

2056 471 2342 544 εδρεύοντα
2367 471 2444 542 τῷ
2468 470 2698 524 ἀπλανεῖ
2715 487 2774 522 τε
2797 469 2893 522 καὶ
2908 466 3080 538 ἀδόλῳ
3095 463 3347 520 λούεσθαι
3369 465 3602 533 γάλακτι
3619 505 3635 531 ,

2055 567 2119 634 τῇ
2169 562 2363 632 ἀκάκῳ
2429 561 2725 632 περιστερᾷ
2779 558 3154 628 ὁμοιούμενον,
3203 557 3294 610 ἵνα
3346 556 3636 618 κοινωνοὺς

2057 659 2254 727 ποιήσῃ
2287 655 2395 708 τῶν
2441 655 2584 708 ἰδίων
2633 652 2852 720 ἀγαθῶν
2881 652 3090 714 πάντας
3133 650 3259 712 τοὺς
3300 650 3357 712 ἐς
3385 649 3445 702 τὸ
3476 649 3635 718 σῶμα

2058 744 2442 808 συντελοῦντας
2478 745 2576 812 τῆς
2606 737 2952 812 Ἐκκλησίας.
2991 733 3066 794 Ub
3090 740 3248 811 χάριν
3276 740 3371 793 καὶ
3403 741 3431 792 6
3462 738 3633 808 μέγας

2071 835 2332 898 Ἡσαΐας,
2366 835 2458 887 τὸν
2501 833 2592 885 ἐπὶ
2633 833 2694 885 τὸ
2739 833 2865 902 ὅρος
2905 831 2963 884 τὸ
3011 831 3212 900 ὑψηλὸν
3247 830 3519 882 ἀναϐάντα
3545 830 3632 882 δια

2057 925 2157 995 τῆς
2193 924 2466 987 πολιτείας
2511 922 2638 994 βοᾷν
2677 922 3049 975 διακελεύεται
3095 922 3326 992 λαμπρᾷ
3355 924 3422 991 τῇ
3459 923 3628 990 φωνῇ,

2059 1014 2201 1068 ὥστε
2244 1016 2444 1082 γνῶναι
2485 1013 2552 1066 δι’
2601 1011 2766 1066 αὑτοῦ
2814 1013 2940 1075 τοὺς
2985 1013 3312 1074 ἀκούοντας,
3350 1012 3444 1063 τὸν
3494 1014 3631 1081 μετὰ

2064 1106 2246 1176 ἰσχύος
2287 1107 2578 1177 ἐρχόμενον
2606 1104 2830 1177 Κύριον,
2867 1105 2960 1157 καὶ
2993 1103 3082 1156 τὸν
3119 1102 3501 1168 ἐξουσιάζοντα
3527 1103 3634 1155 τῶν

2056 1198 2223 1252 ὅντων
2255 1197 2510 1269 βραχίονα
2529 1237 2543 1262 ,
2577 1196 2665 1249 τὸν
2690 1196 3043 1266 ποιμαίνοντα
3062 1195 3122 1248 τὸ
3155 1195 3403 1264 ποίμνιον
3433 1195 3598 1248 αὑτοῦ
3617 1235 3631 1258 ,

2057 1291 2304 1353 καὶτοὺς
2332 1291 2502 1360 ἄρνας
2535 1288 2836 1355 συνάγοντα
2860 1327 2875 1351 ,
2907 1288 3002 1340 καὶ
3039 1287 3136 1350 τὰς
3170 1287 3356 1350 καλῶς
3403 1287 3494 1339 διὰ
3526 1288 3636 1338 τῶν

2058 1380 2278 1444 ἀγαθῶν
2334 1380 2564 1432 ἐλπίδων
2623 1378 2997 1449 κυοφορούσας
3051 1377 3503 1447 παρακαλοῦντα,
3549 1377 3636 1429 τὸν

2057 1473 2367 1541 διειληφότα
2415 1471 2508 1524 τὸν
2550 1472 2779 1543 οὐρανὸν
2833 1471 3077 1541 σπιθαμῇ
3095 1509 3121 1538 ,_
3169 1470 3263 1522 καὶ
3309 1472 3492 1524 πᾶσαν
3542 1470 3640 1540 τὴν

2059 1565 2161 1635 γῆν
2186 1563 2347 1635 δρακὶ
2367 1563 2796 1635 περισφίγγοντα
2819 1579 2830 1592 ·
2864 1563 2958 1616 καὶ
2981 1563 3081 1614 ὅσα
3111 1560 3243 1614 ἄλλα
3269 1560 3407 1633 πρὸς
3429 1561 3640 1623 τούτοις

2057 1657 2089 1725 ή
2147 1654 2454 1725 προφητεία
2503 1654 2636 1722 φησὶ
2679 1653 2788 1706 δεῖν
2843 1652 2990 1723 παρά
3026 1651 3120 1706 τοῦ
3172 1654 3272 1724 τῆς
3324 1653 3639 1724 ἀκρωρείας

2059 1745 2448 1814 ἐπιϐεϐηκότος
2492 1746 2886 1820 κηρύσσεσθαι.
2940 1746 3003 1798 Ei
3050 1745 3228 1799 τοίνυν
3278 1745 3373 1798 ἐπὶ
3434 1745 3639 1799 τούτων

2057 1838 2263 1906 γίνεται
2305 1841 2417 1900 τοῖς
2451 1837 2751 1907 ὀφθαλμοῖς
2783 1838 2817 1908 ἡ
2862 1838 2927 1890 ἐκ
2953 1836 3062 1890 τῶν
3093 1836 3300 1889 ὑδάτων
3328 1853 3388 1888 τε
3420 1838 3520 1889 καὶ
3548 1835 3638 1888 cui}

2057 1929 2324 1996 γάλακτος
2347 1929 2573 2000 δύναμις
2605 1929 2744 2000 πρὸς
2773 1928 2872 2000 τὴν
2897 1929 2997 1998 τῆς
3028 1927 3284 1997 ἀληθείας
3314 1927 3634 1998 ἐπίγνωσιν,

2057 2022 2363 2087 ἀκολούθως
2404 2022 2748 2078 ἐπαινοῦνται
2796 2021 2911 2093 μετ’
2959 2022 3202 2084 ἐκείνους
3245 2021 3302 2074 αἱ
3353 2022 3633 2090 σιαγόνες.

2055 2103 2128 2164 ὧν
2163 2111 2322 2182 ἔργον
2349 2113 2465 2166 ἐστὶ
2492 2097 2915 2167 τδλεπτοποιεῖν
2939 2111 3036 2183 τὴν
3061 2111 3270 2184 τροφὴν
3302 2111 3370 2164 δι’
3393 2107 3464 2184 ἧς
3490 2114 3524 2183 ή
3550 2111 3634 2166 τοῦ

2059 2202 2310 2274 σώματος
2339 2205 2684 2274 συντηρεῖται
2708 2202 2868 2273 φύσις
2903 2204 2996 2256 καὶ
3028 2203 3280 2274 δύναμις.

2133 2387 2361 2459 Ἵδωμεν
2387 2387 2564 2441 τοίνυν
2586 2387 2643 2441 ἐν
2669 2387 2776 2440 τίνι
2797 2387 2906 2440 τῶν
2943 2387 3205 2455 σιαγόνων
3226 2387 3375 2440 ἐστὶν
3411 2389 3443 2440 6
3483 2387 3630 2440 ἔπαι-

2056 2499 2144 2545 νος
2172 2481 2358 2551 αὑτῆς.
2403 2481 2746 2552 Ἀκούσωμεν
2776 2481 2876 2551 τῆς
2904 2479 3140 2552 νύμφης,
3171 2475 3259 2534 οἷα
3288 2480 3420 2552 περὶ⁸
3455 2481 3630 2534 αὑτῶν

2056 2575 2408 2647 διεξέρχεται.
2461 2575 2745 2643 Σιαγόνες
2786 2572 3008 2637 αὑτοῦ,
3057 2572 3253 2641 φησὶν,
3291 2573 3373 2638 ὡς
3423 2575 3630 2641 φιάλαι

2053 2668 2160 2722 τοῦ
2191 2667 2526 2736 ἁρώμαεος,
2561 2665 2826 2734 scaevam
2857 2662 3181 2732 μυρεψικά.
3212 2663 3274 2715 Εἰ
3305 2663 3368 2716 τὸ
3393 2663 3631 2734 διηπλωο

2058 2760 2218 2831 μένον
2269 2757 2375 2811 τῶν
2427 2755 2772 2826 ἐκπωμάτων
2811 2749 2951 2817 εἶδος
2996 2756 3024 2807 6
3055 2753 3212 2822 λόγος
3261 2754 3523 2824 σημαίνει
3563 2754 3632 2824 τῷ

2054 2853 2153 2922 τῆς
2190 2851 2386 2921 φιάλης
2422 2849 2676 2918 ὀνόματι,
2708 2849 2766 2900 ἐν
2794 2839 2838 2914 ᾧ
2881 2845 3174 2900 κλέπτεται
3207 2846 3292 2899 διὰ
3331 2846 3432 2916 τῆς
3466 2865 3632 2901 κατα-

375 2932 693 2988 concavitas
725 2932 885 3001 quasi
927 2929 1114 2984 furtim
1146 2945 1269 2986 sese
1292 2931 1561 2992 subducat
1594 2931 1792 2998 oculis,
1825 2946 1949 2985 cum
1979 2966 1997 3024 ‹

2065 2945 2254 3013 σκευῆς
2307 2943 2339 3013 ή
2387 2939 2670 3010 κοιλότης,
2727 2937 2848 2991 οὔτε
2905 2937 3045 3006 ἄγαν
3109 2937 3480 3009 βαθυνομένου
3550 2937 3629 2992 τοῦ

376 3025 547 3095 ﬁgura
591 3023 710 3091 ejus
754 3037 862 3077 non
905 3023 1068 3077 nimis
1120 3021 1388 3092 profunda
1427 3022 1518 3086 sit,
1573 3037 1750 3092 neque
1789 3037 1848 3078 se
1896 3024 1952 3077 in

373 3123 582 3169 rectum
616 3114 770 3182 quasi
814 3113 1115 3181 resupinet,
1153 3126 1261 3165 non
1303 3119 1558 3167 accurate
1585 3128 1824 3168 concava
1866 3115 1946 3169 vi-

373 3204 587 3266 deatur,
614 3218 789 3272 neque
819 3205 978 3272 plana
1008 3220 1023 3270 ;
1066 3203 1110 3258 si
1146 3218 1276 3273 ergo
1303 3204 1462 3257 talem
1493 3205 1810 3274 poculorum
1837 3221 1954 3275 spe-

374 3296 515 3350 ciem
547 3310 750 3364 sponsa
786 3311 882 3365 per
910 3295 1142 3364 phialam
1177 3295 1461 3364 intelligit:
1501 3297 1758 3350 nimirum
1792 3312 1956 3366 pecu-

374 3385 531 3440 liaris
562 3383 808 3454 quaedam
839 3385 941 3438 erit
969 3387 1125 3446 ratio,
1158 3386 1507 3456 quamobrem
1551 3386 1618 3440 ab
1650 3387 1750 3440 hac
1783 3387 1952 3457 ﬁgura

375 3478 612 3531 maxillas
647 3477 958 3532 laudentur.
1007 3475 1141 3530 Nam
1187 3479 1367 3533 dicere
1417 3481 1616 3549 poterit
1657 3480 1951 3551 quispiam,

375 3570 430 3625 in
461 3571 847 3641 prmdieatione
876 3571 1241 3640 simplicitatis
1271 3571 1535 3626 doctrina:
1561 3574 1717 3642 quasi
1759 3573 1954 3642 patula:

374 3662 706 3732 minimeque
737 3661 1099 3717 fraudulenta:
1157 3664 1486 3718 mentionem
1520 3665 1716 3733 phialae
1753 3664 1950 3720 factam

374 3768 530 3808 esse:
573 3755 627 3806 in
673 3767 780 3823 qua
821 3754 981 3807 vetita
1014 3751 1357 3823 profunditas
1396 3769 1422 3805 a
1455 3753 1725 3823 PrOpheta
1775 3755 1952 3808 locum

377 3843 577 3898 habere
610 3860 717 3897 non
756 3851 955 3913 potest,
986 3858 1107 3896 cum
1139 3845 1241 3897 ait:
1280 3843 1485 3912 Eripiat
1519 3843 1586 3897 ab
1620 3845 1683 3898 iis
1714 3845 1802 3914 qui
1833 3845 1985 3898 oden

375 3945 498 3990 runt
532 3953 631 4000 me,
674 3945 722 3989 et
761 3951 826 3990 ea:
851 3937 1002 4004 aquis
1031 3936 1308 4004 profundis
1335 3937 1400 3990 ²¹.
1435 3936 1620 4006 Itaque
1649 3936 1949 4001 veritatem,

375 4044 497 4099 qua:
522 4030 574 4081 in
604 4029 955 4097 simplicitate
993 4030 1243 4098 patescit,
1265 4029 1473 4098 absque
1488 4026 1952 4084 ultal‘raudulenta

375 4120 738 4184 concavitate,
786 4135 880 4189 per
907 4134 1094 4174 vocem
1139 4120 1332 4190 phiala:
1365 4120 1658 4190 signiﬁcari
1691 4122 1950 4184 dicimus,

375 4209 536 4278 cujus
584 4207 801 4278 quidem
850 4208 1107 4262 materies
1155 4207 1225 4263 sit
1273 4222 1478 4274 aroma,
1532 4225 1730 4264 munus
1772 4215 1949 4264 autem

2058 3034 2363 3102 σχήματος,
2407 3029 2530 3084 οὔτε
2579 3029 2646 3081 δι’
2674 3027 2890 3090 εὐθείας
2924 3027 3358 3092 ἐξυπτιάζοντος,
3389 3029 3469 3093 ὡς
3501 3031 3627 3100 μήτε

2053 3122 2232 3176 κοῖλον
2256 3119 2496 3192 ἀκριϐῶς
2529 3115 2667 3172 εἶναι
2700 3117 2875 3171 δοκεῖν
2895 3156 2908 3180 ,
2949 3119 3086 3188 μήτε
3115 3118 3371 3171 ἐπίπεδον
3394 3131 3406 3142 °
3444 3122 3496 3172 εἰ
3522 3119 3625 3171 τοί-

2053 3231 2148 3268 νυν
2195 3213 2256 3266 τδ
2287 3212 2527 3265 τοιοῦτον
2569 3209 2706 3273 εἶδος
2750 3209 3094 3262 ὑποδείκνυσι
3124 3209 3210 3262 διὰ
3241 3208 3342 3278 τῆς
3373 3208 3573 3278 φιάλης
3602 3210 3630 3277 ἡ

2053 3305 2239 3376 νύμφη
2259 3319 2273 3334 ’
2325 3302 2453 3355 ἴδιον
2486 3301 2551 3354 ἂν
2580 3300 2692 3371 ἔχοι
2729 3300 2886 3367 λόγον
2915 3300 2979 3352 ὲκ
3007 3299 3096 3352 τοῦ
3134 3299 3412 3369 σχήματος
3446 3300 3628 3352 τούτου

2051 3397 2160 3448 τῶν
2194 3393 2455 3462 σιαγόνων
2476 3394 2503 3445 ὁ
2534 3387 2963 3455 ἕπαινος.Ἐί’ποι
2994 3389 3101 3460 γὰρ
3129 3391 3193 3443 ἄν
3223 3407 3306 3453 τις
3343 3389 3406 3442 τὸ
3430 3391 3627 3444 ἁπλοῦν

2052 3505 2112 3542 τε
2169 3487 2262 3540 καὶ
2305 3483 2678 3556 διηπλωμένον
2731 3483 2824 3537 καὶ
2887 3481 3070 3536 ἄδολον
3120 3480 3219 3551 τῆς
3279 3481 3631 3544 διδασκαλίας

2057 3577 2342 3632 ἐπαινέσαι
2384 3576 2474 3629 τὸν
2517 3575 2672 3642 λόγον
2706 3571 3024 3643 βουλόμενον
3057 3572 3277 3642 μνήμην
3306 3574 3408 3643 τῆς
3439 3573 3628 3642 φιάλης

2054 3668 2409 3741 ποιήσασθαι·
2457 3667 2514 3718 ἐν
2553 3658 2598 3733 ᾧ
2627 3663 2686 3717 τὸ
2733 3661 3180 3732 ἀπηγορευμένον
3220 3661 3324 3715 ὑπὸ
3363 3661 3462 3715 τοῦ
3494 3663 3624 3734 Προ-

2055 3760 2225 3828 φήτου
2275 3755 2436 3827 βάθος
2493 3755 2752 3824 συστῆναι
2800 3751 2858 3804 οὑ
2903 3751 3154 3818 δύναται,
3199 3750 3294 3804 τοῦ
3351 3752 3621 3810 εἰπόντος’

2066 3850 2386 3917 Ῥυσθειήν
2416 3847 2483 3900 ἐκ
2520 3845 2639 3899 τῶν
2655 3845 2998 3914 μισούντων
3021 3844 3118 3913 μὲ,
3151 3843 3248 3897 καὶ
3275 3845 3344 3898 ἐκ
3372 3844 3497 3898 τῶν
3519 3845 3625 3910 ,Βα-

2053 3943 2204 3998 θέων·
2229 3941 2346 3994 τῶν
2377 3937 2628 3993 ὑδάτων.
2659 3935 2768 4006 Τὴν
2796 3930 2886 3987 οὖν
2914 3937 2969 3987 ἐν
3007 3933 3267 4005 ἁπλότητι
3296 3936 3624 4007 φαινομένην

2053 4036 2308 4108 ἀληθειαν
2345 4031 2466 4102 δίχα
2513 4030 2656 4094 τινὸς
2697 4029 2918 4100 δολερᾶς
2961 4028 3273 4098 κοιλότητός
3322 4047 3510 4100 φαμεν
3545 4030 3622 4084 διὰ

2053 4125 2145 4180 τοῦ
2185 4125 2445 4194 ὀνόματος
2482 4121 2582 4191 τῆς
2626 4120 2820 4189 φιάλης
2856 4119 3247 4188 σημαίνεσθαι,
3292 4113 3361 4190 ἧς
3391 4121 3494 4194 ὑλη
3533 4119 3622 4191 μέν

2054 4219 2170 4270 ἐστι
2201 4196 2259 4269 τδ
2303 4216 2529 4286 άρωμα·
2576 4212 2735 4283 ἔργον
2767 4212 2826 4264 δὲ
2867 4211 2928 4264 τὸ
2973 4210 3128 4280 φύειν
3165 4211 3469 4282 μυρεψικά.
3506 4215 3619 4266 Σιασ

377 4301 620 4372 proferre
646 4308 944 4370 unguenta.
973 4299 1203 4355 Maxime
1235 4301 1427 4372 ipsius,
1465 4303 1663 4373 inquit,
1692 4313 1946 4373 tanquam
1982 4329 1997 4383 1

2065 4306 2208 4374 γόνες
2236 4305 2345 4376 γὰρ
2399 4300 2562 4356 αὑτοῦ
2613 4302 2685 4366 ὡς
2719 4301 2904 4370 φιάλαι
2948 4300 3041 4353 τοῦ
3071 4300 3396 4371 ἀρώματος,
3429 4304 3531 4356 οὑκ
3568 4302 3616 4366 ἐξ

268 4380 278 4391 ’
376 4393 641 4448 aromatis
672 4392 886 4462 phialas,
930 4407 1040 4447 non
1087 4409 1154 4448 ex
1191 4402 1415 4466 argento
1453 4393 1626 4459 factae,
1675 4396 1760 4450 vel
1795 4409 1949 4457 auro,

383 4484 460 4539 vel
495 4485 658 4550 vitro,
699 4485 781 4538 vel
810 4485 916 4540 alia
942 4486 1196 4555 quapiam
1224 4486 1535 4557 hujusmodi
1575 4487 1821 4552 materie,
1857 4485 1949 4542 sed

377 4577 499 4646 ipso
531 4591 599 4630 ex
629 4585 893 4642 aromate,
928 4577 1073 4646 quod
1111 4578 1202 4632 illa
1239 4578 1479 4648 proferat
1518 4577 1584 4633 de
1622 4578 1820 4648 quibus
1851 4594 1952 4632 un-

375 4675 576 4739 guenta
613 4674 894 4736 parantur.
922 4668 1099 4738 Atque
1127 4684 1193 4723 ex
1226 4670 1310 4722 his
1341 4671 1453 4739 jam
1478 4669 1624 4722 haud
1665 4667 1830 4722 dubie
1853 4667 1953 4722 ho-

378 4773 504 4814 rum
551 4758 841 4812 verborum
886 4759 1154 4814 sententia
1205 4759 1490 4828 perspicua
1523 4764 1636 4814 est:
1690 4758 1948 4812 nimirum

375 4864 498 4905 esse
532 4850 812 4920 proprium
845 4848 998 4918 puris
1022 4848 1280 4904 Ecclesia:
1313 4848 1509 4912 oculis,
1543 4854 1603 4901 ut
1632 4848 1793 4902 talem
1828 4863 1950 4902 cor-

376 4940 493 5012 pori
518 4940 701 4994 cibum
727 4946 1055 5009 praeparent,
1081 4953 1177 5008 per
1203 4937 1454 4992 maxillas
1474 4937 1878 4992 comminuendi
1899 4937 1947 4992 vi

377 5031 663 5102 praeditas,
697 5045 807 5100 quo
833 5029 967 5083 nihil
994 5027 1320 5098 profundum
1349 5045 1412 5082 ac
1444 5030 1615 5083 latens
1647 5029 1700 5083 in
1738 5029 1804 5084 iis
1828 5043 1948 5099 quas

376 5123 636 5177 dicuntur
665 5120 1056 5188 conspiciatur,
1100 5119 1192 5174 sed
1234 5119 1416 5172 omnia
1452 5120 1562 5173 sint
1592 5119 1852 5184 dilucida,
1885 5118 1947 5172 Ii-

376 5213 525 5279 bcra,
558 5211 628 5267 ab
665 5211 810 5264 omni
843 5210 1189 5264 fraudulenta
1215 5211 1580 5265 occultatione
1615 5226 1676 5264 ac
1716 5209 1946 5280 profun-

377 5304 545 5357 (litate
571 5312 842 5372 separata,
877 5303 948 5356 ita
990 5311 1048 5356 ut
1076 5303 1259 5372 pueris
1287 5303 1449 5358 etiam
1491 5301 1779 5357 manifesta
1812 5304 1942 5365 sint,

382 5395 832 5462 quemadmodum
864 5400 1026 5455 Vales
1058 5396 1150 5462 ait,
1209 5395 1588 5455 Testimonium
1626 5393 1838 5448 Domini
1869 5401 1946 5447 est

449 5569 490 5602 “
529 5567 672 5622 Psal.
696 5582 887 5638 vam,
917 5569 1002 5624 15.

2054 4397 2294 4469 ἀργύρου
2342 4395 2654 4465 γενόμεναι,
2683 4392 2715 4462 ῆ
2747 4389 2948 4463 χρυσοῦ
2968 4431 2982 4454 ,
3013 4391 3046 4461 ἢ
3075 4391 3249 4457 ὑέλου,
3283 4393 3316 4465 ἡ
3343 4411 3491 4458 τινος
3517 4393 3617 4446 ἐτέο

2057 4504 2154 4557 ρας
2189 4485 2318 4556 ὑλης
2347 4482 2602 4553 τοιαύτης
2621 4523 2636 4547 ,
2667 4480 2781 4535 ἀλλ’
2814 4479 2979 4532 αὑτοῦ
3012 4477 3105 4532 τοῦ
3135 4479 3430 4551 άρώματος
3461 4482 3617 4538 ταῦτα

2053 4578 2111 4644 ἐξ
2145 4575 2326 4631 αὑτῶν
2365 4573 2604 4643 φύουσα,
2652 4573 2720 4625 δι’
2745 4564 2821 4626 ὧν
2851 4569 2921 4624 τὰ
2960 4570 3104 4642 μύρα
3137 4574 3615 4640 κατασκευάζεται.

2053 4667 2237 4740 Σαφὴς
2283 4667 2339 4720 δὲ
2381 4665 2597 4728 πάντως
2645 4664 2793 4717 ἐστὶν
2834 4665 2868 4734 ἡ
2915 4661 3006 4716 διὰ
3033 4662 3140 4715 τῶν
3183 4663 3616 4734 είρημένωνιοτς

2057 4761 2239 4832 ῥητοῖς
2280 4758 2492 4820 τούτοις
2542 4753 2952 4825 ἐνθεωρουμένη
2991 4751 3225 4818 διάνοια,
3255 4755 3336 4807 ὅτι
3369 4755 3483 4809 τῶν
3531 4771 3615 4808 κα-

2055 4847 2235 4922 θαρῶν
2266 4847 2365 4918 τῆς
2424 4842 2750 4914 Ἐκκλησίας
2789 4841 3050 4912 ὀμμάτων
3079 4843 3200 4896 ἐστὶ
3236 4843 3494 4916 τοιαύτην
3522 4859 3610 4896 πα-

2057 4937 2415 5014 ρασκευάζειν
2457 4934 2534 5005 τῷ
2579 4934 2790 5004 σώματι
2823 4931 2919 5003 τὴν
2958 4933 3184 5004 τροφὴν,
3235 4937 3300 5004 τῇ
3350 4933 3613 5002 λειαντικῇ

2053 5031 2161 5085 τῶν
2196 5032 2458 5097 σιαγόνων
2490 5027 2736 5096 δυνάμει,
2767 5025 2843 5087 ὼς
2875 5024 3041 5096 μηδὲν
3077 5024 3211 5095 βαθύ
3244 5043 3304 5078 τε
3334 5028 3434 5080 καὶ
3462 5027 3613 5080 ὑπουο

2050 5123 2139 5176 λον
2173 5124 2230 5175 ἐν
2276 5124 2387 5184 τοῖς
2434 5119 2751 5189 λεγομένοις
2798 5117 3062 5188 ὁρᾶσθαι’
3117 5117 3232 5170 ἀλλ’
3267 5113 3408 5171 εἶναι
3452 5118 3611 5171 πάντα

2051 5215 2295 5288 τηλαυγῆ
2332 5231 2391 5266 τε
2435 5215 2529 5267 καὶ
2562 5211 2854 5281 ἐλεύθερα,
2890 5210 2983 5262 καὶ
3005 5207 3206 5281 ’πάσης
3236 5210 3462 5280 δολερᾶς
3508 5211 3609 5263 ἐπι-

2053 5302 2299 5374 κρύψως
2324 5302 2415 5355 καὶ
2445 5299 2740 5370 βαθύτητος
2768 5299 3173 5370 κεχωρισμέναο
3205 5301 3279 5363 ὡς
3302 5302 3396 5354 καὶ
3415 5298 3608 5370 νηπίοις

2052 5389 2188 5449 εἶναι
2223 5393 2529 5464 κατάδηλα,
2561 5390 2743 5455 καθώς
2787 5408 2950 5463 φησιν
2978 5394 3005 5446 ὁ
3030 5391 3316 5464 Προφήτης
3338 5410 3352 5426 ·
3402 5393 3462 5448 Ἡ
3481 5407 3608 5463 ,ψιμ-
