3730 5980
48 246 201 309 1965

1096 252 1160 310 IN
1191 245 1489 316 CAN'H'CA
1529 254 1799 314 CANTIC.
1835 244 2124 313 HOMILIA
2164 247 2302 310 XIV.

3185 254 3321 311 £066

49 386 72 421 τ
96 372 237 437 opta
285 367 511 437 Κυρίου
558 360 780 436 πιστὴ,
832 366 1166 437 σοφίζονσα
1198 371 1419 438 νήπια·
1470 372 1510 439 ἡ
1547 371 1642 424 ὲν-

1823 368 1921 431 ele,
1972 384 2034 421 ac
2065 384 2254 437 pueros
2287 365 2480 430 erudit,
2506 316 2827 433 .prmrptum
2869 362 3086 419 Domini
3122 364 3320 423 diluet:

51 456 211 525 τονιὴ
252 460 477 526 Κυρίου
509 456 851 526 τηλαυγὴς,
891 455 1227 526 φωτίζουσα
1273 458 1640 527 ὀφθαλμούς.

55 551 123 603 Εἰ
168 548 280 619 γὰρ
311 548 561 602 τοιαῦται
593 544 704 601 εἷεν
749 549 804 602 αἱ
843 548 1032 618 φιάλαι
1060 548 1155 603 τοῦ
1197 550 1368 619 Λόγου
1389 593 1404 615 ,
1432 549 1533 602 οὐκ
1579 551 1645 602 ὲκ

50 642 161 712 τῆς
207 640 405 710 γηῖνης
435 638 567 709 ῦλης
588 638 830 709 δηλονότι
865 640 1248 711 συστήσονταιο
1307 637 1425 691 ἀλλ’
1453 640 1518 690 ὲκ
1549 638 1643 692 τοῦ

50 731 361 801 ἀρώματος
394 728 548 783 ἔσται
579 732 613 801 ἡ
647 729 840 800 φύσις·
871 729 1079 784 ἐκείνου
1114 729 1259 798 λέγω
1292 728 1385 782 τοῦ
1418 727 1646 801 ἀρώμα-

57 840 175 888 τος,
208 822 238 875 6
263 822 406 893 ὑπὲρ
426 820 605 876 πάντα
631 820 700 875 τά
728 821 997 893 ἀρώματά
1023 820 1197 892 φησιν’
1215 816 1353 874 εἶναι
1381 823 1415 891 ἡ
1438 821 1646 892 νύμφη,

50 917 122 967 ἐν
165 917 278 977 τοῖς
325 913 627 985 προοιμίοις
666 910 761 968 τοῦ
809 915 1106 985 ’ᾼσματος.
1155 912 1392 991 Τοιαύτη
1422 912 1586 984 φιάλη
1620 914 1648 967 6

62 1005 280 1081 Παῦλος
313 1002 413 1074 ἦν,
443 1008 472 1060 6
515 1006 591 1077 μὴ
636 1006 693 1058 ὲν
732 1005 1037 1075 πανουργίᾳ
1067 1004 1158 1057 τὸν
1192 1005 1370 1081 λόγρν,
1412 1004 1548 1057 ἀλλὰ
1578 1007 1646 1074 τῇ

60 1096 374 1168 φανερώσει
405 1096 505 1166 τῆς
551 1094 804 1165 ἀληθείας
850 1094 1042 1150 ἑαυτὸν
1089 1096 1437 1149 συνιστάνων.
1493 1090 1566 1150 Οῦ
1613 1098 1653 1166 ἡ

61 1190 165 1259 ὕλη
192 1190 256 1242 τὸ
272 1191 339 1243 ἐκ
357 1190 460 1260 γῆς
487 1184 627 1243 εἶναι
647 1187 898 1254 ἀπέθετο,
920 1187 1011 1256 ἀφ’
1039 1181 1100 1241 οῦ
1119 1186 1207 1240 διὰ
1226 1188 1319 1241 τοῦ
1340 1187 1648 1258 βαπτισμοῦ

56 1284 163 1343 τας
200 1279 429 1343 λεπίδας
474 1278 582 1332 τῶν
609 1276 903 1348 ὀφθαλμῶν
947 1279 1014 1347 τῇ
1049 1277 1213 1348 σαρκὶ
1248 1275 1645 1332 συνατιέόαλενο

58 1372 178 1426 ἀλλ’
210 1375 278 1426 ἐκ
310 1371 405 1425 τοῦ
431 1369 781 1433 εὐπνοοῦντος
806 1368 1097 1441 ἀρώματος
1125 1366 1523 1438 ἀνεσκευάσθη,
1554 1366 1646 1420 τοῦ

56 1462 224 1529 ἁγίου
254 1460 575 1529 Πνεύματος
616 1458 805 1513 τέκνον
849 1458 1158 1528 γενόμενος.
1208 1459 1305 1520 Ὃς
1347 1457 1531 1527 ἐπειδὴ
1564 1455 1650 1510 διὰ

52 1553 163 1621 τῆς
195 1550 740 1622 τοιαύτηςχαλκείας
767 1549 994 1621 ἐκλογῆς
1021 1547 1213 1612 σκεῦος
1241 1547 1647 1619 κατεσκευάσθη

58 1643 207 1712 πρὸς
220 1643 324 1714 τὴν
345 1643 609 1712 οίνοχοῖαν
633 1640 728 1694 τοῦ
757 1639 913 1709 λόγου
944 1640 1106 1710 φιάλη
1132 1640 1440 1709 γενόμενος,
1464 1638 1649 1693 οὐκέτι

1748 460 1896 524 dum,
1926 461 2094 515 oculis
2129 460 2295 514 lucem
2321 458 2545 528 amarem
2570 459 2635 511 ²¹.
2676 457 2943 510 Nimirum
2978 457 3023 512 si
3053 458 3188 513 tales
3208 459 3319 514 sint

1750 549 1912 606 Verbi
1942 551 2161 621 phialae,
2192 550 2339 604 haud
2363 549 2526 604 dubie
2563 563 2672 603 non
2696 563 2772 602 et
2802 547 2911 601 ulla
2955 556 3169 604 terrena
3202 567 3319 605 ωδε

1748 640 1884 695 terie
1908 639 2169 696 confecta:
2200 647 2384 707 erunt,
2435 638 2530 695 sed
2560 639 2664 693 erit
2690 653 2754 692 ex
2797 645 3040 693 aromate
3074 640 3314 709 ipsarum

1747 737 1967 796 natura,
1997 731 2091 784 illo
2123 729 2344 799 inquam
2379 740 2643 792 aromate,
2674 727 2819 798 quod
2847 728 3111 784 excellere
3137 731 3317 785 omnia

1749 828 1993 873 aromata
2050 820 2249 874 cantici
2305 817 2469 888 hujus
2526 819 2685 873 initio
2731 833 2931 888 sponsa
2972 819 3128 874 dicit.
3171 819 3320 878 Talis

1750 911 1932 982 phiala
1955 910 2159 967 Paulus
2192 920 2334 977 erat,
2381 911 2471 981 qui
2502 926 2607 964 non
2650 926 2744 979 per
2776 910 3048 965 vafritiem
3094 911 3322 967 fraudua

1750 1003 1925 1059 lenter
1952 1003 2206 1068 docebat,
2249 1002 2343 1057 sed
2377 1010 2565 1072 aperta
2599 1001 2826 1056 veritate
2862 1002 3104 1072 seipsum
3135 1004 3318 1058 omni;

1751 1095 1855 1151 bus
1904 1095 2188 1165 probabat.
2239 1093 2411 1164 Cujus
2454 1092 2706 1149 materies
2749 1093 3035 1162 abjiciehat
3069 1103 3317 1149 naturam

1750 1195 2088 1254 terrestrem,
2120 1201 2187 1240 ex
2205 1200 2315 1256 quo
2343 1201 2439 1255 per
2456 1185 2793 1255 baptismum
2826 1184 3011 1239 carnis
3036 1188 3318 1241 oculorum

1750 1292 2007 1348 squamas
2079 1277 2332 1348 deposuit
2373 1278 2453 1344 ’³,
2506 1291 2571 1330 ac
2623 1258 2796 1332 factus
2849 1275 3086 1347 Spiritus
3143 1279 3319 1332 sancti

1751 1371 1917 1434 filius,
1958 1386 2023 1426 ex
2064 1370 2325 1440 fragranti
2363 1377 2605 1424 aromate
2647 1370 2713 1424 de
2744 1370 2954 1440 integro
2984 1370 3321 1425 instauratus

1751 1460 1874 1517 fuit.
1909 1460 2055 1539 idem
2098 1471 2452 1532 posteaquam
2485 1461 2540 1515 in
2570 1460 2665 1516 tali
2701 1460 2914 1517 oflicina
2955 1463 3188 1517 electum
3228 1479 3322 1520 vas

1751 1554 1930 1609 factus
1955 1563 2060 1619 est,
2093 1563 2146 1609 et
2176 1554 2394 1624 quidem
2425 1552 2629 1623 phiala,
2660 1569 2755 1623 per
2785 1568 2947 1623 quam
2979 1556 3203 1609 verbum
3238 1557 3324 1611 di-

1750 1647 1937 1701 vinum
1973 1645 2376 1716 propiuaretur,
2442 1661 2550 1700 non
2602 1644 2837 1714 amplius
2872 1645 3106 1701 hominis
3157 1625 3321 1701 ullius

53 1733 261 1805 χρείαν
304 1733 460 1803 ἔσχεν
501 1730 812 1804 ἀνθρώπου,
848 1731 947 1802 τὴν
987 1730 1188 1799 γνῶσιν
1228 1729 1375 1800 αύτῷ
1402 1729 1510 1784 τῶν
1544 1738 1642 1801 ’μυ-

1823 1736 1896 1791 uit
1929 1752 2118 1808 opera,
2169 1738 2262 1808 qui
2309 1737 2692 1807 mysteriorum
2734 1737 2783 1793 ei
2834 1738 3199 1808 cognitionem
3241 1741 3325 1794 in-

56 1825 317 1897 στηρίων
355 1824 669 1894 ἐγχέοντος·
703 1825 762 1876 οὐ
802 1823 912 1892 γὰρ
949 1821 1312 1893 προσανέθετο
1349 1822 1512 1892 σαρκὶ
1553 1822 1648 1874 καὶ

56 1918 270 1986 αἵματι
292 1933 308 1947 υ
354 1916 470 1970 ἀλλ’
499 1915 661 1977 αὐτὸς
692 1913 854 1983 ἔφυεν
880 1915 937 1966 ὲν
969 1912 1152 1984 ἑαυτῷ
1179 1913 1271 1967 καὶ
1304 1913 1531 1984 ἀνέὸρυε
1559 1914 1650 1968 τὸν

50 2006 214 2061 ’θεῖον
238 2008 425 2071 ποτὸν,
454 2007 543 2061 διὰ
567 2007 664 2077 τῆς
687 2005 785 2059 ’τοῦ
816 2003 1051 2077 Χριστοῦ
1083 1990 1308 2068 εὐωδίας
1335 2005 1406 2059 τὰ
1432 2006 1651 2060 ποικίλα

56 2099 175 2153 τῶν
223 2098 437 2169 ἀρετῶν
487 2097 622 2169 ἄνθη
676 2096 932 2169 μυρεψῶν
988 2098 1101 2159 τοῖς
1140 2095 1459 2162 ἀκούουσιν,
1508 2098 1649 2152 ὥστε

58 2189 213 2244 κατά
251 2189 351 2263 τὰς
397 2187 661 2258 διαφοράς
694 2203 753 2239 τε
780 2187 873 2240 καὶ
914 2186 1181 2259 ἰδιότητας
1208 2187 1314 2241 τῶν
1344 2187 1650 2258 δεχομένων

56 2282 162 2336 τὸν
214 2280 403 2348 λόγον,
457 2278 790 2348 κατάλληλον
837 2276 1185 2349 εὑρίσκεσθαι
1221 2278 1357 2348 πρὸς
1399 2279 1497 2348 τὴν
1554 2280 1648 2334 τοῦ

60 2370 366 2441 ζητοῦντος
404 2371 601 2439 -χρείαν
646 2369 708 2422 τὸ
757 2368 954 2440 ἅρωμα
1003 2372 1117 2432 τοῖς
1181 2368 1489 2434 Ἰουδαίοις,
1539 2373 1650 2435 τοίς

62 2462 327 2532 "En-qm,
359 2462 478 2522 ταῖς
505 2457 739 2527 γυναιξὶ,
768 2460 880 2521 τοῖς
912 2457 1159 2529 ἀνδράσι,
1192 2460 1305 2521 τοῖς
1341 2458 1651 2525 δεσπόταις,

59 2554 183 2615 τοῖς
214 2551 442 2614 δούλοις,
470 2553 581 2614 τοῖς
610 2550 847 2618 γονεῦσι,
878 2553 989 2613 τοῖς
1012 2551 1242 2616 τέκνοις,
1273 2548 1386 2612 τοῖς
1407 2550 1648 2621 ἀνόμοις,

59 2646 182 2705 τοῖς
206 2642 313 2695 ὑπὸ
340 2643 524 2712 νόμον.
551 2643 760 2705 Ὄντως
784 2641 932 2712 αὐτῷ
956 2641 1238 2713 πολυειδὴς
1261 2638 1329 2713 ἦν
1351 2640 1442 2696 διὰ
1471 2641 1653 2712 πάσης

62 2734 279 2803 ἀρετῆς
322 2732 641 2802 κεκραμένη
670 2733 769 2802 τῆς
793 2731 1137 2795 διδασκαλίας
1160 2734 1193 2802 ἡ
1227 2733 1406 2804 χάρις,
1432 2733 1520 2787 διὰ
1542 2731 1651 2785 τῶν

60 2822 338 2876 ποικίλων
370 2822 735 2892 διδαγμάτων,
760 2821 1107 2892 καταλλήλως
1135 2826 1200 2893 τῇ
1228 2824 1455 2878 ἑκάστου
1497 2823 1653 2894 χρείᾳ

66 2913 431 2986 μυρεψούσης
472 2915 570 2984 τῆς
606 2914 805 2985 φιάλης
847 2917 957 2977 τοῖς
1001 2914 1309 2985 δεχομένοις
1342 2915 1433 2968 τὸν
1473 2915 1646 2984 λόγον.

64 3006 189 3067 Τὰς
219 3000 314 3057 οὖν
343 3003 595 3067 τοιαύτας
618 3006 825 3057 ἐπαινεῖ
844 3005 1097 3072 σιαγόνας
1121 3007 1154 3075 ἡ
1185 3005 1245 3057 τὸ
1271 3005 1363 3058 τοῦ
1399 3004 1649 3076 σώματος

55 3090 167 3144 τοῦ
212 3089 452 3161 νυμφίου
498 3091 691 3154 κάλλος
736 3069 1193 3163 διαζωγραφοῦσα
1228 3092 1306 3163 τῷ
1347 3069 1521 3164 λόγιμ·
1554 3069 1717 3146 mia

51 3185 152 3237 ὅτι
204 3182 344 3254 πρὸς
388 3182 547 3236 τοῦτο
595 3181 781 3252 βλέπει
807 3181 918 3236 τῶν
965 3183 1229 3251 σιαγόνων
1262 3184 1292 3236 6
1340 3184 1594 3253 ἔπαινος,
1621 3187 1651 3239 6

50 3274 275 3345 ἐφεξῆς
295 3273 454 3341 λόγος
481 3270 550 3326 δι’
584 3272 903 3337 ἀκολουθίας
930 3271 1283 3345 μαρτύρεταιτ

154 3458 496 3512 Ἐπαινεῖται
533 3457 645 3530 γὰρ
678 3457 817 3528 μετά
848 3458 949 3522 τὰς
980 3460 1234 3528 σιαγόνας
1264 3458 1334 3513 τὰ
1373 3459 1523 3531 χείλη
1542 3501 1556 3524 ,
1582 3459 1652 3514 δι’

50 3543 187 3605 ’ὧνό
218 3548 581 3621 ἀρωματίζων
621 3548 775 3618 λόγος
805 3550 1152 3621 προέρχεται.
1180 3549 1340 3606 Οὕτω
1363 3551 1420 3604 δὲ
1445 3554 1473 3605 6
1494 3552 1651 3605 ἔπαι-

62 3659 156 3706 νος
205 3640 347 3710 ἔχει·
387 3641 573 3716 Χείληῄ
610 3640 799 3695 αὐτοῦ
827 3641 1022 3709 κρίνα,
1052 3640 1345 3702 στάζοντα
1368 3642 1652 3711 σμύρναν

60 3733 302 3802 πλήρη.
335 3732 439 3786 Δύο
462 3731 606 3793 κατά
645 3724 840 3785 ταύτὸν
870 3732 1072 3803 ἀρετὰς
1105 3726 1373 3807 μαρτυρεῖ
1399 3732 1478 3804 τῷ
1507 3734 1651 3804 λόγῳ

57 3823 155 3877 διὰ
208 3821 307 3876 τοῦ
354 3822 546 3875 διπλοῦ
594 3822 1018 3892 ὑποδείγματος’
1079 3815 1155 3875 ὧν
1207 3823 1240 3893 ή
1281 3822 1380 3893 μέν
1427 3825 1574 3876 ἐστιν
1614 3821 1647 3890 ἡ

52 3914 302 3986 ἀλήθεια
320 3953 336 3978 ,
375 3913 603 3985 λαμπρά
647 3931 707 3968 τε
744 3914 839 3968 καὶ
860 3915 1153 3983 φωτοειδὴς
1183 3915 1242 3968 ἐν
1281 3917 1392 3978 τοῖς
1423 3915 1650 3985 λεγομέ-

58 4025 179 4071 νοις
216 4005 593 4075 θεωρουμένη.
632 4004 885 4058 Τοιοῦτον
911 4005 1021 4077 γὰρ
1047 4005 1143 4059 τοῦ
1183 4005 1370 4077 κρίνου
1400 4006 1462 4059 τὸ
1480 4003 1647 4073 εἶδος,

50 4095 127 4155 ὀὗ
160 4101 200 4168 ἡ
230 4097 588 4167 λαμπρότης,
625 4097 855 4167 αἴνιγμα
882 4098 982 4168 τῆς
1018 4096 1127 4150 τῶν
1150 4098 1454 4167 λεγομένων
1484 4097 1653 4152 καθα-

52 4190 305 4262 ρότητός
329 4206 388 4242 τε
411 4190 506 4242 καὶ
540 4187 794 4257 ἀληθείας
812 4187 1005 4248 ’ὲστίν.,
1024 4188 1249 4260 Ἕτερον
1276 4189 1364 4254 δὲ,
1395 4188 1457 4243 τὸ
1483 4191 1651 4263 μόνην

55 4281 168 4353 τὴν
196 4282 399 4350 νοητήν
443 4295 504 4331 τε
542 4279 637 4332 καὶ
665 4278 823 4332 ἇῦλον
855 4278 1001 4350 ζωὴν
1029 4280 1134 4333 ὑπὸ
1166 4280 1264 4351 τῆς
1311 4281 1651 4347 διδασκαλίας

1751 1827 2000 1884 funderet
2033 1829 2165 1897 (non
2193 1826 2338 1881 enim
2372 1827 2528 1881 carni
2555 1827 2831 1897 acquievit
2856 1834 2913 1882 et
2947 1830 3201 1898 sanguini
3227 1830 3318 1900 ²³),

1751 1919 1847 1975 sed
1874 1920 1989 1989 ipse
2013 1920 2064 1972 in
2102 1934 2161 1974 se
2196 1918 2422 1988 protulit
2451 1918 2692 1971 divinum
2723 1917 2879 1971 illum
2918 1927 3126 1987 potum,
3162 1920 3321 1989 cujus

1750 2019 1806 2066 et
1835 2011 2224 2081 scaturiginem
2257 2010 2403 2064 velut
2442 2010 2643 2075 emisit,
2694 2010 2822 2065 dum
2851 2027 2953 2082 per
2978 2012 3178 2069 Christi
3210 2013 3324 2068 ira:-

1750 2100 2019 2172 grantiam
2060 2100 2240 2154 varias
2272 2098 2501 2167 virtutes
2534 2099 2587 2152 iu
2615 2098 2957 2156 auditoribus
2987 2104 3145 2171 quasi
3172 2119 3321 2173 quaee

1751 2192 1874 2245 dam
1904 2199 2173 2261 unguenta
2205 2188 2523 2254 conﬁceret,
2549 2189 2622 2243 ita
2651 2199 2708 2244 ut
2737 2206 2835 2260 pro
2861 2190 3171 2247 diversitate
3198 2208 3326 2263 pro-

1752 2282 2089 2352 prietateque
2120 2279 2502 2348 recipientium
2524 2277 2620 2334 Dei
2657 2280 2901 2345 verbum,
2930 2296 3113 2336 aroma
3143 2282 3322 2352 ipsqu

1751 2372 2084 2428 conveniens
2125 2369 2419 2439 usui-ejus,
2451 2372 2542 2440 qui
2590 2370 2724 2423 illud
2754 2381 3023 2442 posceret,
3057 2377 3325 2445 reperire-

1753 2469 1884 2526 tur,
1933 2461 2194 2515 nimirum
2240 2459 2463 2524 ludatis,
2506 2458 2732 2527 Graecis,
2779 2463 3122 2530 mulieribus,
3167 2467 3320 2532 viris,

1751 2552 1919 2617 heris,
1947 2557 2142 2618 servis,
2174 2553 2513 2622 parentibus,
2541 2552 2751 2621 liberis,
2784 2554 2884 2624 legi
2909 2571 3017 2610 non
3058 2559 3322 2622 astrictis,

1753 2643 2014 2711 subjectis
2048 2643 2171 2714 legi.
2204 2642 2337 2696 Tam
2363 2643 2752 2700 multiformem
2795 2645 2884 2700 ille
2913 2647 3178 2703 doctrina:
3203 2665 3324 2720 grau

1753 2735 1881 2788 tiam
1916 2734 2171 2799 habebat,
2205 2749 2356 2789 omni
2394 2735 2596 2790 virtute
2627 2743 3014 2806 temperatam:
3051 2742 3201 2795 varia
3226 2743 3325 2796 do:
3364 2766 3371 2771 κ

1751 2826 1907 2879 cendi
1941 2825 2171 2888 ratione,
2221 2841 2322 2895 pro
2348 2827 2673 2882 necessitate
2719 2837 2773 2883 et
2803 2845 2868 2884 ex
2901 2845 2999 2884 usu
3032 2833 3320 2903 cujusque.

1752 2917 1845 2974 Dei
1893 2919 2112 2973 verbum
2145 2919 2408 2973 miscente
2438 2918 2538 2973 hac
2568 2921 2768 2989 phiala.
2804 2930 3059 2992 tanquam
3077 2937 3322 2980 aromata

1750 3007 1996 3076 quaedam
2032 3020 2144 3077 pro
2188 3006 2257 3063 iis
2304 3007 2399 3077 qui
2447 3008 2579 3063 illud
2630 3010 2955 3079 reciperent.
2997 3012 3322 3081 Hujusmodi

1750 3113 1880 3168 ergo
1909 3100 2158 3155 maxillas
2185 3099 2389 3167 laudat,
2433 3094 2556 3168 qua:
2586 3101 3046 3169 pulchritudinem
3075 3108 3323 3176 corporis

1750 3191 1937 3256 sponsi
1978 3191 2159 3247 verbis
2195 3192 2350 3247 hisce
2372 3193 2438 3247 ad
2483 3195 2665 3249 vivum
2716 3195 3001 3267 depingit:
3066 3200 3323 3270 quodque

1752 3280 1856 3335 hoc
1903 3282 2247 3337 maxillarum
2297 3286 2606 3361 encomium
2644 3301 2719 3343 eo
2743 3296 2968 3357 spectet,
3021 3304 3186 3358 porro
3234 3307 3324 3347 sen-

1749 3372 1971 3439 queutia
1998 3373 2162 3427 verba
2198 3379 2491 3430 testantur.

1823 3459 2031 3515 Etenim
2074 3472 2195 3533 post
2238 3465 2485 3519 maxillas
2520 3465 2812 3519 laudantur
2842 3466 3003 3529 labia,
3056 3483 3154 3536 per
3200 3486 3323 3539 qua:

1750 3561 1930 3604 sermo
1977 3551 2068 3607 ille
2109 3552 2367 3609 conditus
2417 3555 2753 3610 aromatibus
2812 3555 3108 3625 profertur.
3145 3556 3321 3614 Verba

1749 3639 1981 3694 encomii
2034 3639 2150 3694 haec
2206 3649 2333 3695 sunt
2374 3656 2386 3692 :
2426 3640 2606 3694 Labra
2659 3642 2771 3705 eius
2827 3643 2963 3705 lilia,
2998 3641 3323 3698 distillantiu

1750 3730 2018 3800 myrrham
2060 3730 2288 3785 uberem.
2340 3730 2483 3787 Duas
2517 3733 2747 3787 virtutes
2797 3733 2960 3787 simul
3018 3734 3185 3788 verbo
3218 3736 3322 3788 triA

1750 3823 1890 3889 buit,
1930 3823 2145 3894 gemina
2181 3824 2559 3879 similitudine.
2602 3823 2811 3880 liorum
2848 3825 3078 3880 alterum
3118 3827 3317 3883 veritas

1750 3923 1856 3981 est,
1892 3931 2017 3985 quae
2052 3916 2107 3970 in
2122 3898 2299 3970 ‘dictis
2329 3924 2385 3971 et
2428 3916 2714 3986 splendida
2745 3924 2799 3970 et
2831 3916 3061 3971 illustris
3099 3931 3323 3986 conspta

1753 4011 1920 4064 citur.
1973 4006 2107 4061 Nam
2139 4007 2267 4063 talis
2318 4015 2403 4063 est
2433 4006 2530 4060 lilii
2567 4007 2800 4077 species,
2857 4003 3018 4076 cujus
3066 4007 3326 4076 splendor

1752 4099 1914 4169 quasi
1970 4097 2205 4167 quodam
2246 4097 2540 4167 muigmate
2586 4099 2879 4167 puritatem
2926 4113 2990 4152 ac
3044 4098 3324 4154 veritatem

1752 4205 1965 4254 eorum,
1989 4199 2119 4259 ηοω
2149 4189 2427 4253 dicuntur,
2457 4188 2745 4259 significat.
2776 4188 3015 4243 Alterum
3046 4197 3150 4253 est,
3178 4190 3326 4258 quod

1755 4280 1871 4335 sola
1914 4280 2018 4336 sub
2045 4279 2244 4335 mentis
2274 4280 2673 4349 perceptionem
2705 4279 2906 4333 cadens
2930 4287 2983 4333 et
3008 4294 3321 4361 crassarpm

61 4370 530 4442 προδείκνυσθαι,
569 4370 655 4424 διά
681 4371 780 4440 τῆς
807 4370 917 4423 τῶν
957 4371 1164 4442 νοητῶν
1194 4372 1424 4451 θεωρίας
1459 4373 1652 4427 ἀπονε-

1823 4388 1940 4426 rum
1991 4387 2186 4442 expers
2219 4372 2328 4425 vita
2359 4385 2459 4440 per
2486 4370 2791 4425 doctrinam
2845 4368 3172 4438 proferatur,
3225 4388 3326 4426 exe

64 4455 386 4528 κρουμένης
422 4458 521 4527 τῆς
566 4457 715 4511 κάτω
748 4456 923 4527 ζωῆς,
952 4460 1052 4530 τῆς
1096 4459 1184 4513 διὰ
1222 4460 1422 4531 σαρκός
1464 4480 1523 4514 τε
1560 4464 1652 4516 καὶ

1832 4471 1956 4517 ncta
1987 4463 2095 4516 vita
2127 4463 2228 4515 hac
2265 4460 2460 4524 infera,
2490 4459 2650 4528 cujus
2677 4460 2730 4512 in
2757 4472 2924 4514 carne
2950 4475 3014 4514 ac
3042 4464 3326 4533 sanguine

62 4547 312 4617 αἵματος
335 4548 750 4618 ἐνεργουμένης.
800 4548 878 4602 Ἡ
909 4550 1016 4621 γὰρ
1040 4550 1384 4623 ἀπορρέουσα
1422 4553 1529 4606 ἀπὸ
1558 4553 1653 4607 τοῦ

65 4637 332 4706 σώματος
372 4637 621 4711 σμύρνα,
674 4639 768 4692 καὶ
815 4638 998 4711 πλήρη
1035 4641 1261 4694 ποιοῦσα
1308 4643 1510 4713 εαυτῆς
1554 4643 1653 4715 τὴν

60 4728 168 4784 τοῦ
203 4728 493 4799 δεχομένου
522 4729 718 4801 ψυχὴν,
761 4730 860 4800 τῆς
904 4730 1000 4784 τοῦ
1045 4730 1297 4803 σώματος
1335 4733 1652 4807 νεκρὼ-σεως

62 4822 312 4893 ἔμφασις
338 4822 566 4888 γίνεται.
594 4822 842 4894 Πολλαχῆ
871 4822 981 4896 γὰρ
1005 4825 1067 4877 τὸ
1098 4826 1333 4879 τοιοῦτον
1368 4829 1426 4880 ὲν
1453 4830 1518 4898 τῇ
1548 4844 1649 4881 κα-

58 4915 341 4985 ταχρήσει
383 4913 494 4968 τῶν
540 4914 910 4969 θεοπνεύστων
949 4917 1121 4986 λόγων
1168 4921 1646 4990 παρατετηρηται,

58 5007 165 5062 τοῦ
193 5006 427 5061 θανάτου
451 5008 784 5078 σημαντικὸν
810 5003 945 5062 εἶναι
965 5010 1061 5079 τῆς
1092 5010 1336 5081 σμύρνης
1366 5012 1425 5065 τὸ
1457 5012 1645 5082 δνοματ

66 5094 139 5154 ³0
172 5099 354 5153 τοίνυν
384 5099 589 5162 τέλειος
636 5101 728 5153 καὶ
756 5100 991 5172 καθαρὸς
1019 5101 1312 5170 ὀφθαλμὸς,
1348 5104 1377 5156 6
1407 5102 1504 5172 τὴν
1531 5120 1648 5155 σια-

61 5191 206 5259 γόνα
244 5188 444 5259 φιάλην
489 5189 659 5243 ποιῶν
697 5187 795 5259 τὴν
835 5189 905 5243 τά
943 5190 1092 5260 μύρα
1124 5189 1183 5255 ἐξ
1219 5188 1387 5258 αὐτῆς
1412 5188 1651 5256 φύουσὰν

60 5290 130 5333 τε
158 5279 255 5332 καὶ⁷
298 5277 672 5349 πηγάζουσαν,
696 5272 849 5343 οὗτος
887 5279 1035 5333 ἀνθεῖ
1062 5278 1129 5332 τὰ
1159 5279 1318 5349 κρίνα
1340 5278 1450 5332 τῶν
1476 5278 1649 5344 λόγων

59 5372 156 5424 διὰ
201 5370 298 5425 τοῦ
343 5369 641 5440 στόματος,
689 5369 798 5424 τῶν
833 5374 898 5441 τῇ
953 5371 1073 5443 θείᾳ
1125 5370 1648 5441 κεκαλλωπισμένων

61 5462 437 5533 λαμπρότητι.
489 5459 644 5515 Οὕτω
690 5460 800 5532 γὰρ
844 5463 966 5527 τοὺς
1018 5461 1291 5533 καθαρούς
1339 5478 1397 5515 τε
1444 5462 1539 5515 καὶ
1582 5462 1649 5515 δι’

140 5635 188 5674 ¹²
216 5640 363 5699 f’sal.
410 5654 559 5702 xvm,
583 5637 635 5702 8,
669 5637 702 5691 9
799 5639 846 5670 "
875 5640 996 5692 Act.
1033 5656 1104 5703 ιτ,
1134 5641 1218 5696 18.

398 5731 674 5795 ΡΑΤιιοι.
722 5733 839 5794 (in.
887 5733 1103 5795 XLIV.

1300 5643 1344 5673 “
1375 5640 1549 5697 Calai.
1590 5655 1625 5705 t,
1660 5638 1744 5693 16.

1752 4555 1834 4608 vis
1883 4553 2244 4622 conspicitur,
2297 4566 2397 4622 per
2424 4551 2944 4620 contemplationem
2993 4568 3170 4607 rerum
3204 4570 3327 4623 qua:

1751 4649 1931 4696 tuente
1948 4642 2344 4711 intelliguntur.
2370 4638 2577 4693 Etenim
2594 4653 2661 4692 ex
2680 4654 2773 4693 ore
2794 4638 3065 4695 distillaus
3083 4643 3323 4712 myrrha,

1750 4746 1871 4801 quae
1932 4731 2249 4802 recipientis
2305 4729 2546 4783 animum
2602 4728 2793 4798 replet,
2850 4731 3325 4786 mortificationem

1749 4823 1933 4879 carnis
1957 4823 2105 4877 clare
2134 4821 2377 4878 denotat.
2415 4819 2551 4874 Nam
2582 4819 2858 4875 multoties
2894 4821 2997 4875 hoc
3025 4823 3080 4876 in
3127 4823 3325 4877 litteris

1753 4932 1781 4971 a
1814 4916 2020 4986 Spiritu
2062 4914 2250 4970 divino
2290 4913 2552 4984 profectis
2594 4913 3030 4979 observavimus,
3082 4915 3329 4983 appellac

1756 5013 1956 5062 tionem
1984 5006 2219 5077 myrrhae
2239 5015 2467 5059 mortem
2500 5003 2826 5074 significare.
2849 5002 3028 5069 Quare
3054 5004 3326 5072 perfectus

1748 5111 1800 5154 et
1831 5114 2001 5170 purus
2030 5097 2244 5159 oculus,
2275 5097 2369 5166 qui
2398 5096 2467 5151 de
2496 5095 2714 5150 maxilla
2746 5093 2982 5164 phialam
3015 5091 3197 5155 efﬁcit,
3231 5108 3328 5146 una

1748 5198 1949 5262 guenta
1996 5204 2063 5243 ex
2094 5202 2156 5243 se
2199 5186 2563 5257 proferentem
2595 5184 2752 5256 quasi
2793 5183 3029 5255 quodam
3055 5197 3118 5237 ex
3155 5182 3324 5246 fonte.

1749 5282 1837 5335 hic
1866 5294 1996 5349 ergo
2037 5290 2349 5333 sermonum
2382 5275 2494 5328 lilia
2529 5276 2705 5346 gignit
2734 5289 2831 5347 per
2864 5288 2926 5329 os
2956 5272 3194 5337 illorum,
3230 5276 3325 5343 qui

1748 5372 1930 5428 divino
1960 5366 2247 5440 splendore
2265 5371 2393 5420 sunt
2412 5367 2612 5419 ornati.
2634 5363 2769 5418 Nam
2797 5366 2875 5421 sic
2899 5364 3240 5435 appellantur
3265 5364 3325 5418 ii.

1756 5461 1847 5531 qui
1881 5458 1999 5531 puri
2046 5463 2196 5523 sunt,
2236 5460 2292 5511 et
2321 5468 2387 5508 ex
2419 5454 2617 5509 virtute
2649 5451 3000 5526 fragrantiam
3034 5452 3330 5520 quamdam

2932 5716 3008 5777 3h
