3756 5988
383 223 516 280 ιοδτ

1604 208 1663 265 S.
1698 200 2025 263 GREGOMI
2062 199 2148 254 ΝΥ
2162 197 2356 257 SSENI

382 336 618 391 habent:
657 332 859 402 quique
891 330 1167 402 myrrham
1201 327 1490 389 distillant,
1529 339 1650 394 qua:
1695 323 1815 377 sine
1851 318 1946 372 de-

2081 317 2250 387 ιρετῆς
2281 313 2638 379 εὐπνοοῦντας
2663 314 2920 386 ὀνομάζει
2945 317 2975 371 ό
2999 313 3173 385 λόγος,
3205 311 3298 387 ἀφ’
3318 303 3395 373 ἓν
3417 316 3622 385 γίνεται

383 427 526 481 fectu
559 431 794 479 mentem
850 421 1226 491 recipientium
1259 435 1379 474 eam
1411 418 1599 488 replet.
1645 415 1740 469 Est
1773 420 1950 467 autem

383 519 472 572 illa
499 518 621 571 vitae
651 515 812 584 hujus
834 527 1109 582 corporea:
1138 520 1506 580 contemptus,
1543 521 1666 563 cum
1695 505 1952 560 universa

380 625 502 678 qua:
528 609 581 661 in
617 608 716 660 hac
749 606 858 660 vita
905 618 1051 658 curae
1083 611 1209 657 sunt
1253 601 1585 664 hominibus,
1634 612 1729 668 per
1761 610 1953 664 super-

383 712 574 753 norum
592 697 859 752 bonorum
881 694 1232 763 cupiditatem
1255 693 1361 746 vim
1386 707 1538 746 suam
1560 704 1774 744 omnem
1794 687 1954 742 amit-

382 797 504 842 tunt
538 797 590 842 et
615 788 1052 856 exstinguuntur.
1078 782 1266 838 Talem
1289 783 1564 852 myrrham
1595 781 1722 834 olim
1752 778 1953 832 Paulus

381 876 688 931 eﬁ‘undebat
709 893 775 930 ex
800 890 892 929 ore
918 889 1037 939 suo,
1063 875 1277 928 mistam
1302 888 1423 926 eum
1441 887 1577 941 puro
1603 869 1870 940 pudicitiae
1893 868 1955 922 li-

382 965 475 1028 lio,
511 966 566 1019 in
601 973 803 1018 sanctae
828 964 1053 1034 virginis
1091 977 1270 1016 aures.
1310 960 1381 1014 Ea
1412 975 1541 1014 vero
1581 965 1698 1012 erat
1728 957 1951 1018 Thecla,

384 1071 506 1126 qua:
536 1057 792 1125 praeclare
815 1056 998 1108 animo
1032 1070 1132 1109 suo
1159 1052 1520 1107 deﬂuentibus
1551 1051 1618 1105 de
1645 1050 1763 1125 lilio
1785 1048 1953 1116 guttis

387 1148 528 1200 intra
545 1162 602 1200 se
621 1145 873 1215 receptis,
893 1145 1162 1198 hominem
1181 1151 1464 1196 externum
1485 1147 1657 1195 morte
1670 1139 1950 1209 opprimit,

385 1237 532 1289 omni
567 1236 895 1305 cogitatione
933 1234 1337 1304 cupiddateque
1391 1231 1596 1286 carnali
1647 1230 1943 1284 exstincta.

387 1327 554 1395 Cujus
593 1334 714 1395 post
738 1334 1042 1395 perceptam
1097 1325 1246 1377 illam
1283 1325 1480 1378 bonam
1522 1322 1850 1382 doctrinam,
1902 1329 1956 1374 et

385 1419 642 1487 juventus
675 1418 946 1472 exstincta
995 1423 1132 1478 erat,
1171 1423 1225 1468 ct
1265 1422 1486 1468 externa
1544 1419 1806 1467 venustas
1861 1426 1957 1465 ex-

389 1511 608 1571 stincta,
639 1517 692 1562 et
713 1507 985 1562 exstincta
1017 1506 1196 1560 omnia
1229 1506 1476 1574 corporis
1507 1518 1768 1559 sensuum
1798 1515 1956 1571 orga-

389 1617 458 1656 na
527 1600 645 1655 solo
677 1612 929 1653 sermone
961 1597 1012 1650 in
1046 1597 1162 1667 ipsa
1193 1597 1432 1660 vivente,
1461 1612 1554 1664 per
1613 1610 1772 1665 quem
1804 1603 1954 1649 totus

277 1715 281 1719 τ
386 1690 436 1742 οἱ
497 1689 734 1742 mundus
789 1695 1037 1739 mortuus
1089 1693 1226 1746 erat,
1289 1692 1343 1738 et
1380 1683 1532 1753 virgo
1579 1685 1696 1752 ipsa
1752 1681 1954 1736 mundo

387 1788 503 1835 erat
552 1787 787 1833 mortua.
821 1777 912 1831 Sic
946 1777 1071 1831 olim
1109 1791 1338 1844 magnus
1395 1776 1558 1829 etiam
1612 1775 1805 1834 Petrus
1865 1773 1956 1826 ille

387 1873 528 1944 apud
552 1871 864 1927 Cornelium
895 1869 1180 1939 Splendida
1210 1867 1481 1922 sermonis
1510 1867 1620 1919 lilia
1649 1864 1950 1936 proferens,

388 1967 599 2020 animos
632 1963 944 2018 auditorum
979 1961 1204 2031 myrrha
1235 1959 1488 2028 complet,
1516 1959 1606 2027 qui
1637 1973 1756 2011 mox
1806 1973 1956 2011 rece-

386 2068 477 2130 pto
504 2058 674 2129 ipsius
702 2069 978 2120 sermone,
1028 2069 1151 2108 cum
1214 2053 1434 2107 Christo
1493 2068 1590 2121 per
1621 2052 1953 2121 baptismum

387 2159 513 2204 sunt
552 2150 874 2218 consepulti,
937 2146 1138 2200 mortui
1172 2146 1298 2200 vitae
1355 2145 1481 2199 huic
1509 2143 1662 2198 'l‘acti.
1701 2143 1957 2212 Adeoque

386 2241 595 2296 infinita
637 2241 876 2309 reperire
919 2248 1116 2308 przeter
1150 2238 1263 2291 haec
1311 2247 1623 2290 sanetorum
1675 2235 1953 2288 hominum

387 2334 632 2402 exempla
670 2333 817 2397 licet,
861 2347 971 2400 quo
1011 2331 1085 2384 illi
1141 2337 1302 2399 pacto
1365 2329 1674 2382 communis
1711 2327 1956 2396 corporis

389 2425 649 2480 Ecclesia:
693 2439 755 2479 os
817 2423 968 2489 facti,
1022 2422 1241 2493 myrrha
1303 2421 1682 2490 exstinguente
1732 2419 1956 2472 morbos

388 2518 556 2571 animi
606 2532 739 2573 suos
793 2517 1069 2571 auditores
1117 2514 1482 2583 repleverint,
1525 2526 1626 2582 per
1689 2509 1956 2566 sermonis

390 2608 739 2663 liliai‘ructus
773 2607 1031 2671 ferentes,
1090 2607 1290 2676 quibus
1316 2604 1504 2675 magni
1541 2603 1615 2658 illi
1647 2618 1960 2672 propugna-

389 2711 535 2756 tores
571 2702 693 2756 ﬁdei
723 2715 817 2770 per
853 2700 1126 2769 egregiam
1163 2697 1564 2752 confessionem
1589 2695 1710 2765 ipso
1748 2702 1956 2748 testan-

387 2797 470 2851 da:
502 2794 748 2849 veritatis
782 2801 1046 2861 tempore,
1083 2791 1138 2844 in
1181 2787 1573 2843 certaminibus
1597 2800 1702 2855 pro
1758 2785 1958 2854 pietate

389 2885 686 2955 susceptis,
717 2883 814 2936 toti
842 2882 1000 2950 quasi
1038 2879 1259 2951 myrrha
1291 2878 1525 2948 quadam
1561 2883 1688 2932 sunt
1723 2874 1953 2944 perfusi.

397 2978 460 3029 Et
495 2975 628 3044 quid
655 2988 794 3042 opus
823 2981 907 3026 est
935 2971 1183 3025 oratione
1203 2970 1410 3039 prolixa
1445 2967 1511 3021 de
1536 2966 1638 3020 hoc
1659 2966 1952 3031 disserere,
1984 2973 2026 3030 ο

389 3083 514 3121 cum
557 3081 650 3135 per
675 3079 736 3119 ea
771 3078 893 3132 quae
928 3061 1190 3124 diximus,
1217 3059 1548 3113 declaratum
1582 3056 1673 3120 sit,
1719 3071 1828 3125 quo
1861 3070 1960 3124 pa-

390 3166 480 3210 cto
512 3154 771 3208 Ecclesiae
816 3165 881 3207 os
929 3151 1102 3204 lilium
1162 3149 1301 3202 ﬁat:
1344 3148 1436 3216 qui
1471 3146 1690 3217 myrrha
1724 3144 1792 3199 de
1846 3144 1960 3199 lilio

392 3247 664 3301 distillet:
707 3243 800 3312 qui
840 3239 1150 3310 hujusmodi
1221 3237 1499 3293 stillicidia
1550 3236 1765 3292 animus
1817 3235 1961 3292 reci-

395 3339 632 3408 pientum
666 3335 974 3404 impleatur.

466 3597 547 3652 Ad
586 3595 868 3665 sequentia
892 3609 1056 3664 porro
1088 3594 1250 3650 verba
1287 3593 1736 3664 progrediamur:
1769 3595 1964 3648 Manus

397 3689 546 3742 illius
580 3687 779 3740 tortiles
809 3725 823 3748 ,
866 3701 1076 3747 aurem,
1125 3685 1292 3753 plena:
1341 3684 1556 3738 τίων-δίε.
1596 3683 1729 3740 Esse
1783 3694 1964 3739 autem

394 3782 536 3836 oculi
567 3778 888 3835 beneﬁcium
925 3776 1307 3847 imperfectum
1341 3777 1398 3830 in
1432 3776 1687 3831 Ecclesim
1713 3793 1964 3846 corpore,

394 3870 442 3922 si
475 3883 731 3921 manuum
784 3866 850 3918 ab
900 3881 964 3918 eo
997 3865 1361 3919 ministerium
1411 3865 1483 3920 sit
1535 3865 1866 3933 disiunctum
1895 3906 1908 3930 ,
1938 3882 1968 3920 a

399 3974 595 4028 magno
644 3959 735 4012 illo
766 3955 945 4009 Paulo
999 3955 1145 4008 clare
1177 3956 1477 4010 didicimus
1506 3996 1521 4020 ,
1559 3959 1651 4025 qui
1695 3959 1800 4022 ait,
1848 3956 1970 4012 Non

391 4059 564 4112 potest
602 4048 784 4101 oculus
826 4047 1007 4099 manui
1031 4046 1224 4110 dicere,
1249 4047 1371 4102 Non
1410 4050 1539 4101 mihi
1573 4059 1620 4104 te
1650 4067 1778 4116 opus
1801 4061 1878 4105 est
1902 4051 1966 4107 “.

399 4133 529 4186 Nam
565 4140 677 4186 tum
712 4132 943 4185 maxime
985 4132 1065 4187 vis
1099 4135 1385 4188 oculorum
1429 4137 1770 4206 conspicitur
1793 4178 1808 4202 ,
1843 4154 1968 4193 cum

399 4225 516 4293 ipsa
546 4238 709 4292 opera
747 4224 1123 4278 testimonium
1161 4226 1446 4280 oculorum
1498 4229 1736 4283 acumini
1782 4230 1971 4301 perhi-

2052 410 2085 479 ή
2130 410 2228 478 τῆς
2268 408 2514 478 σμύρνης
2546 407 2792 478 σταγὼν,
2843 408 3144 473 ἀνελλιπῶς
3197 403 3480 481 πληρώσα
3527 412 3623 481 τὴν

2051 501 2159 553 τῶν
2185 501 2484 571 δεχομένων
2511 500 2748 554 διάνοιαν
2767 517 2780 530 ·
2811 501 2949 572 ὅπερ
2979 503 3095 554 ἐστὶ
3125 502 3225 572 τῆς
3251 501 3452 563 ὑλικῶς
3475 499 3623 571 ζωῆς

2054 593 2320 664 ὑπεροψία
2338 633 2353 658 ,
2383 595 2600 648 πάντων
2625 593 2735 646 τῶν
2761 594 2887 665 τῇδε
2915 592 3386 664 σπουδαζομένων,
3410 594 3501 647 διὰ
3529 595 3623 664 τὴν

2051 684 2160 738 τῶν
2191 684 2601 755 ὑπερκειμένων
2633 684 2849 753 ἀγαθῶν
2892 683 3213 755 ἐπιθυμίαν,
3245 685 3622 756 άνενεργήτων

2053 791 2113 827 τε
2155 773 2248 827 καὶ
2289 773 2496 844 νεκρῶν
2520 774 2837 844 γινομένων.
2889 773 3158 844 Τοιαύτην
3205 775 3366 828 ὅποτε
3416 777 3621 841 Παῦλος

2055 863 2297 935 σμύρναν
2331 864 2552 934 προχέει
2587 863 2681 916 τοῦ
2714 864 3001 934 στόματος,
3040 864 3385 936 μεμιγμένην
3422 866 3500 937 τῷ
3523 884 3618 918 xa-

2056 956 2206 1027 θαρῷ
2240 957 2409 1026 κρίνῳ
2453 959 2553 1026 τῆς
2598 955 2976 1026 σωφροσύνης,
3011 955 3069 1008 ἐν
3111 956 3302 1019 ἀκοαῖς
3329 956 3430 1025 τῆς
3465 959 3620 1025 ἁγίας

2055 1048 2345 1119 παρθένου.
2371 1047 2545 1100 Θέκλα
2563 1048 2620 1100 δέ
2643 1044 2711 1118 ἦν
2736 1051 2768 1118 ή
2795 1047 3082 1119 παρθένος,
3113 1048 3148 1118 ἢ
3176 1047 3358 1107 καλῶς
3381 1051 3448 1120 τῇ
3479 1050 3620 1120 ψυχῇ

2053 1135 2151 1200 τὰς
2187 1135 2565 1208 ἀπορρεούσας
2610 1137 2870 1204 σταγόνας
2908 1138 2966 1191 ἐν
3008 1139 3174 1208 ἑαυτῇ
3209 1137 3504 1209 δεξαμένη.
3533 1140 3623 1193 θα-

2055 1228 2197 1300 νάτῳ
2254 1228 2610 1298 διαλαμϐάνει
2673 1229 2763 1282 τὸν
2817 1229 3013 1295 ἔξωθεν
3063 1229 3380 1300 ἄνθρωπον,
3443 1234 3626 1285 πᾶσαν

2058 1321 2305 1393 σαρκώδη
2340 1321 2574 1375 διάνοιάν
2610 1338 2670 1372 τε
2717 1322 2809 1374 καὶ
2840 1320 3131 1390 ἐπιθυμίαν
3160 1321 3360 1391 ἐαυτῆς
3389 1322 3625 1375 ἀποσϐἐ-
3716 1359 3717 1364 η

2056 1429 2216 1466 σασα.
2249 1406 2356 1475 Ἶίς
2390 1411 2524 1482 μετὰ
2561 1410 2657 1481 τὴν
2689 1410 2898 1483 ἀγαθὴν
2933 1410 3274 1464 διδασκαλίαν
3315 1415 3628 1483 νεκρὰῖμέν

2055 1508 2088 1575 ἡ
2117 1505 2304 1572 νεότης
2324 1544 2337 1564 ,
2369 1502 2560 1573 νεκρὸν
2585 1503 2642 1555 δὲ
2669 1502 2729 1555 τὸ
2753 1501 3172 1571 ἐπιφαινόμενον
3195 1501 3390 1565 κάλλος
3415 1542 3434 1568 ,
3461 1504 3629 1572 νεκρά

2054 1597 2110 1650 δὲ
2143 1598 2320 1650 πάντα
2362 1595 2431 1648 τὰ
2473 1594 2755 1664 σωματικὰ
2801 1593 3163 1664 αἰσθητήρια,
3217 1595 3378 1663 μόνου
3426 1593 3626 1658 ζῶντος

2055 1687 2112 1738 ἐν
2141 1686 2275 1756 αὑτῇ
2322 1683 2414 1737 τοῦ
2447 1683 2605 1752 λόγου
2631 1684 2696 1738 δι’
2723 1674 2782 1737 οὗ
2815 1683 3093 1752 ἐτεθνήκει
3139 1684 3234 1753 μὲν
3259 1684 3397 1754 αὐτῇ
3428 1684 3576 1747 ἅπας
3602 1687 3627 1738 ὁ

2054 1778 2283 1848 κόσμος,
2332 1777 2609 1848 ἐτεθνήκει
2655 1777 2711 1829 δέ
2760 1777 2855 1830 καὶ
2906 1777 2940 1846 ή
2993 1773 3255 1846 παρθένος
3287 1775 3366 1845 τῷ
3420 1776 3624 1848 κόσμῳ.

2055 1866 2210 1919 Οὕτω
2249 1866 2378 1920 ποτὲ
2407 1867 2502 1920 καὶ
2530 1865 2680 1937 παρὰ
2717 1865 3002 1936 Κορνηλίῳ
3029 1867 3057 1917 ό
3095 1865 3266 1934 μέγας
3297 1866 3537 1937 Πέτρος,
3567 1869 3630 1920 τὰ

2056 1955 2278 2026 λαμπρὰ
2306 1955 2400 2008 τοῦ
2433 1955 2589 2023 λόγου
2632 1955 2794 2026 κρίνα
2841 1953 3238 2023 φθεγγόμενος,
3271 1953 3506 2024 πλήρεις
3539 1956 3627 2025 τῆς

2059 2047 2305 2120 σμύρνης
2349 2047 2446 2111 τὰς
2485 2047 2594 2101 τῶν
2635 2048 2939 2100 ἀκουόντων
2971 2046 3149 2116 ψυχάς
3193 2048 3626 2117 παρεσκεύασεν,

2056 2140 2106 2191 οἳ
2143 2139 2481 2209 παραχρῆμα
2511 2139 2602 2192 τὸν
2635 2139 2789 2207 λόγον
2824 2138 3140 2209 δεξάμενοι,
3171 2141 3248 2211 τῷ
3291 2140 3521 2209 Χριστῷ
3549 2139 3627 2192 διὰ

2057 2228 2149 2281 τοῦ
2198 2229 2570 2299 βαπτίσματος
2619 2228 3026 2300 συνετάφησαν,
3075 2231 3258 2300 νεκροὶ
3291 2231 3370 2300 τῷ
3406 2230 3514 2300 βίῳ
3544 2246 3625 2298 γε·

2057 2319 2292 2388 νόμενοι.
2336 2319 2445 2372 Καὶ
2495 2319 2660 2389 μυρία
2703 2319 2839 2388 πρὸς
2887 2319 3094 2382 τούτοις
3131 2317 3274 2372 ἐστιν
3306 2323 3495 2391 εὑρεῖν
3528 2322 3625 2374 τῶν

2058 2411 2229 2478 ἁγίων
2281 2411 2684 2484 ὑποδείγματα,
2737 2409 2855 2473 πῶς
2893 2410 2986 2462 τοῦ
3022 2411 3200 2464 κοινοῦ
3238 2411 3496 2482 σώματος
3539 2413 3627 2481 τῆς

2070 2499 2393 2569 Ἑκκλησίας
2447 2499 2621 2568 στόμα
2663 2498 2934 2568 γινόμενοι
2997 2499 3098 2569 τῆς
3143 2501 3488 2570 νεκρωτικῆς
3532 2501 3627 2552 τῶν

2059 2588 2397 2658 παθημάτων
2465 2587 2711 2658 σμύρνης
2779 2587 3008 2659 πλήρεις
3057 2589 3183 2652 τοὺς
3250 2590 3629 2660 ἀκροωμένους

2059 2678 2301 2744 ἐποίουν,
2347 2676 2764 2748 άνθοφοροῦντες
2809 2677 2895 2730 διὰ
2929 2678 3033 2729 τῶν
3066 2678 3264 2748 κρίνων
3311 2677 3408 2730 τοῦ
3445 2678 3626 2746 λόγου,

2059 2767 2128 2821 δι’
2151 2761 2229 2821 ὧν
2257 2770 2306 2821 oi
2341 2767 2563 2838 μεγάλοι
2606 2767 2704 2835 τῆς
2734 2766 2968 2829 πίστεως
2994 2767 3264 2837 πρόμαχοι
3296 2767 3395 2838 τῆς
3424 2766 3630 2837 ἀγαθῆς

2059 2859 2347 2928 ὁμολογίας
2378 2858 2520 2911 κατὰ
2560 2858 2651 2910 τὸν
2695 2860 2796 2929 τῆς
2839 2858 3140 2929 μαρτυρίας
3193 2859 3384 2929 καιρὸν
3426 2859 3490 2910 ἐν
3530 2861 3632 2917 τοῖς

2061 2951 2198 3022 ὑπὲρ
2245 2950 2525 3012 εὐσεϐείας
2577 2948 2751 3017 ἀγῶσι
2804 2949 3353 3021 κατεσμυρνώθησαν.
3415 2951 3534 3003 Καὶ
3582 2949 3629 3000 τί
3716 3007 3717 3012 η

2063 3041 2167 3112 χρὴ
2212 3041 2300 3095 διὰ
2333 3039 2592 3094 πλειόνων
2642 3039 2899 3111 μηκύνειν
2934 3040 3025 3093 τὸν
3070 3039 3430 3111 περὶτούτων
3460 3040 3628 3107 λόγον,

2064 3135 2300 3204 φανερᾶς
2321 3133 2409 3186 διὰ
2437 3133 2545 3186 τῶν
2589 3132 2890 3204 εἰρημένων
2917 3133 3210 3203 γενομένης
3240 3133 3372 3202 ἡμῖν
3399 3132 3507 3202 τῆς
3533 3131 3632 3182 δια-

2060 3228 2230 3290 νοίας,
2263 3227 2380 3290 πῶς
2407 3226 2469 3279 τὸ
2498 3226 2669 3297 στόμα
2693 3227 2789 3297 τῆς
2827 3225 3150 3294 Ἑκκλησίας
3183 3224 3369 3296 κρίνον
3395 3224 3628 3290 γίνεται⁹

2078 3319 2172 3371 καὶ
2200 3318 2317 3382 πῶς
2351 3319 2646 3382 ἀποστάζει
2688 3317 2782 3370 τοῦ
2816 3319 3000 3388 κρίνου
3027 3319 3059 3386 ἡ
3106 3317 3349 3386 σμύρνα·
3398 3318 3500 3370 καὶ
3528 3314 3631 3375 πιῖς

2064 3409 2367 3481 πληροῦται
2393 3409 2492 3479 τῆς
2537 3410 2791 3479 τοιαύτης
2841 3409 3098 3476 σταγόνος
3132 3409 3166 3478 ὴ
3195 3406 3302 3460 τῶν
3332 3406 3632 3478 δεχομένων

2065 3502 2233 3571 ψυχή-

2151 3593 2308 3646 Ἂλλὰ
2357 3593 2492 3664 πρὸς
2529 3593 2620 3646 τὸν
2657 3591 2853 3662 ἐφεξῆς
2885 3592 3042 3660 λόγον
3081 3591 3178 3662 ήδη
3217 3592 3316 3662 μέν
3366 3590 3630 3660 ἔλθωμεν.

2060 3685 2206 3753 Φησὶ
2242 3681 2368 3753 γάρ·
2409 3685 2476 3737 AI
2503 3683 2695 3752 χεῖρες
2727 3683 2911 3737 αὐτοῦ
2943 3684 3230 3750 τορευταὶ,
3265 3685 3510 3750 χρυσαῖ,
3543 3697 3631 3735 πε-

2069 3771 2446 3842 πληρωμέναι
2479 3773 2740 3842 θαρσεῖς.
2769 3773 2890 3826 Ὅτι
2921 3773 3018 3843 μὲν
3037 3768 3129 3826 οὖν
3155 3771 3351 3841 ἀτελής
3375 3774 3531 3826 ἐστιν
3551 3771 3632 3823 ἐπὶ

2067 3865 2160 3918 τοῦ
2210 3864 2460 3934 σώματος
2493 3864 2593 3933 τῆς
2633 3861 2956 3934 Ἐκκλησίας
2981 3864 3015 3932 ἡ
3049 3861 3144 3914 τοῦ
3175 3861 3460 3931 ὀφθαλμοῦ
3490 3862 3632 3932 χάρις

2069 3956 2169 4024 τῆς
2199 3955 2306 4008 τῶν
2337 3954 2533 4026 χειρῶν
2555 3953 2856 4025 ὑπουργίας
2876 3950 3252 4022 διεζευγμένη,
3279 3951 3470 4018 σαφῶς
3497 3950 3632 4020 παρὰ

2069 4046 2161 4098 τοῦ
2215 4045 2445 4116 μεγάλου
2497 4043 2894 4115 μεμαθήκαμεν
2944 4042 3158 4096 Παύλου
3186 4081 3201 4104 ,
3233 4042 3289 4105 ὃς
3323 4058 3514 4113 φησιν,
3558 4042 3627 4093 ὅτι

2075 4139 2158 4191 Οὺ
2189 4135 2435 4190 δύναται
2472 4137 2504 4189 ὁ
2553 4134 2857 4204 ὀφθαλμὸς
2889 4132 3077 4188 εἰπεῖν
3111 4132 3188 4200 τῇ
3218 4135 3367 4201 χειρὶ
3387 4134 3629 4202 ,Χρείαν

2072 4231 2187 4286 σοῦ
2221 4230 2333 4282 οὐκ
2373 4229 2508 4297 ἔχω.
2549 4229 2683 4280 Τότε
2721 4227 2828 4298 γὰρ
2878 4226 3109 4296 μάλιστα
3141 4227 3178 4296 ’ή
3210 4225 3316 4278 τῶν
3341 4224 3630 4296 ὀφθαλμῶν

397 4316 567 4382 bent;
599 4330 693 4384 per
738 4316 978 4370 studium
1024 4315 1410 4386 praeclararum
1457 4334 1636 4373 rerum
1665 4323 1880 4392 egregie
1909 4339 1958 4378 se

2081 4321 2318 4392 ἐνέργεια
2348 4318 2638 4379 δείκνυται,
2666 4317 2792 4370 ὅταν
2814 4316 2882 4369 τὰ
2907 4316 3041 4386 ἔργα
3066 4319 3332 4388 μαρτυρεῖ
3347 4317 3446 4386 τὴν
3477 4315 3630 4381 ὀξυω-

399 4407 526 4459 duci
551 4406 904 4460 declarantia.
927 4406 1064 4473 Quia
1094 4423 1221 4462 vero
1247 4409 1400 4479 prius
1431 4409 1673 4466 indicato
1705 4427 1965 4468 manuum

401 4495 567 4548 divini
603 4497 850 4564 corporis
875 4499 1148 4562 encomio,
1179 4515 1274 4569 per
1298 4515 1362 4555 ea
1401 4517 1520 4571 qme
1555 4503 1812 4567 diximus,
1844 4520 1969 4575 per-

401 4585 634 4655 gendum
661 4586 819 4641 nobis
853 4595 936 4641 est
962 4588 1026 4641 ad
1056 4591 1451 4659 expositionem
1485 4593 1647 4657 hanc,
1679 4610 1788 4664 quo
1820 4596 1969 4651 vide-

403 4679 528 4730 licet
567 4677 729 4730 modo
763 4680 1060 4748 comparati
1095 4697 1220 4736 esse
1257 4681 1491 4737 debeant
1522 4685 1620 4748 illi,
1657 4686 1750 4755 qui
1781 4687 1835 4740 in
1865 4687 1970 4742 Ec-

400 4768 566 4824 clesia
604 4784 862 4824 manuum
895 4771 1073 4824 loeum
1109 4772 1357 4827 obtinent
1381 4815 1395 4836 ,
1431 4776 1566 4843 ipsis
1594 4775 1762 4831 divini
1803 4779 1968 4848 hujus

401 4861 611 4915 oraculi
643 4861 824 4916 verbis
846 4863 1177 4932 praemissis,
1213 4881 1310 4934 pro
1333 4867 1473 4920 virili
1513 4877 1698 4923 nostra
1733 4871 1968 4925 abditam

402 4951 456 5005 in
491 4967 554 5006 eo
587 4954 913 5006 sententiam
968 4954 1319 5010 considerare
1351 4955 1458 5012 Deo
1493 4961 1826 5016 concedente
1878 4977 1974 5016 co-

404 5043 677 5097 nabimur.
697 5043 913 5111 Manus,
946 5047 1139 5116 inquit,
1163 5047 1311 5101 illius
1337 5051 1559 5112 tortiles,
1586 5069 1780 5119 aurea’,
1804 5054 1972 5121 plena:

408 5131 625 5189 tharsis.
671 5137 848 5205 Atque
908 5137 1172 5194 hactenus
1207 5140 1423 5208 quidem
1476 5143 1529 5196 in
1584 5143 1734 5200 hisce
1793 5147 1972 5202 verbis

407 5237 604 5280 sensus
637 5226 962 5284 manifestus
991 5237 1097 5294 est,
1138 5231 1283 5300 quod
1326 5233 1398 5288 ob
1435 5249 1555 5304 quae
1585 5243 1746 5305 caput
1787 5237 1976 5291 lauda-

410 5325 521 5378 tur,
562 5316 750 5370 eadem
781 5334 1038 5375 manuum
1073 5337 1292 5393 quoque
1316 5328 1626 5380 encomium
1666 5327 1968 5382 absolvant.

411 5403 474 5457 Et
501 5416 665 5474 caput
693 5409 1004 5477 accepimus
1029 5427 1125 5480 pro
1147 5413 1366 5470 Christo
1395 5417 1692 5472 secundum
1728 5432 1972 5486 carnem,

477 5592 523 5628 ³⁸
560 5595 582 5650 ι
613 5597 736 5651 Cor.
775 5614 872 5662 xn,
901 5599 992 5655 21.

2077 4411 2206 4465 πίαν
2234 4411 2312 4480 τῷ
2340 4410 2545 4479 ὄμματι
2569 4447 2584 4468 ,
2613 4407 2699 4462 διὰ
2733 4407 2832 4478 τῆς
2859 4407 2987 4477 περὶ
3018 4407 3086 4460 τὰ
3119 4407 3257 4460 καλὰ
3284 4407 3521 4477 σπουδῆς
3545 4404 3633 4475 τήν

2078 4504 2284 4574 ἀγαθὴν
2305 4501 2525 4571 ὀδηγίαν
2545 4500 2937 4570 ἐπισημαίνων.
2977 4497 3192 4569 Ἐπειδὴ
3214 4498 3317 4570 χρὴ
3346 4499 3632 4569 προθέντας

2075 4596 2166 4648 τὸν
2218 4593 2347 4663 περὶ
2387 4580 2494 4645 τῶν
2532 4591 2731 4662 χειρῶν
2783 4589 2878 4644 τοῦ
2917 4589 3062 4642 θείου
3106 4589 3358 4661 σώματος
3407 4591 3630 4649 ἔπαινον,

2075 4685 2402 4757 όδηγηθῆναι
2421 4685 2507 4738 διὰ
2535 4683 2643 4738 τῶν
2665 4683 2966 4755 εἰρημένων
2987 4683 3133 4745 ὅπως
3157 4684 3422 4750 προσήκει
3445 4695 3633 4748 κατηρ-

2078 4778 2258 4832 τίσθαι
2314 4777 2438 4838 τοὺς
2472 4776 2592 4828 ἀντὶ¹
2617 4774 2814 4845 χειρῶν
2842 4775 3002 4838 ὄντας
3035 4775 3127 4826 ἐπὶ
3145 4773 3245 4843 τῆς
3273 4774 3630 4846 Ἐκκλησία·

2079 4869 2209 4923 αὐτὸ
2237 4867 2527 4939 προθέντες
2559 4867 2620 4918 τὸ
2636 4865 2777 4918 θεῖον
2800 4865 2998 4933 λόγιον,
3017 4865 3163 4926 ὅπως
3191 4863 3256 4916 ἂν
3273 4857 3385 4916 οἷόν
3411 4880 3473 4916 τε
3548 4860 3634 4930 τὴν

2081 4961 2404 5032 ἐγκειμένην
2434 4958 2582 5015 αὑτῶ
2619 4958 2888 5029 θεωρῆσαι
2929 4956 3182 5020 διάνοιαν,
3210 4955 3447 5018 διδόντος
3491 4953 3630 5011 Θεοῦ,

2081 5050 2469 5123 πειρασόμεθα.
2527 5050 2727 5117 Χεῖρες
2785 5048 2970 5102 αὑτοῦ
3019 5047 3289 5114 τορευταὶ
3311 5089 3326 5110 ,
3392 5044 3629 5115 χρυσαῖ,

2083 5147 2233 5216 φησὶ,
2261 5140 2717 5210 πεπληρωμέναι
2743 5140 3004 5205 θαρσεῗς.
3033 5137 3181 5200 Τέως
3209 5138 3308 5206 μὲν
3334 5132 3431 5190 οὖν
3467 5132 3631 5190 τοσοῦ-

2079 5253 2170 5289 τον
2199 5232 2464 5304 πρόδηλόν
2495 5232 2643 5283 ἐστιν
2670 5230 2732 5281 ἐκ
2757 5228 2866 5281 τῶν
2905 5227 3213 5298 εἰρημένων
3252 5226 3315 5279 τὸ
3342 5227 3539 5298 νόημα,
3566 5225 3630 5276 ὅτι

2081 5323 2162 5387 οἷς
2186 5324 2248 5377 τὸ
2275 5322 2375 5393 τῆς
2404 5318 2652 5388 κεφαλῆς
2685 5313 2824 5380 εἶδος
2851 5316 3251 5387 ἐγκωμιάζεται
3273 5355 3288 5379 ,
3321 5315 3411 5369 διὰ
3432 5317 3535 5369 τῶν
3555 5311 3631 5365 αύ-

2081 5416 2190 5469 τῶν
2223 5414 2316 5469 καὶ
2354 5413 2475 5474 ταῖς
2505 5409 2662 5480 χερσὶ
2709 5407 3009 5479 πληροῦται
3046 5409 3074 5460 ὁ
3109 5405 3351 5469 ἔπαινος.
3399 5399 3629 5474 Κεφαλήν

3489 201 3717 259 ιοοεγ
