3738 5984
114 245 264 300 101ι9
1134 238 1213 302 ἸΝ
1254 246 1550 305 CANTICA
1582 255 1590 297 t

1894 251 2170 312 HOMILIA
2215 257 2353 314 ΧΠ.
3237 254 3370 318 1070

106 368 173 420 δὲ
200 364 440 436 Χριστὸν
471 367 772 438 ἐνοήσαμεν
793 408 808 432 ,
840 368 896 422 ἐν
936 361 980 437 ᾦ
1015 371 1043 423 6
1073 370 1203 434 Θεὸς
1240 367 1330 442 ἦν,
1370 371 1462 424 τὸν
1489 371 1582 423 κόο

1908 388 2018 442 quo
2051 375 2194 434 Deus
2237 387 2357 434 erat
2403 377 2667 433 mundum
2716 373 2817 436 sibi
2859 381 3249 448 reconcilians,
3286 387 3363 440 uti

104 456 300 528 ἑαυτῷ
331 459 740 522 καταλλάσσων,
781 461 920 515 κατὰ
960 460 1055 532 τὴν
1087 461 1298 516 Παύλου
1330 463 1544 531 φωνήν’

1885 465 2002 520 ulus
2031 467 2273 538 loquitur
2289 469 2368 525 ’δε
2407 472 2499 540 qui
2532 486 2592 525 se
2619 473 2675 526 in
2709 487 2876 528 carne
2905 490 3004 544 per
3034 477 3262 531 virtutes
3297 493 3361 530 ac

109 551 181 620 τῇ
217 551 386 620 σαρκὶ
435 549 523 602 διὰ
555 550 664 603 τῶν
692 551 973 622 δυνάμεων
1017 570 1078 605 τε
1124 555 1218 607 καὶ
1262 552 1370 606 τῶν
1403 553 1697 624 Θαυμάτων

111 637 312 691 ἑαυτὸν
361 636 702 708 φανερώσας.
751 641 812 692 Ei
857 637 951 694 οὖν
987 643 1020 712 ή
1075 641 1327 710 νοηθεῖσα
1375 643 1512 713 ’ἡμῖν
1557 639 1694 713 αὕτη

105 725 332 797 ’κεφαλὴ
365 727 586 796 χρυσίον
623 729 899 799 ἀκήρατον
931 731 1082 801 παρὰ
1129 731 1220 784 τοῦ
1260 731 1418 800 λόγου
1462 748 1698 786 κατωνο-

115 816 338 888 μάσθη,
397 817 487 871 διὰ
542 818 604 872 τὸ
651 821 833 891 πάσης
881 821 1154 894 ἁμαρτίας
1201 816 1358 888 ἐκτὸς
1415 819 1590 878 εἶναι·
1634 825 1698 908 ’ὃς

124 909 444 976 Ἀμαρτίαν
479 911 592 963 οὐκ
628 911 914 978 ἐποίησε,
950 914 1132 983 φησὶν,
1184 914 1325 969 οὐδὲ
1375 910 1585 985 εὑρέθη
1628 917 1698 971 ἐν

103 999 195 1064 τῷ
239 1003 496 1070 στόμαζι
535 1002 722 1057 αὐτοῦ
759 1003 971 1070 δόλος·
1021 1008 1227 1076 χρυσᾶς
1267 1007 1324 1061 δέ
1355 1025 1518 1077 φησιν
1557 1005 1695 1061 εἶναι

110 1091 215 1153 τὰς
261 1091 453 1160 χεῖρας
495 1091 524 1144 6
565 1089 721 1159 λόγος
748 1107 761 1119 ·
800 1092 1066 1165 πρόδηλόν
1104 1095 1219 1150 ἐστι
1262 1097 1324 1151 τὸ
1359 1097 1448 1151 διὰ
1490 1093 1696 1153 τούτων

98 1177 429 1248 νοούμενον,
455 1179 534 1233 ὃτι
556 1179 618 1232 τὸ
647 1182 770 1234 καθ’
794 1183 914 1236 ὅλου
940 1184 1224 1255 νοούμενον
1253 1186 1488 1258 καθαρόν
1514 1206 1572 1241 τε
1605 1191 1696 1242 καὶ

106 1267 523 1340 ἀναμάρτητον,
559 1271 653 1324 καὶ
677 1273 857 1341 πάσης
885 1273 1084 1339 κακίας
1122 1277 1321 1345 ἀμιγές
1347 1294 1405 1330 τε
1436 1275 1529 1330 καὶ
1555 1279 1696 1332 ἁπα-

106 1358 378 1426 ρὰδεκτον
411 1358 690 1429 νομοθετεῖ
718 1365 782 1432 τῇ
813 1365 955 1434 χειρὶ
990 1367 1018 1418 6
1046 1364 1219 1432 λόγος.
1255 1369 1425 1438 Χεῖρα
1452 1361 1510 1420 δὲ
1544 1367 1694 1422 νοοῦ-

109 1467 217 1519 μεν
239 1451 462 1514 πάντως
486 1453 584 1522 τὴν
603 1451 669 1503 τὰ
701 1454 854 1506 κοινὰ
873 1454 972 1523 τῆς
1014 1454 1334 1525 Ἐκκλησίας
1361 1457 1441 1519 εἰς
1468 1457 1566 1520 τὰς
1587 1457 1694 1510 τῶν

99 1542 348 1596 ἐντολῶν
394 1543 582 1612 χρείας
620 1543 1070 1615 διαχειρίζουσαν,
1107 1536 1175 1616 ἦς
1229 1545 1447 1610 ἔπαινός
1485 1550 1600 1602 ἐστι
1632 1549 1693 1602 τὸ

105 1631 446 1702 ὁμοιωθῆναι
471 1634 536 1703 τῇ
569 1633 665 1704 τῆς
697 1633 940 1704 κεφαλῆς
975 1634 1151 1704 φύσει,
1183 1636 1322 1690 κατὰ
1353 1638 1413 1691 τὸ
1453 1637 1689 1709 καθαρόν

103 1738 167 1775 τε
201 1721 301 1775 καὶ
330 1721 733 1792 ἀναμάρτητον.
771 1722 1002 1794 Καθαρὰ
1023 1724 1081 1777 δὲ
1099 1724 1307 1792 γίνεται
1339 1727 1510 1797 τότεὴ
1547 1728 1688 1798 χεὶρ,
1721 1717 1765 1772 Β

103 1814 242 1866 ὅταν
270 1813 360 1865 διὰ
387 1815 487 1883 τῆς
517 1813 734 1882 τορείας
764 1812 910 1866 ἅπαν
949 1812 1287 1885 ἀποξύσηται
1321 1817 1381 1869 τὸ
1406 1817 1693 1888 ἐμποδίζον

102 1903 190 1973 τῷ
232 1903 441 1958 κάλλει.
499 1903 766 1974 Καθάπερ
812 1904 920 1975 γὰρ
958 1905 1094 1977 πρός
1123 1923 1244 1960 τινα
1290 1907 1430 1971 ζώου
1481 1913 1694 1984 μορφὴν

97 1994 527 2058 ’ἀποτυποῦντες
565 1995 625 2049 τὸ
666 1995 956 2067 μάρμαρον
977 2037 991 2060 ,
1022 1998 1204 2052 ἐκεῖνα
1242 1999 1329 2053 διὰ
1356 2002 1453 2071 τῆς
1481 2005 1693 2075 τορείας

103 2086 448 2155 ἐγγλύφουσι
475 2086 554 2157 τῷ
581 2085 733 2158 λίθῳ,
769 2087 861 2140 καὶ
893 2088 1335 2157 ὲγκολάπτουσιν,
1367 2086 1442 2147 ὧν
1477 2112 1691 2166 περιαι-

99 2179 386 2246 ρεθέντων
419 2179 555 2248 πρὸς
593 2179 653 2232 τὸ
698 2181 1006 2251 ἀρχέτυπον
1054 2179 1191 2245 εἶδος
1223 2185 1595 2240 ἀποτυποῦται
1633 2188 1692 2240 τὸ

105 2266 346 2336 μίμημα
375 2280 387 2293 ·
418 2267 560 2320 οὕτω
589 2270 682 2321 καὶ
705 2267 799 2322 ἐπὶ
822 2270 914 2324 τοῦ
941 2270 1168 2335 κάλλους
1189 2271 1297 2325 τῶν
1322 2273 1415 2326 τοῦ
1444 2273 1691 2344 σώματος

104 2360 215 2426 τῆς
257 2357 585 2427 Ἐκκλησίας
607 2359 809 2431 ,χειρῶν
841 2361 1009 2414 πολλὰ
1042 2363 1147 2433 χρὴ
1173 2363 1261 2417 διὰ
1288 2365 1386 2436 τῆς
1414 2365 1522 2420 τῶν
1547 2366 1692 2436 λογι-

103 2447 272 2517 σμῶν
297 2449 511 2518 τορείας
529 2450 912 2521 ἀποξεσθῆναι,
939 2452 1028 2507 ἴνα
1053 2455 1278 2526 γένηται
1314 2458 1346 2526 ἡ
1371 2458 1491 2529 χεὶρ
1518 2459 1690 2529 χρυσῆ

98 2539 184 2601 ὡς
211 2537 430 2610 ἀληθῶς
461 2541 555 2593 καί⁹
586 2541 880 2614 ἀκήρατος.
915 2541 1140 2610 Πάντως
1173 2546 1228 2600 δὲ
1261 2547 1500 2618 πρόδηλα
1525 2549 1690 2603 πᾶσίν

99 2632 286 2693 ἐστιν,
312 2631 411 2682 ὅσα
459 2631 536 2700 μὴ
571 2634 986 2704 περιαιρεθέντα
1027 2637 1127 2707 τῆς
1170 2639 1349 2708 χειρὸς
1393 2639 1472 2710 τῷ
1505 2640 1690 2696 κάλλει

106 2715 454 2789 λυμαίνεται,
478 2719 588 2775 οἷον
624 2723 684 2776 τὸ
705 2724 1184 2796 ἀνθρωπαρέσκον,
1213 2725 1276 2780 τὸ
1308 2729 1598 2798 φιλόδοξον,
1627 2731 1690 2786 τὸ

102 2809 425 2881 φιλοκερδὲς
442 2855 457 2879 ,
488 2813 549 2865 τὸ
583 2814 743 2884 μόνον
771 2817 906 2887 πρὸς
928 2819 989 2871 τὸ
1007 2819 1325 2890 φαινόμενον
1352 2822 1594 2893 βλέπειν,
1627 2826 1688 2879 τὺ

105 2905 465 2972 περιφάνειαν
508 2923 630 2960 τινα
669 2907 847 2978 ἑαυτῷ
873 2909 960 2962 διὰ
998 2909 1105 2966 τῶν
1148 2913 1205 2965 ὲν
1239 2916 1395 2986 χερσὶ
1429 2934 1682 2988 πραγμα·

100 2993 380 3061 τεύεσθαι,
411 2996 470 3048 τὸ
499 2998 579 3059 εἰς
615 2999 826 3069 τρυφὴν
851 3001 945 3053 καὶ⁸
972 3001 1271 3074 ἀπόλαυσιν
1307 3006 1445 3060 ἰδίαν
1471 3010 1538 3080 τῇ
1575 3009 1686 3063 τῶν

94 3083 342 3136 ἐντολῶν
359 3086 766 3157 ἀποκεχρῆσθαι
789 3096 1130 3164 παρασκευῇ’
1191 3096 1296 3167 χρὴ
1318 3097 1494 3152 πάντα
1513 3099 1686 3154 ταῦτα

102 3175 206 3228 καὶ
232 3175 299 3228 τὰ
339 3177 564 3230 τοιαῦτα
593 3182 707 3243 τοῖς
745 3181 852 3236 τῶν
885 3182 1162 3254 λογισμῶν
1204 3187 1454 3258 ὀργάνοις
1481 3192 1687 3259 ἀποξυ-

103 3264 366 3332 σάμενον,
401 3266 577 3319 ἐκεῖνο
604 3268 920 3323 καταλιπεῖν
951 3271 1111 3342 μόνον
1150 3274 1212 3326 τὸ
1239 3276 1474 3347 καθαρόν
1501 3297 1561 3332 τε
1591 3282 1684 3334 καὶ

97 3352 492 3422 ἀκιὸδήλευτον
538 3357 760 3426 χρυσίον
787 3359 888 3428 τῆς
917 3363 1287 3434 προαιρέσεως
1305 3406 1321 3431 ,
1351 3369 1410 3420 τὸ
1435 3372 1500 3440 τῇ
1544 3370 1682 3441 ἀκη-

93 3442 258 3514 ράτῳ
277 3445 488 3516 κεφαλῇ
519 3446 892 3519 ὁμοιούμενον.
927 3453 1267 3525 Σαφέστερον
1299 3457 1346 3509 δ’
1377 3459 1443 3511 ἂν
1476 3462 1682 3528 γένοιτο

99 3537 236 3604 ἡμῖν
263 3534 325 3588 τὸ
356 3535 643 3608 λεγόμενον
661 3539 749 3594 διὰ
774 3543 873 3612 τῆς
894 3541 986 3597 τοῦ
1020 3544 1341 3601 Ἀποστόλου
1372 3553 1555 3622 φωνῆς
1577 3572 1591 3584 ι
1622 3556 1680 3617 ὃς

102 3627 298 3679 πιστὸν
318 3628 408 3680 τὸν
429 3629 561 3683 Θεὸν
587 3631 876 3710 ὀνομάσας)
912 3635 1064 3689 οὐδὲν
1103 3637 1230 3691 ἄλλο
1258 3643 1350 3694 καὶ
1378 3643 1435 3694 ὲν
1463 3647 1577 3708 τοῖς
1599 3647 1665 3698 oi-

103 3717 358 3786 κονόμοις
404 3717 586 3788 ζητεῖν
613 3721 791 3790 ἀξιοῖ,
833 3725 866 3796 ἦ
905 3726 968 3779 τὸ
1002 3729 1194 3784 πιστὸν
1219 3731 1502 3803 εὑρεθῆναι
1531 3751 1545 3766 ·
1585 3738 1678 3789 ού-

98 3807 237 3860 τωσὶ
279 3809 495 3878 γράψας
525 3811 604 3883 τῷ
636 3813 860 3884 ῥήματι.
916 3818 982 3870 Ὃ
1019 3817 1079 3871 δὲ
1126 3821 1590 3896 λοιπὸν,ζητεῖται
1620 3831 1682 3882 ὲν

95 3901 215 3961 τοῖς
277 3901 604 3970 οἰκονόμοις,
644 3906 746 3959 ἵνα
768 3910 986 3976 πιστός
1023 3928 1112 3978 τις
1139 3914 1373 3984 εὑρεθῇ.
1415 3919 1624 3973 Οὐκοῦν
1650 3924 1679 3973 ό

95 3988 295 4052 πιστὸς
341 3992 434 4044 καὶ
485 3993 746 4064 φρόνιμος
783 3998 1064 4084 οἰκονόμος
1107 4004 1229 4057 ἀντὶ
1273 4008 1453 4077 χειρὸς
1483 4009 1562 4063 ὣν
1609 4014 1676 4084 τῇ

108 4081 429 4164 Ἐκκλησία,
460 4085 668 4156 χρυσῆν
704 4087 827 4140 καθ’
858 4077 1147 4164 ὁμοιότίητα
1172 4097 1272 4167 τῆς
1299 4100 1540 4171 κεφαλῆς
1571 4077 1676 4156 δείζ

95 4187 260 4224 κνυσι
318 4159 417 4242 τήν
472 4176 629 4245 χεῖρα
679 4175 772 4228 τοῦ
820 4178 1072 4250 σώματος
1095 4223 1112 4248 ,
1145 4185 1238 4238 τὸν
1283 4190 1444 4256 σοφὸν
1480 4194 1673 4248 ἑαυτοῦ

87 4256 364 4332 δεσπότην
395 4262 487 4316 διὰ
526 4263 619 4316 τοῦ
651 4265 773 4334 βίου
811 4269 1164 4341 μιμούμενος,
1208 4277 1321 4330 Οὐκ
1344 4274 1414 4350 ἦν
1451 4283 1673 4356 τοιαύτη

1796 554 2062 610 miracula
2083 559 2365 629 patefecit.
2391 561 2546 627 Quod
2575 563 2623 618 si
2649 579 2781 634 ergo
2802 573 2964 634 caput
2987 566 3088 621 hoc
3112 577 3364 622 nostrum

1799 646 2129 715 appellatum
2188 649 2290 704 fuit
2342 666 2534 706 aurum
2591 653 3034 723 immaculatum,
3082 664 3365 728 “prtipterea

1798 737 1944 802 quod
1975 746 2128 793 extra
2171 755 2333 798 omne
2391 753 2670 813 peccatum
2711 747 2784 800 sit
2858 748 3361 818 (quemadmodum

1798 826 2000 881 dicitur
2025 847 2039 883 :
2077 830 2356 886 Peccatum
2382 835 2581 888 nul/um
2605 839 2938 906 perpetravit,
2967 856 3130 909 neque
3158 841 3365 894 inventa

1798 918 1951 984 fraus
1974 923 2129 974 est-in
2152 940 2239 977 ore
2269 925 2432 992 ipsius
2455 916 2843 998 "Mtidemque
2874 931 2960 983 hic
2987 947 3181 987 manus
3202 935 3362 986 etiam

1801 1021 2066 1068 vocantur
2099 1030 2318 1074 aureae:
2369 1020 2637 1074 nimirum
2665 1034 2809 1091 patet
2861 1025 2963 1078 hoc
3000 1027 3118 1095 ipso
3161 1027 3364 1097 signifi‘

1791 1105 1951 1169 'cari,
2008 1123 2204 1162 manus
2265 1110 2362 1165 has
2416 1127 2640 1180 prorsus
2690 1128 2813 1168 esse
2871 1130 3072 1183 puras,
3114 1128 3363 1187 expertes

1799 1199 2027 1267 peccati,
2064 1201 2273 1255 alienas
2301 1204 2366 1255 ab
2398 1204 2542 1256 omni
2583 1190 2892 1260 vitiositate.
2933 1207 3148 1262 Manum
3181 1218 3360 1264 autem

1797 1288 2136 1356 appellamus
2172 1306 2315 1353 eam,
2349 1309 2468 1361 qua:
2524 1296 2587 1347 ad
2629 1311 2763 1351 usus
2795 1298 3057 1354 divinitus
3112 1303 3362 1369 priescri-

1798 1385 1919 1447 ptos
1975 1381 2188 1446 publica
2257 1382 2396 1436 bona
2459 1387 2714 1440 Ecclesia:
2770 1388 3156 1444 administrat:
3206 1394 3363 1458 cujus

1798 1467 1912 1522 llzec
1964 1470 2181 1540 propria
2240 1473 2356 1527 lous
2393 1484 2516 1538 est,
2560 1486 2617 1529 ut
2655 1479 2851 1548 capitis
2908 1491 3116 1536 natura:
3170 1487 3363 1540 similis

1800 1560 1922 1622 ﬁat,
1959 1563 2172 1617 ratione
2221 1567 2479 1633 puritatis
2517 1578 2861 1637 peccatorum
2910 1576 3170 1642 expertis.
3209 1574 3361 1630 Tune

1798 1663 1978 1710 autem
2012 1670 2216 1709 manus
2240 1657 2294 1708 ﬁt
2331 1673 2462 1726 pura
2494 1701 2507 1722 ,
2561 1676 2682 1715 cum
2719 1665 2988 1719 tornalldo
3028 1674 3198 1720 totum
3231 1666 3361 1723 illud
3389 1728 3403 1738 ε

1797 1747 2084 1810 abraserit,
2119 1749 2262 1819 quod
2291 1751 2571 1818 elegantiae
2605 1753 2990 1824 impedimento
3021 1769 3122 1812 est.
3160 1757 3364 1825 Quem-

1797 1839 2085 1892 admodum
2124 1841 2266 1893 enim
2300 1840 2416 1903 illi,
2470 1840 2568 1912 qui
2613 1857 2853 1901 marmor
2885 1848 2951 1901 ad
2993 1848 3215 1919 figuram
3245 1855 3362 1906 ania

1795 1929 1954 1981 malis
1993 1929 2226 1997 alicuitts
2263 1931 2609 1987 conformant
2634 1973 2648 1996 ,
2698 1949 2760 1989 ea
2798 1940 3066 1994 (ornando
3104 1943 3362 2011 sculpunt

1793 2027 1848 2071 et
1879 2018 2127 2074 incidunt
2152 2020 2314 2089 lapidi
2341 2061 2355 2084 ,
2387 2024 2587 2092 quibus
2620 2029 2909 2095 amputatis
2941 2031 3006 2083 ad
3055 2035 3358 2104 exemplum

1797 2110 2050 2179 princeps
2107 2112 2462 2167 simulacrum
2519 2115 2835 2186 cllingitur:
2917 2122 2997 2176 sic
3076 2127 3238 2178 etiam
3303 2129 3358 2182 in

1792 2202 2206 2270 pulchritudine
2257 2219 2518 2264 manuum
2568 2211 2818 2281 corporis
2876 2213 3138 2272 Ecclesiae
3189 2222 3358 2276 multa

1795 2309 1892 2364 per
1922 2296 2397 2353 ratiocinationum
2448 2300 2755 2359 deradenda
2806 2320 2928 2363 sunt
2975 2314 3356 2377 tornationenl,

1796 2397 1854 2441 ut
1882 2402 2078 2443 manus
2108 2404 2234 2444 vere
2263 2405 2428 2446 aurea
2462 2394 2551 2448 ﬁat
2586 2404 2640 2449 et
2669 2412 2826 2465 pura.
2861 2399 3045 2470 Neque
3079 2418 3206 2458 vero
3238 2409 3359 2459 cui-

1793 2495 1955 2548 quam
1992 2481 2227 2536 obscura
2277 2499 2398 2539 esse
2454 2495 2720 2555 possunt,
2758 2507 2879 2560 quin
2927 2510 3035 2547 non
3076 2506 3357 2566 amputata

1793 2583 1986 2624 manus
2025 2571 2422 2640 pulchritudini
2477 2576 2745 2642 oﬂiciant,
2781 2583 2930 2637 verbi
2982 2587 3192 2654 gratia,
3241 2598 3357 2644 stud

1791 2659 1939 2712 dium
1976 2661 2221 2729 placendi
2247 2655 2580 2732 hominibus,
2610 2671 2860 2735 avaritia,
2891 2676 3136 2740 ambitio,
3178 2682 3353 2735 solum

1791 2749 1859 2803 ad
1893 2766 1954 2804 ea
1989 2755 2264 2823 respicere
2291 2772 2412 2825 quis
2444 2757 2548 2812 sub
2581 2762 2772 2817 oculos
2822 2765 3058 2830 cadunt,
3101 2770 3356 2837 splendn.

1791 2855 1903 2894 rem
1935 2843 2037 2897 sibi
2075 2860 2138 2899 ex
2177 2848 2340 2903 rebus
2371 2854 2731 2918 praesentibus
2756 2869 3095 2926 comparare,
3128 2861 3192 2914 ad
3219 2862 3321 2915 deli
3341 2886 3354 2903 ι

1791 2934 1904 2988 cias
1937 2942 1992 2988 et
2020 2937 2351 3008 voluptatem
2378 2945 2652 3013 propriam
2709 2946 2857 3000 abuti
2893 2950 3123 3005 collecto
3161 2968 3222 3006 ex
3263 2950 3354 3008 Dei

1712 3045 1757 3105 ε
1791 3026 2047 3082 mandato
2077 3044 2255 3097 penu:
2297 3034 2495 3102 quibus
2545 3038 2763 3106 quidem
2804 3041 3077 3098 universis
3129 3055 3184 3098 et
3237 3048 3356 3114 ejus

1791 3119 2007 3186 generis
2035 3121 2156 3178 aliis
2180 3139 2277 3193 per
2302 3125 2667 3184 instrumenta
2695 3133 3087 3203 cogitationum
3117 3138 3353 3206 abrasis,

1791 3210 1964 3264 solum
1997 3213 2291 3271 voluntatis
2327 3233 2519 3287 purum
2562 3220 2693 3274 illud
2736 3237 2800 3278 ac
2841 3225 3064 3282 minime
3093 3229 3382 3284 adulteri-i

1791 3316 1918 3354 num
1959 3319 2152 3358 aurum
2205 3308 2619 3378 relinquendum
2650 3323 2733 3369 est
2759 3356 2774 3381 ,
2826 3319 2972 3386 quod
3005 3318 3353 3378 immaculato

1789 3392 1949 3458 capiti
1981 3403 2065 3447 est
2096 3397 2289 3452 simile.
2334 3399 2399 3452 Et
2438 3400 2604 3456 fuerit
2651 3403 2885 3461 fortasse
2924 3409 3072 3476 quod
3113 3410 3354 3468 dicimus

1788 3477 1961 3544 magis
2010 3483 2385 3550 perspicuum,
2422 3487 2468 3539 si
2520 3503 2616 3556 per
2667 3492 2891 3546 verbum
2933 3496 3064 3550 illud
3105 3499 3350 3568 Apostoli

1786 3566 2128 3624 declaretur:
2169 3573 2262 3641 qui
2312 3586 2660 3646 posteaquam
2704 3579 2871 3636 Deum
2909 3586 3118 3640 ﬁdelem
3154 3566 3352 3658 appel—

1787 3656 1956 3720 lavit,
1995 3657 2125 3714 nillil
2179 3663 2321 3716 aliud
2354 3667 2604 3722 etiamin
2660 3672 2738 3724 rei
2787 3673 3070 3731 familiaris
3115 3656 3353 3735 adi—nini;

1786 3751 2112 3807 stratoribus
2141 3754 2392 3822 requirit,
2429 3772 2591 3826 quam
2633 3763 2708 3815 ltti
2759 3765 2876 3832 quis
2909 3767 3084 3835 ﬁdelis
3116 3774 3348 3838 reperiri-

1787 3850 1872 3890 ηυ-
1893 3841 1956 3894 π.
1997 3843 2085 3895 Sic
2109 3845 2255 3897 enim
2283 3845 2349 3899 ad
2377 3851 2602 3903 verbum
2641 3855 2877 3922 scripsit.
2917 3854 3207 3928 Reliquum
3241 3873 3346 3930 est,

1785 3930 1927 3998 quod
1951 3932 2002 3985 in
2035 3933 2568 3997 adlninistratoribus
2600 3945 2677 3999 rei
2711 3944 2997 4004 familiaris
3024 3955 3343 4020 requiritur,

1787 4035 1843 4073 ut
1879 4022 2004 4091 quis
2039 4025 2292 4080 nimirum
2326 4028 2499 4087 ﬁdelis
2529 4039 2848 4105 reperiatur.
2889 4041 3070 4113 Itaque
3100 4047 3268 4102 ﬁdelis
3293 4058 3346 4103 et

1783 4111 2022 4177 prudens
2057 4111 2466 4172 administrator
2500 4122 2546 4154 ⁸³
2578 4125 2654 4179 rei
2696 4111 3003 4197 fan‘liliaris,
3031 4135 3124 4203 qui
3155 4135 3347 4190 Eccle-

1784 4201 1878 4254 size
1913 4216 2106 4258 manus
2142 4213 2226 4260 est
2256 4209 2396 4273 loco,
2429 4215 2728 4283 sapientem
2767 4219 3047 4278 dominum
3084 4243 3246 4281 suum
3291 4230 3344 4284 in
3433 4249 3441 4255 ·

1783 4289 1889 4344 v'ita
1931 4293 2217 4360 imitando,
2270 4315 2488 4356 manum
2524 4311 2771 4378 corporis
2815 4315 2879 4365 ad
2928 4315 3344 4376 similitudinem

91 4352 221 4421 χεὶρ
244 4353 304 4406 ὲν
326 4353 403 4423 τῷ
434 4353 542 4406 τῶν
563 4356 874 4412 ἀποστόλων
914 4361 1124 4431 σώματι
1155 4367 1183 4417 6
1217 4367 1413 4434 Ἰούδας
1447 4375 1567 4428 ἐκεῖ

91 4446 121 4472 ..ι
157 4445 393 4472 ιἽ--...λ-
423 4463 484 4472 ...Α
511 4450 599 4472 --.Α
641 4450 735 4472 τηρῇ
757 4469 829 4472 μη
857 4471 865 4472 ,
970 4457 1048 4472 ~\\
1161 4460 1201 4472 μ.
1251 4462 1265 4472 .
1506 4469 1514 4472 .

2205 4352 2215 4360 ,
2529 4352 2771 4378 nuru.”
2815 4352 2878 4365 ..υ
2929 4352 3341 4376 υιιιιιιιιιιυηιςιη

1865 4383 1977 4450 pilis
2021 4399 2239 4441 auream
2283 4391 2480 4447 reddit.
2532 4395 2647 4450 Non
2691 4410 2808 4453 erat
2853 4403 3118 4472 ejusmodi
3149 4426 3341 4468 manus

87 4446 122 4496 ὑ
155 4445 393 4509 ἐλεεινός
423 4463 485 4500 τε
511 4450 605 4503 καὶ
636 4450 888 4517 δείλαιος,
921 4457 1120 4526 μᾶλλον
1156 4460 1212 4513 δὲ
1241 4462 1270 4512 6
1297 4469 1562 4537 στυγητὸς

2695 4445 2807 4453 νη-
2854 4445 3118 4472 υ,..ο...υι..
3149 4445 3342 4468 ..η-..ιω

1867 4477 2230 4543 apostolorum
2288 4496 2517 4552 corpore
2562 4487 2732 4545 Judas
2779 4494 2869 4548 ille
2904 4497 3250 4559 miserandus
3280 4520 3343 4559 ac

91 4537 470 4609 ἀποτρόπαιος
490 4579 506 4603 ,
537 4541 596 4606 ὃς
624 4545 937 4615 οἰκονομίαν
968 4549 1200 4619 πτωχῶν
1231 4561 1678 4629 πεπιστευμένος,

89 4627 195 4698 τὴν
223 4629 324 4699 τῆς
348 4630 782 4704 φιλοχρηματίας
806 4636 1014 4708 λέπραν
1048 4642 1148 4694 οὐκ
1181 4627 1511 4709 ἀπεξύσατολ
1538 4652 1675 4707 ἀλλὰ

90 4717 274 4787 φύλαξ
321 4720 398 4774 ὣν
434 4724 528 4777 τοῦ
581 4725 968 4800 γλωσσοκόμου
1013 4733 1101 4789 διὰ
1128 4738 1255 4800 τοὺς
1306 4739 1634 4810 κλέπτοντας
1658 4786 1674 4811 ,

89 4806 264 4870 αὐτὸς
293 4809 489 4868 ἑαυτοῦ
531 4812 772 4886 κλέπτης
795 4817 1030 4887 ἐγένετο,
1065 4817 1095 4875 θ
1127 4825 1185 4878 ἐν
1208 4831 1330 4892 ταῖς
1355 4831 1540 4902 χερσὶν
1561 4806 1674 4906 εἶχε

85 4896 184 4950 διὰ
211 4898 320 4951 τῶν
351 4901 495 4954 ἰδίων
533 4907 729 4977 χειρῶν
766 4910 1176 4984 ὑφαιρούμενος,
1203 4921 1294 4974 καὶ
1326 4921 1386 4975 οὐ
1422 4926 1555 4996 πρὸς
1578 4929 1674 4999 τὴν

92 4990 340 5087 ἐντολὴν,
381 4993 516 5048 ἀλλὰ
542 4999 679 5068 πρὸς
711 5000 780 5053 τὰ
809 5005 1066 5074 χρήματα
1091 5007 1302 5077 βλέπων
1326 5029 1340 5044 σ
1374 4990 1506 5087 ὄιν-ἠ
1538 4990 1673 5072 ἀπό-

89 5076 290 5145 λαυσις
339 5084 556 5153 ἐγένετο
580 5088 680 5175 Ἀτί
706 5105 720 5155 ;
762 5091 989 5166 Ἀγχόνη
1015 5076 1294 5164 ἑκούσιος,
1340 5076 1671 5175 ζωῆςυάλλο-

87 5167 319 5236 τρίωσις
337 5211 352 5236 ,
401 5171 726 5246 πανολεθρία
755 5178 964 5252 ψυχῆς,
1018 5167 1361 5257 μνημόσυνον
1391 5167 1624 5267 πονηρὸν
1651 5238 1668 5262 ,

86 5259 258 5312 παντὶ
283 5260 363 5332 τῷ
401 5266 519 5332 μετ’
547 5266 709 5320 αὑτὸν
737 5271 914 5344 χρόνῳ
945 5279 1430 5350 συνεκτεινόμενον.
1463 5285 1670 5340 Οὐκοῦν

88 5356 353 5422 τορευτὰς
380 5352 517 5411 εἶναι
554 5360 658 5431 χρὴ
691 5364 782 5416 καὶ
826 5365 1148 5440 διαγλύφους
1187 5372 1288 5435 τὰς
1329 5377 1544 5446 χεῖρας,
1584 5379 1669 5434 ἵνα

89 5444 548 5513 περιαιρεθέντων
569 5449 675 5505 τῶν
707 5455 890 5508 κακῶν
919 5463 1370 5530 συμπεφυκότων,
1399 5465 1459 5517 τὸ
1485 5466 1668 5523 λειπόο

1780 4558 1942 4636 lniser
1965 4601 1978 4622 ,
2012 4565 2092 4617 vel
2127 4567 2308 4633 potius
2343 4571 2469 4625 odio
2501 4573 2699 4644 dignus
2732 4588 2788 4634 et
2824 4588 3176 4646 exsecrabilis
3202 4635 3217 4657 ,
3253 4592 3341 4648 cui

1776 4662 1899 4701 cum
1930 4665 2061 4706 cura
2107 4665 2252 4711 esset
2290 4663 2584 4720 commissa
2622 4683 2957 4739 pauperum,
2995 4683 3238 4736 avaritiae
3268 4685 3344 4739 le‘

1777 4753 1926 4805 pram
1962 4757 2070 4797 non
2109 4747 2352 4814 abrasit,
2389 4755 2482 4808 sed
2515 4767 2740 4827 propter
2774 4762 2922 4821 fures
2960 4774 3222 4842 marsupii
3249 4792 3344 4829 cu-

1778 4837 1923 4894 stos,
1963 4833 2079 4902 ipse
2130 4840 2214 4892 sui
2262 4841 2434 4910 ipsius
2472 4845 2559 4900 fur
2599 4847 2777 4906 factus
2807 4863 2909 4919 est,
2952 4857 3080 4913 dum
3109 4833 3252 4930 quod
3285 4868 3341 4921 in

1777 4923 2026 4978 inanibus
2065 4929 2182 4983 suis
2216 4932 2447 4989 habebat
2470 4970 2488 5001 ,
2518 4942 2758 5009 propriis
2792 4947 3045 5005 manibus
3079 4923 3338 5023 cleperct,

1776 5027 1882 5066 non
1922 5015 1986 5066 ad
2017 5015 2110 5070 Dei
2148 5023 2500 5094 mandatum,
2537 5031 2630 5084 sed
2689 5036 2949 5102 pecunias
2979 5039 3126 5108 ipsas
3161 5047 3337 5114 respio

1773 5105 1958 5160 ciens:
1983 5121 2049 5161 ex
2074 5111 2276 5178 quibus
2294 5114 2489 5172 deinde
2521 5120 2756 5178 fructum
2788 5127 2954 5181 alium
2984 5105 3192 5186 nullum
3217 5105 3339 5205 pera

1771 5199 1934 5268 cepit,
1969 5201 2072 5255 nisi
2104 5208 2590 5276 strangulationem
2617 5253 2632 5279 ,
2666 5204 3018 5286 spontaneam
3053 5199 3337 5296 abruptio-

1771 5306 1893 5346 nem
1921 5291 2076 5358 vitae,
2108 5303 2316 5350 certum
2349 5302 2547 5358 anima:
2572 5305 2890 5375 interitum,
2926 5327 3337 5373 monumentum

1770 5382 2117 5446 sceleratum,
2146 5386 2290 5453 quod
2325 5390 2542 5457 quidem
2572 5406 2834 5453 aeternum
2864 5401 3106 5460 durabit.
3130 5405 3337 5473 Quam‘

1770 5473 1954 5531 obrem
1989 5489 2182 5530 manus
2214 5491 2337 5532 esse
2370 5478 2511 5551 belle
2545 5491 2788 5546 tornatas
2819 5505 2883 5547 ac
2911 5496 3153 5566 scalptas
3175 5512 3335 5570 Opor-

161 5619 211 5656 ³⁸
241 5622 263 5675 ι
300 5621 430 5678 Cor.
464 5639 516 5689 ν,
554 5625 633 5682 19.
715 5631 759 5664 ’⁸
797 5633 900 5691 lsa.
936 5653 1053 5706 ιιιι,
1089 5642 1157 5708 9;
1191 5641 1383 5700 lPetr.
1427 5663 1486 5713 ll,
1512 5648 1600 5704 2‘3.

1236 5641 1383 5700 Petr.
1427 5648 1600 5713 ".29..
1680 5646 1906 5708 "’lCor.
1940 5656 2086 5721 lv,2.
2166 5659 2589 5731 ²³Μςιιῑ11.κιιιν,
2615 5667 2701 5723 ίόι
