3756 5988
359 236 489 292 1071

1583 227 1642 283 S.
1665 216 2315 284 GRE'GORII’NYSSENI

3448 213 3572 274 1'07!

357 356 466 411 tot,
500 355 557 401 ut
592 344 885 416 amputatis
928 334 996 398 iis
1044 354 1165 411 quae
1206 337 1342 394 male
1377 337 1687 398 adhaerent.
1726 352 1918 392 aurum

2100 376 2183 412 νον
2223 355 2422 429 χρυσὸς
2457 350 2530 428 ᾗ,
2573 353 2651 424 τῷ
2690 353 2788 426 τῆς
2831 353 3074 425 κεφαλῆς
3124 351 3311 408 κάλλει
3359 352 3497 407 κατὰ
3522 353 3575 407 τὸ

357 438 592 504 supersit
617 454 629 489 :
661 434 805 505 quod
836 431 1018 502 specie
1048 444 1145 484 sua
1174 428 1367 500 capitis
1401 424 1800 498 pulchritudini
1826 441 1920 480 re-

358 529 640 593 spondeat.

426 621 693 670 (lecturum
726 631 829 669 vox
862 611 1090 667 Tharsis
1134 610 1295 665 habet
1342 624 1407 663 ex
1441 621 1718 663 sacrarum
1755 604 1923 660 Litte-

358 724 538 764 rarum
593 706 987 761 consuetudine
1037 702 1338 772 signiﬁcata
1374 700 1692 768 complura;
1747 712 1924 768 neque

358 813 573 867 semper
628 798 768 851 idem
814 796 950 850 velle
1001 792 1447 864 deprehenditur.
1501 790 1634 844 Nam
1673 805 1922 858 saepenu-

356 903 508 944 mero
560 887 626 941 ad
685 886 942 956 quiddam
1006 883 1361 953 vituperabile
1390 922 1404 947 ,
1452 895 1822 950 saepenumero
1855 880 1922 936 ad

358 978 599 1035 divinntn
628 985 681 1031 et
705 978 919 1031 beatum
949 972 1204 1044 quiddam
1235 972 1352 1040 ejus
1387 970 1713 1041 signiﬁcatio
1745 976 1924 1023 trans-

356 1066 547 1123 fertur.
581 1064 825 1134 Exempli
857 1064 1052 1133 gratia,
1081 1076 1189 1131 quo
1218 1069 1459 1129 tempore
1499 1056 1669 1113 Jonas
1707 1066 1858 1112 vates
1889 1073 1921 1112 a

356 1158 452 1213 Dei
491 1164 789 1227 conspectu
822 1154 1099 1225 fugiebat,
1141 1153 1321 1206 navim
1350 1158 1570 1206 euntem
1606 1151 1658 1203 in
1695 1149 1922 1206 Tharsis

326 1250 548 1319 quaerit
572 1250 639 1299 '9.
677 1247 738 1301 Et
777 1261 1009 1317 magnus
1044 1246 1132 1299 ille
1165 1242 1328 1297 David
1364 1244 1459 1307 ait,
1498 1242 1708 1311 navigia
1749 1240 1923 1294 Thar-

357 1342 433 1395 sis
463 1356 492 1393 a
522 1339 715 1409 spiritu
747 1338 1047 1392 vehementi
1077 1336 1282 1391 conteri
1314 1335 1382 1391 ³⁰.
1414 1333 1625 1400 Quibus
1655 1334 1708 1386 in
1741 1331 1923 1387 verbis

356 1431 607 1500 spiritum
636 1430 1032 1490 vehementem,
1067 1435 1125 1480 ut
1154 1426 1407 1495 equidem
1442 1424 1704 1489 arbitror,
1735 1422 1923 1493 appel-

356 1521 431 1576 lat
457 1538 577 1575 cum
632 1520 724 1591 qui
756 1519 1043 1588 discipulis
1079 1518 1132 1571 in
1168 1517 1457 1571 cmnaculo
1485 1515 1728 1570 collectis
1759 1528 1925 1583 appa—

358 1614 467 1667 ruit
490 1651 503 1671 ,
540 1627 604 1665 ac
638 1612 815 1682 primo
848 1610 1068 1694 quidem
1106 1609 1294 1663 auditu
1330 1616 1413 1663 est
1445 1607 1728 1677 cognitus,
1765 1605 1921 1675 quasi

359 1720 526 1758 ruens
568 1702 726 1757 ﬂatus
774 1680 1080 1765 violentus;
1123 1700 1318 1755 deinde
1366 1713 1493 1754 vero
1537 1698 1700 1753 etiam
1751 1696 1924 1751 oculis
1956 1679 1996 1732 Β

360 1795 666 1863 patefactus
694 1800 816 1855 est,
868 1792 1173 1862 linguarum
1220 1791 1272 1843 in
1316 1790 1539 1858 ﬁguram
1584 1788 1827 1850 ellictus,
1862 1802 1927 1842 ac

359 1886 662 1956 splendenti
689 1887 826 1955 ignis
857 1894 1060 1938 natura:
1077 1882 1271 1938 similis
1300 1881 1553 1937 factus“.
1575 1880 1651 1933 Ac
1668 1897 1765 1949 per
1779 1881 1928 1936 hunc

357 1979 577 2048 qttidrtn
601 1976 783 2030 ﬂatum
817 1975 1191 2045 multipliciter
1216 1976 1451 2027 humana
1479 1973 1530 2026 in
1555 1981 1751 2026 natura
1781 1973 1928 2027 velut

358 2074 612 2127 innatans
645 2068 915 2122 vitiositas
945 2066 1246 2120 conteritur
1270 2104 1285 2126 ,
1317 2079 1478 2134 quam
1529 2064 1619 2120 hic
1657 2062 1927 2133 Propheta

359 2180 525 2219 naves
561 2161 789 2216 Tharsis
844 2157 1153 2229 appellavit.
1214 2156 1391 2225 Atque
1450 2155 1565 2210 haec
1620 2156 1926 2227 signiﬁcata

358 2262 487 2307 sunt
509 2252 657 2306 vocis
691 2249 852 2318 hujus
875 2289 891 2314 ,
916 2262 1023 2317 qua
1057 2249 1294 2317 pejorem
1327 2247 1380 2299 in
1418 2255 1630 2315 partem
1670 2246 1924 2301 sumitur.

358 2344 428 2395 At
454 2356 681 2411 magnus
710 2341 799 2395 ille
830 2337 1080 2393 Ezechiel
1114 2336 1379 2390 visionem
1409 2336 1604 2391 oblata:
1632 2334 1927 2404 aliquando

359 2434 463 2489 sibi
496 2430 879 2502 patefactionis
909 2426 1107 2483 divinaé
1131 2427 1469 2490 describens,
1492 2427 1727 2497 speciem
1763 2429 1928 2482 unius

358 2543 425 2582 cx
457 2525 659 2579 divinis
705 2525 814 2578 illis
854 2521 1085 2593 spectris
1133 2519 1234 2574 hac
1287 2534 1420 2573 voce
1468 2518 1761 2588 exprimit,
1802 2534 1926 2572 cum

360 2620 469 2674 ait:
512 2618 579 2673 Et
604 2618 795 2687 species
827 2614 940 2684 ejus
967 2651 982 2677 ,
1014 2613 1166 2683 quasi
1205 2613 1398 2681 species
1448 2610 1666 2665 Tharsis
1694 2610 1759 2663 ³³.
1794 2610 1929 2663 Tra-

359 2711 498 2766 dunt
529 2719 706 2764 autem
741 2708 850 2772 illi,
888 2705 985 2776 qui
1016 2713 1271 2759 accurate
1306 2718 1499 2758 vocum
1533 2703 1927 2758 Hebraicarum

312 2806 467 2857 .vint
507 2809 846 2873 perspectam
881 2795 1125 2860 habent,
1164 2794 1221 2849 in
1283 2794 1387 2849 hac
1436 2794 1582 2848 illius
1630 2794 1931 2863 prophetia:

360 2907 518 2966 parte
546 2909 643 2964 per
668 2890 994 2947 vocabulum
1021 2888 1126 2944 hoc
1165 2886 1463 2957 signiﬁcari
1499 2886 1757 2955 quiddam
1780 2886 1928 2955 quod

2022 445 2157 513 εἶδος
2188 448 2518 520 ωμδαὶνων.

2100 623 2166 676 Ἦ
2197 623 2255 676 δὲ
2288 618 2381 676 τοῦ
2428 622 2659 694 Θαρσεῖς
2700 619 2844 685 λέξις
2883 618 3193 689 πολύσημός
3239 619 3387 671 ἐστιν
3422 619 3479 671 ἐν
3518 620 3577 688 τῇ

2020 717 2263 785 γραφικῇ
2295 713 2581 785 συνηθείᾳ,
2616 712 2760 766 κατά
2787 712 2882 783 τῆς
2912 711 3080 780 αὐτῆς
3103 708 3343 772 διανοίας
3367 708 3428 760 οὐ
3458 707 3580 762 πάνο

2019 816 2141 859 τοτε
2170 804 2551 876 εὑρισκομένη·
2584 803 2718 857 ἀλλά
2746 802 3003 864 πολλάκις
3027 802 3125 871 μὲν
3148 799 3286 872 πρὸς
3313 799 3375 851 τὸ
3400 813 3582 863 κατεγ-

2022 895 2317 966 νωσμένον,
2353 894 2616 957 πολλάκις
2645 892 2701 945 δὲ
2742 892 2878 963 πρὸς
2918 891 2977 943 τὸ
3008 889 3149 943 θεῖόν
3177 905 3236 941 τε
3281 887 3377 941 καὶ
3422 885 3583 957 μακά·

2027 1000 2139 1055 ριον
2179 987 2212 1055 η
2259 983 2506 1054 σημασία
2548 980 3039 1053 μεταλαμϐάνεται.
3081 978 3211 1030 Ὂτε
3252 974 3447 1045 φεύγει
3484 973 3587 1027 ἀπὸ

2023 1071 2315 1143 προσώπου
2344 1072 2437 1125 τοῦ
2461 1071 2597 1125 Θεοῦ
2636 1071 2819 1134 Ἰωνᾶς
2848 1071 2877 1121 ὁ
2901 1062 3385 1139 προφήτης,’ξητετ
3417 1063 3587 1116 πλοῖον

2022 1162 2113 1214 ἐπὶ
2141 1163 2370 1233 Θαρσεῖς
2400 1160 2778 1232 πορευόμενον.
2810 1159 2922 1212 Καὶ
2958 1159 2986 1211 ὁ
3017 1157 3189 1227 μέγας
3229 1154 3392 1208 Δαόὶδ
3417 1153 3591 1206 πλοῖον

2022 1256 2254 1326 Θαρσεῖς
2302 1254 2460 1324 βιαίῳ
2482 1252 2760 1323 ¹πνεύματι
2804 1251 2952 1319 λέγει
2984 1246 3382 1319 συντρίϐεσθαι.
3418 1240 3594 1299 Βίαιον

2023 1345 2241 1414 πνεῦμα
2272 1344 2329 1397 δὲ
2345 1343 2497 1413 οἶμαι
2520 1336 2885 1411 λέγεσθαιθτὸ
2903 1341 3014 1402 τοῖς
3039 1337 3306 1409 μαθηταῖς
3336 1334 3596 1403 ἐπιφανὲν

2022 1440 2133 1499 τοῖς
2169 1439 2225 1489 ἐν
2255 1435 2334 1506 τῷ
2377 1433 2610 1506 ὑπερῴῳ
2639 1416 3091 1501 συνειλεγμένοις,
3128 1429 3158 1481 ὃ
3199 1427 3468 1498 πρότερον
3502 1425 3596 1495 μὲν

2022 1527 2088 1580 δι’
2108 1528 2274 1597 ἀκοῆς
2294 1522 2864 1598 προεγ⁷νώσθη,ῶσπερ
2886 1518 3187 1590 φερομένης
3205 1519 3377 1601 πνοῆς.
3394 1514 3596 1584 βιαίας,

2028 1619 2164 1688 μετά
2200 1618 2374 1673 ταῦτα
2416 1619 2473 1671 δὲ
2513 1619 2607 1671 καὶ
2638 1619 2749 1677 τοῖς
2779 1614 3075 1684 ὀφθαλμοῖς
3123 1609 3448 1682 ἐφανερώθη
3471 1649 3487 1673 ,
3521 1610 3597 1670 εἰς

2025 1709 2284 1777 γλωσσῶν
2328 1708 2513 1780 σχῆμα
2567 1704 2899 1775 τυπούμενον
2922 1743 2937 1767 ,
2980 1703 3075 1756 καὶ
3140 1704 3206 1772 τῇ
3253 1699 3595 1770 ἐκλαμπτικῇ

2027 1799 2184 1871 φύσει
2217 1799 2309 1853 τοῦ
2345 1798 2516 1870 πυρὸς
2558 1795 2931 1867 ὁμοιούμενον,
2962 1793 3030 1846 δι’
3071 1783 3131 1845 οὗ
3177 1790 3522 1861 συντρίϐεται
3563 1790 3594 1857 ή

2027 1889 2357 1961 πολυσχιδῶς
2406 1886 2809 1951 ἐπιπολάζουσα
2838 1886 2905 1955 τῇ
2944 1881 3261 1961 ἀνθρωπίνῃ
3298 1879 3459 1948 φύσει
3497 1895 3595 1932 κα·

2025 1985 2137 2050 κία,
2279 1985 2437 2036 πλοῖα
2474 1981 2704 2053 Θαρσεῖς
2729 1979 2758 2031 ὁ
2789 1959 3078 2049 Προφήτης
3117 1973 3388 2044 ὠνόμασε.
3417 1970 3596 2026 Ταῦτα

2030 2076 2128 2146 μὲν
2143 2071 2252 2153 θοῦν
2286 2076 2403 2126 ἐστι
2426 2073 2504 2127 ’δι’
2540 2066 2614 2124 ὧν
2643 2070 2720 2139 τῷ
2750 2069 2974 2137 ὀνόματι
3011 2054 3185 2135 τούτῲ
3214 2064 3281 2117 ei
3310 2063 3482 2134 χείρω
3507 2079 3597 2131 ση-

2030 2165 2295 2236 μαίνεται.
2341 2164 2398 2216 Ὀ
2418 2162 2477 2216 δέ
2508 2165 2678 2232 μέγας
2712 2157 2968 2229 Ἰεζεκιὴλ
2997 2158 3076 2220 εἰς
3096 2154 3421 2226 ὑπογραφὴν
3453 2155 3596 2221 ἄγων

2024 2258 2123 2327 τῆς
2160 2254 2457 2326 γενομένης
2499 2251 2650 2323 αύτῷ
2686 2249 2998 2319 θεοφανείας
3029 2249 3128 2320 τὴν
3167 2245 3457 2309 ὀπτασίαν,
3486 2245 3597 2306 ἐνὸς

2025 2351 2136 2406 τῶν
2161 2350 2319 2404 θείων
2362 2350 2650 2421 θεαμάτων
2674 2348 2739 2400 ιτδ
2767 2344 2905 2410 εἶδος
2940 2348 3006 2416 τῇ
3037 2344 3179 2409 λέξει
3213 2342 3388 2396 ταῦτα
3420 2339 3598 2407 διασηο

2031 2442 2209 2512 μαίνει
2239 2441 2410 2509 λέγων
2422 2451 2437 2465 ·
2451 2440 2557 2497 Καὶ
2588 2439 2650 2493 τὸ
2666 2435 2825 2504 εἶδος
2839 2436 3026 2492 αὐτοῦ
3045 2436 3123 2502 ὡς
3137 2435 3292 2500 εἶδος
3326 2431 3598 2501 Θαρσεῖς.

2028 2532 2166 2583 Φασὶ
2208 2514 2343 2583 δέ-οί
2372 2528 2439 2582 δι’
2484 2528 2782 2604 ἀκριϐείας
2800 2526 2907 2579 τῶν
2951 2523 3253 2596 Ἑϐραϊκῶν
3278 2523 3481 2587 λέξεων
3506 2522 3602 2582 τὰς

2028 2621 2293 2692 ἐμφάσεις
2315 2613 2730 2689 ἐπέσκεμμένοι,
2759 2617 2821 2670 τὸ
2844 2614 3257 2688 ἀχρωμάτιστὸν
3280 2631 3339 2666 τε
3368 2613 3464 2666 καὶ
3482 2628 3604 2679 νοη-

2027 2691 2118 2765 τδν
2157 2711 2248 2764 καὶ
2273 2691 2560 2781 ἀσώματον
2588 2710 2675 2763 διὰ
2702 2712 2799 2780 τῆς
2818 2708 3013 2775 λέξεως
3037 2707 3241 2778 ταύτης
3283 2708 3342 2758 ἐν
3370 2707 3437 2774 τῇ
3468 2719 3599 2773 προ-

2031 2802 2227 2873 φητείᾳ
2250 2800 2632 2872 σημαίνεσθαι.
2672 2800 2874 2868 Ἀπλῆς
2900 2799 3079 2852 τοίνυν
3107 2796 3272 2865 οὔσης
3291 2799 3350 2849 ἐν
3372 2798 3441 2865 τῇ
3466 2793 3602 2857 λέξει

2027 2895 2127 2965 τῆς
2160 2892 2451 2965 σημασίας,
2501 2892 2686 2963 ἐπειδὴ
2725 2890 2987 2963 πρόδηλόν
3027 2893 3193 2953 ἐστιν,
3231 2890 3317 2942 ὅτι
3373 2888 3512 2965 προς
3546 2887 3605 2939 τὸ

359 2984 607 3037 colorum
660 2988 714 3037 et
761 2977 1008 3050 corporis
1043 2978 1113 3032 sit
1141 2991 1356 3047 expers,
1390 2990 1454 3030 ac
1492 2976 1692 3031 mentis
1730 2975 1923 3030 intelli-

2100 2986 2281 3037 νεῖττον
2309 2983 2404 3039 νῦν
2426 2982 2746 3055 παρελήφθη
2776 2982 2835 3036 τὸ
2856 2981 3058 3053 ταύτης
3073 2982 3171 3052 τῆς
3193 2980 3377 3051 φωνῆς
3403 2996 3606 3051 σημαι-

359 3076 542 3146 gentia
564 3081 785 3127 tantum
843 3070 1195 3142 percipiatur.
1235 3069 1369 3124 Cum
1415 3083 1546 3139 ergo
1601 3068 1799 3138 duplex
1858 3069 1930 3122 sit

357 3165 512 3220 vocis
548 3164 712 3233 hujus
744 3162 1131 3233 signiﬁcatum,
1155 3169 1210 3216 et
1236 3174 1364 3214 vero
1393 3160 1568 3215 cuivis
1595 3167 1800 3229 pateat,
1822 3175 1932 3214 me-

358 3258 551 3311 liorem
585 3256 887 3325 impartem
927 3253 1015 3307 hic
1063 3266 1182 3308 eam
1214 3249 1387 3321 accipi
1422 3249 1563 3320 (non
1593 3250 1738 3305 enim
1769 3266 1932 3305 usur-

360 3348 477 3419 pari
506 3355 716 3418 poterat
746 3348 802 3401 in
831 3345 1107 3409 encomio,
1130 3354 1407 3415 quatenus
1443 3358 1557 3398 rem
1593 3343 1931 3413 vituperabi-

359 3441 465 3496 lem
497 3440 693 3510 notat),
715 3437 850 3494 ordo
872 3438 1121 3508 postulat
1150 3443 1210 3492 ut
1239 3436 1341 3491 hoc
1364 3435 1477 3505 jam
1517 3433 1931 3490 consideremus

359 3534 417 3588 in
450 3532 705 3587 manibus
748 3546 870 3601 quae
902 3529 1188 3605 laudantur
1228 3545 1241 3582 :
1270 3526 1529 3582 nimirum
1568 3524 1713 3595 quod
1740 3531 1933 3595 sponte

360 3642 460 3681 sua
512 3624 669 3694 quasi
713 3621 981 3678 tornando
1008 3619 1234 3676 :detritis
1265 3618 1555 3681 omnibus,
1593 3631 1933 3687 quaecunque

362 3729 768 3787 supervacanea
802 3721 856 3769 et
888 3726 1150 3782 corporea
1183 3711 1237 3765 in
1265 3710 1346 3765 eis
1379 3717 1575 3773 erant,
1610 3708 1678 3763 ad
1726 3714 1931 3764 sortem

362 3808 600 3862 divinam
623 3822 687 3861 ac
716 3812 895 3861 mente
929 3811 1137 3857 tantum
1164 3799 1708 3871 comprehensibilem
1745 3806 1932 3853 trans-

363 3907 530 3954 eant:
566 3897 717 3952 omni
752 3908 940 3951 crassa
1001 3903 1051 3948 et
1084 3894 1233 3963 gravi
1277 3908 1406 3962 erga
1457 3907 1547 3946 res
1591 3890 1716 3945 vita:
1769 3889 1934 3959 hujus

365 3988 649 4044 all'ectione
695 4001 945 4042 excussa.
982 3984 1154 4051 Quale
1198 3983 1456 4052 quiddam
1496 3981 1734 4051 lapidum
1788 3980 1935 4036 scul-

364 4090 550 4151 ptores
598 4080 652 4133 in
720 4091 897 4131 massa
954 4073 1300 4145 smaragdina
1346 4072 1557 4127 edicere
1610 4070 1930 4142 praedicant.

367 4171 578 4225 litenim
604 4183 669 4224 eo
694 4208 708 4232 ,
760 4165 903 4236 quod
932 4165 1172 4220 lucidum
1226 4178 1333 4217 non
1364 4173 1482 4228 est,
1516 4163 1611 4218 sed
1651 4168 1931 4225 terrestre,

368 4273 465 4329 per
512 4266 688 4311 cotem
736 4256 1026 4325 absumpto
1063 4262 1115 4309 et
1151 4253 1351 4308 detrito
1373 4294 1390 4322 ,
1424 4254 1598 4308 solum
1632 4254 1736 4306 hoc
1767 4252 1935 4307 relin-

2034 3076 2257 3145 νόμενον
2277 3091 2291 3105 ·
2322 3074 2384 3126 οὐ
2410 3073 2519 3145 γὰρ
2544 3073 2719 3136 ἄν’τις
2749 3074 2967 3127 ἔπαινον
3004 3071 3338 3143 ἐλαμϐάνετο
3367 3072 3430 3124 τὸ
3452 3070 3605 3124 ὑπαί⁹

2033 3181 2178 3217 τιον’
2214 3163 2501 3218 ἀκόλουθον
2533 3163 2598 3217 ἂν
2636 3163 2722 3233 εῐη
2759 3163 2916 3217 τοῦτο
2954 3163 3080 3235 περὶ
3112 3162 3221 3215 τῶν
3260 3160 3607 3232 ἐγκωμιαζο-

2039 3253 2214 3324 μένων
2261 3254 2510 3324 ὲννοῆσαι
2558 3251 2793 3323 χειρῶν*
2834 3253 2916 3305 ὅτι
2970 3251 3211 3323 ἀκριϐῶς
3257 3251 3351 3318 ἀφ’
3400 3249 3608 3305 ἑαυτῶν

2038 3346 2146 3397 πᾶν
2190 3343 2251 3396 τὸ
2292 3344 2544 3415 περιττόν
2572 3360 2632 3396 τε
2670 3344 2764 3397 καὶ
2806 3338 3134 3414 σωματῶδες
3171 3342 3607 3414 ἀποτορεύσασαι

2038 3433 2174 3505 πρὸς
2200 3432 2261 3487 τὸ
2288 3432 2430 3486 θεῖόν
2455 3449 2516 3485 τε
2542 3433 2636 3486 καὶ
2655 3433 2843 3504 νοητὸν
2873 3432 3272 3503 μεταϐαίνουσι,
3302 3433 3405 3504 τὴν
3433 3433 3607 3503 exalet;

2038 3525 2216 3577 πᾶσαν
2241 3524 2333 3577 καὶ
2359 3521 2583 3595 βαρεῖαν
2612 3539 2678 3575 πε
2687 3524 2741 3594 pi
2769 3522 2837 3577 τὰ
2862 3522 3162 3594 πράγματα
3192 3522 3378 3593 σχέσιν
3403 3524 3610 3578 ἐκτινα-

2038 3617 2266 3688 ξάμεναι
2286 3637 2298 3650 ·
2336 3613 2446 3671 οἶόν
2478 3616 2531 3671 τί
2562 3633 2693 3685 φασι
2714 3609 2811 3670 καὶ
2836 3617 2928 3669 ἐπὶ
2954 3616 3055 3686 τῆς
3091 3616 3471 3688 σμαραγδίνης
3508 3615 3611 3686 se.

2038 3708 2133 3761 λου
2159 3710 2284 3772 τοὺς
2322 3708 2677 3779 λιθογλύφους
2718 3708 3062 3779 ἐργάζεσθαι.
3107 3708 3180 3762 Τὸ
3221 3708 3332 3778 γὰρ
3372 3709 3609 3776 ἀφεγγὲς

2040 3801 2133 3855 καὶ
2165 3800 2365 3869 γεῶδες
2405 3799 2494 3853 διὰ
2529 3801 2629 3870 τῆς
2667 3800 2869 3870 ἀκόνης
2917 3799 3387 3870 ἐκδαπανησαντές
3420 3817 3483 3852 τε
3523 3797 3613 3853 καὶ

2039 3892 2406 3962 ἀποψέξαντες
2430 3932 2443 3957 ,
2474 3892 2650 3945 ἐκεῖνο
2684 3892 2844 3962 μόνον
2872 3892 3293 3946 καταλείπουσιν
3330 3891 3613 3960 ἀδαπάνηο

2038 3999 2148 4046 τον,
2172 3975 2217 4049 ᾧ
2239 3982 2454 4053 καθαρά
2474 3983 2535 4036 τὲ
2556 4000 2640 4046 τις
2664 3983 2828 4053 αὐγὴ,
2853 3983 2974 4053 χλοε
2985 3984 3051 4054 ρά
3085 4000 3145 4036 τε
3172 3984 3285 4053 ἅμα
3309 3984 3406 4037 καὶ
3434 3984 3616 4038 ἐλαιᾶ-

2040 4072 2228 4137 ζουσα.
2252 4074 2432 4146 Ὅπερ
2454 4090 2544 4144 μοι
2566 4074 2713 4127 δοκεῖ
2731 4075 3058 4145 σαφέστερον
3080 4075 3396 4146 ἐρμηνεύων
3424 4077 3454 4128 ὁ
3479 4076 3615 4139 θεῖος

2053 4146 2393 4231 ’Δπόστολος,
2436 4165 2595 4220 τοῦτο
2620 4166 3006 4237 συμὸουλεύειν
3046 4167 3102 4220 ἐν
3126 4184 3229 4220 τινι
3269 4167 3381 4221 τῶν
3410 4162 3615 4222 ’ἑαυτοῦ

2043 4257 2237 4326 λόγων,
2276 4257 2357 4310 ὅτι
2386 4258 2491 4329 χρὴ
2522 4257 2992 4322 ἀποσκευάζεσθαι
3036 4257 3133 4329 τὴν
3171 4259 3300 4329 περὶ
3331 4259 3402 4312 τὰ
3433 4261 3618 4329 φαινό-

367 4360 566 4420 quunt,
607 4349 660 4402 in
692 4365 802 4418 quo
830 4347 1085 4417 splendor
1124 4344 1343 4415 quidam
1368 4344 1567 4401 viridis
1594 4351 1648 4399 et
1675 4343 1807 4399 oleae
1836 4357 1923 4398 co-

2100 4364 2182 4401 ενα
2221 4347 2427 4416 σχέσιν,
2484 4345 2622 4417 πρὸς
2652 4345 2717 4399 ’δὲ
2764 4346 2824 4399 τὸ
2865 4347 3095 4418 ἀόρατον
3134 4349 3254 4410 ταῖς
3296 4347 3618 4418 ἐπιθυμὶαις

372 4444 539 4497 Iorcm
570 4440 815 4495 referens
846 4439 1202 4508 conspicitur.
1236 4438 1413 4507 Atque
1441 4437 1582 4491 hanc
1628 4435 1681 4489 in
1713 4441 1932 4491 senten-

372 4532 505 4585 tiam
535 4530 641 4584 dici
666 4528 924 4599 quiddam
977 4527 1107 4581 mihi
1149 4527 1362 4581 videtur
1395 4524 1663 4579 illustrius
1693 4525 1760 4577 ab
1789 4524 1936 4593 Apo-

2040 4440 2237 4510 ὁρμᾷν.
2265 4437 2361 4505 Μὴ
2403 4440 2799 4492 σκοπούντων
2834 4438 2946 4508 γὰρ
2972 4438 3160 4508 ἡμῶν,
3183 4440 3337 4509 φησι,
3368 4439 3441 4493 τὰ
3466 4442 3618 4505 ,βλε-

2038 4531 2292 4598 πόμενα,
2336 4527 2495 4581 ἀλλὰ
2522 4530 2597 4581 τὰ
2623 4528 2711 4597 μὴ
2730 4529 3096 4597 βλεπόμενα.
3141 4530 3215 4583 Τὰ
3253 4529 3366 4598 γὰρ
3384 4531 3617 4594 ,ϐλεπό-

372 4623 537 4686 stoio,
569 4620 888 4676 consulente
914 4618 1151 4689 quodam
1184 4618 1240 4673 in
1289 4614 1681 4671 commentario
1709 4629 1810 4669 suo
1833 4656 1847 4681 ,
1879 4623 1923 4668 ul

2100 4635 2189 4672 ινα
2223 4620 2586 4687 πρόσκαιρα·
2619 4619 2692 4673 τὰ
2726 4617 2795 4671 δὲ
2832 4618 2919 4688 μὴ
2956 4619 3342 4687 βλεπόμενα,
3389 4619 3614 4675 aldina.

372 4729 750 4771 removeamus
790 4711 1127 4766 aﬂ‘eetionem
1183 4721 1456 4779 erga_res
1513 4704 1617 4760 sub
1656 4711 1923 4773 aspectum

2100 4708 2229 4763 κῦτα
2262 4709 2359 4779 μὲν
2386 4705 2480 4763 οὖν
2506 4712 2564 4763 ἐν
2598 4707 2677 4779 τῷ
2700 4709 2908 4778 ἐπαίνῳ
2930 4708 3042 4761 τῶν
3065 4709 3265 4779 χειρῶν
3293 4711 3620 4780 ἐνοήσαμεν,

372 4809 667 4872 cadentes,
717 4813 772 4861 et
819 4805 885 4859 ad
928 4804 981 4859 id
1013 4802 1160 4873 quod
1212 4798 1360 4855 cerni
1417 4797 1606 4865 nequit
1652 4794 1923 4849 desiderii:

2100 4799 2163 4862 3.;
2189 4799 2291 4869 τῆς
2333 4798 2566 4861 ὑλώδους
2604 4798 2977 4869 προσπαθείας
3009 4799 3415 4870 ἐκτορευθεῖπαι
3435 4840 3451 4864 ,
3480 4802 3615 4871 ἀκήσ

374 4898 542 4953 animi
570 4893 965 4951 contendamus
1007 4933 1019 4945 .
1067 4889 1133 4942 Ut
1168 4905 1270 4955 non
1301 4895 1610 4958 spectemus,
1648 4886 1847 4956 inquit,
1879 4901 1923 4940 et

2100 4906 2199 4941 ιτοι
2230 4889 2487 4957 γίνονται,
2518 4889 2652 4960 πρὸς
2674 4889 2735 4942 τὸ
2766 4882 2928 4942 ἇῦλόν
2953 4907 3011 4942 τε
3043 4890 3137 4942 καὶ
3165 4890 3355 4962 νοητὸν
3387 4891 3625 4945 ἀλλοιού-

373 5005 489 5059 qum
521 4994 837 5047 cernuntur,
867 4981 956 5037 sed
989 4996 1104 5050 quw
1153 4995 1255 5034 non
1293 4986 1599 5032 cernuntur.
1644 4975 1789 5030 Nam
1825 4992 1923 5047 qua

2100 4996 2205 5033 εναι
2229 4979 2315 5033 διὰ
2335 4980 2431 5050 τῆς
2459 4979 2849 5050 προαιρέσεως.
2876 4980 3079 5048 Χεξρες
3099 4982 3208 5053 γὰρ
3220 4983 3413 5036 αὐτοῦ
3424 4999 3622 5051 τορευ-

376 5082 470 5136 sub
524 5079 703 5134 oculos
748 5075 977 5137 cadunt,
1028 5080 1392 5127 momentanea
1437 5078 1559 5124 sunt
1607 5083 1626 5121 :
1674 5084 1789 5138 qua:
1839 5084 1923 5122 nat

2100 5070 2157 5134 ti,
2188 5071 2339 5141 φησὶ,
2363 5070 2602 5140 χρυσαῖ,
2627 5073 3361 5141 πεπληρωμέναιῖῖαρσεῖς.

377 5181 683 5235 cernuntur,
714 5184 909 5223 (eterna
939 5165 1006 5220 ³³.
1053 5162 1177 5218 Ιιιιό
1222 5163 1386 5233 igitur
1438 5162 1492 5216 in
1546 5160 1648 5216 hoe
1696 5175 1953 5215 manuum
1996 5164 2250 5219 encomio
2292 5178 2322 5217 a
2377 5163 2537 5219 nobis
2568 5164 2917 5219 considerata
2949 5173 3146 5232 sunto,
3177 5181 3288 5236 quo
3318 5174 3485 5236 pacto
3524 5169 3622 5223 illa:

380 5268 449 5318 ab
479 5262 766 5317 atlectione
788 5272 915 5330 erga
940 5272 1027 5312 res
1057 5271 1274 5312 crassas
1303 5255 1574 5325 expolitae,
1601 5268 1747 5323 purae
1801 5253 1931 5308 ﬁant
1967 5272 1980 5309 :
2022 5271 2118 5324 per
2156 5257 2464 5311 institutum
2499 5258 2663 5312 animi
2713 5258 2779 5311 ad
2831 5266 3033 5313 sortem
3064 5274 3378 5315 crassarum
3443 5277 3620 5317 rerum

379 5365 679 5425 expellenti,
708 5369 936 5425 qumque
966 5360 1142 5409 mente
1168 5361 1381 5407 tantum
1419 5352 1751 5422 percipitur,
1781 5361 2152 5407 commutatae.
2220 5353 2415 5410 Manus
2447 5356 2616 5422 enim,
2680 5355 2889 5425 inquit,
2928 5356 3077 5410 illius
3145 5357 3373 5424 tortiles,
3429 5375 3619 5418 aurem.

381 5455 547 5521 plena:
583 5448 824 5502 'I'lmrst's.

456 5627 502 5661 ²⁹
524 5624 648 5680 Jun.
693 5639 729 5690 ι,
760 5624 795 5678 5
824 5639 945 5693 sqq.
1021 5624 1062 5653 ³ο
1090 5621 1234 5678 Ρε.ι1.
1269 5638 1434 5690 ιινιι,
1464 5621 1553 5680 50.
1630 5622 1671 5654 ³⁸
1702 5621 1821 5679 Act.
1850 5634 1911 5689 ιι,

2117 5623 2161 5655 ³³
2188 5622 2382 5679 Ezech.
2417 5637 2453 5686 ι,
2480 5622 2564 5679 16.
2640 5621 2687 5656 ⁸³
2723 5621 2767 5677 ll
2786 5622 2915 5680 Cor.
2955 5638 3029 5680 tv.
3070 5622 3153 5679 l8.
