3756 5988
145 299 285 355 1075

1159 299 1229 357 ΙΝ
1265 301 1561 359 CANTICA
1600 299 1868 373 CANTIC‘,
1912 298 2195 360 HOMILIA
2236 305 2374 360 XIV.

3257 298 3392 364 Ιῡτί

223 413 545 470 ’Δκόλουθον
573 415 619 469 δ’
659 415 727 471 ἂν
750 415 967 488 εἴη-καῖ
991 416 1081 471 τόν
1109 416 1306 491 ἑφεξῆς
1329 419 1484 489 λόγον
1511 419 1706 473 διασκοι

1910 416 2051 474 Nunc
2079 418 2220 474 ratio
2250 417 2410 475 seriei
2442 416 2637 488 poscit,
2671 424 2731 472 ut
2763 432 2884 489 qua:
2919 433 3083 489 porro
3108 417 3174 474 de
3205 432 3393 475 ventre

145 507 343 576 πῆσαι,
391 506 450 560 δν
493 508 751 579 περὶτῆς
788 508 996 572 κοιλίας
1040 510 1351 580 πεποίηται.
1403 510 1556 581 Ἔχει
1595 508 1653 562 δὲ
1688 510 1722 580 ἠ

143 598 290 664 λέξις
306 598 505 663 οὖτωςι
528 601 733 654 Κοιλία
754 599 941 653 αὑτοῦ
962 586 1182 664 πυξίον
1212 599 1604 670 ἐλεφάντινον
1625 598 1724 654 ἐπὶ

143 690 323 743 λίθου
360 690 718 759 σαπφείρου.
755 690 884 743 Ὅτε
908 690 984 762 τῷ
1015 694 1220 763 Μωῦσῇ
1242 692 1333 745 τὸν
1355 696 1473 756 ταῖς
1495 692 1723 756 λιθίναις

143 780 352 844 δέλτοις
377 782 784 852 ἐγχαραχθέντα
806 784 968 852 νόμον
1019 785 1047 836 ό
1076 787 1173 854 τῆς
1197 783 1410 853 φύσεως
1439 784 1622 838 δίδωσι
1645 801 1725 838 νο-

150 872 407 940 μοθέτης,
460 872 623 938 πυξία
660 871 836 926 λίθινα
876 872 974 936 τὰς
1030 873 1239 937 πλάκας
1273 872 1578 943 ὠνόμασεν,
1639 875 1724 938 αἶς

144 961 461 1033 ἐνετυπὼοη
498 963 565 1016 τὰ
590 962 709 1016 θεῖα
742 962 1074 1034 χαράγματα
1099 978 1117 996 θ
1152 963 1325 1027 οὕτως
1360 965 1603 1028 εἰπόντος
1628 964 1721 1018 τοῦ

146 1052 288 1123 πρὸς
326 1052 416 1105 τὸν
454 1054 692 1108 Μωῦσέα
739 1054 868 1125 περὶ
906 1054 1085 1107 αὐτῶν
1122 1054 1561 1125 χρηματίσαντος
1587 1071 1601 1085 '
1641 1056 1722 1109 ὅτι

157 1144 427 1210 Ἄνάϐηθι
467 1144 614 1211 πρὸς
653 1145 730 1214 μὲ
749 1147 835 1211 εὶς
869 1146 936 1198 τὸ
968 1146 1138 1213 ὅρος,
1176 1145 1275 1199 καὶ
1298 1145 1423 1200 ἴσθι
1444 1146 1591 1211 ἐκεῖ,
1624 1146 1723 1200 καὶ

142 1233 321 1287 δώσω
370 1235 468 1289 σοὶ
503 1235 574 1289 τὰ
618 1236 803 1300 πυξνα
853 1235 925 1290 τὰ
958 1238 1188 1301 λίθινα,
1234 1237 1341 1290 τὸν
1387 1238 1575 1307 νόμον
1624 1238 1722 1292 καὶ

142 1321 251 1388 τὰς
297 1322 570 1388 ἐντολάς.
624 1323 775 1377 Μετὰ
828 1322 1000 1375 ταῦτα
1046 1323 1150 1392 δὲ,
1212 1324 1395 1394 ἐπειδὴ
1441 1325 1500 1378 τὸ
1540 1343 1722 1395 σωμα-

141 1411 299 1463 τικὸν
358 1412 450 1463 καὶ
504 1409 700 1478 γεῶδες
730 1411 1039 1476 ἀπεξύσατο
1084 1410 1172 1463 διὰ
1207 1412 1306 1483 τῆς
1334 1413 1723 1485 λΕύαγγελικῆς

142 1504 445 1572 σαφηνείας
485 1505 512 1555 ό
538 1504 695 1572 νόμος
720 1518 733 1531 ·
774 1503 958 1555 οὐκέτι
999 1501 1195 1556 λίθινον
1222 1503 1282 1555 τὸ
1314 1503 1602 1574 δεχόμενον
1643 1506 1712 1559 τὰ

142 1595 449 1663 γράμματα
488 1593 675 1656 πυξίον
728 1594 908 1647 ἐστίν·
947 1593 1060 1646 ἀλλ’
1114 1595 1178 1646 ὲκ
1222 1594 1314 1647 τοῦ
1369 1595 1625 1667 λαμπροῦ
1659 1615 1720 1650 τε

142 1685 239 1737 καὶ
286 1684 568 1751 νεοξύστου
618 1683 922 1754 ἐλέφαντος.
972 1684 1045 1737 Τὸ
1087 1684 1197 1754 γὰρ
1227 1684 1472 1740 δεκτικὸν
1499 1687 1606 1741 τῶν
1640 1690 1725 1742 ὲν-

1822 519 2160 582 sequuntur,
2195 510 2611 582 perspiciamus.
2638 541 2642 543 Α
2671 510 2811 565 Sunt
2850 520 3028 565 autem
3077 511 3393 581 hujusmodi

1820 602 1981 655 verba
2010 618 2023 653 :
2041 600 2228 656 Venter
2251 603 2364 673 ejus
2390 601 2580 656 tabella
2601 603 2827 656 eburnea
2847 602 2899 655 in
2924 602 3096 670 lapide
3117 604 3390 672 sapphiro.

1823 689 1944 757 Quo
1972 701 2215 763 tempore
2250 695 2529 763 legislator
2560 704 2771 748 naturae
2793 695 3123 765 insculptam
3165 697 3392 764 lapideis

1823 782 2025 837 tabulis
2050 784 2221 852 legem
2258 784 2390 840 Mosi
2423 785 2669 848 tradidit,
2710 785 2831 842 illas
2863 786 3011 855 ipsas
3053 786 3266 842 tabulas
3299 802 3394 855 ap-

1823 873 2043 942 pellavit
2066 875 2307 943 lapideas
2344 876 2593 934 tabellas.
2627 876 2828 946 quibus
2853 876 3019 931 divini
3045 876 3394 934 characteres

1822 962 2081 1035 insculpti
2119 973 2276 1025 erant
2301 967 2365 1023 3‘.
2404 966 2493 1022 Sic
2536 968 2680 1023 enim
2721 966 2923 1023 Mosem
2954 968 3243 1038 compellat
3288 983 3390 1022 suo

1821 1055 1885 1109 de
1909 1056 1994 1111 his
2029 1057 2163 1126 ipsis
2192 1061 2415 1113 oraculo
2441 1076 2455 1111 :
2492 1059 2725 1114 Ascende
2750 1059 2816 1113 ad
2840 1077 2919 1113 me
2945 1061 3000 1114 in
3030 1069 3277 1123 montem,
3309 1068 3394 1112 at-

1819 1162 1917 1216 que
1957 1147 2030 1202 ibi
2059 1158 2187 1203 esto.
2222 1150 2455 1204 Tradam
2481 1154 2618 1205 enim
2652 1150 2747 1205 tibi
2775 1152 2995 1206 tabellas
3027 1151 3283 1221 lapideas,
3318 1151 3393 1205 te-

1778 1306 1781 1307 ,
1819 1256 1932 1309 gem
1964 1257 2025 1293 ac
2050 1242 2223 1295 edicta
2252 1243 2316 1296 ³⁸.
2350 1241 2659 1298 Secundum
2696 1245 2811 1298 haec
2845 1258 2995 1309 vero,
3038 1251 3390 1313 posteaquam

1823 1330 1905 1384 lex
1941 1331 2042 1386 sibi
2071 1333 2335 1402 quidquid
2368 1348 2692 1403 corporeum
2719 1344 2864 1389 esset
2889 1348 2952 1388 ac
2973 1341 3271 1400 terrenum,
3297 1349 3391 1401 per

1822 1419 2122 1473 claritatem
2170 1420 2536 1490 evangelicam
2593 1420 2751 1488 quasi
2804 1419 3057 1488 policndo
3104 1418 3385 1473 detraxit:

1823 1524 1929 1563 non
1961 1509 2073 1577 jam
2100 1511 2332 1578 amplius
2375 1509 2472 1575 id'-,
2505 1510 2558 1564 in
2589 1525 2698 1579 quo
2726 1510 2920 1563 litterae
2951 1508 3388 1578 perscribuntur,

1822 1598 2033 1667 lapidea
2108 1600 2301 1654 tabella
2373 1609 2498 1655 est:
2569 1600 2663 1654 sed
2727 1597 2866 1653 facta
2937 1598 3005 1653 de
3074 1599 3394 1669 splendente

1824 1705 1890 1745 ac
1915 1707 2105 1746 recens
2164 1692 2332 1761 polito
2377 1693 2563 1747 ebore.
2595 1688 2803 1745 Etenim
2854 1690 3038 1743 hocin
3078 1689 3196 1745 loco
3234 1689 3390 1752 illud,

140 1774 313 1828 τολῶν
362 1775 454 1827 καὶ
491 1775 598 1828 τῶν
624 1776 821 1846 νόμων,
854 1776 987 1846 ὅπερ
1022 1774 1198 1829 κοιλία
1229 1775 1585 1847 ὠνόμασται,
1613 1797 1623 1831 1

1907 1782 1964 1835 ml
1995 1783 2171 1837 edicta
2199 1791 2254 1838 et
2313 1784 2459 1853 leges
2490 1783 2583 1838 Dei
2640 1781 2857 1852 recipit,
2892 1780 3194 1834 indicatum
3226 1795 3390 1833 voca—

142 1869 257 1935 ξίον
290 1865 431 1921 εἶναί
477 1886 656 1940 φησιν⁶
687 1868 1029 1939 ἐλεφάντινον
1078 1869 1172 1922 ἐπὶ
1213 1868 1357 1922 λίθου
1394 1872 1712 1943 σαπφείρου.

142 1962 374 2031 Πρῶτον
404 1962 460 2014 δὲ
506 1960 657 2032 οἶμαι
704 1963 899 2033 χρῆναι
950 1961 1011 2014 τὸ
1058 1963 1367 2033 σωματικὸν
1415 1964 1718 2036 ὑπόδειγμα

144 2054 382 2126 φανερὸν
406 2053 483 2124 τῷ
525 2053 668 2124 λόγῳ
698 2054 939 2123 ποιῆσαι,
974 2049 1072 2107 εἶθ’
1108 2053 1283 2118 οὕτως
1329 2054 1422 2108 ἐπὶ
1453 2055 1552 2125 τὴν
1581 2054 1717 2109 θεω-

145 2144 271 2217 ρίαν
306 2144 413 2197 τῶν
439 2144 744 2213 εἰρημένων
780 2144 975 2198 ἐλθεῖν.
1010 2145 1217 2199 Πυκνόν
1241 2162 1294 2198 τι
1324 2143 1476 2210 ξύλον
1501 2147 1533 2216 ἡ
1558 2145 1718 2212 πύξις

142 2234 263 2288 ἔστι
309 2235 403 2287 καὶ
448 2234 763 2300 ὑπόλευκον,
811 2236 906 2304 ἀφ’
946 2231 1015 2307 ἧς
1059 2233 1469 2305 φιλοτεχνοῦσινε
1503 2237 1719 2300 ἑαυτοῖς

79 2348 91 2355 ·
142 2326 400 2390 πίνακας,
414 2321 505 2395 ηρῖς
527 2326 633 2379 τῶν
660 2327 1001 2397 γραμμάτων
1038 2328 1206 2398 μέλει.
1245 2327 1320 2381 Τὸ
1347 2327 1522 2381 τοίνυν
1540 2328 1718 2381 τοιοῦ-

143 2433 234 2469 τον
267 2416 516 2470 πινάκιον
561 2417 647 2470 τό
670 2416 804 2488 πρὸς
851 2418 949 2488 τὴν
996 2417 1104 2471 τῶν
1151 2419 1720 2490 γραμμάτωνκχρείαν

144 2507 674 2578 κατεσκευασμένον,
707 2507 812 2563 κᾶν
853 2508 937 2577 ἐφ’
983 2509 1171 2580 ἑτέρας
1215 2509 1347 2580 ὕλης
1386 2508 1521 2581 τύχῃ
1564 2509 1712 2579 γενό-

126 2614 328 2668 μενον,
380 2599 568 2665 πυξίον
616 2600 1066 2671 καταχρηστικῶς
1113 2600 1456 2671 ὀνομάζεται.
1511 2601 1720 2656 Οὐκοῦν

145 2688 333 2754 πυξίον
351 2690 714 2753 ἀκούσαντες,
760 2690 900 2744 λεῖόν
932 2708 985 2743 τι
1027 2689 1218 2754 σκεῦος
1258 2691 1559 2761 ἐπιτήδειον
1586 2692 1721 2763 πρὸς

144 2783 490 2853 γραμμάτων
561 2784 824 2855 ὑποδοχὴν
894 2786 1272 2856 ἐνενοήσαμεν.
1345 2787 1501 2841 Ἐπεὶ
1541 2788 1719 2841 τοίνυν

145 2874 363 2942 γενικόν
406 2892 460 2928 τι
506 2875 614 2928 τῶν
656 2875 910 2929 τοιούτων
956 2877 1198 2930 πινάκων
1232 2877 1402 2949 ὄνομα
1438 2879 1498 2933 τὺ
1533 2879 1720 2946 πυξίον

146 2964 326 3020 ἐστίν·
360 2965 595 3019 ἐνταῦθα
642 2968 734 3021 καὶ
777 2966 837 3020 τὸ
883 2963 1019 3030 εἶδος
1056 2967 1158 3038 τῆς
1206 2967 1339 3039 ὕλης
1380 2971 1460 3041 τῷ
1504 2970 1718 3024 ὑποδεί-

1818 1871 1948 1926 bulo
1981 1874 2206 1934 ventris,
2248 1887 2370 1927 esse
2396 1872 2590 1927 tabella
2621 1870 2857 1925 eburnea
2884 1869 3087 1925 dicitur
3128 1870 3181 1923 in
3211 1868 3391 1937 lapide

1820 1967 2100 2037 sapphiro.
2141 1967 2318 2038 Atque
2345 1968 2449 2023 hoc
2507 1970 2814 2038 exemplum
2844 1981 3165 2037 corporeum
3214 1965 3390 2035 primo

1817 2057 1978 2112 nobis
2003 2055 2389 2112 declarandum
2451 2057 2712 2121 arbitror,
2766 2064 2930 2126 atque
2990 2055 3064 2108 ita
3099 2052 3297 2107 deinde
3320 2052 3388 2106 ad

1819 2148 2330 2218 contemplationem
2349 2147 2637 2202 verborum
2658 2146 3018 2201 iudicatorum
3038 2144 3386 2199 veniendum.

1820 2238 2057 2295 Densum
2087 2229 2361 2310 quoddam
2410 2248 2465 2294 et
2509 2238 2795 2294 subalbum
2829 2238 3033 2307 lignum
3068 2246 3152 2290 est
3188 2236 3387 2299 buxus,

1820 2332 1887 2386 de
1916 2346 2024 2401 quo
2050 2330 2276 2386 tabellas
2298 2331 2398 2385 sibi
2439 2328 2753 2394 coniiciunt,
2791 2328 2883 2398 qui
2913 2326 3155 2382 scribere
3183 2327 3388 2381 volunt.

1820 2420 2143 2492 Hujusmodi
2168 2437 2298 2494 ergo
2348 2422 2566 2486 tabella,
2596 2420 2915 2490 scriptionis
2946 2419 3011 2474 ad
3045 2434 3204 2474 usum
3235 2432 3386 2472 cum-

1820 2522 2031 2584 parata,
2054 2514 2268 2570 etiamsi
2292 2513 2431 2568 forte
2457 2514 2561 2567 alia
2592 2512 2730 2567 facta
2760 2512 2833 2566 sit
2855 2527 2921 2567 ex
2945 2511 3207 2565 materie:
3236 2509 3393 2580 pyxis

1820 2607 2000 2678 (quasi
2032 2608 2185 2663 dicas
2221 2605 2479 2678 buxeum)
2514 2606 2840 2676 appellatur,
2875 2604 3229 2674 usurpatione
3257 2619 3393 2672 qua-

1820 2696 1944 2750 dam
1968 2697 2119 2752 vocis
2146 2710 2254 2750 non
2282 2695 2521 2765 propria.
2549 2692 2731 2759 Quare
2756 2680 2880 2747 cum
2913 2707 3098 2747 vocem
3133 2691 3271 2744 hanc
3296 2705 3391 2743 ae-

1820 2790 2020 2855 dimus,
2075 2790 2501 2844 instrumentum
2539 2788 2813 2858 quoddam
2844 2788 2973 2841 laeve
3022 2793 3076 2840 et
3109 2783 3400 2854 aptumad
3450 2814 3457 2815 κ

1821 2878 2161 2948 recipiendas
2202 2878 2411 2933 litteras
2461 2877 2814 2948 intelligimus
2845 2893 2858 2931 :
2891 2883 2945 2929 et
2975 2888 3103 2930 vero
3146 2884 3269 2929 cum
3296 2887 3391 2943 ge-

1820 2971 2005 3025 nerale
2037 2971 2107 3025 sit
2140 2968 2472 3023 vocabulum
2503 2967 2570 3021 ad
2603 2981 2792 3021 omnes
2811 2964 3123 3035 hujusmodi
3155 2963 3391 3029 tabulas,

146 3074 317 3129 γματι
369 3059 397 3111 ὁ
444 3058 601 3128 λόγος
646 3060 1018 3132 προστίθησιν,
1066 3060 1165 3113 οὐκ
1197 3062 1306 3115 ἀπὸ
1332 3061 1486 3126 ξύλου
1521 3062 1629 3130 λέγι

1906 3063 2028 3117 irco
2077 3061 2166 3115 hic
2220 3063 2382 3114 etiam
2446 3058 2693 3113 materiei
2724 3057 2936 3128 species
2983 3056 3218 3111 additur.
3272 3052 3389 3107 Non

145 3151 262 3204 ἀλλ’
286 3152 345 3218 ἐξ
375 3152 661 3220 ἐλέφαντος
692 3149 830 3207 εἶναι
855 3152 952 3223 τὴν
979 3155 1319 3226 κατασκευὴν
1349 3154 1558 3221 πυξίου.
1581 3155 1716 3208 Φασὶ

143 3245 222 3310 ἃ,
262 3245 353 3298 διὰ
386 3245 583 3314 πολλὴν
614 3247 923 3316 πυκνότητα
954 3248 1047 3299 καὶ
1077 3249 1428 3319 στερρότητα,
1464 3246 1522 3300 τὸ
1546 3246 1719 3300 τοιοῦ-

144 3354 234 3390 τον
266 3337 452 3391 ὀστέον
481 3337 714 3409 ἄφθορον
742 3338 1045 3409 διαμένειν,
1089 3341 1172 3407 ἐφ’
1203 3339 1282 3391 ὅτι
1314 3341 1577 3409 μήκιστον
1615 3356 1719 3409 μη-

144 3428 197 3481 δε
208 3428 339 3499 μίαν
372 3429 437 3479 ὲκ
470 3426 660 3498 χρόνου
697 3426 898 3497 βλάϐην
930 3427 1384 3498 παραδεχόμενον.
1444 3427 1501 3479 '0
1539 3425 1594 3480 δὲ
1622 3427 1720 3480 σάκ-

147 3535 378 3590 πφειρος
417 3518 494 3589 τῷ
522 3517 704 3588 κυανῷ
738 3518 865 3570 εῖδει
896 3516 996 3585 τῆς
1023 3519 1211 3588 χροιᾶς
1253 3519 1333 3580 είς
1365 3517 1718 3588 παραμυθίαν

145 3610 239 3663 τοῦ
275 3609 524 3678 καμάτου
557 3608 665 3661 τῶν
707 3607 997 3678 ὀφθαλμῶν
1046 3609 1376 3673 ἐπινοεῖται,
1426 3610 1537 3671 τοῖς
1567 3607 1719 3676 φιλο-

148 3701 328 3763 adven);
380 3699 772 3770 προσανέχουσι
819 3698 896 3768 τῷ
947 3699 1458 3771 καταγεγραμμένῳ
1505 3699 1715 3769 πυξίῳ,

149 3791 396 3863 φυσικῶς
441 3792 541 3861 τῆς
584 3790 837 3861 τοιαύτης
889 3791 1066 3861 αὐγῆς
1109 3790 1208 3855 τὰς
1250 3791 1398 3859 ὄψεις
1427 3791 1495 3844 δι’
1521 3791 1720 3861 ἑαυτῆς

146 3881 557 3952 ἀναπαυούσης.
604 3881 676 3934 Τὸ
705 3881 803 3952 μὲν
830 3876 921 3934 οὖν
951 3882 1270 3952 ὑπόδειγμα,
1300 3874 1345 3950 ᾧ
1378 3880 1464 3934 διὰ
1494 3882 1719 3953 συγκρί-

149 3993 285 4040 σεως
329 3973 607 4046 ὁμοιοῦται
653 3974 686 4044 ὴ
734 3971 1188 4044 ὲγκωμιαζομένη
1240 3974 1337 4043 τῆς
1397 3972 1719 4044 Ἐκκλησίας

148 4067 347 4129 κοιλία,
371 4064 610 4118 τοιοῦτόν
639 4065 806 4117 εστιν.
853 4064 991 4133 Ἐγὼ
1013 4064 1068 4117 δὲ
1096 4064 1243 4135 παρὰ
1263 4065 1358 4132 τῆς
1386 4063 1719 4136 προφητείας

148 4159 391 4219 ἀκούσας
453 4155 609 4208 τοῦτο
654 4154 1107 4226 διακελευομένης
1160 4157 1224 4209 ὲκ
1277 4155 1565 4226 προσώπου
1624 4155 1718 4210 τοῦ

147 4252 306 4318 Θεοῦ,
348 4254 430 4305 ὅτι
478 4250 690 4322 Γράψον
730 4251 918 4320 ὅρασιν
965 4247 1151 4317 σαφῶς
1181 4249 1239 4311 ες
1272 4248 1479 4314 πυξίον,
1516 4247 1720 4303 ἔννοιαν

146 4344 442 4414 λαμϐάνω,
493 4344 544 4397 τί
574 4343 660 4396 διὰ
702 4340 795 4396 τοῦ
844 4341 1107 4411 ὀνόματος
1145 4341 1244 4411 τῆς
1287 4341 1493 4404 κοιλίας
1542 4343 1600 4395 ὲν
1642 4342 1720 4414 τῷ

1818 3156 1960 3210 enim
1991 3154 2123 3209 dicit
2147 3168 2213 3206 ex
2243 3152 2419 3223 ligno,
2448 3151 2544 3205 sed
2581 3151 2745 3205 ebore
2802 3149 3002 3203 factum
3033 3162 3172 3217 opus
3228 3146 3392 3215 hujus

1819 3246 2047 3302 tabellae.
2077 3243 2336 3299 Traditur
2366 3251 2545 3299 autem
2591 3241 2905 3311 hujusmodi
2936 3238 3079 3294 ossis
3110 3252 3228 3293 eam
3271 3252 3394 3290 esse

1818 3336 2142 3392 densitatem
2176 3348 2239 3388 ac
2297 3333 2644 3395 soliditatem,
2681 3338 2740 3385 ut
2788 3328 3101 3384 diutissime
3144 3327 3396 3381 incorru—

1817 3435 1973 3498 ptum
2008 3433 2244 3493 maneat,
2265 3426 2507 3494 nihilque
2537 3423 2866 3477 detrimenti
2892 3437 2922 3474 a
2968 3431 3211 3489 tempore
3246 3418 3393 3471 arci.-

1819 3522 1950 3591 piat.
1994 3516 2296 3589 Sapphirus
2326 3524 2504 3569 autent
2554 3513 2738 3568 colore
2789 3512 3084 3567 caeruleum
3145 3510 3393 3564 imitante

1819 3619 2031 3666 recreat
2069 3609 2325 3682 fatigatos
2380 3623 2571 3666 eorum
2608 3606 2827 3667 oculos,
2882 3603 2975 3675 qui
3009 3601 3275 3657 studiose-
3302 3598 3388 3651 in-

1819 3703 1952 3759 tenti
1986 3709 2115 3758 sunt
2145 3703 2356 3758 tabellae
2384 3703 2730 3759 huiclilteris
2757 3697 2973 3768 repleta:
3004 3714 3014 3748 :
3046 3692 3190 3763 quod
3222 3706 3252 3744 a
3287 3705 3381 3745 na-

1820 3804 1943 3851 tura
1982 3797 2064 3852 sic
2113 3804 2486 3866 comparatum
2542 3793 2632 3859 ﬁt,
2668 3801 2727 3847 ut
2764 3786 3076 3859 huiusmodi
3135 3782 3395 3855 splendor

1819 3887 2012 3940 oculos
2055 3886 2282 3941 reﬁciat.
2351 3884 2505 3939 Talev
2537 3883 2704 3955 igitur
2759 3879 2891 3935 illud
2925 3884 3010 3933 est
3060 3873 3391 3943 exemplum,

1804 3994 2076 4050 cumquo
2098 3985 2288 4034 venter
2313 3976 2570 4032 Ecclesiae
2597 3976 2651 4031 in
2683 3974 2785 4029 hoc
2815 3962 3065 4027 encomio
3114 3980 3394 4037 compara-

1820 4079 1927 4125 tur.
1958 4071 2395 4125 Czeterumcum
2448 4065 2744 4138 prophetiae
2802 4064 3012 4117 librum
3052 4060 3107 4114 in
3158 4071 3391 4129 persona

1822 4161 1916 4216 Dei
1956 4165 2057 4216 hac
2091 4162 2476 4217 exhortatione
2504 4160 2583 4214 uti
2617 4157 2801 4220 audio,
2837 4153 3029 4209 Scribe
3061 4152 3238 4206 visum
3268 4151 3389 4212 hoc,

1820 4264 1875 4310 et
1899 4255 2115 4324 quidem
2147 4254 2293 4310 clare
2321 4254 2375 4307 in
2427 4252 2683 4306 tabellam
2726 4267 2739 4304 :
2791 4262 3003 4301 mecum
3045 4244 3163 4314 ipse
3187 4241 3391 4311 cogito,

1821 4346 1951 4417 quid
1982 4362 2076 4417 per
2119 4344 2441 4400 vocabulum
2496 4343 2707 4397 ventris
2748 4338 2815 4393 in
2869 4350 3099 4407 corpore
3152 4332 3391 4395 Domini,

150 4437 529 4507 ἐπαινουμένῳ
571 4434 785 4505 σώματι
812 4432 906 4487 τοῦ
938 4432 1140 4505 Κυρίου
1166 4434 1432 4505 προσήκει
1462 4435 1600 4487 νοεῖν
1622 4449 1633 4463 ·

1911 4438 1971 4491 ad
2000 4437 2089 4492 hic
2110 4437 2388 4501 laudatur,
2412 4434 2721 4502 intelligere
2740 4429 3049 4485 conveniat.
3082 4425 3221 4491 Quia
3248 4423 3394 4478 enim

148 4528 259 4602 γὰρ
290 4528 389 4599 τὴν
423 4527 567 4581 θείαν
610 4529 796 4598 ὅρασιν
839 4525 1024 4595 σαφῶς
1056 4526 1349 4597 ἐγγράφειν
1392 4525 1469 4597 τῷ
1500 4525 1673 4596 me“?
1695 4528 1725 4579 ὁ

150 4620 309 4690 λόγος
342 4619 733 4684 διακελεύεται,
758 4620 909 4689 τάχαν
923 4618 982 4671 τὸ
1010 4618 1246 4689 καθαρὸν
1272 4618 1369 4687 τῆς
1400 4618 1648 4690 καρδίας,
1680 4615 1726 4689 ᾧ

151 4712 238 4767 διὰ
280 4712 384 4782 τῆς
437 4713 656 4782 μνήμης
697 4712 797 4775 τὰς
840 4710 987 4774 θείας
1020 4709 1232 4780 ὁράσεις
1269 4711 1724 4782 ἀπογραφόμεθα,

153 4802 229 4873 τῷ
252 4802 354 4871 τῆς
383 4802 586 4865 κοιλίας
625 4801 847 4871 ὀνόματι
872 4800 1231 4871 διασημαίνει.
1270 4801 1534 4872 Καθάπερ
1562 4803 1590 4854 ό
1613 4802 1727 4857 δια-

158 4894 373 4955 στείλας
402 4892 462 4945 τὸ
494 4890 795 4960 στόμα-τοῦ
833 4892 1065 4963 μεγάλου
1112 4890 1386 4962 Ἰεζεκιὴλ,
1430 4893 1525 4945 καὶ
1553 4893 1728 4956 ἐνθεὶς

154 4983 305 5054 αὑτῷ
333 4984 430 5053 τὴν
464 4982 725 5052 κεφαλίδα
756 4981 848 5035 τού
879 4981 1102 5051 βιϐλίου,
1151 4981 1329 5051 πλήρη
1384 4983 1727 5053 γραμμάτων

156 5074 278 5130 καθ’
333 5074 595 5146 ἑκάτερον
636 5069 838 5137 οὖσαν,
894 5072 1034 5126 κατά
1087 5089 1144 5125 τε
1191 5072 1251 5126 τὸ
1307 5073 1526 5139 ἔξωθεν.
1562 5074 1726 5129 αὑτοῦ

155 5167 250 5220 καὶ
306 5166 373 5217 τὸ·
396 5163 595 5217 ἔσωθεν
619 5182 633 5196 ο
679 5165 812 5234 φησι
858 5164 992 5237 πρὸς
1028 5164 1207 5228 αὑτὸν,
1249 5166 1328 5218 ὅτι
1407 5166 1485 5219 Τὸ·
1535 5168 1729 5236 στόμα

155 5272 271 5313 σου
323 5256 599 5325 φάγεται,
652 5255 749 5309 καὶ
803 5256 843 5322 ἡ
893 5256 1093 5310 κοιλία
1133 5271 1248 5310 σου
1285 5255 1727 5325 πλησθήσεται.

156 5348 229 5402 Τδ
270 5349 606 5418 διωοητικὺν
658 5348 759 5417 τῆς
823 5347 998 5418 ψυχῆς
1058 5339 1102 5414 ᾧ
1169 5345 1460 5401 ἐναπέθετο
1497 5348 1566 5402 τὰ
1611 5349 1731 5414 θεῖα

162 5441 498 5513 μαθήματα,
586 5440 793 5494 κοιλίαν
880 5440 1343 5511 προσαγορεύσας.
1425 5441 1728 5513 Παραπληο.

158 5529 289 5593 σίως
343 5527 400 5581 δὲ
461 5529 555 5584 καὶ
611 5528 702 5582 τὸν
734 5527 910 5600 μέγαν
960 5526 1249 5600 Ἱερεμίαν,
1290 5529 1390 5604 τὴν
1460 5532 1564 5586 ὑπὸ
1619 5532 1729 5589 τῶν

230 5704 280 5739 ³⁸
314 5703 487 5761 Exod.
520 5720 706 5773 τηεν,
730 5704 822 5763 29.
901 5705 946 5739 ³⁸
969 5705 1139 5764 Exod.
1179 5722 1325 5775 xxw,
1358 5708 1441 5764 12.

1825 4529 2165 4584 visumrillaud
2215 4527 2465 4583 divinum
2522 4525 2670 4579 clare
2725 4520 2950 4578 inscribi
2998 4518 3212 4574 tabellae
3256 4516 3398 4579 vult,

1828 4614 2064 4670 fortasse
2109 4613 2290 4670 cordis
2328 4611 2647 4682 puritatem,
2676 4611 2765 4665 cui
2816 4624 2912 4679 per
2937 4606 3255 4663 memoriam
3281 4605 3399 4660 visa

1829 4705 2029 4760 divina
2062 4705 2435 4769 inscribimus,
2485 4702 2694 4758 ventris
2746 4700 3107 4771 appellatione
3152 4698 3396 4753 denotat.

1829 4796 2295 4863 Quemadmodum
2334 4803 2390 4849 et
2453 4794 2522 4859 is,
2570 4794 2661 4863 qni
2703 4791 2881 4861 magni
2933 4790 3208 4861 prephetze
3262 4786 3399 4839 Eze-

1827 4889 2018 4945 chielis
2047 4903 2108 4942 os
2147 4886 2379 4957 aperuit,
2430 4884 2594 4955 inque
2621 4883 2722 4936 hoc
2780 4881 3185 4943 librivolumen
3217 4876 3401 4947 posuit

1832 4984 2083 5051 utrinque
2109 4982 2306 5035 litteris
2333 4977 2615 5044 refertum,
2650 4975 2893 5031 exterius
2930 4981 2983 5027 ct
3016 4971 3246 5025 interius
3281 4970 3396 5024 :ait

1829 5077 2036 5129 ad'cum
2055 5073 2324 5129 :Comedet
2346 5089 2401 5127 os
2424 5082 2593 5137 tuum,
2611 5088 2672 5124 ac
2696 5075 3003 5124 ventertuus
3030 5063 3312 5133 replebitur
3329 5062 3398 5116 “.

1830 5166 2038 5234 Quibus
2062 5168 2115 5221 in
2154 5166 2331 5221 verbis
2378 5172 2566 5218 venter
2595 5161 2917 5231 appellatur,
2956 5162 3090 5226 'pars
3118 5156 3281 5208 animi
3316 5155 3403 5207 in-

1834 5258 2082 5326 telligens
2107 5262 2160 5310 et
2208 5255 2417 5308 ratione
2447 5250 2693 5322 praedita,
2718 5250 2772 5302 in
2809 5261 2913 5317 qua
2939 5243 3201 5300 divinitus
3247 5255 3403 5295 acce-

1835 5360 1925 5420 pta
1966 5348 2124 5418 quasi
2170 5345 2493 5401 collocabat.
2539 5341 2801 5395 Similiter
2842 5344 2896 5392 et
2954 5352 3211 5407 magnum
3247 5334 3403 5388 illum

1836 5438 2161 5495 Hieremiam
2190 5436 2393 5491 scimus
2428 5448 2523 5488 cur
2542 5446 2696 5487 suum
2736 5429 2963 5491 miriﬁce
2986 5443 3016 5483 a
3064 5427 3313 5482 tristibus
3338 5425 3403 5478 il-

1834 5533 1901 5588 lis
1917 5522 2643 5603 cogitationibus'afﬂictum,
2672 5531 2913 5581 ventrem
2934 5520 3415 5594 appellassc,cum.

1540 5709 1586 5744 ⁸⁸
1615 5707 1814 5766 Ezech.
1855 5723 1937 5779 ιιι,
1970 5709 2024 5765 5.
