3756 5988
150 258 293 317 1077

1172 255 1241 313 IN
1266 255 1565 313 (IAN'HCA
1598 256 1873 314 CANTJC.
1916 257 2198 313 HOMILIA
2235 257 2355 313 XlV

3258 250 3403 309 1073

151 371 488 444 προέχοντας
509 372 704 436 ξνίτοῖς
727 371 1044 436 ἀποστόλοις
1071 371 1300 444 Πέτρον,
1325 371 1424 427 καὶ
1452 372 1634 427 Ἰάκωε

1920 388 2045 429 anas
2070 374 2363 444 appellavit
2388 372 2459 428 ι’.
2517 373 2583 426 Ει
2633 386 2762 427 vero
2780 371 2916 440 quia
2942 370 3165 425 -di.’scere
3202 384 3403 424 convc-

151 462 246 515 καὶ
285 460 562 531 Ἰωάννην,
600 462 824 527 στύλους
848 462 1151 534 ὠνόμασεν.
1191 464 1345 518 Ἐπεί
1370 463 1428 518 δὲ
1454 464 1549 518 καὶ
1573 463 1730 517 τοῦτο

152 551 426 622 προσήκει
469 551 682 621 μαθεῖν,
712 552 830 616 πιῖις
860 551 977 606 εστι
1008 552 1264 622 γενέσθαι
1297 552 1510 620 στύλον,
1556 554 1634 617 ὼς
1661 552 1729 607 ἂν

152 640 247 697 καί
273 643 439 713 ἡμεῖς
480 643 629 710 ἄξιοι
664 642 763 714 τῆς
806 644 1065 716 τοιαύτης
1107 644 1398 715 γενοίμεθα
1442 645 1732 716 κλήσεως’

154 730 318 785 πάλιν
342 733 438 785 καὶ
464 730 623 785 τοῦτο
647 730 801 802 παρά
825 732 924 803 τῆς
955 733 1049 786 τοῦ
1095 733 1308 788 Παύλου
1341 734 1532 803 σοφίας
1567 732 1729 788 ἀκού·-

152 836 324 892 ωμεν.
372 821 434 886 ὅς
464 839 599 894 φησι
641 822 833 877 στύλον
881 818 1023 878 εἶναι
1067 824 1165 877 καὶ
1199 824 1260 878 τὸ
1300 823 1579 896 ἑδραίωμα
1626 824 1730 894 τῆς

153 911 434 983 ἀληθείας.
465 914 674 968 Οὐκοῦν
694 914 915 986 χρυσίον
941 915 1041 986 μιν
1063 915 1212 969 ἐστιν
1240 915 1275 987 ἡ
1295 914 1541 987 ἀλήθεια,
1572 915 1607 986 ἡ
1634 916 1730 969 καὶ

154 1002 315 1071 βάσις
342 1001 453 1055 τῶν
485 1020 585 1075 κνη
593 1004 708 1075 μῶν
736 1004 1019 1076 γινομένη,
1045 1004 1140 1058 καὶ
1168 1003 1266 1069 τὰς
1298 1007 1489 1076 χεῖρας
1513 1006 1609 1076 καὶ
1630 1005 1730 1077 τὴν

153 1093 402 1165 κεφαλὴν
436 1094 506 1148 δι’
539 1096 738 1165 εαυτῆς
774 1096 1213 1161 καλλωπίζουσα.
1258 1096 1333 1151 Τὸ
1362 1096 1422 1151 δὲ
1450 1095 1730 1167 ἑδραίωμα

150 1185 237 1246 είς
276 1183 379 1256 τὴν
423 1185 516 1240 τοῦ
553 1188 845 1258 μαρμάρου
896 1204 978 1252 τις
1026 1186 1189 1256 φύσιν
1231 1186 1585 1259 μεταλαϐὼν,
1632 1187 1730 1258 οὐχ

152 1274 537 1346 άμαρτήσετᾱι
556 1294 568 1308 ·
610 1277 686 1340 ὡς
724 1272 861 1330 εἶναι
885 1277 1143 1349 τοιαύτην
1165 1277 1266 1350 τὴν
1291 1277 1399 1332 τῶν
1421 1277 1730 1349 λεγομένων

151 1366 397 1421 διάνοιαν
415 1381 429 1395 ⁸
464 1363 549 1418 ὅτι
574 1366 642 1420 Δί
691 1369 897 1440 κνῆμαι
920 1370 1015 1424 τοῦ
1043 1369 1296 1441 σώματος
1318 1370 1370 1423 οἰ
1397 1370 1731 1443 μαρμάρινοι

154 1455 362 1520 στύλοι,
391 1458 665 1513 τουτέστιν
707 1462 760 1514 οξ
783 1459 862 1532 τῷ
901 1460 1142 1533 λαμπρῷ
1180 1461 1282 1533 βίῳ
1317 1461 1412 1516 καὶ
1444 1460 1522 1533 τῷ
1555 1460 1733 1530 ὑγιαί-

154 1566 302 1602 νοντι
341 1550 484 1621 λόγῳ
524 1550 585 1605 τὸ
624 1552 803 1607 κοινὸν
840 1553 999 1625 σῶμα
1026 1555 1127 1625 τῆς
1168 1553 1492 1625 Ἐκκλησίας
1527 1552 1729 1624 βαστά-

1828 464 1929 529 nit,
1961 478 2071 535 quo
2109 471 2268 535 pacto
2292 464 2417 535 quis
2492 461 2610 518 ﬁeri
2680 461 2965 516 columna:
2994 460 3191 531 possit,
3233 466 3294 513 ut
3351 466 3419 514 es

1828 572 1931 613 nos
2012 558 2164 630 digni
2239 558 2373 635 hac
2423 553 2792 627 appellatione
2872 551 3130 606 ﬁamus:
3208 563 3407 603 rursus

1834 646 1937 703 hoc
1967 662 2185 719 quoque
2225 647 2295 704 de
2343 646 2495 702 Pauli
2544 645 2810 716 sapientia
2847 640 3425 711 intelligamus,..qui.

1829 741 2142 796 columnam
2191 738 2270 795 ait
2324 739 2571 795 veritatis
2618 744 2673 792 et
2719 737 3125 791 ﬁrmamentum
3165 730 3413 787 esse“:

1830 835 2021 905 Itaque
2074 850 2269 889 aurum
2317 841 2403 889 est
2443 834 2666 898 veritas,
2702 844 2826 900 quae
2875 827 3065 883 eadem
3090 836 3145 880 et
3182 838 3405 879 crurum

1829 927 1978 984 basis
2000 936 2106 991 est,
2139 934 2194 982 et
2254 924 2508 980 manibus
2560 930 2726 993 atque
2778 920 2943 991 capiti
3022 922 3408 973 ornamentum

1832 1017 2053 1088 aliquod
2085 1016 2261 1072 aﬁ‘ert.
2290 1016 2360 1070 At
2385 1014 2714 1070 firmamenti
2743 1026 2932 1068 vocem
2955 1011 3001 1067 si
3022 1009 3147 1079 quis
3168 1007 3236 1062 ad
3263 1022 3411 1060 πηοί-ε

1830 1109 2004 1189 pueris
2034 1117 2289 1164 naturam
2347 1104 2666 1168 transferat,
2692 1118 2803 1159 non
2834 1101 3041 1158 errabit
3068 1119 3081 1156 :
3115 1101 3187 1155 ita
3218 1109 3277 1154 ut
3304 1099 3419 1153 hit--

1826 1199 2072 1271 jusmodi
2114 1200 2408 1254 verborum
2457 1196 2530 1252 sit
2576 1196 2848 1252 sententia
2891 1193 3110 1249 :Crura
3156 1191 3410 1246 videlicet

1831 1292 2083 1365 corporis
2111 1307 2234 1348 esse
2257 1291 2542 1346 columnas
2597 1302 2953 1350 marmoreas,
2987 1285 3089 1339 hoc
3126 1290 3209 1338 est
3262 1281 3407 1343 illos.

1829 1384 1925 1455 qui
1953 1383 2152 1438 illustri
2182 1382 2292 1437 vita
2323 1390 2377 1436 et
2407 1394 2540 1436 sana
2590 1378 2837 1434 doctrina
2868 1389 3161 1431 commune
3211 1386 3420 1442 corpus

1833 1471 2095 1527 Ecclesia:
2124 1477 2342 1542 gestent
2370 1476 2538 1540 atque
2596 1467 2825 1525 fulciant
2857 1480 2996 1535 :per
3031 1470 3252 1534 quoset
3284 1461 3411 1516 ﬁdei

1831 1564 1982 1619 basis
2006 1563 2161 1627 ﬁrma
2190 1568 2324 1628 stat,
2344 1566 2398 1617 et
2427 1559 2648 1614 virtutis
2680 1573 2879 1615 cursus
2905 1555 3228 1622 absolvitur,
3271 1561 3327 1610 ct
3354 1554 3421 1609 in-

154 1636 343 1702 ζουτὲς
376 1656 437 1691 τε
481 1640 575 1694 καὶ
611 1639 960 1712 διερείδοντες
985 1660 999 1674 ·
1059 1643 1129 1698 δι’
1153 1637 1229 1698 ὧν
1266 1644 1301 1714 ἧ
1341 1660 1400 1697 τε
1433 1644 1589 1715 βάσις
1630 1661 1637 1678 ·

1929 1654 2068 1711 tibus
2093 1654 2290 1709 divinae
2321 1651 2435 1722 spei
2469 1658 2644 1706 totum
2685 1665 2889 1720 corpus
2927 1648 3213 1703 attollitur.
3246 1644 3412 1700 Fiunt

156 1728 397 1793 πίστεως
435 1729 550 1800 ἔχει
586 1731 647 1785 τὸ
678 1732 896 1802 πάγιον.
930 1734 1026 1788 καὶ
1069 1735 1098 1787 ὁ
1128 1736 1248 1789 κατ’
1287 1734 1490 1806 ἀρετὴν
1532 1733 1639 1806 δρόι

1931 1760 2017 1801 ειη
2052 1745 2168 1798 hac
2199 1744 2457 1814 praeclare
2483 1757 2580 1813 per
2613 1742 2716 1796 ista
2740 1742 2870 1802 duo,
2913 1741 3174 1794 nimirum
3210 1738 3413 1792 verita-

153 1816 405 1881 ἀνύεται,
437 1821 530 1873 καὶ
558 1820 616 1873 ἐν
638 1824 752 1885 τοῖς
783 1822 988 1894 ἆλμασι
1011 1824 1119 1878 τῶν
1149 1824 1306 1878 θείων
1334 1824 1586 1889 ἐλπίδων,
1613 1824 1636 1878 ὃ

1928 1853 1940 1890 ι
1968 1851 2033 1891 ac
2062 1835 2374 1889 ﬁrmitatem
2406 1853 2420 1889 :
2478 1835 2552 1887 ita
2581 1842 2638 1889 ut
2663 1846 2858 1886 aurum
2892 1831 2959 1886 ad
2992 1831 3275 1884 veritatem
3318 1824 3411 1883 a'c-

154 1904 218 1959 τὸ
246 1906 411 1979 σῶμα
438 1909 710 1982 μετέωρον
735 1913 966 1974 γίνεται.
996 1913 1100 1967 Διὰ
1134 1913 1241 1989 τῶν
1259 1914 1353 1967 δύο
1379 1913 1637 1985 κατορθοῦ

1926 1925 2230 1987 nmodetur,
2258 1940 2379 1994 qua:
2406 1924 2475 1978 de
2504 1922 2656 1977 Pauli
2688 1923 2960 1978 sententia
2994 1921 3409 1976 fundamentum

154 1996 389 2061 τούτων,
415 1999 673 2071 ἀληθείας
710 2004 807 2057 καὶ
840 2003 1191 2075 βεϐαιότητος
1214 2021 1226 2034 ·
1266 2004 1362 2059 τοῦ
1396 2006 1492 2077 μὲν
1528 2023 1631 2078 χρυ

1930 2015 2050 2070 ilicii
2074 2013 2248 2068 divini
2276 2020 2363 2069 est
2402 2020 2457 2067 et
2485 2011 2708 2065 dicitur.
2753 2010 2844 2065 Sic
2870 2009 3016 2065 enim
3042 2011 3121 2063 ait
3146 2026 3161 2063 :
3187 2006 3413 2062 Funda—

157 2089 716 2164 μεταλαμϐανομένου
740 2094 877 2167 πρὸς
902 2095 1004 2167 τὴν
1026 2095 1304 2168 ἀλήθειαν,
1329 2098 1450 2167 ἥτις
1478 2097 1640 2152 κατὰλ

1933 2115 2071 2160 etum
2101 2104 2253 2159 aliud
2280 2119 2472 2173 ponere
2508 2119 2660 2157 nemo
2706 2110 2898 2171 potest,
2947 2112 3138 2168 prwter
3190 2100 3245 2152 id
3275 2099 3416 2170 quod

158 2179 377 2234 Παύλου
404 2183 589 2255 φωνὴν
620 2184 867 2256 θεμέλιος
899 2187 999 2259 τῆς
1028 2186 1181 2251 θείας
1218 2189 1563 2259 κατασκευῆς
1591 2190 1641 2258 γί

1935 2197 2065 2250 itum
2094 2202 2195 2259 est,
2254 2192 2393 2265 quod
2421 2202 2501 2247 est
2549 2191 2795 2249 Christus
2826 2190 2893 2248 “.
2940 2190 3196 2245 Christus
3232 2196 3418 2244 autem

156 2271 250 2323 ταί
276 2267 337 2325 τε
384 2275 477 2326 καὶ
506 2276 849 2347 ὀνομάζεται.
893 2276 1079 2343 Οὕτως
1108 2280 1220 2351 γάρ
1262 2278 1424 2351 φησιν
1449 2298 1461 2310 ·
1505 2276 1586 2335 ὅτι
1631 2294 1639 2331 t

1930 2288 2040 2343 itas
2064 2294 2173 2349 est,
2197 2287 2254 2340 in
2283 2300 2391 2356 qua
2420 2299 2582 2339 crura
2614 2283 2933 2346 fundantur,
2977 2296 3098 2352 qua:
3136 2281 3413 2335 columna:

154 2361 373 2430 μέλινον
407 2364 605 2420 ἄλλον
650 2368 848 2434 οὐδεὶς
898 2368 1143 2424 δύναται
1193 2358 1380 2426 θεῗναι
1422 2370 1583 2439 παρὰ
1631 2390 1637 2421 τ

1932 2386 1969 2433 ιι
2018 2376 2293 2433 Ecclesiae.
2362 2375 2465 2431 Per
2514 2388 2755 2429 marmor
2810 2382 2992 2428 autem
3042 2373 3415 2442 intelligamus

156 2455 458 2523 κείμενον,
497 2457 566 2522 ὅς
603 2458 778 2514 ἐστιν
815 2461 1052 2531 Ἰησοῦς
1075 2463 1351 2533 Χριστός.
1402 2462 1638 2532 Χριστὸς

1934 2486 1963 2525 e
1985 2469 2331 2540 splendorem
2356 2478 2413 2523 et
2439 2456 2833 2530 consta'ntiam,
2862 2472 3029 2536 atque
3059 2465 3417 2525 innnutahili-

157 2546 310 2600 ἐστιν
338 2548 372 2617 ή
401 2547 649 2618 ἀλήθεια,
733 2552 1166 2623 ἐνθεμελιοῦνται
1198 2554 1256 2607 αί
1289 2554 1514 2624 κνῆμαι,
1545 2555 1593 2606 oi
1620 2571 1640 2606 α

1931 2576 2008 2616 em
2056 2542 2432 2614 in'aﬂ'ectione
2484 2573 2614 2627 erga
2642 2558 2735 2612 illa
2764 2572 2887 2628 qua!
2919 2558 3060 2611 bona
3093 2567 3239 2611 sunt.
3276 2555 3414 2621 Quia

158 2634 240 2688 λοι
292 2637 393 2707 τῆς
446 2637 797 2708 Ἐκκλησίας.
844 2640 945 2695 Διά
982 2639 1076 2694 τοῦ
1135 2642 1429 2713 μαρμάρου
1477 2640 1641 2695 νοούν·

1956 2668 1970 2705 ι
1997 2652 2182 2706 multa:
2206 2661 2334 2707 sunt
2353 2651 2407 2705 in
2430 2651 2783 2704 tabernaculo
2803 2649 3099 2704 testimonii
3123 2649 3439 2710 columna;

156 2727 320 2799 ἡμῶν
357 2728 418 2783 τό
444 2746 504 2783 τε
534 2729 785 2802 λαμπρὸν
821 2730 914 2785 τοῦ
950 2731 1087 2803 βίου,
1120 2733 1214 2785 καὶ
1241 2732 1304 2784 τὸ
1334 2732 1470 2803 πρὸς
1508 2731 1639 2803 τὴνι

1930 2745 2026 2799 ιΙιιε
2066 2743 2195 2799 item
2245 2742 2527 2813 sapientia:
2575 2741 2797 2796 domum
2858 2741 3130 2795 columna:
3159 2739 3413 2803 fulciunt,

158 2820 383 2891 ἀγαθῶν
410 2821 649 2876 διάθεσιν
679 2821 940 2894 ἐμϐριθές
974 2841 1036 2877 τε
1068 2824 1164 2878 καὶ
1197 2824 1551 2895 ἀμετάθετον.
1601 2826 1641 2878 ’Δ

1934 2852 1966 2890 ιι
2000 2836 2218 2890 interim
2252 2836 2341 2890 hic
2399 2834 2522 2890 dum
2548 2833 2823 2890 sufﬁciant
2875 2834 2975 2886 toti
3006 2831 3225 2909 corpori
3258 2832 3417 2886 susti-

159 2912 350 2984 ἐπειδὴ
381 2913 568 2967 πολλοὶ
598 2914 696 2986 μὲν
726 2916 776 2968 οί
805 2915 986 2969 στύλοι
1017 2914 1112 2967 τοῦ
1140 2916 1442 2988 μαρτυρίου
1474 2916 1574 2987 τῆς
1609 2933 1640 2969 σ

1939 2927 2023 2981 ldo
2082 2944 2097 2980 :
2160 2925 2412 2982 fortassis
2460 2926 2622 2980 aliam
2658 2924 2951 2995 quamdam
2983 2923 3422 2995 ad‘sententiam

158 3005 278 3076 νῆς,
310 3003 495 3058 πολλοὶ
520 3004 576 3058 δὲ
599 3006 694 3059 καὶ
720 3007 769 3059 οἱ
805 3006 898 3059 τὸν
927 3007 1027 3077 τῆς
1059 3007 1250 3076 σοφίας
1272 3002 1421 3060 οἷκον
1445 3007 1641 3061 διαϐασ

1938 3018 2146 3089 igmatis
2199 3017 2362 3088 hujus
2398 3033 2600 3087 scopus
2642 3016 2963 3074 referendus
3009 3013 3121 3073 cst.
3166 3016 3421 3070 Arbitror

160 3097 346 3158 ζοντες
364 3113 378 3126 ·
422 3093 516 3148 δύο
543 3095 601 3148 δὲ
634 3093 730 3149 νῦν
756 3095 1080 3167 ὲξαρχοῢσιν
1109 3096 1227 3151 ὅλον
1251 3097 1468 3167 ἀνέχειν
1493 3098 1576 3166 ὲφτ
1611 3099 1738 3151 ἑαυ-

159 3186 268 3241 τῶν
293 3185 359 3240 τὸ
386 3185 578 3257 σῶμα’
621 3187 761 3258 τάχα
807 3187 945 3259 πρὸς
974 3187 1140 3260 ἄλλην
1179 3188 1305 3241 τινὰ
1347 3188 1587 3243 διάνοιαν
1630 3188 1739 3260 χρὴ

163 3280 496 3347 μεταγαγεῖν
532 3278 624 3332 τὸν
653 3279 854 3333 σκοπὸν
894 3279 990 3333 τοῦ
1037 3279 1375 3351 αἰνίγματος.
1431 3274 1601 3352 Οἶμαι
1628 3282 1739 3353 γὰρ

158 3373 247 3426 διὰ
270 3371 480 3426 τούτων
523 3372 698 3425 ὲκεῖνο
731 3371 1236 3437 κατασκευάζεσθαι
1271 3386 1285 3401 ·
1333 3372 1394 3424 τὸ
1440 3372 1740 3442 πολυειδεῖς

164 3464 265 3533 μὲν
294 3461 544 3531 γίνεσθαι
568 3460 667 3525 τὰς
689 3463 754 3515 ὲκ
778 3461 877 3516 τοῦ
900 3462 1066 3533 νόμου
1097 3463 1234 3533 πρὸς
1263 3462 1463 3535 ἀρετὴν
1497 3463 1736 3535 ὁδηγίας,

165 3554 337 3607 πολλὰ
354 3553 410 3606 δὲ
436 3554 648 3624 καὶτῆς
674 3555 863 3625 σοφίας
886 3553 1023 3609 εἶναι
1044 3553 1113 3607 τὰ
1131 3554 1584 3626 παραγγέλματα,
1604 3556 1743 3625 πρὸς

160 3644 254 3698 τὸν
284 3644 451 3697 αὐτὸν
480 3643 695 3717 ὁρῶντα
736 3644 940 3711 σκοπόν
962 3660 978 3676 ο
1022 3644 1116 3703 τὸν
1160 3644 1596 3715 συντετμημένον
1642 3643 1741 3697 τοῦ

162 3731 504 3801 Εὐαγγελίου
528 3732 706 3801 λόγον,
733 3734 814 3797 είς
841 3732 1204 3804 εὐαρίθμητόν
1235 3748 1294 3785 τε
1324 3731 1418 3785 καὶ
1450 3731 1741 3785 συνεσταλρ

163 3826 331 3898 μένον
363 3825 590 3893 ἀγαγείν
619 3822 837 3879 ἃπασαν
863 3821 958 3877 τοῦ
987 3822 1108 3876 κατ’
1141 3820 1341 3893 ἀρετὴν
1375 3821 1492 3892 βίου
1522 3822 1621 3892 τὴν
1650 3838 1740 3875 τε·

160 3918 421 3985 λειότητα
459 3914 698 3985 ἔγνωκεν
728 3931 745 3945 ο
792 3913 975 3979 οὕτως·
997 3913 1240 3976 εἰπόντος
1268 3911 1363 3966 τοῦ
1396 3911 1621 3984 Κυρίου,
1658 3915 1743 3969 ὅτι,

173 4008 281 4062 Ἐν
312 4007 558 4073 ταύταις
596 4006 725 4074 ταῖς
755 4005 940 4061 δυσὶν
969 4005 1277 4071 ἐντολαῖς,
1322 4004 1466 4070 ὅλος
1493 4007 1526 4059 ό
1556 4007 1743 4074 νόμος

161 4095 267 4151 καὶ
293 4097 351 4149 οι
381 4093 677 4164 προφῆται
710 4095 1054 4165 κρέμανται.
1096 4095 1238 4146 Ἴσον
1258 4093 1316 4146 δὲ
1348 4093 1563 4156 πάντως
1595 4095 1751 4149 ἐστὶν

160 4190 248 4251 είς
287 4185 541 4258 δύναμιν,
573 4186 608 4257 ἢ
641 4186 1096 4257 ὑποκρεμάμενον
1124 4184 1340 4255 ἀνέχειν
1382 4185 1443 4237 τὸ
1489 4183 1673 4256 βάρος,
1707 4185 1750 4256 ἢ

160 4279 537 4350 ίπικείμενον.
610 4274 706 4343 Εἷς
746 4278 859 4350 γάρ
902 4278 970 4331 δι’
1015 4276 1340 4347 ἀμφοτέρων
1392 4274 1676 4346 θεωρεῖται
1714 4278 1756 4329 ἀ

1839 3111 1986 3166 enim
2009 3110 2114 3164 hoc
2141 3110 2314 3164 astrui
2344 3124 2440 3179 per
2462 3108 2577 3173 illa,
2618 3108 2787 3163 variis
2837 3107 3096 3163 videlicet
3141 3105 3320 3161 modis
3349 3105 3421 3160 ad

1840 3203 2092 3259 virtutem
2124 3218 2224 3258 nos
2241 3218 2336 3273 per
2362 3204 2533 3272 legem
2562 3202 2712 3266 duci,
2747 3215 2811 3255 ac
2840 3202 3258 3271 multa-quoque
3283 3216 3424 3270 pne-

1839 3306 1994 3369 cepta
2023 3313 2147 3354 esse
2176 3297 2476 3368 sapientiae,
2517 3311 2640 3366 quae
2693 3303 2883 3351 tamen
2905 3293 3156 3351 eumdem
3191 3294 3257 3349 ad
3299 3308 3421 3349 sco-

1839 3406 1968 3461 pum
2000 3388 2313 3458 respiciant.
2353 3387 2423 3440 At
2469 3387 2751 3442 concisum
2784 3386 3062 3457 Evangelii
3111 3401 3423 3441 sermonem

1839 3496 1905 3534 ac
1937 3478 2149 3534 facilem
2179 3486 2491 3540 numeratu,
2522 3491 2588 3530 ac
2615 3476 2763 3531 velut
2793 3477 2849 3530 in
2879 3491 3052 3546 pauca
3079 3485 3419 3532 contractam

1841 3570 1963 3625 vitae
2003 3569 2193 3624 virtuti
2225 3578 2609 3623 consentanea:
2633 3566 3021 3636 perfectionem
3069 3581 3171 3622 nos
3220 3567 3429 3622 ducere

1839 3660 2114 3731 cognovit.
2163 3658 2255 3712 Ait
2306 3659 2452 3713 enim
2519 3656 2821 3712 Dominus:
2873 3657 2952 3710 Ab
3011 3657 3154 3711 hisce
3212 3657 3418 3712 duobus

1842 3750 2108 3806 mandatis
2140 3749 2225 3803 (ea:
2285 3757 2395 3802 tota
2426 3748 2609 3816 pendet
2632 3766 2694 3802 ac
2722 3749 2989 3817 propheta:
3015 3748 3084 3801 ⁴⁸.
3116 3747 3262 3802 Idem
3290 3762 3422 3802 vero

1759 3895 1769 3904 ,
1839 3852 1944 3906 est,
1971 3841 2086 3897 sive
2111 3839 2240 3910 quid
2273 3840 2457 3895 oneris
2494 3852 2821 3908 suspensum
2851 3838 2920 3893 de
2950 3845 3022 3904 te,
3049 3838 3164 3894 sive
3192 3838 3420 3907 imposi-

1842 3943 1955 3987 tum
1983 3932 2276 3988 sustineas.
2298 3929 2435 3984 Nam
2458 3932 2626 3986 robur
2648 3931 2817 3994 illius,
2841 3931 2935 4001 qui
2958 3931 3173 4002 pondus
3196 3930 3431 3999 aliquod

1841 4031 2284 4095 gestat,utroque
2305 4023 2467 4078 modo
2487 4023 2849 4079 consimiliter
2875 4019 3427 4077 intenditurJ'Jtenim

1843 4114 1987 4169 ferre
2012 4112 2144 4167 illud
2160 4128 2227 4168 ex
2248 4128 2407 4185 aequo
2428 4113 2651 4181 dicitur,
2681 4114 2798 4170 sive
2824 4129 3128 4184 appensum
3155 4129 3298 4168 unus
3321 4115 3416 4175 sit,

1840 4205 1961 4273 sive
1983 4220 2145 4259 manu
2179 4205 2425 4273 subjecta
2448 4204 2579 4276 quid
2629 4214 2823 4277 gestet,
2859 4206 3041 4272 Quare
3081 4221 3204 4260 cum
3233 4204 3420 4259 Domi-

1847 4312 1950 4352 nus
1968 4296 2189 4368 quidem
2228 4296 2396 4362 dicat,
2449 4297 2517 4351 ab
2545 4296 2875 4352 hisduobus
2927 4297 3201 4351 mandatis
3246 4296 3418 4365 legem
3470 4337 3480 4345 .

159 4372 265 4442 τῆς
297 4370 580 4451 δυνάμεως
609 4369 760 4434 τόνος
784 4411 801 4436 ,
853 4368 949 4423 τοῦ
998 4367 1121 4421 καθ’
1161 4367 1418 4436 ἑκάτερον
1458 4366 1642 4437 τρόποι

1932 4366 2162 4443 iversam
2209 4403 2330 4443 cum
2357 4386 2638 4457 prophetis
2667 4385 2933 4456 pendere;
2984 4402 3186 4456 sponsa
3215 4402 3347 4440 vero
3385 4402 3415 4439 a

161 4463 332 4532 ἄχθος
358 4459 731 4532 βαστάζοντος.
758 4461 917 4532 Φέρει
947 4457 1055 4531 γὰρ
1082 4457 1280 4529 ὁμοίως
1300 4456 1367 4511 δι’
1388 4457 1602 4521 ἑαυτοῦ,
1628 4456 1744 4510 εἴτε

162 4552 546 4623 ἐπηρτημένον
570 4551 681 4622 ἔχει
709 4552 769 4606 τὸ
792 4551 978 4622 βάρος,
999 4549 1112 4602 εἴτε
1142 4547 1515 4620 ὑπολαμϐάνοι
1543 4550 1611 4619 τῇ
1642 4564 1755 4601 παι

162 4644 317 4716 λάμῃ
349 4642 410 4697 τὸ
452 4642 882 4713 βασταζόμενον..
932 4640 1086 4694 Ἐπεὶ
1126 4636 1219 4694 οὖν
1247 4641 1290 4693 ὁ.
1316 4638 1649 4710 μὲν-Κύριος
1681 4641 1740 4693 ὲν

161 4734 391 4799 ταύταις
422 4732 554 4803 φησι
583 4736 703 4798 ταίς
724 4732 873 4787 δυσὶν
899 4731 1144 4794 ἐντολαῖς
1167 4730 1286 4785 ὅλον
1315 4730 1408 4784 τὸν
1441 4730 1605 4800 νόμον
1645 4730 1741 4783 καὶ

161 4825 290 4888 τοὺς
324 4824 609 4895 προφήτας
635 4811 941 4893 κρέμασθαι
961 4836 974 4850 ’
1015 4821 1111 4876 νῦν
1133 4820 1189 4874 δὲ
1214 4822 1248 4893 ἡ
1277 4821 1461 4892 νύμφη
1490 4820 1584 4874 δύο
1609 4821 1740 4875 στύ-

163 4913 277 4976 λοις
305 4913 402 4968 ἐπὶ
432 4914 648 4983 χρυσῶν
684 4911 950 4983 θεμελίων
983 4910 1241 4982 βεϐηκόσι
1274 4911 1637 4983 βαστάζεσθαι
1663 4911 1745 4966 as.-

162 5019 251 5073 γει
277 5004 343 5057 τὸ
368 5002 527 5075 σῶμα
547 5020 562 5035 ·
610 5002 791 5066 καλῶς
819 5002 886 5057 ἂν
915 5003 1030 5073 ἔχοι
1072 5002 1209 5075 πρὸς
1235 5003 1341 5073 τὴν
1376 5002 1609 5074 θεωρίαν
1648 5003 1748 5056 τοῢη

163 5094 309 5148 κατά
339 5094 440 5157 τὰς
467 5096 679 5166 κνήμας
700 5094 1047 5166 αίνίγματος,
1068 5092 1513 5164 συμπαραλαϐεῐν
1532 5094 1633 5158 τὰς
1650 5092 1743 5148 δύο

163 5184 385 5249 ἐντολὰς
417 5185 653 5249 ὲκείνας.
706 5178 808 5239 Ὧν
845 5184 944 5255 τὴν
983 5182 1105 5254 μὲν,
1155 5182 1379 5255 πρώτην
1422 5184 1675 5257 ὀνομάζει
1715 5185 1744 5238 ό

164 5279 391 5351 Κύριος,
429 5279 531 5350 τὴν
562 5277 655 5343 δὲ,
698 5277 890 5349 ὁμοίαν
930 5279 998 5348 τῇ
1044 5275 1235 5349 πρώτῃ
1283 5275 1487 5345 λέγων⁸
1535 5277 1597 5329 τὸ
1642 5277 1740 5347 μὲν

162 5372 387 5443 ἀγαπᾷν
420 5371 513 5425 τὸν
536 5370 669 5425 Θεὸν
694 5370 755 5437 ἐξ
778 5369 906 5440 ὅλης
933 5369 1033 5440 τῆς
1064 5369 1288 5441 καρδίας
1318 5369 1412 5423 καὶ
1440 5368 1619 5440 ψυχῆς
1647 5371 1745 5424 κιαι.-

163 5461 470 5534 ιυνάμεως,
488 5459 588 5533 τὴν
611 5458 836 5533 πρώτην
848 5459 1074 5531 ἐντολὴν
1102 5454 1242 5514 εἶναι
1263 5475 1277 5490 ·
1309 5457 1377 5512 τὸ
1398 5457 1455 5513 δὲ
1480 5458 1570 5512 τὸν
1599 5457 1738 5527 πλη-

1845 4479 2057 4535 duabus
2082 4477 2372 4541 columnis,
2403 4491 2524 4547 quae
2555 4470 3133 4532 fundamentt'saureis
3165 4476 3418 4531 inuitan-

1846 4579 1956 4637 tur,
1986 4571 2190 4641 gestari
2217 4584 2416 4639 corpus
2459 4572 2853 4622 commemoret
2874 4575 3070 4635 ;.recte
3100 4567 3417 4634 fccerimus,

1845 4661 1893 4715 si
1923 4660 1991 4714 ad
2019 4658 2531 4729 contemplationem
2565 4656 2739 4725 hujus
2759 4658 2827 4713 de
2851 4659 3109 4714 cruribus
3159 4658 3420 4729 aenigma-

1844 4750 1959 4815 ἃς,
2033 4750 2153 4805 duo
2213 4749 2309 4805 illa
2378 4747 2631 4803 mandata
2717 4747 3151 4804 adhibuerimus.
3214 4748 3426 4804 Eorum

1843 4847 2125 4913 alterum,
2171 4844 2406 4916 primum
2474 4844 2715 4915 appellat
2772 4843 3072 4912 Dominus,
3133 4846 3422 4912 alterum,

1842 4935 2019 5002 primo
2041 4934 2237 4990 simile.
2264 4931 2446 5003 Inquit
2465 4935 2636 4999 enim,
2662 4933 2830 4989 Deum
2854 4941 2974 4988 toto
2995 4933 3184 4998 corde,
3217 4944 3275 4990 et
3302 4938 3417 4989 aui-

1845 5040 1961 5090 tno,
2008 5033 2063 5081 et
2115 5025 2377 5080 facultate
2412 5025 2609 5080 virium
2644 5025 2891 5097 diligere,
2952 5025 3268 5080 mandatum
3306 5028 3417 5096 pri-

1843 5132 1993 5172 mum
2016 5132 2171 5183 esse;
2195 5117 2500 5186 proximum
2555 5131 2685 5171 vero
2710 5118 2939 5187 diligere
2966 5116 3124 5186 quasi
3150 5116 3414 5186 seipsum,

1843 5206 1965 5275 eius
1996 5220 2123 5261 vero
2153 5205 2401 5259 mandati.
2423 5206 2533 5261 vim
2566 5221 2759 5276 parem
2780 5222 2923 5269 esse,
2957 5222 3078 5277 qua:
3107 5207 3179 5263 sit
3227 5207 3412 5277 primi.

1846 5295 2263 5361 Paulusetiam,
2312 5293 2442 5348 dum
2503 5297 2660 5366 quasi
2691 5296 2982 5367 quamdam
3024 5297 3267 5364 domum,
3295 5314 3418 5368 quae

1846 5387 2016 5442 Deum
2044 5387 2563 5457 excipiakmagnum
2592 5389 2745 5443 illum
2775 5389 3120 5444 Timotheum
3155 5390 3413 5455 exstruit,

1847 5479 1993 5535 duas
2009 5479 2175 5535 hasce
2205 5478 2489 5535 columnas
2552 5480 2605 5535 in
2653 5497 2719 5537 eo
2746 5480 2961 5542 statuit.
2997 5494 3225 5551 quarum
3254 5477 3413 5537 alteri

219 5646 267 5679 δ’
299 5642 478 5699 Galat.
509 5657 572 5701 ιι.
594 5644 647 5699 9.
724 5602 768 5677 δέ
796 5641 816 5698 l
847 5642 1084 5699 Timoth.
1113 5659 1195 5707 ru,
1236 5643 1289 5699 5.
1364 5642 1412 5674 “
1442 5639 1463 5693 l'
1491 5639 1619 5697 Cor.
1640 5634 1696 5694 ἰι

917 5642 1084 5698 ιιιοιΙι.
1113 5659 1195 5707 ιιι.
1236 5643 1289 5699 5.
1364 5642 1412 5674 δ”
1442 5639 1463 5693 Ι·
1491 5634 1743 5705 Comm,
1782 5583 1865 5694 ιί.
1943 5637 2194 5694 “Matth.
2224 5635 2394 5701 μνία.
