3756 5988
367 216 502 273 {679

1603 227 1660 284 S.
1694 226 2019 288 GBEGOBII
2054 230 2360 288 NYSSENI‘

3483 237 3613 295 1080.

357 337 481 394 {Hei
511 350 703 391 nomen
734 337 896 403 indit,
956 339 1185 397 alteram
1237 344 1632 402 conscienttam
1674 361 1833 406 vocat

2127 370 2145 406 ν
2178 351 2253 415 ὡς
2283 351 2495 413 ἑαυτὸν,
2548 348 2886 416 ἰσοδυναμεῖν
2918 352 2984 423 τῇ
3021 349 3232 423 πρώτῃ.
3279 349 3443 404 Ἀλλὰ
3471 352 3555 405 καὶ
3579 358 3610 410 6

358 425 458 487 Per
490 429 646 483 tidem
677 430 931 502 intelligit
955 433 1303 490 dilectionem
1338 453 1466 507 erga
1496 438 1691 503 Deum,
1719 441 1788 498 de
1818 450 1934 499 toto

357 522 541 585 corde,
596 533 649 577 et
694 525 896 587 animo,
933 532 987 580 et
1017 527 1213 581 virium
1275 528 1533 587 facultate
1580 532 1879 602 profectam
1919 554 1932 591 :

360 627 453 680 per
484 614 679 668 bonam
701 619 1266 685 veroconscientiam,
1283 620 1624 679 aﬂ'ectionem
1643 627 1934 695 quamdam

358 720 486 773 erga
521 709 856 775 proximum,
884 725 1008 763 cum
1072 725 1256 768 amore
1288 715 1663 785 conjunctam.
1693 719 1760 772 Et
1819 718 1934 773 for-

359 796 524 851 lassis
578 796 691 857 haec
741 801 1016 869 posterius
1048 816 1077 855 a
1133 804 1294 858 nobis
1360 805 1581 861 iuventa
1631 811 1932 875 sententia,

358 887 525 955 priori
560 891 743 946 sensui
796 906 906 947 non
939 892 1281 949 adversatur.
1346 895 1480 951 Nam
1512 913 1608 966 per
1641 907 1935 970 utrumque

360 979 554 1036 horum
587 982 871 1036 columnas
905 983 1022 1039 ﬁeri
1080 985 1208 1039 licet
1247 986 1403 1053 tales,
1433 989 1625 1057 quales
1652 997 1809 1044 erant
1835 990 1938 1047 Pe-

359 1081 500 1128 trus.
530 1070 790 1137 Iacobus,
824 1072 1086 1139 Joannes,
1111 1084 1168 1131 et.
1203 1078 1248 1132 si
1285 1079 1407 1148 quis
1438 1079 1580 1134 alius
1618 1081 1722 1134 hoc
1755 1083 1935 1137 nomi-

358 1175 427 1215 ne
450 1161 534 1214 vel
589 1161 699 1214 fuit
725 1165 959 1219 antehac
987 1166 1070 1220 vel
1099 1168 1205 1221 erit
1242 1166 1504 1238 deinceps
1534 1168 1752 1239 dignus.
1802 1170 1935 1226 Nam

360 1252 454 1320 qui
498 1254 551 1306 in
593 1253 993 1311 hisceduohus
1051 1257 1327 1314 mandatis
1351 1260 1624 1330 perfectus
1668 1271 1773 1328 est,
1809 1263 1857 1317 is
1885 1273 1940 1319 et

360 1344 620 1398 columna
661 1345 720 1399 ﬁt
771 1357 831 1401 et.
862 1348 1264 1405 {irritamentum
1298 1353 1566 1419 veritatis,
1597 1361 1657 1407 ut
1705 1354 1939 1424 Aposto-

360 1435 449 1489 lus
483 1436 723 1505 loquitur
748 1439 815 1491 ‘7.
853 1438 1110 1509 Adeoque
1133 1441 1345 1498 duabus
1378 1444 1530 1499 hisce
1552 1446 1829 1516 praeclaris
1854 1462 1940 1503 re-

357 1527 462 1582 lms
503 1530 818 1585 universum
870 1529 1130 1587 Ecclesiae
1175 1548 1376 1602 corpus
1417 1537 1571 1605 quasi
1609 1537 1937 1607 quibusdam

358 1610 620 1671 cruribus
651 1618 936 1686 innititur,
972 1636 1139 1677 aureo
1173 1623 1325 1679 basis
1379 1625 1529 1683 illius
1565 1626 1936 1695 fundamento,

357 1722 478 1774 quae
527 1707 659 1761 ﬁdes
696 1717 802 1773 est,
856 1709 1289 1768 immobilitatem
1350 1729 1459 1769 non
1498 1718 1817 1773 mutabilem
1877 1728 1933 1776 et

357 1801 716 1854 constantiam
753 1803 806 1856 in
836 1804 983 1858 onmi
1011 1804 1153 1860 bono
1186 1806 1348 1861 animi
1377 1807 1618 1867 indente.

2037 441 2249 505 Παῦλος
2272 438 2382 495 οἷόν
2410 458 2532 495 τινα
2555 438 2702 494 οἷκον
2730 441 2975 495 δεκτικὸν
3003 441 3098 495 τοῦ
3127 441 3263 494 Θεοῦ
3289 445 3606 497 κατασκευά-

2037 533 2145 599 ζων
2192 535 2282 588 τὸν
2342 534 2513 606 μέγαν
2555 533 2838 604 Τιμόθεον,
2870 534 2998 597 τοὺς
3028 533 3120 586 δύο
3150 533 3374 596 τούτους
3413 533 3608 604 ἵστησιν

2037 627 2095 678 ἐν
2126 624 2302 695 ἐαυτῷ
2330 625 2575 689 στύλους,
2611 624 2689 696 τῷ
2724 624 2822 695 μὲν
2851 625 3023 693 ὄνομα
3048 623 3272 693 θέμενος
3313 624 3518 688 πίστιν,
3542 623 3609 693 τῷ

2036 717 2093 771 δὲ
2130 718 2301 790 ἑτέρῳ
2337 719 2664 788 συνείδησιν.
2718 717 2815 770 Διὰ
2849 717 2947 787 μὲν
2994 717 3094 787 τῆς
3124 717 3382 779 πίστεως,
3413 717 3510 786 τὴν
3539 718 3607 779 είς

2037 808 2170 863 Θεὸν
2195 811 2415 881 ἀγάπην
2459 810 2554 880 τὴν
2580 809 2639 874 ἐξ
2666 808 2797 879 ὅλης
2826 808 3052 879 καρδίας
3080 825 3138 860 τε
3170 809 3263 861 καὶ
3293 806 3498 876 ψυχῆς,
3526 810 3607 859 καὶ

2036 899 2318 971 δυνάμεως
2340 901 2618 972 σημαίνων
2638 919 2652 932 ο
2685 901 2772 953 διὰ
2798 900 2854 952 δέ
2875 900 2974 970 τῆς
3005 898 3212 967 ἀγαθῆς
3241 899 3603 969 συνειδήσεως.

2037 990 2137 1061 τὴν
2167 991 2511 1063 ἀγαπητικὴν
2562 992 2640 1054 είς
2682 990 2772 1045 τὸν
2806 989 3031 1059 πλησίον
3057 989 3317 1043 διάθεσιν.
3366 988 3520 1058 Τάχα
3559 989 3611 1041 δὲ»

2037 1083 2136 1135 οὐκ
2166 1083 2499 1137 ἐναντιοῦται
2527 1082 2604 1153 τῷ
2646 1081 2897 1153 προτέρῳ
2924 1082 3157 1151 νοήματι
3186 1083 3221 1152 ἡ
3269 1081 3365 1134 νῦν
3396 1083 3608 1152 ἐφευρε-

2039 1172 2191 1226 θεῖσα
2237 1172 2455 1226 διάνοια.
2531 1175 2610 1226 Δι’
2651 1172 2977 1243 ἀμφοτέρων
3023 1172 3130 1242 γάρ
3159 1172 3363 1225 τούτων
3415 1174 3534 1225 ἐστὶ
3558 1174 3615 1225 τι

2038 1263 2288 1332 γενέσθαι
2325 1264 2570 1329 στύλους,
2610 1266 2735 1328 τοὺς
2774 1263 2915 1318 κατὰ
2954 1264 3182 1335 Πέτρον,
3210 1264 3303 1316 καὶ
3347 1262 3615 1323 Ἰάκωϐον,

2039 1354 2135 1408 καὶ
2175 1356 2443 1424 Ἰωάννην,
2498 1355 2593 1408 καὶ
2638 1354 2692 1407 εἴ
2747 1371 2831 1417 τις
2876 1352 3034 1415 ἄλλος
3076 1353 3195 1405 κατ’
3244 1353 3489 1415 ἐκείνους
3530 1350 3616 1404 τοῦ

2039 1448 2281 1501 τοιούτου
2309 1446 2571 1517 ὀνόματος
2613 1446 2760 1513 ἄξιος
2790 1443 2823 1514 ἢ
2857 1444 3082 1513 γέγονεν
3111 1444 3144 1514 ἢ
3178 1445 3496 1514 γενήσεται.
3562 1442 3616 1495 ’0

2040 1542 2148 1611 γὰρ
2197 1541 2254 1593 ἐν
2299 1539 2527 1605 ταύταις
2569 1540 2717 1593 δυσὶν
2748 1539 2988 1601 ἐντολαῖς
3033 1537 3360 1603 τελειωθεὶς,
3410 1536 3617 1603 στύλος,

2042 1633 2135 1686 καὶ
2161 1631 2438 1702 ἑδραίωμα
2467 1632 2571 1702 τῆς·
2593 1629 2848 1700 ἀληθείας
2889 1628 3032 1683 κατὰ
3075 1628 3173 1701 τὴν
3216 1627 3311 1681 τοῦ
3360 1628 3613 1681 Ἀποστόο

2041 1722 2134 1775 λου
2171 1722 2353 1793 φωνὴν
2382 1720 2869 1785 κατασκευάζεται.
2920 1720 3083 1772 Ὥστε
3132 1722 3246 1783 τοῖς
3294 1717 3387 1772 δύο
3416 1718 3614 1781 τούτοις

2045 1814 2456 1886 κατορθώμασιν
2485 1814 2602 1868 ὅλον
2629 1814 2689 1867 τὸ
2727 1812 2885 1882 σῶμα
2914 1812 3025 1883 τῆς·
3058 1810 3315 1882 ἀληθείας
3373 1811 3619 1883 καθάπερ

359 1892 589 1959 κνήμαις
633 1894 773 1944 τισὶν
823 1894 1214 1966 ἐπερείδεσθαι,
1256 1896 1349 1951 τοῦ
1396 1898 1598 1969 χρυσοῦ
1627 1898 1874 1972 θεμελίου
1915 1903 2014 1975 τῆς
2041 1906 2182 1960 κατὰ
2206 1906 2303 1976 τὴν
2320 1905 2499 1959 πίστιν
2514 1904 2741 1976 βάσεως,
2760 1903 2820 1957 τὸ
2843 1901 3057 1967 ἀκλινές
3083 1920 3141 1957 τε
3157 1903 3250 1956 καὶ
3266 1901 3614 1973 ἀμετάθετον»

358 1981 450 2039 καὶ
472 1982 532 2034 τὸ
555 1983 612 2035 ἐν
651 1984 812 2038 παντὶ
849 1986 1037 2058 ἀγαθῷ
1065 1988 1257 2058 πάγιον
1281 1993 1392 2055 τοῖς
1425 1992 1701 2063 λογισμοῖς
1721 1996 2093 2066 ἐμποιοῦντος.

427 2075 559 2129 Post
598 2076 695 2131 has
730 2093 858 2133 vero
893 2080 1078 2138 laudes
1123 2084 1278 2152 quasi
1322 2085 1514 2154 paucis
1555 2086 1735 2143 verbis
1778 2103 1907 2158 repe

2133 2091 2265 2145 derat
2307 2091 2365 2146 δὲ
2400 2093 2525 2155 τοὺς
2557 2092 2811 2156 ἐπαίνους
2840 2089 3092 2154 τούτους,
3135 2086 3388 2158 καθάπερ
3429 2087 3616 2141 ἀνακε-

358 2175 480 2221 teus
527 2169 837 2226 universam
883 2173 1072 2239 sponsi
1131 2175 1614 2244 pulchritudinem,
1648 2179 1763 2235 ait:
1803 2179 1932 2250 Spe-

358 2259 461 2313 cies
492 2260 679 2327 ipsius,
710 2271 765 2315 ut
793 2262 986 2317 electus
1010 2262 1268 2330 Libanus,
1303 2277 1360 2320 ut
1405 2268 1568 2322 cedri.
1599 2266 1794 2322 Guttur
1816 2268 1930 2337 ejus

359 2350 601 2412 dulcedo,
642 2368 707 2405 ac
741 2353 818 2406 m'l
847 2354 952 2407 nisi
980 2353 1435 2420 desiderium'cst,
1466 2366 1721 2428 cognatus
1762 2374 1929 2422 meus,

360 2449 408 2493 et
453 2442 725 2510 prosimus
792 2442 944 2506 mihi,
1012 2435 1143 2512 ﬁlia}
1224 2432 1548 2498 Jerusalem.
1611 2442 1823 2509 Quibus
1877 2445 1929 2498 in

360 2533 541 2587 verbis
578 2532 781 2589 clarius
832 2534 1074 2589 indicare
1107 2549 1363 2604 sponsam
1415 2512 1674 2598 arbitror,
1725 2533 1933 2589 versari

361 2626 670 2678 cncomiqu
705 2626 880 2695 ipsius
912 2628 966 2680 in
995 2641 1057 2680 ea
1105 2627 1294 2696 sponsi
1352 2628 1773 2696 pulchritudine.
1814 2643 1934 2699 qua:

364 2717 465 2770 sub
494 2730 774 2786 aspectum
807 2717 984 2772 cadat.
1038 2717 1091 2771 Id
1133 2728 1314 2773 autem
1365 2719 1610 2791 intelligo
1656 2735 1750 2789 per
1792 2712 1931 2786 hoc,

364 2806 507 2875 quod
545 2808 647 2861 sub
682 2809 872 2863 oculos
903 2809 1069 2871 cadit,
1099 2809 1304 2879 dequo
1331 2810 1488 2878 quasi
1521 2810 1791 2879 quoddam
1816 2825 1937 2865 cor-

364 2913 468 2968 pus
510 2900 795 2955 coustituit
853 2900 1166 2969 Apostolus,
1224 2901 1472 2956 collectis
1529 2900 1787 2956 membris
1825 2901 1937 2955 sin-

364 2991 528 3057 gulis,
582 3008 701 3060 qum
773 2992 1041 3061 integrant
1112 2990 1413 3047 Ecclesiam
1482 2991 1794 3045 absolvunt.
1850 2992 1939 3046 Ait

366 3086 510 3139 enim
546 3099 745 3153 sponsa
777 3099 937 3137 unam
989 3083 1158 3153 ipsius
1220 3083 1455 3151 speciem
1515 3098 1638 3137 esse
1698 3082 1937 3137 inﬁnitas

369 3175 489 3229 illas
524 3174 742 3236 cedros,
781 3173 980 3243 quibus
1013 3172 1253 3241 undique
1305 3170 1547 3227 Libanus
1584 3172 1796 3227 cinctus
1846 3174 1934 3228 sit.

369 3266 579 3331 Quibus
619 3266 796 3321 verbis
826 3264 1119 3335 significat,
1151 3264 1282 3317 nihil
1320 3265 1525 3319 humile
1559 3279 1736 3334 neque
1789 3266 1938 3334 abje-

368 3370 518 3415 ctum
550 3360 615 3413 ad
647 3366 988 3413 venustatem
1024 3357 1274 3429 corporis
1320 3358 1469 3413 illius
1504 3360 1775 3420 conferre,
1834 3359 1939 3413 nisi

2039 2182 2410 2255 φαλαιουμένη
2460 2182 2581 2237 ὅλον
2626 2181 2720 2237 τοῦ
2768 2184 3001 2254 νυμφίου
3024 2181 3118 2236 ’τὸ
3170 2180 3400 2242 κάλλος,
3439 2176 3615 2249 φησίν·

2038 2273 2218 2341 Εἶδος
2259 2275 2446 2329 αὐτοῦ
2470 2314 2487 2339 ,
2529 2275 2611 2342 ὡς
2641 2277 2897 2342 Λίϐανος
2937 2272 3252 2343 ἐκλεκτὸς,
3280 2272 3362 2338 ὡς
3401 2270 3620 2337 κέδροι.

2040 2367 2283 2435 Φάρυγξ
2318 2366 2505 2421 αὑτοῦ
2554 2366 2934 2436 γλυκασμὸς,
2980 2365 3078 2443 καί
3125 2364 3269 2429 ὅλος
3303 2361 3629 2430 ἐπιθυμία,

2040 2450 2216 2520 οὗτος
2260 2453 2585 2522 ἀδελφιδός
2631 2471 2772 2522 μου,
2809 2454 2905 2509 καὶ
2952 2449 3133 2517 οὗτος
3178 2452 3451 2519 πλησίον
3481 2468 3616 2521 μου,

2040 2544 2356 2613 θυγατέρες
2400 2544 2826 2613 Ἰηρουσαλήμ.
2872 2544 2960 2597 Ἑν
2984 2545 3157 2613 τούτῳ
3204 2543 3312 2615 γὰρ
3344 2538 3497 2611 οἶμαι
3531 2558 3622 2594 σα-

2042 2636 2299 2707 φέστερον
2328 2635 2495 2706 αὐτὴν
2539 2635 2936 2705 διασημαίνειν,
2967 2635 3048 2687 ὅτι
3081 2634 3140 2687 τὸ
3174 2633 3304 2703 περὶ
3338 2632 3401 2685 τὸ
3431 2631 3622 2702 βλεπό·

2045 2743 2200 2796 μενον
2247 2725 2339 2778 τοῦ
2390 2727 2621 2796 νυμφίου
2666 2725 2859 2788 κάλλος
2903 2724 3048 2776 ἐστὶν
3089 2725 3117 2776 6
3148 2722 3403 2786 ἔπαινος·
3452 2723 3623 2775 ἐκεῖνό

2043 2833 2184 2886 φημι
2216 2817 2276 2870 τὸ
2305 2816 2631 2886 βλεπόμενον
2650 2857 2665 2882 ,
2707 2817 2735 2869 ὃ
2764 2815 2848 2869 διὰ
2879 2814 2986 2867 τῶν
3022 2814 3145 2867 καθ’
3186 2814 3415 2867 ἕκαστον
3450 2813 3624 2884 μελῶν

2041 2906 2150 2960 τῶν
2182 2907 2644 2978 συμπληρούντων
2677 2908 2773 2976 τὴν
2816 2906 3163 2977 Ἐκκλησίαν,
3197 2907 3571 2976 σωματοποιεί
3599 2905 3625 2956 6
3724 2910 3725 2933 ³

2055 2996 2386 3061 Ἀπόστολος.
2420 2998 2516 3050 Ἓν
2543 2997 2650 3068 γὰρ
2681 2994 2821 3060 εἶδος
2844 2997 3007 3049 αὐτοῦ
3046 3014 3209 3069 φησιν
3238 2991 3500 3056 εἶναιντὰς
3531 3010 3627 3063 μυ-

2045 3086 2235 3156 ριάδας
2263 3086 2374 3138 τῶν
2402 3086 2627 3156 κέδρων,
2663 3081 2752 3147 αἷς
2780 3085 3082 3155 διείληπται
3114 3084 3450 3154 πανταχόθεν
3478 3083 3506 3134 6
3536 3080 3626 3134 Λί-

2046 3176 2220 3239 ϐανος.
2259 3176 2504 3246 Δηλοῦσα
2534 3176 2622 3230 διὰ
2645 3178 2753 3231 τῶν
2781 3178 3107 3248 λεγομένων,
3138 3178 3221 3231 ὅτι
3253 3176 3407 3229 οὐδὲν
3435 3191 3627 3228 ταπει-

2046 3269 2133 3321 νὸν
2164 3269 2257 3321 καὶ
2285 3270 2621 3340 χαμαίζηλον
2653 3271 2894 3323 συντελεῖ
2922 3271 3056 3342 πρὸς
3082 3271 3180 3342 τὴν
3204 3268 3511 3339 εὐμορφίαν
3536 3267 3637 3319 τοῦ.

2048 3358 2316 3428 σώματος,
2348 3359 2442 3412 ἐὰν
2473 3361 2545 3430 μή
2578 3377 2630 3413 τι
2658 3361 2796 3413 κατὰ
2823 3361 2921 3431 τὴν
2950 3361 3140 3431 κέδρον
3171 3360 3375 3428 ὑψηλὸν
3403 3360 3508 3428 εἴη.
3535 3359 3639 3412 καὶ.

370 3453 601 3507 sublime
635 3456 706 3505 sit
739 3452 916 3506 instar
965 3451 1137 3517 cedri,
1197 3466 1257 3506 ac
1306 3452 1507 3506 vertice
1564 3467 1665 3505 suo
1720 3467 1853 3507 sursi

2145 3468 2185 3513 ις
2202 3453 2268 3521 τῇ
2292 3453 2499 3522 κορυφῇ
2525 3452 2891 3523 ἐπειγόμενον.
2919 3452 3133 3506 Μᾶλλον
3154 3451 3211 3504 δὲ
3236 3452 3296 3503 τὸ
3325 3451 3628 3521 παρατεθὲν

370 3544 576 3598 tendat.
612 3542 798 3597 Satius
830 3551 1011 3597 autem
1052 3542 1234 3605 fuerit,
1273 3551 1331 3597 ut
1367 3543 1499 3598 illud
1533 3543 1677 3613 quod
1703 3544 1940 3613 primunt

373 3638 511 3691 inter
579 3638 1017 3706 comparationes
1068 3637 1304 3711 positum
1344 3644 1451 3701 est,
1511 3626 1940 3691 consideremus.

376 3728 585 3797 Species
622 3729 812 3796 ipsius,
850 3730 1045 3798 inquit,
1078 3740 1136 3782 ut
1198 3729 1392 3784 electus
1426 3728 1680 3783 Libanus.
1742 3728 1944 3783 Electio

373 3820 607 3888 alicujus
641 3819 716 3873 rei
761 3821 837 3883 lit,
874 3836 999 3873 cum
1042 3820 1206 3886 juxta
1260 3835 1383 3876 eam
1413 3821 1747 3874 contrarium
1813 3819 1942 3889 quid

373 3914 696 3967 collocatur.
734 3911 921 3980 Itaque
949 3927 1074 3965 cum
1110 3926 1217 3965 una
1250 3911 1375 3965 boni
1406 3912 1697 3980 appellatio
1728 3910 1942 3966 diversa

375 4002 668 4072 signiticet,
693 4016 757 4054 ac
788 4002 946 4054 simul
975 4001 1045 4055 de
1091 4016 1158 4055 eo
1220 4008 1536 4071 usurpctur,
1571 4001 1715 4071 quod
1758 4016 1943 4056 revera

377 4093 578 4149 bonum
614 4100 717 4153 est,
746 4101 800 4145 et
828 4090 972 4160 quod
1009 4092 1116 4145 tale
1151 4106 1259 4145 non
1291 4100 1395 4156 est,
1448 4093 1540 4149 sed
1578 4109 1671 4161 per
1700 4092 1941 4145 fraudem

375 4200 499 4240 esse
530 4200 588 4238 se
628 4184 830 4237 bonum
884 4183 1126 4247 simulat,
1180 4182 1344 4253 idque
1374 4184 1589 4239 videtur.
1645 4199 1771 4237 esse
1800 4182 1940 4252 quod

290 4317 304 4328 .
377 4293 487 4332 non
523 4275 764 4346 est:qui
815 4274 869 4329 in
929 4275 1055 4328 boni
1122 4274 1513 4343 dijudicatione
1568 4288 1677 4328 non
1719 4273 1942 4334 fallitur,

377 4369 524 4439 quod
575 4366 773 4423 eximie
830 4367 1139 4435 seleCquue
1192 4365 1392 4419 bonum
1453 4372 1556 4425 est,
1623 4378 1856 4418 emoneo
1892 4370 1947 4416 et

382 4436 558 4514 fallaci
585 4475 691 4511 non
720 4456 956 4527 prmfcrt.
995 4456 1358 4523 Quamobrem
1401 4472 1523 4510 cum
1562 4455 1665 4509 hoc
1698 4455 1816 4507 loco
1879 4455 1943 4507 ad

380 4551 611 4608 electum
647 4549 912 4622 Libanum
955 4548 1149 4617 sponsi
1201 4547 1426 4601 formam
1461 4551 1761 4614 comparat,
1816 4560 1947 4599 con.-

381 4649 640 4698 sentauea
680 4641 889 4695 ratione
929 4640 1224 4709 colligitur,
1254 4638 1460 4693 moneri
1490 4653 1589 4691 nos
1623 4647 1681 4690 ut
1712 4635 1948 4691 Libanos

381 4752 505 4791 esse
533 4735 673 4790 duos
707 4733 1098 4804 intelligamus,
1132 4732 1363 4785 alterum
1399 4730 1599 4783 malum
1630 4737 1683 4784 et
1699 4729 1950 4798 rejicien-

381 4830 533 4891 dum,
575 4827 667 4897 qui
710 4826 933 4896 perinde
965 4840 1028 4877 ac
1061 4824 1264 4877 vitulus
1307 4822 1396 4876 ille
1447 4821 1947 4891 (quemadmodum

384 4915 649 4985 Propheta
682 4915 919 4982 loquitur
940 4914 983 4953 ‘3
1014 4913 1031 4983 )
1066 4927 1175 4966 una
1209 4927 1341 4966 cum.
1375 4912 1556 4965 cedris
1591 4911 1705 4966 suis
1758 4918 1950 4965 conto-

382 5008 589 5064 rendus
622 5013 708 5062 est
738 5024 751 5060 :
786 5006 1017 5059 alterum
1053 5004 1283 5057 electum
1327 5010 1381 5057 et
1431 5003 1754 5071 pretiosum,
1790 5001 1949 5070 cujus

383 5101 650 5171 elegantia
680 5099 863 5152 divina
898 5097 990 5159 sit,
1022 5103 1074 5149 et
1124 5093 1465 5163 maiestatem
1514 5094 1781 5164 insignem
1841 5108 1951 5163 prae

384 5208 446 5248 se
474 5192 633 5246 ferat.
674 5189 755 5244 De
781 5190 866 5243 his
909 5196 1089 5242 autem
1135 5186 1245 5240 tale
1279 5185 1539 5256 quiddam
1594 5186 1953 5257 percipimus:

2043 3545 2099 3596 ἐν
2157 3546 2269 3607 τοῖς
2319 3545 2629 3616 εἰρημένοις
2683 3544 2899 3613 πρῶτον
2948 3543 3395 3612 κατανοήσωμεν.
3450 3539 3628 3609 Εἶδος

2041 3636 2261 3701 αὑτοῦ,
2302 3636 2485 3706 φησιν,
2529 3636 2615 3709 ὠς
2654 3634 2908 3701 Λίϐανος
2947 3635 3251 3698 ἐκλεκτός.
3299 3632 3533 3711 Ἐκλογὴ
3574 3633 3629 3685 δὲ

2044 3726 2244 3791 παντὸς
2274 3726 2595 3797 πράγματος
2619 3725 2706 3778 διὰ
2733 3726 2834 3795 τῆς
2867 3726 2958 3778 τοῦ
2987 3725 3229 3779 ἐναντίου
3273 3723 3628 3794 παραθέσεως

2001 3870 2009 3875 .
2041 3819 2264 3889 γίνεται.
2311 3819 2463 3872 Ἐπεὶ
2486 3814 2583 3872 οὖν
2602 3817 3036 3889 ὁμώνυμόνέστι
3064 3817 3126 3870 τὸ
3154 3816 3357 3885 ἀγαθὸν
3378 3855 3393 3877 ,
3432 3815 3525 3867 ἐπί
3571 3832 3629 3868 τε

2041 3910 2134 3966 τοῦ
2163 3912 2331 3975 ὅντως
2373 3910 2523 3971 ὄντος
2549 3909 2812 3972 τοιούτου,
2844 3909 2937 3961 καὶ
2963 3908 3056 3962 ἐπὶ
3084 3907 3300 3988 ’τοῦημὴ⁴
3322 3907 3479 3970 ὄντος
3512 3907 3626 3977 μὲν,

2042 4003 2469 4076 ὑποκρινομένου
2512 4002 2567 4055 δὲ
2606 4002 2943 4072 δι”ἀπάτης,
2975 4002 3068 4054 καὶ
3100 3998 3558 4063 ’ὼκοῦντοςεῖναι
3599 3999 3627 4051 6

2041 4096 2141 4148 οὐκ
2170 4094 2316 4146 ἐστιν
2340 4111 2354 4124 ν
2386 4096 2413 4147 6
2456 4095 2528 4164 μὴ
2558 4092 2874 4173 διαμαρτῐὼν
2901 4089 3130 4161 τῆςλτοῦ
3171 4089 3336 4149 καλοῦ
3369 4090 3635 4160 κρίσεως,

2041 4184 2102 4238 τὸ
2156 4184 2527 4254 ἐξειλεγμένον
2579 4184 2781 4254 ἀγαθὸν
2836 4184 2955 4236 ἀντὶ
3012 4182 3106 4235 τοῦ
3159 4182 3518 4251 ἠπατημένον
3569 4182 3639 4239 ού,

2045 4279 2342 4348 προείλετο.
2382 4278 2531 4330 Ἐπεὶ
2569 4273 2661 4330 οὖν
2695 4274 2925 4329 ἐνταῦθα
2951 4272 3028 4344 τῷ
3056 4271 3295 4342 ἐκλεκτῷ
3328 4264 3549 4343 Λιϐάνῴ
3571 4273 3631 4324 τὸ

2045 4368 2181 4434 εἶδος
2210 4370 2301 4423 τοῦ
2328 4370 2559 4441 νυμφίου
2592 4369 2938 4440 προσείκασε,
2969 4365 3062 4418 δύο
3091 4364 3231 4418 κατὰ
3252 4365 3315 4417 τὸ
3336 4364 3639 4419 ἀκόλουθον.

2046 4462 2313 4528 Λιΰάνους
2349 4464 2377 4516 ὀ
2422 4461 2577 4529 λόγος
2632 4463 2771 4513 νοεῖν
2823 4458 3174 4512 ὑποτίθεται·
3232 4459 3331 4510 ἕνα
3393 4457 3493 4527 μὲν
3544 4456 3639 4513 τὸν.

2046 4552 2277 4624 πονηρὸν
2310 4552 2403 4613 καὶ
2441 4550 2763 4621 ἀπόϐλητον,
2792 4547 2882 4602 τὸν
2915 4550 3004 4601 ἶσα
3030 4547 3107 4619 τῷ
3147 4547 3331 4616 μόσχῳ
3362 4547 3509 4598 κατὰ
3537 4545 3641 4621 τὴν,

2046 4644 2382 4716 προφητείαν
2415 4643 2551 4712 μετὰ
2579 4641 2685 4695 τῶν
2714 4640 2918 4710 κέδρων
2953 4640 3058 4692 τῶν
3087 4638 3170 4708 ἐφ’
3198 4636 3394 4690 ἑαυτοῦ
3428 4654 3633 4705 συντρις

2052 4724 2511 4806 δόμενονλὲτερον
2548 4732 2605 4785 δέ
2631 4732 2722 4785 τὸν
2761 4731 3013 4784 ἐκλεκτόν
3045 4746 3101 4782 τε
3132 4728 3223 4781 καὶ
3250 4728 3451 4798 τίμιον,
3486 4721 3549 4781 οὗ
3577 4728 3633 4779 τδ

2058 4827 2250 4891 κάλλος
2271 4824 2571 4897 θεοπρεπὲς
2599 4825 2710 4876 ἐστι
2752 4822 2842 4887 καὶ
2872 4820 3187 4885 θεοείκελον.
3217 4820 3290 4872 Τὸ
3318 4819 3375 4872 δὲ
3406 4819 3631 4889 νοούμε-

2057 4935 2145 4972 νον
2175 4917 2261 4981 διᾲ
2288 4916 2395 4969 τῶν
2436 4915 2759 4985 εἰρημένων,
2787 4913 3023 4976 τοιοῦκτόν
3061 4914 3230 4965 ἐστιν·
3260 4905 3351 4974 Ιίἵς
3380 4911 3631 4981 βασιλεὺς

2058 5008 2260 5080 κυρίως
2292 5023 2350 5059 τε
2382 5006 2473 5068 καὶ
2514 5003 2780 5075 ἀληθινῶς
2814 5004 2909 5056 καὶ
2942 5002 3171 5074 πρςὶρτως
3207 5001 3378 5063 ἐστὶν,
3421 5003 3451 5054 6
3487 5002 3631 5072 βαστ-

2057 5099 2180 5163 λεῦς
2231 5098 2408 5169 πάσης
2440 5096 2538 5164 τῆς
2569 5097 2818 5157 κτίσεως.
2872 5094 3009 5147 Ἀλλ’
3046 5095 3194 5164 ὅμως
3239 5093 3332 5169 καὶ
3374 5094 3404 5145 6
3437 5109 3633 5163 κοσμοο

2057 5191 2278 5261 κράτωρ
2317 5189 2410 5242 τοῦ
2454 5189 2677 5250 σκότους
2716 5187 2968 5258 σεμνύνει
2998 5187 3185 5240 ἐαυτὸν
3232 5184 3308 5255 τῷ
3345 5186 3447 5256 τῆς
3483 5187 3627 5257 βασι-

387 5280 634 5352 Proprie,
673 5296 819 5343 vere,
860 5295 927 5334 ac
959 5279 1219 5351 primarie
1247 5294 1339 5333 rex
1376 5293 1523 5333 unus
1554 5284 1660 5340 est,
1718 5293 1812 5331 rex
1867 5277 1870 5329 i

2147 5299 2200 5344 ις
2231 5280 2475 5351 ὀνόματι.
2517 5278 2792 5347 Λεγεῶνες
2828 5278 3069 5346 ἀγγέλων
3100 5278 3250 5348 παρὰ
3285 5262 3364 5346 τῷ
3398 5274 3630 5348 ἀληθινῷ

389 5388 571 5427 rerqu
633 5372 879 5426 omnium
945 5380 1276 5427 creatarum.
1360 5369 1730 5424 Nihilominus
1793 5368 1954 5424 etiam

390 5462 578 5515 mundi
608 5461 894 5522 Dominus,
931 5462 1021 5518 ille
1067 5463 1416 5517 tenebrarum
1478 5469 1681 5523 rector,
1746 5474 1953 5528 regium

2058 5372 2284 5443 βασιλεῖ,
2314 5372 2408 5424 καὶ
2428 5368 2689 5437 λεγεῶνες
2712 5368 2977 5437 δαιμόνων
3006 5366 3154 5437 παρὰ
3178 5365 3255 5445 τῷ
3286 5365 3513 5437 ἄρχοντι
3544 5368 3630 5434 τῆς

2061 5446 2305 5530 ἐξουσίας
2330 5461 2422 5515 τοῦ
2461 5460 2705 5525 σκότους.
2751 5459 2940 5529 ’Δρχαι¹
2965 5457 3057 5512 καὶ
3089 5456 3326 5522 ἐξουσίαι
3357 5457 3456 5509 καὶ
3483 5456 3631 5510 δυνά·

392 5549 495 5614 sibi
556 5563 752 5601 nomen
814 5556 1051 5619 arrogat.
1114 5548 1380 5619 Legiones
1443 5550 1764 5617 angelorum
1828 5564 1875 5601 Si

2147 5568 2184 5613 ις
2223 5550 2326 5616 ὑπὸ
2355 5550 2445 5602 τὸν
2476 5549 2696 5619 βασιλέα
2725 5547 2832 5603 τῶν
2878 5546 3058 5617 βασιλε
3081 5545 3287 5613 ιόντων,
3329 5549 3427 5613 καὶ
3447 5545 3630 5621 Κύριοι

459 5657 502 5699 ιο
534 5658 555 5719 1
583 5654 818 5719 Timeth.
840 5673 952 5722 xxi,
984 5660 1002 5712 Ι
1044 5674 1166 5740 sqq.
1245 5660 1287 5691 ⁸⁷
1321 5659 1595 5726 lTimoth.
1630 5675 1716 5731 ιιι,
1744 5660 1825 5713 l5.
1905 5660 1942 5690 ³⁸

1099 5675 1166 5740 [ιι.
1245 5660 1287 5691 ⁸⁷
1321 5659 1595 5726 lTimoth.
1630 5675 1716 5731 ιιι,
1744 5660 1825 5713 l5.
1905 5660 1946 5690 ⁵⁸
1977 5659 2121 5733 Psal.
2150 5677 2336 5726 XXVIII,
2366 5660 2417 5726 5,
2453 5660 2506 5721 6,.
2578 5730 2582 5733 λ
