3738 5984
192 216 341 275 1381

1207 185 1278 276 tu
1314 220 1608 279 CANTICA
1647 223 1920 288 eamne.
1963 227 2247 286 nomen
2286 229 2425 285 xw.
2652 236 2677 271 ι

3322 224 3487 281 ίθδίὲ·

190 331 311 387 τῶν
338 332 731 404 κυριευόντων·
759 333 872 405 ἔχει
906 332 1176 399 κάκεῖνος,
1210 335 1351 390 κατὰ
1390 337 1490 410 τὴν
1529 338 1785 393 Ἀποστόο
1811 358 1859 415 Α
1887 342 2028 411 apud
2058 358 2230 399 vernn

1946 342 2028 398 illd
2058 358 2247 399 verum
2275 357 2457 413 regem
2492 358 2513 408 -,
2561 349 2620 396 et
2672 341 2979 399 daemonum
3041 338 3288 411 legiones
3316 342 3465 410 apud

191 421 294 477 λου
341 422 548 495 φωνὴν,
591 425 767 497 ἀρχάς
796 443 858 479 τε
899 426 995 480 καὶ
1026 425 1302 492 ἐξουσίας,
1346 430 1440 482 καὶ
1487 430 1777 500 δυνάμεις,

190 516 299 578 τὰς
324 517 798 587 καταργουμένας.
831 517 960 571 ὅταν
1000 517 1166 589 μέλλῃ
1200 518 1261 572 τὸ
1299 519 1467 574 κακὸν
1500 523 1584 589 ⁵είς
1610 522 1671 576 τὸ
1704 524 1777 594 μὴ

192 605 260 660 ὃν
283 607 664 676 ἀφανίζεσθαι,
702 610 891 663 Ὅταν
926 609 1036 680 γάρ
1062 610 1410 681 καταργήσῃ
1430 651 1445 675 ,
1472 615 1625 683 φησι,
1670 615 1779 671 πᾶ-

193 712 326 751 σαν
355 698 574 767 ἀρχὴν,
597 698 694 753 καί
715 700 1025 765 ἐξουσίαν,
1051 702 1149 755 καί
1178 701 1452 771 δύναμιν.
1496 703 1619 757 Ἐπὶ
1658 704 1781 773 θρό⁶

193 804 295 842 νου
331 787 519 857 βλέπει
547 791 577 842 6
605 792 887 862 προφήτης
919 792 1008 844 τὸν
1040 792 1261 861 βασιλέα
1290 794 1387 862 τῆς
1423 792 1580 866 δόξης
1612 796 1781 867 καθή-

198 895 388 949 μενον,
422 880 508 949 ἐφ’
535 881 739 953 ὑψηλοῦ
771 901 829 936 τε
854 885 946 937 καὶ
974 885 1304 955 ἐπηρμένου,
1336 887 1583 949 κάκεῖνος
1608 889 1782 956 ἐπαγ·

195 976 452 1044 τέλλεται
487 979 676 1049 θήσειν
701 981 884 1035 ἐπάνω
907 982 1016 1035 τῶν
1048 982 1261 1053 ἄστρων
1289 983 1380 1036 τὸν
1410 983 1538 1037 ῐδιον
1570 983 1779 1054 θρόνον,

195 1066 348 1121 ὥστε
367 1064 507 1123 εἶναι
544 1072 726 1140 ὅμοιον
756 1072 834 1142 τῷ
862 1072 1116 1142 ’Υψίο-τῳ.
1159 1073 1332 1144 Σκεύη
1369 1074 1597 1144 ἐκλογῆς
1624 1078 1680 1129 ὲν
1712 1077 1778 1147 τῇ

200 1157 421 1230 μεγάλῃ
460 1160 656 1223 ἑαυτοῦ
691 1161 836 1231 obsign
879 1164 908 1214 6
952 1160 1048 1214 τοῦ
1087 1161 1287 1224 παντὸς
1323 1162 1435 1232 ἔχει
1483 1164 1781 1233 Δεσπότης,

196 1245 320 1316 εχει
353 1247 605 1311 κάκεῖνος
649 1248 815 1318 σκεύη
856 1251 1025 1320 ὀργῆς
1070 1251 1477 1320 κατηρτισμένα
1512 1255 1590 1315 είς
1631 1252 1782 1307 ἀπώ-

196 1334 374 1391 λειαν.
403 1337 569 1390 Πάλιν
607 1337 751 1409 ζωὴν
790 1339 883 1391 καὶ
928 1340 1148 1409 εἰρήνην
1180 1340 1244 1392 δι’
1276 1338 1519 1407 ἀγγέλων
1561 1343 1784 1410 χορηγεῖ

196 1430 317 1490 τοῖς
349 1428 516 1492 ἀξίοις
543 1430 572 1482 6
607 1429 714 1482 τῶν
754 1429 1001 1497 ἀγγέλων
1041 1428 1272 1499 Κύριος·
1307 1431 1558 1493 κάκεῖνος
1587 1430 1778 1499 θυμὸν,

197 1520 300 1578 καὶ
346 1520 534 1590 ὀργὴν,
577 1521 671 1573 καὶ
713 1520 890 1588 θλίψιν
927 1518 1241 1573 ἀποστέλλει
1278 1520 1367 1573 διὰ
1390 1519 1498 1573 τῶν
1539 1521 1781 1588 ἀγγέλων

196 1610 627 1695 τῷνῗνπονηρῶν.
670 1611 780 1664 Καὶ
807 1610 858 1663 τί
901 1611 1005 1682 χρὴ
1050 1610 1117 1663 τὰ
1154 1609 1275 1662 καθ’
1304 1610 1543 1695 ,ἕκαστον
1581 1611 1778 1679 λέγειν,

1888 432 2189 502 principem
2244 430 2534 502 potestatis
2574 432 2923 486 tenebrarum
2951 431 3018 483 δ’.
3087 428 3457 498 Principatus,

1885 530 2206 592 potestates,
2233 524 2402 593 copiae
2435 522 2673 579 subsunt
2700 520 2833 591 Regi
2870 536 3080 591 regum,
3125 528 3179 575 et
3219 520 3459 575 Domino

1885 613 2330 670 dominatorum:
2394 616 2581 670 itidem
2642 625 2698 670 et
2758 614 2897 668 alter
2951 612 3452 682 (quemadmodum

1885 703 2180 773 Apostolus
2219 706 2336 776 ait)
2377 706 2539 761 habet
2569 704 2821 774 imperia,
2875 710 3195 772 potestates,
3244 704 3455 772 copias,

1886 811 2009 865 qua;
2037 797 2471 868 abrogabuntur,
2505 811 2627 850 cum
2660 796 2860 849 malum
2892 795 2946 847 in
2982 793 3211 848 nihilum
3244 792 3457 863 redige-

1885 890 1995 938 tur.
2028 883 2169 938 Sunt
2198 884 2345 939 enim
2379 884 2493 938 haec
2523 882 2769 952 Apostoli
2807 882 2972 937 verba
3002 900 3015 936 :
3052 879 3187 936 Cum
3223 880 3457 934 absolue-

1886 973 1957 1026 rit
2021 989 2224 1028 onmem
2262 975 2641 1043 principatum,
2675 982 2725 1026 et
2779 987 2985 1025 omnem
3038 980 3370 1040 potestatem,
3403 978 3454 1025 ct

1888 1080 2090 1119 omnem
2112 1068 2362 1119 virtutem
2388 1066 2456 1118 ⁵ο.
2493 1065 2687 1119 Cernit
2713 1065 2973 1134 propheta
3031 1064 3122 1118 ille
3175 1065 3453 1119 sedentem

1887 1156 2111 1212 sublimi
2141 1172 2206 1210 ae
2233 1159 2442 1211 elevato
2475 1157 2530 1210 in
2585 1155 2725 1210 solio
2775 1170 2955 1224 regem
3009 1154 3212 1222 gloriae,
3271 1153 3456 1207 itidem

1886 1248 1977 1305 ille
2010 1249 2209 1304 solium
2266 1264 2425 1305 suum
2486 1262 2655 1317 supra
2703 1247 2885 1302 sidera
2944 1260 3004 1300 se
3051 1245 3454 1299 eollocaturum

1886 1341 2193 1409 profitetur,
2231 1342 2305 1395 ita
2335 1348 2395 1394 ut
2422 1341 2705 1395 Altissimo
2730 1339 2803 1392 sit
2831 1337 3048 1393 similis.
3078 1335 3253 1391 Habet
3276 1333 3455 1404 ampla

1887 1431 1942 1485 in
2000 1431 2163 1485 domo
2224 1446 2322 1486 sua
2356 1430 2621 1485 Dominus
2654 1428 2897 1484 universi
2947 1443 3080 1483 vasa
3126 1426 3407 1483 electionis
3434 1442 3453 1478 :

1887 1522 2073 1578 itidem
2106 1523 2195 1577 ille
2227 1538 2352 1577 vasa
2396 1523 2492 1576 irae
2551 1522 2740 1582 habet,
2797 1528 3109 1589 comparata
3169 1518 3236 1571 ad
3267 1515 3455 1571 interi-

1888 1622 2000 1667 tum
2023 1613 2088 1667 ".
2112 1612 2385 1668 Praeterea
2408 1614 2571 1667 vitam
2591 1619 2646 1667 et
2676 1626 2863 1682 pacem
2894 1624 2990 1676 per
3020 1609 3244 1679 angelos
3272 1608 3454 1679 dignis

196 1700 270 1754 δι’
306 1694 380 1753 ὧν
418 1702 559 1755 κατὰ
590 1703 649 1754 ’ὼ
681 1703 918 1755 ἐναντίον
951 1694 1335 1774 ἀντεπαίρεται
1378 1704 1516 1773 πρὸς
1560 1704 1658 1775 τὴν
1689 1704 1783 1757 τοῦ
1819 1708 1857 1762 Β
1887 1702 2199 1772 suppeditat

1946 1702 2199 1772 .ppeditat
2231 1702 2553 1769 angelorum
2588 1700 2898 1764 Dominus;
2950 1698 3115 1753 etiam
3165 1696 3255 1751 ille
3304 1694 3458 1750 furo-

196 1788 412 1855 ἀγαθοῦ
446 1789 603 1859 φύσιν
632 1792 661 1844 6
694 1791 1090 1862 ἀντικείμενος;

1883 1808 2020 1854 rem.
2050 1803 2104 1848 et
2134 1793 2364 1851 iram.et
2396 1791 2746 1847 alllictionem
2778 1804 2874 1861 per
2904 1789 3201 1845 sceleratos
3236 1788 3460 1858 angelos

198 1882 449 1936 immittit
479 1884 546 1941 5’.
573 1884 639 1938 Et
675 1886 805 1956 quid
835 1900 973 1955 opus
1015 1895 1101 1942 est
1138 1888 1351 1958 singula
1388 1901 1834 1952 commemorare,
1896 1902 1987 1958 per
2043 1903 2161 1957 quae
2208 1886 2554 1943 adversarius
2604 1887 2693 1942 ille
2747 1895 2937 1940 contra
2986 1892 3234 1940 naturam
3284 1882 3458 1953 ipsius

195 1974 335 2030 boni
367 1992 488 2031 sese
530 1979 689 2048 erigit
709 1979 735 2031 τ

289 2069 441 2123 Ἐπεὶ
466 2063 558 2122 οῦν
590 2070 729 2123 κατά
755 2070 815 2124 τὸ
844 2071 1117 2143 αίσθητδν,
1146 2070 1439 2142 περιφανές
1461 2072 1575 2125 ἐστι
1598 2072 1783 2143 θέαμα

195 2158 265 2213 τὸ
293 2159 417 2231 ὅρος
447 2161 477 2212 6
518 2160 748 2225 Λίϐανος
784 2163 1118 2235 πανταχόθεν
1148 2165 1268 2225 ταῖς
1310 2162 1540 2231 ὑψηλαῖς
1571 2164 1782 2234 κέδροις

200 2250 516 2320 συνηρεφής
551 2266 612 2301 τε
665 2251 758 2303 καὶ⁹
800 2250 1002 2314 λάσιος,
1051 2249 1239 2304 τούτου
1285 2250 1447 2320 χάριν
1501 2251 1636 2320 πρὸς
1688 2250 1783 2315 τὰς

197 2338 458 2402 ἐναντίας
503 2339 732 2406 ἐννοίας,
787 2340 873 2394 διὰ
913 2340 1020 2394 τῶν
1074 2340 1216 2394 κατὰ
1274 2340 1334 2393 τὸ
1391 2342 1784 2412 ἐμφαινόμενον

198 2427 624 2498 ὑποδειγμάτων
660 2429 764 2481 ὑπὸ
801 2431 900 2499 τῆς
937 2430 1158 2502 Γραφῆς
1188 2430 1250 2483 τὸ
1311 2433 1436 2504 ὅρος
1478 2430 1780 2502 μερίζεται,

198 2522 532 2592 προσφόρως
563 2521 971 2592 λαμϐανόμενον
1018 2524 1137 2576 καθ’
1165 2524 1440 2596 ἑκάτερον.
1480 2526 1587 2578 Καὶ
1613 2525 1784 2589 οὑτως

200 2611 326 2669 ἐστι
358 2613 509 2682 παρά
537 2616 649 2676 τοῖς
677 2615 857 2677 αὐτοῖς
886 2617 1194 2686 προφήταις
1222 2618 1348 2670 ἰδεῖν
1378 2617 1439 2669 τὸ
1460 2618 1589 2671 αὐτὸ
1613 2617 1783 2688 ὄνομα

198 2700 349 2753 κατὰ
371 2702 469 2772 τὴν
497 2703 603 2756 τῶν
626 2704 965 2775 δηλουμένων
986 2706 1267 2776 διαφορὰν,
1292 2709 1696 2778 ἐπαινουμένων
1722 2726 1784 2763 τε

198 2788 299 2841 καὶ
330 2788 723 2861 κακιζομένων.
756 2793 868 2846 Νῦν
901 2794 996 2863 μὲν
1018 2793 1124 2864 γάρ
1156 2795 1427 2865 συντρίϐει
1454 2797 1653 2869 Κύριος
1682 2798 1785 2862 τάς

199 2880 431 2952 κέδρους
460 2882 551 2935 τοῦ
585 2883 837 2947 Λιϐάνου,
868 2886 959 2938 καὶ
986 2885 1102 2938 ὅλον
1128 2886 1215 2941 τὸν
1248 2887 1480 2942 Λίϐανον
1511 2890 1648 2959 μετὰ
1672 2889 1783 2943 τῶν

199 2974 262 3024 ιν
299 2973 451 3042 αὑτῷ
485 2975 688 3042 κέδρων
721 2975 994 3041 λεπτύνει,
1024 2976 1145 3030 καθ’
1178 2978 1469 3048 ὁμοιότητα
1504 2978 1597 3032 τοῦ
1630 2981 1783 3034 εἰδω-

1946 2068 2080 2122 Cum
2120 2065 2285 2137 igitur
2311 2065 2435 2135 ejus
2461 2066 2694 2128 ratione,
2724 2062 2869 2132 quod
2907 2062 3012 2117 sub
3046 2076 3245 2118 sensus
3286 2059 3457 2127 cadit,

1880 2158 2097 2213 illustre
2161 2157 2441 2227 quoddam
2482 2156 2857 2226 spectaculum
2893 2155 2966 2208 sit
3020 2168 3177 2208 mons
3218 2151 3460 2206 Libanus

1885 2248 2129 2318 undique
2158 2247 2494 2303 sublimibus
2536 2245 2718 2301 eedris
2753 2259 2957 2314 opacus
2993 2258 3058 2298 ac
3094 2243 3300 2299 densus
3324 2282 3339 2308 ,
3380 2243 3460 2299 id-

1880 2339 2031 2395 circo
2063 2339 2313 2393 diversos
2345 2338 2400 2392 in
2431 2352 2628 2392 sensus
2669 2337 2889 2391 ratione
2911 2335 3060 2389 illius
3099 2333 3244 2404 quod
3277 2335 3460 2390 cerni-

1886 2438 1999 2495 tur,
2042 2430 2097 2484 in
2122 2430 2298 2485 sacris
2332 2428 2554 2484 Litteris
2587 2428 2749 2498 quasi
2809 2426 3092 2488 dividitur,
3141 2434 3266 2496 apte
3297 2435 3462 2496 atque

1889 2524 2085 2578 idonee
2114 2530 2401 2591 utramque
2434 2521 2490 2576 in
2518 2529 2726 2589 partem
2760 2527 3035 2590 sumptus.
3060 2518 3247 2588 quue
3276 2517 3462 2572 videre

1886 2621 1971 2667 est
2006 2611 2147 2666 idem
2180 2610 2508 2666 vocabulum
2562 2610 2705 2680 apud
2753 2600 2971 2664 eosdem
3010 2607 3329 2678 prophetas,
3362 2620 3463 2677 pro

1886 2701 2315 2772 significatornm
2375 2701 2715 2765 diversitate,
2772 2707 2884 2753 tam
2927 2700 2983 2753 in
3038 2698 3239 2763 laude,
3297 2711 3461 2767 quam

1885 2795 2017 2849 vitio
2050 2796 2309 2863 positum.
2346 2793 2504 2847 Modo
2553 2781 2699 2847 enim
2736 2792 2972 2848 conterit
3028 2789 3463 2871 cedroslibani

1887 2885 2173 2949 Dominus,
2207 2893 2261 2939 et
2290 2886 2605 2940 universum
2646 2884 2911 2939 Libanum
2943 2900 3051 2939 una
3104 2900 3228 2939 cum
3279 2885 3463 2941 eedris

1886 2977 1941 3030 in
1972 2992 2043 3031 eo
2066 2977 2392 3032 comminuit
2418 2978 2591 3033 instar
2619 2976 2741 3045 ejus
2778 2977 2931 3030 vituli
2967 2977 3032 3041 ⁵³,
3067 2976 3158 3046 qui
3194 2977 3246 3030 in
3282 2977 3464 3032 solitu-

198 3062 583 3133 λοποιηθέντος
621 3066 823 3135 μόσχου
853 3067 911 3118 ὲν
941 3070 1006 3137 τῇ
1039 3069 1250 3138 ἐρήμῳ.
1279 3069 1378 3122 Διὰ
1406 3069 1563 3123 τοῦτο
1592 3073 1625 3139 ἠ
1654 3089 1787 3143 προ-
1814 3082 1856 3139 (ζ
1890 3068 2019 3124 dine
2048 3085 2145 3137 pro
2179 3068 2230 3122 id

1952 3084 2019 3124 ne
2048 3085 2145 3137 pro
2179 3068 2324 3122 idolo
2357 3069 2660 3123 fabricatus
2684 3076 2840 3122 erat:
2888 3068 3089 3138 quibus
3124 3067 3304 3122 verbis
3334 3066 3464 3122 Pro-

200 3155 405 3225 φητεία
444 3156 790 3227 παρίστησιν,
824 3159 906 3211 ὅτι
936 3159 1074 3230 αὐτή
1106 3176 1165 3212 τε
1195 3160 1226 3229 ή
1260 3161 1427 3216 κακία
1453 3163 1547 3216 καὶ
1586 3165 1692 3216 πᾶν
1725 3166 1785 3233 ἐξ

198 3245 377 3315 αὐτῆς
418 3245 617 3317 ὕψωμα
664 3248 723 3301 τὸ
763 3250 902 3302 κατὰ
942 3252 1039 3319 τῆς
1090 3251 1341 3319 γνώσεως
1379 3252 1472 3306 τοῦ
1512 3254 1645 3306 Θεοῦ
1686 3256 1785 3308 ἐπ·

196 3337 461 3408 ηρμένον,
488 3340 566 3401 είς
587 3339 647 3391 τὸ
675 3340 749 3410 μὴ
776 3338 835 3392 ὃν
861 3343 1268 3410 περιστήσεται.
1296 3343 1410 3395 Νῦν
1433 3342 1491 3395 δὲ
1516 3343 1576 3396 τὸ
1602 3346 1787 3415 κρεῖτι-

197 3446 296 3483 τον
335 3429 500 3482 αὑτοῦ
551 3430 955 3500 μεταλαμϐάνει
982 3432 1082 3503 τὴν
1118 3434 1395 3504 σημασίαν
1436 3433 1645 3502 λέγων’
1688 3435 1789 3486 Δί·-

200 3537 374 3588 καιος
424 3524 506 3587 ὡς
546 3523 747 3592 φοῖνιξ
784 3523 1055 3590 ἀνθήσει,
1090 3525 1234 3583 ὡσεὶ
1275 3524 1485 3593 κέδρος
1520 3526 1559 3592 ἡ
1598 3525 1668 3577 ἐν
1706 3523 1788 3590 τῷ

199 3612 439 3677 Λιϐάνῳ
494 3613 1003 3681 πληθυνθήσεται.
1068 3615 1124 3667 '0
1172 3614 1279 3685 γὰρ
1326 3614 1540 3683 άληθῶς
1583 3615 1789 3678 δίκαιος

201 3701 453 3773 (Κύριος
493 3698 553 3754 δέ
585 3704 733 3756 ἐστιν
758 3704 786 3755 6
807 3703 1055 3774 δίκαιος),
1079 3707 1108 3757 6
1144 3704 1209 3756 δι’
1242 3706 1389 3775 ἡμᾶς
1423 3706 1484 3757 ὲκ
1521 3707 1623 3775 γῆς
1656 3706 1786 3758 ἁνα-

202 3789 372 3860 σχὼν,
414 3794 617 3854 ἐκεῖνος
661 3795 690 3845 6
722 3792 983 3862 ὑψίκομος
1029 3793 1240 3861 φοῖνιξ,
1282 3795 1310 3845 6
1341 3795 1401 3846 ἐν
1448 3796 1515 3863 τῇ
1558 3792 1656 3863 ῦλῃ
1691 3794 1787 3864 τῆς

201 3879 420 3951 φύσεως
467 3880 623 3951 ἡμῶν
664 3881 969 3943 ἀνατείλας,
1009 3882 1133 3953 ὅρος
1175 3882 1382 3949 γίνεται
1426 3885 1547 3945 ταῖς
1577 3881 1788 3952 κέδροις

199 3969 315 4023 τῶν
347 3970 679 4040 ριζουμένων
717 3971 806 4024 διὰ
834 3972 1067 4035 πίστεως
1095 3975 1151 4026 ὲν
1179 3972 1330 4042 αὑτῴ
1366 3971 1785 4042 πληθυνόμενος,

201 4061 409 4124 αἵτινες
448 4062 574 4115 ὅταν
613 4064 669 4115 ἐν
708 4062 785 4131 τῷ
825 4062 958 4133 οἴκῳ
992 4063 1099 4116 τοῦ
1127 4062 1258 4116 Θεοῦ
1312 4063 1677 4132 φυτευθῶσιν,
1702 4064 1787 4114 ’ὲν

201 4155 328 4215 ταῖς
372 4153 558 4217 αὐλαῖς
592 4153 684 4205 τοῦ
719 4153 850 4206 Θεοῦ
886 4154 1042 4224 ἡμῶν
1088 4154 1491 4223 ὲξανθήσουσιν.
1530 4150 1688 4207 Οἷκον
1731 4153 1789 4207 δὲ

122 4312 136 4327 ⁸
201 4244 305 4314 τὴν
358 4245 679 4316 Ἐκκλησίαν
716 4245 856 4298 κατὰ
895 4246 989 4316 τὴν
1016 4245 1108 4298 τοῦ
1157 4245 1476 4299 Ἀποστόλου
1515 4245 1788 4315 ὑφήγησιν

200 4338 602 4408 ἐνενοήσαμεν·
635 4338 692 4389 ἐν
731 4332 775 4406 ᾧ
811 4337 1017 4405 γίνεται
1061 4338 1097 4408 ἡ
1138 4337 1245 4391 τῶν
1289 4337 1492 4407 κέδρων
1525 4335 1618 4388 τοῦ
1649 4333 1790 4388 Θεοῦ

1892 3164 2052 3232 pheta
2079 3163 2277 3217 docere
2310 3163 2448 3225 vult,
2478 3162 2655 3231 ipsam
2687 3160 2955 3214 malitiam
3014 3168 3067 3215 et
3126 3174 3341 3214 onmem
3374 3173 3465 3213 or-

1893 3261 2002 3306 tam
2033 3267 2099 3306 ex
2130 3267 2193 3305 ea
2224 3251 2642 3313 sublimitatem,
2677 3251 2943 3306 adversus
2970 3251 3334 3321 cognitionem
3371 3248 3463 3303 Dei

1893 3358 1951 3397 se
1986 3342 2303 3411 erigentem,
2369 3342 2424 3395 in
2483 3342 2714 3395 nihilum
2749 3340 3099 3410 redigendam
3137 3357 3278 3395 esse.
3316 3340 3463 3395 Alias

1893 3448 2021 3486 vero
2080 3434 2364 3486 meliorem
2402 3433 2456 3486 in
2515 3439 2721 3501 partem
2784 3433 3043 3494 sumitur,
3085 3441 3143 3485 ut
3173 3447 3295 3485 eum
3333 3433 3465 3486 Pro.

1893 3523 2051 3592 pheta
2090 3523 2231 3576 idem
2264 3523 2338 3576 ait
2367 3542 2380 3577 :
2417 3521 2605 3575 Justus
2640 3532 2697 3574 ut
2731 3522 2911 3591 palma
2937 3522 3166 3589 ﬂorebit,
3197 3533 3254 3575 ut
3279 3524 3464 3577 cedrus

1893 3615 1945 3667 in
2003 3613 2204 3667 Libano
2266 3613 2681 3682 ampliﬁcabitur
2730 3613 2797 3667 “.
2849 3612 2982 3666 Nam
3034 3628 3223 3666 revera
3280 3614 3465 3683 justus

1894 3710 1911 3777 (
1944 3706 2204 3759 Dominus
2238 3714 2420 3760 autem
2454 3713 2539 3759 est
2567 3705 2753 3775 justus
2800 3705 2931 3775 ille)
2980 3706 3073 3774 qui
3110 3714 3331 3775 propter
3364 3721 3464 3761 nos

1893 3809 2047 3853 ortus
2082 3805 2168 3852 est
2212 3799 2281 3851 de
2316 3807 2458 3851 terra
2488 3814 2502 3850 :
2538 3798 2585 3851 is
2626 3797 2794 3865 igitur
2823 3808 2905 3851 est
2943 3797 3194 3850 altieoma
3226 3796 3313 3849 illa
3349 3797 3463 3866 pal-

1895 3904 2000 3949 ma,
2040 3905 2164 3958 qum
2202 3896 2393 3943 exorta
2434 3890 2487 3942 in
2523 3896 2732 3943 natura:
2760 3897 2960 3943 nostrae
2993 3889 3150 3953 silva,
3189 3903 3346 3941 mons
3385 3890 3463 3950 lit,

1893 3990 2050 4034 aucta
2077 3979 2256 4043 cedris
2285 3995 2497 4045 cormn,
2536 3981 2630 4051 qui
2668 3996 2762 4048 per
2792 3981 2950 4035 (idem
2988 3980 3041 4034 in
3096 3981 3215 4050 ipso
3252 3979 3465 4035 radices

1892 4076 2082 4136 agunt,
2132 4085 2254 4138 quae
2295 4070 2514 4140 quidem
2550 4069 2699 4123 cedri
2761 4084 2885 4123 cum
2947 4069 3202 4139 plantataa
3256 4069 3311 4121 in
3373 4066 3463 4121 Dei

1894 4161 2056 4216 domo
2087 4161 2314 4225 fuerint,
2360 4163 2414 4215 in
2450 4162 2606 4217 atriis
2637 4161 2729 4216 Dei
2769 4162 2945 4217 nostri
2987 4160 3276 4216 ﬂorebunt.
3315 4157 3465 4213 lianc

1893 4260 2076 4305 autem
2103 4251 2327 4305 domum
2368 4250 2672 4307 Ecclesiam
2702 4267 2825 4307 esse
2878 4251 3255 4320 intelligimus,
3315 4250 3463 4320 Apo-

1894 4343 2093 4397 stolum
2155 4341 2368 4398 secuti:
2409 4344 2463 4396 in
2504 4358 2609 4412 qua
2665 4341 2810 4396 cedri
2855 4340 2951 4394 Dei
3009 4338 3463 4395 conseruntur".

203 4429 424 4499 φυτεία.
456 4429 636 4493 Αὑλάς
673 4428 730 4481 δὲ
766 4428 865 4490 τὰς
892 4428 1141 4492 αἰωνίους
1169 4428 1393 4499 σκηνὰς.
1425 4430 1482 4480 ὲν
1508 4422 1595 4491 αἷς
1621 4429 1655 4498 ή
1682 4425 1786 4479 τῶν
1817 4439 1865 4494 ι)
1892 4432 1994 4488 Per
2025 4434 2162 4486 atria
2195 4451 2224 4486 ν

1946 4449 1994 4488 3r
2025 4434 2162 4486 atria
2195 4448 2327 4488 vero
2361 4441 2562 4487 aeterna
2599 4432 2691 4486 illa
2755 4431 3114 4485 tabernacula
3144 4430 3463 4500 accipimus,

201 4519 427 4589 ἀγαθῶν
469 4519 695 4573 ἐλπίδων
732 4518 1016 4589 ὲξάνθησίς
1060 4535 1118 4571 τε
1183 4519 1276 4571 καὶ
1324 4517 1627 4588 φανέρωσις
1673 4518 1786 4578 τοῖς
1894 4523 1949 4577 in
1979 4524 2180 4592 quibus
2205 4540 2230 4578 ε

1946 4548 1949 4576 l
1979 4524 2180 4592 quibus
2205 4532 2260 4578 et
2285 4522 2479 4578 ﬂorent
2503 4537 2632 4592 spes
2668 4523 2845 4585 bonae,
2879 4530 2933 4577 et
2965 4538 3066 4577 suo
3096 4530 3338 4593 tempore
3374 4539 3463 4592 pa-

205 4610 508 4684 καθήκουσι
527 4611 738 4682 χρόνοις
759 4613 1066 4679 γενήσεται.
1105 4609 1318 4680 Ἐπειδὴ
1340 4608 1516 4661 τοίνυν
1540 4608 1601 4661 τὸ
1624 4605 1788 4676 σῶμα
1893 4613 2104 4667 leﬁunt.
2136 4612 2230 4678 Qu:

1951 4613 2104 4667 ﬁunt.
2136 4612 2319 4678 Quare
2350 4627 2473 4665 rum
2501 4611 2707 4666 Christi
2739 4627 2943 4681 corpus
2974 4628 3069 4682 per
3092 4613 3328 4666 membra
3358 4613 3471 4667 sin-

205 4702 305 4759 τοῦ
327 4702 562 4773 Χριστοῦ
580 4700 667 4755 διὰ
688 4702 793 4756 τῶν
812 4701 932 4754 καθ’
955 4700 1182 4754 ἕκαστον
1198 4699 1563 4771 ὲκπληροῦται
1584 4697 1785 4770 μελῶν
1890 4703 2014 4772 gula
2060 4701 2153 4756 ﬁat
2196 4703 2230 4756 il

1946 4703 2014 4756 ila
2060 4701 2153 4756 ﬁat
2196 4703 2494 4771 integrum,
2559 4699 2802 4754 Membra
2850 4702 2989 4755 enim
3044 4701 3213 4754 multa
3274 4715 3467 4768 corpus

215 4790 294 4847 Τὰ
312 4792 420 4859 γὰρ
435 4792 638 4846 πολλὰ
643 4792 823 4861 μέλη,
836 4790 907 4844 ἓν
920 4790 1091 4860 σῶμα
1116 4776 1359 4860 γίνὲται,
1375 4788 1556 4852 καθώς
1571 4806 1734 4860 φησιν
1755 4792 1785 4844 6
1887 4810 2052 4847 unum
2101 4795 2230 4863 [iuni

1946 4811 2052 4847 ium
2101 4795 2257 4863 ﬁunt,
2320 4793 2497 4862 inquit
2548 4792 2842 4861 Apostolus
2886 4791 2954 4853 ⁸⁸,
3011 4806 3129 4844 eam
3176 4790 3346 4859 ipsam
3397 4791 3470 4845 ob

221 4881 541 4946 ’Λπόστολος
562 4903 576 4915 ·
610 4883 795 4935 τούτου
840 4881 999 4953 χάριν
1026 4881 1143 4935 ὃλον
1174 4881 1235 4934 τὸ
1258 4880 1350 4935 τοῦ
1384 4880 1618 4952 νυμφίου
1651 4881 1785 4937 κάλ-

205 4973 300 5037 λος
342 4973 432 5026 τὸν
476 4974 728 5027 ἐκλεκτὸν
762 4973 1013 5045 ὠνόμασε
1067 4972 1328 5038 Λίϐανον,
1378 4974 1479 5043 τὴν
1518 4973 1653 5044 πρὸς
1695 4973 1786 5027 τὸν

206 5063 516 5136 ἀπόϐλητον
536 5065 764 5119 Λίϐανον
785 5064 1047 5137 διαφοράν
1065 5065 1142 5135 τῷ
1164 5064 1402 5135 ἐκλεκτῷ
1422 5064 1785 5119 διαστείλασα.

221 5161 457 5223 Ἐκεῖνος
485 5159 592 5231 γάρ
616 5161 762 5212 ἐστιν
788 5161 817 5212 6
855 5159 1083 5215 Λίϐανος
1116 5158 1258 5211 κατὰ
1284 5158 1374 5210 τὸν
1412 5150 1661 5223 Ἡσαΐαν,
1689 5159 1786 5211 σὺν

204 5256 320 5319 τοῖς
356 5252 579 5324 ὑψηλοῖς
622 5250 983 5321 πεσούμενος,
1032 5252 1160 5304 ὅταν
1197 5252 1262 5304 ἐκ
1310 5250 1407 5319 τῆς
1444 5249 1538 5303 τοῦ
1588 5249 1787 5302 Ἰεσσαὶ

212 5344 366 5417 ῥῐζης
408 5343 662 5417 ἀνατείλῃ
694 5344 754 5397 τὸ
783 5343 962 5408 ἄνθος,
1004 5344 1096 5397 καὶ
1124 5345 1157 5414 ἡ
1185 5342 1282 5415 τῆς
1308 5341 1554 5406 ἐξουσίας
1595 5341 1787 5413 ῥάϐδος

278 5542 325 5575 ⁸³
348 5542 559 5598 (Iuleas.
589 5543 733 5607 [,13.

204 5629 321 5680 χει,
352 5614 420 5668 ἱῦ
444 5629 565 5683 sqq.

807 5540 854 5575 ⁵ο
882 5538 1067 5595 "Cor.
1105 5557 1190 5603 xv,
1224 5541 1313 5595 Ἦ.
1351 5542 1395 5574 ⁵⁸
1426 5540 1580 5594 Rnu.
1605 5557 1679 5604 iv,
1726 5540 1817 5595 ΞΗ.

643 5613 688 5645 ⁸⁸
729 5611 984 5676 Rullum,
1012 5611 1093 5667 l7.
1162 5614 1207 5644 δέ
1237 5612 1405 5675 ῌέυικ
1444 5630 1541 5679 χιι,
1582 5612 1660 5666 ιιι.
1739 5613 1782 5643 ⁵⁷
1810 5611 1914 5665 lsa.
1948 5612 2127 5676 x,3i;
2167 5627 2240 5678 ιι,
2281 5608 2323 5662 ι.

1884 4900 2105 4940 causam
2172 4891 2341 4957 totam
2386 4882 2573 4953 sponsi
2628 4889 2965 4936 vennslatem
3019 4879 3315 4949 appellavit
3353 4877 3467 4933 ele-

1885 4987 2032 5031 ctum
2060 4975 2352 5040 Libanum,
2394 4976 2692 5031 discrimen
2724 4973 2889 5041 hujus
2918 4979 2970 5026 et
3000 4969 3197 5025 Libani
3230 4970 3321 5040 qui
3379 4984 3464 5025 re-

1878 5068 2090 5136 jieitur,
2150 5082 2247 5136 per
2303 5082 2488 5122 vocem
2530 5067 2687 5121 electi
2724 5064 3085 5119 constituens.
3119 5059 3253 5115 ham
3325 5058 3465 5113 alter

1891 5158 1981 5212 ille
2026 5156 2266 5211 Libauus
2310 5168 2414 5221 est,
2448 5158 2539 5227 qui
2570 5156 2873 5213 secundum
2935 5152 3128 5209 Isaiam
3182 5166 3289 5205 una
3336 5164 3462 5203 cum

1894 5246 2220 5303 sublimibus
2273 5255 2516 5310 corruet,
2582 5264 2708 5303 cum
2759 5262 2824 5301 ex
2874 5245 3060 5298 radice
3110 5241 3312 5297 Jesszca
3361 5240 3463 5295 llos

1895 5340 1984 5396 ille
2008 5346 2232 5395 exortus
2261 5338 2428 5394 fuerit
2450 5341 2517 5407 ⁵⁷,
2542 5348 2596 5395 et
2634 5341 2784 5411 virga
2822 5336 3111 5409 potestatis
3143 5342 3324 5395 enata,
3350 5345 3460 5400 qua

1895 5541 1940 5572 ⁵⁸
1969 5538 2116 5629 Psa’l.
2145 5554 2351 5629 ιςκνμ,
2385 5537 2473 5594 ιο.
2551 5540 2598 5571 ⁸³
2625 5537 2775 5629 Ιξδειῐ.
2810 5550 3001 5601 xxviii,
3037 5532 3090 5601 5,
3110 5533 3163 5589 6.
3230 5532 3277 5563 "
3301 5526 3450 5585 PSal.
