3738 5984
324 189 464 248 1085

1554 225 1610 280 S.
1652 227 1984 286 GREGORII
2015 231 2317 290 NYSSENI’

3442 248 3581 302 1084

329 314 383 360 et
413 307 606 376 leonis,
639 321 697 369 et
731 320 911 387 pardi,
951 332 1005 379 et
1058 317 1313 398 a'spidum
1350 342 1542 390 natura
1589 353 1804 396 commu

329 397 474 431 Ιιίιιηι
511 401 562 431 ἃ..
599 407 832 431 Λξη..---.
878 429 899 431 ξ
926 430 962 431 η
1053 418 1066 431 ι
1501 427 1533 431 --

2101 348 2230 421 φύῃν
2268 343 2333 402 δι’
2358 341 2428 419 ἧς
2459 350 2855 420 μεταϐάλλεται·
2883 351 2984 409 τοῦ
3005 373 3065 409 τε
3091 355 3325 423 λέοντος,
3356 363 3452 414 καὶ
3477 364 3577 431 τῆς

327 397 474 453 bitur
509 401 563 456 in
595 407 836 463 cicurem
868 397 1158 482 quamdam
1193 427 1663 483 mansuetudinem
1693 450 1706 485 :
1731 431 1804 486 ita
1833 442 1891 487 ut

322 487 408 541 leo
437 504 560 545 cum
593 497 766 552 vitulo
789 501 971 572 degat,
1001 510 1240 576 pardalis
1271 528 1394 568 cum
1432 516 1596 574 hcedo
1644 525 1888 592 requiem

319 585 528 650 capiat,
565 590 747 653 praesit
778 591 846 646 iis
875 595 1113 665 denique
1162 617 1296 670 puer
1333 605 1425 660 ille
1485 585 1751 681 pusillus;
1793 617 1885 684 qui

318 673 481 729 nobis
511 685 673 732 natus
702 689 787 735 est
813 700 835 737 :.
869 687 1037 754 cujus
1063 705 1257 749 manus
1315 695 1368 751 in
1415 713 1704 757 cavernam
1740 707 1888 775 aspi-

316 761 444 814 dum
487 777 754 832 penetrat,
799 778 851 825 et
879 774 1120 830 sobolem
1151 781 1361 850 aspidis
1386 786 1684 858 attingens,
1721 761 1885 849 vene-

316 868 446 906 num
479 869 666 911 earum
703 861 937 918 hebetat.
970 865 1103 933 Quae
1135 872 1224 926 ubi
1276 877 1595 944 acciderint,
1643 881 1882 940 futurum

317 943 394 994 ait
424 941 718 1016 Propheta,
761 960 820 1005 ut
849 965 901 1008 et
933 953 1177 1015 Libanus
1226 978 1351 1018 cum
1395 969 1720 1027 sublimibus
1758 989 1886 1028 cor-

313 1043 457 1090 ruat.
480 1038 830 1111 Quzecunque
865 1061 995 1102 vero
1020 1049 1135 1106 haec
1165 1057 1443 1125 prophetia
1469 1075 1567 1130 per
1593 1065 1881 1136 aenigmata

311 1123 536 1193 indicat,
569 1146 631 1185 ea
666 1140 925 1204 tanquam
956 1143 1241 1200 manifesta
1285 1152 1561 1217 omnibus,
1623 1167 1882 1216 accurate

309 1217 584 1284 explicare
621 1224 776 1290 velle,
807 1225 974 1282 fuerit
1007 1248 1495 1302 supervacaneum.
1548 1244 1680 1310 Quis
1731 1253 1878 1306 enim

310 1301 524 1372 ignorat
556 1325 780 1377 puerum
814 1316 965 1372 illum
994 1301 1157 1380 nobis
1190 1329 1424 1383 natum?
1452 1333 1544 1402 qui
1577 1349 1738 1390 manu
1775 1355 1876 1395 sua

306 1398 572 1468 contingit
606 1404 846 1471 aspides,
888 1410 1048 1479 cujus
1083 1416 1404 1483 praefectura
1441 1398 1644 1480 bestias
1693 1430 1879 1496 perni-

305 1484 488 1540 ciosas
520 1490 623 1544 sub
653 1491 792 1546 idem
824 1511 946 1551 cum
981 1501 1259 1561 cicuribus
1290 1516 1498 1566 tectum.
1526 1484 1742 1587 redigit,
1780 1534 1877 1572 na-

306 1575 500 1631 turalis
559 1581 875 1641 acerbitatis
922 1590 1167 1649 oblitas?

1994 438 2313 508 παρδάλεως
2335 479 2350 502 ,
2393 443 2486 495 καὶ
2529 443 2637 495 τῶν
2669 445 2909 499 ἀσπίδων
2946 447 2980 517 ὴ
3018 449 3181 516 φύσις
3219 452 3360 522 πρὸς
3386 454 3450 506 τὸ
3494 473 3576 508 τι-

1991 527 2188 583 θασσόν
2215 548 2274 584 τε
2321 533 2413 586 καὶ
2449 533 2686 617 ᾗμερονο
2728 534 2869 589 ὥστε
2901 538 3306 596 συνδιαιτᾶσθαι
3361 546 3462 614 μὲν
3499 548 3576 617 τῷ

1991 620 2176 690 μόσχῳ
2205 622 2300 698 τὸν
2323 605 2527 689 λέοντα,
2561 628 3040 682 συναναπαύεσθαι
3072 630 3130 684 δὲ
3155 630 3234 702 τῷ
3261 605 3436 705 ἐρίφῳ

1989 708 2274 780 πάρδαλιν,
2308 713 2618 768 ἐπιστατεῖν
2651 716 2707 770 δὲ
2741 719 2945 772 τούτων
2974 720 3033 773 τὸ
3068 723 3277 777 παιδίον
3305 727 3487 779 ἐκεῖνο
3512 727 3572 780 τὸ

1987 799 2179 868 νήπιον
2206 800 2235 853 ὃ
2265 802 2525 875 ἐγεννήθη
2556 809 2689 876 ἡμῖν
2713 824 2727 839 ο
2758 803 2818 862 οὗ
2843 810 2874 878 ἡ
2901 811 3022 880 χεὶρ
3047 813 3106 863 ἐν
3125 814 3189 883 τῇ
3216 812 3437 888 τρώγλῃ
3460 817 3569 871 τῶν

1984 887 2224 942 ἀσπίδων
2279 892 2516 959 γίνεται,
2581 897 2674 948 καὶ
2729 897 2838 952 τῶν
2890 900 3129 967 ἐκγόνων
3172 901 3272 971 τῆς
3336 905 3572 966 ἀσπίδος

1984 981 2363 1054 ἐφαπτομένη,
2408 988 2502 1040 καὶ
2531 988 2620 1041 τὸυ
2653 989 2731 1042 ίδν
2773 991 2951 1044 αὐτῶν
2980 993 3445 1064 ἀπαμϐλύνουσα·
3493 992 3571 1052 ὧν

1982 1074 2299 1143 γινομένων,
2331 1076 2494 1146 φησὶν
2521 1080 2550 1131 6
2575 1073 2882 1151 Προφήτης,
2909 1083 2990 1136 ὅτι
3025 1085 3116 1137 καὶ
3146 1087 3174 1137 6
3198 1084 3436 1150 Λίϐανος
3465 1088 3565 1140 σὺν

1980 1161 2093 1223 τοῖς
2131 1162 2355 1234 ὑψηλοῖς
2381 1168 2647 1220 πεσεῖται.
2679 1168 2822 1222 Ὅσα
2851 1170 2906 1224 δὲ
2947 1173 3138 1242 μηνύει
3172 1175 3259 1229 διὰ
3284 1177 3392 1229 τῶν
3423 1178 3564 1230 αίνιο

1980 1251 2207 1318 γμάτων
2226 1253 2427 1307 τούτων
2451 1256 2486 1325 ἡ
2506 1259 2830 1328 προφητεία,
2853 1261 2928 1324 ὼς
2951 1263 3198 1334 πρόδηλα,
3215 1268 3380 1319 πᾶσιν
3403 1267 3544 1320 ὅντα

1980 1343 2233 1412 περιττὸν
2269 1345 2336 1399 ἂν
2383 1348 2467 1417 είη
2501 1349 2568 1400 δι’
2611 1350 2898 1422 ἀκριϐείας
2943 1354 3268 1413 ἐκτίθεσθαι.
3308 1359 3408 1421 Τίς
3449 1360 3565 1431 γὰρ

1978 1432 2084 1485 οὐ»
2123 1427 2231 1486 οἶδε
2261 1434 2322 1488 τὸ
2350 1437 2606 1508 γεννηθὲν
2640 1441 2773 1509 ήμίν
2805 1441 3030 1507 παιδίον,
3073 1444 3134 1497 τὸ
3160 1445 3266 1498 τῶν
3309 1427 3564 1501 ἀσπίδων

1978 1524 2041 1593 τῇ
2073 1525 2214 1594 χειρὶ
2253 1527 2644 1599 ἐφαπτόμενον,
2685 1523 2746 1583 οὗ
2789 1534 2822 1602 ἡ
2869 1535 3159 1589 ἐπιστασία
3201 1537 3269 1590 τὰ
3314 1538 3561 1610 δηλητή-

1223 1595 1406 1663 Quare
1454 1618 1577 1658 cum
1633 1606 1872 1666 Libanus
1903 1675 1946 1701 D
1981 1630 2069 1684 ρια
2114 1615 2222 1669 τῶν
2268 1595 2479 1689 θηρίων.
2504 1625 2650 1674 ποιεῖ
2690 1641 2699 1656 ι

2114 1615 2222 1669 τῶν
2268 1595 2479 1689 θηρίων.
2504 1625 2650 1674 ποιεῖ
2690 1595 3067 1696 τοίς-ἡμέροις
3109 1595 3570 1701 ὁμόσκηνα,’τῆς

303 1666 414 1732 ille,
445 1670 538 1738 qui
567 1680 652 1726 est
679 1677 906 1745 malitia,
938 1698 1033 1751 per
1063 1685 1176 1742 haec
1205 1701 1450 1756 corruat,
1494 1707 1674 1770 'atque
1704 1703 1774 1756 eti

303 1772 408 1788 Iln1
453 1776 570 1788 ιιι-.-ι
610 1764 710 1788 Ι---
744 1771 841 1788 -.-ἓν
906 1773 917 1784 ι
964 1775 975 1786 ο
1197 1781 1209 1788 .

2275 1666 2464 1689 "tr"?
2511 1666 2646 1674 -νν--ν
2701 1666 2800 1688 ""-
2848 1666 3064 1696 'tr“'r""9
3109 1666 3423 1699 Vr"""t""9
3471 1666 3559 1701 "5‘-

2087 1709 2210 1778 ικῆς
2238 1713 2458 1782 πικρίας
2489 1713 2660 1785 λήθην
2689 1717 3019 1788 ποιούμενα;
3063 1719 3213 1772 Ἐπεὶ
3236 1717 3331 1774 οὖν
3362 1723 3559 1778 πίπτει

303 1772 410 1811 una
450 1776 571 1815 cum
609 1764 712 1821 hoc
744 1771 1072 1843 principium
1105 1781 1371 1838 malorum
1403 1798 1646 1854 corruat,
1696 1796 1870 1850 subli-

303 1849 522 1908 mitates
553 1856 811 1914 nimirum
856 1866 1119 1925 adversus
1151 1875 1433 1932 veritatem
1485 1892 1720 1941 erecta}:
1787 1888 1870 1943 id-

297 1941 448 1997 circo
485 1947 949 2014 pulchritudinem
983 1959 1195 2018 Domini
1229 1982 1434 2036 sponsa
1483 1987 1607 2028 cum
1659 1976 1878 2036 Libano-

299 2032 472 2088 electo
503 2041 735 2108 confert,
769 2045 917 2102 hisce
946 2052 1123 2108 verbis
1145 2032 1405 2124 prolatis:
1438 2061 1648 2133 Species
1675 2071 1863 2139 ipsius,

295 2133 353 2178 ut
378 2126 574 2184 electus
617 2131 870 2203 Libanus,
899 2151 955 2194 ut
995 2143 1172 2200 cedri.

290 2400 480 2463 mium,
522 2417 644 2457 eum
678 2391 808 2462 illud
835 2421 886 2464 et
913 2412 1276 2485 dulcedinem,
1301 2432 1355 2477 et
1387 2425 1720 2488 desiderium
1757 2452 1856 2504 ap-

289 2488 472 2554 pellat.
503 2487 676 2545 Verba
713 2505 841 2549 sunt
869 2498 1218 2568 hujusmodi:
1248 2510 1446 2568 (ἔκηαν
1473 2519 1587 2586 ejus
1613 2487 1855 2594 dulcedo,

289 2593 351 2630 ac
381 2578 459 2631 m‘l
493 2581 598 2634 nisi
626 2584 947 2644 desiderium
978 2605 1076 2647 est.
1105 2596 1315 2662 Quibus
1345 2604 1412 2659 de
1451 2611 1631 2668 verbis
1662 2614 1858 2684 hujus-

289 2669 432 2723 modi
462 2673 717 2742 quiddam
761 2680 918 2736 nobis
957 2684 1025 2738 ad
1065 2689 1312 2746 animum
1352 2699 1549 2754 accidit
1581 2720 1602 2758 :
1639 2703 1855 2765 Partem

285 2774 426 2819 eam,
456 2778 577 2831 qua:
600 2767 704 2822 sub
738 2779 922 2826 mento
957 2783 1064 2842 est,
1093 2770 1283 2846 guttur
1321 2791 1593 2858 appellare
1620 2810 1860 2855 consue-

293 2849 492 2918 vimus,
560 2871 589 2908 a
651 2875 762 2928 quo
810 2878 1006 2920 sonum
1051 2872 1381 2932 conformari
1433 2884 1674 2952 tradunt,
1724 2891 1853 2946 dum

285 2943 542 2998 allabitur
571 2947 678 3004 huc
706 2953 938 3021 quadam
966 2973 1089 3014 eum
1125 2963 1360 3022 iiIisione
1394 2975 1619 3040 spiritus
1651 2995 1719 3035 ex
1767 2998 1856 3037 ar-

286 3033 442 3086 teria.
466 3036 647 3100 Quare
671 3057 794 3097 cum
821 3045 927 3102 favi
950 3052 1124 3108 mellis
1148 3055 1258 3110 sint
1280 3065 1523 3126 praeclari
1548 3082 1851 3140 sermones,

281 3129 335 3173 et
362 3126 630 3182 sermonis
669 3131 741 3184 sit
773 3134 1198 3199 instrumentum
1247 3164 1374 3213 vox,
1415 3155 1574 3223 cujus
1625 3170 1784 3217 ortus
1823 3180 1855 3220 e

284 3219 528 3279 gutture,
561 3217 796 3276 fortasse
824 3225 1109 3285 ministros
1132 3242 1185 3287 et
1212 3237 1537 3309 interpretes
1557 3253 1849 3317 sermonis,

283 3303 338 3356 in
371 3307 572 3372 quibus
603 3311 860 3370 Christus
890 3318 1152 3392 loquitur,
1176 3321 1290 3384 hac
1329 3303 1463 3389 v-oce
1501 3339 1595 3406 qui
1644 3303 1854 3414 εἰειιὶίίζ

1520 3394 1533 3406 ι
1646 3394 1665 3404 τ
1695 3394 1824 3414 0""'

279 3394 392 3446 cari
425 3399 646 3466 cogitat,
676 3419 703 3455 a
743 3421 869 3462 vero
898 3424 1008 3465 non
1043 3415 1340 3477 aberrabit.
1374 3424 1508 3481 Nam
1537 3439 1590 3485 et
1621 3449 1851 3506 magnus

280 3483 368 3506 211Δ
409 3485 492 3506 1--
807 3505 813 3506 ί
998 3503 1007 3506 ⁸

280 3483 372 3538 ille
401 3485 640 3546 Joannes
665 3505 888 3566 rogatus
917 3503 1042 3570 quis
1073 3520 1240 3576 esset,
1281 3529 1468 3572 vocem
1502 3536 1562 3576 se
1614 3483 1845 3597 appella-

280 3573 350 3597 ..τι
379 3576 423 3597 n
481 3595 492 3597 -
553 3579 562 3592 ·
782 3586 792 3597 ·
827 3587 867 3597 ’ν
935 3591 945 3597 ·
973 3593 982 3597 -

276 3573 355 3628 vit
378 3576 447 3643 ⁵³,
471 3579 670 3652 quippe
701 3586 794 3654 qui
827 3587 983 3646 Verbi
1017 3573 1329 3664 praecursor
1351 3617 1535 3663 esset:
1577 3622 1632 3666 et
1651 3573 1851 3676 lbleatus

277 3663 369 3719 ille
423 3665 629 3726 Paulus
680 3663 1070 3736 documentum
1109 3686 1306 3744 edebat
1357 3693 1632 3764 loquentis
1677 3705 1731 3758 in
1789 3723 1850 3764 se

275 3755 480 3812 Christi
506 3762 575 3825 ",
609 3766 698 3818 cui
742 3769 873 3838 quia
904 3788 1093 3830 vocem
1119 3793 1274 3834 suam
1315 3784 1608 3856 locaverat,
1637 3796 1712 3849 nil
1741 3800 1847 3855 nisi

274 3847 507 3905 dulcedo
571 3864 690 3910 erat
731 3874 830 3928 per
875 3861 1055 3932 ipsum
1113 3868 1364 3948 loquens.
1409 3847 1610 3938 Omnes
1661 3885 1843 3944 itidem

274 3941 572 4009 prophetae,
607 3948 730 4014 quia
751 3951 979 4019 Spiritui
1025 3941 1302 4018 sonum‘in
1342 3969 1424 4023 eis
1461 3973 1638 4028 edenti
1677 3995 1846 4035 mem-

279 4029 375 4084 bra
443 4049 542 4088 sua
609 4041 815 4093 v'ocalia
850 4059 1256 4119 concesserant,
1321 4059 1397 4112 nil
1455 4064 1558 4118 nisi
1614 4067 1849 4128 dulcedo

269 4131 449 4185 erant,
485 4128 589 4181 mel
619 4128 864 4186 divinqu
895 4151 926 4191 e
951 4147 1172 4208 gutture
1203 4160 1325 4210 suo,
1359 4151 1505 4207 velut
1551 4171 1582 4209 e
1608 4161 1842 4228 quodam

273 4212 422 4270 fonte
449 4229 781 4288 promcutes,
838 4243 949 4296 quo
981 4232 1199 4300 quidem
1231 4247 1286 4292 et
1333 4255 1508 4312 reges,
1543 4256 1596 4303 et
1626 4212 1839 4320 'privati

1971 1799 2058 1852 διὰ
2081 1800 2283 1855 τούτων
2302 1804 2331 1855 ό
2365 1803 2592 1868 Λίϐανος
2621 1809 2652 1877 ἡ
2679 1808 2864 1873 κακία,
2908 1810 3002 1863 καὶ
3033 1813 3483 1878 συγκαταπίπτει
3521 1816 3558 1886 η

1971 1886 2160 1959 πρώτη
2192 1889 2300 1943 τῶν
2334 1892 2519 1948 κακῶν
2541 1895 2704 1965 ἀρχὴ,
2733 1896 2802 1950 τὰ
2824 1899 2964 1952 κατά
2991 1899 3088 1969 τῆς
3114 1898 3376 1970 ἀληθείας
3403 1903 3559 1971 ὑψώ-

1973 1995 2147 2049 ματαο
2188 1979 2275 2034 διὰ
2307 1980 2462 2036 τοῦτο
2500 1984 2578 2054 τῷ
2608 1986 2846 2060 ὲκλεκτῷ
2892 1989 3108 2060 Λιϐάνῳ
3151 1995 3482 2064 παρεικάζει
3521 1999 3556 2069 ή

1968 2069 2150 2140 νύμφη
2193 2071 2288 2123 τοῦ
2339 2074 2544 2145 Κυρίου
2594 2075 2654 2129 τὸ
2693 2077 2925 2146 κάλλος,
2959 2080 3133 2145 οὕτως
3181 2084 3413 2140 εἰποῦσα
3443 2090 3558 2150 τοῖς

1969 2161 2208 2230 ῥήμασιν
2228 2180 2240 2192 ·
2274 2159 2449 2230 Εἶδος
2487 2168 2696 2235 αὐτοῦ,
2725 2170 2806 2236 ὡς
2837 2172 3098 2238 Λίϐανος
3129 2175 3446 2242 ἐκλεκτὸς,
3472 2179 3557 2243 ὠς

1969 2255 2185 2323 κέδροι.

2035 2346 2364 2419 Προστίθησι
2407 2350 2465 2404 δὲ
2514 2352 2607 2406 καὶ
2657 2353 2736 2424 τῷ
2769 2353 3009 2425 φάρυγγι
3061 2357 3155 2410 τὸν
3208 2359 3554 2430 κατάλληλον

1964 2435 2208 2504 ἔπαινον,
2233 2439 2546 2512 γλυκασμὸν
2574 2460 2635 2496 τε
2667 2445 2829 2498 αὐτὸν
2871 2447 2963 2500 καὶ
3010 2447 3308 2519 ἐπιθυμίαν
3351 2452 3555 2520 ὀνομά-

1965 2541 2104 2579 σασα
2127 2543 2142 2557 ·
2182 2527 2294 2597 ἔχει
2333 2530 2389 2582 δὲ
2417 2533 2449 2602 ή
2480 2533 2623 2600 λέξις
2665 2533 2866 2600 οὕτως·
2902 2537 3142 2609 Φὰρυγξ
3169 2542 3364 2596 αὐτοῦ
3396 2546 3550 2608 γλυ-

1961 2617 2211 2686 κασμὸς,
2237 2621 2334 2674 καὶ
2355 2622 2499 2687 ὅλος
2518 2625 2818 2694 ἐπιθυμία.
2849 2629 2912 2681 Ὃ
2937 2629 2994 2682 δὲ
3020 2632 3148 2702 περὶ
3177 2631 3373 2685 τούτου
3397 2633 3554 2686 νοοῦ-

1964 2723 2081 2775 μεν,
2127 2708 2365 2764 τοιοῢτόν
2409 2715 2551 2766 ἐστι·
2589 2715 2661 2768 Τὸ
2710 2717 2816 2770 ὑπὸ
2861 2718 2951 2772 τὸν
2993 2721 3304 2791 ἀνθερεῶνα
3354 2724 3553 2794 μέρος,

1961 2797 2215 2869 φάρυγγα
2246 2801 2399 2854 καλεῖ
2422 2805 2453 2874 ἡ
2480 2805 2753 2876 συνήθεια·
2781 2801 2833 2876 ᾧ
2846 2825 2975 2877 φασι
3006 2811 3097 2864 τὸν
3119 2808 3254 2882 ἦχον
3274 2816 3344 2885 τῇ
3376 2831 3547 2886 προσ-

1959 2888 2161 2942 πτώσει
2207 2891 2298 2944 τοῦ
2348 2895 2410 2946 ἐκ
2469 2894 2569 2964 τῆς
2621 2897 2888 2968 ἀρτηρίας
2937 2901 3246 2971 πνεύματος
3308 2906 3550 2973 ἀπογεν-

1958 2979 2150 3034 νᾶσθαι
2197 2984 2662 3055 περιδονούμενον.
2714 2988 2866 3041 Ἐπεὶ
2903 2986 2996 3044 οὖν
3029 2994 3195 3064 κηρία
3229 2994 3453 3064 μέλιτος
3496 2999 3550 3049 οε

1958 3071 2109 3124 καλοί
2133 3075 2238 3125 εἰσι
2268 3073 2416 3142 λόγοι
2437 3092 2451 3106 ·
2486 3075 2644 3146 λόγου
2670 3077 2725 3132 δὲ
2755 3079 2984 3150 ὄργανόν
3012 3083 3159 3136 ἐστιν
3193 3085 3225 3154 ἡ
3259 3087 3439 3156 φωνὴ,
3477 3083 3550 3159 ἧς

1957 3163 1989 3233 ἡ
2036 3163 2248 3230 γένεσίς
2289 3167 2437 3218 ἐστιν
2471 3167 2535 3220 ἐκ
2566 3169 2842 3238 φάρυγγος
2865 3212 2880 3236 ,
2913 3173 3057 3242 τάχα
3097 3175 3222 3238 τοὺς
3255 3177 3546 3248 ὑπηρέτας

1954 3270 2012 3306 τε
2039 3257 2132 3308 καὶ
2165 3257 2445 3329 ὑποφήτας
2477 3259 2569 3312 τοῦ
2599 3260 2777 3330 λόγου,
2820 3265 2878 3315 ἐν
2907 3261 2989 3328 οἷς
3025 3265 3175 3318 λαλεί
3206 3271 3235 3320 6
3274 3267 3545 3340 Χριστὸς,

1951 3344 2028 3415 τῷ
2059 3347 2280 3418 όνόματι
2309 3349 2480 3420 τούτῳ
2512 3354 2870 3422 σημαίνεσθαι
2905 3356 3040 3410 νοῶν
3081 3376 3181 3422 τις,
3219 3361 3318 3430 οὐχ
3349 3363 3544 3434 ἁμαρ-

1951 3432 2194 3502 τήσεται.
2230 3437 2344 3488 Καὶ·
2369 3437 2472 3508 γὰρ
2497 3439 2528 3490 6
2566 3441 2737 3509 μέγας
2778 3444 3028 3514 Ἰωάννης
3059 3447 3356 3517 ἐρωτηθεὶς
3387 3432 3542 3514 ὅστις

1950 3523 2058 3592 εἴη,
2097 3525 2278 3594 φωνὴν
2313 3527 2504 3581 ἑαυτὸν
2545 3534 2951 3602 κατωνόμασεν,
2996 3537 3181 3607 ἐπειδὴ
3211 3538 3308 3590 τοῦ
3355 3541 3546 3608 Λόγου

1949 3615 2251 3686 πρόδρομος
2274 3613 2360 3687 ἦν’
2388 3621 2480 3672 καὶ
2507 3621 2535 3672 ό
2571 3623 2840 3695 μακάριος
2870 3625 3082 3690 Παῦλος
3103 3627 3336 3699 δοκιμὴν
3362 3631 3544 3684 ἐδίδου

1946 3705 2040 3759 τοῦ
2065 3709 2122 3760 ἐν
2145 3709 2292 3779 αὐτῷ
2320 3709 2605 3776 λαλοῦντος
2634 3715 2869 3785 Χριστοῦ
2893 3735 2906 3749 ·
2938 3713 2998 3772 οὗ
3022 3721 3120 3790 τὴν
3144 3722 3330 3792 φωνὴν
3353 3723 3544 3793 ἐαυτῴ

1947 3799 2176 3868 χρήσας,
2217 3801 2531 3872 γλυκασμὸς
2562 3800 2633 3876 ἦν
2654 3806 2720 3859 δι’
2740 3806 2742 3808 ⁷
2765 3810 2974 3863 ἐκείνου
3001 3811 3394 3882 φθεγγόμενος.
3421 3817 3539 3869 Καὶ

1947 3888 2147 3954 πάντες
2178 3892 2226 3943 oi
2272 3894 2548 3964 προφῆται
2573 3896 2642 3949 τὰ
2671 3901 2950 3970 φωνητικά
2981 3902 3188 3956 ἑαυτῶν
3220 3905 3430 3976 ὄργανα
3452 3908 3540 3977 τῷ

1944 3980 2230 4050 ἐνηχοῦντι
2281 3985 2464 4049 αὐτοῖς
2511 3986 2786 4059 Πιεύματι
2835 3995 3359 4065 παραχωρήσαντες,
3395 3998 3537 4064 γλυ-

1944 4073 2151 4144 κασμὸς
2177 4076 2432 4144 ἐγίνοντο,
2464 4079 2524 4131 τὸ
2557 4079 2697 4133 θεῖον
2732 4077 2856 4152 μέλι
2882 4083 2977 4137 διὰ.
2999 4084 3094 4138 τοῦ
3127 4086 3399 4155 λάρυγγος
3431 4090 3536 4143 τοῦ

1947 4163 2072 4218 ίδίου
2121 4167 2491 4237 πηγάξοντες,
2539 4164 2582 4239 ᾧ
2626 4171 2866 4242 βασιλεῖς
2895 4192 2957 4228 τε
3009 4176 3102 4228 καὶ
3138 4176 3343 4230 ἰδιῶται
3389 4178 3534 4249 πρὸς

1943 4253 2130 4323 ὑγείαν
2166 4257 2591 4330 προσφέρονταιο
2626 4254 2686 4313 οὗ
2715 4264 2747 4333 ὴ
2780 4264 3077 4328 ἀπόλαυσις
3105 4267 3205 4319 οὐκ
3235 4267 3536 4323 ἐπικύπτει

271 4304 518 4365 homines
541 4312 838 4372 salubriter
863 4328 1123 4379 utuntur:
1154 4329 1313 4398 cujus
1343 4333 1530 4392 fruitio
1567 4304 1747 4413 cupidi

2054 4304 2469 4420 ἐπιθύμίαῖΖῷ
2495 4351 2662 4421 κόρῳ,
2695 4304 2829 4404 ἀλλά
2855 4354 3045 4424 τρέφει
3079 4354 3279 4423 μᾶλλον
3311 4355 3400 4408 διὰ
3426 4357 3530 4425 τῆς

268 4407 374 4451 tem
418 4403 672 4461 satietate
702 4424 810 4464 non
836 4413 1129 4483 imminuit,
1163 4422 1256 4476 sed
1291 4428 1460 4482 multo
1497 4403 1668 4504 magis
1695 4437 1841 4494 desi-

272 4487 489 4542 derium
521 4508 619 4561 per
649 4503 1011 4566 expetitorum
1052 4512 1524 4585 participationem
1559 4487 1676 4578 alit.
1706 4527 1841 4585 Pro-

268 4587 456 4647 pterea
487 4583 626 4639 dixit
653 4588 786 4644 illud
837 4595 972 4650 nihil
1024 4615 1146 4657 esse
1199 4583 1368 4674 aliud,
1422 4627 1584 4680 quam
1625 4583 1838 4677 deside-

265 4671 450 4729 rium:
493 4680 648 4746 quasi
712 4685 947 4753 quadam
1003 4692 1320 4756 deﬁnitione
1353 4671 1833 4772 pulchritudinem

261 4767 475 4832 quaesiti
513 4769 613 4827 hac
646 4789 778 4830 voce
809 4779 1166 4842 describens:
1193 4788 1309 4858 Nil,
1343 4767 1544 4865 inquit,
1595 4811 1695 4867 est,
1728 4806 1836 4861 nisi

259 4854 603 4918 desiderium.
632 4865 803 4932 Quam
832 4872 986 4928 beata
1018 4887 1148 4932 sunt
1180 4881 1272 4936 illa
1295 4854 1564 4956 membra,
1587 4854 1832 4967 per,

260 4953 434 5009 totum
468 4953 544 5008 nil
579 4949 681 5040 nisi
731 4962 1062 5021 desiderium
1095 4969 1154 5023 (it
1194 4992 1206 5026 :
1267 4990 1497 5047 quaeque
1543 4949 1641 5052 per

261 5037 427 5102 lutam
463 5043 517 5098 in
559 5037 706 5104 enini
741 5053 884 5109 bono
909 5058 1321 5130 perfectionem,
1347 5069 1585 5128 eﬂiciunt
1621 5081 1830 5136 amabi-

258 5127 361 5184 lem
389 5137 682 5200 quamdam
707 5155 775 5201 ex
806 5147 1061 5204 omnibus
1086 5160 1436 5223 temperatam
1467 5175 1827 5235 venustatem,

256 5214 332 5282 ita
373 5228 433 5274 ut
462 5225 782 5285 universum
836 5251 946 5296 non
989 5239 1152 5295 modo
1189 5214 1334 5314 quod
1369 5250 1560 5308 oculos
1611 5259 1825 5327 attinet,

255 5309 398 5376 quod
435 5325 826 5393 manus,un
895 5327 1208 5400 einc'umos,
1269 5337 1361 5391 sed
1389 5341 1550 5396 etiam
1608 5359 1829 5420 prepter

260 5400 422 5420 ﬂ.“
488 5418 500 5420 _
948 5418 958 5420 _

260 5400 447 5468 pedes,
478 5418 662 5473 crura,
707 5423 896 5482 guttur
927 5418 1168 5489 denique
1196 5424 1268 5479 sit
1305 5400 1686 5504 desiderabile,
1708 5400 1818 5496 lue-

1936 4435 2044 4488 τῶν
2080 4437 2527 4510 ἐπιθυμουμένων
2567 4444 2854 4512 μετουσίας
2888 4444 2977 4497 τὸν
3010 4445 3192 4498 πόθον.
3227 4445 3328 4498 Διά
3363 4445 3528 4500 τοῦτο

1936 4528 2030 4580 καὶ
2063 4528 2182 4581 ὅλον
2207 4530 2368 4584 αὑτὸν
2399 4532 2691 4604 ἐπιθυμίαν
2725 4536 3103 4606 κατονομάζει,
3132 4533 3242 4590 οἷόν
3269 4554 3376 4590 τινι
3407 4539 3524 4609 όριο

1937 4619 2144 4690 σμῷ,τὸ
2168 4621 2259 4673 τοῦ
2287 4622 2616 4694 ζητουμένου
2644 4626 2838 4689 κάλλος
2869 4627 2955 4681 διὰ
2977 4627 3180 4699 ταύτης
3211 4629 3310 4699 τῆς
3333 4629 3521 4698 φωνῆς

1935 4711 2358 4780 ὑπογράφουσα·
2388 4715 2559 4782 Ὄλος
2586 4715 2713 4786 γάρ,
2737 4719 2918 4815 φησὶν,
2949 4718 3250 4815 ἐπιθυμία.
3417 4737 3525 4815 μα·

1937 4805 2102 4875 κάρια
2133 4805 2200 4858 τὰ
2232 4806 2364 4878 μέλη
2413 4809 2616 4874 ἐκεῖνα,
2647 4811 2714 4864 δι’
2752 4805 2827 4864 ὅ»)
2859 4812 2918 4865 τὸ
2959 4812 3080 4866 ὅλον
3116 4813 3377 4883 ἐπιθυμία
3437 4809 3521 4880 γί-

1935 4912 2103 4950 νεται·
2132 4896 2220 4950 διὰ
2241 4898 2340 4968 τῆς
2360 4900 2418 4951 ἐν
2441 4901 2600 4954 παντὶ
2621 4901 2807 4972 ἀγαθῷ
2831 4902 3181 4974 τελειότητος,
3209 4904 3519 4974 σύγκρατον

1934 4989 2001 5042 ἐκ
2043 4988 2259 5042 πάντων
2282 4989 2343 5042 τὸ
2368 4991 2629 5062 ἐράσμιον
2658 4993 3078 5066 ἀπεργαζόμενα
3117 4995 3312 5058 κάλλος
3333 5012 3346 5024 ·
3373 4995 3516 5051 ὥστε

1935 5079 2054 5133 ὅλον
2095 5079 2169 5150 μὴ
2203 5081 2260 5133 ὲν
2293 5081 2555 5153 ὀφθαλμῷ
2588 5083 2748 5153 μόνον
2779 5086 2874 5138 καὶ
2899 5087 3086 5158 χερσὶν
3111 5086 3142 5156 ἤ
3170 5085 3513 5157 βοστρύχοις,

1935 5169 2072 5224 ἀλλὰ
2102 5171 2195 5225 καὶ
2223 5173 2281 5225 ἐν
2309 5175 2434 5227 ποσὶ
2458 5175 2551 5228 καὶ
2584 5178 2639 5229 ἐν
2671 5179 2844 5249 χερσὶ,
2883 5180 2978 5232 καὶ
3013 5182 3071 5234 ἐν
3099 5183 3215 5242 ταῖς
3237 5180 3477 5250 κνήμαις
3497 5218 3512 5242 ,

1935 5261 2027 5316 καὶ
2066 5262 2207 5316 κατά
2243 5264 2500 5334 φάρυγγα
2535 5268 2928 5340 παραπλησίως
2961 5270 3296 5342 ἐπιθυμητὸς
3332 5265 3510 5334 εἶναι,

1938 5354 2164 5424 μηδενὸς
2187 5356 2244 5407 ὲν
2267 5359 2379 5421 τοῖς
2405 5357 2590 5428 μέλεσι
2619 5361 2759 5416 κατὰ
2787 5363 2891 5432 τὴν
2919 5364 3223 5436 ὑπερϐολὴν
3252 5363 3346 5417 τοῦ
3381 5363 3512 5417 κάλ-

1929 5449 2052 5510 λους
2077 5448 2488 5519 ἐλαττουμένου.

1675 5495 1685 5504 .
1770 5495 1781 5496 κ
1931 5495 2488 5519 -.-Ἴ--.η---.κ---η

261 5505 367 5572 qtae
397 5495 696 5554 membrum
761 5507 929 5562 ullum
988 5512 1178 5569 inhoc
1231 5520 1652 5587 pulchritudinis
1721 5542 2039 5598 excellentia
2075 5541 2343 5598 deteriore
2375 5544 2445 5599 sit
2511 5547 2844 5613 conditione,
2914 5562 3076 5618 quam
3144 5557 3345 5606 caetera

331 5603 377 5649 δ’
405 5602 563 5670 Joan.
612 5625 648 5675 ι,
679 5613 768 5669 25.
848 5618 894 5650 “
919 5619 960 5673 ll
992 5621 1116 5679 Cor.
1175 5643 1294 5696 Mil,
1339 5633 1390 5687 3.
