3738 5984
136 251 281 308 1085

1054 231 1076 278 ί
1164 237 1232 295 IN
1269 236 1565 295 CANTICA
1608 231 1882 292 CANTIC.
1922 225 2206 284 HOMILIA
2242 223 2382 280 XIV.

3266 208 3406 266 l086

199 361 414 430 Οὗτος,
441 361 624 433 φησιν,
649 363 682 414 ὁ
700 357 1022 427 ἀδελφιδός
1038 373 1178 427 μου,
1199 354 1299 410 καὶ
1319 349 1519 418 οὗτος,
1534 351 1675 421 φησὶε

1928 345 1998 400 lic
2013 356 2112 406 est,
2127 339 2573 411 inquit,rognatus
2587 348 2752 396 meus,
2765 339 2814 386 et
2845 330 2927 382 hic
2946 328 3219 397 proximus
3238 338 3404 382 meus.

137 459 171 510 ὁ
192 453 469 521 πλησίον
483 467 626 520 μου,
653 447 960 519 θυγατέρες
993 443 1396 514 Ἰερουσαλήμ.
1414 441 1598 512 Πάντα
1619 440 1727 509 γὰρ

139 549 337 608 αὑταῖς
363 547 457 599 ὑπ’
485 543 606 613 ὄψιν
635 541 915 611 ἀγαγοῦσα
947 541 1034 594 διά
1060 539 1158 610 τῆς
1177 537 1271 592 τοῦ
1297 537 1457 606 λόγου
1491 537 1731 604 ὑπογρα-

1837 438 1966 508 ﬁlia
2022 432 2342 489 Jerusalem.
2407 427 2703 496 Postquam
2763 426 2907 476 enim
2983 434 3076 490 per
3137 417 3409 487 picturam

1837 530 2105 588 orationis
2137 523 2372 595 subjecit
2397 533 2588 576 earum
2633 514 2809 571 oculis
2863 511 3048 566 omnia
3078 507 3304 570 indicia,
3345 506 3413 557 de

142 640 253 709 φῆς
279 637 353 691 τά
381 597 771 706 γνωριίσματα;
800 634 868 687 δι’
895 626 968 687 ῶν
995 628 1062 702 ἦν
1087 597 1311 684 δυνατὸν
1348 597 1618 698 γενέσθαι⁷

1939 625 2040 678 bus
2067 619 2183 675 tieri
2209 615 2412 687 agnitio
2437 609 2652 682 (ιυωείιὶ
2683 612 2891 678 posset,
2914 602 3131 656 tandem
3167 597 3415 654 oratione

2350 706 2360 709 -
2666 700 2678 709 .
2763 697 2796 709 -.
2931 700 2945 709 .
3328 685 3415 709 m,

142 729 240 782 τοῦ
265 725 601 796 ζητουμένου
623 725 950 795 φανέρωσιν,
968 723 1089 776 τότε
1109 719 1187 791 τῷ
1203 717 1456 790 δεικτικῷ
1471 717 1737 788 κέχρηται

144 818 318 886 λόγῳ,
337 810 508 879 οὗτός
533 817 671 876 ἐστι,
700 813 952 882 λέγουσα,
986 813 1016 865 ὁ
1046 809 1395 881 ζητούμενος,
1428 808 1488 872 ὃς
1522 807 1611 860 διὰ
1641 805 1737 859 τοῦ

147 907 384 976 ἁδελφὸς
423 904 677 976 γενέσθαι
705 904 764 968 ὲξ
804 903 971 957 Ἰούδα
1011 905 1140 974 ἡμῖν
1165 899 1474 963 ἀνατείλας,
1513 896 1740 967 πλησίον

1843 685 2263 771 demonstrante
2284 706 2478 766 utitur,
2523 700 2682 772 quasi
2745 697 2952 752 diceret
2988 710 3004 748 :
3039 691 3140 746 Hie
3194 695 3278 745 est
3328 685 3418 740 ille

1843 821 2006 878 quem
2038 801 2356 873 quaerimus,
2389 794 2483 866 qui
2524 797 2812 862 propterea
2857 785 3001 857 quod
3040 782 3208 837 frater
3262 775 3420 832 nobis

1849 902 2030 956 factus
2062 897 2153 958 sit,
2192 900 2349 945 ortus
2376 903 2442 944 ex
2479 883 2641 948 Juda,
2674 878 2955 952 proximus
2992 875 3170 930 laetus
3193 878 3279 926 est
3319 867 3420 928 illi,

149 1000 374 1068 ἐγένετο
418 957 511 1050 τοῦ
563 957 986 1066 ἐμπεπτωκότος
1033 957 1112 1056 εἰς
1157 993 1283 1054 τοὺς
1315 957 1548 1062 λῃστάς,
1580 957 1625 1041 ei

1985 991 2040 1045 in
2074 990 2314 1043 latrones
2369 977 2582 1042 incidit,
2638 982 2804 1044 atque
2840 971 2980 1035 oleo,
3029 966 3180 1028 vino,
3231 957 3457 1016 fasciis‘

151 1090 254 1142 καὶ
290 1089 420 1158 οῐνῳ
444 1087 540 1141 καὶ
569 1087 883 1156 ὲπιδέσμοις
911 1084 1010 1147 τὰς
1053 1082 1266 1154 πληγὰς
1308 1082 1619 1151 ἰασάμενος,
1649 1078 1744 1132 καὶ

154 1183 254 1234 ἐπὶ
287 1179 384 1233 τοῦ
427 1178 559 1232 ίδίου
613 1178 750 1248 ἄρας
802 1175 1097 1242 ὑποζυγίου
1117 1214 1133 1240 ,
1176 1173 1269 1227 καὶ
1317 1171 1395 1242 τῷ
1449 1168 1747 1240 πανδοκείῳ

159 1268 585 1332 ἐναναπαύσας,
621 1267 715 1320 καὶ
751 1266 818 1319 τὰ
866 1265 959 1318 δύο
1003 1264 1232 1334 δηνάρια
1281 1262 1418 1332 πρὸς
1465 1260 1564 1331 τὴν
1605 1259 1750 1328 ζωὴν

160 1361 605 1432 παρασχόμενος,
636 1357 730 1410 καὶ
761 1358 818 1408 ὲν
849 1358 916 1426 τῇ
947 1355 1190 1424 ἔπανόδῳ
1228 1352 1390 1408 αὑτοῦ
1434 1351 1496 1405 τὸ
1525 1366 1752 1420 προστε-

161 1450 260 1502 θὲν
297 1450 377 1512 είς
406 1447 465 1500 τὸ
496 1447 596 1516 τῆς
629 1443 849 1514 ἐντολῆς
889 1443 1050 1514 ἔργον
1093 1440 1392 1496 ἀποδώσειν
1428 1437 1755 1508 ἐπαγγειλά-

167 1557 351 1612 μενος.
387 1538 610 1599 Πάντως
642 1535 698 1588 δὲ
743 1533 974 1605 φανερόν
1007 1535 1123 1588 ἐστι
1159 1532 1362 1585 τούτων
1402 1531 1631 1586 ἕκαστον
1675 1531 1756 1592 είς

167 1632 200 1684 ὃ
222 1649 277 1684 τι
301 1628 508 1699 βλέπει.
531 1627 619 1698 Τῷ
646 1627 754 1698 γὰρ
778 1625 1154 1695 ὲκπειράζοντι
1183 1624 1275 1677 τὸν
1304 1623 1505 1695 Κύριον
1528 1619 1758 1693 vopth,

1853 1103 2082 1160 vulnera
2113 1095 2262 1151 illius
2295 1088 2528 1149 sanavit,
2559 1085 2808 1155 jumento
2865 1073 3090 1148 proprio
3141 1067 3424 1140 imposuit,

1854 1195 1912 1250 in
1944 1187 2249 1246 diversorio
2276 1178 2564 1242 recreavit,
2595 1172 2810 1230 duobus
2844 1169 2908 1223 ad
2934 1165 3138 1220 victum
3187 1157 3429 1216 denariis

1857 1282 2102 1346 donavit,
2137 1274 2410 1349 pollicitus
2435 1269 2599 1325 etiam
2625 1281 2684 1321 se
2712 1265 2765 1318 in
2797 1259 2998 1322 reditu,
3059 1251 3206 1325 quod
3239 1260 3430 1321 praeter

1859 1337 2176 1430 mandatum
2209 1369 2546 1433 insumptum
2576 1363 2742 1419 esset,
2800 1349 3163 1408 redditurum.
3190 1341 3303 1396 Nec
3333 1337 3432 1393 ob-

1863 1478 2083 1523 scurum
2115 1468 2219 1525 est,
2248 1471 2356 1526 quo
2386 1432 2502 1508 hac
2553 1447 2768 1518 singula
2819 1445 3090 1513 spectent.
3144 1432 3279 1488 Nam
3311 1442 3434 1484 cum

1867 1557 2001 1628 legis
2031 1557 2300 1620 interpres
2327 1545 2616 1600 Dominum
2644 1542 2907 1599 tentaret,
2938 1544 3106 1600 seque
3137 1538 3302 1594 supra
3332 1535 3438 1574 cac-

1868 1660 2018 1706 teros
2051 1650 2330 1700 ostentare
2358 1635 2543 1698 vellet,
2575 1645 2638 1684 ac
2693 1639 2878 1697 parem
2913 1634 3036 1676 cum
3093 1615 3218 1671 aliis
3249 1609 3440 1666 condi-

173 1723 489 1795 βουλομένῳ
534 1719 674 1790 ὑπὲρ
718 1720 845 1781 τοὺς
882 1717 1073 1780 ἄλλους
1111 1715 1301 1769 ἑαυτὸν
1339 1714 1527 1780 δεῖξαι,
1569 1715 1649 1767 uati

183 1816 197 1836 ο
216 1832 279 1836 _-
297 1813 521 1836 A‘_-__.!..
547 1811 601 1836 ,λ
625 1810 756 1836 _-3.-
777 1808 1131 1836 _-.‘.-\-._...‘.-
1150 1807 1408 1836 ληλσηηι...
1428 1805 1649 1836 λιι-...πη

1963 1753 2069 1792 rem
2100 1731 2333 1802 superbe
2367 1728 2648 1796 respueret
2687 1718 2773 1772 his
2808 1713 2990 1770 verbis
3018 1729 3031 1764 :
3090 1706 3158 1761 Et
3193 1704 3312 1774 quis
3361 1707 3439 1753 est

2175 1827 2184 1836 -
2322 1818 2522 1836 no.____
2554 1825 2676 1836 -.-ωε
2700 1804 2929 1836 -..Αιιιιηι
2952 1798 3263 1836 πιαινιιειιῖηηρ
3295 1789 3439 1836 Scri-

174 1789 526 1886 t‘ampqcpav‘iq
545 1811 606 1864 τὸ
625 1789 756 1880 πρὸς
776 1809 899 1872 τοὺς
913 1808 1131 1871 λοιποὺς
1149 1807 1408 1878 ὁμότιμον
1426 1805 1650 1860 διαπτύο

1967 1847 2011 1883 ιδ
2033 1827 2305 1896 proximus
2322 1818 2526 1871 ‘°?tum
2554 1825 2680 1867 vero
2699 1804 2930 1879 quadam
2952 1798 3264 1856 narratione
3295 1789 3443 1845 Scri-

175 1909 236 1962 ὲν
274 1905 354 1976 τῷ
385 1905 591 1971 λέγειν·
642 1901 751 1955 Καὶ
791 1900 883 1966 τις
918 1899 1053 1954 ἐστι
1071 1916 1191 1968 μου
1209 1898 1508 1964 πλησίον;
1535 1896 1668 1948 Τότε
1707 1896 1766 1947 ὲν

172 1999 520 2069 διηγήματος
549 1994 677 2047 εἴδει
709 1994 890 2046 πᾶσαν
918 1991 1014 2062 τὴν
1044 1988 1424 2060 φιλάνθρωπον
1456 1985 1764 2056 οἰκονομίαν

173 2093 204 2143 ὁ
233 2089 408 2156 Λόγος
432 2085 724 2149 ἐκτίθεται,
747 2083 845 2154 τὴν
873 2081 1077 2136 ἀνωθεν
1105 2079 1328 2134 κάθοδον
1358 2078 1452 2131 τοῦ
1477 2075 1768 2146 ἀνθρώπου

175 2179 607 2251 διηγησάμενος,
627 2177 721 2230 καὶ
735 2174 832 2246 τὴν
849 2175 955 2231 τῶν
970 2171 1182 2245 λῃστῶν
1200 2171 1441 2242 ἐνέδραν,
1456 2169 1658 2238 καὶτὴν
1676 2165 1769 2219 τοῦ

180 2272 465 2340 ἀφθάρτου
490 2269 786 2338 ἐνδύματος
806 2265 1169 2338 περιαίρεσιν,
1187 2264 1280 2316 καὶ
1300 2261 1366 2314 τὰ
1382 2262 1478 2332 τῆς
1499 2259 1774 2331 ἁμαρτίας

181 2363 512 2434 τραύματα,
552 2360 644 2413 καὶ
685 2356 746 2411 τὸ
783 2359 860 2421 εἰς
894 2356 1063 2426 ἥμισύ
1099 2354 1195 2423 τῆς
1239 2350 1460 2421 φύσεως
1492 2348 1775 2419 προχωρῆ-

192 2471 290 2508 σαι
324 2455 415 2506 τὸν
446 2452 675 2505 θάνατον
694 2490 709 2514 ,
737 2449 835 2519 τῆς
885 2447 1056 2517 ψυχῆς
1098 2445 1364 2499 ἀθανάτου
1387 2440 1768 2512 διαμενούσης⁹

187 2545 288 2598 καὶ
327 2542 423 2598 τοῦ
457 2543 622 2613 νόμου
672 2539 768 2611 τὴν
822 2536 1074 2607 ἀνωφελῆ
1109 2535 1376 2606 πάροδον,
1417 2532 1539 2588 οὔτε
1589 2533 1779 2604 ἱερέως

187 2635 318 2690 οὔτε
355 2637 580 2690 Λευΐτου
610 2633 707 2695 τὰς
742 2631 954 2703 πληγὰς
978 2629 1072 2683 τοῦ
1119 2626 1626 2700 παραπεπτωκότος
1665 2627 1778 2688 τοῖς

192 2729 423 2802 λῃσταῖς
453 2724 891 2796 θεραπεύσαντος
921 2735 934 2753 ·
975 2720 1232 2776 ἀδύνατον
1260 2719 1370 2790 γὰρ
1398 2713 1537 2788 αἷμα
1563 2717 1782 2786 τράγων

196 2823 297 2877 καὶ
329 2820 545 2888 ταύρων
576 2818 827 2887 ἀφαιρεῖν
851 2814 1154 2886 ἁμαρτίας·
1183 2811 1316 2865 ἀλλά
1350 2810 1440 2863 τὸν
1474 2811 1652 2861 πᾶσαν
1684 2806 1785 2877 τὴν

197 2909 550 2983 ἀνθρωπίνην
593 2907 756 2976 φύσιν
781 2906 869 2959 διὰ
919 2906 1016 2976 τῆς
1045 2902 1298 2972 ἀπαρχῆς
1339 2898 1434 2952 τοῦ
1466 2897 1786 2969 φυράματος

199 3003 584 3074 περιθέμενον,
617 3001 674 3051 ὲν
726 2990 984 3070 ᾔπαντδς
1006 2994 1190 3056 ἔθνους
1219 2991 1282 3043 τὸ
1325 2991 1488 3060 μέρος
1521 2984 1611 3057 ἦν,
1655 2988 1787 3039 ἰου-

200 3093 359 3150 δαίου
385 3111 447 3145 τε
481 3092 574 3145 καὶ
617 3088 978 3160 Σαμαρείτου.
1007 3086 1100 3140 καὶ
1127 3082 1417 3152 Ἕλληνος,
1447 3077 1544 3131 καὶ
1575 3076 1792 3129 πάντων

206 3186 361 3251 ἅπαξ
409 3182 747 3254 ἀνθρώπων
782 3179 970 3237 τοῦτον
1017 3176 1152 3247 μετὰ
1197 3172 1289 3226 τοῦ
1347 3170 1629 3242 σώματος,
1659 3168 1797 3236 ὅπερ

206 3276 360 3332 ἐστὶν
397 3272 707 3340 ὑποζύγιον,
753 3269 830 3339 τῷ
863 3268 1012 3337 τόπῳ
1045 3267 1142 3335 τῆς
1173 3263 1266 3316 τοῦ
1298 3260 1585 3333 ἀνθρώπου
1614 3255 1798 3311 κακώ-

208 3381 353 3428 σεως
406 3361 706 3422 ὲπιστάντι,
739 3360 832 3414 καὶ
879 3354 1214 3437 θεραπεῦσαι
1267 3353 1336 3406 τὰ
1369 3351 1680 3422 τραύματα,
1705 3349 1800 3402 καὶ

210 3456 308 3510 ἐπὶ
331 3456 425 3508 τοῦ
457 3455 586 3507 ἰδίου
618 3452 780 3506 αὑτὸν
819 3451 1048 3520 κτήνους
1075 3443 1480 3509 ὲπαναπαῦσαι,
1509 3441 1603 3496 καὶ
1630 3456 1799 3492 κατα-

212 3547 419 3617 γώγιον
466 3544 691 3614 ποιῆσαι
737 3540 888 3611 αὐτῷ
939 3538 1037 3608 τὴν
1067 3535 1446 3606 φιλάνθρωπον
1473 3528 1800 3598 οἰκονομίαν,

213 3632 479 3710 ᾖπάντες
508 3633 559 3686 οἱ
612 3629 908 3690 κοπιῶντες
957 3626 1051 3679 καὶ
1102 3621 1526 3692 πεφορτισμένοι
1577 3633 1807 3671 συνανα⁴

219 3725 509 3779 παύονται.
547 3721 605 3773 ’0
638 3718 694 3784 δὲ.
727 3719 783 3769 ὲν
816 3713 962 3785 αὐτῷ
1003 3711 1321 3782 γενόμενος,
1347 3707 1562 3778 δέχεται
1591 3705 1807 3765 πάντως

218 3822 285 3873 ὲν
317 3814 495 3884 ἑαυτῷ
527 3813 618 3866 τὸν
648 3813 705 3864 ὲν
727 3803 770 3877 ᾧ
808 3807 1042 3876 ἐγένετο.
1077 3803 1248 3864 οὓτως
1291 3799 1537 3859 εἰπόντος
1573 3794 1666 3848 τοῦ
1707 3793 1810 3846 Λό-

219 3926 348 3979 γου,
376 3908 456 3959 ὅτι
497 3905 551 3956 Ὀ
572 3903 770 3972 μένων
799 3899 868 3952 ἐν
890 3896 1042 3966 ἐμοὶ,
1073 3891 1235 3964 κάγὼ
1265 3891 1336 3944 ἐν
1361 3884 1539 3952 αὐτῷ.
1575 3884 1812 3953 Δεξάμε-

225 4016 320 4060 νος
338 3992 431 4050 οὖν
469 3995 547 4062 τῷ
595 3992 708 4062 ἰδίῳ
737 3989 1046 4060 γωρήματι,
1083 3979 1399 4051 πανδοχεύει
1431 3980 1488 4031 ὲν
1516 3975 1694 4046 ἐαυτῷ
1722 3975 1812 4028 τὸν

227 4060 551 4160 ἁχώρητονῗ,
582 4060 710 4153 παρ’
737 4074 798 4135 οὗ
839 4080 1052 4148 δέχεται
1080 4075 1148 4130 τά
1181 4074 1274 4128 δύο
1301 4073 1610 4142 νομίσματα
1627 4085 1638 4098 ·
1663 4060 1736 4121 ὧν
1754 4066 1815 4119 τὸ

232 4156 335 4250 μέν
357 4156 518 4231 Ϋὲστιν
549 4176 583 4245 ἡ
615 4173 673 4239 ἐξ
703 4173 830 4240 ὅλης
861 4168 1087 4246 καρδίας
1120 4167 1199 4228 εἰς
1227 4164 1319 4217 τὸν
1345 4161 1475 4215 Θεὸν
1501 4159 1721 4229 ἁγάπη’
1752 4156 1817 4209 τὸ

232 4334 460 4431 νομικδς
509 4354 860 4424 ἀπεκρίνατο.
927 4346 1065 4400 Ἀλλ’
1099 4343 1288 4414 ἐπειδὴ
1335 4342 1434 4412 οὐχ
1474 4340 1522 4391 oi.
1556 4334 1820 4408 dapem-al.

238 4511 409 4612 νόμου
430 4511 443 4520 ‘
465 4535 914 4605 δικαιωθήσονται
943 4545 957 4559 ·
991 4526 1096 4597 χρὴ
1134 4525 1210 4595 μὴ
1255 4523 1413 4593 μόνον
1461 4515 1715 4584 δέξασθαι
1753 4515 1824 4567 τὰ

240 4636 340 4690 δύο
385 4629 559 4684 ταῦτα
609 4625 919 4696 νομίσματα
953 4637 966 4649 ι
1001 4617 1100 4688 τὴν
1130 4615 1313 4667 πίστιν
1357 4611 1499 4678 λέγω
1529 4609 1628 4678 τὴν
1666 4607 1746 4668 εἰς
1766 4604 1827 4660 τὸ

241 4727 418 4785 Θεϊον,
445 4720 537 4775 καὶ
568 4717 663 4796 τὴν
687 4713 894 4784 ἀγαθὴν
920 4709 1054 4780 πρὸς
1093 4708 1217 4769 τοὺς
1246 4702 1546 4775 ὁμοφύλους
1593 4697 1831 4766 συνείδη-

247 4834 333 4870 σιν
361 4831 374 4845 ’
414 4812 552 4868 ἀλλὰ
589 4810 668 4862 δεῖ
707 4807 799 4860 καὶ
841 4803 1002 4859 αὐτὸν
1049 4796 1452 4864 συνεισενέγκαι
1477 4791 1564 4846 διὰ
1603 4789 1710 4842 τῶν
1740 4787 1830 4858 ἐρ-

247 4924 361 4978 γων
391 4903 525 4974 πρὸς
548 4900 646 4970 τὴν
684 4897 791 4951 τῶν
826 4893 1052 4956 ἐντολῶν
1089 4888 1291 4943 τούτων
1329 4883 1697 4953 ἐκπλήρωσιν.
1730 4876 1828 4930 Διά

249 4967 410 5054 sat-51:6
438 4967 572 5064 ιρησι
602 4967 734 5062 πρὸς
781 4988 873 5040 τὸν
902 4981 1168 5054 πανδοχέα
1196 4982 1223 5032 ό
1269 4977 1490 5048 Κύριος,
1516 4975 1597 5027 ὅτι
1625 4973 1732 5024 πᾶν
1769 4967 1830 5020 τὸ

253 5090 382 5161 περὶ
416 5087 513 5156 τὴν
539 5081 829 5155 θεραπείαν
858 5077 950 5130 τοῦ
975 5069 1359 5141 κεκακωμένου
1389 5067 1518 5136 παρ’
1542 5060 1706 5118 αὑτοῦ
1741 5075 1834 5128 γε-

252 5177 595 5250 νόμενον,ηὲν
628 5175 695 5243 τῇ
749 5167 976 5238 δευτέρᾳ
1027 5159 1190 5219 αὐτοῦ
1242 5157 1511 5229 παρουσίᾳ
1552 5153 1691 5207 κατὰ
1731 5149 1832 5220 τὴν

255 5270 414 5341 agam
453 5265 552 5334 τῇς
607 5259 839 5328 σπουδῆς
878 5252 1236 5324 ἀπολήψεται.
1287 5247 1348 5299 '0
1388 5245 1564 5309 τοίνυν
1607 5239 1836 5308 πλησίον

256 5361 416 5430 ἡμῶν
461 5351 698 5425 γεγονὼς
720 5350 806 5403 διὰ
832 5349 932 5419 τῆς
964 5344 1220 5412 τοιαύτης
1243 5335 1672 5408 φιλανθρωπίας,
1704 5334 1732 5384 ὀ
1751 5329 1839 5382 διὰ

400 5449 461 5516 ἐξ
502 5443 831 5512 Ὶούδαήμῖν
879 5437 1154 5492 ἀνατεῖλαι
1185 5428 1460 5500 ἁδελφιδὸς
1500 5425 1790 5494 γενόμενος
1821 5436 1834 5449 ·

1869 1931 2030 1994 ptura
2059 1925 2226 1971 totam
2277 1903 2805 1965 administrationem
2868 1887 3317 1960 benignissimum
3349 1895 3442 1935 ex-

2604 1993 2609 1994 ,
2920 1985 2933 1994 _
3053 1980 3124 1994 ,,
3216 1976 3260 1994 __
3329 1973 3442 1994 LM

1871 1973 1959 1994 re

1870 2012 2046 2083 ponit,
2107 2003 2535 2061 commemorato
2584 1993 2853 2047 descensu
2920 1980 3160 2038 hominis
3200 1976 3267 2031 de
3329 1973 3448 2027 loco

1873 2103 2174 2174 superiore,
2209 2102 2263 2152 et
2301 2095 2573 2147 latronum
2604 2081 2844 2144 insidiis,
2884 2087 2939 2133 et
2971 2070 3273 2130 indumenti
3308 2067 3448 2120 inte-

1875 2198 2015 2250 ritus
2052 2189 2292 2262 expertis
2326 2178 2691 2250 ademptione,
2733 2177 2800 2228 'et
2838 2166 3047 2241 peccati
3111 2159 3448 2222 vulneribus,

1873 2297 1928 2345 et
1961 2240 2254 2358 progre$su
2289 2274 2482 2331 mortis
2505 2271 2572 2326 ad
2605 2240 2884 2323 dimidiam
2917 2271 3091 2327 usque
3120 2240 3325 2323 partem
3355 2264 3454 2302 na-

1876 2390 2012 2435 turae
2039 2370 2395 2447 penetrantis.
2432 2365 2703 2421 retinente
2731 2349 3194 2410 immortalitatem
3224 2341 3406 2396 anima
3435 2355 3448 2392 :

1882 2597 2057 2653 neque
2092 2579 2278 2633 Levita
2317 2570 2586 2640 quispiam
2615 2565 2837 2618 vulnera
2879 2557 3024 2626 ejus,
3056 2552 3150 2623 qui
3193 2551 3245 2603 in
3285 2549 3457 2598 Iatro—

1882 2693 1980 2731 nes
2016 2671 2304 2730 inciderat,
2356 2659 2630 2718 curaverit
2669 2657 2687 2726 (
2710 2667 2886 2722 neque
2924 2647 3071 2705 enim
3112 2642 3226 2698 ﬁeri
3259 2642 3460 2709 potest,

1886 2778 1946 2825 ut
1980 2764 2205 2835 sanguis
2241 2771 2522 2815 taurorum
2559 2759 2612 2808 et
2649 2751 2930 2804 hircorum
2982 2745 3204 2813 peccata
3251 2729 3462 2799 tollat);

1887 2861 1980 2918 sed
2026 2859 2198 2922 illum,
2246 2851 2339 2924 qui
2388 2850 2698 2904 universam
2739 2838 3021 2895 hominum
3077 2838 3327 2884 naturam
3371 2837 3467 2892 per

1889 2947 2163 3022 primitias
2193 2956 2389 2999 massa:
2413 2939 2517 2995 sibi
2535 2929 2920 2992 circumdedit,
2951 2923 3153 2994 quibus
3175 2915 3470 2984 cujuslibet

1819 3042 1862 3098 C
1896 3040 2134 3097 nationis
2163 3051 2288 3107 pars
2321 3033 2502 3101 aliqua
2536 3003 3473 3082 continebatur,Judaicaa,Samari-

1896 3145 2056 3198 tanaa,
2083 3129 2307 3190 Graecae,
2327 3122 2570 3180 omnium
2597 3116 2831 3186 denique
2854 3109 3166 3166 hominum:
3187 3103 3331 3156 hunc
3347 3111 3471 3151 cum

1898 3239 2128 3296 corpore
2157 3188 2450 3283 suo,vquod
2469 3211 2887 3283 perjumentum
2910 3199 3272 3272 signiﬁcatur,
3303 3189 3368 3243 ad
3401 3188 3474 3240 lo-

1902 3277 2053 3296 ν--ττ
2268 3277 2276 3282 .
2322 3277 2336 3283 -
2474 3277 2488 3283 -
2584 3277 2596 3280 -

1899 3331 2023 3374 cum
2042 3328 2150 3384 quo
2169 3313 2330 3366 laesus
2345 3317 2464 3362 erat
2485 3304 2668 3364 homo,
2688 3314 2746 3354 se
2760 3294 3132 3351 conferentem
3155 3294 3379 3338 curasse
3394 3277 3475 3346 ip-

1902 3409 2018 3464 sius
2039 3409 2286 3464 vulnera,
2302 3400 2549 3467 jumento
2575 3389 2800 3461 proprio
2826 3382 3140 3454 impositum
3160 3384 3439 3431 recreasse
3459 3409 3475 3433 ,

1904 3513 2058 3556 suam
2126 3493 2177 3548 ei
2234 3491 2527 3558 benignam
2585 3478 2946 3536 oeconomiam
3003 3465 3292 3526 diversorii
3357 3463 3479 3514 loco

1907 3585 2204 3659 aperuisse,
2234 3595 2329 3650 per
2358 3550 2522 3646 quam
2544 3584 2734 3625 omnes
2762 3561 2968 3634 fatigati
2993 3567 3044 3614 et
3066 3554 3274 3612 onerati
3297 3550 3484 3621 quiete

1909 3650 2182 3736 fruuntur.
2247 3669 2349 3736 Qui
2398 3675 2578 3719 autem
2640 3660 2820 3728 ipsum
2872 3650 3194 3722 ingreditur,
3254 3655 3484 3713 prorsus

1909 3774 2062 3827 illum
2087 3768 2267 3837 ipsum
2292 3763 2436 3815 intra
2460 3771 2520 3812 se
2547 3751 2761 3820 recipit,
2783 3748 2837 3800 in
2851 3757 3012 3815 quem
3033 3741 3317 3808 ingressus
3341 3739 3480 3786 erat.

1912 3863 2005 3918 Sic
2030 3857 2175 3915 enim
2212 3850 2450 3906 Verbum
2481 3842 2743 3912 loquitur,
2782 3836 2886 3901 Qui
2916 3835 3068 3887 inme
3096 3833 3292 3886 manet,
3314 3823 3366 3876 in
3389 3821 3485 3873 hoc

1911 3965 1960 4011 et
1988 3955 2097 4022 ipse
2135 3941 2354 4002 manebo
2376 3941 2444 3993 ⁶¹.
2467 3940 2662 4005 Itaque
2689 3927 2852 3985 homo
2886 3926 3030 3979 intra
3059 3918 3292 3989 spatium
3328 3927 3489 3981 capa-

1915 4005 2097 4102 citatis
2128 4053 2242 4096 suae
2295 4035 2445 4091 illum
2475 4026 2699 4096 excipit,
2731 4021 2823 4092 qui
2853 4011 3238 4085 comprehendi
3277 4005 3485 4075 nequit,

1916 4146 1970 4194 et
1997 4137 2064 4191 ab
2097 4113 2204 4190 hoc,
2234 4137 2484 4183 Intnimos
2519 4116 2717 4186 accipit
2759 4113 2917 4173 duos,
2967 4119 3200 4178 quorum
3235 4102 3370 4154 alter
3407 4103 3493 4151 est

1918 4242 2046 4298 erga
2073 4225 2241 4278 Deum
2274 4215 2517 4290 dilectio,
2564 4208 2802 4278 profecta
2841 4202 2909 4256 de
2941 4209 3056 4254 toto
3079 4196 3300 4250 animo:
3332 4190 3492 4253 alter,

1922 4315 2143 4373 dilectio
2182 4305 2417 4381 proximi
2449 4305 2592 4360 sicut
2623 4298 2707 4354 sui
2734 4295 2931 4366 ipsius,
2958 4281 3420 4359 quemadmodum
3442 4286 3499 4332 et

1856 4389 1898 4442 ί)
1926 4410 2060 4480 legis
2091 4380 2362 4472 interpres
2396 4397 2488 4450 ille
2519 4388 2896 4460 responderat.
2924 4380 3064 4446 Quia
3103 4391 3231 4435 vero
3259 4389 3368 4432 non
3401 4385 3500 4432 an;

1927 4466 2138 4557 dilores
2170 4466 2304 4564 legis
2337 4489 2481 4560 apud
2511 4485 2678 4539 Deum
2699 4479 2834 4551 justi
2872 4482 3022 4537 sunt,
3057 4470 3150 4526 sed
3194 4466 3291 4538 qui
3329 4467 3506 4534 legem,

1931 4595 2192 4664 praestant
2224 4559 2387 4654 'justi
2429 4574 2802 4632 censebuntnr
2850 4567 2895 4598 ⁸⁸
2951 4585 2966 4620 :
3027 4577 3138 4618 non
3189 4559 3244 4613 hi
3288 4563 3512 4615 tantqu

1931 4680 2139 4739 nummi
2174 4682 2284 4734 duo
2298 4666 2591 4742 reeipiendi
2615 4672 2766 4726 sunt,
2790 4659 3048 4716 nimirum
3086 4651 3292 4708 ﬁdesin
3310 4649 3517 4713 Deum,

1932 4785 1986 4832 et
2015 4776 2155 4829 bona
2183 4783 2310 4840 erga
2332 4761 2579 4834 ejusdem
2615 4754 2830 4828 generis
2861 4748 3110 4804 homines
3129 4737 3466 4798 conscientia
3490 4751 3518 4800 ςἑ

1935 4826 2040 4923 sed
2060 4826 2277 4920 etiam"
2293 4826 2499 4925 aliquid
2567 4826 2665 4919 per
2709 4857 2874 4915 opera
2908 4847 2993 4895 est
3027 4832 3334 4890 addendum
3381 4826 3522 4880 huic.

1938 4953 2321 5010 mandatorum
2375 4915 2700 5013 impleti—oni.
2752 4933 2886 4994 Nam
2935 4933 3222 4999 propterea
3265 4919 3401 4974 dicit
3443 4915 3523 4970 ad.

1939 5047 2208 5115 hospitem
2251 5040 2534 5098 Dominus,
2587 5031 2827 5086 futurum
2859 5029 2920 5079 ut
2959 5013 3228 5091 quidquid
3262 5013 3318 5067 in
3352 5022 3516 5064 cura-

1941 5144 2089 5192 tione
2138 5132 2379 5188 hominis
2431 5125 2542 5182 lzesi
2579 5125 2648 5177 ab
2675 5123 2794 5191 ipso
2818 5117 2931 5178 flat,
2976 5109 3205 5166 alterius
3246 5103 3520 5158 adventus

1941 5227 2026 5285 sui
2073 5233 2317 5293 tempore
2378 5233 2476 5290 pro
2515 5214 2682 5271 studii
2727 5208 2993 5280 dignitate
3033 5198 3281 5268 recipiat.
3311 5193 3516 5259 Quam-

1941 5321 2130 5374 obrem
2174 5316 2221 5370 is
2245 5313 2338 5386 qui
2371 5308 2656 5380 proximus
2689 5309 2877 5356 noster
2931 5296 3108 5350 factus
3159 5298 3243 5345 est
3279 5287 3350 5341 oh
3374 5286 3522 5338 hanc

1942 5426 2070 5482 erga
2141 5423 2241 5465 nos
2264 5374 2702 5474 benignitatem,
2753 5391 2848 5464 qui
2896 5387 3042 5460 quod
3072 5400 3138 5441 ex
3185 5379 3326 5437 Juda
3358 5374 3525 5437 nobis

337 5620 382 5652 ⁶⁹
414 5617 552 5675 Luc.
583 5633 642 5685 ιι,
667 5614 745 5681 29.
767 5629 898 5692 sqq.~
967 5611 1008 5643 "
1040 5607 1194 5668 Joau.
1220 5623 1296 5676 vr,
1328 5604 1416 5660 57.
1491 5601 1535 5633 “
1565 5597 1724 5653 Rom.
1750 5611 1810 5660 ιι,
1836 5595 1921 5650 15.
