3738 5984
330 165 464 222 1887

1560 179 1618 234 δ.
1655 181 2299 244 ΟΠΕΟΟΒΙΓΝῩΞΞΕΝῙ

3460 200 3596 259 1089

326 279 396 333 sit
453 288 630 346 ortus,
688 287 869 341 tactus
917 295 1004 343 est
1029 296 1296 359 cognatus
1342 300 1575 364 noster;
1613 298 1876 370 hicigitui

2027 299 2156 368 »ὗτός
2176 307 2321 361 ἐστιν
2349 305 2409 360 ὃν
2440 307 2631 377 μηνύει
2660 310 2780 372 ταῖς
2804 309 3041 365 νεάνισιν
3076 311 3106 364 6
3134 311 3233 382 τῆς
3249 312 3481 384 νύμφης
3513 314 3602 369 λό-

324 367 417 423 ille
440 377 546 433 est,
570 387 732 440 quem
757 389 957 444 sponsa
982 378 1294 448 juvenculis
1321 384 1551 452 indicat,
1578 389 1665 444 hic
1692 367 1777 446 est
1801 393 1897 461 qui

323 458 540 517 filiabus
602 462 904 521 Jerusalem
973 471 1043 524 ab
1107 472 1438 544 integritatis
1495 478 1640 535 haud
1683 458 1898 540 viola—tm

322 566 1036 625 sponsacomnmnstratur,
1058 577 1183 617 cum
1223 565 1297 618 ait
1333 585 1345 619 :
1383 565 1488 620 Hic
1519 579 1598 624 est
1640 583 1894 641 cognatus

323 656 487 705 meus,
514 652 563 695 et
599 644 684 696 hic
718 649 991 713 proximus
1031 666 1197 713 meus.
1232 654 1362 722 ﬁlia:
1385 654 1706 713 Jerusalem.
1734 662 1893 719 Illum

320 738 375 786 et
404 734 565 788 nobis
583 750 679 803 per
713 738 911 792 indicia
967 754 1403 802 commonstrata
1447 752 1689 819 reperire
1713 760 1767 808 et
1799 769 1892 812 as-

321 828 475 892 sequi
507 829 810 899 contingat,
846 832 913 886 ad
946 834 1177 889 salutem
1208 838 1518 895 animarum
1547 851 1886 915 nostrarum,

320 915 483 983 idque
517 919 682 974 ductu
721 921 965 993 Spiritus
998 928 1197 995 sancti,
1228 932 1319 985 cui
1346 932 1522 1003 gloria
1561 939 1892 995 seculisin-

319 1006 505 1064 ﬁnitis.
538 1009 736 1069 Amen.
937 1103 1026 1117 Au
1060 1107 1082 1117 -
1107 1108 1153 1117 Π
1203 1110 1303 1117 __
1516 1066 1562 1117 κ

884 1103 1167 1163 llOMlLIA
1203 1110 1322 1167 XV.

384 1188 512 1244 Car.
562 1207 628 1259 v,
655 1194 707 1262 Ῡ.
758 1195 845 1248 17.
883 1197 997 1263 Quo
1035 1202 1163 1254 abiit
1206 1214 1460 1273 cognatus
1505 1215 1661 1276 tuus,
1707 1227 1738 1266 ο
1764 1215 1886 1282 pul-

315 1278 441 1331 chra
471 1281 606 1335 inter
634 1285 877 1340 mulieres
898 1291 924 1343 ?
970 1306 1070 1359 quo
1111 1297 1337 1362 respexit
1374 1309 1628 1369 cognatus
1671 1278 1812 1370 tuus,
1835 1314 1886 1360 et

312 1386 604 1438 quwremus
630 1391 747 1447 eum
778 1383 984 1436 tecum?
1012 1382 1140 1436 CAP.
1169 1400 1243 1450 Vt,
1271 1386 1325 1455 ᾖ.
1352 1388 1403 1441 1.
1436 1386 1708 1460 Cognatas
1741 1411 1884 1451 meus

312 1459 576 1515 descendit
610 1465 664 1517 in
707 1467 917 1521 hortum
959 1486 1135 1537 suum,
1161 1473 1230 1526 ad
1276 1476 1482 1544 phialas
1515 1459 1792 1550 aromatis,
1824 1494 1883 1539 ut

311 1564 493 1616 pascat
514 1554 567 1607 in
585 1557 768 1623 hortis,
784 1568 905 1612 etut
924 1562 1133 1631 colligat
1152 1564 1288 1619 lilia.
1302 1567 1353 1620 2.
1378 1567 1486 1639 Ego
1504 1583 1724 1641 cognato
1745 1593 1876 1643 meo,

2002 408 2121 462 γος,
2156 391 2311 461 οὗτος
2345 399 2375 451 6
2405 401 2522 462 ταῖς
2553 400 2886 472 θυγατράσιν
2923 403 3272 475 Ἰερουσαλὴμ
3305 406 3468 477 παρὰ
3498 407 3594 477 τῆς

2000 485 2272 555 ἀχράντου
2307 488 2525 560 νύμφης
2548 490 2893 563 δηλούμενος,
2928 487 3095 548 δι’ὧν
3127 510 3319 564 φησιν’
3354 497 3447 550 ὅτι
3483 495 3592 554 Οὖ-

1998 593 2103 641 τος
2136 577 2461 648 ἀδελφιδός
2488 598 2627 650 μου,
2662 583 2762 636 καὶ
2789 579 2969 649 οὗτος
2998 585 3267 646 πλησίον
3292 605 3443 655 μου,
3484 594 3592 643 θυ-

1999 672 2242 740 γατέρες
2278 674 2667 745 Ἰερουσαῖήμ
2692 693 2706 706 ο
2732 676 2794 730 ὃν
2824 677 2917 730 καὶ
2941 680 3102 749 ἡμεῖς
3135 678 3226 732 διὰ
3260 680 3371 733 τῶν
3402 681 3590 748 δηλω-

1999 760 2201 816 θέντων
2250 765 2646 836 γνωρισμάτων
2701 767 2955 838 εθροιμέν
2980 785 3040 819 τε
3071 767 3165 820 καὶ
3185 766 3454 838 λάᾕοιμεν
3495 772 3588 823 ἐπὶ

1998 854 2242 925 σωτηρίᾳ
2271 857 2380 908 τῶν
2422 857 2607 927 ψυχῶν
2640 859 2812 929 ἡμῶν,
2845 858 2933 911 διὰ
2969 859 3071 928 τῆς
3107 858 3200 911 τοῦ
3218 860 3373 928 ἁγίου
3410 861 3587 913 Ilvati-

1999 960 2170 1013 ματος
2208 947 2575 1019 χειραγωγίας
2599 964 2610 978 ·
2640 942 2685 1016 ᾧ
2728 951 2761 1021 ὴ
2801 948 2928 1014 δόξα
2956 952 3035 1012 είς
3080 949 3203 1013 τοὺς
3233 950 3444 1014 αίῶνας
3473 951 3586 1004 τῶν

1994 1034 2227 1092 αἰώνων.
2268 1038 2323 1090 ’Δ
2333 1039 2460 1108 μήν.
2959 1036 2963 1041 ’

2568 1146 2569 1149 ‘
2599 1134 2841 1188 ΟΜῐΛΙΑ
2877 1135 2899 1188 Ι
2905 1136 2977 1189 E'.
3416 1178 3421 1179 ν

2061 1220 2186 1275 Ποῦ
2219 1221 2493 1291 ἀπῆλθεν
2514 1226 2547 1277 ὁ
2570 1224 2892 1293 ἀδελφιδός
2939 1241 3078 1292 σου,
3109 1229 3157 1295 ἡ
3178 1229 3336 1296 καλὴ
3361 1231 3435 1283 ἐν
3478 1250 3593 1301 τοι

1988 1310 2193 1375 ναιξη
2213 1313 2718 1385 [laudat-56.13pm»
2750 1320 2783 1371 ό
2812 1318 3136 1386 ἀδελριόᾏς
3177 1336 3313 1385 σου,
3346 1322 3450 1375 καὶ
3483 1322 3581 1389 ζη-

1989 1400 2256 1471 τήσομεν
2305 1406 2494 1459 αὐτὸν
2547 1408 2696 1475 μετά
2749 1409 2911 1475 σοῦ;
2956 1401 3010 1462 ’0
3068 1410 3396 1476 ἀδελφιδός
3461 1431 3581 1482 μου

1991 1491 2205 1560 κατέϐη
2228 1496 2314 1560 είς
2349 1495 2548 1563 κῆπον
2585 1499 2792 1561 αὑτοῦ,
2817 1501 2902 1565 είς
2940 1500 3161 1569 φιάλας
3189 1502 3296 1555 τοῦ
3335 1504 3580 1572 ἀρώμα-

1993 1601 2115 1651 τος,
2142 1588 2480 1654 ποιμαίνειν
2516 1589 2585 1641 ἐν
2614 1590 2847 1658 κήποις,
2882 1592 2977 1643 καὶ
3006 1593 3339 1660 συλλέγειν
3368 1597 3574 1662 κρίνα.

308 1652 359 1695 et
374 1656 627 1712 cognatus
649 1664 789 1703 meus
808 1652 954 1714 mihi,
969 1656 1057 1720 qui
1072 1657 1241 1722 pascit
1257 1658 1393 1713 inter
1414 1661 1545 1717 lilia.
1570 1665 1622 1718 5.
1645 1665 1876 1724 Pulchra

2027 1671 2144 1740 Ε’τὼ
2189 1652 2269 1737 τῷ
2319 1675 2617 1743 ἀδελφιδῷ
2658 1652 2817 1745 μου,
2849 1679 2944 1731 καὶ
2996 1683 3028 1733 d
3077 1652 3422 1749 ἀδελφιδόέ
3454 1700 3577 1750 μου

307 1749 384 1793 es,
418 1738 663 1804 proxima
711 1758 846 1807 mea,
887 1744 1026 1799 sicut
1061 1746 1177 1816 ipsa
1225 1748 1577 1809 benevolentia
1600 1798 1614 1821 ,
1639 1758 1879 1826 formosa

306 1826 444 1878 sicut
482 1827 813 1897 Jerusalem.
862 1844 1047 1906 stupor
1098 1851 1352 1911 tanquam
1398 1847 1673 1906 instructa:
1714 1856 1875 1912 acies.

304 1918 357 1972 4.
390 1920 576 1974 Averte
592 1924 770 1979 oculos
795 1942 827 1979 a
846 1943 926 1982 me
936 1945 956 1994 ;
976 1945 1099 1983 nam
1120 1932 1203 1986 illi
1218 1935 1332 1989 alas
1356 1937 1486 1991 mihi
1507 1941 1874 2002 reddiderunt.

305 2005 471 2063 Coma
495 2023 586 2066 tua
615 2015 755 2068 velut
803 2034 981 2088 greges
1032 2037 1337 2090 caprarum,
1367 2044 1486 2097 qua:
1512 2046 1876 2101 apparuerunt

302 2100 366 2152 de
388 2099 616 2158 Galaad.
636 2104 687 2158 5.
710 2105 900 2161 Dentes
925 2110 1003 2162 tui
1024 2110 1160 2165 sicut
1172 2130 1348 2184 greges
1368 2099 1663 2187 (ansarum,
1680 2139 1797 2192 qua:
1811 2126 1877 2182 de

302 2188 519 2246 lavacra
541 2199 915 2266 ascenderunt,
946 2210 1001 2279 et
1033 2218 1210 2259 omnes
1249 2205 1436 2262 habent
1460 2210 1595 2277 [etus
1610 2188 1879 2289 gemellos,

301 2298 461 2353 neque
486 2287 682 2342 sterilis
709 2289 847 2344 inter
874 2307 965 2346 eos
1007 2294 1124 2347 ulla
1152 2304 1249 2351 est.
1296 2297 1349 2352 6.
1407 2299 1585 2358 Labra
1631 2315 1723 2360 tua
1747 2287 1872 2362 sunt

299 2369 471 2423 instar
516 2371 741 2439 funiculi
784 2381 1025 2445 coccinei,
1054 2391 1103 2436 et
1156 2385 1363 2456 loquela
1397 2399 1486 2444 tua
1524 2394 1733 2464 elegans
1770 2408 1868 2455 est.

210 2454 223 2461 ’
299 2459 454 2515 Malae
487 2472 591 2517 tum
623 2466 796 2520 instar
823 2471 1035 2527 corticis
1061 2477 1189 2529 mali
1212 2454 1410 2546 punici,
1446 2497 1636 2550 praeter.
1656 2488 1711 2539 id
1732 2491 1871 2559 quod

297 2552 349 2605 in
383 2563 429 2607 te
450 2556 715 2611 reticetur.
745 2560 793 2612 7.
823 2559 1111 2633 Sexaginta
1134 2580 1256 2625 sunt
1279 2575 1497 2639 reginaz,
1529 2586 1578 2630 et
1605 2583 1870 2650 octoginta

295 2648 618 2712 concubium,
674 2660 723 2703 et
764 2652 1165 2718 iuvencularum
1208 2677 1310 2715 non
1338 2673 1415 2718 est
1446 2683 1712 2726 numerus.
1751 2671 1869 2728 Una

293 2745 370 2789 est
401 2738 643 2794 columba
678 2758 814 2806 mea,
864 2746 1095 2816 perfecta
1117 2766 1250 2805 mea.
1293 2753 1346 2808 8.
1394 2755 1561 2813 Unica
1590 2772 1670 2816 est
1708 2768 1870 2822 matri

294 2843 422 2893 sum,
459 2830 624 2887 electa
662 2835 747 2889 illi
775 2853 890 2907 qua:
927 2843 1126 2910 peperit
1149 2860 1289 2901 eam.

357 3090 641 3162 Philippus
675 3095 765 3149 ille
803 3100 1113 3167 apostolus,
1166 3105 1263 3174 qui
1298 3121 1361 3160 ex
1392 3109 1613 3167 civitate
1644 3113 1789 3171 Petri
1813 3126 1866 3174 et

286 3179 517 3238 Andreae
549 3185 719 3242 fuisse
751 3191 1105 3258 perhibetur:
1131 3200 1330 3253 etenim
1357 3199 1459 3255 hoc
1489 3205 1622 3259 mihi
1654 3209 1866 3266 videtur

284 3276 591 3330 encomium
620 3279 895 3347 quoddam
931 3297 1054 3338 esse
1088 3284 1351 3358 Philippi,
1385 3293 1528 3360 quod
1549 3310 1735 3351 eorum
1756 3300 1865 3354 l'ra-

283 3370 432 3418 trum
474 3367 609 3423 civis
641 3369 824 3437 interit,
854 3374 945 3443 qui
981 3377 1210 3445 primam
1271 3383 1325 3434 in
1362 3381 1658 3456 Evangelio
1689 3391 1863 3447 admi-

284 3459 549 3514 rationem
595 3473 873 3518 merentur
912 3480 1009 3536 per
1062 3484 1125 3523 ea
1172 3485 1294 3540 quae
1342 3474 1475 3543 ipsis
1521 3480 1855 3541 acciderunt.

281 3551 528 3606 Andreas
560 3555 727 3620 enim,
756 3566 1113 3628 posteaquam
1157 3560 1398 3633 Baptista
1434 3582 1861 3632 commonstras—

283 3651 385 3704 set,
420 3647 643 3712 quinam
671 3655 817 3702 esset
847 3650 1032 3720 Agnus
1081 3653 1190 3719 ille,
1219 3657 1312 3724 qui
1359 3661 1546 3714 mundi
1576 3677 1858 3731 peccatum

280 3735 514 3800 tolleret,
548 3752 654 3791 non
687 3746 898 3794 tantum
943 3742 1059 3812 ipse
1105 3747 1424 3815 mysterium
1464 3751 1565 3807 hoc
1596 3756 1858 3812 animad-

279 3823 462 3884 vertit,
501 3838 529 3875 a
561 3833 713 3895 tergo
750 3837 975 3886 secutus
1018 3832 1339 3899 indicatum,
1377 3844 1595 3910 cognito
1632 3846 1853 3903 ubinam

279 3912 372 3968 ille
430 3916 684 3986 degeret:
713 3920 817 3974 sed
854 3923 1018 3976 etiam
1067 3925 1223 3981 l'ratri
1256 3945 1357 3984 suo
1386 3932 1562 3987 laetum
1600 3941 1852 3995 nuntium

278 4005 436 4059 allen
462 4049 477 4072 ,
525 4009 811 4064 advenisse
846 4011 1000 4065 illum
1031 4032 1192 4085 quem
1231 4021 1404 4075 multo
1430 4031 1556 4079 ante
1586 4036 1739 4087 vates
1771 4030 1856 4085 in-

276 4095 531 4150 dicarint.
578 4098 647 4152 At
699 4100 743 4152 is
772 4117 867 4170 per
915 4102 1072 4158 ﬁdem
1118 4109 1303 4162 auditu
1335 4128 1501 4183 prope
1541 4125 1850 4191 anteverso,

275 4192 383 4239 tota
419 4188 599 4242 anima
648 4206 707 4245 se
750 4206 892 4261 agno
929 4195 1003 4249 illi
1049 4197 1320 4270 adjuugit,
1354 4219 1570 4275 unaque
1597 4223 1721 4264 cum
1750 4228 1851 4269 no-

276 4276 422 4331 mine
457 4286 509 4332 et
538 4282 653 4351 ipse
687 4297 714 4334 a
744 4281 973 4338 Domino
1006 4287 1331 4346 diviniorem
1376 4296 1439 4349 ad
1476 4300 1844 4358 conditionem
1880 4312 1935 4367 D-

275 4367 598 4425 immutalur
628 4389 639 4423 :
666 4390 766 4443 pro
821 4376 1042 4434 Simone
1094 4379 1287 4439 Petrus
1333 4393 1388 4440 et
1432 4389 1754 4459 appellatus,
1794 4405 1847 4451 et

272 4456 470 4515 factius.
506 4463 817 4522 Abrahamo
839 4468 1056 4538 quidem
1090 4486 1155 4527 ac
1183 4473 1331 4530 Sarae
1359 4456 1481 4547 post
1507 4456 1848 4560 inultas-ap-

270 4550 572 4620 paritiones
613 4554 823 4613 divinas
855 4576 920 4613 ex
950 4562 1083 4632 ipsis
1105 4568 1419 4626 nominibus
1455 4571 1719 4635 Dominus
1752 4581 1851 4638 be-

268 4643 644 4700 nedictionem
687 4649 966 4718 impertit:
1012 4669 1135 4709 cum
1174 4659 1324 4713 illum
1353 4665 1572 4732 quidem
1612 4683 1842 4743 patrem,

267 4736 413 4792 hanc
440 4755 570 4795 vero
612 4745 935 4815 principem,
988 4751 1269 4808 nominum
1329 4761 1632 4817 mutatione
1678 4763 1841 4832 facta,

267 4832 573 4888 constituit.
611 4833 813 4889 Eodem
852 4840 1014 4893 modo
1070 4841 1241 4900 Jacob
1280 4848 1444 4903 etiam
1483 4862 1608 4921 post
1638 4856 1839 4912 luctam

265 4927 379 4975 tota
414 4927 697 4981 durantem
722 4939 900 4996 nocte,
938 4934 1161 4988 lsraelis
1194 4951 1492 5007 cognomen
1524 4960 1587 4999 ac
1611 4948 1717 5000 vim
1745 4950 1843 5003 im-

266 5021 463 5082 petrat.
492 5014 690 5071 Verum
727 5034 956 5090 magnus
980 5023 1068 5077 ille
1097 5023 1291 5083 Petrus
1324 5046 1430 5084 non
1457 5035 1714 5102 paulatim
1744 5057 1842 5096 au-

267 5108 537 5171 gescendo
577 5108 643 5161 ad
701 5110 843 5167 hanc
873 5116 1102 5183 gratiam
1154 5122 1422 5186 pervenit,
1457 5127 1552 5181 sed
1591 5130 1751 5187 simul
1787 5146 1842 5191 et

265 5192 488 5250 fratrem
546 5202 739 5267 amliit,
794 5212 847 5258 et
887 5221 1028 5275 agno
1058 5211 1308 5275 credidit,
1366 5225 1419 5270 et
1442 5232 1540 5286 per
1571 5220 1726 5277 [idem
1758 5237 1841 5282 est

266 5301 702 5359 consummatus,
736 5307 787 5350 et
834 5309 998 5368 petra:
1032 5303 1403 5372 agglutinatus
1435 5309 1626 5368 Petrus
1662 5316 1836 5375 factus

265 5386 371 5431 est.
409 5378 507 5433 llic
539 5398 667 5453 ergo
721 5385 1022 5458 Philippus.
1068 5393 1264 5461 dignus
1313 5400 1405 5467 qui
1456 5408 1731 5460 tantorum
1771 5425 1836 5467 ac

266 5467 458 5521 talium
496 5472 633 5526 civis
683 5486 850 5538 esset.
901 5489 1254 5552 posteaquam
1302 5488 1580 5546 inventum
1618 5494 1833 5553 Domini

271 5555 471 5624 factus,
506 5565 961 5630 quemadmodum
1019 5573 1072 5626 in
1108 5573 1399 5648 Evangelia
1431 5582 1652 5652 dicitur,
1685 5592 1830 5660 quod

1977 1750 2179 1828 ἐμοὶ,’ό
2193 1765 2520 1832 ποιμαίνων
2550 1765 2620 1819 ἐν
2647 1767 2770 1833 τοῖς
2790 1768 3033 1836 κρίνοις.
3053 1769 3222 1838 Καλὴ
3248 1771 3326 1834 εἴ,
3356 1773 3396 1839 ἡ
3415 1776 3577 1839 πλη-

1979 1853 2118 1905 σίον
2160 1871 2299 1923 μου,
2335 1856 2417 1921 ὡς
2468 1856 2729 1923 εὐδοκία,
2771 1860 2955 1928 ὡραία
2999 1861 3084 1927 ὡς
3123 1861 3571 1931 Ἰερουσαλὴμ,

1977 1941 2200 2010 θάμϐος
2249 1945 2330 2010 ὡς
2396 1949 2664 2015 στρατιαὶ
2723 1950 3088 2021 τεταγμέναι.
3155 1953 3594 2022 Ἀπόστρεψον*

1976 2034 2321 2104 ὀφθαλμούς
2339 2053 2454 2092 σου
2478 2040 2839 2098 ἀπεναντίον
2853 2060 2985 2109 μου,
3006 2042 3091 2096 ὅτι
3119 2044 3289 2097 αὐτοὶ
3314 2044 3573 2099 ἀνεπτέ-

1965 2126 2177 2194 ρωσάν
2212 2146 2310 2197 με.
2370 2132 2466 2198 Tpl
2469 2131 2635 2200 χωμὰ
2666 2148 2781 2187 σου
2811 2136 2890 2200 ὡς
2934 2136 3144 2203 ἀγέλαι
3191 2135 3316 2189 τῶν
3357 2138 3571 2208 αἰτῶν,

1972 2216 2036 2270 αἳ
2077 2218 2472 2288 ἀνεφάνησαν
2511 2224 2630 2277 ἀπὸ
2667 2225 2773 2279 τοῦ
2813 2227 3077 2281 Γαλαάδ.
3120 2228 3403 2296 Ὀδόντες
3451 2247 3589 2285 σου-

1973 2306 2051 2373 ὡς
2079 2309 2287 2379 ἀγέλαι
2306 2310 2425 2365 τῶν
2457 2315 2854 2382 κεκαρμένων,
2882 2317 2945 2370 αἲ
2963 2319 3281 2387 ἀνέϐησαν
3311 2320 3439 2374 ἀπὸ
3460 2322 3577 2376 τοῦ

1971 2402 2251 2469 λουτροῦ,
2285 2406 2346 2457 αἱ
2384 2403 2573 2458 πᾶσαι
2602 2406 3047 2476 διδινμεύουσαι,
3072 2410 3170 2463 καὶ
3214 2413 3573 2468 ἀτεκνοῦσα

1970 2493 2083 2544 οὐκ
2139 2491 2311 2547 ἐστιν
2359 2495 2428 2547 ἐν
2478 2497 2705 2563 αὐταῖς.
2773 2500 2866 2566 Ὡς
2917 2503 3217 2569 σπαρτίον
3271 2504 3571 2558 κόκκινον

1970 2583 2143 2651 χείλη
2195 2599 2332 2649 σου,
2371 2588 2469 2640 καὶ
2524 2589 2569 2655 ἦ
2604 2591 2787 2643 λαλιά
2831 2606 2947 2646 σου
2988 2595 3190 2662 dipalcc.
3233 2594 3337 2659 Ὧς
3372 2596 3571 2651 λέκυ-

1961 2688 2072 2740 ρος
2112 2673 2223 2740 τῆς
2259 2676 2410 2741 ῥόας
2435 2676 2638 2746 μῆλόν
2669 2691 2784 2734 σου
2828 2682 2996 2748 ἐκτὸς
3041 2684 3151 2751 τῆς
3205 2685 3568 2753 σιωπήσει-ὡς

1968 2775 2104 2814 σου.
2182 2762 2504 2829 Ἐξιξκοντα
2563 2769 2931 2831 βασίλισσαι
2955 2811 2969 2834 ,
3012 2773 3111 2826 καὶ
3184 2773 3567 2842 ότΰοήκοντα

1967 2853 2296 2917 παλλακαὶ,
2329 2855 2427 2909 καὶ
2467 2856 2737 2924 νεάνιδες
2782 2854 2872 2913 ὧν
2908 2862 3020 2915 οὐκ
3057 2861 3233 2916 ἔστιν
3286 2865 3565 2932 ἀριθμός.

1897 2981 1942 3042 c
1971 2944 2092 2997 Mla
2136 2945 2266 2999 ἐστὶ
2295 2949 2613 3016 περιστερὰ
2651 2969 2802 3019 μου,
2835 2954 3034 3007 τελεία
3070 2972 3210 3023 μου.
3258 2957 3383 3010 Μία
3425 2957 3566 3010 ἐστὶ

1971 3034 2049 3104 τῇ
2066 3037 2243 3106 μητρί
2276 3038 2485 3106 αὐτῆς,
2515 3040 2770 3111 ἐκλεκτὴ
2798 3042 2879 3115 τῇ
2899 3047 3157 3115 τεκούσῃ
3190 3043 3413 3117 αὐτήν.

2050 3128 2107 3180 '0
2140 3131 2205 3182 ἐκ
2221 3130 2323 3199 τῆς
2348 3131 2558 3197 πόλεως
2609 3134 2858 3203 ’Δνδρέου
2886 3137 2981 3189 καὶ
3011 3138 3222 3209 Πέτρου
3267 3155 3566 3211 μαρτυρη-

1967 3218 2080 3283 θεὶς
2109 3215 2245 3274 εἶναι
2282 3223 2548 3288 Φίλιππος
2570 3228 2598 3279 6
2631 3227 2930 3292 ἀπόστολος
2960 3246 2979 3261 δ
3005 3229 3285 3300 ἐγκώμιον
3312 3232 3434 3302 γάρ·
3462 3250 3565 3301 μοι

1964 3311 2117 3365 δοκεῖ
2141 3313 2251 3366 τοῦ·
2268 3316 2539 3370 Φιλίππου
2559 3316 2737 3382 τοῦτο,
2765 3319 2826 3373 τὸ
2856 3320 3078 3393 πολίτην
3110 3321 3273 3375 αὐτὸν
3299 3322 3563 3390 γενέσθαι

1961 3402 2070 3456 τῶν
2120 3403 2362 3474 ἀδελφῶν
2403 3406 2512 3460 τῶν
2566 3410 3101 3482 προθαυμασθέντων
3141 3416 3200 3466 ὲν
3232 3413 3562 3485 Εὐαγγελίῳ

1960 3493 2046 3547 διὰ
2082 3495 2181 3567 τῆς
2213 3498 2539 3567 περὶαύτῶν
2573 3501 2831 3573 ἱστορίας.
2873 3504 2932 3556 'O
2968 3504 3067 3573 μὲν
3113 3506 3221 3576 γὰρ
3267 3504 3559 3578 Ἀνδρέας,

1967 3584 2343 3652 ὑποδείξαντος
2374 3588 2468 3643 τοῦ
2496 3591 2822 3658 Βαπτιστοῦ,
2855 3593 2939 3657 τίς
2965 3595 3113 3649 ἐστιν
3144 3599 3172 3649 6
3196 3596 3397 3668 Ἀμνὺς
3414 3600 3443 3651 6
3465 3596 3560 3649 ατ-

1964 3693 2072 3747 ρων
2102 3679 2200 3750 τὴν
2237 3681 2514 3752 ἁμαρτίαν
2546 3682 2640 3736 τοῦ
2675 3683 2904 3754 κόσμου,
2940 3686 3102 3749 αὑτός
3128 3703 3189 3739 τε
3230 3687 3292 3739 τδ
3337 3688 3557 3759 μυστή-

1962 3784 2073 3840 ριον
2103 3770 2420 3841 κατενόησε,
2446 3773 2674 3827 κατόπιν
2702 3773 2796 3828 τοῦ
2822 3776 3129 3847 δειχθέντος
3148 3777 3552 3850 ἀκολουθήσας,

1957 3859 2049 3912 καὶ
2066 3861 2199 3913 ὅπου
2228 3862 2377 3932 μένει
2415 3863 2603 3934 μαθών
2621 3882 2635 3898 ο
2665 3866 2758 3921 καλ⁵
2786 3866 2864 3936 τῷ
2912 3868 3026 3937 ἰδίῳ
3048 3868 3260 3938 ἀδελφῷ
3287 3873 3554 3940 παρεῖναι

1953 3948 2045 4003 τὸν
2070 3952 2481 4023 προμηνυθέντα
2525 3956 2676 4026 παρὰ
2698 3957 2799 4028 τῆς
2824 3960 3159 4030 προφητείας
3196 3959 3554 4028 εὐαγγελίζε-

1953 4059 2064 4097 ται.
2081 4044 2141 4096 Ὀ
2163 4043 2218 4096 δὲ
2235 4044 2446 4113 φθάσας
2464 4048 2660 4117 μικροῦ
2681 4049 2790 4103 δεῖν
2817 4053 2881 4121 τῇ
2915 4052 3092 4103 πίστει
3113 4051 3211 4121 τὴν
3226 4052 3418 4125 ἀκοὴν,
3445 4053 3559 4126 ὅλῃ

1952 4138 2018 4207 τῇ
2048 4135 2192 4207 ψυχῇ
2231 4139 2579 4209 προστίθεται
2615 4140 2689 4211 τῷ
2714 4142 2890 4212 ἀμνῷ,
2921 4143 3014 4196 καὶ
3040 4143 3130 4197 διὰ
3156 4143 3258 4212 τῆς
3298 4142 3394 4196 τοῦ
3427 4145 3550 4199 ὀνό-

1956 4244 2126 4298 ματος
2175 4229 2491 4303 ὑπαλλαγῆς
2552 4237 2921 4304 μεταποιεῖται
2972 4236 3123 4306 παρὰ
3175 4239 3271 4292 τοῦ
3330 4242 3548 4313 Κυρίου

1954 4319 2088 4390 πρὸς
2126 4318 2188 4372 τὸ
2218 4320 2487 4393 θειότερον
2506 4341 2519 4354 ·
2548 4324 2669 4378 ἀντὶ
2700 4325 2942 4396 Σίμωνος
2975 4329 3179 4400 Πέτρος
3211 4331 3304 4384 καὶ
3334 4333 3544 4403 ὀνομα-

1955 4408 2120 4475 σθείς,
2154 4410 2247 4463 καὶ
2284 4413 2597 4483 γενόμενος.
2631 4414 2740 4468 Καί
2778 4433 2860 4468 τοι
2901 4416 2977 4486 τῷ
3022 4418 3275 4490 Ἀϐραὰμ
3320 4422 3418 4475 καὶ
3468 4427 3541 4495 τῇ

1953 4501 2139 4573 Σάῤῥᾳ
2188 4501 2399 4566 πολλοῖς
2447 4503 2671 4576 ὕστερον
2716 4507 2931 4577 χρόνοις
2977 4509 3113 4579 μετὰ
3164 4511 3366 4577 πολλὰς
3390 4564 3393 4567 ,
3416 4513 3541 4567 θεο-

1952 4595 2196 4662 φανείας,
2227 4594 2322 4664 τῆς
2357 4597 2421 4648 ἐκ
2458 4596 2567 4650 τῶν
2595 4597 2873 4668 ὀνομάτων
2903 4602 3256 4669 μεταδίδωσιν
3281 4605 3540 4674 εὐλογίας

1949 4687 1978 4738 6
2002 4684 2204 4756 Κύριος
2225 4703 2237 4719 ο
2274 4686 2365 4739 τὸν
2404 4687 2501 4758 μὲν
2533 4689 2761 4761 πατέρα,
2790 4690 2896 4761 τὴν
2925 4693 2981 4745 δὲ
3007 4692 3282 4764 ἄρχουσαν
3318 4697 3409 4751 διὰ
3435 4703 3538 4770 τῆς

1946 4776 2055 4829 τῶν
2085 4778 2359 4847 ὀνομάτων
2388 4784 2797 4851 μεταποιήσεως
2822 4787 3224 4854 χειροτονήσας.
3257 4788 3535 4856 Ὡσαύτως

1946 4869 2003 4922 δὲ
2037 4870 2128 4923 καῖ
2153 4872 2178 4922 ό
2216 4869 2408 4923 Ἰακὼό
2446 4872 2583 4941 μετὰ
2609 4872 2705 4944 τὴν
2733 4875 3021 4947 παννύχιον
3061 4878 3260 4950 πάλην,
3286 4881 3535 4945 ἀξιοῦται

1946 4963 2044 5031 τῆς
2069 4961 2161 5015 τοῦ
2198 4963 2415 5033 Ἰσραὴλ
2451 4964 2766 5036 ἐπωνυμίας
2797 4984 2856 5019 τε
2897 4969 2990 5020 καὶ
3024 4969 3328 5041 δυνάμεως.
3388 4974 3444 5028 '0
3472 4974 3532 5029 δὲ

1952 5053 2125 5121 μέγας
2146 5054 2349 5126 Πέτρος
2377 5057 2435 5109 οὐ
2470 5057 2609 5111 κατὰ
2642 5059 2835 5130 μικρὸν
2856 5059 2922 5113 δι’
2951 5060 3228 5133 αὐξήσεως
3256 5065 3532 5136 προῆλθεν

1946 5144 2039 5196 ἐπὶ
2072 5144 2169 5215 τὴν
2200 5147 2357 5216 χάριν
2382 5147 2607 5218 ταύτην,
2637 5150 2900 5222 ἀλλ’ὁμοῦ
2925 5170 2982 5205 τε
3010 5152 3209 5223 ἤκουσε
3246 5155 3341 5208 τοῦ
3376 5157 3530 5210 ἀδελ-

1947 5233 2069 5301 φοῦ,
2088 5234 2181 5286 καὶ
2212 5235 2499 5290 ἐπίστευσε
2529 5238 2605 5310 τῷ
2632 5239 2789 5311 ἁμνῷ
2808 5280 2823 5305 ,
2859 5242 2952 5294 καὶ
2985 5241 3274 5316 ἐτελειώθη
3311 5246 3403 5300 διὰ
3428 5247 3528 5317 τῆς

1946 5324 2201 5389 πίστεως,
2246 5327 2341 5378 καὶ
2387 5332 2775 5403 προσφυεὶςτῇ
2822 5333 2996 5404 πέτρᾳ
3041 5334 3247 5403 Πέτρος
3287 5338 3523 5405 ἐγένετο.

1945 5404 2111 5472 Οὗτος
2123 5414 2297 5469 τοίνυν
2321 5416 2350 5468 6
2373 5418 2635 5484 Φίλιππος
2656 5424 2683 5474 6
2704 5421 2850 5487 ἄξιος
2880 5424 2988 5476 τῶν
3008 5424 3277 5478 τοσούτων
3302 5427 3398 5480 καὶ
3429 5446 3525 5500 τη-

1946 5506 2208 5563 λικούτων
2270 5507 2528 5580 πολίτης,
2632 5514 2819 5585 ἐπειδὴ
2879 5515 3099 5587 εὕρημα
3153 5516 3248 5571 τοῦ
3314 5520 3523 5591 Κυρίου

1949 5592 2255 5667 γενόμενος,
2289 5597 2465 5663 καθώς
2492 5616 2651 5671 φησιν
2676 5603 3022 5676 Εὑαγγέλιον,
3053 5609 3133 5662 ὅτι
3162 5608 3411 5678 εὑρίσκει
3431 5611 3524 5668 τὸν
