3738 5984
124 260 269 319 1089

1165 253 1245 311 ἸΝ
1287 252 1583 313 CANTlCA
1608 250 1886 309 CANTlC.
1929 252 2209 310 llOMllJA
2250 253 2368 310 XV.

3251 254 3393 311 Πιῦο

120 367 391 423 Φίλιππον
417 367 447 419 ό
480 363 715 437 Ἰησοῦς,
744 364 1036 429 ἀκόλουθος
1067 364 1448 437 ἐχειροτονήθη
1478 362 1574 417 τοῦ
1606 362 1709 417 Λό-

1914 377 1971 417 us
2024 362 2332 435 Philippum
2389 363 2620 428 invenit,
2646 364 2812 419 etiam
2846 372 3090 420 sectator
3121 367 3266 421 verbi
3306 369 3387 420 I‘a-

121 476 221 529 γου
246 444 650 521 τοῦίείπόντος,
678 456 760 509 ὅτι
799 456 1132 511 Ἀκολούθει
1163 457 1269 525 μοι
1287 472 1300 486 ·
1344 456 1438 508 καὶ
1464 453 1543 524 τῷ
1574 452 1711 522 φωτὶ

120 551 202 623 τῷ
248 547 491 621 ἀληθινῷ
539 546 946 615 προσεγγίσας,
976 545 1226 616 καθάπερ
1274 544 1466 616 λύχνος
1505 542 1712 597 ἐκεῖθεν

123 643 335 699 ἔσπασε
367 639 505 711 πρὸς
541 637 732 692 ἑαυτὸν
763 637 862 708 τὴν
906 637 999 690 τοῦ
1048 637 1224 706 φωτὸς
1257 636 1577 690 κοινωνίαν·
1618 634 1714 687 καὶ

124 732 474 805 περιλάμπει
502 730 594 784 τὸν
626 728 939 800 Ναθαναὴλ,
972 727 1303 802 δᾳδουχήσας
1339 727 1487 799 αὐτῷ
1518 727 1589 781 16‘
1615 727 1714 798 τῆς

125 822 418 885 εὐσεϐείας
442 819 794 897 ,μυστήριοὴ
844 817 911 871 δι’
945 811 1020 871 ὧν
1076 836 1239 890 φησιν
1280 835 1292 847 ·
1332 820 1441 871 ’ον
1488 819 1714 888 ἐγιοαψε

124 909 395 978 Μωῦο-ἦς
421 908 519 962 καὶ
558 911 611 963 οἱ
644 906 941 976 προφῆται
971 908 1308 977 εὑρήκαμεν
1339 908 1581 976 Ἰησοῦν
1608 910 1717 963 τὸν

124 1003 249 1059 ἀπὸ
304 1000 566 1069 Ναζαρὲτ
611 998 721 1068 τῆς
776 1002 1127 1067 Γαλιλαίας.
1181 1000 1287 1053 Τοῦ
1321 1000 1377 1053 δὲ
1421 1001 1715 1074 Ναθαναὴλ

123 1093 498 1156 ὲπιστατικῶς
532 1091 825 1163 δεξαμένου
866 1092 927 1145 τὸ
974 1092 1334 1161 Εὑαγγέλιον,
1364 1092 1452 1145 διὰ
1482 1092 1544 1145 τὸ
1569 1093 1716 1164 μετὰ

124 1186 317 1255 πάσης
342 1183 628 1255 ἀκριϐείας
666 1181 1023 1254 κατηχεῖσθαι
1065 1184 1214 1253 παρὰ
1245 1184 1346 1253 τῆς
1379 1184 1717 1254 προφητείας

76 1286 79 1289 ’
124 1277 300 1331 αὑτὸν
329 1276 391 1329 τὸ
413 1276 541 1345 περὶ
570 1275 661 1328 τὸν
685 1275 887 1347 Κύριον
916 1275 1233 1345 μυστήριον,
1258 1274 1352 1327 καὶ
1386 1274 1581 1328 εἰδέναι
1618 1276 1717 1345 μὲν

124 1374 214 1426 ὅτι
245 1375 310 1426 ὲκ
347 1371 603 1442 ⁴Βηθλεὲμ.
644 1373 677 1441 ἡ
712 1368 903 1441 πρώτη
932 1368 1020 1421 διὰ
1051 1368 1251 1438 σαρκὸς
1279 1369 1565 1438 γενήσεται
1598 1367 1718 1421 θεο-

126 1462 268 1531 φάνε
280 1479 354 1524 ια,
374 1460 462 1514 διὰ
487 1461 546 1513 δὲ
565 1460 663 1530 τὴν
694 1462 750 1512 ὲν
771 1458 1041 1529 Ναζάροις
1069 1456 1341 1528 διαγωγὴν
1362 1498 1376 1519 ,
1410 1456 1719 1529 Ναζαραῖος

126 1553 507 1624 κληθήσεται·
547 1550 685 1621 πρὸς
734 1549 1019 1620 ἀμφότερα
1070 1549 1246 1602 τοίνυν
1280 1548 1721 1614 ἀποσκοποῦντος

125 1649 230 1700 ’καὶ
282 1644 655 1714 λογιζομένου,
685 1645 766 1698 ὅτι
794 1646 851 1697 ὲν
885 1644 980 1713 μὲν
1015 1644 1081 1710 τῇ
1125 1641 1219 1693 τοῦ
1253 1639 1416 1693 Δαϐὶδ
1451 1640 1717 1712 Βηθλεὲμ,

127 1737 222 1791 διὰ
246 1738 349 1807 τὴν
376 1734 686 1801 οἰκονομίαν
711 1733 812 1802 τῆς
828 1731 966 1786 κατὰ
994 1731 1172 1802 σάρκα
1200 1731 1526 1801 γεννήσεως,
1554 1732 1721 1799 ἀναγ-

129 1832 293 1882 καῖον
318 1823 389 1898 ἦν
408 1825 662 1896 γενέσθαι
692 1824 752 1877 τὸ
779 1823 920 1878 κατὰ
942 1822 1003 1875 τὸ
1038 1822 1302 1891 σπήλαιον
1332 1822 1426 1875 καὶ
1449 1822 1517 1875 τὰ
1542 1824 1721 1894 σπάρ-

130 1938 282 1989 γανα
340 1920 436 1973 καὶ
493 1919 592 1989 τὴν
639 1918 845 1990 φάτνην
901 1916 1197 1987 μυστήριον
1231 1931 1245 1945 ’
1285 1918 1318 1986 ὴ
1348 1916 1406 1969 δὲ
1461 1915 1722 1968 Γαλιλαία

130 2012 311 2066 ἐθνῶν
342 2011 505 2073 τόπος
549 2007 1050 2079 ὲπονομασθήσεταί
1081 2024 1210 2060 ποτε
1253 2005 1330 2076 τῷ
1371 2010 1483 2071 τοῖς
1513 2007 1723 2060 ἔθνεσιν

129 2103 649 2174 ἐμφιλοχωρήσαντι
667 2098 845 2168 Λόγῳ
868 2100 963 2153 καὶ
995 2098 1083 2154 διὰ
1108 2098 1265 2152 τοῦτο
1288 2099 1615 2169 συνθεμένου
1645 2098 1725 2169 τῷ

128 2195 196 2247 τὸ
250 2193 366 2262 φῶς
404 2191 552 2260 αὐτῷ
594 2190 695 2260 τῆς
727 2188 975 2256 γνώσεως
1026 2188 1274 2257 φάναντι,
1311 2188 1407 2240 καὶ
1440 2187 1683 2252 εἰπόντος
1707 2206 1722 2221 ·

126 2288 220 2340 ὅτι
274 2287 371 2338 Ἐκ
402 2282 659 2351 Νιιζὶιρὲτ
712 2280 964 2334 δύναταί
991 2298 1045 2334 τι
1091 2279 1314 2351 ἀγαθὸν
1357 2276 1547 2342 sfw-at;
1590 2280 1725 2334 Τότε

110 2374 335 2443 ’ὁδηγὸς
382 2373 520 2443 πρὸς
575 2370 673 2442 τὴν
710 2370 871 2441 χάριν
894 2371 923 2421 6
955 2368 1220 2431 Φίλιππος
1256 2368 1500 2436 γίνεται,
1532 2368 1724 2438 λέγων,

137 2466 365 2533 Ἔρχου
416 2464 515 2536 ua}
569 2462 676 2515 ἴδε.
709 2463 785 2514 Δι’
814 2453 888 2513 ὧν
925 2459 1238 2513 καταλιπὼν
1266 2460 1294 2511 6
1314 2460 1605 2532 Ναθαναὴλ
1630 2463 1728 2534 τὴν

134 2556 233 2609 τοῦ
274 2555 443 2625 νόμου
475 2557 665 2625 συκῆν,
697 2547 765 2624 ἧς
804 2555 837 2622 ἡ
863 2551 991 2606 σκιὰ
1018 2552 1155 2623 πρὸς
1192 2553 1290 2622 τὴν
1319 2553 1607 2622 μετουσίαν
1633 2555 1728 2608 τοῦ

120 2648 324 2716 τρωτὸς
381 2645 659 2707 διεκώλυε,
708 2643 1115 2714 καταλαμϐάνει
1158 2644 1250 2698 τὸν
1301 2646 1366 2698 τὰ
1418 2646 1592 2714 φύλλα
1628 2646 1729 2716 τῆς

139 2736 320 2804 συκῆς
348 2735 436 2788 διὰ
463 2734 559 2805 τὴν
583 2733 691 2786 τῶν
716 2732 933 2801 ἀγαθῶν
964 2733 1242 2802 ἀκαρπίαν
1270 2734 1726 2804 ἁποξηραίνοντα.

132 2824 234 2878 Διὸ
272 2827 371 2879 καὶ
427 2826 783 2895 μαρτυρεῖται
812 2822 962 2894 παρὰ
993 2821 1087 2874 τοῦ
1116 2822 1292 2890 Λόγου
1339 2826 1556 2894 γνήσιος
1590 2821 1728 2878 εἶναι

137 2899 264 2986 ούχὶ
299 2914 451 2979 νόθος
487 2912 847 2984 Ἰσραηλίτης,
871 2915 928 2967 ὲν
948 2911 1025 2983 τῷ
1045 2911 1215 2982 ἀδόλῳ
1229 2912 1329 2980 τῆς
1359 2915 1730 2986 προαιρέσεως

1813 462 1935 510 ctus
1972 463 2077 519 est,
2117 457 2213 525 qui
2242 456 2311 510 ad
2346 472 2469 512 eum
2503 456 2660 520 dixit,
2691 455 2916 526 Sequere
2950 475 3029 512 me
3056 458 3139 512 “:
3176 470 3390 527 postea-

1812 561 1978 616 quam
2002 546 2129 601 item
2186 563 2374 602 vernm
2407 547 2472 602 ad
2500 547 2681 602 lumen
2709 548 2946 613 delatus,
2977 547 3103 603 inde
3127 558 3387 619 tanquam

1813 638 2048 709 lychnus
2076 639 2143 693 ad
2192 654 2253 695 se
2292 640 2766 710 participationem
2812 639 2951 694 lucis
2993 642 3215 694 attraxit
3243 658 3256 695 :
3283 639 3394 694 Na-

1815 729 2127 784 tbanaelum
2183 714 2403 799 quoque
2447 731 2569 785 luce
2627 745 2725 785 sua
2777 728 3193 794 circumfundit,
3234 731 3391 800 quasi

1817 822 2039 891 praelata
2100 822 2204 892 ipsi
2248 819 2387 886 face,
2450 822 2595 891 quod
2648 822 2868 892 pietatis
2913 829 2999 876 est
3046 821 3387 893 mysterium.

1819 914 1959 968 Sunt
1976 914 2121 969 enim
2147 914 2261 968 haec
2294 914 2469 983 ipsius
2491 915 2653 969 verba
2674 930 2687 966 :
2708 912 3008 968 Invenimus
3036 912 3219 968 Iesum
3242 913 3395 968 illum

1815 1018 1843 1055 e
1877 999 2152 1055 Nazaretlt
2185 1000 2444 1065 Galilwte,
2473 1002 2653 1070 dequo
2674 1009 2721 1055 et
2762 1001 2932 1056 Moses
2963 1003 3015 1054 in
3047 1001 3174 1072 lege,
3197 1011 3246 1055 et
3273 1016 3398 1069 pro-

1817 1092 1984 1161 phetae
2040 1092 2358 1161 scripserunt
2388 1092 2451 1144 “.
2528 1089 2865 1146 Nathanaelo
2931 1099 3112 1145 autem
3174 1090 3396 1161 sapien-

1818 1190 1903 1237 ter
1935 1183 2117 1237 lactum
2147 1186 2291 1237 hunc
2319 1184 2568 1237 nuntium
2601 1182 2927 1251 accipiente.
2956 1181 3100 1252 quod
3134 1196 3399 1250 perat-cu-

1818 1282 1940 1328 rate
1998 1290 2064 1328 ex
2107 1275 2264 1329 libris
2320 1275 2704 1328 vaticiniornm
2752 1274 2819 1329 de
2866 1273 3080 1327 Domini
3134 1272 3399 1343 mysterio

1819 1366 2049 1422 edoctus
2087 1375 2256 1429 esset,
2309 1381 2373 1420 ac
2421 1366 2587 1420 sciret
2615 1367 2669 1419 in
2716 1366 2992 1420 Bethleem
3029 1365 3247 1435 quidem
3288 1365 3403 1434 pri-

1821 1472 1965 1510 mam
1998 1456 2091 1512 Dei
2138 1456 2563 1526 patefactionem
2607 1457 2663 1510 in
2707 1472 2875 1512 carne
2916 1456 3181 1522 futuram,
3209 1471 3400 1511 verum

1820 1549 2072 1604 eunuiem
2125 1548 2395 1603 Nazareth
2430 1549 2715 1619 degentem
2749 1549 2987 1603 Nazareni
3031 1564 3229 1602 nomen
3277 1562 3404 1603 con-

1823 1650 2141 1698 secuturum
2174 1660 2188 1697 :
2222 1641 2288 1696 ad
2317 1641 2430 1695 haec
2470 1641 2637 1712 igitur
2668 1649 2904 1712 utraque
2938 1641 3267 1711 respiciente
3291 1639 3401 1695 Na-

1822 1734 2063 1798 thanael,
2097 1749 2395 1803 secumque
2419 1734 2812 1804 perpendente,
2841 1734 2893 1788 in
2927 1732 3144 1788 Davidis
3182 1731 3402 1802 quidem

1821 1826 2022 1897 oppido
2056 1823 2333 1880 Bethleem
2377 1825 2752 1879 necessarium
2803 1839 2925 1880 esse
2965 1824 3175 1879 ratione
3204 1822 3403 1877 nativi-

1822 1917 1952 1971 tatis
1984 1915 2246 1980 carnalis,
2279 1914 2444 1977 antri,
2479 1912 2802 1978 fasciarum,
2830 1923 2883 1968 et
2910 1913 3167 1982 praesepis
3205 1919 3404 1984 myste-

1823 2007 1962 2060 rium
1996 2006 2216 2061 evenire
2249 2019 2261 2055 :
2288 2005 2381 2059 sed
2417 2005 2779 2060 nihilominus
2803 2003 3082 2059 Galilaeam
3109 2004 3222 2073 (qui
3251 2004 3404 2059 locus

1821 2098 2169 2153 ethnicorum
2200 2096 2482 2150 hominum
2510 2095 2669 2151 sedes
2695 2096 2834 2165 erat)
2864 2110 3062 2149 nomen
3101 2094 3403 2163 aliquando

1823 2198 2244 2245 consecuturam
2274 2189 2342 2244 ab
2370 2204 2437 2245 eo
2455 2188 2658 2254 Verbo,
2690 2188 2835 2258 quod
2868 2188 3098 2242 libenter
3127 2187 3193 2240 ad
3219 2196 3408 2256 gentes

1824 2284 2313 2353 commigraturum
2365 2293 2513 2339 esset
2541 2302 2554 2338 :
2589 2291 2754 2353 atque
2788 2282 2932 2336 hanc
2958 2280 3028 2335 ob
3061 2295 3284 2335 causam
3315 2270 3407 2337 ad-

1825 2373 2052 2427 cedente
2108 2372 2344 2442 denique
2395 2369 2698 2426 Nathanael
2747 2372 2897 2425 illius
2950 2371 3006 2425 in
3051 2370 3408 2435 sententiam,

1825 2462 1917 2532 qui
1944 2463 2123 2518 lumen
2156 2464 2261 2518 hoc
2279 2463 2614 2534 cognitionis
2632 2462 2682 2516 ei
2699 2470 3215 2524 commonstrasset,
3244 2461 3410 2529 idque

1827 2555 2006 2610 verbis
2055 2554 2140 2609 his
2195 2555 2511 2610 declarante
2542 2571 2556 2608 :
2597 2553 2774 2609 Potest
2800 2568 2828 2606 e
2852 2550 3128 2607 Nazarelh
3157 2550 3280 2604 boui
3300 2551 3406 2604 ali-

1829 2645 1952 2716 quid
2000 2647 2297 2702 exsistere?
2362 2657 2475 2701 tum
2529 2659 2660 2701 vero
2719 2643 2940 2698 tandem
2998 2642 3279 2712 Philippus
3338 2641 3407 2696 ad

1829 2736 1969 2790 banc
2004 2736 2235 2807 gratiam
2268 2732 2349 2790 illi
2386 2752 2446 2792 se
2474 2736 2668 2791 ducem
2703 2735 2926 2808 praebet,
2963 2749 3088 2788 cum
3114 2720 3194 2788 'ait
3230 2752 3244 2788 :
3282 2731 3411 2787 Veni

1830 2846 1895 2882 ac
1912 2829 2044 2885 vide.
2076 2829 2195 2896 Quo
2221 2830 2449 2896 factum,
2470 2837 2529 2885 ut
2560 2829 2863 2885 Nathanael
2896 2829 3088 2885 relicta
3122 2829 3253 2899 legis
3279 2828 3412 2894 ficu,

1830 2922 1987 2992 cujus
2015 2922 2209 2977 umbra
2237 2921 2631 2993 impedimento
2664 2931 2781 2979 erat
2802 2922 2876 2985 ei,
2909 2936 3020 2993 quo
3053 2920 3238 2977 minus
3267 2921 3410 2977 lucis

130 3006 384 3078 ’καθαρὸν
410 3006 493 3077 ἐφ’
526 3004 721 3059 ἑαυτοῦ
753 3003 967 3066 δεικνὺς
1013 3000 1104 3055 τὸν
1134 3004 1456 3076 χαρακτῆρα
1481 3005 1573 3058 τοῦ
1614 3024 1725 3059 πα-

1914 3013 2107 3083 rticeps
2162 3013 2312 3069 lieret
2345 3032 2359 3069 :
2389 3016 2460 3070 ad
2499 3029 2627 3071 eum
2668 3015 2996 3085 perveniret,
3035 3014 3127 3085 qui
3155 3013 3242 3070 fici
3274 3013 3406 3068 folia

136 3100 429 3173 τριάρχου.
458 3098 571 3153 Ἴδε
598 3097 729 3169 γὰρ,
742 3097 925 3168 φησιν,
969 3095 1350 3164 Ἰσραηλίτης
1377 3096 1448 3151 ἐν
1469 3090 1519 3164 ᾧ
1545 3097 1726 3168 δόλος

1914 3110 2055 3173 >pter
2088 3103 2433 3159 sterilitatem
2471 3104 2524 3158 in
2579 3102 2925 3174 proferendis
2954 3103 3114 3161 bonis
3162 3105 3415 3159 exsicca-

137 3190 258 3243 οὐκ
281 3187 438 3241 ἔστι.

1832 3195 1930 3250 vit.
1962 3193 2146 3265 anue
2170 3194 2238 3249 de
2261 3209 2430 3250 causa
2460 3194 2838 3250 testimonium
2860 3194 2911 3249 ei
2936 3192 3175 3250 Verbum
3199 3193 3413 3258 tribuit,

138 3281 293 3353 quod
314 3294 606 3351 germanus
629 3276 899 3343 Israelita,
926 3291 1031 3331 non
1054 3275 1275 3345 spurius
1303 3284 1491 3333 esset:
1529 3280 1729 3352 quippe
1770 3285 2121 3355 qui-minime
2179 3285 2533 3343 fraudulento
2567 3286 2737 3340 animi
2793 3286 3044 3341 instituto
3105 3300 3302 3356 purum
3359 3286 3439 3340 in.

54 3401 89 3411 -
141 3389 269 3429 sese
333 3372 660 3443 patriarcha:
721 3371 871 3424 illius
930 3372 1313 3424 characterem
1394 3371 1726 3430 ostenderet.
1765 3381 1868 3445 En,
1894 3378 2090 3448 inquit,
2119 3394 2234 3432 vere
2261 3377 2536 3443 Israelita,
2566 3378 2621 3431 in
2644 3393 2746 3446 quo
2777 3376 2931 3431 dolus
2958 3393 3062 3432 non
3099 3385 3201 3432 est.

217 3462 365 3533 Πρὸς
386 3465 413 3517 ὃ
435 3478 489 3515 τι
517 3460 572 3514 δὲ
594 3460 793 3531 ¹βλέπει
838 3461 900 3513 τὸ
941 3463 999 3515 ὲν
1030 3461 1108 3532 τῷ
1149 3459 1419 3533 προοιμίῳ
1459 3461 1738 3534 διήγημα,

143 3559 391 3630 φανερόν
425 3560 539 3610 ἐστι
574 3556 793 3620 πάντως
823 3559 935 3621 τοῖς
989 3554 1411 3625 εὖμαθεστέροις
1442 3555 1739 3628 ἀκροαταῖς

144 3654 217 3705 ὲκ
242 3649 347 3717 τῆς
383 3645 737 3718 προτεθείσης
764 3646 902 3699 κατὰ
925 3645 986 3699 τὸ
1008 3644 1298 3698 ἀκόλουθον
1324 3646 1456 3714 ἡμῖν
1490 3646 1736 3715 ἀναγνώ-

144 3757 292 3802 σεως
319 3740 418 3809 τῆς
456 3740 518 3791 ἐκ
547 3736 641 3790 τοῦ
678 3738 956 3809 ’ᾼσματος
989 3737 1097 3789 τῶν
1127 3736 1406 3808 ᾀσμάτων.
1450 3739 1539 3801 Ὠς
1574 3739 1683 3811 γὰρ
1707 3741 1735 3794 ὁ

145 3833 252 3904 μὶν
294 3830 546 3902 Ἀνδρέας
564 3832 630 3900 τῇ
664 3832 813 3901 φωνῇ
853 3828 947 3882 τοῦ
1000 3829 1245 3883 Ἰωάννου
1277 3829 1413 3901 πρὸς
1441 3830 1531 3884 τὸν
1566 3830 1734 3902 ἀμνὸν

143 3920 410 3993 ὠδηγήθη
438 3939 452 3953 ’
487 3922 515 3974 6
549 3920 605 3973 δὲ
656 3920 951 3992 Ναθαναὴλ
985 3920 1413 3991 φωταγωγηθεὶς
1449 3923 1601 3994 παρὰ
1638 3922 1733 3975 τοῦ

143 4012 418 4066 Φιλίππου
444 4052 459 4077 ,
506 4011 601 4065 καὶ
659 4013 758 4081 τῆς
811 4009 1170 4081 περιεχούσης
1218 4009 1378 4064 αὐτὸν
1430 4010 1525 4064 τοῦ
1572 4011 1735 4082 νόμου

149 4112 318 4174 σκιᾶς
356 4107 461 4173 ἔξω
498 4108 802 4177 γενόμενος,
837 4107 894 4158 ὲν
922 4104 1000 4176 τῷ
1036 4106 1174 4174 φωτὶ
1215 4103 1292 4176 τῷ
1328 4104 1566 4176 ἀληθινῴ
1602 4105 1738 4173 γίνε-

144 4218 282 4255 ται·
313 4199 456 4252 οὕτω
482 4198 575 4251 καὶ
606 4199 660 4250 αἱ
689 4195 925 4259 νεάνιδες
962 4194 1098 4266 πρὸς
1126 4193 1221 4265 τὴν
1266 4193 1480 4266 εὕρεσιν
1506 4194 1599 4247 τοῦ
1636 4212 1742 4267 μη-

1914 3468 2035 3535 Quo
2049 3476 2230 3523 autem
2271 3468 2388 3523 haec
2422 3469 2476 3522 in
2496 3468 2724 3522 exordio
2761 3474 2972 3536 spectet
3007 3467 3276 3533 narratio,
3301 3482 3416 3522 om-

1839 3561 1974 3615 nino
2008 3558 2360 3614 manifestum
2412 3569 2495 3614 est
2529 3557 2879 3613 auditoribus
2915 3574 3025 3612 non
3056 3559 3216 3628 plane
3245 3559 3417 3628 impeo

1837 3651 1960 3706 ritis
1982 3666 2047 3706 εκ
2077 3650 2328 3715 lectione,
2367 3663 2532 3717 quam
2561 3646 2757 3702 ordine
2783 3647 2864 3701 sic
2895 3655 3155 3716 poscente
3178 3645 3248 3701 de
3281 3645 3418 3700 Can-

1837 3740 1943 3797 tico
1966 3740 2305 3795 canticorum
2329 3738 2737 3809 proposuimus.
2771 3734 3238 3801 Quemadmodum
3269 3736 3416 3791 enim

1838 3831 2086 3887 Andreas
2114 3829 2333 3902 quidem
2385 3844 2484 3900 per
2518 3843 2710 3883 vocem
2741 3826 2970 3883 Joannis
3015 3824 3084 3880 ad
3117 3840 3314 3896 agnum
3350 3825 3416 3878 il-

1838 3925 1953 3980 lum
1976 3924 2242 3979 deductus
2266 3930 2390 3991 est;
2425 3920 2732 3976 Nathanael
2771 3926 2953 3975 autem
3005 3932 3035 3971 a
3073 3917 3324 3987 Philippo
3349 3916 3416 3971 ad

1841 4017 2016 4072 lucem
2040 4014 2262 4079 ductus,
2290 4023 2346 4069 et
2376 4029 2406 4068 a
2444 4013 2825 4069 circumdante
2852 4002 3028 4081 ipsum
3060 4010 3196 4080 legis
3221 4009 3418 4064 umbra

1841 4108 2144 4181 digressus,
2200 4122 2390 4163 verum
2434 4107 2501 4160 ad
2564 4105 2745 4159 lumen
2785 4103 3082 4175 pervertit:
3125 4103 3207 4158 sic
3254 4102 3418 4156 etiam

1844 4198 2257 4270 haejuvenculee
2307 4197 2375 4253 ad
2426 4197 2799 4252 inventionem
2859 4193 3084 4249 indicati
3135 4193 3216 4248 eis
3267 4191 3420 4256 boni,

147 4291 410 4354 νυθέντος
462 4290 652 4351 αὑταῖς
683 4284 892 4355 ἀγαθοῦ
926 4285 1261 4356 καθηγεμόνι
1301 4285 1541 4356 χρῶνται
1565 4288 1633 4355 τῇ
1661 4302 1738 4339 τε·

1918 4291 2025 4345 ima
2094 4288 2523 4361 pulchritudinis
2586 4286 2977 4358 perfectionem
3039 4284 3236 4353 adepta
3272 4283 3420 4338 duce

147 4382 444 4452 λειωθείσῃ
479 4380 567 4455 διὸι
594 4378 688 4433 τοῦ
728 4377 957 4440 κάλλους
983 4376 1126 4447 ψυχῇ
1161 4391 1174 4405 ⁸
1206 4376 1460 4444 λέγουσαι
1484 4375 1618 4445 πρὸς
1643 4377 1739 4428 αὐ-

147 4472 434 4551 τήνῇΠοῦ
485 4468 758 4538 ἀπῆλθεν
789 4471 820 4523 ὁ
862 4466 1184 4541 ἀδελφιδός
1227 4480 1366 4531 σου,
1400 4466 1437 4535 ἡ
1477 4465 1634 4534 καλὴ
1673 4466 1741 4520 ἐν

150 4564 403 4637 γυναιξί
428 4579 448 4627 ;
477 4563 600 4618 Ποῦ
650 4560 989 4629 ἀπέϐλεψεν
1032 4563 1061 4613 ό
1096 4558 1418 4627 ἀδελφιδός
1462 4572 1612 4622 σου,
1640 4560 1751 4613 καὶ·

152 4655 505 4725 ζητήσομεν
523 4652 710 4706 αὐτόν
749 4653 898 4721 μετὰ
929 4649 1085 4713 σοῦ;
1129 4649 1458 4711 Ἀκολούθως
1488 4648 1546 4703 δὲ
1583 4665 1746 4720 προσ-

152 4752 357 4817 άγουσι
384 4749 453 4817 τῇ
482 4743 783 4813 διδασκάλῳ
814 4742 910 4813 τὴν
945 4739 1137 4795 πεῦσιν
1175 4741 1231 4794 αί
1261 4740 1518 4813 παρθένοι
1554 4739 1741 4811 ψυχαί.

152 4839 385 4911 Πρῶτον
433 4836 543 4907 γὰρ
575 4836 702 4906 περὶ
748 4834 840 4888 τοῦ
874 4832 927 4886 τί
974 4835 1119 4886 ἐστιν
1162 4831 1422 4902 ἐποίησαν
1453 4830 1544 4884 τδν
1567 4831 1743 4900 λόγον,

152 4934 217 4984 ἐν
248 4930 329 5001 τῷ
358 4930 466 5001 πρὸ
500 4928 703 4999 ταύτης
732 4928 832 4998 τῆς
861 4926 1072 4998 ρήσεως
1106 4926 1420 4996 ἐρωτήματι
1446 4924 1699 4994 λέγουσαι
1726 4938 1741 4951 ·

159 5025 226 5078 Τί
278 5021 601 5091 ἀδελφιδός
647 5037 798 5083 σου,
836 5020 874 5087 ἡ
925 5016 1082 5084 καλὴ
1117 5016 1188 5070 ἐν
1219 5015 1530 5086 γυναιξίνς
1570 5017 1745 5086 Ὅπερ

154 5119 498 5190 διδαχθεῖσαι
525 5115 612 5168 διὰ
662 5115 765 5168 τῶν
798 5112 1103 5185 εἰρημένων
1149 5111 1411 5181 σημείων,
1435 5112 1517 5164 ὅτι
1556 5110 1747 5173 λευκὸς

157 5211 255 5265 καὶ
292 5209 523 5281 πυρρὸς,
543 5208 642 5260 καὶ·
669 5206 736 5260 τὰ
765 5204 926 5259 λοιπὰ
965 5203 1031 5257 δι’
1065 5195 1139 5258 ὧν
1179 5202 1484 5273 ὑπογράφει
1511 5202 1572 5256 τὸ
1610 5199 1745 5265 εἶδος

162 5302 256 5355 τοῦ
285 5298 642 5370 ζητουμένου,
683 5297 810 5368 περὶ
852 5295 946 5350 τοῦ
977 5297 1109 5350 ὅπου
1140 5294 1513 5349 πυνθάνονται.
1539 5294 1631 5347 Διὸ
1662 5293 1745 5347 λέ-

170 5409 345 5462 γουσι,
376 5390 501 5444 Ποῦ
521 5389 796 5455 ἀπῆλθεν
823 5391 856 5442 ὀ
880 5387 1203 5457 ἀδελφιδός
1233 5404 1372 5449 σου,
1404 5386 1435 5457 ἢ
1464 5387 1581 5441 ποῦ
1606 5386 1750 5441 ἀπέ-

162 5484 395 5550 ϐλεψεν
411 5497 432 5544 ;
455 5481 573 5533 Ἵνα
600 5480 815 5542 πάντως
843 5479 975 5531 ὅπου
1008 5478 1106 5547 μέν
1131 5479 1245 5530 ἐστι
1276 5478 1563 5549 μαθοῦσαι,
1581 5494 1747 5549 προσ-

238 5664 286 5696 ⁶³
314 5660 478 5720 Joan.
511 5676 550 5727 l,
582 5661 669 5716 45.
746 5656 791 5689 ’⁸
813 5655 948 5713 ibid.
978 5656 1040 5711 41
1076 5670 1200 5726 sqq.

1849 4391 2096 4446 utuntur,
2128 4397 2358 4450 eamque
2396 4379 2478 4435 sic
2506 4379 2833 4447 compellant
2858 4393 2872 4431 ;
2900 4376 3018 4441 Quo
3054 4375 3186 4428 abiit
3227 4390 3419 4443 cogna-

1849 4483 1933 4529 tus
1961 4484 2107 4538 tuus,
2129 4491 2159 4528 ο
2183 4473 2406 4543 pulchra
2429 4473 2566 4526 inter
2600 4470 2889 4525 mulieres?
2923 4484 3025 4538 quo
3064 4470 3287 4536 respexit
3327 4482 3420 4526 co.-

1847 4576 2061 4636 gnatus,
2085 4575 2133 4620 et
2156 4580 2450 4636 quazremus
2470 4578 2589 4617 eum
2610 4563 2824 4616 tecum?
2865 4559 3034 4615 Recte
3054 4567 3233 4614 autem
3257 4566 3421 4627 atque

1841 4656 2036 4711 ordine
2092 4657 2331 4727 virgines
2383 4654 2485 4718 hae,
2520 4652 2778 4708 nimirum
2813 4652 3031 4714 animae,
3086 4664 3235 4704 nunc
3290 4650 3422 4703 illud

1844 4748 2208 4818 interrogant.
2266 4746 2510 4802 Primqu
2573 4744 2721 4799 enim
2788 4743 2983 4798 locuta:
3038 4747 3171 4796 sunt
3209 4741 3278 4795 de
3333 4755 3421 4801 eo.

1845 4839 2113 4910 quidnam
2170 4847 2336 4905 esset,
2404 4851 2528 4893 cum
2589 4834 2933 4907 praecedente
2994 4832 3421 4899 interrogatione

1845 4935 2100 4999 quaerunt
2133 4947 2145 4982 :
2189 4928 2331 4994 Quid
2352 4937 2605 4998 cognatus
2648 4934 2788 4990 tuus,
2837 4939 2865 4977 ο
2896 4921 3115 4990 pulchra
3138 4921 3275 4975 inter
3307 4935 3414 4973 mu.

1854 5023 2052 5077 lieres?
2111 5021 2178 5077 de
2231 5038 2341 5092 quo
2370 5022 2577 5077 edoctae
2617 5036 2714 5091 per
2745 5016 2993 5088 exposita
3024 5015 3246 5078 indicia,
3278 5014 3422 5083 quod

1852 5113 2142 5175 candidus,
2182 5121 2235 5167 et
2265 5114 2630 5179 rubicundus,
2656 5120 2711 5166 et
2764 5117 2980 5174 extera,
3007 5107 3211 5177 quibus
3247 5104 3423 5160 forma

1852 5205 2066 5276 quaesiti
2098 5205 2371 5274 descripta
2415 5214 2538 5262 est:
2573 5221 2719 5259 nunc
2746 5204 2814 5260 de
2848 5203 2968 5257 loco
2996 5200 3089 5255 ubi
3127 5200 3218 5263 sit,
3254 5198 3422 5254 inter-

1852 5304 2068 5368 rogant.
2110 5294 2226 5350 Non
2279 5305 2562 5366 propterea
2597 5297 2808 5360 dicunt,
2859 5294 2976 5361 Quo
2998 5291 3127 5345 abiit
3169 5299 3424 5361 cognatus

1855 5400 1997 5453 tuus,
2025 5388 2109 5442 vel
2137 5404 2236 5457 quo
2289 5388 2557 5455 respexit?
2587 5398 2643 5440 ut
2683 5388 2904 5456 cognito
2945 5400 3170 5455 prorsus
3202 5383 3291 5439 ubi
3328 5383 3423 5447 sit,

1855 5481 2081 5535 adorent
2112 5479 2165 5533 in
2217 5478 2312 5532 illo
2342 5477 2482 5541 loco,
2517 5493 2625 5537 quo
2667 5478 2835 5547 pedes
2865 5478 3014 5533 illius
3043 5476 3335 5533 steterint:
3368 5481 3420 5530 et
