3756 5988
346 229 476 286 1091
515 235 522 244 “

1569 229 1630 289 S.
1671 227 2000 292 GREGORII
2040 228 2331 294 NYSSENI

3459 239 3582 305 l0)!

341 361 452 415 quo
507 343 766 413 respiciat
819 341 1049 409 edoctae,
1084 347 1165 400 sic
1209 354 1382 402 semet
1407 349 1770 416 constituant,
1799 367 1850 422 qi

2031 356 2318 426 ιυνήσωσιν
2348 356 2428 419 είς
2459 355 2549 410 τὸν
2581 357 2746 411 τόπον
2775 347 2837 409 οὗ
2863 355 3098 428 ἔστησαν
3138 359 3186 412 ol
3211 358 3372 424 πόδες
3405 361 3579 428 αὑτοῦ,

338 443 393 492 et
427 436 496 490 ab
525 436 660 506 ipsis
681 436 800 505 ejus
822 436 996 506 gloria
1038 437 1429 508 conspiciatur,
1447 441 1606 510 cujus
1645 444 1917 513 apparitio

339 527 569 581 salutem
598 527 747 582 aﬂ'ert
817 529 1246 598 aspectantibus,
1270 523 1748 600 quemadmodum
1780 533 1916 589 Pro-

339 618 500 686 pheta
556 618 647 672 ille
681 619 924 688 loquitur
961 618 1230 674 :Ostende
1263 623 1413 697 nobis
1449 623 1640 691 faciem
1675 634 1841 689 tuam,
1865 635 1916 679 et

337 707 472 760 salvi
509 710 704 762 erimus
759 709 823 761 ⁸⁸.
859 708 1118 779 Magistra
1169 727 1301 766 vero
1359 712 1475 767 haec
1508 714 1573 768 ad
1603 717 1912 784 exemplum

336 795 572 868 Philippi
616 799 873 864 dicentis,
950 799 1076 854 Veni
1130 817 1193 855 ac
1233 801 1369 869 vide,
1402 804 1606 873 praebet
1633 819 1693 860 se
1716 805 1912 859 ducem

335 889 662 960 virginibus,
719 898 778 945 ut
835 908 996 962 quem
1050 894 1372 961 quaarebant
1411 907 1776 964 assequamur
1812 915 1825 952 :
1858 903 1913 953 et

335 995 435 1050 pro
461 996 527 1035 eo
561 982 705 1052 quod
764 983 980 1046 ait-ille,
1026 983 1152 1039 Vide
1180 1001 1198 1038 :
1235 986 1414 1040 locum
1462 987 1688 1050 indicat,
1719 987 1772 1040 in
1801 1003 1913 1057 quo

332 1070 407 1124 sit
434 1071 482 1126 is
514 1087 674 1141 quem
705 1081 976 1141 quaerunt,
1011 1074 1309 1144 itidemque
1351 1089 1461 1145 quo
1493 1077 1770 1145 respiciat.
1817 1077 1912 1133 Sic

330 1163 476 1218 enim
507 1164 579 1217 ait
607 1182 620 1218 :
651 1164 917 1232 Cognatus
962 1182 1106 1220 meus
1138 1167 1401 1220 descendit
1439 1168 1492 1221 in
1512 1167 1723 1222 hortum
1753 1185 1910 1223 suum

332 1253 402 1305 ad
427 1253 636 1322 phialas
667 1254 950 1308 aromatis.
998 1253 1276 1310 Hactenus
1315 1255 1650 1321 ostenditur,
1680 1257 1770 1312 ubi
1812 1259 1907 1313 sit.

334 1345 599 1416 Deinceps
639 1362 788 1411 vero,
831 1348 962 1417 quid
1007 1355 1239 1418 spectet,
1273 1356 1327 1404 et
1352 1364 1463 1418 quo
1509 1351 1792 1419 respiciat,
1819 1353 1907 1408 his

331 1437 512 1492 verbis
563 1440 819 1506 magistra
867 1447 1174 1493 monstrat:
1218 1439 1282 1495 Ut
1329 1450 1512 1503 pascat
1542 1443 1595 1495 in
1637 1443 1825 1503 hortis,
1857 1452 1908 1496 et

331 1527 545 1596 colligat
601 1525 741 1579 lilia.
774 1527 955 1595 Atque
986 1527 1100 1581 haec
1131 1529 1288 1596 quasi
1337 1529 1586 1599 quaedam
1643 1545 1906 1600 corporea

327 1627 382 1671 et
430 1625 658 1670 externa
709 1624 791 1671 est
845 1631 944 1684 pro
985 1618 1299 1687 juvenculis
1334 1621 1715 1686 manuductio,
1760 1624 1906 1680 unde

327 1709 638 1780 intelligunt
671 1709 775 1764 illa;
808 1723 920 1765 tam
949 1710 1042 1765 ubi
1067 1711 1160 1777 sit,
1182 1726 1346 1782 quam
1377 1727 1489 1783 quo
1518 1714 1798 1784 respiciat.

395 2010 632 2065 Omnino
665 2026 795 2068 vero
831 2012 994 2068 etiam
1029 2012 1238 2068 utilitas
1273 2014 1456 2085 aliqua
1491 2014 1558 2071 de
1593 2016 1680 2073 his
1715 2019 1902 2074 verbis

321 2116 353 2156 a
403 2111 598 2156 sancto
649 2102 860 2173 Spiritu
915 2103 1180 2174 profectis
1216 2107 1564 2176 percipienda
1592 2109 1748 2164 nobis
1780 2118 1897 2176 est,

323 2192 487 2259 idque
529 2207 624 2262 per
658 2193 1181 2262 contemplationem
1220 2195 1582 2263 spiritualem.
1623 2197 1758 2251 Cum
1799 2199 1901 2264 igi-

319 2289 410 2335 tur
443 2283 696 2336 audimus
743 2283 858 2337 haec
891 2284 1090 2336 verba:
1125 2281 1398 2352 Cognatas
1442 2301 1586 2339 meus
1628 2285 1899 2341 descendit

319 2373 375 2424 in
405 2372 616 2425 hortum
644 2388 798 2425 suum
823 2387 840 2425 :
870 2379 1044 2424 totum
1074 2369 1351 2442 Evangelii
1381 2373 1702 2446 mysterium
1728 2375 1899 2430 disci-

318 2477 476 2527 mus,
509 2462 754 2530 quolibet
787 2477 850 2516 ex
880 2461 966 2516 his
997 2464 1268 2519 vocabulo
1300 2481 1416 2520 rem
1447 2480 1705 2520 arcanam
1738 2468 1898 2525 nobis

317 2553 654 2609 declarante.
692 2555 964 2610 Nimirum
997 2559 1139 2627 quod
1177 2559 1224 2615 is
1260 2557 1404 2613 Deus
1425 2598 1440 2622 ,
1469 2558 1562 2628 qui
1594 2557 1648 2611 in
1679 2573 1745 2614 eo
1778 2559 1897 2630 ipso

239 2691 250 2702 ,
318 2643 623 2710 patefactus
649 2651 734 2698 cst
767 2646 820 2697 in
851 2661 1050 2712 carne,
1083 2647 1210 2716 quia
1239 2648 1306 2703 de
1335 2645 1475 2702 Juda
1501 2655 1658 2703 ortus
1689 2657 1810 2714 est,
1842 2657 1898 2704 et

316 2735 572 2802 gentibus
609 2735 665 2789 in
695 2737 930 2806 caligine
962 2745 1126 2808 atque
1153 2741 1348 2794 umbra
1392 2740 1587 2795 mortis
1649 2739 1895 2794 sedenti-

321 2831 422 2885 bus
496 2827 679 2882 illuxit
703 2867 717 2892 ,
752 2838 900 2883 recte
927 2837 981 2883 et
1015 2838 1136 2898 apta
1169 2831 1383 2886 ratione
1412 2831 1632 2901 cognati
1670 2831 1892 2885 nomine

317 2930 346 2970 a
377 2921 712 2987 desponsata
749 2919 853 2974 sibi
885 2919 952 2972 ad
981 2928 1244 2975 aeternam
1293 2921 1743 2990 conjunctionem
1796 2937 1893 2992 ap-

2021 446 2155 500 ὅπου
2187 446 2245 500 δὲ
2271 447 2566 501 ἀποϐλέπει
2599 447 2951 518 διδαχθεῖσαι,
2977 448 3118 502 οὕτω
3154 451 3426 522 στήσωσιν
3469 453 3585 505 ἑαυο

2020 537 2150 599 τάςο
2177 537 2318 591 ὥστε
2366 540 2458 592 καὶ
2497 539 2687 603 αὐταῖς
2722 539 3022 608 ὲποφθῆναι
3051 540 3151 611 τὴν
3187 540 3345 607 δόξαν
3391 542 3583 594 αὐτοῦ’

2020 621 2081 680 οὗ
2109 626 2142 698 ἠ
2172 625 2463 698 ἐπιφάνεια
2510 631 2752 702 σωτηρία
2781 630 2889 684 τῶν
2918 632 3326 691 ἐποπτευόντων
3363 632 3588 700 γίνεται,

2019 717 2202 783 καθώς
2230 737 2392 791 φησιν
2423 723 2452 775 6
2483 723 2796 794 Προφήτης,
2829 724 2911 777 ὅτι
2953 725 3282 794 Ἐπίφανον
3308 723 3377 776 τὸ
3409 724 3591 792 πρόσ-

2018 815 2182 864 ωπόν
2206 825 2344 876 σου,
2369 811 2465 868 καὶ
2491 814 2905 882 σωθησόμεθα.
2932 814 3043 868 Καὶ⁸
3065 817 3098 885 ἡ
3129 806 3448 877 διδάσκαλος
3472 813 3590 866 καθ’

2017 905 2305 976 ὁμοιότητα
2342 905 2605 959 Φιλίππου
2647 907 2741 960 τοῦ
2781 909 3025 971 εἰπόντος
3049 925 3064 940 ·
3098 909 3318 976 Ἔρχου
3345 907 3446 960 καί
3480 904 3589 968 ἴδε,

2016 994 2335 1066 καθηγεῖται
2386 997 2494 1050 τῶν
2543 999 2760 1051 πάντων
2809 997 2946 1070 πρὸς
2991 997 3089 1068 τὴν
3117 998 3208 1050 τοῦ
3253 997 3590 1067 ζητουμένου

2017 1087 2336 1158 κατάληψιν,
2372 1089 2493 1142 ἀντὶ
2521 1085 2614 1141 τοῦ
2653 1091 2846 1154 εἰπεῖν,
2880 1088 2942 1142 τὸ
2977 1089 3109 1152 Ἴδε,
3135 1089 3224 1142 τὸν
3253 1089 3420 1142 τόπον
3457 1089 3590 1140 ὑπο-

2015 1177 2331 1232 δεικνύουσα
2367 1179 2426 1231 ὲν
2463 1172 2508 1247 ᾧ
2541 1180 2689 1232 ὲστιν
2712 1181 2740 1232 ό
2778 1177 3140 1250 ζητούμενος,
3169 1180 3265 1233 καὶ
3295 1181 3434 1232 ὅπου
3470 1177 3591 1249 βλέ-

2015 1287 2125 1323 πει.
2171 1271 2308 1340 Φησὶ
2355 1270 2464 1340 γάρ
2496 1286 2510 1301 ο
2537 1270 2616 1323 ὅτι
2683 1269 3029 1339 Ἀδελςειὸός
3068 1282 3188 1340 μου
3234 1271 3458 1337 κατέϐη
3506 1271 3593 1334 εις

2013 1360 2213 1429 κῆπον
2253 1365 2339 1429 είς
2387 1363 2607 1432 φιάλας
2649 1363 2757 1418 τοῦ
2809 1365 3132 1434 ἀρώματος.
3184 1365 3329 1426 Ἕως
3372 1361 3588 1425 τούτου,

2012 1453 2070 1505 ἐν
2095 1441 2139 1520 ᾧ
2163 1455 2308 1506 ἐστιν
2332 1454 2435 1506 ὑπὸ
2465 1455 2559 1508 τοῦ
2582 1454 2737 1522 λόγου
2774 1458 3110 1526 σημαίνεται.
3144 1455 3217 1507 T6
3239 1454 3294 1506 δὲ
3323 1455 3434 1506 ἀπὸ
3477 1452 3591 1506 τού-

2009 1558 2126 1612 του,
2151 1546 2204 1600 τί
2227 1546 2348 1616 ὁρᾷ,
2380 1547 2474 1599 καὶ
2501 1547 2632 1600 ὅπου
2665 1547 2847 1618 βλέπει
2874 1548 2952 1620 τῷ
2983 1543 3126 1617 λόγῳ
3157 1547 3430 1600 δείκνυσιν
3451 1547 3484 1615 ἡ
3509 1545 3588 1597 δι-

2009 1637 2304 1702 δάσκαλος,
2356 1637 2615 1706 λέγουσα·
2651 1639 2730 1692 ὅτι
2767 1640 3109 1709 Ποιμαίνειν
3136 1639 3206 1692 ἐν
3245 1636 3465 1703 κήποις
3490 1637 3586 1689 καὶ

1937 1710 1981 1765 Β
2011 1727 2302 1800 συνάγειν
2330 1730 2523 1798 κρίνα.
2559 1723 2708 1800 Αὕτη
2745 1729 2841 1801 μὲν
2873 1733 2907 1802 ἡ
2948 1729 3256 1800 σημαντικὴ
3287 1728 3383 1781 τοῦ
3425 1728 3582 1796 λόγου

2007 1822 2143 1891 πρὸς
2178 1821 2276 1885 τάς
2306 1821 2550 1885 νεάνιδάς
2588 1823 2734 1876 ἐστιν
2781 1817 2969 1892 ὁδηγία
3026 1822 3092 1875 δι’
3127 1816 3203 1876 ὦν
3252 1821 3582 1890 μανθάνουσι

2005 1912 2099 1965 καὶ
2127 1913 2260 1965 ὅπου
2287 1913 2424 1979 ἐστὶ,
2455 1913 2549 1967 καὶ
2573 1913 2705 1966 ὅπου
2735 1912 2940 1983 βλέπει.

2073 2000 2193 2075 Χρὴ
2219 2003 2275 2057 δὲ
2316 2006 2533 2069 πάντως
2564 2006 2656 2059 καὶ
2697 2006 2757 2058 τὸ
2781 2005 3053 2075 ὠφέλιμον
3086 2005 3184 2075 τῆς
3218 2004 3576 2060 Θεοπνεύστου

2002 2094 2203 2165 ταύτης
2231 2095 2523 2164 ἐπιγνῶναι
2550 2097 2770 2168 Γραφῆς
2797 2096 2884 2149 διὰ
2906 2097 3003 2165 τῆς
3033 2097 3408 2166 πνευματικῆς
3447 2097 3577 2150 05er-

2003 2184 2143 2254 ρίας.
2186 2183 2396 2237 Οὐκοῦν
2423 2185 2552 2239 ὅταν
2575 2185 2898 2255 ἀκούσωμεν
2932 2186 3012 2238 ὅτι
3060 2185 3402 2254 Ἅδελεριδὸς
3443 2202 3577 2239 κη’ιό

1999 2273 2104 2343 ἐϐη
2122 2278 2208 2341 είς
2228 2275 2426 2345 κῆπον
2446 2277 2652 2340 αὑτοῦ,
2669 2276 2730 2330 τὸ
2779 2277 3142 2345 Εύαγγελικδν
3171 2279 3470 2349 μυστήριον
3491 2278 3576 2332 διὰ

1998 2369 2108 2422 τῶν
2129 2368 2434 2440 εἰρημένων
2477 2368 2819 2440 μανθάνομεν
2839 2410 2854 2433 ,
2899 2369 3128 2423 ἑκάστου
3165 2370 3274 2422 τῶν
3296 2369 3578 2440 ὀνομάτων

1998 2459 2187 2513 τοῦτον
2215 2459 2305 2513 τδν
2335 2459 2592 2530 μυστικὸν
2622 2460 2780 2528 λόγον
2827 2461 2958 2531 ἡμῖν
2991 2461 3411 2532 σαφηνίζοντοςο
3459 2463 3489 2513 6
3521 2464 3574 2514 ὲν

2001 2552 2166 2622 σαρκὶ
2188 2553 2519 2624 φανερωθεὶς
2552 2553 2708 2617 Θεὸς,
2735 2552 2822 2606 διά
2847 2553 2907 2606 τὸ
2939 2548 3000 2617 ἐξ
3031 2554 3201 2606 ’ἰούδα
3233 2554 3331 2624 μὲν
3361 2555 3575 2607 ἀνατεῖο

1997 2643 2106 2707 λαι,
2157 2643 2368 2714 λάμψαι
2399 2644 2454 2697 δὲ
2494 2647 2607 2708 τοῖς
2639 2644 2814 2698 ἔθνεσι
2844 2648 2954 2710 τοῖς
2996 2648 3053 2698 ὲν
3101 2648 3278 2699 σκότει
3310 2648 3404 2699 καὶ
3448 2647 3573 2716 σκιᾷ

1997 2734 2224 2789 θανάτου
2249 2737 2593 2807 καθημένοις.
2609 2737 2788 2800 καλῶς
2815 2737 3220 2806 καὶιπροσφυῶς
3247 2738 3324 2808 τῷ
3345 2738 3572 2808 ὀνόματι

1994 2825 2087 2878 τοῦ
2120 2825 2400 2893 ἀδελφιδοῦ
2441 2826 2591 2897 παρά
2631 2826 2730 2895 τῆς
2776 2825 3206 2897 μνηστευθείσηςί
3237 2825 3388 2896 αὐτῷ
3437 2828 3571 2898 πρὸς

1994 2915 2160 2968 ἀΐδιον
2195 2914 2451 2984 συζυγίαν
2490 2914 2950 2985 κατονομάζεται,
3000 2916 3230 2986 ἀδελφῆς
3265 2916 3431 2988 οὔσης
3478 2917 3570 2970 τοῦ

316 3008 574 3078 pelletur,
610 3009 762 3079 quod
795 3025 859 3065 ea
889 3012 1078 3080 populi
1112 3028 1178 3065 ex
1211 3011 1353 3066 Juda
1386 3012 1495 3065 orti
1531 3028 1691 3070 soror
1722 3028 1850 3069 esse

2031 3006 2176 3060 Ιούδα
2216 3006 2365 3061 λαοῦ.
2421 3007 2495 3060 Τὸ
2526 3006 2584 3060 δὲ
2601 3007 2846 3077 Κατέϐη,
2887 3007 3056 3077 δηλοῖ,
3090 3004 3171 3060 ὅτι
3211 3007 3300 3062 διὰ
3339 3009 3432 3061 τὸν
3465 3006 3570 3062 ἀπὸ

318 3097 554 3154 Verbum
604 3108 823 3163 autem,
869 3098 1204 3164 Descendit,
1246 3100 1520 3171 significat
1562 3110 1785 3173 propter
1824 3104 1893 3158 il-

316 3190 466 3253 lum,
495 3190 588 3260 qui
615 3187 978 3260 Jerosolymis
1004 3188 1226 3244 Jericho
1254 3189 1582 3256 descendit,
1615 3192 1785 3262 inque
1814 3194 1896 3247 lac

315 3287 506 3333 trones
556 3278 756 3332 incidit
781 3278 872 3330 “z
908 3286 1132 3348 propter
1181 3278 1328 3334 hunc
1381 3279 1548 3350 igitur
1596 3281 1650 3334 in
1704 3281 1893 3339 hostes

314 3372 562 3440 lapsum,
587 3371 753 3424 etiam
778 3369 960 3439 ipsum
983 3370 1340 3426 descendisse
1367 3389 1379 3425 :
1407 3387 1516 3442 quo
1548 3373 1894 3444 signiﬁcatur

313 3459 455 3514 facta
481 3474 548 3514 ex
581 3459 842 3514 inellabili
877 3461 1162 3530 majestate
1187 3463 1253 3516 ad
1284 3461 1650 3518 humilitatem
1679 3473 1892 3521 naturae

311 3562 515 3607 nostrae
538 3551 828 3607 demissio.
863 3549 942 3604 Ex
975 3552 1121 3606 horti
1156 3556 1448 3624 aenigmate
1476 3555 1764 3622 discimus,
1793 3573 1888 3612 ve-

311 3659 432 3698 rum
466 3644 618 3698 illum
649 3643 945 3713 agricolam
979 3643 1048 3698 de
1079 3644 1294 3714 integro
1322 3661 1511 3700 arvqu
1549 3662 1709 3702 suum
1737 3649 1883 3718 plan-

309 3743 428 3791 tare
452 3775 467 3798 ,
505 3735 766 3790 nimirum
800 3750 902 3790 nos
942 3735 1214 3792 homines.
1273 3736 1486 3793 Etenim
1535 3754 1638 3794 nos
1691 3755 1885 3793 arvum

309 3830 483 3898 ipsius
526 3843 756 3893 sumus,
791 3828 1255 3899 quemadmodum
1299 3829 1503 3885 Paulus
1548 3831 1790 3901 loquitur
1818 3834 1883 3889 ".

310 3919 497 3989 Itaque
527 3935 652 3975 cum
690 3923 809 3990 ipse
842 3922 917 3976 sit
945 3921 1022 3986 is,
1054 3922 1148 3990 qui
1184 3937 1368 3976 rerum
1405 3921 1562 3976 initio
1593 3924 1886 3992 plantatio-

309 4027 431 4066 nem
465 4011 720 4066 humanae
751 4020 965 4067 natura:
993 4014 1266 4068 consitam
1298 4029 1329 4067 a
1360 4012 1521 4070 Patre
1549 4017 1762 4072 caelesti
1798 4034 1887 4072 ex-

306 4102 480 4156 coluit
506 4101 559 4154 in
593 4101 850 4171 paradiso
877 4120 890 4156 :
921 4117 1052 4172 aper
1075 4111 1258 4158 autem
1289 4104 1584 4174 singularis
1611 4115 1665 4160 et
1693 4107 1884 4161 immac

307 4195 392 4250 nis
423 4193 648 4248 hortum
681 4193 873 4259 illum,
921 4195 1180 4249 nimirum
1219 4210 1352 4260 nos,
1390 4196 1737 4265 depraedatus
1778 4198 1882 4265 sit,

305 4301 608 4356 arvumque
651 4285 900 4340 divinum
950 4286 1222 4342 vastarit:
1263 4287 1410 4343 hanc
1439 4289 1612 4358 ipsam
1645 4291 1716 4345 ob
1749 4305 1884 4346 cau-

2007 3098 2358 3168 Ἰερουσαλὴμ
2397 3099 2452 3162 ἐς
2491 3092 2698 3168 Ἰεριχὼ
2739 3099 3071 3162 καταὸάντα,
3107 3101 3198 3152 καὶ
3249 3101 3307 3152 ὲν
3337 3103 3450 3163 τοῖς
3477 3101 3569 3173 λῃ-

1997 3193 2149 3252 σταῖς
2178 3189 2464 3259 γενόμενον
2483 3207 2495 3221 ·
2526 3189 2616 3243 διὰ
2646 3189 2802 3242 τοῦτο
2829 3192 2923 3243 καὶ
2945 3191 3106 3253 αὐτὸς
3134 3194 3201 3261 τῇ
3229 3191 3441 3262 καθόδῳ
3473 3190 3567 3247 τοῦ

1994 3281 2322 3351 ἐμπεσόντος
2350 3282 2462 3344 τοῖς
2487 3279 2762 3350 πολεμίοις
2795 3283 3329 3353 συγκατερχεται⁶δι’
3356 3277 3432 3336 ὧν
3473 3301 3566 3355 ση-

1996 3374 2174 3444 μαίνει
2207 3373 2303 3444 τὴν
2349 3373 2412 3426 ὲκ
2453 3373 2552 3442 τῆς
2580 3373 2858 3444 ἀφράστου
2896 3375 3309 3444 μεγαλειότητος
3337 3377 3564 3446 γενομέδ

1992 3482 2088 3534 νην
2115 3466 2207 3518 ἐπὶ
2225 3465 2286 3518 τὺ
2303 3464 2553 3518 ταπεινὸν
2575 3465 2673 3534 τῆς
2703 3464 2916 3534 φύσεως
2945 3467 3098 3537 ημῶν
3130 3467 3560 3535 συγκατάὄασιν·

1991 3557 2079 3611 διὰ
2113 3557 2171 3610 δὲ
2203 3557 2296 3610 τοῦ
2319 3556 2460 3610 κατά
2481 3557 2572 3609 τὸν
2606 3557 2780 3627 κῆπον
2809 3557 3127 3628 αἰνίγματος
3162 3557 3321 3612 τοῦτο
3357 3559 3563 3628 μανθά-

1991 3667 2176 3720 νομεν,
2207 3649 2287 3702 ὃτι
2310 3648 2637 3718 ἀναφυτεύει
2666 3649 2728 3702 τὸ
2753 3649 2947 3702 ἑαυτοῦ
2972 3649 3236 3719 γεώργιον
3263 3651 3292 3703 6
3314 3651 3564 3722 ἀληθινὸς

1988 3741 2231 3811 γεωργὸς
2263 3741 2411 3810 ἡμᾶς
2441 3741 2566 3803 τοὺς
2609 3739 2945 3810 ἀνθρώπους.
3007 3740 3196 3810 Ἡμεῖς
3245 3743 3354 3812 γάρ
3398 3745 3563 3814 ἐσμεν

1988 3832 2150 3886 αὐτοῦ
2187 3831 2448 3902 γεώργιον
2478 3831 2616 3885 κατά
2657 3831 2756 3900 τὴν
2791 3832 3001 3886 Παύλου
3045 3834 3247 3903 φωνήν.
3292 3834 3446 3888 Ἐπεὶ
3471 3830 3561 3889 οὖν

1987 3926 2192 3987 ἐκεῖνός
2221 3927 2391 3988 ἐστιν,
2435 3925 2464 3976 6
2495 3924 2776 3995 καταρχὰς
2815 3926 2873 3976 ὲν
2902 3923 3210 3995 παραδείσῳ
3239 3927 3560 3995 γεωργήσας

1985 4014 2085 4084 τὴν
2103 4013 2452 4085 ἀνθρωπίνην
2479 4013 2656 4084 φύσιν.
2674 4013 2739 4083 ἢν
2761 4012 3057 4082 ἐφύτευσεν
3079 4012 3108 4064 ὁ
3132 4014 3322 4084 Πατὴρ
3346 4015 3376 4066 6
3402 4015 3560 4086 οὐρά-

1985 4122 2126 4168 νιος’
2162 4105 2249 4158 διά
2277 4104 2436 4158 τοῦτο
2456 4105 2548 4158 τοῦ
2587 4104 2770 4175 μονιοῦ
2801 4103 2895 4159 τοῦ
2922 4105 3112 4176 ἀγρίου
3152 4107 3556 4176 κατανεμηθὲν·

1983 4212 2074 4260 τος
2107 4197 2263 4266 ἡμῶν
2290 4196 2378 4249 τὸν
2395 4196 2569 4266 κῆπον
2589 4197 2684 4250 καὶ
2711 4197 3102 4268 λυμαινομένου
3123 4197 3184 4250 τὸ
3212 4183 3353 4251 θεῖον
3382 4199 3555 4268 γεώρ-

1984 4304 2123 4356 γιον,
2161 4287 2361 4358 κατέὃη
2411 4289 2505 4341 τοῦ
2544 4287 2703 4341 πάλιν
2749 4289 2971 4358 ποιῆσαι
3016 4289 3190 4360 κῆπον
3227 4289 3324 4360 τὴν
3355 4290 3554 4362 ἔρημον

306 4391 423 4431 sam
470 4376 786 4442 descendit,
836 4387 898 4432 ut
944 4377 1184 4434 ediceret
1232 4393 1343 4450 quo
1388 4377 1582 4434 hortus
1628 4381 1845 4436 desertu

2031 4379 2049 4449 ᾗ
2087 4377 2194 4432 τῶν
2228 4377 2438 4450 ἀρετῶν
2470 4379 2663 4448 φυτεία
2698 4379 3167 4449 καλλωπιζόμενον
3193 4394 3208 4409 ·
3257 4380 3356 4452 τὴν
3387 4381 3554 4434 καθα-

305 4482 523 4522 rursum
557 4483 656 4537 per
683 4469 948 4524 virtutum
981 4472 1349 4527 consitionem
1381 4481 1709 4538 ornaretur;
1742 4489 1882 4544 puro

304 4573 369 4614 ac
399 4557 588 4612 divino
613 4558 883 4614 doctrina:
913 4560 1066 4616 fonte
1099 4563 1166 4617 ad
1194 4563 1415 4633 plantas
1445 4562 1762 4631 huiusmodi
1795 4563 1878 4619 [ο-

304 4646 538 4712 vendas,
573 4663 671 4718 per
697 4649 968 4719 quosdam
999 4651 1158 4721 quasi
1195 4652 1343 4706 rivos
1386 4652 1662 4708 sermonis
1707 4651 1882 4708 dedu-

303 4748 410 4796 cto.
443 4739 648 4796 Phiale
678 4749 859 4796 autem
889 4744 1152 4799 aromatis
1183 4743 1451 4799 hactenus
1475 4743 1531 4797 in
1557 4743 1884 4814 descriptio-

303 4849 372 4890 ne
402 4834 832 4905 pulchritudinis
867 4837 1054 4905 sponsi
1088 4837 1154 4890 ad
1189 4837 1536 4891 maxillarum
1568 4841 1880 4892 encomium

303 4927 529 4984 fuerunt
559 4928 1023 4988 accommodatae.
1057 4928 1262 4997 quibus
1295 4929 1406 4982 cibi
1451 4927 1771 4998 spirituales
1812 4929 1882 4984 ad

304 5035 464 5077 usum
497 5019 903 5091 pascendorum
950 5021 1446 5076 comminuuntur:
1484 5020 1576 5075 hic
1605 5036 1735 5076 vero
1781 5036 1882 5090 pro

302 5111 425 5166 loco
455 5116 774 5172 sumuntur,
821 5122 932 5179 quo
990 5124 1229 5179 sponsus
1279 5110 1480 5177 degat:
1532 5105 1885 5165 discentibus

299 5217 368 5257 ex
395 5216 463 5256 eo
493 5201 655 5257 nobis
675 5241 690 5265 .
743 5216 856 5256 non
902 5203 1116 5257 versari
1169 5217 1533 5272 sponsumea
1563 5203 1618 5257 in
1658 5207 1841 5256 anima
1861 5242 1878 5268 ,

299 5292 396 5347 ubi
420 5294 690 5348 virtutum
719 5293 966 5363 quaedam
995 5295 1068 5350 sit
1092 5295 1337 5350 solitudo
1363 5311 1379 5362 ;
1406 5296 1498 5351 sed
1530 5310 1652 5362 qua!
1681 5309 1881 5349 secun-

300 5385 432 5436 dum
461 5383 732 5438 hactenus
758 5385 999 5440 indicata
1022 5426 1038 5451 ,
1066 5389 1329 5444 aromatis
1351 5394 1435 5442 est
1460 5387 1641 5456 phiala
1662 5427 1675 5451 ,
1700 5393 1755 5440 et
1783 5400 1881 5438 un-

299 5481 502 5545 guenta
545 5474 779 5543 profert.
828 5476 930 5543 Qui
984 5479 1111 5534 talis
1155 5486 1273 5544 est,
1307 5479 1355 5535 is
1385 5478 1672 5548 sapientiae
1699 5484 1882 5532 crater

1988 4470 2088 4542 ράν
2116 4471 2210 4523 καὶ
2250 4469 2400 4524 Θείαν
2439 4470 2536 4538 τῆς
2569 4469 2910 4532 διδασκαλίας
2943 4469 3146 4540 πηγὴν.
3187 4472 3279 4523 ἐπὶ
3317 4472 3416 4541 τὴν
3455 4472 3554 4524 τῶν

1985 4561 2238 4615 τοιούτων
2273 4561 2454 4629 φυτῶν
2493 4560 2811 4630 ἐπιμέλειαν
2857 4562 3122 4630 όχετήσας
3161 4561 3240 4630 τῷ
3276 4560 3422 4632 λόγῳ
3445 4579 3458 4592 ·
3500 4563 3552 4617 αἱ

1984 4653 2042 4707 δὲ
2061 4652 2154 4706 τοῦ
2179 4652 2468 4724 ἀρώματος
2501 4650 2688 4722 φιάλαι
2720 4652 2777 4703 ὲν
2817 4649 2916 4722 μὲν
2942 4653 3007 4721 τῇ
3041 4649 3134 4704 τοῦ
3169 4651 3398 4715 κάλλους
3425 4653 3550 4706 ὑπο-

1983 4746 2192 4816 γραφῇ,
2224 4745 2360 4815 πρὸς
2386 4743 2446 4797 τὸ
2469 4742 2577 4795 τῶν
2604 4742 2865 4810 σιαγόνων
2897 4740 3170 4812 ἐγκώμιον
3199 4743 3551 4815 παρελήφθης

1985 4853 2103 4901 σαν,
2139 4835 2205 4888 δι’
2233 4829 2308 4889 ὧν
2351 4833 2754 4889 καταλεαίνεται
2791 4834 2860 4888 τὰ
2893 4835 3237 4905 πνευματικὰ
3270 4837 3417 4888 σιτία
3445 4838 3550 4900 τοῖς

1979 4925 2333 4998 τρεφομένοις
2357 4942 2372 4955 ο
2401 4923 2630 4978 ἐνταῦθα
2651 4924 2706 4976 δὲ
2728 4925 2889 4987 τόπος
2917 4920 3052 4976 εἶναι
3081 4924 3172 4977 τοῦ
3197 4926 3432 4994 νυμφίου
3466 4926 3550 4978 καὶ

1982 5017 2302 5088 ἐνδιαίτημα
2335 5016 2482 5089 ποιρά
2508 5016 2600 5069 τοῦ
2629 5015 2788 5084 λόγου
2823 5016 3080 5086 μηνύεται
3103 5028 3118 5044 ⁶
3163 5017 3321 5080 τοῦτο
3352 5018 3551 5088 μανθα-

1980 5107 2178 5161 νόντων
2215 5106 2393 5178 ἡμῶν,
2442 5107 2522 5159 δτι
2555 5103 2677 5160 οὔτε
2721 5107 2777 5158 ὲν
2810 5107 3002 5178 ἐρήμῳ
3039 5106 3146 5159 τῶν
3172 5107 3383 5175 ἀρετῶν
3410 5108 3547 5177 ψυχῇ

1978 5199 2207 5271 νυμφίος
2249 5197 2547 5262 αὐλίζεται,
2590 5198 2641 5250 et
2683 5213 2769 5259 τις
2811 5197 2952 5248 κατά
2991 5197 3080 5248 τὸν
3117 5197 3548 5266 προαποδοθέντα

1976 5270 2135 5358 λόγον
2185 5289 2347 5360 φιάλη
2398 5288 2686 5358 ἀρώματος
2731 5287 2940 5355 γένοιτο
2983 5286 3188 5355 φύουσα
3247 5288 3541 5358 μυρεψικά.

1989 5383 2047 5435 'U
2071 5380 2308 5446 τοιοῦτος
2337 5379 2547 5452 κρατὴρ
2575 5380 2674 5449 τῆς
2701 5378 2891 5446 σοφίας
2925 5379 3230 5448 γενόμενος,
3255 5379 3470 5449 δέχεται
3495 5383 3547 5431 ἐν

1978 5471 2154 5541 ἑαυτῷ
2182 5470 2274 5523 τὸν
2297 5469 2436 5522 θεῖον
2461 5470 2554 5522 καὶ
2580 5469 2852 5539 ἀκήρατον
2873 5464 3036 5535 οἶνον,
3063 5469 3126 5521 δι’
3152 5463 3213 5520 οὗ
3236 5471 3448 5536 γίνεται
3476 5467 3545 5538 τῷ

369 5648 415 5682 ⁸⁸
448 5645 598 5704 Psal.
628 5663 814 5715 uxtx,
846 5651 898 5705 4.
976 5653 1020 5684 ⁸⁸
1056 5651 1192 5708 Luc.
1235 5670 1292 5715 ι.
1322 5653 1392 5709 30
1422 5667 1543 5722 sqq.
1612 5653 1663 5720 "'
1701 5651 1872 5731 ICOr.
1906 5666 1990 5716 Ill,
2021 5649 2054 5704 6
2086 5664 2189 5720 sqq
