3756 5988
273 192 412 250 1095

1495 187 1560 249 S.
1602 184 1926 249 GREGORII
1952 181 2254 250 'NYSSENl

3382 182 3525 249 {096

273 306 594 376 sibimetipsi
630 305 914 377 imprimit.
952 305 1133 373 Quare
1166 305 1392 361 verbum
1426 306 1530 361 hoc
1555 321 1586 361 a
1621 305 1832 377 speculo

2008 306 2258 377 ιύτην,-τὸ
2285 301 2662 377 προαιρετικόν
2696 312 2756 357 τε
2794 298 2889 359 καὶ
2922 300 3166 375 ἔμψυχον
3192 303 3524 376 κάτοπτρον,

272 400 366 453 illo
430 398 726 459 voluntatis
783 397 1052 452 electione
1099 395 1326 466 praedito
1389 404 1552 468 atque
1600 398 1840 451 animato

273 491 586 567 profertur:
620 489 982 559 Posteaquam
1030 496 1143 541 toto
1175 488 1306 542 orbe
1344 503 1463 543 meo
1506 489 1723 559 cognati
1759 488 1841 543 fa-

271 585 412 640 ciem
462 583 700 643 intueor.
746 597 843 651 per
900 581 1001 634 hoc
1045 579 1223 648 ipsum
1275 586 1386 634 tota
1435 579 1624 634 formae
1665 581 1841 650 ipsius

271 684 536 732 venustas
566 676 620 729 in
654 689 740 728 me
763 673 1124 742 conspicitur.
1168 671 1345 741 Atque
1374 672 1475 726 has
1508 686 1670 726 voces
1699 670 1836 725 Pau-

274 769 363 823 lus
411 767 660 821 imitatur
700 764 1026 827 clarissime,
1072 778 1194 817 cuni
1227 763 1303 816 ait
1337 778 1396 817 se
1438 761 1551 817 Deo
1585 762 1837 828 vivendo,

272 866 548 914 mortuum
583 856 787 911 mundo
817 854 1019 908 factum
1050 869 1173 909 esse
1206 872 1220 908 :
1251 854 1537 923 solumque
1563 852 1839 908 Christum

273 952 328 1005 in
366 966 425 1005 se
452 950 631 1004 vivere
650 949 720 1002 θ’.
753 946 888 1000 Nam
920 961 1043 1000 cum
1068 946 1223 1008 dicit,
1250 944 1384 999 Mihi
1407 947 1574 999 virere
1600 944 1842 999 Christus

270 1048 347 1094 est
377 1039 423 1071 ⁷ο
459 1057 471 1092 :
501 1046 713 1091 tantum
770 1052 880 1091 non
920 1036 1127 1089 clamat
1174 1035 1241 1090 iis
1289 1036 1492 1100 verbis,
1545 1036 1752 1089 nullam
1786 1036 1842 1088 in

272 1134 393 1199 ipso
420 1128 766 1182 aﬂ'ectionem
793 1128 1088 1181 humanam
1124 1141 1478 1196 crassamque
1501 1127 1704 1192 vivere,
1734 1143 1841 1183 non

271 1223 629 1290 voluptatem,
662 1234 772 1273 non
810 1219 1076 1281 dolorem,
1123 1234 1231 1272 non
1276 1219 1433 1283 iram,
1468 1234 1579 1273 non
1612 1225 1840 1285 metum,

273 1328 383 1367 non
419 1310 786 1376 timiditatem,
828 1325 938 1364 non
984 1310 1424 1379 trepidatiOnem,
1475 1326 1584 1364 non
1617 1311 1840 1373 fastum,

272 1419 381 1456 non
438 1400 744 1466 audaciam,
805 1387 916 1454 non
964 1400 1288 1466 injuriarum
1344 1412 1585 1454 tenacem
1639 1415 1844 1455 inemo-

272 1496 431 1561 riam,
469 1509 578 1548 non
611 1493 891 1559 invidiam,
923 1507 1030 1546 non
1057 1492 1394 1546 aﬂectionem
1424 1493 1589 1546 animi
1622 1492 1689 1546 ad
1722 1494 1842 1547 vin—

271 1585 497 1648 dictam,
542 1599 651 1637 non
695 1582 1007 1646 avaritiam,
1061 1597 1167 1636 non
1211 1581 1456 1646 honoris,
1510 1597 1616 1636 non
1653 1584 1844 1653 gloriae

273 1676 576 1740 libidinem,
642 1689 752 1729 non
800 1674 1097 1744 quidquam
1152 1689 1364 1741 eorum,
1424 1690 1548 1744 quae
1597 1675 1841 1729 animum

273 1767 506 1836 quadam
547 1780 674 1835 erga
708 1780 767 1820 se
797 1763 1083 1819 affectione
1113 1765 1382 1833 polluunt,
1413 1766 1510 1820 scd
1552 1765 1704 1821 solus
1736 1764 1843 1834 (in—

272 1859 411 1930 quit)
476 1848 583 1914 ille
622 1857 756 1911 mihi
809 1863 1093 1926 superest,
1151 1857 1241 1927 qui
1295 1857 1432 1912 nihil
1484 1866 1568 1913 est
1622 1858 1837 1913 borum.

272 1951 483 2005 Etenim
557 1950 773 2004 abrasis
830 1949 985 2018 quasi
1046 1949 1302 2019 poliendo
1359 1949 1663 2012 universis,
1720 1961 1842 2017 quae

272 2044 445 2113 ipsius
477 2043 533 2097 in
567 2050 819 2095 naturam
856 2055 968 2093 non
998 2043 1226 2104 cadunt,
1272 2040 1403 2094 nihil
1432 2041 1487 2094 in
1518 2055 1604 2095 me
1644 2040 1838 2104 habeo,

273 2135 417 2204 quod
452 2149 559 2189 non
592 2133 646 2187 in
682 2133 803 2203 ipso
833 2134 904 2188 sit
945 2150 959 2186 :
992 2148 1163 2202 eaque
1194 2132 1261 2187 de
1289 2148 1457 2188 causa
1493 2133 1625 2186 mihi
1657 2133 1842 2188 vivere

271 2226 525 2280 Christus
538 2232 642 2290 est,
658 2226 766 2291 vel,
783 2233 1051 2294 utsponsa
1064 2224 1326 2294 loquitur,
1345 2222 1457 2293 Ego
1469 2232 1688 2293 cognato
1704 2239 1836 2288 meo,

270 2327 320 2371 et
351 2325 607 2387 cognatus
641 2332 785 2369 meus
814 2316 964 2381 mihi,
998 2317 1092 2385 qui
1122 2323 1206 2370 cst
1244 2314 1629 2380 sanctiﬁcatio,
1655 2322 1708 2369 et
1735 2329 1840 2384 pu-

271 2409 429 2475 ritas,
463 2419 517 2463 et
559 2408 967 2473 immortalitas,
1008 2415 1063 2461 et
1094 2407 1362 2472 lumen,et
1388 2407 1612 2473 veritas,
1655 2414 1709 2462 et
1741 2405 1840 2460 hu-

269 2500 506 2573 iusmodi
551 2500 676 2565 alia,
710 2515 1047 2570 quaecunque
1080 2500 1317 2553 animam
1364 2496 1535 2554 meam
1580 2506 1835 2568 pascunt,

272 2607 384 2648 non
414 2593 469 2646 in
517 2592 765 2662 gramine
793 2591 874 2646 vel
918 2590 1189 2661 virgultis,
1220 2589 1315 2644 sed
1350 2589 1406 2643 in
1456 2589 1839 2659 splendoribus

271 2693 612 2740 sanctorum.
639 2682 899 2737 Liliorum
923 2683 1281 2738 enimnatura
1299 2697 1422 2736 cum
1445 2682 1629 2737 colore
1655 2683 1838 2753 Splen-

271 2776 400 2831 dido
447 2779 518 2831 sit
565 2785 778 2841 ornata,
811 2775 1125 2846 hujusmodi
1172 2775 1463 2845 quamdam
1509 2778 1837 2831 sententiam

269 2868 466 2923 horum
497 2868 786 2923 verborum
837 2883 961 2923 esse
990 2868 1281 2936 signiﬁcat.
1331 2867 1519 2937 Itaque
1550 2873 1836 2937 propterea

270 2976 485 3030 gregem
527 2976 685 3015 suum
715 2959 769 3013 in
804 2967 958 3029 prata
990 2959 1226 3013 Iiliorum
1257 2959 1428 3024 ducit,
1453 2960 1545 3029 qui
1570 2960 1747 3030 pascit
1779 2958 1835 3013 in

271 3051 422 3114 liliis,
453 3059 510 3103 ut
541 3051 609 3104 sit
631 3048 878 3116 splendor
904 3049 1119 3104 Domini
1149 3049 1247 3104 Dei
1274 3051 1443 3104 nostri
1470 3066 1628 3120 super
1653 3067 1749 3105 nos
1769 3052 1838 3106 ⁷⁸.

270 3141 406 3195 Nam
446 3142 589 3212 quod
638 3140 824 3205 alitur,
860 3140 1084 3195 omnino
1116 3140 1181 3194 ad
1209 3139 1329 3209 ejus
1358 3140 1594 3210 speciem
1620 3156 1843 3212 compa-

272 3244 445 3298 ratur,
489 3249 597 3302 quo
630 3234 894 3288 vescitur.
934 3231 1005 3287 Ut
1046 3233 1172 3302 quis
1203 3232 1377 3303 (lubet
1416 3232 1562 3289 enim
1607 3233 1712 3288 hoc
1751 3249 1844 3289 su-

270 3326 441 3390 mere)
471 3339 568 3378 vas
602 3323 875 3393 quoddam
910 3338 1212 3379 concavum
1257 3339 1289 3379 e
1325 3323 1468 3379 vitro
1499 3323 1702 3386 factum
1738 3323 1841 3378 ha-

271 3418 419 3479 beat,
470 3417 528 3471 in
582 3416 727 3488 quod
773 3417 819 3471 si
867 3415 998 3486 quid
1050 3415 1348 3485 injiciatur,
1396 3415 1727 3485 pellucidum
1771 3415 1843 3471 sit

270 3508 560 3582 [quidquid
617 3508 836 3563 tandem
890 3506 1074 3571 fuerit,
1124 3506 1242 3562 sive
1287 3505 1504 3579 fuligo],
1553 3507 1669 3564 sive
1711 3508 1842 3578 quid

268 3615 467 3669 purum
497 3608 552 3655 et
595 3598 961 3669 splendidum.
996 3599 1181 3668 Itaque
1206 3598 1301 3669 qui
1326 3599 1561 3653 Iiliorum
1588 3600 1844 3668 Splendo-

270 3707 384 3748 rem
443 3691 642 3747 animis
702 3691 862 3755 indit,
922 3691 1084 3746 etiam
1149 3690 1361 3744 animas
1420 3690 1569 3760 ipsas
1628 3707 1726 3761 per
1779 3707 1843 3746 ea

270 3783 585 3856 splendidas
618 3783 799 3838 reddit
833 3782 1046 3837 :indita
1088 3782 1179 3835 illa
1210 3782 1391 3851 specie
1434 3782 1737 3851 pellucente
1776 3784 1842 3838 ad

267 3874 565 3930 exteriora.
595 3872 667 3927 Ut
701 3880 883 3928 autem
916 3872 1184 3927 illustrior
1207 3871 1385 3925 adhuc
1419 3872 1490 3926 sit
1514 3886 1732 3936 sensus,
1760 3874 1845 3927 di-

268 3964 460 4033 cimus,
499 3981 595 4036 per
649 3965 883 4019 virtutes
933 3962 1176 4016 animum
1227 3962 1398 4032 pasci,
1444 3964 1555 4016 lilia
1609 3979 1738 4020 vero
1787 3966 1842 4019 in

269 4059 559 4128 aenigmate
591 4057 826 4112 virtutes
874 4055 1136 4127 appellari
1171 4073 1184 4108 :
1214 4056 1417 4125 quibus
1448 4057 1540 4126 qui
1585 4069 1733 4114 recta
1766 4060 1844 4112 vi-

266 4148 430 4204 vendi
474 4147 690 4202 ratione
726 4146 960 4201 satiatus
989 4152 1096 4211 est,
1132 4145 1180 4201 is
1207 4146 1314 4199 vita
1352 4161 1451 4201 sua
1485 4148 1842 4218 conspicuum

268 4256 330 4298 se
386 4239 586 4305 reddit,
629 4239 758 4294 dum
813 4238 1063 4295 moribus
1118 4238 1234 4294 suis
1285 4238 1580 4309 cujuslibet
1624 4239 1843 4293 virtutis

1943 396 2252 469 ὄτιἙπειδὴ
2269 397 2345 468 τῷ
2369 397 2551 468 κύκλῳ
2577 394 2688 464 ἐγὼ
2708 395 2815 467 ὅλῳ
2838 394 2899 449 τὸ
2926 395 3018 450 τοῦ
3047 395 3332 466 ἀδελφιδοῦ
3354 398 3529 470 πρόσο

1942 504 2089 541 ωπον
2123 487 2334 557 βλέπωο
2381 487 2469 541 διὰ
2496 486 2652 541 τοῦτο
2683 487 2802 540 ὅλον
2837 487 2933 557 τῆς
2970 486 3177 540 ἐκείνου
3214 490 3432 558 μορφῆς
3464 488 3527 542 τὺ

1942 579 2134 643 κάλλος
2159 582 2215 632 ὲν
2244 578 2366 650 ἐμοὶ
2394 578 2710 650 καθορᾶται.
2740 577 2954 642 Ταύτας
2975 577 3234 649 ἄντικρυς
3273 583 3525 649 μιμεῖται

1941 670 2038 733 τὰς
2070 670 2250 738 φωνὰς
2269 671 2297 722 6
2319 667 2549 732 Παῦλος,
2584 669 2754 736 λέγων
2777 667 2854 738 τῷ
2878 668 2995 737 Θεῷ
3020 667 3139 738 ζῇν,
3162 668 3191 720 6
3219 667 3415 738 νεκρὸς
3449 668 3529 739 τῷ

1943 762 2131 831 κόσμῳ
2158 761 2464 831 γενόμενος,
2494 761 2587 812 καὶ
2620 761 2702 813 ὅτι
2737 762 2793 813 ἐν
2819 756 3053 829 αύτῷζῇ
3090 761 3119 812 6
3147 761 3383 830 Χριστὸς
3428 760 3528 830 μό-

1942 868 2049 915 νος.
2090 851 2148 904 '0
2172 851 2280 922 γὰρ
2304 848 2490 917 εἰπὼν,
2519 852 2599 904 ὅτι
2635 838 2798 918 Ἐμοὶ
2816 850 2883 903 τὸ
2907 849 3015 918 ζῆν
3042 850 3298 919 Χριστός
3318 868 3332 881 ’
3365 851 3529 906 τοῦτο

1943 943 2030 995 διὰ
2057 943 2151 995 τοῦ
2181 943 2336 1009 λόγου
2366 942 2484 1014 βοᾷ,
2513 943 2592 995 ὅτι
2628 942 2777 995 οὐδὲν
2806 942 2912 995 τῶν
2949 942 3306 1013 ἀνθρωπίνων
3342 962 3401 997 τε
3433 946 3530 999 καὶ

1946 1036 2148 1089 ὑλικῶν
2176 1035 2514 1105 παθημάτων
2539 1035 2596 1087 ἐν
2621 1035 2767 1105 αὐτῷ
2792 1032 2881 1105 ζῇ,
2908 1034 3032 1087 οὒτε
3061 1035 3247 1106 ἡδονὴ,
3272 1034 3401 1089 οὔτε
3436 1035 3531 1090 λύ-

1944 1154 2041 1205 πη,
2075 1133 2199 1188 οὔτε
2228 1128 2416 1203 θυμὸς,
2447 1131 2569 1186 οὔτε
2602 1131 2785 1199 φόϐος,
2827 1129 2948 1184 οὔτε
2972 1129 3157 1193 δειλία,
3183 1129 3308 1184 οὕτε
3350 1131 3531 1201 πτόη-

1947 1245 2048 1291 σις,
2078 1223 2204 1280 οὔτε
2232 1223 2557 1295 τύφος,οῠτε
2583 1223 2801 1294 θράσος,
2824 1224 2885 1276 οὐ
2915 1222 3273 1294 μνησικακία,
3304 1223 3367 1275 οὑ
3402 1223 3532 1291 φθό-

1943 1336 2053 1384 νος,
2078 1318 2177 1372 ούκ
2203 1317 2475 1387 ἀμυντική
2504 1326 2585 1377 τις
2606 1308 2862 1376 διάθεσις,
2891 1314 2949 1365 ού
2978 1313 3403 1384 φιλοχρηματία,
3425 1312 3530 1365 οὐκ

1943 1410 2070 1465 ἀλλο
2108 1426 2162 1463 τι
2191 1409 2299 1462 τῶν
2337 1407 2435 1478 τὴν
2462 1407 2638 1477 ψυχὴν
2666 1405 2755 1459 διά
2792 1422 2934 1468 τινος
2964 1405 3199 1475 σχέσεως
3240 1403 3529 1474 κηλιδούν-

1942 1515 2077 1552 των·
2119 1499 2234 1552 ἀλλ’
2276 1499 2480 1561 ἐκεῖνός
2510 1510 2599 1567 μοι
2639 1499 2800 1568 μόνος
2838 1496 3005 1559 ἐστὶν,
3045 1495 3102 1557 ὃς
3136 1494 3290 1548 οὐδὲν
3315 1492 3528 1548 τούτων

1945 1590 2079 1645 ἐστί.
2112 1592 2226 1644 Πᾶν
2264 1589 2372 1660 γὰρ
2396 1589 2456 1643 τὸ
2478 1590 2584 1654 ἔξω
2610 1591 2706 1659 τῆς
2728 1590 2935 1663 ἐκείνου
2963 1586 3177 1655 φύσεως
3206 1586 3526 1657 θεωρούμε-

1948 1699 2036 1735 νον
2066 1681 2503 1752 ἀποξυσάμενος,
2550 1681 2701 1734 οὐδὲν
2738 1680 2845 1751 ἔχω
2888 1679 2946 1732 ὲν
2989 1676 3210 1748 ἐμαυτῷ
3259 1676 3523 1741 τοιοῦτον,

1947 1770 2056 1828 οἷον
2082 1777 2140 1829 ὲν
2171 1776 2363 1845 ἐκείνῳ
2379 1775 2479 1829 οὐκ
2505 1773 2650 1827 ἐστιν
2675 1789 2688 1802 ο
2730 1767 2790 1825 οὗ
2813 1772 2993 1842 χάριν,
3026 1771 3148 1841 ἐμοὶ
3166 1769 3227 1822 τὸ
3256 1770 3357 1840 ζῇν
3390 1767 3527 1839 Χρι-

1949 1866 2071 1930 στός
2093 1882 2109 1897 ⁸
2148 1866 2179 1937 ἢ
2212 1865 2392 1929 καθὼς
2437 1867 2470 1936 ἡ
2508 1865 2692 1936 νύμφη
2716 1880 2729 1893 ·
2776 1862 2918 1932 Ἐγὼ
2950 1861 3027 1925 τῷ
3051 1858 3352 1930 ἀδελφιδῷ
3377 1877 3523 1928 μου,

1947 1958 2047 2013 καὶ
2080 1961 2113 2012 ὁ
2143 1958 2466 2028 ἀδελφιδός
2502 1976 2620 2026 μου
2653 1956 2783 2026 ἐμοι
2807 1972 2821 1986 ·
2867 1956 2896 2008 ὅ
2921 1956 3068 2008 ἐστιν
3102 1953 3395 2023 ἁγιασμὸς,
3428 1953 3525 2006 καὶ

1947 2049 2276 2120 καθαρότης,
2298 2051 2391 2104 καὶ
2412 2049 2708 2119 ἀφθαρσία,
2744 2049 2839 2102 καὶ
2869 2047 3002 2117 φῶς,
3034 2047 3127 2099 καὶ
3154 2044 3403 2114 ἀλήθεια,
3430 2043 3525 2095 καὶ

1944 2140 2016 2193 τὰ
2060 2141 2320 2206 τοιαῦτα,
2368 2143 2468 2195 ὅσα
2519 2141 2795 2212 ποιμαίνει
2851 2141 2949 2210 τὴν
2994 2138 3132 2208 ἐμὴν
3178 2137 3375 2207 ψυχὴν,
3423 2135 3524 2188 οὐκ

1948 2233 2005 2286 ὲν
2032 2234 2244 2303 χόρτοις
2285 2233 2425 2286 τισὶν
2452 2231 2485 2303 ἢ
2531 2233 2825 2303 φρυγάνοις
2849 2271 2863 2295 ,
2895 2229 3012 2284 ἀλλ’
3038 2231 3095 2282 ὲν
3124 2231 3244 2291 ταῖς
3269 2227 3518 2299 λαμπρό-

1944 2339 2071 2393 τησι
2095 2322 2204 2377 τῶν
2228 2323 2397 2390 ἁγίων
2421 2338 2434 2353 ·
2465 2325 2497 2393 ἡ
2523 2322 2629 2394 γὰρ
2659 2323 2765 2374 τῶν
2792 2321 2992 2391 κρίνων
3023 2320 3183 2390 φύσις
3206 2321 3264 2372 ὲν
3282 2319 3359 2389 τῷ
3383 2319 3524 2389 λαμ-

1945 2414 2070 2487 πρῷ
2099 2414 2199 2484 τῆς
2222 2414 2473 2485 εὐχροίας
2492 2413 2695 2484 ταύτην
2726 2414 3101 2467 ὑπαινίσσεται
3122 2414 3253 2482 ἡμῖν
3286 2412 3386 2483 τὴν
3406 2410 3523 2464 aut-

1946 2521 2112 2561 νοιαν.
2133 2505 2339 2558 Οὐκοῦν
2360 2500 2447 2557 διὰ
2465 2502 2621 2557 τοῦτο
2642 2504 2732 2557 ἐπὶ
2760 2505 2884 2566 τοὺς
2904 2503 3169 2573 λειμῶνας
3190 2501 3298 2555 τῶν
3323 2502 3524 2570 κρίνων

1946 2597 2068 2665 ἄγει
2087 2597 2146 2648 τὸ
2167 2595 2359 2649 ἑαυτοῦ
2386 2594 2634 2665 ποίμνιον
2692 2596 2720 2647 6
2742 2597 2796 2648 ὲν
2816 2598 2928 2656 τοῖς
2948 2594 3155 2663 κρίνοις
3179 2594 3521 2664 ποιμαίνων-⁸

1946 2690 2046 2743 Ira
2061 2688 2299 2758 γένηται
2313 2689 2350 2755 ἠ
2367 2688 2715 2757 λαμπρότης
2734 2689 2953 2754 Κυρίου
2968 2686 3070 2740 τοῦ
3088 2685 3234 2740 θεοῦ
3249 2683 3420 2754 ἡμῶν
3432 2678 3523 2754 ἐφ’

1947 2781 2122 2851 ἡμᾶς.
2165 2781 2255 2851 Τῷ
2275 2781 2383 2853 γὰρ
2412 2781 2542 2834 εἴδει
2569 2780 2665 2850 τῆς
2693 2779 2926 2851 τροφῆς,
2968 2777 3356 2830 συνδιατίθεται
3389 2777 3525 2831 πάνδ

1945 2891 2053 2937 τως
2092 2874 2185 2927 καὶ
2211 2873 2271 2927 τὺ
2298 2873 2648 2945 τρεφόμενον.
2715 2867 2847 2924 Οἷόνν
2869 2879 2923 2923 τί
2950 2869 3122 2939 λέγω·
3180 2871 3362 2924 Ἔστω
3400 2868 3521 2925 καθ’

1869 2989 1912 3047 c
1948 2964 2202 3020 ὑπόθεσιν
2233 2966 2409 3018 κοῖλόν
2443 2981 2496 3018 τι
2524 2963 2715 3028 σκεῦος
2739 2963 2799 3028 te
2824 2962 3001 3027 ὑέλου,
3025 2965 3083 3017 ὲν
3113 2956 3157 3030 ᾧ
3185 2964 3292 3017 πᾶν
3319 2963 3381 3017 τὸ
3398 2962 3524 3034 βαλ-

1944 3056 2167 3129 λόμενον
2200 3055 2460 3126 εἴη’,εττε
2503 3072 2555 3108 τι
2586 3055 2695 3109 τῶν
2726 3054 2983 3126 καθαρῶν
3013 3072 3074 3108 τε
3108 3056 3204 3108 καὶ
3230 3054 3519 3127 λαμπρῶν.

1944 3146 2151 3200 Οὐκοῦν
2170 3146 2270 3217 τὴν
2301 3141 2660 3215 λαμπρότητα
2692 3141 2800 3195 τῶν
2838 3137 3038 3213 κρίνων
3068 3142 3186 3204 ταῖς
3211 3140 3411 3209 ψυχαῖς
3435 3142 3520 3194 ὲν-

1942 3234 2132 3302 τιθεὶς,
2173 3233 2430 3305 λαμπρὰς
2460 3230 2524 3286 δι’
2571 3231 2751 3287 αὐτῶν
2785 3232 2886 3296 τὰς
2915 3230 3094 3303 ψυχὰς
3126 3230 3519 3302 ἀπεργάζεται,

1941 3327 2356 3399 διαφαινομένου
2389 3326 2482 3380 τοῦ
2518 3325 2835 3397 ἐγκειμένου
2882 3325 3058 3388 εἴδους
3084 3324 3176 3377 ἐπὶ
3200 3322 3259 3376 τὸ
3300 3323 3518 3390 ἔξωθεν.

1954 3417 2043 3481 Ὦς
2071 3417 2129 3471 δὲ
2151 3417 2217 3471 ἂν
2232 3417 2369 3490 πρὸς
2388 3417 2449 3472 τὸ
2476 3417 2806 3490 σαφέστερον
2829 3417 2959 3488 ἡμῖν
2987 3416 3283 3491 προαχθείη
3315 3416 3379 3469 τὸ
3400 3416 3522 3488 νόη-

1951 3526 2028 3580 μα
2059 3509 2238 3573 τοῦτο,
2268 3508 2468 3580 φαμὲν,
2517 3509 2599 3561 ὅτι
2628 3508 2890 3579 τρέφεται
2927 3507 3080 3579 μὲνὴ
3115 3505 3261 3578 ψυχὴ
3292 3506 3381 3560 διὰ
3413 3504 3521 3560 τῶν

1942 3601 2174 3673 ἀρετῶν,
2191 3602 2353 3672 κρίνα
2379 3601 2434 3655 δὲ
2458 3600 2818 3673 κατονομάζει
2839 3601 2936 3664 τὰς
2963 3598 3163 3671 ἀρετὰς
3190 3600 3256 3653 δι’
3276 3600 3521 3670 αἰνίγμα-

1942 3710 2062 3757 τος⁵
2083 3686 2159 3747 ὧν
2177 3693 2206 3743 6
2232 3692 2320 3746 διὰ
2350 3693 2448 3763 τῆς
2480 3692 2689 3762 ἀγαθῆς
2717 3691 2993 3755 πολιτείας
3026 3689 3375 3761 ἐμφορηθεὶς,
3400 3688 3519 3744 ἐπί-

1923 3777 2099 3855 ’δηλον
2138 3784 2328 3837 ἑαυτὸν
2362 3786 2526 3845 ποιεῖ,
2557 3783 2645 3836 διὰ
2676 3782 2770 3836 τοῦ
2813 3783 2929 3853 βίου
2970 3781 3207 3853 ἑκάστης
3235 3781 3437 3852 ἀρετῆς
3462 3777 3521 3833 τὸ

1944 3873 2084 3938 εἶδος
2120 3874 2210 3929 διὰ
2229 3874 2320 3927 τοῦ
2352 3874 2514 3944 ἤθους
2542 3873 2999 3944 ἐπιδεικνύμενος.
3034 3873 3212 3925 Ἔστω
3234 3872 3317 3924 σοὶ
3342 3871 3519 3943 κρίνον

1943 3966 2182 4037 καθαρὸν
2210 3965 2243 4038 ἡ
2272 3965 2592 4038 σωφροσύνη
2618 3978 2678 4019 τε
2711 3966 2805 4019 καὶ
2825 3962 3155 4033 δικαιοσύνη,
3188 3962 3281 4016 καὶ
3310 3962 3517 4034 ἀνδρία,

1943 4057 2038 4112 καὶ
2071 4057 2353 4128 φρόνησις,
2387 4057 2481 4110 καὶ
2512 4056 2610 4110 ὅσα
2646 4057 2810 4128 φησὶν
2849 4055 3166 4118 Ἀπόστολος
3196 4054 3396 4124 ἀληθῆ.
3425 4056 3519 4108 ὅσα

1944 4149 2266 4219 σεμνὰ,›δσα
2300 4147 2595 4220 προσφιλῆ,
2627 4149 2727 4201 ὅσα
2767 4146 2970 4212 δίκαια,
3002 4146 3101 4200 ὅσα
3129 4145 3284 4213 ἆγια,
3312 4145 3413 4197 ὅσα
3441 4142 3521 4197 εὖ-

1943 4256 2101 4310 φημα
2120 4255 2133 4268 ·
2169 4241 2223 4293 εῐ
2251 4255 2334 4303 τις
2363 4239 2552 4310 ἀρετὴ,
2582 4240 2676 4292 καὶ
2709 4240 2762 4292 εἴ
2790 4256 2874 4302 τις
2906 4237 3147 4302 ἔπαινος.
3202 4235 3391 4289 Ταῦτα
3415 4235 3519 4306 γὰρ

269 4332 504 4402 speciem
544 4329 822 4401 erprimit.
874 4328 1198 4386 Existimato
1249 4344 1445 4399 purum
1494 4345 1617 4386 esse
1664 4331 1832 4385 lilium

2008 4330 2116 4383 ὶντα
2145 4328 2291 4393 ἐντὸς
2331 4328 2432 4398 τῆς
2465 4327 2641 4399 ψυχῆς
2673 4329 2936 4401 γενόμενα
2963 4329 3039 4399 τῷ
3070 4327 3296 4399 καθαρῷ
3330 4326 3519 4380 διαδεί-

248 4422 612 4491 ,modestiam,
638 4430 692 4476 et
708 4421 1005 4492 justitiam,
1022 4429 1078 4477 et
1104 4420 1503 4486 fortitudinem,
1526 4432 1579 4477 et
1601 4421 1839 4491 pruden-

266 4513 422 4578 tiam,
467 4521 521 4568 et
563 4528 902 4582 quzecunque
948 4527 1076 4568 vera
1110 4519 1261 4577 sunt,
1307 4523 1366 4568 ut
1406 4514 1482 4567 ait
1515 4511 1839 4582 Apostolus,

264 4618 606 4674 quaecunque
664 4602 916 4667 honesta,
965 4616 1306 4672 quaecunque
1362 4600 1638 4666 amabilia,
1691 4616 1842 4672 quaa-

264 4713 484 4768 cunque
526 4697 703 4767 justa,‘
750 4709 1090 4767 quaecunque
1139 4696 1268 4751 boni
1318 4694 1602 4750 nominis:
1646 4694 1691 4750 si
1732 4709 1840 4765 qua

266 4791 463 4855 virtus,
497 4790 543 4846 si
588 4806 696 4862 qua
734 4790 855 4846 laus
877 4790 944 4843 7'.
998 4787 1134 4842 Nam
1173 4787 1285 4841 haec
1328 4785 1513 4839 omnia
1546 4795 1835 4856 postquam

263 4882 322 4938 in
367 4883 608 4937 animum
640 4886 1022 4952 penetrarunt,
1073 4892 1169 4946 per
1194 4876 1360 4931 vitam
1392 4891 1582 4945 puram
1615 4876 1835 4932 demon-

1942 4436 2134 4474 κνυται
2175 4418 2302 4491 βίῳ,
2354 4419 2763 4484 καλλωπίζοντά
2793 4437 2853 4472 τε
2895 4421 2986 4474 τὸν
3020 4419 3381 4490 περιέχοντα,
3428 4417 3518 4472 καὶ

1943 4512 2080 4566 αὑτά
2121 4511 2210 4565 διὰ
2240 4510 2333 4565 τοῦ
2382 4511 2759 4584 είσδεξαμένου
2790 4510 3259 4581 καλλωπιζόμενα.
3307 4510 3375 4563 Ἡ
3412 4509 3518 4564 τοία

1944 4620 2039 4658 νυν
2067 4602 2327 4658 ἀναθεῖσα
2347 4603 2548 4672 ἑαυτὴν
2571 4603 2649 4676 τῷ
2681 4603 2969 4673 ἀδελφιδῷ,
3004 4603 3098 4657 καὶ
3123 4601 3396 4672 δεξαμένη
3424 4599 3514 4655 τοῦ

1943 4692 2320 4765 ἀγαπηθέντος
2340 4694 2402 4747 τὸ
2421 4693 2617 4757 κάλλος
2643 4696 2702 4749 ὲν
2727 4698 2793 4768 τῇ
2819 4695 2926 4767 ἰδίᾳ
2947 4696 3127 4766 μορφῇ
3150 4710 3165 4726 ο
3198 4684 3327 4747 οἴων
3342 4692 3517 4759 ἀξιοῦ-

1951 4802 2042 4839 ται
2072 4783 2226 4856 παρὰ
2258 4783 2352 4838 τοῦ
2378 4783 2504 4847 τοὺς
2524 4784 2885 4855 ’δοξάζοντοςλ
2925 4784 3247 4857 ἀκούσωμεν
3288 4784 3380 4840 διὰ
3419 4783 3515 4855 τῆς

1945 4876 2310 4948 προκειμένης
2340 4878 2456 4940 τοῖς
2488 4877 2726 4950 ῥήμασιν
2750 4877 3087 4942 ἀκολουθίας.

266 4985 561 5035 strantur:
618 4977 892 5047 simulque
940 4980 1142 5029 ornant
1197 4971 1372 5037 illum,
1414 4970 1505 5040 qui
1559 4985 1620 5029 ea
1659 4972 1925 5036 continet,
1959 4979 2013 5026 et
2053 4970 2172 5041 ipsa
2220 4967 2355 5041 quid
2418 4972 2722 5027 ornamenti
2779 4986 2810 5025 a
2863 4973 3175 5029 continente
3219 4973 3512 5044 accipiunt.

264 5068 631 5135 Quamobrem
714 5083 817 5133 ea,
872 5080 995 5136 quae
1036 5072 1205 5118 letam
1258 5076 1319 5117 se
1365 5070 1599 5130 cognato
1638 5060 1898 5126 tradidit,
1933 5061 2101 5131 inque
2169 5058 2343 5114 forma
2396 5074 2497 5115 sua
2539 5060 2723 5115 dilecti
2770 5061 3235 5132 pulchritudinem
3267 5064 3511 5133 recepit;

264 5164 445 5233 qualia
491 5170 863 5232 consequatur
912 5159 983 5214 ab
1034 5157 1164 5219 illo,
1226 5153 1320 5224 qui
1377 5153 1748 5226 gloriﬁcantes
1794 5168 1854 5210 se
1893 5153 2179 5225 gloriﬁcat,
2221 5152 2510 5209 audiamus
2562 5153 2617 5209 in
2660 5153 2748 5221 iis,
2793 5167 2915 5225 quae
2959 5156 3224 5213 hactenus
3262 5157 3513 5214 indicatis

263 5254 459 5309 ordine
484 5254 732 5322 proxima
771 5262 919 5307 sunt.

335 5342 517 5412 Inquit
547 5344 692 5399 enim
747 5343 813 5397 ad
852 5342 1110 5412 sponsam
1151 5338 1434 5395 Verbum:
1472 5336 1707 5392 Pulchra
1754 5352 1832 5402 es,

262 5435 511 5506 proxima
548 5448 684 5499 mea,
720 5435 853 5487 sicut
881 5434 996 5501 ipsa
1023 5432 1410 5494 benevolentia;
1439 5429 1677 5498 formosa
1698 5428 1835 5482 sicut

2008 5335 2146 5406 Φησὶ
2175 5334 2283 5405 γὰρ
2317 5334 2455 5407 πρὸς
2478 5336 2576 5406 τὴν
2609 5337 2827 5409 νύμφην
2855 5341 2883 5392 6
2912 5338 3084 5409 Λόγος
3105 5358 3119 5371 °
3163 5340 3337 5410 Καλὴ
3373 5338 3445 5406 εἷ,
3474 5342 3508 5404 ἡ

1941 5425 2209 5494 πλησίον
2241 5441 2384 5494 μου,
2430 5427 2511 5493 ὡς
2548 5426 2793 5483 εὐδοκία
2813 5448 2826 5461 ·
2875 5430 3059 5499 ὡραία
3109 5430 3191 5496 ὡς
3229 5430 3510 5499 Ἰερουσα-

337 5610 383 5641 ⁸⁹
412 5607 587 5664 Galat.
622 5624 675 5669 v,
728 5608 814 5671 l9,
846 5607 936 5663 20.
1014 5608 1060 5639 "
1108 5606 1345 5676 Philipp.
1401 5623 1440 5674 ι,
1485 5606 1572 5662 21.
1650 5607 1693 5642 ⁷⁸
1722 5606 1832 5665 Ρεαῖ

2010 5623 2122 5677 xu,
2172 5607 2260 5664 17.
2336 5609 2383 5642 ⁹²
2413 5606 2646 5680 Philipp.
2682 5624 2755 5676 tv,
2772 5608 2844 5681 48.
