3756 5988
132 241 153 294 1
165 241 272 297 ουτ

1163 250 1231 307 ΙΝ
1253 251 1550 311 CANTICA
1585 255 1859 315 CANTIC.
1903 261 2185 322 HOMILIA
2225 267 2338 324 XV.

3249 294 3386 348 1093

125 349 253 419 ,ζήμ
274 368 288 383 ·
332 351 553 422 θάμϐος
578 356 658 420 ὡς
682 358 1048 428 τεταγμέναι.
1130 364 1253 419 Ὅτι
1281 368 1380 438 μὲν
1404 364 1495 423 οὖν
1530 373 1563 442 ὴ
1589 371 1678 437 δόε

1839 373 2139 447 ierusalem,
2163 390 2346 450 stupor
2370 390 2620 453 tanquam
2644 387 2916 446 instructa:
2953 395 3110 450 acies.
3142 397 3383 456 Gloriam

131 443 286 514 παρὰ
337 445 435 515 τῆς
484 447 737 516 οὐρανίου
781 453 1036 519 στρατιᾶς
1096 455 1475 528 ἀναπέμπεται
1525 462 1604 533 τῷ
1654 465 1712 519 ὲν

132 534 379 602 ὑψίστοις
399 535 518 605 Θεῷ
537 537 676 608 ὑπὲρ
699 540 795 610 τῆς
824 540 882 593 ἐν
908 542 1217 614 ἀνθρώποις
1237 549 1480 615 εὐδοκίας
1511 554 1569 606 ὲν
1592 555 1715 618 ταῖς

130 625 325 688 ἀκοαῖς
357 626 467 678 τῶν
501 628 796 698 ποιμένων,
847 632 936 685 ὅτε
967 630 1104 689 εἶδον
1133 639 1453 710 γενηθεῖσαν
1484 647 1576 699 ἐπὶ
1608 647 1713 718 γῆς

129 714 230 784 τὴν
281 718 539 787 είρήνην·
591 721 683 774 καὶ
726 721 808 774 ὅτι
843 723 994 788 πόλις
1031 727 1124 780 τοῦ
1171 732 1405 800 μεγάλου
1447 714 1711 805 βασιλέως

141 806 502 877 Ἰερουσαλὴμ
530 810 680 881 παρὰ
701 811 794 864 τοῦ
828 815 1096 870 Δεσπότου
1135 821 1313 894 πάσης
1342 826 1572 892 κτίσεως
1590 831 1708 884 ὀνο-

135 897 392 966 μάζεται,
439 905 602 954 παντὶ
641 903 797 973 δῆλον
830 904 896 959 ἂν
944 910 1030 978 εἴη
1071 911 1149 982 τῷ
1193 917 1305 979 τοῖς
1338 919 1709 988 εὐαγγελικοῖς

131 990 562 1062 καθομιλήσαντι
599 993 808 1064 λόγοις·
855 1001 930 1066 ὡς
969 1003 1058 1057 διὰ
1087 1004 1290 1061 τούτων
1336 1011 1410 1082 μὴ
1444 1013 1708 1084 ἀγνοῆσαι

130 1083 283 1134 ποῖον
333 1087 604 1154 μαρτυρεῖ
649 1089 713 1158 τῇ
745 1089 928 1163 νύμφῃ
969 1095 1190 1164 ὁΛόγος
1237 1098 1431 1165 κάλλος
1478 1103 1566 1156 διὰ
1601 1083 1708 1175 τῆς

125 1172 268 1242 πρὸς
297 1173 399 1243 τὴν
447 1175 802 1250 Ἰερουσαλὴμ
843 1184 936 1236 καὶ
975 1187 1112 1255 πρὸς
1156 1187 1254 1259 τὴν
1298 1192 1542 1247 εὐδοκίαν
1577 1172 1707 1264 συγ-

124 1261 386 1332 κρίσεως.
452 1266 615 1335 Δῆλον
658 1270 764 1339 γὰρ
804 1272 884 1326 ὅτι
915 1274 1072 1329 τοῦτο
1101 1280 1228 1350 περὶ
1277 1284 1445 1355 αὐτῆς
1477 1289 1505 1338 ὁ
1534 1261 1708 1358 Λόγος

124 1353 484 1420 ἐνδείκνυται,
525 1357 612 1411 διὰ
650 1359 748 1428 τῆς
789 1365 1225 1440 κατορθουμένης
1267 1353 1474 1438 ἀνόδου,
1513 1353 1706 1450 μέχρις

121 1444 341 1498 ἐκείνου
366 1447 464 1516 τὴν
491 1448 666 1520 ψυχὴν
695 1453 995 1524 ὑψωθῆναι,
1023 1461 1097 1524 ὡς
1126 1463 1262 1532 πρὸς
1289 1465 1358 1519 τὰ
1381 1469 1473 1520 τοῦ
1505 1444 1705 1526 Δεέἐτά-

120 1551 220 1586 του
253 1534 511 1606 θαύματα
564 1541 761 1613 ἑαυτὴν
801 1548 1130 1606 ἐπεκτεῖναι.
1185 1555 1247 1608 Εἰ
1277 1556 1384 1628 γὰρ
1431 1563 1460 1613 ὁ
1489 1563 1546 1614 ὲν
1581 1563 1703 1632 ὑψί-

124 1644 276 1692 στοις
301 1630 454 1695 Θεὸς,
482 1632 556 1686 ὢν
584 1637 642 1688 ὲν
664 1638 776 1699 τοῖς
807 1637 1026 1704 κόλποις
1050 1643 1145 1695 τοῦ
1175 1647 1405 1715 Πατρὸς,
1435 1651 1575 1722 ὑπὲρ
1603 1630 1705 1724 τῆς

117 1719 370 1783 εὐδοκίας
393 1723 452 1774 ὲν
483 1723 786 1795 ἀνθρώποις
820 1731 1012 1800 αἵματι
1044 1735 1133 1787 καὶ
1178 1741 1339 1809 σαρκὶ
1365 1718 1696 1814 κατακιρνά-
1735 1718 1778 1775 Β

116 1826 230 1866 ται.
264 1810 351 1862 ἵνα
382 1813 582 1884 γενηθῇ
615 1817 707 1869 ἐπὶ
730 1818 828 1888 τῆς
858 1821 962 1890 γῆς
990 1825 1181 1896 είρήνη
1207 1844 1220 1857 ·
1255 1829 1410 1899 δῆλον
1437 1833 1516 1886 ὅτι
1553 1810 1688 1906 πρὸς

116 1899 327 1970 ταύτην
352 1901 450 1972 τὴν
483 1905 749 1972 εὐδοκίαν,
793 1910 854 1962 τὸ
901 1912 1098 1985 ἑαυτῆς
1134 1919 1444 1987 ὁμοιώσασα
1481 1927 1694 1995 κάλλος,

116 1989 208 2042 τὸν
238 1992 476 2062 Χριστὸν
501 2000 745 2066 μιμεῖται
768 2003 878 2065 τοῖς
905 2006 1318 2078 κατορθώμασιν
1343 2029 1356 2043 ο
1412 2016 1587 2072 ἐκεῖνο
1613 2037 1697 2088 γι-

113 2080 320 2151 νομένη
351 2085 466 2148 τοῖς
495 2085 694 2152 ἄλλοις,
721 2089 858 2162 ὅπερ
888 2095 917 2146 ὁ
942 2095 1176 2166 Χριστὸς
1200 2103 1266 2171 τῇ
1295 2105 1453 2171 φύσει
1474 2108 1584 2163 τῶν
1610 2080 1697 2166 άν-

111 2171 354 2243 θρὼπων
381 2177 594 2244 ἐγένετο
617 2195 631 2210 ⁸
655 2181 904 2254 καθάπερ
924 2187 1018 2239 καὶ
1038 2189 1065 2240 ὁ
1086 2193 1326 2265 μιμητὴς
1351 2196 1445 2249 τοῦ
1459 2200 1694 2270 Χριστυῦ

114 2265 334 2329 Παῦλος
378 2268 569 2334 ἐποίει,
610 2272 800 2327 ἑαυτὸν
839 2277 937 2345 τῆς
977 2275 1121 2350 ζωῆς
1164 2284 1454 2355 ἀφορίζων,
1503 2265 1590 2345 ίνα
1618 2294 1694 2365 τῷ

118 2354 235 2426 [δίῳ
275 2357 439 2410 πάθει
463 2359 560 2430 τὴν
592 2364 864 2434 σωτηρίαν
907 2368 1002 2422 τοῦ
1041 2371 1253 2443 Ἰσραὴλ
1279 2354 1691 2454 ἀνταλλάξηταιι,

114 2445 291 2513 λέγων
313 2465 328 2477 ·
354 2451 640 2519 Εὐχόμην
671 2453 935 2521 ἀνάθεμα
964 2455 1114 2514 εἷναι
1139 2463 1258 2518 ἀπὸ
1280 2468 1384 2522 τοῦ
1411 2445 1692 2540 Χριστοῦ,

114 2538 269 2606 ὑπὲρ
302 2539 422 2592 τῶν
450 2542 729 2614 ἀδελφῶν
741 2567 882 2617 μου,
918 2551 1038 2605 τῶν
1063 2559 1376 2626 συγγενῶν
1391 2538 1511 2631 μου
1544 2538 1696 2624 κατᾶ

113 2623 334 2695 σάρκα.
378 2630 521 2718 Πρρς
558 2632 616 2686 ὂν
652 2637 875 2702 εἰκότως
901 2623 1216 2716 ἁρμόζει
1249 2623 1430 2722 νύμφῖῃ
1455 2654 1514 2707 τὸ
1544 2659 1694 2728 είρη-

114 2717 279 2786 μένον
326 2710 519 2783 εἰπεῖν,
565 2723 648 2776 ὅτι
678 2721 933 2782 Τοιοῦτόν
974 2732 1090 2786 ἐστι
1142 2737 1243 2807 τῆς
1290 2739 1468 2813 ψυχῆς
1512 2763 1603 2799 σου
1633 2753 1705 2806 τδ

113 2806 329 2873 κάλλος,
377 2810 463 2862 aia.
493 2812 525 2882 ἡ
561 2812 655 2865 τοῦ
684 2816 951 2870 Δεσπότου
982 2806 1207 2890 γέγονεν
1255 2806 1398 2900 ὑπὲρ
1421 2806 1576 2902 ῆμῶν
1604 2837 1692 2889 εὐ-

109 2897 290 2963 δοκία,
315 2899 377 2962 ὃς
411 2902 600 2955 ἑαυτὸν
626 2905 859 2960 ὲκένωσε
906 2913 1120 2984 μορφὴν
1152 2914 1337 2970 δούλου
1363 2897 1567 2988 λαθὼν,
1596 2928 1691 2980 καὶ

112 2988 312 3043 ἔδωκεν
335 2993 524 3047 ἑαυτὸν
539 2994 887 3068 ἀντάλλαγμα
904 3002 1041 3075 ὑπὲρ
1061 3005 1160 3075 τῆς
1180 3008 1273 3062 τοῦ
1297 3011 1499 3083 κόσμου
1522 3015 1687 3089 ξωῆςν

113 3081 205 3134 καὶ
225 3083 294 3135 δι’
323 3085 476 3153 ἡμᾶς
523 3087 832 3158 ὲπτώχευσε
865 3093 1117 3160 πλούσιος
1159 3098 1256 3164 ὢν,
1304 3081 1408 3156 ἵνα
1431 3108 1595 3176 ἡμεῖς
1624 3081 1692 3165 ’ὲν

111 3172 187 3242 τῷ
213 3174 430 3246 θανάτῳ
462 3178 625 3233 αὐτοῦ
653 3181 924 3253 ζήσωμεν,
953 3187 1046 3240 καὶ
1073 3191 1130 3242 ὲν
1168 3195 1232 3263 τῇ
1260 3198 1500 3269 πτωχείᾳ
1529 3201 1694 3255 πλου-

110 3266 393 3335 τήσωμεν,
429 3269 522 3321 καὶ⁸
549 3272 608 3323 ὲν
642 3276 706 3344 τῇ
735 3275 831 3346 τῆς
858 3277 1095 3344 δουλείας
1128 3284 1294 3338 αὐτοῦ
1332 3266 1514 3361 μορφῇ
1544 3292 1693 3362 βασι-

111 3354 414 3427 λεύσωμεν.
448 3360 518 3412 Τὸ
534 3360 589 3414 δὲ
613 3364 782 3435 αὐτῆς
809 3366 1056 3435 μέγεθος,
1106 3374 1199 3426 καὶ
1222 3378 1253 3445 ή
1288 3354 1386 3446 τῆς
1406 3354 1692 3451 ⁷Ἰερουσα-

110 3447 222 3518 λὴμ
258 3449 530 3521 ὠραιότης
575 3455 774 3523 ὁμοίως
817 3459 1176 3526 ἐνδείκνυται,
1215 3467 1313 3538 τὴν
1353 3470 1463 3525 ἄνω
1489 3447 1689 3548 δηλαδὴ

121 3538 501 3613 Ἰερουσαλὴμ,
531 3545 627 3614 τὴν
656 3547 964 3620 ἐλευθέραν,
1001 3553 1099 3625 τὴν
1130 3555 1236 3610 τῶν
1263 3538 1560 3633 ἐλευθέρων
1595 3538 1692 3637 μηὶ

107 3631 266 3702 τέρα,
295 3633 367 3702 ἣν
396 3635 548 3690 πόλιν
575 3638 668 3691 τοῦ
691 3642 926 3709 μεγάλου
952 3643 1214 3714 βασιλέως
1241 3649 1378 3704 εἶναι
1415 3631 1564 3726 παρὰ

108 3723 384 3776 Δεσπότου
413 3727 592 3798 φωνῆς
624 3729 1036 3804 μεμαθήκαμεν.
1078 3736 1140 3787 Ἥ
1174 3739 1281 3808 γὰρ
1305 3723 1599 3814 χωρήσασα
1633 3723 1690 3801 έν

109 3813 242 3888 αὐτῇ
289 3816 384 3869 τὸν
411 3818 712 3890 ἀχὼρητον,
741 3821 882 3876 ὥστε
914 3827 1139 3881 ἐνοικεῖν
1165 3831 1302 3902 αὐτῇ
1338 3813 1432 3887 καὶ
1462 3837 1689 3908 ἐμπερι-

111 3911 304 3961 πατεῖν
348 3909 435 3962 τὸν
477 3910 636 3977 Θεὸν,
676 3915 743 3984 τῇ
773 3913 1069 3988 ὠραιότητι
1114 3920 1206 3974 τοῦ
1241 3924 1299 3976 ὲν
1337 3925 1474 3998 αὐτῇ
1508 3945 1689 3984 κατοι-

109 3999 337 4063 κοῦντος
362 4000 818 4068 καλλωπισθεῖσα,
862 4007 1215 4082 Ἰερουσαλὴμ
1251 4015 1573 4089 ἐπουράνιος
1604 4022 1689 4089 γί-

109 4108 278 4156 νεται,
308 4091 372 4144 τὸ
396 4094 612 4164 ἐκείνης
639 4096 832 4161 κάλλος
858 4099 942 4167 ἐφ’
972 4101 1169 4173 ἑαυτῆς
1191 4105 1686 4181 δεξαμένηοκάλλος

109 4179 162 4232 δὲ
199 4181 303 4250 τῆς
336 4182 538 4246 πόλεως
582 4183 677 4238 τοῦ
718 4185 980 4256 βασιλέως
1012 4193 1104 4246 καὶ
1141 4197 1173 4265 ή
1211 4179 1501 4270 ὡραιότης,
1555 4205 1687 4258 αὐτὸ

112 4271 331 4333 πάντως
363 4271 476 4324 ἐστὶ
506 4273 599 4327 τοῦ
631 4275 896 4345 βασιλέως
940 4281 1000 4334 τὸ
1037 4283 1253 4349 κάλλος.
1319 4289 1552 4356 Ἐκεῖνος
1575 4297 1684 4368 γάρ

1817 465 1886 520 ab
1927 471 2168 525 exercitu
2213 473 2425 529 cmlesti
2470 474 2579 530 Deo
2627 477 2681 532 in
2728 481 3010 541 altissimis
3064 487 3225 546 tribui
3284 511 3386 565 pro

1815 556 2091 614 declarata
2132 561 2185 615 in
2233 563 2482 621 homines
2512 567 2908 638 benevolentia,
2955 577 3115 647 idque
3148 556 3387 651 pastori-

1815 647 1918 703 bus
1967 651 2338 718 audientibus,
2377 672 2488 725 quo
2521 665 2764 727 tempore
2798 664 2873 717 illi
2907 675 3100 721 natam
3142 647 3195 724 in
3239 683 3382 729 terra

1815 753 2002 808 pacem
2047 742 2404 812 viderant”;
2438 748 2674 819 itemque
2703 755 2883 822 magni
2919 759 3065 828 regis
3107 763 3381 820 civitatem

1813 833 2072 900 appellari
2119 834 2513 908 Jerosolymam
2559 858 2588 894 a
2634 853 2897 902 creatura:
2931 853 3099 908 totius
3130 854 3382 924 Domino,

1811 925 2016 978 nemini
2063 943 2187 983 esse
2220 929 2515 985 obscurum
2560 943 2772 1002 potest,
2813 941 2904 1008 qui
2950 949 3279 1017 evangelicis
3327 953 3384 1007 in

1812 1014 1968 1071 lihris
1998 1027 2251 1078 versatus
2281 1034 2386 1079 est.
2431 1027 2691 1099 Adeoque
2722 1034 2848 1087 sciri
2881 1035 2946 1089 de
2976 1036 3078 1092 hoc
3122 1041 3241 1108 ipso
3280 1059 3382 1113 po-

1811 1114 1938 1172 test,
1987 1122 2246 1180 quantam
2281 1133 2496 1187 sponsae
2524 1122 2987 1190 pulchritudinem
3021 1129 3256 1186 Verbum
3287 1137 3384 1189 tri-

1810 1199 1959 1266 buat,
1996 1217 2117 1257 cum
2163 1207 2309 1261 illam
2337 1222 2389 1264 et
2432 1227 2554 1266 cum
2579 1213 2936 1288 Jerosolynia,
2972 1229 3024 1274 ct
3057 1237 3180 1277 cum
3215 1226 3382 1282 bene—

1810 1291 2046 1346 volentia
2080 1307 2388 1367 comparat.
2417 1300 2564 1358 Satis
2592 1306 2736 1359 cnim
2767 1311 3112 1379 perspicuum
3142 1323 3248 1379 est,
3278 1317 3384 1372 hoc

1809 1383 1946 1436 velle
1981 1383 2214 1441 Verbum
2254 1388 2454 1455 dicere,
2501 1410 2673 1464 usque
2718 1401 2852 1453 adeo
2898 1402 3134 1457 animam
3159 1407 3211 1459 in
3247 1409 3382 1464 sub-

1807 1473 1934 1529 lime
1982 1488 2225 1535 evectum
2282 1499 2404 1538 csse
2483 1489 2742 1555 prmclaro
2827 1498 3228 1554 conscendendi
3288 1517 3380 1556 co-

1807 1573 1961 1631 natu,
1997 1579 2055 1622 ut
2099 1569 2210 1639 jam
2260 1573 2325 1627 ad
2381 1575 2500 1644 ipsa
2553 1579 2771 1635 Domini
2814 1584 3077 1640 miracula
3119 1590 3378 1647 enitatur.

1807 1655 1941 1712 Nam
1976 1661 2021 1714 si
2052 1661 2192 1719 Deus
2225 1665 2316 1721 ille
2347 1667 2401 1721 in
2433 1670 2738 1736 altissimis,
2773 1675 2863 1744 qui
2906 1686 2989 1732 est
3023 1678 3077 1732 in
3125 1682 3250 1736 sinu
3278 1683 3381 1737 Pa-

1808 1750 1930 1812 tris,
1975 1752 2320 1821 declaranda:
2371 1760 2425 1814 in
2484 1762 2731 1819 homines
2778 1766 3166 1826 benevolentiae
3215 1789 3379 1830 causa

1807 1844 2061 1911 sanguini
2096 1853 2150 1900 et
2199 1849 2353 1902 carni
2400 1850 2684 1917 miscetur,
2733 1864 2794 1909 ut
2823 1857 2878 1912 in
2913 1867 3054 1914 terra
3098 1878 3201 1931 pax
3233 1866 3381 1919 oria-

1807 1941 1895 1987 tur
1925 1953 1938 1987 :
1969 1936 2189 2004 planum
2248 1949 2332 1995 est
2385 1942 2552 2010 illam,
2589 1961 2709 2014 qua:
2764 1947 2831 2002 ad
2874 1950 3016 2004 hanc
3057 1955 3380 2012 benevolen-

1806 2024 1935 2078 tiam
1969 2027 2332 2086 conformavit
2375 2049 2529 2089 suam
2564 2039 3045 2110 pulchritudinem,
3103 2049 3378 2117 praeclaris

1805 2117 2062 2183 operibus
2109 2121 2223 2175 suis
2256 2121 2535 2180 Christum
2589 2128 2788 2184 imitari
2818 2151 2830 2186 :
2859 2135 3056 2205 quippe
3095 2154 3214 2208 quae
3253 2143 3377 2198 aliis

1808 2205 1912 2258 hoc
1950 2207 2040 2274 sit,
2079 2211 2223 2279 quod
2253 2211 2504 2270 Christus
2523 2217 2762 2274 humano
2788 2224 2969 2290 generi
3007 2205 3152 2282 fuit:
3183 2246 3378 2299 quem-

1805 2297 2096 2354 admodum
2140 2309 2193 2356 ct
2227 2303 2426 2361 Paulus
2467 2308 2709 2364 imitator
2757 2313 2846 2367 ille
2878 2314 3080 2374 Christi
3122 2297 3374 2386 faciebat,

1805 2391 2046 2459 seipsum
2091 2407 2121 2447 a
2154 2395 2263 2449 vita
2296 2398 2442 2451 velut
2469 2403 2861 2469 exterminans,
2899 2416 2959 2461 ut
2988 2425 3112 2463 cum
3152 2413 3376 2468 calami-

1802 2486 1916 2536 tate
1963 2497 2062 2536 sua
2112 2487 2340 2541 salutem
2385 2487 2602 2546 lsraelis
2655 2507 3035 2554 commutarct.
3086 2501 3177 2556 Sic
3225 2507 3373 2560 enim

1801 2573 1877 2626 ait
1903 2589 1916 2626 :
1951 2573 2192 2642 Optarim
2233 2581 2510 2637 anathema
2536 2601 2646 2639 esse
2675 2604 2706 2638 a
2733 2587 2963 2652 Christo,
2998 2608 3093 2658 pro
3116 2595 3373 2662 fratribus

1802 2666 1953 2732 meis,
1991 2671 2226 2737 cognatis
2255 2673 2381 2726 meis
2417 2679 2700 2730 secundum
2742 2697 2950 2735 carnem
2973 2684 3040 2736 ⁷⁸.
3089 2684 3272 2755 anue
3305 2689 3375 2743 de

1800 2770 1964 2812 causa
1991 2758 2096 2814 dici
2133 2761 2200 2814 ad
2226 2778 2350 2817 eum
2383 2781 2490 2820 non
2538 2769 2718 2838 inepte
2750 2782 2958 2840 posset,
2990 2778 3135 2843 quod
3176 2778 3264 2833 hic
3304 2782 3373 2835 ad

1800 2862 2066 2915 sponsum
2125 2851 2325 2908 dicitur
2362 2879 2373 2912 :
2408 2856 2556 2912 Talis
2608 2869 2691 2915 est
2757 2863 2925 2917 animi
2987 2867 3370 2934 pulchritudo,

1799 2939 1979 3008 qualis
2030 2939 2131 2996 fuit
2183 2943 2397 3000 Domini
2467 2964 2594 3020 erga
2666 2967 2765 3005 nos
2822 2954 3193 3011 benevolentia
3227 2978 3241 3014 :
3274 2961 3368 3029 qui

1798 3031 2038 3102 seipsum
2081 3036 2379 3091 exinanivit
2418 3051 2632 3109 sumpta
2667 3045 2809 3098 servi
2859 3045 3031 3099 forma
3059 3049 3126 3113 7';
3175 3061 3228 3104 et
3277 3067 3367 3106 se-

1796 3120 1972 3190 ipsum
2019 3125 2169 3179 dedit
2211 3129 2444 3197 pretium
2482 3147 2579 3200 pro
2629 3135 2818 3188 mundi
2861 3137 2992 3200 vita,
3033 3146 3085 3194 et
3148 3151 3371 3212 propter

1796 3227 1897 3268 nos
1942 3214 2100 3285 inops
2143 3216 2322 3274 lactus
2351 3228 2458 3286 est,
2508 3237 2632 3276 cum
2670 3224 2822 3281 dives
2857 3236 3020 3293 esset,
3071 3239 3130 3284 ut
3173 3249 3272 3288 nos
3313 3236 3369 3289 in

1796 3304 1970 3374 ipsius
2012 3315 2186 3363 morte
2217 3311 2544 3375 viveremus,
2593 3325 2645 3369 et
2694 3317 2749 3370 in
2787 3317 2960 3387 ipsius
3002 3322 3186 3393 inopia
3228 3327 3370 3380 divi-

1795 3396 1900 3452 tias
1941 3412 2422 3468 consequeremur,
2469 3412 2524 3458 et
2568 3405 2622 3458 in
2659 3405 2832 3461 forma
2869 3415 3154 3468 servitutis
3190 3417 3366 3486 ipsius

1794 3502 2148 3556 regnaremus
2170 3491 2239 3542 ⁷⁸.
2275 3491 2474 3546 Eadem
2519 3509 2733 3560 sponsae
2768 3499 3024 3568 majestas
3069 3506 3232 3558 etiam
3272 3524 3369 3576 per

1793 3577 2115 3646 elegantiam
2141 3578 2493 3652 Jerosolymae
2520 3584 2860 3653 signiﬁcatur
2891 3607 2903 3642 :
2934 3607 3184 3660 supernae
3210 3597 3366 3652 vide»-

1794 3668 1920 3723 licet
1956 3669 2106 3725 illius
2146 3669 2519 3742 Jerosolymm,
2555 3673 2758 3738 liberat,
2800 3677 3094 3735 liberorum
3146 3688 3363 3750 matris,

1792 3774 1955 3830 quam
1985 3763 2167 3831 magni
2205 3763 2346 3832 regis
2376 3764 2652 3818 civitatem
2683 3781 2806 3823 esse
2854 3768 2921 3826 de
2951 3771 3166 3828 Domini
3217 3777 3365 3833 dicto

1793 3850 2168 3907 intelleximus
2192 3853 2258 3906 ⁷⁷.
2294 3853 2505 3908 Etenim
2538 3872 2660 3925 quae
2689 3861 3103 3926 comprehendit
3127 3865 3269 3920 intra
3302 3886 3363 3925 se

1791 3957 1901 3997 non
1936 3944 2510 4011 comprehensibilem,
2539 3947 2610 4001 ita
2647 3958 2702 4002 ut
2729 3949 2935 4007 habitet
2957 3964 3009 4009 et
3034 3957 3276 4012 ambulet
3304 3959 3359 4014 ir.

1791 4049 1854 4089 ea
1898 4033 2061 4097 Deus,
2093 4034 2208 4090 haec
2238 4051 2334 4105 per
2368 4037 2666 4096 habitantis
2715 4041 2770 4096 in
2804 4058 2868 4097 ea
2901 4046 3360 4113 pulchritudinem

1790 4134 2006 4190 ornata,
2067 4127 2309 4182 ccelestis
2347 4126 2684 4202 Jerosolyma
2733 4133 2812 4187 ﬁt.
2855 4133 3212 4193 Pulcliritudo
3263 4157 3362 4195 au-

1791 4224 1897 4272 tem
1923 4217 2164 4272 civitatis
2199 4219 2361 4288 regis,
2409 4229 2461 4275 et
2496 4221 2784 4292 elegantia,
2823 4225 2994 4293 ipsius
3026 4228 3170 4284 haud
3200 4231 3364 4286 dubie

1792 4307 1936 4377 regis
1971 4315 2056 4362 est
2096 4310 2467 4378 pulchritudo.
2496 4311 2630 4365 Nam
2677 4314 2722 4368 is
2767 4323 2850 4369 est
2882 4316 3361 4384 (quemadmodum

112 4363 222 4413 ἐστι
264 4363 410 4417 κατὰ
448 4364 537 4419 τὸν
565 4367 717 4434 λόγον
746 4369 847 4438 τῆς
875 4371 1192 4445 ψαλμῳδίας
1220 4380 1252 4448 ή
1282 4379 1552 4455 ὡραιότης
1589 4363 1678 4442 καὶ

112 4452 167 4483 ολ
195 4453 396 4483 “41‘.--
451 4457 586 4483 _-X-
626 4458 682 4483 Δ..
713 4463 742 4483 ,ι
784 4476 996 4483 ____-,__
1035 4467 1048 4483 ι
1245 4470 1258 4483 ι
1365 4472 1443 4483 -..
1499 4477 1511 4483 -
1649 4481 1658 4483 -

1855 4363 1883 4377 ν
2099 4363 2113 4378 ,
2322 4363 2355 4364 η
2679 4363 2720 4368 -_
2771 4363 2848 4369 η-
2884 4363 3361 4384 ,.,ν-...........,.....,.

1839 4417 1846 4451 ι
1880 4398 2222 4454 Psalmorum
2255 4401 2393 4454 libro
2435 4402 2656 4471 dicitur)
2685 4404 2799 4472 ipsa
2844 4405 3108 4474 elegantia
3145 4419 3196 4465 et
3241 4416 3361 4483 pul-

111 4452 168 4504 τὸ
195 4453 415 4520 κάλλος,
451 4457 586 4526 πρὸς
625 4458 682 4512 ὃν
713 4463 745 4531 ἡ
782 4467 1086 4534 προφητεία
1125 4470 1297 4539 φησί’
1363 4472 1443 4541 Τῇ
1479 4452 1684 4544 ὧραιό-

113 4544 239 4606 md
273 4558 395 4597 σου
433 4547 529 4599 καὶ
577 4547 657 4613 τῷ
687 4551 898 4606 κάλλει
937 4569 1086 4622 σου,
1137 4559 1235 4611 καὶ
1284 4561 1542 4620 εὔθυνον
1585 4569 1684 4624 και

114 4633 440 4689 κατευοδοῦ
466 4677 480 4702 ,
545 4639 642 4691 καὶ
697 4641 995 4705 βασίλευε
1016 4689 1031 4712 ,
1097 4649 1306 4707 ἕνεκεν
1357 4657 1641 4727 ἀληθείας
1667 4702 1681 4726 ,

113 4726 205 4780 καὶ
244 4728 600 4796 πραότητος,
633 4732 732 4785 καί
776 4733 1181 4807 δικαιοσύνης.
1235 4745 1454 4811 Τούτοις
1487 4750 1596 4822 γὰρ
1620 4726 1684 4806 τὸ

108 4815 257 4874 θεῖον
299 4822 796 4892 χαρακτηρίζεται,
827 4830 892 4897 τῇ
918 4829 1143 4903 ἀληθείᾳ
1188 4834 1330 4905 λέγω
1362 4841 1454 4894 καὶ
1494 4815 1578 4915 τῇῗ
1601 4846 1681 4899 δι-

113 4904 391 4976 καιοσύνῃ,
429 4909 521 4962 καὶ
548 4913 614 4980 τῇ
643 4914 925 4986 πραότητι.
973 4918 1038 4972 Ἦ
1066 4921 1240 4976 τοίνυν
1278 4927 1336 4980 ὲν
1364 4933 1475 4993 τοῖς
1503 4935 1674 4988 τοιού-

111 5007 218 5058 τοις
264 4995 486 5051 κάλλεσι
536 5003 882 5072 μορφωθεῐσα
917 5009 1095 5082 ψυχὴ,
1153 5015 1329 5087 ὡραία
1371 5022 1576 5086 γίνεται
1607 5025 1705 5090 ὡς’

123 5086 495 5159 Ἰερουσαλὴμ,
531 5094 597 5162 τῇ
647 5095 740 5148 τοῦ
784 5096 1046 5168 βασιλέως
1080 5086 1678 5177 ὦρᾳῗκαλλωπισθεῖσαι

125 5177 284 5232 ’Δλλὰ
311 5179 480 5233 ταῦτα
512 5183 609 5253 μὲν
631 5187 894 5257 πρόδηλον
926 5192 1037 5264 ἔχει
1066 5197 1160 5250 τοῦ
1189 5201 1287 5270 τῆς
1317 5202 1532 5276 νύμφης
1555 5210 1686 5263 κάλ-

113 5262 230 5328 λους
259 5268 354 5320 τὸν
383 5269 620 5336 ἔπαινον,
653 5278 718 5345 τῇ
760 5279 894 5349 πρὸς
928 5262 1026 5352 τῆν
1054 5262 1302 5342 εὐδοκίαν
1346 5262 1405 5343 τὲ
1439 5262 1542 5346 ’κέι
1581 5298 1683 5365 τὴν

126 5355 476 5431 Ἰερουσαλὴμ
511 5365 796 5435 συγκρίσει
829 5369 1218 5445 πληρούμενον.

183 5535 230 5566 ⁷³
265 5533 403 5611 Luc.
431 5554 496 5606 ιι,
547 5541 636 5595 14.
714 5543 760 5573 ⁷⁸
785 5545 943 5601 Rom.
976 5563 1053 5611 ix,
1087 5550 1138 5605 5.

119 5616 259 5672 IL",
304 5605 359 5663 5.

432 5721 705 5785 ΡΑτιιοι.
741 5725 860 5787 Gn.
891 5729 1104 5792 XLIV.

1241 5553 1289 5587 ⁷⁵
1319 5553 1550 5629 Philipp.
1591 5575 1649 5630 ιι,
1682 5562 1733 5618 7.

1791 4487 2070 4550 chritudo,
2117 4504 2276 4558 quem
2318 4499 2370 4544 et
2401 4489 2672 4560 Pr0pheta
2721 4493 2822 4547 hoc
2866 4496 3028 4550 modo
3074 4505 3308 4572 appellat
3343 4524 3358 4560 :

1791 4574 2071 4645 Elegantia
2112 4587 2204 4631 tua
2251 4589 2300 4633 et
2347 4579 2736 4650 pulchritudine
2775 4592 2868 4637 tua
2920 4585 3109 4658 dirige,
3144 4606 3360 4662 prospe-

1791 4683 1931 4732 rare,
1977 4685 2138 4738 regna
2168 4686 2186 4723 :
2215 4679 2426 4739 propter
2466 4672 2756 4737 veritatem,
2799 4687 2847 4728 et
2883 4682 3357 4744 mansuetudinem,

1789 4768 1840 4815 et
1869 4760 2140 4829 justitiam
2163 4761 2229 4816 ⁷⁸.
2269 4760 2331 4814 Hi
2362 4761 2506 4815 enim
2553 4762 2976 4830 pulchritudinis
3004 4769 3201 4825 divinae
3231 4781 3362 4826 sunt

1789 4852 2170 4908 characteres:
2219 4854 2440 4919 veritas,
2482 4853 2727 4923 inquam,
2777 4864 2831 4909 et
2856 4856 3090 4924 justitia,
3123 4869 3176 4917 et
3209 4877 3359 4916 man-

1789 4942 2043 4996 suetudo.
2099 4941 2463 5008 Quamobrem
2518 4944 2698 4998 anima
2747 4946 2947 5001 talibus
2994 4957 3186 5002 ornata
3236 4952 3358 5020 pul-

1790 5031 2211 5094 chritudinibus,
2241 5031 2297 5085 ﬁt
2327 5031 2566 5086 formosa
2618 5042 2875 5103 tanquam
2899 5033 3226 5100 Jerusalem,
3263 5056 3358 5094 ve-

1791 5126 2008 5174 nustate
2055 5123 2199 5190 regis
2246 5123 2625 5178 cohonestata.
2677 5123 2967 5181 Enimvero
3003 5130 3356 5185 manitestum

1795 5213 1897 5266 hoc
1926 5219 2139 5280 sponsae
2182 5214 2604 5282 pulchritudinis
2642 5217 2951 5271 encomlum
2988 5226 3090 5285 est,
3123 5221 3357 5292 ampliﬁ-

1790 5310 1971 5357 catum
2005 5319 2098 5372 per
2140 5305 2604 5373 comparationem
2655 5323 2777 5362 cum
2818 5308 2937 5378 ipsa
2981 5311 3356 5369 benevolentia

1789 5401 1842 5448 et
1868 5391 2222 5464 Jerosolyma.

1839 5567 1884 5599 ⁷⁸
1910 5567 1951 5622 ll
1980 5567 2106 5625 Cor.
2132 5568 2247 5637 vni,
2275 5569 2308 5625 9
2340 5587 2460 5644 sqq.
2563 5574 2606 5606 ""
2637 5571 2825 5630 Matth.
2857 5592 2910 5642 v,
2949 5577 3038 5632 55.
3135 5577 3178 5612 ⁷⁸
3209 5577 3350 5636 Ρείιιρ

3001 5761 3075 5822 35
