3756 5988
171 255 301 309 HO!

1189 257 1257 312 IN
1289 257 1582 314 CANTICA
1621 255 1890 315 CANTIC.
1925 257 2210 315 HOMILIA
2254 257 2348 313 XV

3281 262 3418 317 H02

164 373 261 442 τὴν
286 371 452 441 ἁγίαν
480 372 721 446 Γραφὴν,
746 375 805 429 τὸ
829 376 1206 447 πρωτότυπον·
1232 378 1427 433 οὐκοῦν
1449 378 1642 449 πτερόε

1937 393 2027 434 sse
2051 378 2349 442 conditam,
2373 383 2431 430 ut
2457 382 2600 432 esset
2629 376 2769 430 alata
2787 423 2801 448 ,
2839 386 2949 446 quo
2969 375 3230 432 nimirum
3251 378 3417 434 etiam

165 464 256 515 καὶ
288 465 319 533 ή
353 463 451 516 τοῦ
479 465 768 536 ἀνθρώπου
797 470 1211 541 κατεσκευάσθη
1239 470 1399 540 φύσις
1417 511 1432 533 ,
1459 470 1534 534 ὡς
1565 471 1630 524 ἂν
1655 472 1750 524 καὶ

163 555 218 606 ἐν
242 559 364 618 ταῖς
401 552 804 629 πτέρυξιν-ἔχοι
836 561 895 612 τὸ
927 562 1068 616 θεῖον
1093 563 1362 634 ὁμοίωμα·
1397 564 1556 634 δῆλον
1583 563 1638 616 δὲ
1667 564 1748 616 ὅτι

162 647 221 699 τὸ
256 649 550 719 πτερύγων
577 649 748 721 ὄνομα
775 653 863 706 διά
910 673 1053 718 τινος
1102 657 1368 726 τροπικῆς
1407 655 1639 727 Θεωρίας
1671 655 1750 718 είς

163 757 215 792 τι
250 740 558 812 θεοπρεπὲς
606 744 1076 815 μεταληφθήσεται
1122 747 1330 816 νόημα,
1363 745 1643 817 δυνάμεώς
1689 764 1749 799 τε

163 831 255 882 καὶ
292 832 719 902 μακαριότητος,
756 836 851 888 καὶ
897 836 1207 906 ἀφθαρσίας
1232 838 1325 890 καὶ
1357 837 1464 890 τῶν
1493 838 1750 891 τοιούτων

160 918 247 970 διὰ
271 918 370 971 τοῦ
401 921 663 991 ὀνόματος
686 922 794 976 τῶν
822 923 1110 994 πτερύγων
1137 942 1203 995 ση
1214 925 1553 996 μαινομένου.
1597 926 1749 978 Ἐπεὶ

159 1004 252 1060 οὗν
296 1009 476 1063 ταῦτα
525 1013 619 1065 καὶ
652 1014 779 1085 περί
811 1013 903 1066 τὸν
951 1015 1235 1086 ἄνθρωπον
1267 1012 1356 1090 ῆν,
1402 1017 1505 1078 ἕως
1546 1017 1634 1068 ὅτε
1673 1017 1750 1087 τῷ

161 1099 279 1168 Θεῷ
309 1100 400 1152 διὰ
446 1103 664 1156 πάντων
709 1104 893 1172 ὅμοιος
929 1099 1018 1174 ἦν·
1051 1104 1186 1174 μετά
1225 1104 1398 1158 ταῦτα
1447 1105 1504 1159 δὲ
1535 1108 1568 1176 ἡ
1615 1106 1749 1176 πρὸς

159 1192 258 1261 τὴν
290 1194 494 1246 κακίαν
521 1194 678 1265 ῥοπὴ,
699 1195 806 1247 τῶν
831 1198 1081 1249 τοιούτων
1106 1197 1390 1268 πτερύγων
1430 1199 1576 1268 ἡμᾶς
1613 1199 1750 1251 ἀπε-

161 1281 430 1352 σύλησενο
476 1282 579 1347 ἔξω
610 1284 718 1354 γὰρ
754 1286 852 1355 τῆς
892 1286 1102 1357 σκέπης
1148 1286 1240 1340 τοῦ
1284 1287 1419 1340 Θεοῦ
1465 1287 1749 1358 πτερύγων

158 1370 448 1440 γενόμενοι
473 1411 486 1432 ,
535 1373 628 1426 καὶ
666 1373 775 1425 τῶν
829 1375 972 1428 ἰδίων
1017 1376 1304 1447 πτερύγων
1336 1377 1746 1449 ἐγυμνώθημεν·

156 1459 247 1513 διὰ
266 1460 431 1513 τοῦτο
460 1463 704 1532 ἐπεφάνη
730 1466 762 1534 ἡ
790 1465 881 1518 τοῦ
909 1465 1042 1519 Θεοῦ
1065 1467 1224 1538 χάρις
1246 1468 1552 1536 φωτίζουσα
1577 1472 1744 1541 ἡμᾶς,

159 1549 246 1604 ἵνα
268 1551 600 1622 ἀποθέμενοι
631 1555 728 1626 τὴν
758 1556 1032 1621 ἀσέϐειαν,
1058 1559 1153 1612 καὶ
1179 1559 1278 1622 τὰς
1321 1560 1592 1630 κοσμικὰς
1623 1563 1746 1615 ἐπι-

159 1641 388 1711 θυμίας,
417 1643 576 1696 πάλιν
612 1645 680 1698 δι’
717 1647 993 1717 ὀσιότητός
1023 1665 1084 1701 τε
1128 1649 1222 1702 καὶ
1246 1648 1588 1720 δικαιοσύνης
1618 1669 1748 1706 πτε-

1851 467 1907 520 in
1947 467 2068 522 aliis
2095 466 2280 520 divina
2315 479 2439 519 cum
2469 471 2666 518 natura
2709 465 3120 528 similitudinem
3171 465 3418 520 haberet.

1850 557 1948 613 Est
1996 565 2176 612 autem
2227 555 2620 620 manifestum,
2675 556 2885 610 alarum
2939 557 3261 612 vocabulum
3324 573 3422 627 per

1852 647 2350 702 considerationem
2400 646 2690 717 quamdam
2744 646 3028 716 ﬁguratam
3085 647 3153 701 ad
3197 663 3419 702 sensum

1852 739 1962 794 Deo
1995 747 2422 794 consentaneum
2469 754 2591 794 esse
2622 739 3059 792 transferendum
3088 754 3102 791 :
3136 738 3211 792 ita
3258 749 3316 791 ut
3369 748 3424 794 et

1852 835 2118 898 potestas,
2150 834 2203 882 et
2238 828 2538 891 beatitudo,
2579 837 2633 884 et
2666 836 2843 884 status
2891 844 3088 897 expers
3138 829 3416 895 interitus,

1850 929 1904 972 et
1943 919 2048 972 alia
2112 919 2426 988 hujusmodi
2479 935 2574 989 per
2625 919 2727 972 hoc
2768 935 2966 974 nomen
3016 920 3418 988 signiticcnlur.

1849 1010 1986 1076 Quia
2041 1011 2208 1080 igitur
2262 1011 2376 1066 lucc
2427 1012 2591 1066 etiam
2646 1019 2799 1065 erant
2856 1015 2911 1065 in
2968 1013 3208 1074 homine,
3253 1028 3417 1082 quam

1850 1101 2069 1170 quidem
2119 1102 2213 1156 diu
2249 1117 2343 1170 per
2375 1103 2558 1156 omnia
2592 1101 2703 1156 Deo
2755 1112 2874 1156 erat
2929 1103 3168 1156 similis:
3224 1119 3416 1157 verum

1850 1191 2046 1246 deinde
2091 1195 2156 1245 ad
2196 1193 2550 1246 vitiositatem
2595 1192 2733 1246 facta
2768 1191 3054 1246 inclinatio
3091 1193 3418 1247 talibusnos

1852 1284 1952 1338 alis
2007 1284 2263 1347 spoliavit
2321 1283 2698 1354 (posteaquam
2771 1285 2916 1339 enim
2976 1293 3129 1338 extra
3200 1293 3416 1355 tegmen

1851 1374 2061 1428 alarum
2079 1373 2174 1430 Dei
2197 1390 2322 1431 esse
2343 1376 2632 1445 coepimus,
2652 1378 2814 1431 etiam
2842 1377 3080 1447 propriis
3106 1377 3208 1431 alis
3228 1377 3414 1430 nudati

1850 1467 2087 1536 sumus),
2112 1466 2318 1522 idcirco
2348 1467 2440 1522 Dei
2469 1469 2642 1538 gratia
2667 1468 2936 1537 patefacta
2960 1476 3066 1532 est,
3097 1469 3418 1523 illuminans

1849 1572 1971 1623 nos,
2005 1565 2064 1611 ttt
2094 1559 2374 1630 impietate
2405 1561 2807 1631 mundanisque
2830 1561 3227 1631 cupiditatibus
3253 1561 3422 1630 depo-

1849 1648 2002 1712 sitis,
2058 1664 2279 1703 rursum
2317 1665 2413 1720 per
2460 1652 2805 1704 sanctitatem
2865 1667 2927 1704 ac
2972 1651 3243 1720 justitiam
3306 1653 3419 1706 alas

163 1735 546 1804 ροφυήσωμεν.
579 1737 786 1791 Οὐκοῦν
811 1739 858 1791 εἰ
886 1739 1057 1794 ταῦτα
1079 1740 1179 1809 τῆς
1199 1741 1455 1812 ἀληθείας
1479 1744 1581 1797 οὐκ
1613 1744 1646 1797 ἀ

1934 1740 2190 1797 »ίετειηυε
2219 1742 2287 1796 ⁸⁸.
2323 1743 2687 1809 Quamobrem
2733 1744 2779 1797 si
2812 1744 2926 1797 haec
2975 1744 3227 1798 veritatis
3264 1753 3417 1798 extra

161 1824 495 1892 σχοίνισται,
532 1827 730 1898 πρέπει
783 1829 933 1900 παρά
966 1831 1065 1901 τῆς
1108 1831 1326 1903 νύμφης
1373 1834 1748 1904 ὁμολογεῖσθαι

157 1915 255 1984 τὴν
289 1918 379 1968 ἐπ’
407 1917 572 1988 αὐτῆς
619 1921 918 1991 γενομένην
946 1921 1100 1992 παρά
1128 1923 1236 1977 τῶν
1270 1923 1428 1977 θείων
1456 1925 1748 1998 ὀφθαλμῶν

159 2008 342 2078 χάριν.
407 2007 571 2077 Ὀμοῦ
599 2026 658 2061 τε
686 2009 795 2081 γὰρ
838 2011 1048 2065 ἐπεῖδεν
1093 2012 1241 2083 ἡμᾶς
1276 2017 1387 2076 τοῖς
1427 2015 1524 2084 τῆς
1555 2016 1746 2085 φιλαν-

158 2097 411 2168 θρωπίας
453 2098 748 2171 ὀφθαλμοῖς
797 2103 827 2155 6
874 2103 1038 2170 Θεὸς,
1097 2105 1189 2157 καὶ
1247 2107 1410 2175 ἡμεῖς
1457 2106 1598 2159 κατά
1648 2107 1746 2178 τὴν

156 2187 397 2258 ἀρχαίαν
434 2188 593 2260 χάριν
620 2190 1096 2262 ἀνεπτερώθημεν.
1142 2192 1326 2247 Ταῦτα
1355 2190 1446 2248 οὖν
1472 2192 1626 2266 οἶμαι
1658 2196 1746 2250 διὰ

158 2278 270 2331 τῶν
301 2280 609 2350 εἰρημένων
637 2281 729 2334 τὸν
761 2281 918 2351 λόγον
958 2283 1349 2352 ἐνδείκνυσθαι,
1381 2286 1418 2340 ἃ
1451 2288 1748 2359 προσευχό-

163 2386 328 2438 μενος
364 2371 391 2422 ὀ
419 2371 582 2424 Δαϐὶδ
606 2373 663 2426 ἐν
691 2372 1078 2446 ἑξεκαιδεκάτῃ
1116 2375 1404 2447 ψαλμῳδίᾳ
1444 2379 1578 2447 φησί
1611 2379 1747 2449 πρὸς

162 2460 368 2530 Κύριον
401 2499 416 2522 ,
441 2461 521 2514 ὅτι
547 2465 612 2516 Οἱ
633 2465 930 2532 ὀφθαλμοί
947 2481 1062 2519 σου
1082 2466 1371 2521 ίὸέτωσαν
1387 2470 1744 2538 εὐθύτητας,

1847 1837 2021 1885 metas
2044 1833 2256 1900 prolata
2285 1848 2393 1887 non
2422 1843 2571 1897 sunt,
2594 1835 2850 1888 convenit
2879 1836 2981 1888 hoc
3007 1835 3128 1889 loco
3151 1843 3415 1898 statuere,

1847 1919 2006 1976 fateri
2057 1937 2316 1991 sponsam
2375 1924 2548 1992 ipsam
2604 1940 2712 1994 qua
2767 1925 2837 1978 sit
2871 1926 2939 1980 ab
2987 1926 3164 1980 oculis
3212 1926 3417 1980 divinis

1845 2012 2038 2067 aﬂ'ecta
2062 2015 2259 2084 gratia.
2296 2013 2471 2069 Simul
2503 2016 2648 2071 enim
2683 2025 2737 2070 et
2765 2017 3138 2086 benignitatis
3161 2033 3274 2072 sua:
3316 2032 3416 2071 nos

1845 2103 2021 2158 oculis
2067 2105 2281 2174 aspexit
2312 2104 2473 2171 Deus,
2522 2112 2576 2160 et
2621 2120 2722 2160 nos
2765 2105 2832 2158 ad
2865 2106 3172 2175 exemplum
3229 2107 3418 2176 gratiae

1845 2196 2087 2266 pristinae
2108 2197 2224 2250 alas
2250 2197 2716 2264 recuperavimus.
2743 2197 2870 2252 Hzec
2897 2197 3136 2252 arbitror
3159 2197 3416 2266 equidem

1845 2303 1942 2359 per
1970 2288 2087 2343 haec
2115 2288 2278 2343 verba
2325 2289 2646 2358 signiﬁcari,
2677 2305 2799 2360 quae
2855 2290 3112 2359 precibus
3147 2289 3317 2344 David
3357 2290 3414 2342 in

1845 2374 2056 2443 psalmo
2089 2391 2177 2429 xvt
2231 2377 2567 2445 complexus,
2614 2377 2680 2431 ad
2717 2375 3006 2431 Dominum
3039 2379 3114 2433 ait
3135 2378 3180 2410 ⁸⁸
3211 2395 3224 2432 :
3258 2377 3415 2433 Oculi

1846 2463 1923 2515 tui
1997 2463 2206 2518 videant
2277 2466 2652 2530 rectitudines,
2719 2466 2978 2521 nimirum
3035 2483 3202 2523 meas.
3268 2467 3410 2521 Nam

163 2556 266 2618 τὰς
309 2552 447 2623 ἐμὰς
477 2553 735 2624 δηλονότι.
808 2554 1204 2625 Ἑδοκίμασας
1226 2557 1334 2628 γὰρ
1356 2558 1471 2626 τὴν
1495 2559 1644 2628 καρδ

1930 2555 2100 2620 ιὺαειί,
2145 2557 2239 2621 ait,
2281 2574 2373 2612 cor
2407 2573 2597 2623 meum,
2644 2566 2693 2610 et
2725 2557 3000 2624 impertisti
3053 2567 3207 2610 noctu
3235 2571 3255 2611 :
3297 2559 3413 2625 igne

156 2656 298 2706 μου,
333 2641 518 2710 φησὶν,
552 2642 874 2712 ἐπεσκέψω
907 2646 1150 2712 νυκτός’
1177 2647 1494 2714 ἐπύρωσάς
1519 2666 1616 2718 με,
1645 2650 1742 2703 καὶ

162 2731 279 2798 οὐχ
313 2730 527 2798 εὑρέθη
556 2733 625 2785 ἐν
649 2735 777 2802 ἐμοὶ
802 2735 1021 2791 ἀδικία.
1057 2737 1196 2790 Ἴσον
1224 2737 1317 2792 οὖν
1346 2743 1509 2805 ἐστιν,
1549 2744 1740 2808 εἰπεῖν,

160 2819 245 2871 ὅτι
273 2818 339 2874 Οἱ
360 2821 656 2890 ὀφθαλμοί
681 2837 798 2878 σου
828 2824 1118 2879 ἰδέτωσαν
1143 2829 1491 2896 εὐθύτητας’
1521 2831 1634 2897 καὶ,
1664 2833 1744 2886 ὅτι

165 2911 232 2962 Ol
258 2911 556 2980 ὀφθαλμοί
596 2926 712 2967 σου
758 2914 826 2968 τὸ
854 2915 1133 2970 ἐναντίον
1154 2916 1240 2985 μὴ
1281 2917 1737 2976 θεασάσθωσαν.

173 2999 235 3072 ὐ
268 3001 379 3072 γὰρ
407 3005 468 3056 τὸ
488 3003 644 3068 εὐθὲς
671 3003 814 3070 ἰδὼν,
844 3006 1055 3060 σκολιὸν
1076 3010 1176 3062 οὐκ
1199 3005 1323 3062 εἶδε
1355 3011 1450 3063 καὶ
1477 3013 1504 3064 6
1531 3011 1739 3065 σκολιὸν
1770 3058 1809 3078 ,,

165 3093 242 3163 μὴ
287 3094 411 3146 ἰδὼν
429 3094 508 3153 ,τὸ
537 3096 690 3160 εὐθὲς
732 3098 948 3162 πάντως
975 3098 1248 3154 τεθέαται.
1295 3100 1504 3154 Οὐκοῦν
1529 3102 1616 3156 διὰ
1642 3104 1739 3174 τῆς

163 3184 256 3237 τοῦ
318 3186 560 3240 ἐναντίου
605 3187 1006 3259 ὑπεξαιρέσεως
1054 3191 1116 3244 τὸ
1163 3192 1364 3261 ἀγαθὸν
1411 3197 1521 3256 τοῖς
1572 3194 1738 3259 θείοις

161 3275 460 3346 ὀφθαλμοῖς
488 3278 838 3346 ἐπιδείκνυσι,
877 3281 944 3334 δι’
973 3275 1048 3335 ὧν
1078 3283 1474 3352 ἁναπτεροῦται
1513 3285 1674 3338 πάλιν
1703 3288 1736 3356 ἡ

161 3365 330 3437 ψυχὴ,
365 3369 398 3438 ἡ
443 3367 529 3422 διὰ
555 3369 653 3439 τῆς
679 3373 958 3442 παρακοῆς
982 3372 1092 3426 τῶν
1127 3375 1562 3445 πρωτοπλάστων
1607 3394 1738 3430 πτε-

165 3460 540 3529 ρορρυήσασα.
585 3462 755 3516 Τοῦτο
786 3463 962 3517 τοίνυν
988 3465 1075 3518 διὰ
1103 3467 1208 3518 τῶν
1238 3468 1543 3537 εἰρημένων
1577 3485 1737 3522 κατε-

164 3549 460 3618 νοήσαμεψ
484 3551 612 3602 Ὅτε
634 3552 682 3603 οἱ
701 3552 968 3623 ὀφθαλμοί
991 3571 1083 3606 σου
1105 3555 1190 3606 ἐπ’
1212 3555 1310 3625 ἐμὲ
1334 3556 1736 3620 ἐπιϐλέπουσιν,

164 3640 599 3711 ἀποστρέφονται
632 3643 740 3696 ἀπὸ
772 3645 863 3698 τοῦ
893 3646 1156 3699 ἐναντίου.
1200 3647 1274 3698 Οὐ
1300 3647 1407 3717 γὰρ
1437 3646 1656 3716 ὀψονταί
1687 3667 1740 3701 τι

162 3729 222 3781 ὲν
260 3729 386 3800 ἐμοὶ
427 3732 535 3784 τῶν
577 3734 1000 3804 ἐναντιουμένων
1050 3753 1159 3805 μοι.
1207 3736 1306 3789 Διά
1345 3736 1502 3790 τοῦτο
1533 3738 1740 3806 γίνεταί

166 3833 257 3886 μοι
296 3818 407 3871 ἀπὸ
446 3818 552 3872 τῶν
590 3820 881 3890 ὀφθαλμῶν
909 3839 1001 3874 σου
1023 3861 1036 3884 ,
1067 3823 1128 3874 τὸ
1173 3822 1336 3876 πάλιν
1362 3824 1738 3895 πτερωθῆναι,

164 3908 259 3961 καὶ
286 3909 577 3962 ἀναλαϐεῖν
602 3909 688 3963 διὰ
723 3910 830 3963 τῶν
855 3911 1061 3980 ἀρετῶν
1085 3910 1185 3974 τὰς
1223 3912 1499 3983 πτέρυγας
1521 3915 1620 3984 τῆς
1643 3932 1741 3968 πε-

166 4003 446 4072 ριστερᾶς,
472 4000 538 4054 δι’
566 4002 633 4073 ῆς
661 4002 864 4069 γίνεταί
898 4020 985 4074 μοι
1024 4004 1121 4073 τῆς
1155 4005 1401 4074 πτήσεως
1431 4006 1465 4076 ἡ
1492 4004 1739 4075 δύναμις·

165 4092 304 4146 ὥστε
325 4091 660 4163 πετασθῆναι
681 4095 774 4146 καὶ
796 4094 1158 4158 καταπαῦσαι,
1193 4095 1404 4166 ἐκείνην
1433 4095 1629 4168 δηλαδὴ
1645 4097 1740 4168 τὴν

165 4185 531 4247 κατάπαυσιν,
571 4184 636 4254 ἢν
667 4185 1009 4238 κατέπαυσεν
1049 4188 1078 4238 6
1114 4185 1244 4248 Θεὸς
1272 4186 1380 4240 ἀπὸ
1413 4186 1519 4240 τῶν
1565 4188 1741 4259 ἔργων

166 4291 358 4327 αυτου.

236 4365 412 4418 Πάλιν
453 4364 511 4417 δὲ
555 4364 694 4433 μετά
737 4365 834 4428 τὰς
863 4365 1044 4434 φωνὰς
1071 4365 1272 4428 ταύτας
1316 4369 1349 4438 ὴ
1386 4366 1480 4421 τοῦ
1517 4368 1742 4434 κάλλους

167 4457 266 4526 τῆς
297 4456 516 4526 νύμφης
550 4457 840 4528 ὑπογραφὴ
867 4456 1192 4527 διαδέχεται,
1235 4459 1344 4510 τῶν
1372 4461 1450 4521 εἰς
1478 4459 1574 4531 τὴν
1597 4460 1744 4533 ὥραν

168 4547 334 4600 αὐτοῦ
388 4539 779 4601 συντελούντων
824 4548 1051 4601 ἕκαστον
1121 4548 1208 4602 διά
1247 4566 1392 4613 τινος
1439 4551 1748 4622 προσφυοῦς

167 4635 482 4706 ὁμοιώσεως
519 4636 615 4689 τοῦ
651 4637 809 4706 λόγου
851 4637 1219 4708 σεμνύνοντος.
1276 4641 1604 4693 Ἐπαινείται
1638 4640 1746 4710 γὰρ

168 4728 340 4797 αὐτῆς
367 4727 476 4780 τῶν
508 4745 567 4780 τε
603 4728 805 4799 τριχῶν
829 4730 888 4782 τὸ
934 4729 1159 4793 κάλλος,
1195 4731 1286 4783 καὶ
1325 4731 1432 4785 τῶν
1457 4731 1682 4784 ὀδόντων
1711 4732 1744 4801 ἠ

169 4817 340 4882 θέσις,
373 4819 468 4872 καὶ
493 4819 555 4872 τὸ
579 4820 671 4871 ἐπὶ
699 4819 791 4872 τοῦ
835 4820 1042 4889 χείλους
1083 4820 1260 4885 ἄνθος,
1296 4821 1388 4873 καὶ
1419 4821 1480 4874 τὸ
1511 4821 1607 4892 ἡδὺ
1644 4821 1746 4891 τῆς

171 4907 380 4977 φωνῆς,
420 4909 518 4978 τῆς
551 4926 609 4962 τε
634 4911 868 4978 παρειᾶς
892 4910 952 4962 τὸ
971 4909 1242 4981 ἐρύθημα.
1289 4912 1348 4964 '0
1373 4911 1430 4963 δὲ
1466 4911 1591 4982 περὶ
1613 4911 1744 4965 ἐκά-

172 5014 300 5052 στου
333 4998 442 5051 τῶν
480 5001 782 5070 εἰρημένων
827 5002 1068 5064 ἔπαινος,
1109 5001 1196 5053 διά
1231 5018 1375 5064 τινος
1411 5001 1743 5072 καταλληλου

173 5087 514 5157 συγκρίσεως
529 5106 589 5141 τε
616 5091 707 5142 καὶ
737 5089 1092 5162 παραθέσεως
1120 5090 1417 5161 πληροῦται
1441 5094 1506 5163 τῇ
1535 5091 1740 5164 νύμφῃ.

172 5180 237 5231 Δί
268 5180 365 5248 μὲν
394 5179 503 5250 γὰρ
545 5181 730 5251 τρίχες
755 5181 976 5250 ἀγέλαις
996 5181 1166 5250 αἰγῶν
1203 5185 1323 5244 ταῖς
1360 5182 1745 5250 ἀναφανείσαις

173 5265 282 5320 ἀπὸ
306 5265 399 5318 τοῦ
433 5266 643 5320 Γαλαὰδ
671 5267 1050 5338 ὼμοιώθησανο
1083 5270 1138 5322 αἱ
1180 5269 1236 5322 δὲ
1264 5267 1373 5322 τῶν
1397 5269 1751 5340 κεκαρμένων

175 5357 367 5425 ἀγέλαι
395 5357 634 5428 διδύμοις
675 5359 855 5423 τόκοις
887 5359 1349 5430 ἐπαγαλλόμεναι,
1383 5359 1444 5412 τὸ
1467 5359 1575 5414 τῶν
1601 5359 1750 5414 ὀδόν-

175 5462 283 5502 των
304 5447 579 5518 ἐγκώμιον
612 5449 878 5530 πληροῦσι
909 5451 995 5504 διὰ
1014 5453 1114 5520 τῆς
1138 5450 1468 5522 ὁμοιώσεωςο
1507 5451 1751 5523 σπαρτίῳ

251 5630 301 5662 ⁸⁵
328 5629 435 5684 Tit.
473 5645 532 5694 II,
578 5629 664 5682 1‘2.
739 5629 785 5658 ⁸⁸
825 5626 969 5681 Psal.
996 5642 1107 5694 xu,
1139 5628 1194 5693 ἓ,
1225 5628 1258 5680 5

1844 2661 1925 2700 me
1949 2647 2292 2712 examinasti,
2328 2657 2380 2701 et
2418 2664 2522 2702 non
2571 2659 2777 2712 reperta
2809 2656 2887 2701 est
2919 2649 2975 2700 in
3020 2664 3099 2701 me
3133 2648 3412 2717 iniquitas.

1853 2732 1949 2789 Est
1982 2737 2144 2805 igitur
2178 2739 2338 2801 idem,
2393 2743 2440 2797 si
2470 2743 2621 2798 dicas
2668 2760 2681 2795 :
2735 2743 2886 2798 Oculi
2919 2746 2994 2797 tui
3023 2746 3226 2798 videant
3269 2749 3424 2799 recli-

1854 2826 2060 2881 tudines
2103 2844 2122 2882 :
2168 2837 2224 2882 et
2272 2847 2286 2884 :
2338 2830 2492 2885 Oculi
2540 2833 2618 2886 tui
2658 2837 2980 2887 contrarium
3025 2852 3127 2890 non
3168 2846 3416 2908 spectent.

1845 2918 1979 2971 Nam
2010 2918 2104 2987 qui
2135 2924 2346 2972 rectum
2402 2918 2666 2978 intuetur,
2692 2917 2972 2986 obliquum
3007 2930 3117 2969 non
3151 2916 3318 2978 videt,
3360 2925 3415 2970 et

1845 3010 1936 3078 qui
1966 3009 2249 3078 obliquum
2288 3022 2398 3062 non
2429 3006 2595 3072 videt,
2638 3007 2864 3061 omnino
2916 3011 3126 3060 rectum
3181 3012 3412 3073 spectat.

1847 3099 2032 3171 Itaque
2068 3115 2165 3170 per
2192 3100 2612 3155 summotiouem
2651 3098 2933 3164 contrarii,
2975 3099 3182 3153 bonum
3212 3097 3414 3152 divinis

1847 3194 1901 3246 in
1926 3192 2102 3246 oculis
2131 3191 2488 3253 demonstrat,
2523 3204 2619 3260 per
2650 3203 2792 3260 quos
2821 3190 2937 3244 alas
2965 3190 3151 3243 anima
3176 3203 3410 3258 recupe-

1845 3291 1971 3346 rat,
2020 3297 2142 3351 quae
2189 3297 2285 3350 per
2346 3280 2772 3334 inobedientiam
2828 3280 3004 3348 primo
3064 3279 3414 3334 conditorum

1847 3372 2128 3426 hominum
2185 3386 2292 3424 non
2354 3371 2592 3438 amplius
2646 3369 2761 3423 alas
2820 3383 2850 3422 a
2911 3379 3106 3423 natura
3158 3369 3413 3424 habebat.

1848 3461 2028 3528 Quare
2057 3463 2138 3516 sic
2163 3461 2516 3530 intelligimus
2546 3460 2661 3513 haec
2701 3459 2888 3522 verba,
2914 3459 3072 3526 quasi
3098 3458 3370 3513 dlceretur
3395 3475 3408 3510 :

1846 3551 2001 3606 Oculi
2028 3551 2106 3604 tui
2137 3563 2260 3603 cum
2295 3564 2380 3602 me
2417 3547 2738 3615 inspiciunt,
2772 3553 3096 3599 avertuntur
3135 3560 3166 3598 a
3197 3553 3417 3599 contra-

1845 3643 1948 3697 rio.
1978 3641 2097 3696 Non
2122 3641 2266 3694 enim
2314 3638 2581 3693 videbunt
2625 3637 2681 3690 in
2714 3651 2801 3691 me
2847 3636 3146 3705 quidquam
3196 3651 3410 3697 eorum,

1847 3749 1966 3804 quae
1997 3733 2128 3787 mihi
2179 3730 2460 3785 contraria
2505 3736 2656 3785 sunt.
2709 3727 2920 3782 Idcirco
2959 3729 3068 3782 tuis
3119 3728 3188 3783 ab
3236 3729 3413 3782 oculis

1848 3827 1952 3880 hoc
1984 3838 2315 3892 consequor,
2370 3830 2432 3876 ut
2483 3837 2702 3876 rursum
2753 3823 2867 3875 alas
2913 3821 3165 3882 habeam,
3217 3827 3270 3874 et
3317 3836 3416 3889 pcr

1847 3916 2078 3970 virtutes
2123 3927 2441 3982 recuperem
2493 3911 2609 3964 alas
2657 3911 2814 3978 ejus,
2851 3925 2974 3979 qua:
3018 3917 3103 3963 est
3153 3917 3412 3977 tanquam

1849 4005 2137 4061 columba:
2191 4019 2300 4073 quo
2355 4003 2413 4056 lit
2445 4011 2505 4057 ut
2552 4003 2740 4055 volare
2787 4001 3014 4071 possim.
3070 4015 3132 4054 ac
3172 3999 3414 4053 vicissim

1849 4098 2171 4168 quiescere:
2205 4095 2388 4164 quiete
2417 4095 2509 4149 illa
2548 4097 2830 4157 nimirum,
2871 4107 2978 4163 qua
3015 4091 3159 4147 Deus
3189 4092 3256 4146 ab
3287 4105 3418 4160 ope-

1849 4191 2002 4245 ribus
2029 4190 2144 4243 suis
2173 4187 2399 4258 quievit.

1774 4391 1819 4444 ι)
1919 4368 2187 4423 Caeterum
2219 4375 2341 4436 post
2367 4366 2483 4420 ha‘c
2513 4367 2677 4419 verba
2710 4378 2930 4418 rursum
2960 4362 3261 4432 descriptio
3291 4363 3416 4432 pul-

1850 4459 2182 4514 chritudinis
2235 4473 2456 4526 sponsae
2506 4455 2788 4519 succedit,
2838 4462 2893 4508 et
2934 4453 3146 4524 singula
3196 4469 3316 4519 qua:
3348 4452 3413 4506 ad

1849 4553 2172 4621 elegantiam
2220 4549 2394 4619 ipsius
2459 4547 2638 4601 facere
2681 4553 2939 4615 possunt,
3005 4554 3130 4613 apta
3179 4545 3416 4614 quadam

1850 4641 2206 4697 similitudine
2252 4647 2537 4695 ornantur.
2575 4635 2712 4690 Nam
2740 4644 2795 4692 et
2853 4649 3134 4691 comarum
3165 4637 3283 4703 ejus
3322 4650 3418 4689 ve-

1851 4745 2044 4789 nustas
2081 4732 2353 4795 laudatur,
2398 4739 2453 4785 et
2495 4728 2739 4785 dentium
2777 4728 3086 4790 collocatio,
3134 4733 3188 4780 et
3239 4725 3418 4779 llosin

1850 4825 2028 4887 labro,
2055 4832 2111 4879 et
2154 4824 2304 4879 vocis
2339 4822 2601 4886 suavitas,
2634 4829 2687 4874 et
2717 4831 2976 4887 genarum
3025 4815 3213 4869 rubor.
3241 4814 3419 4884 Atque

1850 4915 2044 4970 horum
2073 4916 2315 4969 omnium
2357 4914 2478 4968 laus
2534 4926 2632 4982 per
2664 4908 3076 4964 convenientem
3124 4904 3418 4976 quamdam

1851 5005 2312 5074 comparationem
2347 5015 2564 5072 sponsa:
2622 4997 2937 5054 assolvitur.
2969 4994 3180 5051 Etenim
3231 4994 3416 5064 capilli

1850 5094 2032 5162 capris
2063 5093 2130 5146 de
2156 5091 2360 5146 Galaad
2389 5088 2808 5160 conspiciendas
2846 5101 2906 5142 se
2932 5085 3303 5156 praebentibus
3331 5098 3420 5139 as-

1853 5184 2200 5239 similantur:
2233 5190 2521 5237 tonsarum
2546 5195 2678 5237 vero
2705 5193 2918 5251 greges,
2949 5176 3181 5248 geminis
3217 5174 3420 5230 fetibus

1849 5274 2166 5344 gaudentes,
2196 5273 2505 5328 encomium
2541 5272 2784 5326 dentium
2807 5265 3420 5324 conliciunt.Funiculo

1849 5363 2085 5434 denique
2116 5361 2376 5417 coccineo
2406 5359 2610 5415 labium
2663 5366 3014 5428 comparatur
3041 5373 3055 5412 :
3096 5364 3152 5413 et
3185 5370 3280 5426 per
3307 5355 3421 5408 col-

1850 5457 2106 5513 lationem
2139 5469 2262 5513 cum
2295 5453 2424 5508 mali
2476 5453 2658 5524 punici
2691 5453 2899 5510 cortice
2940 5464 3207 5522 genarum
3253 5458 3421 5502 orna-
