3738 5984
354 267 500 322 ἸῚΟΞ

1584 264 1655 319 ιε.
1690 262 2016 322 GBEGOBII
2049 266 2340 325 NYSSENI

3458 268 3568 323 μοι

356 387 598 434 mentum
629 373 921 428 indicatur.
955 371 1132 428 Verba
1183 379 1313 428 sunt
1357 371 1669 442 huiusmodi
1701 391 1715 427 :
1757 373 1924 428 Coma

2032 377 2078 430 δὲ
2109 378 2438 447 κοκκοόαφεϊ
2469 375 2529 429 τὸ
2571 362 2745 446 χεῖλος
2794 374 3069 440 εἰκάζεται
3090 416 3103 439 ,
3134 376 3227 429 κατ
3267 373 3348 445 τῷ
3372 374 3569 447 λεπύρφ

357 478 447 523 tua
475 466 612 521 velut
632 482 813 537 greges
848 479 1156 533 caprarum,
1192 479 1308 534 qua:
1325 473 1680 532 apparuerunt
1723 464 1788 518 de
1818 465 1924 519 Ga-

355 556 503 613 laad.
560 556 749 611 Dentes
803 556 881 609 tui
930 555 1067 609 sicut
1116 571 1292 626 greges
1348 562 1644 619 tonsarum,
1700 571 1817 625 qua:
1861 559 1925 611 de

356 653 567 704 lavacro
604 647 1065 711 ascenderunt,.et
1114 662 1292 701 omnes
1340 647 1477 715 [etus
1548 646 1795 716 gemellos
1828 647 1925 701 Iut-

356 743 550 805 bcntes,
586 756 748 811 neque
792 740 985 794 sterilis
1014 740 1150 793 inter
1180 754 1268 791 eas
1296 738 1418 791 ulla
1463 747 1559 792 est.
1607 737 1784 792 Labra
1832 748 1924 792 tua

353 840 477 885 sunt
509 831 680 884 instar
708 828 935 898 funiculi
967 828 1219 892 coccinei,
1253 836 1304 882 et
1336 827 1542 897 loquela
1578 836 1669 881 tua
1711 827 1922 897 elegans

350 930 450 973 est.
487 916 649 972 Mala:
678 926 781 970 tua:
803 916 978 970 instar
1003 916 1219 969 corticis
1253 916 1386 969 ntali
1410 916 1614 983 punici,
1648 925 1847 984 praue:
1866 914 1922 966 id

352 1009 491 1082 quod
522 1010 577 1064 in
607 1018 655 1062 te
696 1007 963 1061 relieetur.
997 1005 1129 1072 Qua:
1158 1008 1342 1061 omnia
1369 1022 1493 1061 cum
1523 1007 1803 1076 superius
1833 1022 1923 1063 sa-

353 1102 424 1156 tis
457 1097 766 1170 indaganda
788 1098 899 1152 sint
917 1097 1209 1167 explicata,
1232 1112 1702 1168 supervacaneum
1733 1097 1921 1161 fuerit,

351 1192 667 1248 earumdem
700 1189 1224 1259 contemplationum
1261 1190 1582 1258 repetitione
1614 1190 1922 1245 molestiam

352 1281 587 1337 orationi
608 1289 810 1336 nostrae
834 1280 1072 1351 aliquam
1098 1294 1305 1336 creare.
1339 1279 1494 1345 Quod
1528 1280 1574 1335 si
1595 1281 1719 1351 quis
1742 1289 1921 1335 tamen

350 1372 515 1429 etiam
547 1370 710 1427 modo
726 1370 834 1426 diei
867 1370 1121 1425 nonnihil
1147 1370 1215 1425 de
1236 1370 1428 1426 iisdem
1450 1372 1681 1442 expetit,
1703 1380 1924 1443 propter

351 1478 468 1527 cos,
495 1463 589 1533 qui
622 1476 796 1532 nuper
826 1475 926 1517 nos
966 1476 1074 1516 non
1109 1459 1410 1516 audivere:
1448 1461 1689 1517 breviter
1726 1463 1921 1517 horum

352 1553 701 1624 aenigmatum
735 1549 1060 1606 sententiam
1104 1563 1516 1618 pereurremus.
1558 1547 1753 1619 Capilli
1797 1563 1924 1604 cor-

354 1644 504 1715 poris
531 1642 861 1712 peculiarem
890 1639 1182 1710 quamdam
1213 1646 1267 1694 et
1296 1638 1574 1695 diversam
1627 1654 1659 1693 a
1705 1640 1920 1709 reliquo

2026 468 2125 538 τῆς
2166 468 2294 536 ῥόας
2331 469 2365 538 ἡ
2418 465 2622 537 παρειὰ
2652 465 3069 530 καλλωπίζεται.
3104 464 3258 535 Ἔχει
3289 464 3350 517 δὲ
3376 465 3410 534 ἡ
3448 463 3571 529 λέξις

2024 560 2222 625 οὕτως·
2249 561 2515 630 Τρίχωμὰ
2548 578 2664 615 σου
2705 560 2910 630 ἀγέλαι
2948 561 3070 615 τῶν
3095 561 3297 631 αἰγῶν,
3357 560 3419 614 ατ
3457 563 3568 615 ἀνε-

2024 647 2306 716 φάνησαν
2327 649 2444 703 ἀπὸ
2466 648 2573 700 τοῦ
2599 646 2862 701 Γαλαὰδ.
2905 647 3163 712 ὀδόντες
3199 662 3318 700 σου
3354 649 3433 713 ὠς
3454 648 3568 716 ἀτέ-

2022 740 2122 790 .2αι
2148 735 2266 789 τῶν
2305 736 2701 806 κεκαρμένων,
2727 735 2791 789 αἳ
2813 735 3119 802 ἀνέϐησαν
3154 734 3270 789 ἀπὸ
3306 735 3415 788 τοῦ
3449 739 3567 790 ,ιου-

2023 825 2184 895 τροῦ,
2210 828 2270 879 al
2286 825 2488 880 πᾶσαι
2515 826 2964 895 διδυμεύουσαι,
2993 826 3091 880 και
3113 826 3453 881 ἀτεκνοῦσα
3478 829 3569 880 οὐκ

2021 915 2194 969 ἐστιν
2222 915 2294 968 ἐν
2332 915 2563 981 αὐτοῖς.
2621 916 2714 981 Ὠς
2736 917 3046 983 ισπαρτίον
3090 918 3379 970 κόκκινον
3420 918 3568 985 χείλη

2021 1024 2159 1071 σου,
2193 1009 2292 1063 καὶ
2323 1010 2363 1076 ή
2389 1008 2573 1063 λαλιὰ
2612 1022 2729 1063 σου
2767 1008 2968 1077 ὡραία.
3023 1004 3118 1074 Ὠς
3156 1007 3424 1075 λέπυρον
3443 1009 3570 1075 ῥόας

2013 1100 2217 1171 μῆλόν
2238 1114 2374 1163 σου,
2401 1098 2574 1165 ἐκτὸς
2597 1098 2705 1167 τῆς
2742 1097 3097 1165 σιωπήσεώς
3123 1115 3261 1152 σου.
3289 1091 3390 1152 Ὧν
3418 1099 3568 1151 ἁπάν-

2019 1205 2126 1242 των
2170 1190 2228 1241 ὲν
2248 1190 2358 1252 τοῖς
2397 1187 2664 1256 φθάσασιν
2696 1187 2896 1251 ἱκανῶς
2929 1187 3316 1258 ὲξητασμένων
3344 1187 3573 1257 περιττὸν

2020 1277 2087 1333 ἂν
2125 1278 2210 1349 εἵη
2241 1278 2331 1332 διὰ
2355 1277 2457 1348 τῆς
2480 1277 2590 1332 τῶν
2618 1277 2796 1332 αὐτῶν
2838 1278 3209 1350 θεωρημάτων
3252 1278 3572 1345 παλιλλοτίας

2019 1366 2175 1439 ὄχλον
2222 1369 2606 1437 ἐπεισαγαγεῖν
2639 1368 2719 1439 τῷ
2761 1368 2919 1439 λόγῳ.
2951 1368 3095 1420 Είνδὲ
3133 1384 3216 1431 τις
3246 1367 3342 1419 καὶ
3371 1365 3460 1419 vi»:
3494 1366 3573 1418 τὸν

2021 1461 2153 1531 περὶ
2193 1460 2303 1514 τῶν
2329 1460 2512 1514 αὐτῶν
2535 1460 2692 1529 λόγον
2720 1459 3002 1531 ὲπιζητοίη
3039 1458 3291 1526 γενέσθαι
3310 1501 3327 1524 ,
3357 1460 3442 1513 διὰ
3467 1460 3573 1522 toil;

2021 1550 2287 1620 ἀνηκόους
2316 1549 2425 1604 τῶν
2453 1550 2686 1619 πρώτων
2712 1552 2797 1614 είς
2825 1552 2893 1605 τὰ
2925 1550 3066 1621 ρητὰ
3089 1549 3260 1604 ταῦτα
3295 1550 3571 1619 θεωρηθέν-

2021 1655 2147 1693 των⁶
2176 1640 2244 1694 δι’
2269 1640 2463 1708 ὀλίγων
2491 1640 2588 1713 τὴν
2620 1641 2853 1695 διάνοιαν
2875 1641 2985 1694 τῶν
3014 1642 3353 1711 αἰνιγμάτων
3377 1640 3572 1711 ἐπιδρα-

353 1748 582 1804 corpore
613 1739 864 1788 naturam
897 1730 1118 1785 habent.
1153 1727 1287 1783 Nam
1316 1744 1441 1783 cum
1470 1744 1677 1800 corpus
1706 1729 1925 1784 univer-

2032 1730 2296 1802 μούμεθα.
2323 1733 2390 1785 Al
2417 1732 2601 1802 τρίχες
2643 1733 2737 1786 τοῦ
2782 1731 3029 1803 σώματος
3077 1730 3388 1795 ἰδιάζουσαν
3415 1731 3570 1800 ἔχουσι

353 1841 473 1882 sum
509 1825 592 1879 vis
621 1822 844 1879 sensilis
876 1821 1162 1892 gubernet,
1182 1822 1391 1891 absque
1424 1836 1530 1892 qua
1557 1837 1716 1877 nemo
1742 1823 1925 1877 vivere

2032 1823 2172 1895 παρὰ
2213 1823 2272 1877 τὸ
2323 1824 2507 1878 λοιπδν
2541 1825 2697 1894 σῶμα
2739 1825 2837 1895 τὴν
2876 1824 3055 1893 φύσιν.
3106 1825 3318 1888 Παντὸς
3362 1824 3465 1894 γὰρ
3493 1823 3570 1876 τοῦ

354 1924 559 1988 posset,
590 1914 733 1984 quod
769 1928 986 1969 sensus
1029 1912 1148 1983 ipse
1178 1914 1250 1969 sit
1294 1914 1405 1967 vita
1437 1914 1690 1982 corporis
1706 1931 1730 1980 .;
1776 1914 1923 1969 solos

352 2005 579 2075 capillos
598 2003 856 2058 .videmus
883 2008 938 2056 et
966 2008 1182 2069 partem
1214 2001 1467 2071 corporis
1499 2016 1644 2066 esse,
1674 2011 1728 2056 et
1758 2016 1922 2057 sensu

353 2106 534 2152 tamen
560 2110 765 2151 carere.
801 2093 978 2164 Atque
1014 2093 1155 2147 hanc
1184 2093 1360 2162 partis
1407 2093 1570 2163 hujus
1619 2095 1926 2164 proprieta-

351 2199 460 2244 tem
484 2202 625 2253 esse,
648 2184 889 2240 declarat
912 2185 1018 2239 hoc
1034 2183 1240 2253 ipsum,
1262 2184 1407 2254 quod
1435 2200 1614 2255 neque
1637 2187 1925 2241 exustione

353 2292 541 2349 neque
579 2278 840 2342 sectione,
883 2274 1083 2345 reliqui
1131 2276 1383 2345 corporis
1430 2278 1627 2342 instar,
1679 2276 1924 2332 dolorem

351 2370 535 2441 capilli
573 2367 898 2439 percipiant.
931 2365 1118 2437 Itaque
1169 2381 1294 2422 cum
1351 2366 1420 2423 de
1467 2368 1740 2423 sententia
1792 2368 1925 2424 dicti

353 2461 568 2517 Paulini
592 2461 661 2525 “,
708 2459 881 2530 gloria
934 2458 1183 2514 mulieris
1229 2458 1301 2515 sit
1341 2474 1519 2525 coma,
1565 2461 1768 2531 quippe
1798 2477 1927 2531 qum

352 2569 452 2625 per
485 2553 776 2608 cincinnos
814 2557 987 2620 caput
1035 2560 1304 2608 exornet:
1335 2550 1600 2607 docemur
1631 2569 1727 2623 per
1783 2553 1927 2608 hanc

354 2643 679 2714 capillorum
706 2656 928 2711 sponsas
955 2638 1425 2711 pradicationem,
1455 2642 1656 2698 debere
1684 2643 1806 2699 illos
1832 2645 1926 2714 qui

356 2735 409 2788 in
437 2735 621 2804 capite
669 2747 884 2803 sponsa:
915 2746 1036 2787 esse
1094 2732 1494 2805 intelliguntur,
1543 2742 1598 2789 et
1644 2749 1740 2804 per
1786 2749 1927 2805 quos

357 2825 529 2897 gloria
562 2824 821 2878 Ecclesiae
853 2822 1085 2887 accedit,
1122 2823 1326 2879 habere
1363 2840 1560 2881 sensus
1602 2825 1659 2880 in
1691 2834 1927 2896 potesta-

359 2926 415 2971 te
430 2928 763 2986 sua,perque
782 2916 1108 2983 sapientiam
1133 2930 1354 2970 sensum
1385 2918 1663 2973 occultare
1692 2934 1706 2972 :
1730 2932 1927 2987 quem-

357 3005 651 3060 admodum
701 3006 840 3059 liber
877 3003 1296 3060 Proverbiorum
1353 3006 1623 3076 loquitur,
1651 3021 1775 3061 cum
1806 3007 1921 3062 ait:

359 3097 629 3166 Sapientes
717 3096 1046 3149 abscondunt
1108 3112 1318 3150 sensum
1355 3097 1450 3147 ’τε
1510 3097 1766 3151 nimirum
1830 3098 1925 3169 qui

359 3207 470 3246 non
532 3205 599 3243 ex
656 3202 878 3258 aspectu
919 3187 987 3243 de
1036 3187 1179 3242 bono
1226 3188 1496 3257 judicium
1542 3190 1769 3254 faciunt,
1816 3208 1927 3246 non

361 3287 581 3352 gustatu
642 3279 847 3333 bonum
917 3278 1238 3347 explorant,
1294 3293 1404 3333 non
1479 3278 1769 3347 odoratui,
1819 3297 1926 3338 non

361 3370 552 3436 tactui,
602 3384 711 3424 non
758 3368 982 3424 alterius
1024 3384 1222 3424 sensus
1260 3383 1470 3439 organo
1507 3371 1925 3426 aestimationem

363 3462 487 3518 boni
522 3463 884 3532 permittunt;
934 3459 1028 3515 sed
1062 3461 1210 3514 omni
1246 3475 1413 3515 sensu
1454 3461 1802 3527 mortiﬁcata,
1834 3476 1930 3531 per

362 3555 542 3611 solum
569 3554 812 3607 animum
843 3551 1026 3606 oblata
1064 3551 1233 3606 menti
1263 3551 1406 3606 bona
1442 3552 1849 3622 amplectunt::r
1875 3557 1930 3605 et

360 3654 661 3718 expetunt:
716 3653 883 3715 atque
937 3642 1044 3698 hoc
1098 3642 1261 3698 modo
1287 3642 1569 3698 mulierem
1607 3643 1779 3706 illam,
1809 3656 1931 3712 qua:

362 3745 448 3792 est
476 3733 744 3797 Ecclesia,
772 3731 947 3802 gloria
979 3730 1213 3803 quadam
1248 3739 1540 3795 exornant,
1596 3746 1706 3786 non
1759 3731 1931 3786 hono-

364 3827 516 3883 ribus
541 3826 991 3889 intumescentes,
1020 3837 1201 3893 neque
1230 3837 1327 3892 per
1365 3823 1731 3892 abjectionem
1762 3821 1929 3876 animi

364 3918 531 3974 rebus
561 3915 816 3970 tristibus
845 3914 901 3967 in
924 3924 1213 3983 angustum
1246 3916 1423 3967 coacti
1448 3931 1463 3981 ;
1489 3914 1584 3969 sed
1606 3915 1660 3967 in
1685 3912 1931 3968 adversis

363 4009 582 4066 casibus
610 4005 939 4075 capillorum
961 4004 1137 4060 instar
1158 4018 1219 4059 se
1244 4018 1442 4060 sensus
1461 4012 1718 4075 expertes
1747 4004 1931 4059 decla-

365 4107 568 4159 rantes,
591 4094 807 4150 etiamsi
830 4093 915 4149 vel
934 4095 1107 4150 sectio
1126 4102 1349 4165 propter
1367 4094 1526 4150 ﬁdem
1549 4096 1604 4149 in
1626 4094 1929 4161 Christum,

367 4191 450 4244 vel
486 4186 551 4240 ad
601 4185 830 4248 bestias,
861 4184 947 4239 vel
980 4184 1036 4239 in
1086 4184 1265 4256 ignem
1319 4186 1557 4255 abjectio
1606 4184 1930 4257 perferenda

368 4281 460 4335 sit.
495 4275 640 4331 Talis
666 4284 784 4332 erat
813 4274 963 4330 Elias
1015 4274 1127 4342 ille,
1156 4276 1250 4346 qui
1301 4274 1369 4331 de
1404 4276 1608 4331 Galaad
1663 4276 1929 4339 ascendit,

2025 1914 2274 1984 σώματος
2303 1916 2591 1986 αίσθητικῇ
2626 1915 2850 1985 δυνάμει
2882 1915 3327 1984 διακονουμένου,
3362 1911 3430 1986 ἦς
3464 1914 3569 1968 ἄνευ

2022 2005 2114 2058 τοῦ
2146 2006 2245 2076 ζῇν
2276 2005 2437 2076 φύσιν
2478 2007 2577 2059 οὐκ
2604 2005 2735 2076 ἔχει·
2774 2005 2886 2076 ζωὴ
2909 2006 3021 2077 γὰρ
3049 2005 3143 2059 τοῦ
3173 2005 3424 2076 σώματός
3451 2008 3572 2059 ἐστιν

2021 2094 2059 2167 ἠ
2106 2095 2375 2166 αἴσθησις
2425 2095 2587 2167 μόνας
2631 2095 2845 2167 δρῶμεν
2900 2098 3000 2159 τὰς
3045 2097 3239 2167 τρίχας
3297 2097 3392 2150 καὶ
3432 2098 3571 2169 μέρος

2020 2184 2186 2249 οὔσας
2238 2185 2331 2239 τοῦ
2393 2186 2665 2256 σώματος,
2733 2185 2828 2239 καὶ
2883 2186 3219 2258 ἀμοιρούσας
3271 2188 3570 2258 αἰσθήσεως.

2024 2277 2273 2332 Δείκνυσι
2314 2278 2373 2331 δὲ
2402 2277 2603 2348 ταύτην
2643 2279 2735 2330 ἐπὶ
2772 2276 2868 2331 τοῦ
2896 2276 3103 2350 μέρους
3119 2279 3313 2332 τούτου
3346 2279 3441 2351 τὴν
3471 2281 3572 2333 ίδιὸ·

2023 2388 2179 2442 τητα,
2221 2371 2282 2423 τὸ
2334 2371 2469 2441 μήτε
2516 2371 2604 2424 διὰ
2646 2369 2895 2433 καύσεως
2946 2371 3082 2441 μήτε
3127 2371 3215 2424 διὰ
3256 2372 3433 2441 τομῆς
3472 2372 3572 2425 καθ’

2022 2463 2315 2534 ὁμοιότητα
2357 2461 2451 2515 τοῦ
2505 2462 2663 2516 ἄλλον
2701 2460 2951 2532 σώματος
2995 2463 3088 2515 καὶ
3129 2462 3334 2527 ταύτας
3378 2463 3574 2531 ἀλγύνε-

2025 2552 2168 2607 σθαι.
2212 2552 2431 2622 Ἐπειδὴ
2464 2550 2642 2605 τοίνυν
2691 2551 2833 2604 κατὰ
2871 2553 2971 2621 τὴν
2998 2546 3219 2606 Παύλου
3248 2552 3448 2624 φωνὴν,
3469 2552 3573 2618 δόξα

2023 2644 2121 2716 τῆς
2143 2643 2398 2711 γυναικός
2450 2645 2596 2696 ἐστιν
2625 2644 2658 2712 ὴ
2706 2644 2871 2713 κόμη,
2898 2642 2986 2696 διὰ
3023 2643 3131 2696 τῶν
3160 2642 3458 2713 πλοκάμων
3490 2644 3571 2713 τὴν

2025 2734 2261 2805 κεφαλὴν
2302 2733 2610 2804 ὡραϊζουσα
2630 2750 2645 2764 ·
2690 2732 2849 2786 τοῦτο
2875 2733 2960 2787 διὰ
2986 2732 3083 2786 τοῦ
3115 2734 3339 2788 ἐπαίνου
3368 2734 3471 2788 τῶν
3492 2733 3573 2802 τῆς

2025 2825 2240 2897 νύμφης
2270 2825 2479 2898 τριχῶν
2504 2825 2887 2895 διδασκόμεθα,
2923 2827 3004 2879 ὅτι
3050 2826 3154 2897 χρὴ
3192 2828 3322 2890 τοὺς
3353 2827 3470 2898 περὶ
3493 2827 3574 2894 τὴν

2025 2917 2267 2988 κεφαλὴν
2286 2918 2386 2987 τῆς
2411 2918 2628 2988 νύμφης
2656 2917 3082 2989 θεωρουμένους,
3105 2917 3170 2971 δι’
3194 2911 3270 2972 ὧν
3302 2921 3337 2990 ἠ
3376 2917 3572 2989 Ἐκκλη.

2028 3007 2118 3061 σία
2147 3007 2445 3072 δοξάζεται,
2482 3007 2760 3079 κρείττους
2798 3008 2908 3060 τῶν
2936 3007 3244 3079 αἰσθήσεων
3276 3007 3446 3073 εἶναι,
3471 3010 3574 3078 κρύ-

2029 3116 2258 3163 πτοντας
2285 3100 2372 3152 διὰ
2398 3100 2498 3169 τῆς
2533 3101 2723 3169 σοφίας
2748 3101 2845 3171 τὴν
2867 3100 3137 3171 αίσθησιν.
3164 3096 3367 3165 Καθὼς
3394 3104 3425 3171 ἡ
3450 3101 3570 3170 Παρ-

2026 3190 2179 3261 οιμία
2224 3191 2407 3259 φησιν’
2450 3191 2529 3244 ὅτι
2566 3191 2744 3260 Σοφοὶ
2776 3194 3148 3262 κρύπτουσιν
3170 3192 3471 3259 αίσθησιν,
3509 3185 3574 3254 οἷς

2027 3279 2125 3349 οὐχ
2150 3279 2339 3349 ὅρασις
2365 3278 2457 3331 τοῦ
2482 3279 2644 3333 καλοῦ
2674 3281 2955 3351 κριτήριον
2974 3281 3203 3349 γίνεται,
3227 3280 3354 3336 οὔτε
3374 3285 3441 3354 τῇ
3466 3280 3573 3350 γεύ-

2030 3385 2112 3421 σει
2158 3368 2219 3421 τδ
2252 3368 2452 3436 ἀγαθὸν
2501 3369 2891 3439 δοκιμάζεται,
2938 3370 3039 3424 οὐκ
3083 3372 3352 3443 ὀσφρήσει
3400 3388 3456 3425 τε
3498 3371 3574 3424 καὶ

2030 3459 2171 3530 ἁφῇ,
2212 3458 2334 3512 οὐδὲ
2378 3458 2520 3529 ἄλλῳ
2565 3461 2671 3511 τινὶ
2719 3459 3053 3531 αἰσθητηρίῳ
3086 3461 3120 3530 ἡ
3153 3460 3244 3513 τοῦ
3280 3458 3441 3514 καλοῦ
3474 3460 3571 3512 ἔπι-

2028 3548 2515 3619 τρέπεταιρκρίσις·
2545 3548 2679 3602 ἀλλὰ
2707 3549 2885 3620 πάσης
2912 3549 3279 3620 νεκρωθείσης
3300 3550 3573 3620 αίσθήσεως

2029 3638 2117 3693 διὰ
2149 3637 2316 3710 μόνης
2351 3641 2450 3711 τῆς
2491 3640 2667 3709 ψυχῆς
2689 3679 2704 3704 ,
2730 3640 2840 3695 τῶν
2876 3641 2997 3694 κατ’
3028 3641 3234 3697 ἔννοιαν
3263 3641 3573 3713 φαινομένων

2030 3728 2251 3798 ἀγαθῶν
2278 3729 2609 3798 ἐφάπτονται
2645 3732 2738 3785 καὶ
2767 3733 3143 3803 ὲπορὲγονται,
3166 3733 3261 3787 καὶ
3282 3733 3423 3787 οὓτω
3441 3730 3569 3796 δοξά-

2032 3820 2181 3884 ζουσι
2230 3818 2327 3890 τὴν
2375 3822 2636 3888 γυναῖκα,
2690 3820 2788 3892 τὴν
2845 3822 3189 3895 Ἐκκλησίαν,
3232 3822 3369 3876 οὔτε
3419 3822 3574 3891 siuei;

2032 3909 2438 3981 διογκούμενοι,
2490 3909 2612 3964 οὔτε
2664 3911 3046 3983 μικροψυχίαις
3091 3913 3227 3983 πρὸς
3274 3914 3346 3968 τά
3386 3911 3573 3982 λυπηρὰ

2035 4000 2447 4071 συστελλόμενοι
2469 4018 2482 4035 ·
2520 4001 2654 4054 ἀλλὰ
2705 4002 2809 4056 κᾶν
2842 4003 3134 4074 τέμνεσθαι
3165 4005 3259 4078 δέῃ
3303 4005 3392 4059 διὰ
3422 4004 3508 4075 τὴν
3526 4003 3571 4063 ἐς

2033 4091 2269 4164 Χριστὸν
2296 4091 2496 4153 πίστιν.
2530 4092 2634 4147 κᾶν
2673 4092 2880 4162 θηρίοις
2933 4095 2965 4164 ἢ
2995 4095 3129 4166 πυρὶ
3161 4093 3463 4166 βάλλεσθαι,
3489 4092 3570 4146 κᾶν

2033 4182 2161 4237 ἄλλο
2218 4199 2269 4235 τι
2315 4183 2422 4234 τῶν
2467 4182 2725 4253 λυπηρῶν
2772 4184 3082 4254 ὑπομένειν,
3114 4185 3215 4257 τὴν
3255 4184 3365 4239 τῶν
3403 4180 3571 4256 τριχῶν

2034 4270 2392 4340 ἀναισθησίαν
2420 4273 2476 4322 ἐν
2497 4274 2562 4341 τῇ
2585 4270 2748 4343 πείρᾳ
2770 4271 2878 4324 τῶν
2908 4271 3172 4339 ἀλγεινῶν
3203 4272 3566 4343 ὑποκρίνονται.

368 4371 425 4423 in
468 4365 694 4423 horrido
734 4364 1093 4436 squalidoque
1126 4380 1377 4436 corpore,
1428 4368 1670 4436 caprinis
1700 4366 1933 4438 pellibus

2039 4361 2290 4424 Τοιοῦτος
2321 4357 2389 4430 ἢν
2434 4361 2618 4424 Ἠλίας
2651 4364 2679 4413 ὀ
2707 4362 2772 4413 ἐκ
2804 4360 2896 4414 τοῦ
2928 4361 3142 4414 Γαλαὰδ
3183 4357 3431 4432 ἀνασχὼν
3451 4357 3571 4411 δασεῖ

371 4464 586 4520 tectus,
637 4454 705 4507 ad
761 4468 953 4509 omnes
998 4455 1213 4526 tyranni
1261 4456 1440 4512 minas
1490 4471 1767 4526 nunquam
1824 4470 1933 4509 non

2040 4454 2132 4507 καὶ
2170 4452 2448 4521 αὐχμῶντι
2480 4450 2559 4521 τῷ
2606 4449 2848 4521 σώματι,
2878 4451 3142 4522 δέρμασιν
3187 4452 3344 4519 αἰγὸς
3372 4453 3565 4504 ἐσκεπαο

371 4547 671 4602 interritus.
705 4542 1030 4613 Quicunque
1059 4545 1226 4615 igitur
1254 4546 1320 4599 ad
1374 4546 1735 4601 imitationem
1767 4562 1935 4617 gene-

2043 4543 2260 4612 σμένος,
2291 4543 2425 4611 πρὸς
2451 4544 2630 4595 πᾶσαν
2655 4542 2879 4614 ἀπειλὴν
2907 4542 3001 4596 τοῦ
3032 4543 3295 4614 τυράννου
3321 4541 3566 4609 ἀπτόητῦς.

373 4636 485 4692 rosi
516 4635 572 4689 in
608 4634 713 4688 hoc
745 4634 1011 4703 propheta
1042 4637 1208 4688 animi
1232 4636 1446 4706 seipsos
1475 4651 1638 4706 supra
1671 4637 1935 4691 mundum

2046 4634 2200 4686 Ὅσοι
2226 4632 2404 4686 τοίνυν
2439 4634 2577 4686 κατὰ
2611 4633 2843 4704 μίμησιν
2878 4637 2976 4701 τῆς
3002 4635 3097 4687 τοῦ
3136 4634 3409 4705 προφήτου
3436 4644 3568 4701 μεγα-

372 4728 521 4784 hunc
551 4725 866 4780 universum
903 4726 1177 4790 attollunt,
1210 4735 1463 4797 egentes,
1497 4729 1702 4797 pressi,
1756 4728 1939 4783 afﬂicti

375 4820 429 4873 in
462 4816 761 4882 montibus,
798 4816 993 4881 antris,
1028 4818 1283 4873 cavernis
1326 4825 1505 4880 terrae,
1554 4817 1757 4887 quibus
1785 4816 1942 4872 deni-

372 4926 478 4984 que
516 4908 755 4965 mundus
800 4919 1018 4962 nonest
1045 4906 1245 4978 dignus
1265 4907 1351 4961 “:
1386 4908 1437 4960 hi
1495 4923 1621 4963 vero
1673 4908 1941 4978 gregatim

376 5002 521 5058 circa
577 4999 817 5055 universi
870 4999 1035 5066 hujus
1094 5006 1256 5067 caput
1312 4999 1617 5068 conspecti,
1680 4997 1943 5055 Ecclesiae

378 5087 549 5156 gloria
586 5086 741 5150 nunt,
792 5085 859 5139 ad
897 5086 1172 5140 cmlestem
1222 5086 1452 5155 gratiam
1515 5101 1622 5140 una
1664 5102 1800 5142 cum
1848 5088 1943 5143 illo

377 5178 656 5233 Galaadite
686 5180 761 5232 ita
793 5176 1257 5233 conscendentes.

448 5350 717 5404 Caeterum
780 5364 959 5418 capra:
1008 5350 1261 5406 animalis
1319 5350 1374 5405 in
1452 5351 1555 5405 hac
1606 5352 1935 5421 capillorum

378 5440 689 5497 laudatione
749 5441 954 5495 mentio
1008 5441 1149 5496 facta
1197 5450 1302 5506 est,
1349 5441 1584 5497 fortasse
1644 5452 1939 5513 propterea

2046 4724 2269 4793 λοφυΐας
2314 4724 2405 4777 τοῦ
2461 4726 2660 4793 κόσμου
2691 4724 2889 4788 παντὸς
2934 4725 3160 4787 ἑαυτοὺς
3198 4723 3565 4793 ὑπεραίρουσιν.

2047 4813 2447 4885 ὑστερούμενοι.
2479 4813 2800 4883 θλιϐόμενοι,
2823 4813 3248 4885 κακουχούμενοι
3266 4815 3323 4868 ὲν
3344 4813 3482 4884 ὄρεσι
3501 4806 3566 4860 καὶ

2048 4902 2351 4973 σπηλαίοις,
2401 4904 2491 4957 καὶ
2541 4907 2660 4968 ταῖς
2687 4905 2846 4969 ὀπαῖς
2883 4906 2980 4975 τῆς
3027 4906 3165 4976 γῆς,
3203 4897 3282 4960 ὧν
3321 4905 3416 4958 οὐκ
3455 4900 3569 4953 ἐστιν

2046 4992 2195 5059 ἄξιος
2220 4993 2249 5044 ὁ
2278 4994 2497 5063 κόσμος
2526 4986 2669 5046 οὗτοι
2710 4994 2968 5065 ἀγεληδὸν
3004 4996 3129 5065 περὶ
3154 4995 3253 5065 τὴν
3293 4994 3383 5047 τοῦ
3410 4986 3571 5045 παντὸς

2048 5084 2288 5155 κεφαλὴν
2318 5082 2699 5155 θεωρούμενοι,
2729 5084 2855 5149 δόξα
2869 5085 3106 5154 γίνονται
3131 5085 3230 5156 τῆς
3270 5079 3567 5151 Ἑκκλησξαςν

2048 5174 2140 5227 ἐπὶ
2178 5173 2270 5245 τὴν
2323 5173 2572 5243 οὐράνιον
2611 5175 2769 5246 χάριν
2815 5175 2896 5245 τῷ
2945 5176 3243 5247 Γαλααδίτῃ
3295 5164 3569 5228 συναναϐαί·

2046 5281 2190 5318 νοντε
2197 5284 2241 5328 ς.
2968 5290 2975 5295 ·

2118 5356 2190 5409 Τὸ
2218 5356 2274 5409 δὲ
2297 5358 2397 5428 τῆς
2423 5357 2574 5426 αἰγὸς
2603 5357 2740 5421 ζῶον
2781 5359 2862 5423 είς
2900 5358 2992 5411 τὸν
3016 5358 3122 5412 τῶν
3159 5358 3360 5431 τριχῶν
3394 5357 3568 5411 ἔπαινον

2052 5448 2368 5519 παρελήφθη
2390 5490 2403 5513 ,
2428 5448 2568 5519 τάχα
2617 5448 2734 5519 μὲν,
2764 5451 2843 5503 ὅτι
2883 5452 2974 5503 καὶ
3008 5453 3039 5520 ἠ
3069 5450 3228 5520 φύσις
3254 5450 3342 5506 τοῦ
3375 5445 3566 5503 cautim

450 5613 695 5671 ⁸⁸1(ῖοι“.
734 5630 808 5679 xl,
841 5615 929 5671 15.
1001 5619 1044 5651 ⁸⁷
1083 5618 1240 5673 Prov.
1280 5634 1331 5685 κ,
1529 5621 1575 5653 θ’
1620 5621 1750 5676 ιΙρι).
1785 5639 1858 5685 XI,
1900 5624 1988 5689 57,
2019 5626 2106 5681 58.
