3738 5984
184 246 361 306 “05'

1215 267 1280 321 ΙΝ
1318 268 1612 328 CAN'I'ICA
1641 272 1910 328 CANTIC.
1953 273 2237 331 UOMILIA
2277 279 2389 335 XV.

3303 284 3452 344 Ησσ

184 364 708 474 ζώουσκαταλλήλως
735 375 867 446 πρὸς
901 380 997 450 τήν
1046 381 1257 449 γένεσιν
1283 388 1388 441 τῶν
1411 392 1610 461 τριχῶν
1647 411 1660 446 2

1963 395 2026 449 od
2095 397 2260 466 hujus
2311 399 2564 455 animalis
2614 410 2809 456 natura
2875 404 3071 461 idonee
3126 418 3439 477 comparata

184 457 525 514 εσκεύασται
564 463 701 517 ῶστε
726 466 953 538 αἴνιγμα
981 471 1072 523 τοῦ
1097 473 1185 526 διὰ
1211 476 1314 530 τῶν
1339 457 1540 550 τριχῶν
1565 483 1768 553 κόσμου

181 548 446 638 γενέσθαι
472 550 532 602 τὸ
554 551 711 617 ζῶον,
739 554 799 607 τὸ
817 560 933 620 ταῖς
957 557 1099 629 θριξὶ
1125 548 1770 638 φυσικῶςδασυνόμενον’

185 637 340 732 qam
371 639 458 693 διὰ
493 641 601 694 τῶν
645 646 858 717 πετρῶν
886 650 1248 722 άνολισθήτως
1282 655 1486 725 βαίνει,
1520 637 1614 713 καλ.
1643 664 1768 732 περὶ

185 729 290 816 τὰς
337 733 580 802 κορυφὰς
635 735 742 788 τῶν
798 739 967 809 ὀρέων
1020 743 1452 816 ἀναστρέφεται,
1516 751 1604 804 διὰ
1661 729 1769 807 τῶν

185 815 574 889 δυσπορεύτων
624 826 714 879 καὶ
751 827 1345 904 ἀποτόμωνέὐθαρσῶς
1396 839 1494 906 τὴν
1543 843 1768 912 πορείαν

189 909 539 978 ποιούμενον·
575 915 712 986 ὅπερ
751 920 863 982 τοῖς
886 919 984 990 τὴν
1019 928 1277 993 τραχεῖαν
1298 927 1398 997 τῆς
1427 909 1630 1001 ἀρετῆς
1652 932 1769 986 ὁδὸν

189 1001 518 1071 κατορθοῦσι
556 1008 1120 1075 προσφυῶς*.Μᾶλλον
1149 1015 1192 1067 δ’
1215 1016 1280 1069 ἄν
1298 1035 1381 1080 τις
1407 1020 1548 1073 εἴποι
1589 1022 1678 1075 διὰ
1707 1024 1769 1076 τὸ

189 1089 337 1160 πρὸς
366 1093 531 1146 πολλὰ
561 1097 656 1164 τῆς
685 1101 915 1170 νομικῆς
944 1104 1254 1175 ἱερουργίας
1284 1109 1387 1162 ὑπὸ
1422 1111 1516 1163 τοῦ
1546 1113 1768 1182 νομοθέ-

186 1194 290 1230 του
326 1182 689 1252 παρειλῆφθαι
737 1187 796 1241 τὸ
839 1188 996 1256 ζῶον,
1035 1196 1306 1250 συντελεῖν
1348 1201 1548 1265 ταύτας
1576 1207 1638 1272 τῇ
1680 1218 1770 1257 κε-

186 1270 338 1365 φαλῇ
366 1272 498 1342 πρὸς
530 1275 820 1348 ἐγκώμιον.
855 1279 986 1336 Οἶδα
1027 1285 1084 1338 δὲ
1112 1290 1170 1340 ἐν
1197 1293 1306 1352 τοῖς
1341 1294 1439 1362 τῆς
1459 1270 1768 1365 Παροιμίας

183 1361 508 1431 αἰνίγμασιν
552 1367 610 1418 ἐν
654 1372 766 1433 τοῖς
812 1373 1069 1444 τέσσαρσι
1117 1382 1230 1442 τοῖς
1265 1381 1667 1452 εὐοδουμένοις,
1709 1388 1766 1441 ἐν

182 1451 286 1544 καὶ
333 1451 491 1544 τοῦτο
535 1455 644 1508 τῶν
695 1459 874 1523 καλῶς
922 1461 1302 1522 διαϐαινόντων
1355 1451 1766 1544 ἀπήριθμῆσθαι

180 1539 282 1635 τὸν
303 1543 504 1610 τράγον
541 1545 631 1599 τὸν
672 1548 976 1618 ἡγούμενον
1013 1554 1108 1606 τοῦ
1148 1558 1414 1614 αἰπολίου.
1454 1539 1518 1614 Ὅ
1547 1539 1602 1616 δὲ
1629 1539 1767 1635 περὶ

179 1631 380 1684 τούτου
411 1639 777 1706 στοχαστικῶς
825 1642 1176 1715 ὑπονοοῦμεν,
1209 1648 1445 1702 τοιοῦτόν
1471 1653 1586 1704 ἐστι
1607 1663 1622 1678 ⁸
1650 1631 1766 1708 Πάν

1877 485 1950 538 sit
1991 487 2057 540 ad
2096 488 2456 558 proferendos
2493 491 2636 561 pilos
2675 510 2688 546 :
2723 493 2799 547 ita
2840 504 2899 549 ιιι
2923 499 3228 554 ornamenti
3271 502 3442 570 capil-

1876 576 2051 630 lorum
2110 580 2290 650 imago
2350 582 2598 651 quaedam
2658 583 2764 639 hoc
2825 586 3001 654 ipsum
3067 589 3268 643 animal
3333 593 3438 657 sit,

1877 669 2024 736 quod
2058 686 2084 722 a
2123 662 2320 725 natura
2359 674 2502 742 pilos
2555 676 2756 731 densos
2792 677 2976 733 habet.
3017 679 3113 735 Vel
3160 682 3306 751 quod
3345 698 3441 752 per

1877 775 2013 816 saxa
2045 764 2166 818 sine
2199 765 2307 818 ulla
2341 765 2537 833 pedum
2588 765 2894 822 oﬂ‘ensione
2938 770 3146 834 tendat,
3205 781 3258 824 et
3292 773 3439 826 circa

1873 855 2108 909 vertices
2143 856 2409 910 montium
2441 867 2709 922 versetur,
2741 873 2837 928 per
2861 859 2977 913 loca
3032 861 3264 916 transitu
3299 860 3440 916 dilb-

1875 941 2000 995 cilia
2037 953 2424 1013 praeruptaque
2455 944 2685 998 fidenter
2705 945 2968 1016 incedens
3003 945 3099 999 :id
3139 946 3284 1014 quod
3315 957 3440 1016 apte

1875 1031 1942 1084 ad
1986 1047 2082 1086 eos
2142 1033 2670 1098 accommodabitur,
2726 1036 2819 1104 qui
2866 1036 3128 1104 praeclare
3186 1051 3436 1105 asperam

1872 1121 2099 1177 virtutis
2147 1123 2290 1176 viam
2332 1124 2654 1178 conficiunt.
2702 1123 2950 1194 Denique
3000 1125 3204 1180 dixerit
3251 1127 3435 1180 forsan

1874 1210 2100 1279 aliquis,
2151 1219 2439 1280 propterea
2482 1227 2580 1282 per
2611 1213 2712 1268 has
2759 1213 2825 1268 ad
2879 1212 3083 1283 capitis
3121 1213 3434 1267 encomium

1873 1301 2080 1370 aliquid
2107 1301 2388 1368 accedere,
2421 1303 2566 1372 quod
2605 1305 2810 1358 animal
2837 1304 2942 1359 hoc
2971 1303 3049 1357 ad-
3082 1303 3256 1356 multa
3289 1302 3436 1371 lega-

1872 1391 1943 1444 lia
1984 1389 2257 1444 sacriﬁcia
2314 1392 2388 1446 sit
2426 1407 2458 1446 a
2494 1391 2645 1448 Mose
2695 1400 3040 1462 usurpatum.
3095 1391 3222 1447 Scio
3266 1391 3433 1446 etiam

1871 1481 1926 1535 in
1957 1481 2264 1550 aenigmatis
2297 1481 2423 1534 libri
2451 1481 2872 1536 Proverbiorum
2894 1482 3039 1536 inter
3067 1492 3313 1552 quatuor
3339 1478 3434 1532 illa

1871 1585 1994 1639 quae
2021 1570 2160 1624 bene
2204 1569 2490 1634 incedunt,
2541 1569 2822 1624 numerari
2865 1569 3082 1624 hircum
3143 1568 3435 1623 ducentem

1871 1673 2160 1730 caprarum
2212 1674 2453 1730 gregem.
2486 1657 2563 1714 De
2597 1674 2706 1729 quo
2733 1665 2926 1714 nostra
2983 1656 3201 1727 quidem
3244 1655 3437 1725 hujus-

177 1722 527 1819 ἐπιτήδευμα
550 1727 630 1819 δι’λ
648 1731 764 1795 ἐνὸς
787 1734 1085 1804 ἀρχόμενον
1107 1739 1187 1800 εἰς
1211 1739 1437 1802 πολλοὺς
1455 1741 1652 1795 διαδίδο

1958 1749 2020 1804 ιάί
2053 1722 2375 1819 conjectura
2399 1756 2484 1804 est
2513 1764 2526 1799 :
2557 1722 2799 1814 Quodvis
2846 1722 3185 1812 institutum,
3219 1745 3290 1800 ab
3320 1722 3434 1799 uno

293 1813 385 1866 ἐπὶ
415 1815 514 1885 τῆς
549 1817 910 1891 χαλκευτικῆς
933 1827 966 1895 ή
997 1825 1184 1899 Γραφὴ
1213 1829 1302 1881 τὸν
1331 1829 1500 1884 Θὸϐελ
1539 1833 1766 1904 εὑρετὴν

179 1902 288 1972 τῆς
315 1904 514 1977 τέχνης
543 1909 771 1966 εἰποῦσα
795 1954 808 1978 ,
852 1915 1067 1971 πάντων
1100 1917 1208 1971 τῶν
1246 1921 1362 1989 μετ’
1394 1921 1557 1976 αὐτὸν
1598 1902 1766 1994 μετα-

181 1994 576 2064 χειριξομένων
622 2000 714 2052 τοῦ
767 2003 982 2076 σιδήρου
1030 2007 1127 2079 τὴν
1169 2011 1429 2080 ἐργασίαν
1459 2015 1517 2076 ἐς
1561 2015 1764 2072 ἐκεῖνον

180 2081 384 2174 ἀνάγει
424 2084 521 2155 τὴν
547 2088 874 2162 ἐπιστήμην
915 2094 1055 2149 οὕτω
1101 2099 1195 2150 καὶ
1225 2102 1323 2170 τῆς
1352 2107 1712 2174 ποιμαντικῆς
1736 2109 1764 2160 ὁ

186 2172 360 2224 Ἅϐελ
407 2176 668 2246 ἡγήσατο,
716 2183 806 2234 καὶ
856 2186 994 2239 Κάῖν
1048 2188 1146 2258 τῆς
1186 2172 1483 2262 γεωργίας,
1536 2198 1629 2250 καὶ
1669 2172 1763 2252 τὸν

178 2263 418 2359 Νεϐρῶδ
443 2268 682 2338 ἀρχηγὸν
730 2272 875 2341 λέγει
911 2277 1011 2346 τῆς
1041 2283 1404 2354 κυνηγετικῆς
1432 2287 1760 2359 ἐπιστήμης,

176 2355 278 2443 καὶ
322 2356 437 2443 ,τῆς
476 2360 885 2432 ἁμπελουργίας
925 2366 1014 2419 τὸν
1056 2369 1200 2434 Νῶε,
1247 2373 1341 2426 καὶ
1377 2373 1477 2443 τῆς
1521 2355 1762 2439 εἱςνΘεὸν

176 2441 401 2506 ἐλπίδος
423 2445 512 2497 τὸν
550 2447 716 2513 Ἐνώς
738 2469 901 2523 φησιν
922 2454 1205 2526 ἄρξασθαν
1237 2463 1330 2515 καὶ
1354 2441 1521 2517 πολλὰ
1542 2467 1762 2521 τοιαῦτα

177 2534 336 2602 παρὰ
369 2537 466 2605 τῆς
494 2538 650 2606 ἁγίας
676 2536 797 2597 ἔστι
840 2543 1148 2619 διδαχθῆναι
1184 2552 1423 2623 Γραφῆς,
1457 2558 1539 2610 ὅτι
1565 2558 1684 2622 ἐνός
1708 2577 1761 2613 τι

174 2625 635 2717 ἐπιτηδεύσαντος
659 2633 871 2703 εἰσῆλθε
914 2638 1053 2692 κατὰ
1083 2641 1313 2712 μίμησιν
1344 2647 1423 2708 είς
1445 2646 1536 2700 τὸν
1565 2648 1677 2717 βίον
1701 2649 1762 2702 τὸ

174 2713 543 2808 ἐπιτήδευμα.
600 2721 814 2794 Ἐπειδὴ
860 2727 1035 2780 τοίνυν
1075 2730 1169 2782 τοῦ
1210 2731 1351 2786 θείου
1385 2732 1546 2806 ζήλου
1565 2713 1758 2808 ’διαφε-

175 2803 388 2898 ρόντως
407 2809 549 2862 κατὰ
571 2813 748 2866 πᾶσαν
773 2815 961 2888 ἐξοχὴν
985 2821 1013 2872 ὁ
1046 2821 1224 2875 Ἠλίου
1249 2803 1616 2898 καθηγήσατο,
1647 2803 1761 2885 ὅσοι

177 2897 304 2964 μετ’
353 2899 555 2952 ἐκεῖνον
608 2903 700 2956 τὸν
747 2907 953 2960 ἐκείνου
1001 2913 1366 2984 μιμησάμενοι
1423 2897 1600 2988 ζῆλον,
1650 2925 1762 2986 τοῖς

174 2991 366 3083 αὐτοῖς
395 2993 562 3064 ἴχνεσι
589 3000 686 3070 τῆς
713 3002 804 3053 τοῦ
827 3008 1104 3076 προφήτου
1134 3012 1441 3081 παρρησίας
1466 3015 1760 3083 ἐπηκολού-

175 3081 376 3152 θησαν,
403 3087 642 3143 αἰπόλιον
675 3092 928 3160 γεγόνασι
963 3095 1055 3149 τοῦ
1079 3099 1424 3169 ἡγησαμένου
1453 3081 1755 3172 τῆς-τοιαύο

172 3188 283 3244 της
315 3175 480 3245 ζωῆς,
516 3180 709 3244 οἵτινες
753 3183 877 3247 δόξα
920 3187 1018 3255 τῆς
1063 3188 1388 3258 Ἐκκλησίας
1417 3193 1512 3244 καὶ
1540 3193 1756 3259 ἔπαινος

174 3264 453 3355 γίνονται,
496 3272 576 3333 είς
614 3273 704 3325 τόν
737 3275 843 3328 τῶν
869 3279 1067 3347 τριχῶν
1107 3283 1501 3350 καταπαγέντες
1531 3286 1755 3355 κόσμον,

174 3348 255 3408 ὧν
299 3357 330 3425 ἡ
376 3359 664 3434 αἰσθητικὴ
708 3363 820 3436 ζωὴ
859 3368 1187 3439 κεχώρισται
1232 3348 1337 3425 καὶ-
1377 3348 1760 3446 ἠλλοτρίωταιλ

173 3445 280 3497 Διὰ
311 3446 416 3500 τῶν
453 3451 654 3520 ὁμοίων
693 3455 893 3525 πληροῖ
920 3459 1012 3511 καὶ
1049 3463 1160 3522 τοῖς
1193 3462 1370 3514 ὀδοῦσι
1402 3465 1490 3517 τὸν
1517 3445 1754 3521 ἔπαινον.

175 3531 343 3592 Οὗτοι
370 3538 414 3590 δ’
445 3539 511 3592 ἂν
535 3537 641 3594 εἶεν
690 3545 738 3596 οἱ
761 3546 1048 3615 τρέφοντες
1081 3549 1147 3601 δι’
1177 3552 1384 3606 ἑαυτῶν
1401 3555 1501 3624 τῆς
1533 3557 1757 3626 Ἐκκλη-

177 3626 304 3690 σίας
327 3629 387 3681 τὸ
416 3631 593 3700 σῶμα,
631 3633 724 3698 οὓς
755 3635 1000 3704 βούλεται
1032 3640 1130 3709 μὲν
1154 3642 1383 3696 πάντοτε
1416 3645 1491 3709 ὡς
1516 3648 1622 3702 ἀπὸ
1645 3649 1757 3702 λου-

177 3718 312 3788 τροῦ
342 3720 612 3792 καθαροὺς
653 3726 912 3794 ὁρᾶσθαι,
945 3729 1268 3802 ἀπερίττους
1299 3734 1385 3787 διὰ
1420 3737 1619 3803 παντὸς
1658 3741 1756 3806 τὰς

175 3808 391 3880 τρίχας,
430 3811 504 3874 ὡς
535 3813 640 3864 ἀπὸ
671 3818 980 3884 προσφάτου
1034 3822 1258 3890 κουρᾶς
1293 3824 1433 3877 κατὰ
1461 3826 1517 3878 δέ
1550 3829 1641 3880 τὸν
1673 3831 1752 3883 τό-

175 3915 278 3953 κον
314 3899 420 3952 τῶν
455 3903 667 3971 ἀρετῶν
711 3905 1123 3976 διδυμεύοντας,
1170 3912 1267 3983 τῆς
1295 3913 1487 3985 διπλῆς
1518 3919 1754 3992 καθαρό‹

174 4006 343 4060 τητος
378 3994 700 4063 γενομένους
739 3999 1008 4070 πατέρας,
1038 4003 1141 4073 τῆς
1173 4020 1232 4057 τε
1268 4007 1410 4060 κατὰ
1435 4009 1632 4081 ψυχὴν,
1661 4014 1754 4066 καὶ

177 4082 280 4150 τῆς
310 4084 447 4137 κατὰ
481 4086 637 4156 σῶμα
662 4089 1057 4161 θεωρουμένης·
1086 4094 1160 4156 ὡς
1182 4095 1453 4168 ἐξόριστον
1482 4098 1617 4156 εἶναι
1648 4105 1754 4158 τῶν

176 4169 412 4226 ὀδόντων
454 4174 673 4240 τούτων,
715 4179 822 4230 πᾶν
875 4181 934 4233 τὸ
973 4182 1198 4249 ἀγονοῦν
1242 4188 1299 4240 ἐν
1344 4188 1422 4258 τῷ
1460 4193 1748 4262 κρείττονι.

176 4258 256 4311 Τὸ
302 4261 359 4312 δὲ
400 4264 661 4331 σπαρτίον
698 4266 757 4319 τὸ
797 4269 887 4320 ἐπὶ
922 4270 1014 4322 τοῦ
1059 4272 1269 4341 χείλους
1309 4258 1605 4350 τιθέμενον,
1653 4287 1751 4356 τὴν

1867 1841 2050 1910 aliquo
2077 1849 2340 1910 coeptum,
2369 1840 2424 1893 in
2453 1839 2658 1894 multos
2691 1838 2846 1908 quasi
2877 1837 3104 1902 diditur,
3144 1843 3204 1890 ut
3232 1837 3287 1890 in
3315 1843 3435 1891 arte

1865 1931 2096 1988 ferraria
2137 1930 2359 1985 Littera:
2395 1945 2567 1985 sacra:
2603 1929 2910 1985 indicantes
2981 1935 3266 1983 auctorem
3311 1925 3432 1996 ejus

1865 2021 2002 2075 artis
2037 2035 2160 2076 esse
2199 2018 2538 2084 Thobelum,
2598 2018 2885 2073 scientiam
2915 2032 3106 2072 eorum
3159 2015 3429 2079 omnium,

1866 2113 1960 2182 qui
2010 2117 2128 2182 post
2175 2111 2323 2164 hunc
2366 2110 2494 2165 ferri
2512 2109 2934 2164 elaborationem
2989 2114 3318 2172 tractarunt,
3361 2107 3428 2160 ad

1864 2203 2047 2273 ipsum
2081 2201 2346 2257 referunt.
2373 2199 2576 2256 Eodem
2611 2199 2776 2255 modo
2809 2199 2887 2256 rei
2927 2199 3188 2270 pastoria:
3217 2200 3429 2268 primus

1863 2299 2056 2346 auctor
2089 2291 2222 2346 Abel
2245 2291 2476 2350 exstitit.
2509 2288 2647 2344 Cain
2678 2289 3082 2358 agricultionis,
3123 2288 3428 2344 venatoria;

1862 2379 2159 2445 Nembrod,
2190 2379 2382 2434 vitium
2410 2379 2640 2432 culturae
2661 2377 2795 2442 Noe,
2819 2376 2966 2432 Enos
3017 2376 3072 2430 in
3106 2375 3274 2431 Deum
3311 2377 3427 2446 pri—

1863 2486 1990 2526 mus
2034 2484 2292 2540 sperasse
2331 2469 2554 2536 dicitur,
2607 2467 2851 2538 adeoque
2892 2468 3062 2522 multa
3101 2467 3169 2522 de
3208 2466 3428 2520 Litteris

1863 2561 2036 2617 sacris
2061 2558 2374 2629 hujusmodi
2407 2559 2886 2629 licetintelligere:
2915 2559 3178 2612 nimirum
3203 2564 3428 2627 postea-

1861 2666 2025 2722 quam
2059 2669 2202 2708 unus
2232 2652 2438 2723 aliquid
2467 2653 2814 2720 instituerit,-
2836 2653 2940 2707 hoc
2975 2654 3155 2724 ipsum
3198 2652 3424 2708 institu-

1861 2748 1978 2796 tum
2009 2741 2207 2797 deinde
2250 2758 2346 2812 per
2398 2742 2772 2799 imitationem
2811 2743 2868 2797 in
2917 2742 3085 2800 vitam
3140 2741 3423 2797 hominum

1861 2846 2232 2902 promanasse.
2255 2833 2625 2898 Quamobrem
2651 2847 2778 2888 cum
2820 2831 2876 2886 in
2915 2833 3034 2888 zelo
3059 2832 3247 2886 divino
3269 2844 3428 2901 pror-

1861 2936 1956 2977 sus
1985 2922 2182 2977 eximie
2213 2937 2377 2992 supra
2405 2929 2634 2977 caateros
2653 2936 2776 2977 sese
2805 2922 3040 2991 gesserit
3067 2921 3236 2985 Elias,
3266 2920 3424 2991 quasi

1862 3012 1972 3066 dux
2004 3012 2342 3081 reliquorum
2379 3012 2434 3066 in
2479 3012 2583 3066 hac
2636 3020 2792 3082 parte
2843 3011 3066 3067 factus:
3104 3011 3425 3082 quicunque

1860 3113 1986 3173 post
2006 3103 2158 3156 illum
2188 3103 2401 3158 imitati“
2421 3103 2595 3158 zelum
2633 3104 2776 3174 ejus,
2803 3103 3034 3173 vestigia
3061 3103 3336 3159 libertatis
3366 3104 3423 3159 in

1857 3194 1964 3249 hoc
1994 3195 2258 3264 propheta
2290 3195 2462 3250 secuti
2486 3205 2638 3260 sunt,
2681 3196 2718 3250 ii
2745 3196 2894 3251 velut
2915 3195 3136 3265 quidam
3168 3211 3298 3267 grex
3331 3209 3423 3250 ca-

1854 3285 2073 3353 prarius
2107 3285 2256 3339 illius
2295 3283 2426 3339 facti
2475 3293 2627 3349 sunt,
2675 3287 2772 3355 qui
2818 3287 3072 3356 princeps
3117 3287 3245 3342 talis
3298 3287 3422 3341 vitae

1856 3382 2053 3429 auctor
2081 3375 2319 3430 exsistit.
2367 3375 2534 3429 Iidem
2585 3375 2798 3430 lauset
2850 3377 3024 3446 gloria
3064 3378 3204 3432 ﬁunt
3233 3375 3423 3432 Eccle-

1857 3466 1973 3527 sia,
2005 3467 2196 3521 selecti
2232 3473 2292 3520 ut
2318 3465 2646 3534 capillorum
2699 3465 2814 3520 sint
2857 3477 3263 3530 ornamentum,
3294 3481 3419 3520 cum

1856 3568 2116 3609 sensuum
2147 3555 2258 3606 vita
2296 3554 2476 3607 locum
2513 3555 2569 3606 in
2599 3552 2682 3608 eis
2722 3553 2934 3606 nullum
2964 3553 3180 3608 habeat.
3215 3552 3418 3609 Eodem

1855 3641 2019 3694 modo
2042 3639 2234 3695 dentes
2265 3640 2431 3694 etiam
2481 3640 2690 3704 laudat,
2744 3655 2842 3710 per
2867 3655 3009 3710 quos
3042 3640 3295 3697 fortassis
3341 3641 3419 3695 illi

1855 3731 2364 3800 suntintelligendi,
2411 3731 2506 3800 qui
2538 3729 2800 3786 Ecclesiae
2835 3745 3040 3800 corpus
3079 3731 3254 3802 alunt.
3306 3729 3420 3786 Hos

1855 3824 1970 3877 vult
1991 3837 2207 3891 semper
2227 3822 2472 3892 conspici
2498 3836 2686 3891 puros,
2701 3822 2857 3893 quasi
2878 3821 3161 3892 digressos
3179 3823 3417 3891 primum

1856 3927 1888 3967 a
1915 3913 2132 3967 lavacro
2158 3931 2170 3966 :
2201 3920 2258 3968 et
2286 3913 2518 3981 pilorum
2547 3914 2702 3983 copia
2731 3914 2956 3969 minime
2989 3921 3245 3983 gravatos
3272 3926 3418 3979 esse,

1854 4003 2012 4075 quasi
2050 4018 2245 4059 recens
2280 4011 2515 4072 tensos;
2565 4013 2620 4060 et
2656 4005 2919 4060 virtutum
2964 4005 3184 4061 interim
3231 4003 3421 4059 fecun~

1854 4096 2027 4151 (litate
2059 4095 2294 4166 geminis
2341 4092 2544 4150 fetibus
2592 4095 2873 4166 insignes,
2919 4103 2979 4149 ut
3025 4094 3280 4165 puritatis
3317 4093 3421 4148 duo

1853 4185 2012 4255 plicis
2044 4192 2295 4254 parentes
2330 4185 2485 4248 ﬁant,
2527 4194 2639 4239 tum
2681 4201 2802 4256 qua:
2830 4185 2883 4238 in
2912 4185 3118 4251 animo,
3153 4192 3267 4238 tum
3297 4199 3421 4254 qua:

1854 4277 1908 4330 in
1957 4292 2189 4346 corpore
2233 4277 2649 4346 conspiciatur:
2684 4277 2927 4345 adeoque
2962 4291 2993 4329 a
3033 4277 3292 4330 dentibus
3334 4275 3418 4330 his

181 4353 606 4425 μεμετρημένην
664 4355 756 4409 τοῦ
797 4357 952 4426 λόγου
992 4360 1267 4418 διακονίαν
1323 4370 1624 4441 παραδηλοῖ

1942 4369 2274 4430 ‘.erminctur,
2338 4366 2603 4436 quidquid
2648 4367 2703 4420 in
2755 4365 3108 4421 fetificatione
3156 4365 3285 4420 boni
3334 4374 3418 4421 est

178 4443 480 4512 αἰνίγματι,
511 4447 646 4516 ὅπερ
687 4449 714 4498 ὁ
757 4449 1044 4520 Προφήτης
1087 4453 1328 4527 φυλακήν
1354 4475 1410 4511 τε
1451 4461 1541 4513 καὶ
1585 4443 1752 4536 θύραν

177 4537 441 4606 περιοχῆς
469 4538 882 4609 κατωνόμασεν·
925 4543 1054 4596 ὅταν
1087 4547 1144 4596 ἐν
1177 4547 1355 4618 καιρῷ
1381 4551 1662 4623 ἀνοίγηται
1691 4557 1751 4609 τὸ

178 4627 357 4696 στόμα
385 4627 478 4680 τοῦ
501 4629 682 4696 λόγου,
709 4633 803 4684 καὶ
829 4633 971 4686 κατὰ
991 4636 1180 4706 καιρὸν
1204 4641 1610 4713 κατακλείηται.
1646 4647 1752 4702 Μέ-

175 4733 306 4788 τρου
341 4718 396 4770 δὲ
441 4719 607 4790 ὄνομα
634 4721 692 4774 τὸ
740 4725 999 4793 σπαρτίον
1038 4721 1197 4791 εἶναι,
1231 4731 1380 4800 παρὰ
1403 4733 1503 4804 τῆς
1538 4753 1749 4807 προφη-

172 4807 328 4870 τείας
358 4807 450 4860 τοῦ
478 4811 743 4880 Ζαχαρίου
774 4813 1190 4886 μεμαθήκαμεν·
1220 4818 1300 4870 ὅτι
1334 4824 1593 4893 σπαρτίον
1616 4843 1749 4894 γεω·

177 4899 437 4968 μετρικὸν
478 4901 535 4954 ἐν
563 4903 748 4973 χερσὶν
782 4898 927 4973 εἶχεν
963 4908 990 4959 ὁ
1025 4908 1082 4958 ἐν
1115 4908 1262 4979 αὐτῷ
1289 4910 1462 4968 λαλῶν
1496 4916 1745 4985 ἄγγελος.

175 4990 311 5046 Τότε
348 4991 404 5043 δὲ
437 4992 670 5060 μάλιστα
705 4995 960 5064 τυγχάνει
999 4999 1093 5051 τοῦ
1135 5001 1332 5072 μέτρου
1361 5007 1390 5057 ὁ
1413 5005 1594 5074 λόγος,
1619 5011 1746 5063 ὅταν

173 5083 692 5152 περικεχρωσμένος
724 5086 861 5159 τύχῃ
899 5087 974 5157 τῷ
1012 5090 1335 5163 ἐρυθήματι,
1369 5097 1504 5169 ὅπερ
1539 5100 1632 5154 τοῦ
1663 5103 1747 5156 αἴ-

173 5187 346 5242 ματος
367 5171 460 5224 τοῦ
488 5172 903 5244 λυτρωσαμένου
934 5178 1080 5247 ἡμᾶς
1101 5179 1326 5252 αἴνιγμα
1356 5185 1579 5252 γίνεται.
1622 5190 1745 5245 Ἐὰν

171 5259 276 5330 μέν
298 5277 382 5322 τις
411 5261 553 5314 κατὰ
589 5261 680 5314 τὸν
709 5262 920 5316 Παῦλον
946 5265 1208 5320 λαλοῦντα
1233 5269 1345 5340 ἔχει
1372 5273 1428 5326 ἐν
1455 5276 1631 5347 ἐαυτῴ
1651 5278 1741 5332 τὸν

166 5351 426 5422 Χριστὸν,
461 5354 552 5404 τὸν
585 5352 700 5423 ἰδίῳ
731 5353 919 5423 αἵματι
950 5355 1362 5430 λυτρωσάμενον
1391 5365 1558 5435 ἡμᾶς,
1586 5360 1740 5434 οὗτος

167 5441 285 5513 ἔχει
317 5441 378 5494 τὸ
403 5444 772 5515 γεωμετρικὸν
803 5449 1064 5518 σπαρτίον
1098 5451 1190 5505 ἐπὶ
1223 5453 1314 5506 τοῦ
1347 5457 1638 5528 στόματος,
1671 5464 1736 5533 τῇ

168 5534 318 5616 βαφῇ
350 5535 417 5604 τῇ
446 5534 739 5604 αίματώδει
765 5537 1246 5610 καλλωπιζόμενον.

243 5650 294 5682 ³⁹
318 5647 464 5707 Psal.
498 5664 620 5715 CXL,
655 5650 706 5706 5.
783 5654 829 5686 "
853 5652 1018 5709 Zach.
1053 5671 1113 5722 ιι,
1157 5659 1202 5711 l.

1857 4461 2064 4514 sterile.
2098 4459 2394 4513 Funiculus
2425 4465 2602 4512 autem
2632 4459 2688 4512 in
2715 4457 2872 4512 labro
2910 4457 3234 4521 collocatus,
3262 4472 3417 4512 men-

1854 4565 1982 4605 sura
2005 4551 2238 4620 quadam
2273 4547 2743 4616 circumscriptam
2789 4548 3064 4603 sermonis
3101 4549 3418 4618 usurpatio-

1852 4657 1975 4696 nem
2011 4642 2064 4695 in
2095 4642 2381 4710 aenigmate
2410 4647 2584 4703 notat,
2631 4638 2686 4692 id
2715 4638 2866 4708 quod
2900 4638 3176 4709 Propheta
3228 4646 3416 4694 custo-

1851 4732 1997 4786 diam
2026 4739 2079 4785 et
2118 4732 2321 4786 ostium
2353 4729 2777 4800 compressionis
2825 4729 3124 4797 appellavit
3154 4747 3167 4782 :
3194 4743 3320 4782 cum
3355 4729 3411 4782 in

1851 4833 2094 4892 tempore
2121 4823 2186 4876 ad
2222 4821 2549 4892 loquendum
2582 4834 2646 4875 os
2679 4817 2946 4889 aperitur,
2973 4824 3028 4872 et
3049 4833 3150 4874 suo
3171 4829 3412 4886 tempore

1851 4929 2042 4968 rursus
2076 4914 2382 4968 occluditur
2397 4914 2464 4967 ⁸³.
2483 4911 2805 4966 Funiculum
2829 4917 3009 4964 autem
3027 4925 3295 4965 mensura:
3314 4925 3413 4966 n0-

1849 5021 1973 5060 men
1997 5021 2136 5070 esse,
2163 5007 2229 5060 de
2251 5007 2390 5060 libro
2421 5005 2718 5077 prophetiae
2738 5001 3018 5057 Zachariae
3037 5001 3406 5058 didicimus”.

1849 5095 2093 5150 Habebat
2127 5097 2269 5149 enim
2303 5097 2357 5149 in
2393 5095 2646 5151 manibus
2681 5094 2907 5164 angelus
2928 5094 2980 5147 in
3015 5093 3132 5162 ipso
3153 5093 3405 5162 loquens,

1847 5187 2148 5243 funiculum
2183 5203 2293 5257 quo
2319 5195 2521 5242 terram
2553 5186 2735 5242 metiri
2754 5184 3004 5240 homines
3033 5185 3229 5239 solent.
3252 5183 3405 5238 Tunc

1849 5290 2026 5335 autem
2059 5279 2234 5334 oratio
2263 5279 2504 5335 maxime
2545 5295 2703 5334 suam
2757 5291 3073 5333 mensuram
3109 5276 3407 5346 consequi-

1847 5380 1955 5436 tur,
1985 5385 2110 5426 cum
2142 5385 2172 5423 a
2209 5369 2472 5424 rubedine
2496 5370 2742 5423 colorata
2768 5375 2873 5434 est,
2907 5380 3028 5436 quae
3054 5375 3136 5421 est
3176 5365 3403 5436 aenigma

1847 5461 2133 5532 sanguinis
2164 5459 2333 5524 illius,
2379 5474 2410 5512 a
2445 5474 2554 5529 quo
2584 5459 2847 5528 redempti
2885 5471 3100 5512 sumus.
3149 5456 3330 5521 Quare
3356 5457 3402 5512 si

1849 5549 1974 5620 quis
2002 5549 2066 5606 ad
2096 5549 2405 5619 exemplum
2435 5546 2590 5602 Pauli
2634 5547 2912 5604 Christum
2969 5547 3021 5600 iu
3068 5562 3127 5602 se
3173 5545 3394 5616 loquen-
