3738 5984
257 219 392 273 1ὶο7

1493 215 1550 272 S.
1587 215 1914 274 GREGORII
1950 217 2244 277 NYSSENI

3375 211 3504 269 “08

257 352 365 396 tem
396 341 647 405 habet",
697 342 791 412 qui
834 340 1057 412 proprio
1094 353 1195 394 nos
1229 337 1496 408 sanguine
1553 338 1820 406 redemit,
1894 341 2062 396 etiam
2095 340 2405 396 funiculum
2439 339 2594 393 illum
2629 335 3027 408 geometricum
3063 332 3227 387 habet
3270 347 3328 384 tn
3394 347 3500 393 ore,

258 435 561 505 Sanguinea
602 436 842 507 tinctura
867 445 1144 489 ornatum.

329 527 460 592 Qua:
495 534 676 581 autem
707 535 1014 596 sequuntur
1039 524 1223 589 verba,
1278 524 1662 594 interpretatio
1699 533 1828 580 sunt
1859 531 1906 586 A

260 619 623 686 przecedenlis
663 617 988 688 aenigmatis.
1023 615 1160 670 Nam
1193 615 1674 670 funicummillum
1709 631 1835 672 coc-

262 710 477 762 cineutn
521 712 746 776 exponit
800 709 1070 777 loquelam
1149 707 1478 775 elegantem,
1533 723 1642 778 qua
1702 722 1836 762 voce

263 814 486 853 rursum
524 800 735 868 puritas
761 809 815 852 et
849 798 1154 852 moderatio
1202 798 1569 868 signiﬁcatur.
1624 797 1835 851 Etenim

263 889 407 954 quod
447 898 704 942 accurate
733 889 952 958 elegans
987 897 1091 952 est,
1144 899 1306 957 atque
1333 889 1454 958 ipso
1485 890 1540 942 in
1569 890 1756 958 vigore
1777 901 1838 942 se

263 964 714 1048 conspiciendum
746 980 988 1043 exhibet,
1022 978 1074 1032 id
1100 995 1277 1048 neque
1307 979 1681 1044 immaturum,
1726 993 1839 1034 ne-

264 1087 372 1140 que
403 1071 682 1125 exoletum
713 1079 821 1126 est.
857 1070 994 1126 Cum
1026 1087 1155 1125 vero
1185 1070 1382 1125 deinde
1434 1087 1532 1140 per
1562 1071 1693 1125 mali
1735 1086 1838 1140 pu-

264 1163 374 1216 nici
405 1164 665 1216 corticem
694 1177 862 1231 genas
905 1170 1086 1223 ornat,
1135 1163 1402 1231 insignem
1434 1161 1728 1230 quamdam
1782 1162 1835 1215 in

263 1255 430 1308 bonis
463 1253 850 1322 perfectionem
899 1267 1115 1320 sponsae
1156 1252 1368 1305 tribuit.
1408 1251 1538 1306 Vult
1576 1252 1722 1306 enim
1766 1251 1839 1306 si-

265 1344 549 1410 gniﬁcare,
589 1357 698 1396 non
731 1343 839 1394 alia
885 1341 1116 1410 quadam
1169 1342 1223 1394 in
1259 1356 1320 1394 re
1369 1341 1536 1394 situm
1565 1354 1686 1394 esse
1717 1340 1840 1395 the—

267 1449 489 1486 saurum
534 1433 728 1502 ipsius.
787 1433 882 1487 sed
943 1433 1116 1500 ipsam
1159 1431 1244 1486 sui
1294 1431 1468 1500 ipsius
1520 1432 1838 1486 thesaurum

265 1540 434 1590 esse;
472 1526 678 1594 quippe
726 1539 846 1592 qua:
905 1524 1086 1577 omnis
1136 1523 1266 1577 boni
1310 1529 1635 1590 apparatum
1691 1522 1748 1575 in
1781 1537 1841 1576 se

266 1619 686 1686 complectatur.
721 1615 856 1669 Nam
891 1623 949 1668 ut
981 1615 1190 1670 cortice
1223 1615 1542 1668 continetur
1595 1613 1652 1668 id
1691 1611 1839 1682 quod

267 1709 611 1764 esculentum
636 1716 718 1762 est
756 1709 810 1761 in
844 1707 988 1759 malo
1033 1706 1256 1774 punico,
1301 1705 1382 1760 sic
1413 1705 1578 1759 etiam
1615 1704 1844 1759 demon-

270 1812 410 1856 strat
434 1800 704 1854 contineri
739 1799 1059 1854 thesaurum
1088 1797 1210 1866 ejus
1252 1796 1564 1850 interiorem
1597 1795 1842 1864 pulchri-

2015 526 2073 578 Ὀ
2119 524 2162 577 δ’
2205 522 2403 592 ἑφεξῆς
2441 521 2617 589 λόγος,
2660 516 2925 589 ἑρμηνεία
2970 515 3086 568 ἐστὶ
3136 510 3232 564 τοῦ
3281 509 3513 580 πρόσθεν

1936 617 2273 687 αἰνίγματος.
2323 614 2524 667 Λαλιάν
2553 610 2662 680 γὰρ
2702 610 2908 681 ὡραίαν
2942 604 3196 674 ὀνομάζει
3248 603 3309 654 τὸ
3347 617 3518 670 σπαρ-

1936 708 2047 762 τίον
2078 710 2139 760 τὸ
2167 707 2435 770 κόκκινον,
2476 704 2544 756 δι’
2586 695 2646 755 οὗ
2689 701 2849 753 πάλιν
2887 697 3141 766 σημαίνει
3185 692 3244 746 τὸ
3279 690 3520 760 καθαρὸν

1939 801 2031 853 καὶ
2060 799 2353 870 ἔμμετρον.
2383 796 2458 849 Τὸ
2507 795 2614 866 γὰρ
2658 790 2901 862 ἀκριϐῶς
2941 787 3164 858 ὡραῖον,
3199 783 3294 836 καὶ
3339 783 3399 834 ὲν
3445 780 3520 850 τῷ

1942 891 2056 960 [δίῳ
2100 888 2278 959 καιρῷ
2315 887 2413 958 τῆς
2456 885 2641 956 ἀκμῆς
2687 880 3135 953 προφαινόμενον,
3179 872 3305 926 οὔτε
3347 871 3522 941 ἄωρόν

1939 985 2105 1046 ἐστιν,
2139 980 2261 1034 οὔτε
2289 980 2506 1050 ἔξωρον.
2535 977 2626 1047 Τῷ
2648 975 2704 1028 δὲ
2733 971 2866 1026 λεπύ
2877 989 2952 1042 ρῳ
2979 970 3078 1038 τῆς
3108 968 3236 1038 ῥόας
3263 966 3326 1017 τὺ
3359 961 3523 1033 μῆλον

1937 1078 2038 1147 τῆς
2076 1074 2308 1145 παρειᾶς
2351 1068 2624 1141 ὡραῒξων,
2667 1065 2909 1138 μεγάλην
2944 1061 3065 1115 τινὰ
3109 1055 3529 1147 προσμαρτυρεῖ

1938 1143 2004 1236 τῇ
2048 1143 2232 1234 νύμφῃ
2270 1162 2370 1232 τὴν
2404 1163 2462 1214 ὲν
2488 1161 2599 1222 τοῖς
2636 1156 2859 1225 ἀγαθοῖς
2904 1151 3234 1220 τελειότητα.
3265 1143 3528 1236 Σημαίνει

1940 1232 2047 1324 γάρ
2080 1232 2152 1324 μή
2185 1232 2241 1305 ὲν
2263 1251 2409 1320 ’ἄλλῳ
2437 1247 2544 1302 τινὶ
2580 1247 2670 1299 τὸν
2697 1243 2969 1315 θησαυρὸν
3012 1241 3148 1310 αὐτῇ
3182 1232 3530 1324 παρεσκευας

1944 1323 2089 1406 σθαι,
2142 1342 2255 1396 ἀλλ’
2317 1340 2484 1410 αὐτὴν
2539 1335 2677 1391 εἶναι
2727 1334 2998 1406 θησαυρὸν
3047 1330 3265 1399 ἑαυτῆς,
3327 1323 3529 1386 παντὸς

1943 1434 2146 1504 ἀγαθοῦ
2177 1431 2526 1504 παρασκευὴν
2560 1432 2617 1482 ὲν
2651 1430 2816 1497 ἑαυτῇ
2860 1424 3240 1496 περιέχουσαν.
3290 1418 3380 1480 Ὦς
3421 1416 3532 1486 γὰρ

1943 1526 2021 1596 τῷ
2051 1524 2271 1595 λεπύρῳ
2299 1523 2609 1592 περιέχεται
2641 1521 2740 1590 τῆς
2785 1519 2911 1590 ῥόας
2954 1516 3014 1570 τὸ
3045 1512 3327 1581 ἐδώδιμον·
3359 1507 3533 1596 οὔτως

1946 1595 2273 1668 ἐνδείκνυται
2311 1612 2388 1682 τῷ
2428 1610 2735 1681 φαινομένῳ
2763 1606 2951 1661 κάλλει
2982 1603 3075 1655 τοῦ
3105 1601 3222 1671 βίου
3262 1597 3354 1650 τὸν
3385 1595 3534 1648 ἔνδον

1945 1707 2115 1777 αὐτῆς
2139 1703 2410 1775 θησαυρὸν
2438 1700 2805 1773 περιέχεσθαι.
2838 1694 3005 1758 Οὗτος
3035 1690 3128 1746 οὖν
3152 1693 3299 1743 ἐστιν
3332 1690 3359 1740 6
3396 1703 3536 1756 κρυ-

1947 1799 2077 1860 πτὸς
2103 1796 2370 1866 θησαυρὸς
2396 1794 2504 1848 τῶν
2528 1792 2777 1858 ἐλπίδων,
2799 1792 2826 1842 6
2845 1788 2972 1850 ἴδιος
2990 1783 3196 1855 καρπὸς
3218 1780 3315 1850 τῆς
3335 1777 3536 1846 ψυχῆς.

271 1893 464 1948 tudine
499 1893 591 1945 illa
633 1892 779 1953 vitae,
814 1904 935 1958 quae
959 1889 1062 1943 sub
1094 1861 1379 1957 aspectum
1415 1861 1728 1941 cadit._Hic
1751 1885 1846 1955 igi-

2037 1889 2081 1960 ᾧ
2110 1861 2347 1959 ἐναρέτῳ
2389 1886 2485 1956 βίῳ
2527 1884 2777 1950 καθάπερ
2809 1881 2914 1933 τινὶ
2958 1878 3084 1949 ῥόας
3124 1872 3349 1942 λεπύρῳ
3376 1885 3537 1938 περι-

271 1996 362 2039 tur
391 1995 476 2039 est
507 1984 756 2037 occultus
791 1983 880 2035 ille
909 1981 1024 2049 spei
1062 1979 1356 2034 thesaurus
1380 1979 1640 2048 proprius
1676 1978 1848 2033 animi

273 2079 508 2138 fructus,
553 2076 646 2144 qui
687 2075 795 2128 vita
850 2072 1039 2126 virtuti
1079 2079 1450 2126 consentanea
1509 2071 1667 2140 quasi
1709 2085 1848 2140 quo-

271 2171 396 2222 dam
438 2169 564 2222 mali
599 2168 784 2236 punici
810 2166 1017 2220 cortice
1055 2165 1394 2219 continetur.
1455 2163 1615 2228 Quod
1662 2172 1844 2218 autem

273 2262 493 2316 additur
523 2280 535 2314 :
566 2260 770 2313 Prwter
794 2257 849 2311 id
883 2257 1020 2326 quod
1061 2257 1113 2308 in
1161 2268 1209 2308 te
1239 2256 1529 2317 reticelur;
1582 2255 1745 2316 hanc,
1789 2265 1849 2308 ut

273 2353 534 2413 arbitror,
571 2349 900 2404 sententiam
941 2348 1126 2409 habet,
1180 2358 1294 2399 non
1335 2352 1448 2399 tam
1497 2359 1564 2398 ex
1604 2343 1850 2398 cadenti-

275 2447 377 2500 bus
407 2444 510 2498 sub
547 2449 828 2510 aspectum
868 2439 1131 2494 astimari
1177 2437 1394 2491 laudem
1428 2436 1571 2489 hanc
1624 2435 1847 2500 debere,

274 2541 547 2604 quatenus
570 2533 684 2586 haec
697 2531 878 2586 verbis
895 2537 1242 2599 exponuntur
1274 2546 1286 2581 :
1317 2541 1484 2596 quam
1512 2526 1682 2584 exiis.
1704 2539 1854 2595 qua:-

276 2642 496 2695 cunque
537 2624 762 2680 silentio
822 2628 1104 2692 teguntur,
1153 2618 1544 2673 iudicationem
1598 2632 1719 2687 quae
1757 2631 1852 2686 per

274 2716 443 2769 verba
497 2714 610 2778 ﬁat,
657 2711 997 2782 eﬂ‘ugientia.
1057 2707 1528 2776 Quemadmodum
1580 2708 1726 2762 enim
1773 2707 1848 2772 id,

277 2809 423 2878 quod
452 2808 627 2862 oratio
655 2821 766 2861 non
795 2813 900 2869 est,
949 2803 1230 2860 silentium
1254 2817 1380 2858 esse
1424 2802 1742 2866 statuimus,
1775 2801 1853 2854 ita

277 2902 498 2970 siquod
552 2915 583 2953 a
636 2899 856 2954 silentio
887 2905 972 2953 est
1014 2897 1316 2960 diversum,
1364 2894 1674 2948 orationem
1726 2893 1852 2963 quis

277 3008 403 3048 esse
434 2991 652 3053 dixerit,
683 3005 792 3043 non
823 2989 1049 3042 errabit.
1080 2986 1217 3041 Nam
1263 2985 1315 3038 id
1345 2984 1665 3048 reticemus,
1702 2983 1852 3053 quod

278 3082 465 3137 verbis
522 3079 812 3134 enuntiare
887 3091 996 3130 non
1059 3088 1377 3146 possumus.
1441 3072 1501 3127 Si
1551 3087 1681 3143 ergo
1721 3073 1856 3126 illud

1950 1980 2335 2052 κρατούμενος.
2383 1978 2456 2030 Τὸ
2502 1976 2579 2038 δὲ,
2617 1973 2816 2038 Ἐκτὸς
2850 1971 2959 2038 τῆς
3004 1961 3360 2030 σιωπήσεώς
3395 1973 3537 2020 σου,

1949 2071 2151 2140 ταύτην
2170 2065 2323 2139 οἶμαι
2345 2066 2442 2138 τὴν
2465 2065 2703 2118 διάνοιαν
2725 2061 2882 2131 ἔχειν.
2902 2060 2983 2114 ὅτι
3004 2057 3062 2109 '0
3081 2052 3298 2114 ἔπαινός
3326 2066 3422 2103 σου
3440 2049 3542 2100 οὐκ

1950 2164 2015 2216 ὲκ
2053 2161 2157 2215 τῶν
2179 2157 2518 2229 φαινομένων
2541 2153 2790 2208 τοσοῦτόν
2823 2153 2988 2213 ἐστιν,
3018 2149 3118 2201 ὅσα
3153 2143 3231 2214 τῷ
3271 2143 3419 2209 λόγῳ
3438 2156 3543 2208 μη-

1951 2255 2166 2310 νύεταιο
2198 2250 2332 2306 ἀλλὰ
2359 2249 2576 2320 μᾶλλον,
2615 2247 2716 2299 ὅσα
2756 2244 2934 2312 σιωπῇ
2977 2237 3397 2305 ἀποκέκρυπται
3441 2230 3545 2299 τὴν

1950 2345 2044 2400 τοῦ
2072 2345 2231 2412 λόγου
2267 2339 2624 2408 διαφεύγοντα
2666 2337 2914 2407 μήνυσιν.
2948 2332 3159 2397 Ὠσπερ
3217 2324 3328 2393 γὰρ
3357 2323 3419 2374 τὸ
3451 2321 3546 2412 ὲκ-

1952 2438 2042 2501 τὸς
2062 2408 2157 2490 τού
2173 2433 2331 2503 λόγου
2357 2433 2390 2502 ή
2418 2431 2593 2500 σιωπὴ
2621 2429 2840 2489 νοεῖται,
2871 2423 3012 2477 οὓτω
3041 2419 3104 2472 τὸ
3140 2416 3295 2476 ἐκτὸς
3329 2408 3546 2503 σιωπῆς

1951 2529 2042 2582 τὸν
2074 2502 2408 2596 λόγονννοῶν
2455 2541 2558 2586 τις,
2608 2521 2706 2590 οὐχ
2744 2515 3141 2588 ἁμαρτήσεται.
3190 2508 3401 2561 Ἐκεῖνο
3434 2502 3548 2596 γάρ

1956 2593 2246 2691 σιωπῶμεν
2270 2660 2285 2684 ,
2326 2618 2355 2670 ὃ
2398 2616 2486 2670 διὰ
2553 2613 2664 2667 τῶν
2719 2609 2976 2682 ῥημάτων
3045 2598 3429 2691 ἀδυνατοῦμεν
3458 2593 3550 2659 ἐξ·

1955 2689 2223 2783 αγγεῖλαι.
2256 2711 2320 2764 Εί
2360 2706 2452 2762 οὖν
2501 2707 2562 2760 τὸ
2601 2703 2755 2765 ὲκτδς
2791 2699 2998 2754 ἐκείνου
3028 2697 3062 2766 ἡ
3105 2690 3286 2760 σιωπὴ
3317 2689 3546 2783 νοεῖται,

1953 2777 2014 2858 τό
2041 2777 2202 2865 έκτδς
2232 2801 2439 2870 σιωπῆς
2467 2794 2756 2851 ἀκόλουθον
2785 2791 3000 2850 πάντως
3021 2786 3113 2838 τὸν
3140 2777 3550 2870 λόγονᾼοίεσθαιο

1956 2891 2164 2946 Οὐκοῦν
2189 2893 2216 2944 6
2248 2867 2438 2951 εἰπὼν,
2473 2889 2553 2939 ὅτι
2603 2882 2808 2945 Ἐκτός
2849 2877 2956 2944 τῆς
3002 2867 3362 2936 σιωπήσεώς
3401 2880 3547 2927 σου,

1954 2983 2112 3037 τοῦτο
2140 2981 2326 3050 σαφῶς
2353 2978 2433 3050 τῷ
2463 2977 2606 3045 λόγῳ
2641 2973 2988 3044 παρίστησιν,
3017 2966 3098 3018 ὅτι
3131 2961 3270 3016 καλά
3301 2958 3399 3029 μέν
3429 2959 3551 3008 ἐστι

1957 3074 2050 3128 καὶ
2087 3049 2296 3144 μεγάλα
2325 3049 2505 3139 τάντῷ
2536 3067 2678 3136 λόγῳ
2713 3062 2942 3133 φανῆναι
2986 3055 3280 3125 δυνάμενα,
3317 3051 3418 3144 ὅσα
3449 3049 3519 3144 εκ
3539 3075 3551 3084 -

282 3169 429 3238 quod
471 3166 723 3220 oratione
760 3178 870 3217 non
903 3163 1240 3226 continetur,
1260 3159 1538 3214 silentium
1570 3138 1682 3225 est,
1713 3176 1851 3216 con-

2033 3138 2182 3228 ;sc'ct
2215 3163 2314 3232 τῆς
2342 3157 2661 3230 σιωπήσεώς
2691 3172 2806 3208 σου.
2843 3151 2923 3204 Τὰ
2949 3149 3005 3202 δὲ
3041 3146 3135 3200 τοῦ
3172 3144 3341 3246 λόγουι
3362 3138 3548 3246 ἐκτὸς,

283 3261 534 3329 sequitur
576 3257 800 3312 Omnino
866 3252 1190 3324 putandum,
1244 3253 1298 3307 id
1354 3267 1476 3307 esse
1505 3251 1849 3316 orationem,

282 3351 429 3421 quod
461 3357 615 3406 extra
638 3347 915 3404 silentium
952 3346 1043 3401 sit.
1075 3343 1257 3410 Quare
1291 3359 1414 3398 cum
1441 3343 1574 3398 dicit
1602 3361 1614 3396 :
1650 3342 1853 3397 Praeter

284 3442 338 3496 id
366 3441 504 3513 quod
553 3442 606 3493 in
641 3448 689 3492 te
714 3439 984 3500 reticetur,
1014 3435 1120 3490 hoc
1147 3435 1266 3489 vult
1304 3434 1448 3489 haud
1481 3433 1664 3497 dubie,
1715 3449 1854 3503 prae-

1957 3253 2026 3307 τὰ
2059 3256 2125 3324 τῇ
2158 3229 2333 3322 σιωπῇ
2370 3229 2776 3316 καλυπτόμενα,
2804 3241 2872 3295 τὰ
2910 3237 3123 3312 ἄρρητά
3155 3250 3214 3286 τε
3255 3230 3350 3284 καὶ
3385 3229 3552 3324 ἀνεκ-

1961 3344 2204 3414 φώνητα,
2239 3343 2454 3403 πάντως
2493 3339 2588 3392 καὶ
2615 3331 3033 3406 θαυμασιώτερα
3059 3326 3167 3381 τῶν
3196 3318 3553 3392 ὲκφωνουμέ-

1964 3455 2070 3491 νων
2101 3436 2269 3489 ἐστίν.

285 3539 434 3591 clara
462 3534 682 3606 quidem
711 3541 766 3587 et
797 3545 994 3601 magna
1031 3544 1178 3592 esse,
1203 3543 1325 3598 qua:
1355 3528 1584 3583 indicari
1615 3528 1864 3584 oratione
1901 3531 2146 3600 possint,
2172 3530 2317 3600 quod
2351 3526 2609 3582 nimirum
2637 3529 2791 3579 extra
2825 3515 3104 3574 silentium
3170 3510 3351 3581 posita
3412 3507 3550 3564 sint,

285 3628 508 3683 silentio
533 3641 662 3684 vero
716 3632 865 3679 tecta
891 3631 947 3677 et
992 3620 1317 3684 ineﬂ‘abilia,
1370 3619 1552 3676 modis
1636 3620 1895 3678 omnibus
1971 3622 2183 3692 majora
2206 3627 2262 3676 et
2291 3617 2701 3674 admirabiliora
2733 3627 2856 3668 esse
2877 3611 2968 3673 iis,
2992 3623 3113 3678 quae
3132 3603 3379 3660 oratione
3415 3613 3552 3668 pro-

287 3722 564 3776 feruntur.

356 3813 516 3867 Nunc
540 3813 703 3866 etiam
747 3809 860 3875 illa,
915 3822 1040 3878 qua:
1071 3815 1398 3877 sequuntur,
1431 3805 1719 3860 audiamus
1763 3820 1862 3860 en-

289 3906 462 3960 comia
502 3944 517 3969 ,
580 3914 814 3972 quorum
891 3898 1166 3954 sententia
1255 3897 1562 3952 consimilis
1642 3902 1727 3952 est
1782 3896 1860 3950 illi

290 4006 474 4069 puteo,
522 3995 682 4062 cujus
705 4007 769 4045 os
798 3995 1194 4044 commemorat
1228 3987 1458 4041 historia
1498 3987 1677 4058 lapide
1709 3988 1860 4057 gravi

289 4095 374 4146 sic
406 4086 676 4142 munitum
722 4082 915 4146 fuisse,
970 4089 1031 4134 ut
1063 4079 1352 4134 difﬁculter
1383 4079 1505 4148 ejus
1552 4093 1693 4149 aqua
1748 4078 1859 4132 frui

292 4183 484 4255 puellae
517 4185 806 4249 pascentes
841 4181 1066 4245 possent
1101 4193 1114 4228 :
1141 4173 1316 4228 donec
1345 4189 1410 4228 eo
1435 4173 1648 4230 delatus
1675 4171 1861 4238 Jacob,

293 4274 526 4346 lapidem
576 4271 644 4324 ab
693 4282 789 4322 ore
827 4265 978 4336 putei
1020 4263 1334 4327 submovit,
1375 4270 1430 4318 et
1474 4277 1614 4333 aqua
1644 4261 1867 4330 repletis

293 4366 461 4430 vasis,
496 4378 563 4418 ex
603 4361 804 4430 quibus
843 4357 1100 4411 biberunt
1138 4369 1351 4424 greges,
1385 4353 1513 4409 fecit
1558 4360 1616 4407 ut
1653 4352 1869 4407 abunde

2051 3801 2398 3871 Ἀκούσωμεν
2447 3799 2504 3851 δὲ
2562 3795 2656 3849 καὶ
2707 3793 2817 3846 τῶν
2880 3787 3077 3858 ἐφεξῆς
3135 3784 3371 3871 ἐπαίνων
3400 3821 3415 3844 ,
3476 3775 3556 3834 ὧν

1966 3898 2000 3966 ή
2033 3895 2240 3949 διάνοια
2278 3869 2356 3962 τῷ
2389 3891 2489 3960 τῆς
2537 3886 2775 3956 ἱστορίας
2821 3883 2962 3936 ἔοικε
3010 3880 3228 3950 φρέατι,
3268 3869 3422 3944 ᾧπέρ
3466 3891 3556 3937 τις

1965 3986 2110 4049 λίθος
2141 3984 2353 4054 ἐπέχων
2377 3981 2440 4034 τὸ
2475 3979 2714 4048 στόμιον,
2743 3975 2946 4046 ἄπορον
2992 3974 3134 4024 ποιεῖ
3168 3971 3288 4031 ταῖς
3329 3985 3558 4037 ποιμαι-

1971 4076 2189 4138 νούσαις
2231 4074 2330 4145 τὴν
2379 4071 2668 4143 μετουσίαν
2715 4065 2810 4120 τοῦ
2866 4064 3083 4126 ὓδατοςσ
3132 4060 3245 4114 ἀλλ’
3292 4061 3320 4112 6
3358 4057 3558 4112 Ἰακὼϐ

1973 4169 2199 4230 ἐπιστὰς
2227 4161 2574 4236 ἀναμοχλίζει
2614 4178 2672 4213 τε
2701 4159 2796 4212 τοῦ
2847 4155 3066 4226 στομίου
3116 4154 3206 4206 τδν
3252 4151 3420 4214 λίθον,
3461 4152 3558 4204 καὶ

1975 4263 2154 4332 πλήρη
2184 4260 2249 4313 τὰ
2277 4257 2597 4326 ποτιστήρια
2623 4253 2854 4321 ποιήσας
2883 4248 2976 4301 τοῦ
3003 4246 3212 4309 ὕδατος,
3248 4243 3415 4297 ἔδωκε
3443 4245 3558 4304 τοῖς

1976 4351 2253 4422 θρέμμασι
2305 4348 2422 4400 κατ’
2472 4345 2713 4410 ἐξουσίαν
2765 4339 3096 4410 ἐντρυφῆσαι
3135 4335 3242 4387 τῶν
3277 4333 3555 4422 ναμάτων.

293 4471 355 4510 se
413 4421 544 4523 potu
589 4421 989 4504 recrearent".
1049 4445 1116 4500 Et
1143 4421 1276 4514 qua:
1331 4443 1547 4498 tandem
1582 4443 1673 4497 illa
1710 4448 1860 4504 sunt,

2035 4459 2100 4495 να
2124 4441 2302 4493 τοίνυν
2328 4438 2495 4500 ἐστὶν,
2533 4435 2570 4490 ἃ
2601 4433 2677 4504 τῷ
2706 4429 2928 4499 τοιούτῳ
2958 4427 3152 4496 φρέατι
3203 4421 3556 4494 προσεικάζο-

293 4561 417 4617 quae
471 4543 568 4596 tali
607 4556 730 4595 eum
776 4549 941 4608 puteo
975 4537 1408 4606 comparamus?
1449 4534 1737 4603 Sexaginta
1782 4551 1868 4588 re-

295 4637 434 4707 gina:
459 4643 602 4694 sunt,
630 4639 679 4683 et
708 4629 970 4697 octoginta
1018 4625 1342 4688 concubium,
1380 4631 1428 4676 et
1462 4622 1868 4692 juvencularum

296 4743 401 4782 non
432 4733 511 4779 est
553 4737 822 4777 numerus.
885 4717 1001 4771 Una
1036 4726 1115 4772 est
1163 4715 1404 4769 columba
1445 4730 1582 4775 mea,
1636 4712 1869 4782 perfecta

297 4833 434 4872 mea.
466 4813 633 4868 Unica
665 4822 744 4866 est
774 4811 934 4865 matri
985 4825 1114 4872 sum,
1173 4807 1339 4861 electa
1370 4804 1452 4858 illi
1507 4821 1623 4875 quw
1669 4805 1868 4872 peperit

297 4927 435 4965 eam.
475 4908 609 4974 Quis
645 4906 812 4977 igitur
840 4903 1000 4957 nobis
1022 4899 1254 4970 lapidem
1308 4896 1661 4951 obscuritatis
1701 4896 1866 4963 hujus

296 5001 566 5058 volvendo
613 4993 994 5054 submovebit?
1045 4992 1170 5062 quis
1221 4989 1529 5044 abditorum
1608 5001 1870 5042 sensuum

298 5109 495 5164 aquam
530 5089 850 5151 exantlabit,
882 5101 1003 5156 qua:
1033 5083 1254 5154 quidem
1288 5097 1462 5151 usque
1495 5080 1631 5135 adeo
1674 5082 1780 5136 sita
1815 5080 1872 5135 in

301 5183 577 5256 profundo
603 5190 711 5244 est,
760 5187 821 5234 ut
853 5189 1042 5234 nostra
1095 5192 1213 5231 eam
1248 5175 1389 5229 ratio
1431 5180 1665 5243 nequeat
1709 5173 1874 5227 attin-

306 5277 473 5344 gere?
500 5275 792 5329 Enimvero
815 5283 963 5328 rccte
990 5286 1078 5326 me
1113 5269 1298 5325 facere
1325 5267 1584 5327 arbitror,
1619 5282 1741 5322 cum
1775 5283 1870 5321 ve—

307 5366 438 5420 stris
461 5368 681 5420 auribus
708 5372 965 5419 testatum
999 5361 1160 5428 facio,
1179 5360 1563 5430 cogitationem
1592 5359 1784 5411 horum
1822 5359 1875 5410 in

309 5453 458 5508 solos
489 5452 611 5506 illos
639 5453 855 5516 cadere,
904 5466 1044 5520 quos
1075 5451 1366 5519 Apostolus
1416 5449 1503 5502 his
1553 5447 1738 5506 verbis
1785 5463 1878 5516 ap-

377 5625 423 5658 "
456 5623 499 5679 Η
528 5625 630 5678 Cor
694 5641 809 5688 ιιιιι,
838 5625 894 5679 3.
973 5625 1014 5653 ὐ
1046 5624 1086 5676 G
1128 5641 1180 5677 n.
1216 5639 1363 5687 xm,
1408 5623 1472 5676 10
1503 5639 1618 5690 sqq.

1976 4545 2110 4599 μεν;
2146 4524 2469 4592 Ἑξήκσντά
2495 4526 2615 4577 εἱσι
2635 4521 3024 4585 βασίλισσαι,
3059 4514 3156 4568 καὶ
3189 4511 3558 4582 ὀγδοήκοντα

1971 4619 2299 4680 παλλακαὶ,
2345 4615 2613 4680 νεάνιδες
2661 4608 2749 4667 ὧν·
2779 4614 2890 4665 οὐκ
2936 4610 3106 4662 ἐστιν
3135 4605 3400 4674 ἀριθμός.
3442 4604 3558 4657 Μία

1969 4708 2102 4762 ἐστὶ
2150 4705 2469 4774 περιστερὰ
2511 4721 2652 4772 μου,
2711 4701 2906 4755 τελεία
2948 4715 3089 4767 μου.
3141 4696 3261 4748 Μιά
3313 4693 3446 4746 ἐστὶ
3484 4690 3557 4758 τῇ

1966 4802 2147 4872 μητρί
2176 4797 2385 4865 αὐτῆς,
2419 4792 2733 4860 ἐκλεκτική
2765 4793 2894 4846 ἐστι
2927 4789 3003 4857 τῇ
3047 4789 3310 4853 τεκούσῃ
3342 4783 3555 4847 αὐτήν.

1973 4896 2070 4957 Τίς
2111 4888 2204 4946 οὖν
2243 4893 2374 4961 ἡμῖν
2417 4885 2734 4940 ἀποκυλίσει
2767 4883 2865 4952 τῆς
2903 4878 3166 4948 ἀσαφείας
3219 4874 3423 4944 ταύτης
3469 4873 3557 4925 τὸν

1974 4986 2155 5050 λίθον;
2186 4982 2281 5044 Τίς
2309 4978 2621 5048 ἐξαντλήσει
2655 4975 2762 5031 τῶν
2793 4972 3077 5045 νοημάτων
3107 4969 3166 5021 τὸ
3205 4967 3350 5036 ὕδωρ
3388 4964 3557 5024 οὕτως

1976 5079 2034 5130 ὲν
2071 5076 2222 5146 βάθει
2259 5073 2672 5142 κατακείμενον,
2719 5069 2794 5129 ὡς
2836 5065 3120 5133 ἀνέφικτον
3153 5055 3291 5112 εἶναι
3322 5056 3401 5126 τῷ
3427 5058 3557 5126 ἡμε-

1975 5169 2118 5239 τέρῳ
2145 5166 2327 5236 λόγῳ;
2371 5163 2530 5217 Ἀλλά
2560 5178 2648 5233 μοι
2681 5157 2860 5220 καλῶς
2903 5155 3046 5225 ἔχειν
3089 5152 3234 5204 δοκεῖ
3259 5147 3418 5201 τοῦτο
3442 5147 3558 5239 fui;

1983 5237 2171 5321 ἀκοαῖς
2200 5256 2353 5328 ὑμῶν
2377 5247 2868 5325 διαμαρτύρασθαι,
2915 5248 2994 5300 ὅτι
3042 5243 3102 5296 τὺ
3143 5239 3318 5293 ταῦτα
3362 5237 3557 5306 γνῶναι

1989 5349 2163 5421 μόνων
2189 5327 2409 5401 ἐκείνων
2438 5344 2603 5411 ἐστὶν,
2636 5341 2770 5412 πρὸς
2813 5338 2907 5402 οὖς
2949 5352 3112 5407 φησιν
3142 5336 3170 5386 6
3209 5327 3554 5421 ’Artdatoitoq:

1987 5415 2067 5496 δτι
2101 5442 2200 5496 Ἑν
2225 5438 2403 5492 παντὶ
2434 5435 2886 5499 ἐπλουτίσθητε,
2916 5426 2986 5482 ἐκ
3033 5423 3210 5481 παντὶ
3247 5422 3427 5490 λόγῳ,
3465 5415 3554 5471 καὶ
