3738 5984
130 241 296 298 1109

1178 246 1241 308 ΙΝ
1268 254 1568 314 CANTICA
1602 257 1869 318 CANTIC.
1913 256 2190 321 liOMlLlA
2232 264 2344 325 XV.

3260 281 3400 339 11ἱο

122 358 208 411 ἐν
236 358 408 462 πασῃ
453 360 690 462 rid-vet.
736 365 803 419 ’H
838 366 897 420 δὲ
929 369 1170 442 ἡμετέρα
1227 376 1387 431 πενία
1439 379 1548 433 τῶν

1925 386 1999 439 lat
2033 404 2046 441 :
2080 386 2147 441 In
2170 389 2409 443 omnibus
2439 391 2670 458 opulenti
2691 394 2823 462 facti
2854 397 3001 460 estis,
3033 394 3087 452 an
3118 399 3398 456 omni‘ser—

125 450 409 520 κειμένων
433 452 525 507 τοῦ
552 453 712 525 λόγου
745 457 1033 532 θησαυρῶν
1076 465 1500 536 περιδράξασθαι
1541 450 1734 528 ἀδυνά-

122 555 244 633 τιως
285 539 437 633 ἔχειξ
466 542 602 615 πλὴν
632 544 708 610 ὡς
747 547 814 601 ἂν
841 550 936 603 τοῦ
966 554 1064 621 τῆς
1093 555 1291 627 ἀργίας
1326 562 1733 633 κατακρίματος

122 628 242 693 ἔξω
276 632 603 725 Δγενοίμεθα,
651 636 739 691 διά
787 639 877 695 τὸν
924 643 1150 716 ὲρευνᾷν
1191 648 1291 711 τάς
1331 628 1731 725 Γραφάςνήμῖν

125 720 579 816 νομοθετήσαντα
602 745 617 758 ο
668 731 863 801 μικρόν
918 751 1042 789 τινα
1099 739 1194 791 καὶ
1252 739 1464 805 τούτοις
1529 720 1731 816 ἱδρῶτα

126 810 453 905 προσθεῖναι
506 815 563 868 οὐ
624 821 1052 893 κατοκνήσομεν.
1098 827 1282 898 Φαμὲν
1337 831 1515 885 τοίνυν
1554 810 1729 905 δόγμα

123 917 183 952 τι
216 902 330 993 τῶν
358 905 719 981 ἀστειοτέρων
756 912 855 982 τὴν
885 914 942 966 ἐν
969 917 1083 980 τοῖς
1113 920 1296 989 ῥητοῖς
1345 920 1550 987 τούτοις
1583 902 1729 993 φιλο-

125 992 330 1084 σοφίαν
358 995 445 1049 διὰ
469 997 577 1051 τῶν
607 1000 844 1056 ἐπαίνων
878 1003 979 1073 τῆς
1011 1006 1230 1082 νύμφης
1267 1012 1401 1081 ἡμῖν
1432 1014 1728 1084 παρατίθε-

122 1078 281 1173 σθαι,
312 1084 384 1135 Τὸ
407 1084 463 1137 δὲ
492 1085 667 1158 δόγμα
694 1090 932 1146 τοιοῦτόν
976 1078 1166 1150 ἐστιν’
1186 1078 1266 1152 ⁷Ού
1289 1078 1452 1171 -μετά
1484 1078 1583 1173 τῆς
1624 1106 1723 1158 αὑ-

121 1169 231 1239 τῆς
258 1171 578 1240 ἀκολουθίας
606 1180 697 1233 καὶ
717 1181 923 1247 τάξεως
945 1185 1186 1249 κτίζεται
1209 1188 1278 1244 τά
1300 1169 1428 1245 δντα
1471 1169 1565 1247 καλ.
1590 1194 1725 1249 ἀνα-

122 1261 400 1354 κτίςεται.
439 1266 566 1319 Ὅτε
613 1270 711 1339 μὲν
748 1273 857 1344 γὰρ
904 1276 1023 1328 κατ’
1067 1278 1243 1348 ἀρχάς
1294 1280 1381 1334 διὰ
1430 1283 1531 1354 τῆς
1576 1284 1725 1350 θείας

120 1348 415 1442 δυνάμεως
441 1357 472 1426 ἡ
498 1359 596 1429 τῆς
626 1361 853 1427 κτίσεως
879 1365 1142 1434 ὑφίστατο
1172 1370 1353 1438 φύσις,
1385 1374 1469 1442 ἐφ’
1486 1348 1724 1429 ⁷ἑκάστου

123 1439 243 1536 τῶν
294 1442 465 1498 ὄντων
510 1448 844 1516 ἀδιαστάτως
892 1458 959 1526 τῇ
1011 1457 1152 1529 ἀρχῇ
1203 1439 1611 1536 συναπηρτίσθη
1663 1466 1724 1519 τὸ

121 1533 330 1606 πέρας,
358 1540 492 1593 πᾶσι
522 1544 632 1605 τοῖς
658 1544 720 1596 ὲκ
751 1545 845 1599 τοῦ
879 1548 951 1618 μὴ
988 1548 1141 1613 ὄντος
1169 1554 1248 1616 είς
1274 1554 1335 1606 τὸ
1376 1533 1513 1609 εἶναι
1546 1533 1724 1627 παρα-

120 1629 445 1697 γενομένοις
471 1632 602 1703 ὁμοῦ
641 1637 707 1705 τῇ
747 1637 890 1710 ἀρχῇ
931 1645 1368 1716 συνανασχούσης
1394 1647 1497 1717 τῆς
1522 1648 1722 1703 τελειό-

120 1732 313 1810 τητος.
346 1720 442 1774 Ἓν
470 1720 526 1774 δὲ
551 1722 657 1778 τῶν
681 1727 1004 1784 κτισθέντων
1034 1735 1127 1787 καὶ
1152 1736 1185 1806 ἡ
1217 1737 1530 1809 ἀνθρωπίνη
1559 1741 1719 1810 φύσις
1750 1724 1793 1779 Β

120 1807 301 1874 ἐστὶν,
336 1811 456 1864 οὐδὲ
488 1814 624 1886 αὑτὴ
658 1817 777 1870 καθ’
807 1819 1099 1893 ὁμοιότητα
1132 1825 1240 1880 τῶν
1276 1807 1450 1883 ἀλλων
1483 1807 1548 1885 ὲκ
1572 1807 1720 1904 ’προ-

120 1900 359 1994 αγφγῆς
404 1904 740 1973 προελθοῦσα
788 1909 881 1963 ἐπὶ
919 1912 979 1965 τὸ
1031 1917 1267 1972 τέλειον·
1314 1920 1430 1974 ἀλλ’
1474 1922 1583 1977 ἀπὸ
1617 1900 1719 1994 τῆς

423 1998 705 2090 ὑπάρξεως
780 2008 1192 2078 συμπλασθεῖσα
1255 2016 1323 2085 τῇ
1398 2015 1712 2090 τελειότητι.

133 2082 414 2152 Ἐγένετο
438 2088 564 2160 γάρ,
592 2091 667 2155 ὡς
703 2096 731 2147 ὁ
775 2097 946 2165 Λόγος
975 2101 1128 2170 φησὶ,
1171 2082 1526 2159 κατ’ήεὶκόνα
1569 2082 1715 2163 Θεοῦ

118 2174 223 2266 καὶ
252 2176 581 2266 Δὁμοίωσίν.
626 2181 801 2255 Ὅπερ
845 2187 1174 2243 ἐνδείκνυται
1228 2192 1289 2245 τὸ
1341 2193 1451 2248 τῶν
1496 2197 1716 2266 ἀγαθῶν

117 2263 428 2334 ἀκρότατόν
459 2283 519 2319 τε
548 2269 642 2322 καὶ¹
663 2272 1015 2331 τελειότατον.
1070 2277 1135 2331 Τί
1162 2279 1271 2350 γάρ
1304 2280 1371 2336 ἂν
1394 2263 1692 2356 ὑπέρτερον

115 2355 378 2446 εὑρεθείη
426 2358 525 2428 τῆς
570 2361 706 2431 πρὸς
754 2363 887 2418 Θεὸν
927 2368 1277 2437 όμοιὼσεως;
1324 2372 1447 2426 Ἐπὶ
1488 2355 1716 2446 μὲνοῦν

116 2443 221 2541 τῇς
244 2443 470 2541 πρώτης
490 2448 738 2541 κτίσεως,
762 2453 1094 2522 ἀδιαστάτως
1117 2463 1181 2532 τῇ
1205 2462 1344 2535 ἀρχῇ
1374 2443 1712 2541 συνανεφάνη

115 2534 182 2586 τὸ
216 2534 416 2606 πέρας,
453 2538 545 2590 καὶ
573 2540 680 2593 ἀπὸ
712 2542 812 2613 τῆς
840 2546 1170 2620 τελειότητος
1197 2555 1228 2622 ἡ
1270 2555 1429 2623 φύσις
1456 2558 1551 2612 τοῦ
1576 2534 1713 2616 εἷναί

117 2624 350 2723 ἤρξατο.
400 2628 614 2723 Ἱσξπειδὴ
662 2632 718 2684 δὲ
762 2634 840 2705 τῷ
886 2636 1101 2710 θανάτῳ
1151 2642 1238 2697 διὰ
1291 2646 1390 2715 τῆς
1437 2649 1574 2719 πρὸς
1617 2652 1713 2723 τὴν

118 2717 327 2771 κακίαν
360 2719 593 2789 σχέσεως
628 2726 989 2795 οίκειωθείσα,
1023 2732 1124 2802 τῆς
1169 2736 1228 2789 ὲν
1269 2736 1347 2807 τῷ
1380 2717 1569 2811 ἀγαθῷ
1601 2717 1715 2796 δια-

120 2809 298 2905 μονῆς
350 2811 636 2887 ἀπερρύη·
695 2818 795 2870 οὑκ
852 2820 1054 2892 ἀθρόαν
1112 2826 1231 2880 καθ’
1286 2809 1576 2903 ὁμοιότητα
1614 2836 1714 2905 τῆς

118 2902 440 2969 συστάσεως
473 2906 574 2977 τῆς
610 2908 832 2982 πρώτης
883 2915 1322 2986 ὲπαναλαμϐάνει
1373 2922 1471 2994 τὴν
1493 2902 1714 2980 Ϋτελειό-

1833 492 2003 540 moue,
2026 485 2075 531 et
2108 478 2163 531 in
2190 481 2331 533 omni
2358 482 2652 550 cognitione
2683 484 2749 539 “.
2783 484 2979 542 Nostra
3010 503 3134 543 vero
3169 492 3400 559 penuria

1830 569 2146 637 propositos
2174 571 2334 627 nobis
2385 574 2439 626 in
2478 573 2629 630 hisce
2671 576 2854 632 verbis
2905 578 3193 636 thesauros
3244 598 3398 638 com-

1830 659 2168 728 prehendere
2217 661 2366 717 nullo
2398 662 2559 719 modo
2598 673 2796 734 potest.
2832 665 2911 722 Ne
2951 678 3133 725 tamen
3173 671 3399 741 ignaviae

1829 751 2280 820 condemnemur,
2319 769 2441 809 cum
2472 756 2557 811 lex
2590 758 2750 812 nobis
2786 759 2894 813 lata
2929 761 3022 824 sit,
3074 778 3197 832 quae
3235 779 3391 818 scru-

1828 842 2021 900 tandas
2041 860 2163 900 esse
2178 844 2418 901 Litteras
2435 861 2621 904 sacras
2660 851 2905 920 praecipit
2933 865 3256 923 :‘parumper
3290 854 3393 908 hac

1825 932 1990 987 etiam
2031 934 2087 988 in
2116 945 2268 1005 parte
2291 935 2517 992 sudoris
2537 939 2795 995 adhibere
2810 955 2919 996 non
2942 941 3393 1023 detrgctabimus.

1828 1021 2070 1080 Dicimus
2121 1041 2250 1096 ergo
2280 1028 2730 1098 comprehensam
2783 1032 2868 1088 bis
2902 1021 3084 1090 verbis
3143 1037 3393 1106 philoso-

1828 1115 2029 1183 phiam,
2060 1130 2156 1185 per
2170 1118 2275 1173 has
2300 1133 2515 1188 sponsa:
2550 1121 2737 1177 laudes
2761 1123 3068 1193 elegantem
3108 1128 3397 1194 quamdam

1825 1205 1984 1261 nobis
2038 1206 2344 1263 doctrinam
2401 1226 2724 1280 proponere.
2765 1211 2842 1266 Ea
2883 1230 3013 1269 vero
3054 1224 3138 1270 est
3198 1215 3394 1286 hujus-

1824 1295 2135 1351 moditNon
2167 1298 2354 1354 eadem
2382 1303 2595 1357 ratione
2623 1292 2786 1373 atque
2821 1307 3018 1361 ordine
3066 1307 3393 1362 universum

1822 1386 1928 1440 hoc
1955 1394 2008 1440 et
2035 1396 2277 1443 creatum
2312 1399 2395 1446 est
2427 1398 2481 1446 et
2511 1404 2826 1448 renovatur.
2878 1394 3010 1449 Nam
3039 1411 3163 1450 cum
3206 1413 3390 1451 rerum

1822 1476 1978 1531 initio
2006 1479 2054 1530 vi
2074 1480 2314 1536 numinis
2342 1480 2646 1538 diviniessc
2662 1494 2969 1539 creatur-um
2992 1495 3185 1540 natura
3204 1488 3391 1557 cmpit,

1823 1567 1877 1620 in
1909 1581 1965 1620 re
1980 1568 2222 1637 qualibet
2252 1585 2360 1622 una
2389 1584 2515 1624 cum
2552 1573 2825 1642 principio
2858 1574 2977 1629 sine
2998 1575 3111 1628 ullo
3129 1577 3392 1645 temporis

1822 1659 2000 1727 spatio
2039 1660 2163 1715 finis
2189 1662 2350 1715 etiam
2374 1661 2747 1734 perfectioque
2780 1666 2856 1719 rei
2886 1667 3225 1736 conjunctus-
3259 1667 3390 1721 fuit:

1820 1761 1944 1801 cum
1964 1750 2214 1805 universa
2231 1750 2297 1807 de
2318 1752 2490 1807 nihilo
2504 1754 2769 1824 producta
2789 1771 2909 1810 cum
2931 1758 3200 1828 principio
3217 1758 3391 1827 pet-fc-

1818 1840 2054 1895 ctionem
2071 1842 2235 1896 etiam
2254 1858 2409 1898 suam
2441 1855 2937 1916 consequerentur.
2972 1847 3067 1902 Est
3086 1856 3268 1903 autem
3291 1849 3395 1902 bu-

1819 1944 1977 1983 mana
2006 1946 2223 2002 quoque
2253 1942 2444 1988 natura
2466 1936 2681 1990 illorum
2707 1938 3026 2003 innumero,
3054 1955 3176 2009 quae
3207 1947 3390 1993 creata

1818 2030 1963 2085 sunt,
1999 2032 2053 2077 et
2084 2022 2309 2091 perinde
2362 2032 2420 2078 ut
2483 2026 2706 2096 reliqua:
2753 2043 2841 2084 res
2872 2044 2981 2083 non
3024 2029 3285 2099 paulatim
3322 2029 3391 2084 ad

1817 2112 2204 2182 perfectionem
2240 2129 2396 2169 suam
2435 2120 2734 2184 contendit,
2782 2120 2878 2176 sed
2942 2121 3130 2176 statim
3165 2136 3232 2175 ex
3281 2136 3391 2190 quo

1815 2204 2051 2272 primum
2076 2219 2197 2261 esse
2233 2207 2420 2276 coepit,
2460 2209 2702 2277 perfecta
2737 2210 2858 2264 fuit.
2901 2210 3071 2265 Aiunt
3103 2211 3246 2266 enim
3279 2210 3392 2266 Lit—

1815 2302 1944 2350 term
1968 2311 2138 2351 sacra!
2173 2314 2187 2351 :
2218 2296 2421 2352 Factus
2451 2310 2530 2354 est
2552 2301 2705 2356 homo
2734 2302 2803 2356 ad
2829 2303 3108 2373 imaginem
3127 2298 3231 2357 ’Dei
3250 2313 3298 2357 et
3324 2305 3392 2357 si-

1816 2387 2252 2443 militudinem".
2272 2374 2486 2455 Quibus
2517 2391 2692 2447 verbis
2728 2392 3003 2447 indicatur
3027 2395 3227 2447 bonum
3246 2394 3390 2449 inter

1814 2477 1996 2531 omnia
2021 2477 2159 2532 bona
2186 2492 2459 2533 summum
2488 2485 2542 2534 et
2559 2479 3040 2549 perfectissimum.
3067 2480 3210 2546 Quid
3236 2480 3385 2535 enim

1816 2569 2041 2639 reperiri
2090 2570 2262 2638 possit
2306 2570 2666 2627 similitudine
2700 2570 2870 2626 Deum
2912 2570 3186 2628 referente
3210 2571 3387 2627 subli-

1815 2661 1998 2715 mius?
2044 2662 2231 2731 Itaque
2283 2670 2433 2732 patet
2488 2664 2545 2717 in
2593 2662 2766 2734 prima
2795 2663 3073 2717 creatione
3120 2662 3240 2717 sine
3272 2662 3386 2716 ullo

1813 2752 2077 2822 temporis
2103 2754 2392 2808 intervallo
2428 2769 2535 2808 una
2576 2769 2700 2810 cum
2732 2754 3004 2825 principio
3031 2753 3193 2809 finem
3220 2753 3384 2808 etiam

1813 2844 2155 2913 apparuisse,
2202 2859 2396 2914 resque
2448 2853 2664 2900 creatas
2706 2861 2737 2899 a
2775 2844 3105 2914 perfectione
3126 2845 3381 2915 coepisse.

1811 2931 2175 3004 Posteaquam
2224 2949 2356 2989 vero
2384 2940 2581 2989 natura
2614 2942 2841 3006 propter
2884 2934 3229 2991 affectionem
3253 2949 3384 3006 erga

115 3009 281 3064 τητα,
318 2994 433 3047 ἀλλ’
459 2995 564 3068 6δῷ
596 3015 700 3053 τινι
731 3002 974 3072 πρόεισιν
1005 3007 1097 3060 ἐπὶ
1124 3008 1184 3060 τὸ
1217 3011 1420 3079 μεῖζον,
1452 3014 1542 3069 διά
1570 3033 1591 3068 1

1908 2994 2168 3081 tositatem
2197 3024 2357 3080 morti
2377 2994 3141 3097 addicta:denperseverantia
3168 3029 3222 3081 in
3240 2994 3384 3082 bono

115 3084 448 3179 ἀκολουθίας
483 3089 578 3141 καὶ
613 3090 818 3157 τάξεως
859 3097 979 3149 κατ’
1010 3097 1189 3167 ὀλίγον
1226 3101 1710 3179 ἀποσκευαξομένη

114 3175 235 3269 τὴν-
256 3176 395 3247 πρὶς
426 3179 495 3233 τὰ
522 3182 737 3236 ἐναντία
774 3186 1160 3255 προσπάθειαν.
1198 3191 1320 3246 Ἐπὶ
1354 3193 1453 3264 μὲν
1478 3175 1588 3268 γὰρ
1613 3175 1712 3269 τῆς

116 3266 350 3336 πρώτης
380 3273 739 3341 κατασκευῆς,
769 3274 921 3329 οὐδὲν
956 3272 1025 3349 ἦν
1053 3278 1114 3332 τὸ
1151 3280 1358 3336 κωλύον
1391 3266 1711 3358 συνδραμεέν

114 3359 186 3427 τῇ
218 3358 433 3425 γενέσει
456 3360 517 3414 τὸ
541 3364 641 3434 τῆς
669 3363 883 3431 φύσεως
903 3366 1125 3434 τέλειον,
1156 3372 1356 3437 κακίας
1383 3374 1482 3429 οὑκ
1507 3376 1672 3449 οὔσης
1691 3394 1707 3410 °

116 3448 216 3500 ἐπὶ
266 3449 325 3502 δὲ
378 3452 475 3520 τῆς
516 3452 774 3526 δευτέρας
823 3459 1350 3530 ἀναστοιχειώσεως,
1400 3465 1711 3535 ἀναγκαίως

116 3540 154 3610 ή
191 3540 596 3616 διαστηματικὴ
631 3547 968 3618 παράστασις
995 3558 1452 3625 συμπαρομαρτεῐ
1488 3559 1556 3628 τῇ
1605 3559 1709 3611 ἐπ-

115 3630 479 3718 ᾳκολουθήσει
525 3636 661 3707 πρὸς
700 3637 762 3691 τὸ
799 3640 1011 3711 πρῶτον
1051 3643 1254 3711 ἀγαθὸν
1301 3646 1704 3718 ἀνατρεχούσῃ·

114 3717 256 3773 διότι
305 3722 371 3791 τῇ
429 3722 585 3794 ὑλικῇ
630 3728 973 3800 προσπαθείᾳ
1014 3731 1324 3788 ωνδεθεῖσα
1374 3733 1462 3788 διά
1513 3717 1708 3801 κακίας

113 3810 282 3880 ἡμῶν
315 3814 346 3882 ή
379 3813 606 3880 διάνοια,
638 3817 758 3870 κατ’
785 3818 983 3889 ὀλίγον,
1015 3821 1203 3895 ὥσπερ
1232 3824 1415 3894 φλοιοῦ
1448 3844 1593 3891 τινος
1614 3828 1706 3881 τοῦ

114 3902 468 3973 περιέχοντος
508 3905 595 3962 διά
638 3909 738 3978 τῆς
790 3910 1138 3985 ἀστειοτέρας
1181 3915 1408 3987 ἀγωγῆς
1461 3919 1731 3988 περιξυο-.

118 3994 285 4066 μένη,
314 3994 412 4066 τὴν
437 3999 711 4067 συμφυΐαν
746 4002 1043 4058 ἀπωθεῖται
1066 4006 1162 4059 τοῦ
1199 4008 1459 4079 χείρονος.
1503 4011 1705 4065 Τούτου

112 4083 283 4153 χάριν
311 4083 510 4147 πολλάς
537 4081 677 4139 εἶναι
705 4089 855 4158 παρὰ
880 4089 958 4161 τῷ
985 4092 1159 4164 Πατρ)¹
1193 4096 1361 4165 μονὰς
1389 4099 1707 4172 μεμαθήκα-

117 4187 245 4240 μεν,
268 4172 409 4224 κατά
436 4172 537 4243 τὴν
563 4173 849 4243 ἀναλογίαν
880 4179 978 4249 τῆς
1018 4181 1077 4233 ὲν
1107 4182 1319 4255 ἑκάστῳ
1350 4187 1486 4257 πρὸς
1515 4188 1575 4242 τὸ
1602 4205 1705 4242 κα-

115 4259 214 4313 λόν
248 4261 503 4330 σχέσεως,
529 4264 622 4318 καὶ
650 4264 749 4334 τῆς
780 4266 875 4320 τοῦ
908 4268 1146 4341 χείρονος
1174 4273 1544 4342 ἀποστάσεως,
1567 4280 1706 4334 ἐτοι-

1811 3113 2013 3171 excidit
2045 3130 2059 3168 :
2094 3130 2205 3170 non
2252 3116 2478 3186 perinde
2517 3125 2576 3171 ut
2618 3118 2673 3172 in
2705 3126 2828 3174 ortu
2864 3120 3063 3188 primo,
3098 3116 3385 3189 perfectio-

1812 3216 1936 3255 nem
2006 3202 2187 3258 subito
2216 3212 2526 3274 recuperat,
2561 3206 2655 3262 sed
2691 3207 2778 3286 via
2824 3209 3062 3278 quadam
3100 3209 3167 3262 ad
3201 3208 3381 3278 majus

1810 3293 2175 3363 progreditur,
2217 3293 2380 3365 idque
2412 3307 2783 3353 consentanea
2835 3299 3046 3354 ratione
3075 3307 3130 3354 et
3162 3298 3379 3361 ordine.

1810 3381 1938 3437 dum
1997 3386 2260 3453 paulatim
2302 3386 2645 3444 affectionem
2677 3398 2732 3446 et
2773 3392 3053 3445 Contraria
3082 3391 3381 3460 proclivem

1809 3472 2125 3544 exstinguit.
2158 3474 2217 3529 ln
2252 3477 2429 3546 prima
2456 3480 2599 3533 enim
2626 3477 2899 3536 creatione
2922 3479 3057 3534 nihil
3083 3488 3202 3534 erat
3237 3481 3380 3550 quod

1811 3564 2118 3634 impediret,
2173 3567 2466 3635 quominus
2521 3577 2730 3622 naturae
2776 3570 3037 3636 perfectio
3083 3584 3206 3622 cum
3254 3576 3377 3623 ortu

1809 3654 1987 3724 ipsius
2010 3663 2384 3719 concurreret,
2404 3672 2529 3712 cum
2553 3657 2703 3711 nulla
2730 3666 2877 3713 esset
2897 3658 3191 3714 vitiositas.
3223 3659 3294 3712 At
3323 3658 3376 3712 in

1808 3741 1913 3797 hac
1962 3742 2131 3797 altera
2170 3743 2517 3801 restitutione
2570 3747 2884 3801 necessario
2931 3748 3225 3801 comitatur
3257 3762 3375 3810 eos,

1808 3833 1901 3902 qui
1927 3834 1994 3889 ad
2027 3835 2259 3904 primum
2291 3835 2423 3890 illud
2460 3835 2663 3891 bonum
2699 3843 3008 3899 recurrunt,
3045 3852 3197 3890 mora
3221 3854 3376 3907 quae-

1808 3926 1933 3980 dam
1964 3935 2018 3981 et
2050 3925 2242 3983 dilatio
2264 3928 2525 3997 temporis
2554 3946 2567 3981 :
2594 3934 2883 3998 propterea
2914 3928 3057 3997 quod
3088 3942 3243 3982 mens
3275 3944 3378 3981 nn-

1806 4025 1941 4084 stra,
1997 4032 2121 4086 quae
2174 4018 2245 4073 ob
2295 4018 2650 4075 vitiositatem
2704 4021 3000 4074 constricta
3034 4025 3254 4073 tenetur
3307 4020 3379 4074 ab

1806 4107 2093 4165 affectione
2117 4110 2350 4180 quadam
2369 4109 2743 4181 propendente
2769 4110 2824 4165 in
2852 4126 2942 4166 res
2963 4125 3205 4176 crassas,
3238 4126 3375 4166 cono

1802 4198 2144 4269 junctionem
2179 4214 2304 4255 cum
2347 4202 2513 4267 malo,
2565 4201 2723 4272 quasi
2766 4203 3030 4257 corticem
3085 4202 3374 4273 quemdam

1807 4288 2103 4344 obductum
2121 4288 2247 4354 sibi,
2265 4303 2363 4358 per
2382 4289 2667 4345 decentem
2694 4289 2909 4345 vivendi
2944 4291 3208 4345 rationem
3230 4291 3377 4346 velut

117 4348 439 4422 μαζομένης
466 4353 600 4405 πᾶσι
641 4354 739 4424 τῆς
785 4356 1123 4423 ἀντιδόσεως.
1157 4360 1214 4415 '0
1259 4364 1357 4434 μὲν
1389 4366 1498 4437 γάρ
1524 4385 1593 4432 τις

1900 4378 2051 4448 iique
2084 4348 2377 4448 scalpenda
2414 4379 2676 4450 paulatim
2702 4380 2968 4435 detrahat.
2985 4378 3098 4435 Hac
3123 4381 3193 4437 de
3206 4396 3376 4438 causa

115 4442 267 4512 ἀρχῇ
289 4442 386 4511 τῆς
407 4443 501 4496 τοῦ
537 4443 799 4513 βελτίονός
845 4448 960 4501 ἐστι
996 4448 1270 4520 βρώσεως,
1295 4454 1419 4525 ἄρτι
1452 4458 1700 4530 καθάπερ

116 4531 188 4584 ἐκ
216 4531 380 4601 βυθοῦ
409 4550 552 4598 τινος
576 4534 670 4588 τοῦ
713 4536 853 4590 κατά
889 4539 1084 4593 κακίαν
1110 4540 1226 4610 βίου
1258 4544 1396 4614 πρὸς
1436 4545 1533 4617 τὴν
1571 4564 1700 4618 μετ-

116 4621 311 4675 ουσίαν
332 4623 434 4693 τῆς
458 4624 715 4695 ἀληθείας
736 4628 1134 4701 ἀνανηξάμενος
1149 4648 1163 4661 ·
1190 4632 1268 4704 τῷ
1293 4633 1350 4687 δέ
1375 4652 1458 4700 τις
1481 4637 1701 4706 γέγονεν

120 4709 227 4780 ἥδη
265 4710 332 4764 δι’
365 4713 677 4781 ἐπιμελείας
713 4717 994 4789 προσθήκη
1040 4718 1134 4773 τοῦ
1173 4723 1505 4794 κρείττονος·
1545 4727 1701 4792 ἄλλος

123 4802 402 4857 ἐπιπλεῖον
431 4804 519 4859 διά
541 4807 637 4878 τῆς
670 4807 962 4880 ἐπιθυμίας
986 4809 1095 4866 τῶν
1129 4813 1347 4881 ἀγαθῶν
1383 4817 1663 4890 ἑπηυξήθη
1686 4835 1699 4851 ο

122 4895 155 4947 ό
191 4893 249 4947 δὲ
290 4895 463 4965 μέσης
496 4896 606 4969 ἔχει
639 4900 737 4969 τῆς
764 4900 873 4953 τῶν
901 4901 1118 4972 ὑψηλῶν
1145 4904 1490 4972 ἀναϐάσεως·
1521 4910 1704 4981 ἕτερος

125 4987 220 5039 καὶ
244 4987 304 5039 τὸ
333 4987 496 5057 μέσον
520 4991 864 5067 παρέδραμεν
884 5010 897 5023 ·
924 4995 1030 5047 eici.
1059 4995 1116 5050 δέ
1144 5014 1287 5062 τινες
1313 5000 1406 5054 καὶ
1427 5001 1477 5053 οἱ
1502 5001 1703 5058 τούτων

125 5079 352 5142 ἑαυτοὺς
380 5079 781 5152 ὑπεράραντες’
831 5083 978 5140 ἄλλοι
1025 5087 1307 5152 κάκείνους
1352 5091 1706 5162 παρήλασαν·

122 5169 218 5223 καὶ
245 5171 387 5242 ὑπὲρ
412 5169 632 5236 τούτους
663 5173 838 5246 ἕτεροι
867 5178 1003 5250 πρὸς
1027 5178 1118 5233 τὸν
1138 5180 1249 5234 ἀνω
1270 5180 1466 5252 δρόμον
1501 5189 1707 5239 συντεί-

123 5277 336 5315 νονταιο
379 5263 473 5316 καὶ
519 5263 656 5328 ὅλως
702 5265 841 5321 κατά
876 5266 973 5340 τὴν
1014 5269 1264 5342 ποικίλην
1302 5271 1411 5324 τῶν
1453 5277 1711 5348 προαιρέ-

123 5367 262 5404 σεων
314 5351 577 5425 διαφορὰν
622 5354 850 5411 ἕκαστον
888 5361 917 5411 ό
961 5359 1093 5424 Θεὸς
1137 5361 1196 5415 ὲν
1237 5360 1316 5432 τῷ
1356 5362 1468 5434 ἰδίῳ
1498 5363 1709 5437 δέχεται

119 5443 386 5514 τάγματι,
417 5443 485 5498 τά
525 5445 664 5517 πρὸς
707 5448 862 5515 ἀξίαν
895 5451 1227 5525 ἀποπληρῶν
1264 5455 1376 5517 τοῖς
1422 5456 1574 5522 πᾶσι,
1607 5461 1701 5514 καὶ

190 5617 283 5673 ’⁸1
310 5619 439 5677 Cor.
468 5636 507 5687 I,
538 5620 591 5678 5.
667 5624 712 5659 ³⁸
737 5622 872 5681 Gen.
916 5641 953 5694 ι,
986 5626 1075 5681 26.
1152 5628 1199 5662 "
1219 5628 1374 5687 Joan.
1402 5648 1512 5702 xw,
1545 5632 1597 5688 2.

1805 4470 1968 4525 etiam
2026 4471 2226 4526 multas
2271 4470 2415 4539 apud
2445 4469 2658 4525 Patrem
2706 4471 2857 4525 illum
2896 4473 3212 4528 mansiones
3250 4487 3375 4529 esse

1807 4561 2203 4630 accepimus“,
2225 4562 2425 4631 quippe
2448 4560 2593 4631 quod
2622 4574 2720 4630 pro
2750 4563 2962 4618 ratione
2993 4564 3377 4634 propensionis

1805 4651 1873 4706 ad
1903 4651 2130 4715 bonum,
2166 4660 2220 4707 et
2243 4652 2532 4708 abscessus
2564 4666 2594 4706 a
2617 4652 2781 4719 malo,
2810 4658 3010 4724 cuique
3034 4670 3247 4711 merces
3275 4670 3375 4725 pa-

1808 4750 1927 4796 rata
1956 4742 2048 4797 sit.
2083 4743 2239 4797 Alius
2289 4743 2434 4799 enim
2479 4743 2660 4799 adhuc
2698 4753 2784 4801 est
2806 4746 2862 4798 in
2887 4746 3065 4814 primo
3091 4746 3376 4801 electionis

1807 4832 1935 4887 boni
1958 4832 2137 4897 initio,
2190 4842 2251 4888 ut
2290 4835 2383 4905 qui
2414 4850 2606 4892 recens
2640 4850 2671 4891 a
2716 4834 2886 4890 fundo
2914 4835 3039 4890 vitae
3063 4836 3276 4890 vitiosae
3306 4836 3372 4891 ad

1808 4922 2056 4979 veritatis
2105 4924 2414 4983 fruitionem
2442 4927 2762 4992 emerserit;
2820 4926 2960 4981 alius
2991 4926 3241 4981 studioso
3275 4941 3373 4982 co-

1810 5020 1939 5067 natu
1969 5012 2079 5082 jam
2102 5013 2229 5069 boni
2287 5018 2521 5087 quadam
2571 5018 2888 5075 accessione
2941 5024 2995 5072 et
3034 5017 3374 5073 incremento

1805 5113 1999 5159 auctus
2031 5110 2116 5160 est
2150 5119 2166 5156 :
2200 5105 2340 5162 alius
2363 5108 2527 5163 etiam
2558 5110 2794 5180 amplius
2824 5110 2893 5165 oh
2921 5109 3250 5178 singularem
3276 5108 3375 5163 bo.

1805 5209 2024 5250 norum.
2054 5195 2408 5265 cupiditatem
2466 5207 2552 5254 est
2601 5207 2933 5255 consecutus
2977 5214 2990 5250 ε
3027 5198 3171 5252 alius
3212 5194 3373 5266 quasi

1807 5285 2043 5340 medium
2071 5286 2173 5341 iter
2196 5286 2615 5342 conscensionis
2647 5287 2850 5342 aii-illa
2887 5286 3143 5342 sublimia
3187 5287 3374 5338 confe-

1805 5372 1916 5439 cit;
1950 5372 2094 5428 alius
2132 5375 2296 5428 etiam
2328 5373 2567 5428 medium
2602 5373 2707 5428 hoc
2728 5390 2894 5429 cursu
2919 5373 3176 5445 praeteriit
3196 5389 3213 5440 ;
3236 5385 3373 5426 non-

1812 5462 1944 5518 nulli
1965 5470 2020 5520 et
2042 5461 2142 5521 bos
2164 5470 2512 5533 superarunt,
2529 5477 2666 5534 quos
2686 5477 2878 5519 rursus
2897 5465 2988 5520 alii
3009 5472 3136 5521 sunt
3155 5470 3379 5534 praeter-
