3756 5988
316 202 448 257 Mil

1581 214 1638 270 S.
1681 216 2008 274 GBEGORII
2044 220 2334 279 NYSSENI

3436 220 3579 283 “1‘1

314 315 527 385 gressi;
578 319 1041 378 contendentibus
1078 324 1207 380 item
1260 326 1385 383 aliis
1418 343 1587 400 supra
1622 333 1722 388 hos
1750 351 1797 405 (ιι

2097 341 2239 410 άγων
2261 345 2368 406 τοῖς
2399 342 2748 416 ὑψηλοτέροις
2785 344 2882 408 τὰς
2926 344 3035 398 τῶν
3066 342 3289 412 ἀγαθῶν
3322 344 3580 414 ἀμοιϐὰς.

312 420 422 475 que
458 406 524 460 ad
558 407 755 464 altiora
798 428 811 463 :
845 410 1080 485 denique
1113 417 1257 473 Deus
1318 423 1543 478 omnino
1580 439 1681 494 pro
1713 427 1893 481 varie-

312 504 425 552 tate
477 499 760 557 industriae
812 504 1183 576 singulorum,
1220 525 1323 567 suo
1373 514 1673 583 quemlibet
1697 515 1892 572 ordine

313 586 534 658 recipit,
564 591 764 660 cuique
789 601 994 650 sortem
1022 611 1087 651 ex
1117 597 1291 667 ipsius
1323 601 1588 671 dignitate
1621 603 1889 669 tribuens,

313 676 698 751 bonorumque
740 688 1217 755 compensationes
1248 697 1359 745 tam
1412 693 1482 747 ad
1518 693 1889 760 sublimiores,

314 785 481 841 quam
517 772 805 831 inferiores
848 780 1287 838 accommodans.
1339 781 1667 854 Hujusmodi
1700 802 1896 856 quam-

315 862 442 917 dam
474 868 993 925 commentationem
1037 870 1250 929 institui
1291 877 1589 948 propositis
1624 878 1680 931 in
1709 879 1892 935 verbis

316 955 738 1028 existimamus,
800 961 1219 1035 animarumque
1276 966 1573 1024 discrimen
1634 969 1889 1034 indicari,

313 1062 439 1116 quae
477 1063 741 1117 sponsum
775 1051 1080 1109 intuentur.
1107 1054 1242 1110 Nam
1274 1040 1411 1113 alias
1432 1068 1593 1114 vocat
1623 1059 1893 1129 iuvencu-

315 1137 418 1201 las,
447 1155 680 1210 quarum
713 1145 1002 1202 multitudo
1050 1163 1344 1204 numerum
1369 1166 1586 1207 omnem
1617 1161 1840 1223 superat
1874 1171 1889 1208 :

316 1231 453 1287 alias
482 1235 818 1301 concubinas
843 1254 859 1305 ;
888 1239 1023 1295 alias
1059 1240 1762 1311 reginas.Concubinarum
1786 1261 1892 1300 nu-

317 1340 528 1379 merum
574 1327 874 1385 decadibus
936 1340 1062 1388 octo
1127 1333 1356 1403 deﬁniit,
1408 1351 1533 1391 cum
1581 1337 1893 1408 reginarum

316 1433 580 1475 numerus
605 1425 1020 1488 sexagenarium
1039 1427 1279 1496 expleat.
1307 1427 1377 1483 At
1412 1443 1575 1499 supra
1605 1429 1894 1485 universas

317 1508 486 1565 hasce
525 1512 763 1566 collocat
812 1514 1031 1569 unicam
1082 1517 1233 1571 illam
1265 1517 1674 1589 perfectamque
1692 1519 1897 1574 colum-

1995 432 2089 485 καὶ
2112 449 2174 484 συ
2182 432 2438 504 μμετρῶν
2462 433 2728 487 ἐλάττοσι.
2752 432 2938 487 Ταῦτα
2960 433 3049 487 διά
3066 432 3176 486 τῶν
3203 432 3585 504 προκειμένων

1998 521 2176 593 ῥητῶν
2218 523 2522 593 φιλοσοφεῖν
2570 525 2661 578 τὸν
2710 525 2866 594 λόγον
2914 525 3311 596 ὑπενοήσαμεν,
3337 523 3437 596 τὴν
3468 523 3585 577 δια-

1995 611 2167 683 φορὰν
2207 613 2314 666 τῶν
2345 614 2552 685 ψυχῶν,
2591 616 2647 670 αἳ
2683 616 2818 689 πρὸς
2854 616 2945 669 τὸν
2992 616 3223 686 νυμφίον
3255 615 3479 686 ὁρῶσιν,
3521 617 3579 668 ὲν

1994 702 2107 763 τοῖς
2160 701 2470 771 εἰρημένοις
2518 705 2652 773 ήμῖν
2707 701 3099 757 διαστείλαντα.
3156 702 3270 766 Τὰς
3330 703 3428 774 μὲν
3469 703 3581 774 γάρ

1994 791 2248 862 ὀνομάζει
2278 794 2541 858 νεάνιδας,
2581 794 2680 866 τήν
2724 793 2818 849 τοῦ
2866 793 3101 867 ἀριθμοῦ
3150 793 3314 863 φύσιν
3346 793 3436 847 διὰ
3480 792 3580 847 τοῦ

1995 883 2234 955 πλήθους
2262 885 2499 950 νικώσαις
2521 902 2535 917 ·
2577 888 2741 949 ἄλλας
2784 881 2842 940 δὲ
2884 884 3213 949 παλλακίδας
3232 900 3246 913 ’
3288 886 3383 938 καὶ
3413 884 3582 948 ἄλλας

1997 973 2269 1044 βασιλίδας
2299 971 2438 1030 εἷναί
2480 993 2644 1048 φησιν
2689 1000 2704 1015 ·
2736 976 3059 1031 ὀκτωδεκάδι
3085 975 3194 1029 τῶν
3235 975 3586 1030 παλλακίδων

1993 1063 2086 1117 τδν
2116 1065 2346 1137 ἀριθμὸν
2386 1065 2731 1138 περιγράψας
2752 1081 2767 1096 °
2791 1065 2890 1129 τὰς
2910 1065 2967 1119 δὲ
3009 1064 3287 1136 βασιλίδας
3308 1063 3585 1118 συντελεῖν

1996 1155 2165 1209 εἰπὼν
2216 1159 2296 1220 είς
2346 1155 2628 1228 ἑξήκοντα,
2663 1157 2985 1229 ὑπερτίθησι
3035 1155 3223 1209 πασῶν
3272 1155 3376 1227 τὴν
3418 1157 3477 1209 ὲν
3514 1157 3582 1226 τῇ

1999 1248 2182 1318 μονάδι
2210 1247 2589 1319 θεωρουμένην
2624 1249 2832 1303 τελείαν
2873 1247 3221 1321 περιστερὰν,
3253 1250 3321 1317 ἢν
3352 1249 3447 1302 καὶ
3489 1249 3583 1318 μό-

1995 1355 2092 1409 νην
2129 1342 2194 1411 τῇ
2227 1339 2413 1411 μητρὶ,
2447 1339 2542 1394 καὶ
2569 1341 2886 1413 ἐκλεκτικὴν
2923 1338 3060 1397 εἶναι
3103 1344 3170 1414 τῇ
3202 1339 3441 1413 τεκούσῃ
3481 1341 3583 1395 αὺ-

1996 1429 2092 1501 τὴν
2120 1430 2497 1500 ἀποφαίνεται.
2544 1431 2728 1487 Ταῦτα
2774 1428 2865 1487 οὖν
2909 1434 2996 1488 διὰ
3028 1434 3136 1487 τῶν
3177 1433 3337 1487 θείων
3386 1430 3585 1501 λογίων

1998 1523 2138 1573 νοεῖν
2162 1519 2486 1593 ὲναγόμεθα,
2510 1523 2593 1578 ὅτι
2634 1524 2683 1577 oi
2726 1525 2824 1596 μὲν
2852 1525 2974 1597 ἄρτι
3006 1524 3197 1596 νηδύος
3231 1524 3379 1588 τινὸς
3400 1524 3503 1595 τῆς
3525 1522 3585 1577 ὲν

317 1599 467 1666 ham,
506 1617 667 1672 quam
709 1605 881 1659 solam
913 1607 1096 1675 matri,
1119 1616 1173 1662 et
1221 1609 1455 1664 electam
1487 1624 1612 1665 esse
1641 1608 1800 1680 geniti

2100 1629 2153 1664 ει
2203 1613 2460 1684 κειμένης
2504 1614 2722 1686 ἀπάτης
2769 1614 2873 1682 ἔξω
2913 1614 3224 1685 γενόμενοι,
3279 1614 3583 1685 ἀρτιγενεῖς

319 1708 435 1748 suae
470 1698 809 1763 pronuntiat.
834 1696 1022 1768 Itaque
1059 1674 1156 1769 per
1182 1700 1300 1755 hazc
1324 1699 1511 1756 divina
1543 1674 1767 1755 oracula

2100 1718 2140 1764 ες
2168 1674 2337 1766 ὄντες,
2376 1674 2471 1756 καὶ
2511 1674 3101 1779 ούπω’διηρθρώμένοι
3141 1674 3221 1758 ὲν-
3249 1674 3461 1767 ἑαυτοῖς
3493 1702 3583 1757 τὸν

321 1784 552 1852 scimus,
581 1788 875 1842 nonnullos
905 1788 997 1858 qui
1026 1804 1137 1844 non
1159 1790 1234 1844 ita
1266 1790 1474 1860 pridem
1513 1789 1659 1844 velut
1690 1804 1754 1843 ex
1776 1788 1897 1844 alvo

319 1874 554 1946 quadam
587 1876 642 1930 in
674 1877 782 1931 imo
806 1879 897 1932 siti
928 1878 1136 1934 erroris
1159 1879 1480 1949 prodierint,
1513 1879 1779 1950 quasique
1812 1893 1900 1932 re-

320 1978 452 2018 cens
488 1964 644 2027 editi,
687 1967 917 2021 necdum
944 1971 1213 2023 sermonis
1231 1968 1505 2022 articulati
1538 1981 1767 2037 capaces
1788 1967 1900 2022 sint

319 2067 541 2127 propter
577 2058 952 2113 assensionem
1001 2058 1122 2113 ﬁdei
1154 2074 1263 2113 non
1304 2059 1440 2113 satis
1475 2072 1502 2111 a
1529 2059 1740 2114 ratione
1762 2071 1900 2112 con-

320 2146 616 2213 ﬁrmatam,
660 2164 889 2204 numero
928 2148 1172 2204 inﬁnitos
1195 2164 1317 2204 esse
1350 2167 1364 2203 :
1401 2149 1604 2218 quippe
1623 2148 1717 2218 qui
1755 2148 1901 2204 salu-

319 2248 494 2293 tarem
553 2238 772 2308 quidem
830 2241 909 2294 illi
953 2255 1261 2296 sermonem
1311 2239 1558 2310 mysterii
1593 2240 1737 2295 sacri
1778 2254 1901 2296 esse

320 2330 693 2397 crediderunt,
728 2347 836 2386 non
874 2342 1057 2387 tamen
1090 2348 1184 2402 per
1216 2332 1504 2387 scientiam
1527 2331 1818 2401 quamdam
1845 2340 1900 2387 et

320 2437 408 2477 cer
421 2423 705 2478 titudinem
730 2424 797 2477 ab
829 2425 949 2494 ipso
978 2439 1230 2479 sermone
1262 2422 1585 2496 profectam,
1621 2426 1775 2494 quasi
1809 2440 1900 2481 so-

321 2516 435 2571 lido
496 2518 818 2574 innitentem
897 2517 1253 2573 fundamento
1324 2516 1612 2572 veritatem
1673 2516 1894 2572 habent.

321 2611 514 2681 Atque.
534 2611 613 2666 Ine
645 2619 772 2667 sunt
811 2611 915 2666 illae
938 2611 1223 2682 appellatae
1252 2609 1580 2680 juveneulae,
1613 2609 1761 2679 quod
1784 2609 1898 2679 pri-

321 2717 467 2756 mam
497 2702 673 2759 adhuc
689 2712 900 2759 aetatem
932 2702 1270 2773 spiritualem
1301 2709 1488 2772 agant.
1520 2701 1776 2771 quodque
1804 2717 1901 2771 per

324 2787 445 2844 lidei
486 2806 794 2846 sermonem
818 2791 1032 2861 genitae.
1054 2789 1286 2845 necdum
1312 2790 1675 2844 conveniente
1718 2788 1898 2844 incre-

320 2891 508 2939 mento
563 2882 830 2952 ejusmodi
887 2881 1045 2937 facta;
1075 2881 1207 2945 sint,
1242 2888 1299 2935 ut
1331 2879 1414 2935 vel
1436 2886 1649 2934 aetatem
1694 2880 1900 2950 nuptiis

323 2983 593 3029 maturam
626 2975 929 3042 attigerint,
961 2972 1046 3027 vel
1086 2973 1141 3027 in
1172 2972 1347 3026 virum
1375 2970 1676 3040 perfectum
1711 2986 1900 3026 evase-

2001 1792 2156 1861 λόγον
2181 1795 2544 1865 χωρήσαντες,
2583 1798 2650 1867 τῇ
2691 1797 3003 1868 ἀλογωτέρᾳ
3060 1795 3457 1865 συγκαταθέσει
3485 1796 3585 1866 τῆς

1999 1882 2232 1948 πίστεως
2260 1887 2319 1938 ὲν
2348 1886 2559 1957 ἀπείρῳ
2580 1885 2906 1958 θεωροῦνται
2931 1886 3156 1958 πλήθει⁶
3186 1889 3455 1959 σωτήριον
3483 1885 3583 1957 μὲν

1998 1968 2134 2026 εῖναι
2158 1975 2575 2038 πεπιστευκότες
2598 1976 2692 2030 τοῦ
2733 1976 3029 2047 μυστηρίου
3056 1976 3147 2030 τὸν
3178 1975 3358 2045 λόγον,
3380 1976 3442 2029 οὐ
3477 1974 3583 2046 μὴν

1997 2064 2275 2136 ἐπιστήμῃ
2297 2066 2401 2119 τινὶ
2422 2067 2516 2120 καὶ
2543 2069 2610 2138 τῇ
2637 2067 2724 2121 διὰ
2753 2067 2846 2121 τοῦ
2876 2068 3036 2137 λόγου
3066 2067 3409 2139 πληροφορίᾳ
3438 2067 3582 2138 ίδρυ-

2001 2155 2168 2226 μένην
2197 2154 2408 2225 ἔχοντες
2441 2158 2498 2210 ὲν
2528 2159 2737 2222 ἑαυτοῖς
2765 2157 2862 2229 τὴν
2882 2158 3159 2229 ἀλήθειαν.
3176 2153 3344 2212 Αὖταί
3367 2159 3506 2211 εἰσιν
3527 2157 3582 2210 αί

1998 2244 2376 2317 ὀνομασθεῖσαι
2403 2248 2660 2314 νεάνιδες,
2685 2249 2772 2303 διὰ
2801 2250 2863 2303 τὸ
2892 2250 3018 2305 νέαν
3042 2251 3192 2319 ἄγειν
3223 2249 3324 2320 τὴν
3349 2266 3585 2320 πνευμα-

1999 2337 2154 2409 τικὴν
2182 2338 2417 2410 ἡλικίαν,
2446 2340 2501 2393 αἶ
2536 2341 2872 2408 γεννηθεῖσαι
2903 2341 2981 2412 τῷ
3013 2341 3155 2412 λόγῳ
3184 2341 3283 2412 τῆς
3324 2340 3582 2405 πίστεως.

1999 2433 2208 2486 οὐδέπω
2250 2432 2338 2488 διὰ
2367 2434 2468 2504 τῆς
2506 2435 2851 2506 καθηκούσης
2890 2435 3170 2507 αὐξήσεως
3207 2433 3454 2488 τοιαῦται
3496 2450 3586 2501 γε·

1999 2520 2236 2590 γόνασιν,
2264 2524 2340 2587 ὡς
2372 2525 2464 2578 ἐπὶ
2491 2524 2683 2596 γάμων
2715 2525 2898 2597 ἀκμὴν
2927 2525 3230 2598 προελθεῖν,
3261 2525 3352 2579 καὶ
3379 2523 3583 2594 φθάσαι

2000 2615 2079 2677 είς
2106 2612 2272 2685 ἀνδρα
2303 2615 2525 2681 τέλειον,
2562 2617 2642 2680 είς
2672 2615 2866 2688 μέτρον
2895 2618 3133 2688 γαμικῆς
3163 2614 3395 2688 ἡλικίας.
3423 2615 3585 2667 Ὥστε

1998 2703 2074 2774 τῷ
2128 2704 2277 2776 φόϐῳ
2330 2705 2424 2759 τοῦ
2479 2705 2681 2778 Κυρίου
2743 2705 3000 2761 δύνασθαι
3058 2704 3434 2776 κυοφορῆσαι,
3492 2702 3586 2758 καὶ

2000 2794 2213 2863 πνεῦμα
2247 2796 2518 2867 σωτηρίας
2552 2795 3055 2866 παιδοποιήσασθαι.
3092 2796 3229 2849 Ἀλλ’
3262 2795 3341 2849 ἔτι
3379 2793 3458 2865 τῷ
3486 2810 3587 2864 νη-

2000 2887 2106 2957 πίῳ
2144 2903 2204 2939 τε
2245 2888 2338 2940 καὶ
2373 2887 2554 2942 ἀτελεῖ
2586 2890 2686 2961 τῆς
2717 2889 2971 2952 διανοίας,
3001 2888 3313 2961 ἀλογωτέρᾳ
3345 2904 3463 2950 πως
3502 2903 3589 2939 συ-

2002 2973 2135 3039 ζῶσι
2163 2977 2229 3046 τῇ
2255 2976 2509 3031 διαθέσει.
2563 2977 2707 3049 Πλὴν
2758 2976 2896 3031 ἀλλά
2940 2977 3034 3032 καὶ
3079 2972 3222 3031 οὗτοι
3261 2976 3370 3031 τῶν
3418 2975 3590 3042 σωζο-

323 3066 467 3128 riut,
508 3065 591 3118 vel
639 3078 949 3117 mensuram
992 3062 1200 3131 nuptiis
1242 3070 1383 3131 aptae
1417 3059 1596 3115 aetatis
1633 3074 1806 3115 assem

2106 3084 2177 3120 ων
2224 3068 2350 3133 εἰσὶ,
2384 3067 2565 3132 καθώς
2598 3086 2760 3141 φησιν
2798 3070 2828 3121 ὁ
2860 3070 3179 3141 Προφήτης
3216 3070 3305 3129 ὅτι
3347 3068 3589 3137 Ἀνθρώ-

324 3158 457 3219 sint,
491 3162 550 3209 ut
575 3169 639 3208 ex
676 3153 770 3209 Dci
800 3161 947 3209 metu
982 3152 1124 3208 ferre
1160 3161 1379 3208 uterum
1424 3153 1659 3223 possint,
1695 3162 1748 3208 et
1787 3168 1807 3207 ε

2106 3175 2154 3222 νς
2194 3156 2295 3210 καί
2338 3157 2524 3226 κτήνη
2575 3158 2814 3225 σώσεις,
2849 3160 3053 3227 Κύριε’
3093 3159 3263 3230 κτήνη
3307 3157 3483 3227 λέγων
3528 3157 3589 3210 τὸ

323 3247 493 3298 ritum
524 3244 720 3299 salutis
750 3242 991 3313 gignere.
1048 3241 1310 3296 Nimirum
1348 3243 1525 3299 adhuc
1564 3252 1785 3314 propter

1564 3252 1785 3314 propter
1809 3244 1896 3297 in-
2003 3245 2335 3320 ἀλογώτερον
2369 3250 2531 3320 μέρος
2568 3248 2676 3304 τῶν
2710 3248 3047 3321 σωζομένων.

324 3332 555 3390 fantium
587 3345 640 3390 et
684 3334 1153 3405 imperfectionem
1240 3335 1461 3402 mentis,
1503 3350 1627 3391 cum
1697 3334 1982 3393 affectione
2018 3340 2251 3409 quadam
2275 3341 2525 3395 nonnihil
2555 3341 2713 3397 bruta
2749 3343 2874 3396 vitae
2896 3338 3344 3397 consuetudinem
3359 3337 3587 3393 habent.

326 3424 435 3481 Sed
467 3432 647 3479 tamen
680 3424 843 3478 etiam
875 3424 931 3479 bi
959 3432 1088 3480 sunt
1109 3439 1297 3479 eorum
1321 3426 1375 3479 in
1424 3440 1673 3492 numero,
1735 3427 1830 3497 qui
1885 3428 2112 3485 salutem
2129 3442 2557 3503 consequuntur,
2647 3430 3103 3503 quemadmodum
3153 3428 3425 3500 Propheta
3469 3429 3582 3486 ait:

328 3518 587 3575 Homines
605 3529 656 3574 et
673 3520 918 3590 jumenta
947 3520 1206 3584 servabis,
1245 3520 1464 3576 Domine
1485 3521 1558 3581 ".
1580 3521 1795 3590 Quibus
1833 3523 2017 3580 verbis
2068 3524 2316 3597 iumenta
2339 3534 2501 3584 vocat
2552 3541 2767 3595 eorum,
2791 3526 2883 3597 qui
2904 3534 3213 3592 servantur,
3234 3532 3441 3595 partem
3460 3534 3591 3590 pro-

325 3612 452 3682 pius
493 3609 741 3665 nonnihil
774 3611 1120 3666 accedentem
1145 3609 1213 3664 ad
1238 3610 1419 3666 bruta.

398 3705 666 3759 Caeterum
732 3701 977 3767 illorum,
1034 3703 1089 3756 in
1136 3700 1340 3772 quibus
1380 3701 1742 3759 conveniente
1792 3711 1878 3758 stu

2109 3705 2194 3761 ’ῶν
2233 3705 2290 3759 δὲ
2330 3705 2419 3759 διὰ
2458 3705 2559 3776 τῆς
2597 3703 2942 3776 καθηκούσης
2980 3701 3292 3774 ἐπιμελείας
3322 3701 3592 3775 αὐξηθέν-

313 3795 420 3852 ’ὀίο
468 3808 624 3850 meus
675 3801 837 3849 aucta
884 3799 1007 3856 est,
1059 3794 1263 3864 quique
1322 3792 1618 3853 infantiam.
1669 3794 1796 3864 reliq

2108 3815 2110 3832 ι
2139 3799 2206 3868 τῇ
2235 3797 2459 3867 διανοίᾳ,
2501 3796 2596 3850 καὶ
2625 3795 3089 3851 καταλελοιπότων
3122 3794 3223 3866 ήδη
3263 3795 3363 3865 τὴν
3396 3796 3591 3865 νηπιό-

322 3896 478 3955 runt,
509 3887 707 3961 duplex
729 3886 812 3939 hic
845 3884 1141 3939 discrimen
1157 3884 1440 3939 discimus.
1462 3882 1675 3961 Etenim
1707 3884 1797 3937 ani

2105 3905 2160 3950 a,
2187 3887 2377 3958 διπλῆν
2418 3886 2524 3941 ὑπὸ
2570 3886 2664 3941 τοῦ
2695 3886 2854 3955 λόγου
2900 3886 2999 3957 τὴν
3040 3884 3301 3956 διαφορὰν
3336 3884 3588 3938 διδασκό-

326 3984 466 4040 ﬁunt
486 3960 703 4053 quidem
717 3979 822 4033 illae
842 3976 1264 4045 concorporales
1290 3975 1489 4040 Verbo,
1508 3982 1618 4029 tam
1642 3960 1724 4029 [ne
1739 3991 1809 4044 qu

2111 3997 2163 4034 α.
2214 3978 2455 4033 Γίνονται
2514 3977 2613 4049 μὲν
2669 3977 2780 4050 γὰρ
2844 3979 2901 4031 αί
2953 3976 3120 4047 ψυχαὶ
3166 3976 3261 4030 καὶ
3309 3974 3590 4045 σύσσωμοι

325 4078 435 4133 illa:
464 4094 477 4130 :
502 4086 692 4129 verum
722 4067 1003 4124 nonnulla:
1046 4083 1140 4137 per
1178 4067 1500 4121 amatoriam
1530 4064 1688 4136 quasi
1710 4081 1808 4136 qua

2124 4070 2302 4137 Λόγῳ,
2333 4066 2427 4121 καὶ
2479 4059 2641 4120 αὗται
2696 4068 2978 4120 κάκεῖναιο
3028 4064 3141 4119 ἀλλ’
3193 4065 3251 4118 al
3302 4063 3405 4134 μὲν
3451 4065 3592 4135 ἐρω-

329 4168 453 4222 dam
487 4164 824 4221 aﬂectionem
860 4175 983 4214 cum
1008 4174 1074 4214 eo
1106 4157 1548 4229 conglutinantur
1578 4174 1591 4211 ι
1627 4160 1812 4229 cujus,

2106 4163 2134 4231 ῇ
2158 4176 2262 4212 τινι
2290 4158 2522 4212 διαθέσει
2557 4157 2992 4229 προσκολλῶνται
3011 4174 3024 4186 ·
3073 4156 3161 4210 οἶα
3190 4150 3260 4226 ἦν
3290 4156 3325 4225 ἡ
3354 4153 3451 4208 τοῦ
3484 4157 3589 4208 Δα-

325 4258 479 4315 neris
528 4264 646 4312 erat
698 4250 920 4307 Davidis
972 4255 1026 4305 ct
1068 4248 1223 4303 Pauli
1283 4249 1765 4319 animazquarum

2108 4287 2124 4313 ,
2158 4254 2252 4307 καὶ
2293 4255 2326 4324 ή
2369 4251 2463 4306 τοῦ
2513 4251 2724 4306 Παύλου
2762 4251 2944 4322 ψυχή·
2995 4254 3030 4322 ἡ
3074 4251 3173 4322 μὲν
3219 4251 3456 4319 λέγουσα
3490 4249 3590 4312 τὸ,

328 4352 507 4419 inquit
538 4367 552 4404 :
581 4345 714 4401 Mihi
728 4360 843 4398 cum
868 4341 977 4396 Deo
1004 4340 1358 4411 conglutinari
1387 4338 1579 4394 bonum
1604 4346 1681 4394 est
1699 4339 1770 4409 ’7;
1791 4339 1907 4393 hac

2014 4344 2175 4414 Ἐμοὶ
2199 4343 2269 4397 δὲ
2294 4343 2358 4397 τὸ
2390 4341 2883 4412 προσκολλᾶσθαι
2903 4342 2984 4407 τῷ
3006 4340 3128 4407 Θεῷ
3149 4342 3374 4412 ἀγαθόν
3394 4341 3589 4396 ἐστιν·

329 4456 463 4495 vero
489 4457 502 4493 :
528 4438 696 4492 Nemo
735 4436 972 4505 sejunget
1001 4449 1095 4486 nos
1118 4449 1149 4485 a
1174 4431 1455 4485 dilectione
1480 4430 1594 4496 Dei,
1626 4445 1742 4499 qua:
1758 4446 1810 4482 es

2110 4434 2228 4497 ὲτδ,
2262 4433 2471 4499 Οὐδείς
2497 4434 2737 4502 χωρίσει
2764 4429 2924 4502 ἡμᾶς
2941 4431 3061 4487 ἀπὸ
3093 4431 3204 4501 τῆς
3223 4431 3464 4502 ἀγάπης
3483 4432 3593 4485 τοῦ

335 4530 548 4586 Christo
570 4528 739 4584 Iesu:
771 4543 874 4581 non
891 4528 1020 4590 vita,
1039 4540 1141 4578 non
1170 4540 1332 4591 mors,
1352 4540 1455 4577 non
1484 4522 1623 4595 quod
1651 4539 1902 4593 praesens,

332 4638 442 4677 non
471 4618 608 4691 quod
663 4619 903 4688 futurum
934 4627 1035 4682 est,
1071 4632 1175 4670 non
1202 4616 1489 4685 quidquam
1520 4631 1701 4669 earum
1729 4630 1906 4670 rerum

331 4729 450 4785 qua:
486 4711 747 4767 exsistunt
781 4708 848 4761 ⁸⁸.
878 4707 1011 4763 Alia:
1062 4714 1243 4759 autem
1287 4704 1541 4775 supplicii
1572 4711 1717 4758 metu
1748 4704 1907 4758 adul-

332 4804 460 4861 terii
512 4811 744 4859 conatus
796 4800 972 4855 vitant
1006 4812 1171 4852 :nam
1215 4804 1270 4852 et
1299 4796 1432 4865 ipsa
1467 4804 1688 4850 manent
1719 4795 1907 4849 incor-

334 4905 510 4968 rupta:
565 4896 620 4951 in
673 4893 986 4964 integritate
1015 4906 1081 4945 ac
1121 4888 1593 4954 sanctificatione;
1636 4887 1734 4944 sed
1760 4895 1907 4943 metu

334 4988 509 5059 magis
525 5002 686 5058 quam
709 4983 981 5041 desiderio
1012 4980 1262 5035 adductae
1285 4979 1546 5051 ﬂagitium
1576 4980 1783 5034 nullum
1811 4979 1912 5033 ad-

337 5083 581 5137 mittunt.
610 5077 742 5145 Quae
771 5076 936 5147 igitur
971 5088 1064 5144 per
1090 5072 1435 5127 affectionem
1465 5071 1757 5142 quamdam
1787 5086 1912 5139 per-

337 5173 620 5229 t‘ectiorem
649 5166 925 5224 desiderio
944 5166 1277 5234 incorruptae
1309 5162 1635 5233 integritatis
1666 5177 1790 5215 cum
1819 5161 1911 5215 Dei

339 5262 575 5336 puritate
597 5258 757 5330 quasi
803 5255 1251 5318 commiscentur,
1277 5255 1480 5324 reginae
1503 5262 1724 5324 propter
1758 5252 1909 5322 regni

340 5350 659 5407 societatem
694 5348 1058 5419 appellantur.
1088 5345 1220 5412 Quae
1249 5351 1430 5400 autem
1461 5345 1734 5399 minarum
1763 5352 1908 5398 metu

339 5444 599 5497 virtutem
653 5442 861 5505 colunt,
916 5438 1239 5494 concubina:
1278 5443 1564 5492 vocantur.
1607 5432 1719 5491 Nec
1761 5433 1909 5489 enim

2008 4523 2298 4593 Χριστοῦο
2324 4526 2397 4578 οὐ
2425 4522 2558 4591 ζωὴ,
2584 4524 2656 4578 οὐ
2677 4520 2953 4589 θάνατος.
2981 4524 3052 4577 οὐ
3077 4520 3140 4576 τὸ
3168 4522 3385 4590 παρὸν,
3420 4524 3495 4577 οὐ
3526 4521 3595 4575 τὸ

2006 4615 2384 4684 μέλλον,οὐκ
2410 4615 2565 4670 ἄλλο
2597 4631 2651 4667 τι
2679 4613 3006 4669 τῶνόντων
3032 4612 3232 4669 οὐδέν.
3264 4613 3332 4667 Δί
3360 4613 3417 4666 δὲ
3441 4613 3594 4684 φόόῳ

2012 4705 2285 4769 κολάσεως
2311 4706 2410 4767 τὰς
2443 4706 2694 4777 μοιχικὰς
2720 4704 3088 4776 ἀποφεύγουσι
3115 4705 3329 4776 πείρας.
3354 4705 3595 4759 Μένουσι

2013 4796 2120 4868 γὰρ
2155 4799 2212 4849 ὲν
2256 4796 2533 4870 ἀφθαρσίᾳ
2576 4798 2669 4850 καὶ
2714 4795 2969 4867 ἁγιασμῷ
3000 4797 3094 4850 καὶ
3120 4790 3278 4850 αὗται
3302 4812 3315 4825 °
3352 4795 3487 4850 ἀλλά
3519 4795 3595 4865 τῷ

2015 4889 2164 4958 φόϐῳ
2198 4889 2452 4961 μᾶλλονῆ
2485 4889 2562 4960 τῷ
2593 4889 2739 4961 πόθῳ
2787 4886 3297 4957 παιδαγωγούμεναι
3328 4887 3502 4957 μόνῳ,
3535 4890 3595 4939 τὸ

2014 4979 2185 5034 κακὸν
2210 4980 2271 5033 ού
2319 4981 2720 5052 προσδέχονται.
2762 4983 2826 5033 Δί
2860 4981 2956 5051 μὲν
2987 4977 3079 5034 οὖν
3121 4980 3208 5034 διὰ
3239 4979 3338 5050 τῆς
3385 4979 3592 5033 τελειε-

2012 5071 2173 5141 τέρας
2209 5070 2499 5135 διαθέσεως
2534 5072 2681 5143 πόθῳ
2712 5073 2811 5142 τῆς
2845 5072 3154 5143 ἀφθαρσίας
3202 5070 3593 5142 ἀνακραθεῖσαι

2016 5162 2081 5231 τῇ
2119 5160 2212 5214 τοῦ
2248 5162 2382 5215 Θεοῦ
2426 5161 2776 5235 καθαρότητι,
2808 5162 3115 5233 βασίλισσαι
3142 5161 3229 5215 διὰ
3256 5162 3358 5232 τὴν
3404 5179 3584 5216 κοινω-

2017 5252 2134 5304 νίαν
2163 5252 2260 5322 τῆς
2309 5253 2584 5322 βασιλείας
2635 5252 3115 5326 κατονομάζονται.
3155 5253 3267 5317 Τάς
3298 5253 3356 5306 δὲ
3390 5254 3475 5324 τῷ
3501 5255 3594 5325 τῆς

2016 5341 2245 5410 ἀπειλῆς
2275 5342 2423 5413 φόϐῳ
2446 5342 2545 5415 τὴν
2587 5343 2789 5414 ἀρετὴν
2853 5342 3207 5408 ὲκπονούσας,
3262 5340 3595 5406 παλλακίδας

2018 5431 2270 5503 ὀνομάζει
2310 5436 2337 5486 ό
2374 5433 2551 5508 λόγος.
2591 5432 2758 5487 Οὔπω
2798 5435 2907 5507 γάρ
2943 5452 3027 5499 τις
3063 5431 3243 5488 αὐτῶν
3281 5432 3472 5505 μήτηρ
3507 5433 3597 5503 βα-

411 5602 458 5634 ”
497 5617 638 5676 Psal.
667 5630 826 5677 xx“,
855 5615 903 5668 7.
980 5616 1023 5646 ”
1062 5613 1206 5668 Psal.
1250 5629 1421 5679 LXXII,
1470 5613 1560 5667 28.
1637 5613 1681 5645 "
1720 5611 1879 5668 Rom.
1907 5627 2022 5679 vut,
2052 5612 2231 5682 28,29
