3756 5988
146 246 296 309 11Ιῦ

1170 251 1238 308 ΙΝ
1276 246 1576 308 ΟΔΝΤΙΟΑ
1619 240 1886 306 CANTIC.
1934 240 2218 309 HOMILIA
2252 248 2370 310 XV.

3262 242 3401 303 ιιιι

143 369 346 433 σιλέως
369 369 462 425 καὶ
490 365 743 435 κοινωνὸς
762 372 862 443 τῆς
885 367 1039 437 ἀξίας
1063 373 1313 442 γενέσθαι
1334 371 1571 434 δυνατῶς
1592 368 1725 440 ἔχει.

1871 372 2047 429 larum
2103 376 2212 429 ulla
2267 381 2440 428 mater
2498 366 2643 441 regis
2684 384 2749 425 ac
2798 367 3080 441 dignitatis
3128 366 3401 439 particeps

142 458 278 523 Πῶς
322 460 434 533 γὰρ
489 461 555 516 ἂν
606 461 878 534 δυνηθείη,
922 464 955 534 ἡ
1004 463 1231 533 μηδέπω
1280 460 1622 517 ἀναλαϐοῦσα
1672 462 1730 515 ὲν

143 547 321 620 ἑαυτῇ
358 549 421 603 τὸ
470 549 764 605 ἀδέσποτον
817 553 910 605 καὶ
957 553 1288 624 αὐτοκρατὲς
1334 551 1428 605 τοῦ
1476 551 1728 624 ἐναρέτου

145 642 501 712 φρονήματος
517 658 531 672 °
561 643 698 698 ἀλλὰ
715 643 945 714 δουλικῷ
970 643 1119 714 φόϐῳ
1146 644 1246 712 τῆς
1268 643 1376 697 τῶν
1405 643 1588 696 κακῶν
1617 660 1730 696 κοι-

145 731 351 796 νωνίας
382 734 758 806 ἀφισταμένη;
793 734 1193 807 ’Υποδείγματα
1220 736 1277 789 δὲ
1296 735 1405 789 τῶν
1427 735 1730 806 εἰρημένων

146 825 321 891 ἐστὶν,
355 826 451 880 ἐπὶ
490 827 588 898 μὲν
620 825 728 883 τῶν
763 827 1064 898 βασιλίδων,
1092 830 1153 883 τὸ
1190 828 1330 882 κατά
1363 830 1488 892 τοὺς
1521 829 1620 898 τῆς
1642 829 1730 881 δε-

148 915 275 982 ξιᾶς
304 917 546 982 στάσεως
569 919 922 989 ἠξιωμένους,
947 920 1084 991 πρὸς
1107 920 1200 984 οὓς
1229 921 1257 973 ὁ
1290 920 1539 990 βασιλεὺς
1560 920 1726 989 λέγει’

148 1006 355 1072 Δεῦτε,
386 1010 440 1061 οὶ
468 1006 855 1091 εὐλογημένοι
882 1010 990 1065 τοῦ
1018 1010 1247 1078 Πατρός
1265 1026 1406 1079 μου,
1428 1013 1730 1079 κληρονο-

144 1097 391 1168 μήσατε
427 1099 544 1168 τὴν
586 1101 1037 1171 ἡτοιμασμένην
1066 1102 1209 1171 ὑμῖν
1235 1103 1561 1168 ,ϐασιλείαν
1581 1122 1594 1135 ·
1637 1101 1728 1156 τοῦ

148 1189 206 1243 δὲ
232 1190 490 1259 δευτέρου
524 1190 617 1243 καὶ
643 1190 933 1261 ὑφειμένου
966 1193 1240 1262 τάγματος
1272 1188 1379 1246 εἷεν
1408 1192 1474 1246 ἂν
1512 1195 1729 1258 ἐκεῖνοι,

150 1280 293 1352 πρὸς
322 1280 420 1345 οὓς
459 1281 606 1351 λέγει
645 1282 675 1334 ό
706 1283 943 1356 Κύριος·
988 1284 1288 1351 Φοϐήθητε
1334 1284 1442 1339 τὸν
1481 1287 1631 1355 μετὰ
1664 1288 1729 1339 τὸ

148 1373 501 1428 ἀποκτεῖναι
553 1374 772 1444 ἔχοντα
826 1364 1117 1440 ἐξουσίαν
1163 1377 1442 1446 ἐμϐαλεῖν
1481 1380 1568 1442 εἰς
1616 1376 1731 1444 τὴν

149 1464 408 1534 γέενναν
449 1466 556 1521 τοῦ
589 1470 796 1537 πυρός.
836 1467 1053 1541 Ταύτην
1086 1468 1143 1521 δέ
1183 1486 1272 1541 μοι
1300 1470 1448 1522 δοκεῖ
1485 1468 1584 1539 τὴν
1609 1468 1728 1521 δια·

152 1556 348 1628 στολὴν
379 1557 488 1613 τῶν
539 1561 633 1615 δύο
671 1560 985 1629 ταγμάτων,
1034 1563 1067 1633 ἡ
1117 1562 1258 1614 κατά
1300 1560 1426 1623 τοὺς
1468 1559 1731 1631 ἀριθμοὺς

149 1645 382 1718 διαφορά
406 1649 748 1717 παραδηλοῦν
774 1650 839 1703 δι’
861 1651 1200 1720 αἰνίγματος.
1229 1649 1352 1715 Πῶς
1370 1649 1527 1704 τοῦτό
1550 1668 1689 1722 φημι
1712 1668 1726 1716 ;

153 1731 254 1799 Ἓξ
298 1715 438 1790 εἰσιν
484 1715 715 1804 ἐντολαὶ,
741 1738 809 1793 δι’
834 1734 910 1794 ὧν
945 1715 994 1811 ἠν
1014 1715 1270 1811 *βασιλεία
1298 1740 1391 1795 τοῦ
1438 1715 1574 1796 Θεού
1610 1715 1728 1808 ’τοῖς
1759 1715 1806 1775 Β

149 1825 346 1894 δεξιοῖς
388 1828 752 1897 έτοιμάζεται.
784 1831 1140 1903 Λογισώμεθα
1173 1833 1375 1887 τούτων
1416 1832 1645 1888 ἕκαστον
1669 1834 1731 1888 τὸ

148 1916 471 1973 δεσποτικὸν
492 1915 630 1975 εἶναι
656 1920 938 1987 τάλαντον,
961 1922 989 1975 ὃ
1015 1925 1278 1995 προσήκει
1306 1924 1455 1996 παρὰ
1480 1924 1574 1978 τοῦ
1597 1926 1731 1993 ἀγα-

151 2009 247 2062 θοῦ
294 2009 390 2064 καὶ
440 2011 630 2065 πιστοῦ
676 2014 886 2068 οἰκέτου
924 2014 1457 2083 δεκαπλασιασθῆναι
1501 2015 1589 2069 διὰ
1631 2016 1729 2086 τῆς

151 2100 435 2171 ἐργασίας,
467 2102 552 2156 ἵνα
582 2101 756 2168 οὕτως
781 2104 993 2176 εἰσέλθῃ
1039 2106 1118 2169 εἰς
1146 2105 1246 2175 τὴν
1287 2106 1460 2176 χαρὰν
1492 2105 1585 2159 τοῦ
1614 2107 1731 2159 Κυ-

156 2188 271 2258 ρίου
303 2190 492 2255 αὐτοῦ,
525 2195 581 2247 ὲν
611 2195 811 2264 ὀλίγοις
842 2196 1032 2262 πιστὸς
1063 2197 1327 2269 εὑρεθεὶς,
1355 2198 1447 2251 καὶ
1476 2199 1568 2251 έπί
1604 2198 1732 2251 πολ-

150 2280 259 2336 λῶν
283 2282 699 2356 καθιστάμενος.
740 2288 802 2341 Ei
828 2288 1007 2343 τοίνυν
1036 2289 1124 2343 διὰ
1164 2289 1274 2343 τῶν
1318 2289 1378 2354 ἓξ
1408 2289 1612 2344 τούτων
1643 2293 1730 2344 ὲν-

152 2372 324 2426 τολῶν
350 2375 384 2446 ἠ
410 2374 511 2444 τῆς
552 2376 824 2447 βασιλείας
852 2380 1058 2448 γίνεται
1080 2384 1146 2452 τῇ
1189 2379 1333 2451 ψυχῇ
1365 2382 1614 2435 κοινωνία
1632 2400 1647 2414 ·
1669 2383 1732 2437 τό

151 2463 207 2516 δὲ
232 2464 444 2519 τέλειον
462 2466 560 2537 τῆς
586 2469 847 2541 ἐργασίας
873 2471 956 2538 ἐφ’
976 2469 1216 2542 ἑκάστης
1243 2472 1358 2525 ἐστὶ
1380 2471 1441 2524 τὸ
1464 2472 1734 2527 δεκαπλα-

154 2553 341 2608 σιάσαι
398 2555 497 2628 τὴν
544 2557 781 2629 ἐντολὴν,
832 2559 1012 2624 καθὼς
1060 2560 1164 2632 ἔφη
1213 2564 1242 2615 ὁ
1292 2563 1493 2631 ἀγαθὸς
1549 2564 1734 2630 δοῦλος

150 2643 383 2710 ἐκεῖνος,
417 2647 497 2700 ὅτι
518 2647 660 2702 Δέκα
684 2648 918 2703 τάλαντα
940 2651 1001 2705 τὸ
1027 2651 1084 2705 ἓν
1115 2668 1208 2706 σου
1230 2653 1486 2708 τάλαντον
1516 2673 1733 2728 κατειρ-

149 2735 390 2802 γάσατο’
422 2738 745 2810 εὑρίσκομεν
776 2742 839 2793 ὲκ
856 2738 948 2793 τοῦ
979 2742 1270 2796 ἀκολούθου
1295 2743 1394 2816 τὴν
1426 2746 1554 2815 μίαν
1582 2747 1735 2817 βασί-

149 2823 367 2892 λισσαν,
400 2829 481 2890 είς
506 2828 765 2900 ἑξήκοντα
799 2830 1203 2904 πλατυνομένην
1225 2850 1239 2865 ·
1276 2834 1375 2905 τὴν
1404 2835 1492 2890 διὰ
1522 2836 1616 2890 τοῦ
1644 2838 1732 2891 δε-

150 2918 571 2989 καπλασιασμοῦ
599 2920 705 2974 τῶν
734 2919 793 2985 ἓξ
820 2922 1044 2975 ἐντολῶν
1081 2926 1136 2986 ές
1188 2927 1469 2980 κοινωνίαν
1502 2928 1602 2998 τῆς
1634 2928 1732 2999 βα-

1833 464 1950 521 fieri
1985 474 2181 535 potest.
2218 464 2321 531 Qui
2357 463 2705 534 enimposset
2739 460 2852 525 illa,
2877 474 2998 531 quae
3024 458 3254 516 necdum
3279 473 3399 515 eam

1832 557 2200 613 conditionem
2252 564 2547 612 consecuta
2594 561 2700 618 est,
2744 559 2804 606 ut
2842 551 3046 607 nullius
3096 549 3400 605 dominatui

1834 647 2080 716 subjecta
2109 649 2200 711 sit,
2256 661 2358 703 nec
2388 658 2662 702 summum
2697 641 2987 714 imperium
3016 641 3260 696 honestae
3288 641 3375 695 ela

1834 739 1998 794 tionis
2027 738 2243 807 adepta,
2267 737 2360 794 sed
2396 744 2541 792 metu
2570 734 2754 790 servili
2790 749 2821 788 a
2853 731 3115 789 societate
3142 731 3397 786 vitiorum

1832 830 2112 887 discedit?
2165 829 2370 884 Horum
2418 835 2601 882 autem
2657 842 2780 897 quae
2821 825 3102 891 diximus,
3150 821 3399 893 exempla

1832 932 1981 988 sunt,
2031 923 2101 978 de
2152 920 2356 992 reginis
2388 919 2605 990 quidem
2634 918 2733 983 illi,
2779 917 2874 988 qui
2898 916 2966 971 ad
3006 916 3253 970 dextram
3286 914 3402 968 col-

1830 1015 1999 1071 locari
2057 1025 2359 1076 merentur,
2394 1013 2462 1067 ad
2508 1025 2646 1081 quos
2695 1025 2790 1065 rex
2831 1011 2951 1063 ait:
3006 1007 3207 1070 Venite,
3248 1005 3401 1060 bene-

1830 1108 1961 1162 dicti
1984 1105 2168 1161 Patris
2188 1107 2310 1168 mei,
2346 1103 2606 1175 possidete
2628 1112 2875 1173 paratum
2906 1100 3049 1155 vobis
3078 1115 3293 1170 regnum
3315 1099 3397 1153 ":

1831 1201 2057 1257 alterius
2091 1214 2242 1264 vero,
2296 1207 2351 1255 et
2402 1196 2677 1253 inferioris
2717 1193 2929 1250 ordinis
2971 1192 3279 1261 exemplum
3322 1188 3400 1244 illi

1831 1290 2055 1356 fuerint,
2105 1289 2171 1344 ad
2213 1304 2352 1360 quos
2384 1286 2647 1343 Dominus
2705 1282 2883 1353 inquit
2931 1301 2945 1338 :
2986 1280 3183 1335 Timete
3224 1278 3399 1344 illum,

1829 1380 1921 1450 qui
1931 1387 2236 1450 potestatem
2267 1376 2441 1441 habet,
2472 1385 2531 1429 ut
2563 1385 2908 1444 posteaquam
2938 1368 3208 1435 occiderit,
3239 1366 3400 1421 etiam

1830 1471 1885 1523 in
1909 1471 2196 1540 gehennam
2223 1467 2358 1537 ignis
2386 1464 2690 1534 conjiciat‘.
2709 1463 2890 1533 Atque
2916 1460 3024 1515 hoc
3052 1458 3286 1513 duorum
3319 1470 3404 1510 or-

1831 1560 2019 1616 diuum
2046 1558 2342 1614 discrimen
2375 1555 2620 1611 indicare
2662 1552 2794 1607 mihi
2818 1564 2913 1622 per
2935 1549 3163 1618 aetiigma
3187 1543 3404 1600 videtur

1832 1654 1950 1725 ipsa
1979 1652 2034 1707 in
2096 1649 2342 1705 numeris
2370 1643 2680 1703 diversitas.
2709 1643 2813 1711 Qui
2858 1643 2965 1697 hoc
2995 1637 3256 1710 inquam?
3294 1634 3403 1692 Sex

1830 1746 2056 1802 omnino
2093 1751 2362 1813 praecepta
2421 1746 2571 1806 sunt,
2618 1752 2713 1809 per
2751 1750 2873 1806 quae
2914 1746 3142 1803 regnum
3178 1735 3405 1799 paratur

1833 1837 1923 1901 iis,
1953 1836 2046 1907 qui
2098 1835 2167 1890 ad
2216 1833 2465 1889 dextram
2506 1829 2864 1884 collocantur.
2899 1823 3219 1879 Statuamus
3259 1817 3403 1888 apud

1831 1925 2387 1997 animum,quodlibet
2404 1925 2598 1977 horum
2618 1935 2740 1976 esse
2760 1920 3022 1973 talentum
3048 1914 3177 1968 illud
3209 1910 3401 1975 herile,

1830 2021 1974 2091 quod
2010 2016 2337 2088 negotiando
2361 2013 2549 2069 cilicia
2571 2013 2715 2066 bono
2739 2024 2803 2064 ac
2836 2007 2982 2063 ﬁdeli
3006 2004 3212 2060 l'amulo
3241 2001 3404 2058 decu-

1832 2113 1922 2184 plo
1949 2109 2183 2178 amplius
2209 2105 2486 2169 convenit,
2516 2111 2575 2157 ut
2610 2102 2714 2156 hoc
2736 2099 2897 2155 modo
2919 2098 2974 2152 in
3010 2094 3268 2166 gaudium
3299 2092 3407 2147 Do-

1829 2204 1964 2261 mini
1989 2202 2074 2259 sui
2114 2198 2471 2270 ingrediatur,
2510 2201 2762 2264 repertus
2807 2191 2863 2244 in
2897 2188 3108 2259 exiguis
3130 2184 3325 2248 ﬁdelis,
3348 2189 3405 2237 et

1832 2302 2120 2369 propterea
2171 2289 2359 2345 multis
2408 2284 2721 2358 praefectus.
2764 2279 2822 2336 Si
2856 2292 2989 2350 ergo
3031 2292 3127 2348 per
3166 2275 3284 2332 hinc
3308 2288 3402 2330 sex

1789 2449 1795 2453 ,
1830 2367 2102 2461 praecepta
2147 2382 2300 2453 regni
2337 2379 2519 2435 anima
2566 2376 2625 2431 iit
2655 2375 2951 2446 particeps,
2985 2380 3040 2427 et
3080 2370 3135 2425 in
3157 2367 3405 2441 quolibet

1831 2456 2028 2536 borum
2056 2480 2300 2545 quaestus
2341 2484 2408 2525 ac
2444 2465 2745 2538 negotiatio
2775 2461 3016 2534 perfecta
3039 2469 3142 2527 est,
3173 2456 3404 2514 manda-

1832 2578 1949 2625 tum
1984 2568 2164 2637 ipsum
2213 2560 2371 2633 quasi
2393 2557 2703 2628 decuplare,
2735 2550 3195 2625 quemadmodum
3224 2549 3403 2604 bonus

1833 2661 1924 2716 ille
1950 2672 2143 2716 servus
2175 2655 2271 2718 ait,
2303 2664 2470 2708 unum
2503 2647 2620 2705 heri
2650 2646 2736 2704 sui
2767 2644 3029 2700 talentum
3058 2640 3246 2697 decem
3268 2639 3407 2693 alio-

1833 2766 1953 2808 rum
1979 2749 2303 2803 talentorum
2356 2742 2570 2797 lucrum
2606 2734 2967 2807 acquisivisse
2998 2747 3011 2784 :
3038 2738 3407 2786 consentanea

1834 2840 2069 2915 quadam
2125 2836 2337 2891 ratione
2386 2830 2712 2902 reperimus,
2752 2827 2807 2882 in
2852 2823 3138 2893 sexaginta
3185 2818 3405 2890 reginas

1835 2910 1999 2991 unam
2055 2931 2204 2985 illam
2249 2937 2566 2981 excrescere
2606 2936 2622 2974 :
2668 2932 2789 2989 qua:
2835 2930 2932 2986 per
2971 2910 3405 2984 decuplationem

153 3008 364 3072 σιλείας
395 3010 849 3080 παραδεχθείσανσ
883 3012 959 3077 ὡς
991 3013 1191 3077 πολλὰς
1216 3011 1471 3087 εἶναιτὴν
1507 3018 1634 3088 μίαν
1653 3020 1729 3092 τῷ

1869 3043 1926 3083 ex
1972 3018 2350 3078 mandatorum
2394 3014 2449 3068 in
2491 3010 2640 3082 regni
2683 3008 2998 3065 societatem
3043 3001 3294 3058 venerit:
3329 2999 3405 3054 ita

150 3101 482 3173 πολυτρόπῳ
512 3103 820 3174 χαρακτῆρι
852 3104 959 3158 τῶν
1007 3105 1235 3160 ἐντολῶν
1281 3109 1727 3180 ὲμμερισθεῖσαν,

151 3192 250 3246 καὶ
274 3192 489 3264 ἑκάστῳ
510 3194 617 3247 τῶν
641 3196 1078 3267 κατορθωμάτων
1103 3197 1411 3264 ἰδιαζόντως
1437 3205 1733 3274 ἐμμορφω-

152 3282 364 3338 θεῖσαν.
389 3284 573 3348 Οὕτως
590 3282 683 3340 οὗν
707 3288 785 3351 εἰς
807 3286 1066 3359 ἐξήκοντα
1090 3289 1367 3359 βασιλίδας
1389 3294 1422 3363 ἡ
1451 3293 1547 3363 μία
1569 3312 1733 3350 κατα-

154 3375 461 3446 μερίζεται,
505 3377 640 3448 πρὸς
668 3378 733 3433 τά
777 3379 891 3449 είδη
936 3379 1045 3434 τῶν
1082 3382 1309 3435 ἐντολῶν
1350 3383 1729 3457 διαιρουμένηο

153 3467 251 3520 καὶ
281 3468 491 3536 γίνεται
538 3470 790 3533 κοινωνὸς
836 3472 933 3544 τῆς
974 3472 1068 3527 τοῦ
1111 3472 1347 3546 Χριστοῦ
1395 3474 1669 3545 βασιλείας
1698 3480 1732 3549 ὴ

153 3558 369 3630 νύμφη,
420 3559 588 3631 δῆμος
628 3559 912 3631 βασιλίδων
949 3565 983 3634 ἠ
1034 3564 1133 3635 μία
1178 3566 1539 3638 γεγενημένη,
1587 3569 1735 3640 ἡδιὰ

152 3648 430 3793 ζοσούτων
455 3648 565 3703 τῶν
591 3652 731 3706 κατὰ
760 3651 861 3717 τὰς
901 3652 1120 3718 ἐντολὰς
1144 3653 1469 3726 ἀξιωμάτων
1494 3656 1735 3730 ἀριθμη-

194 3743 339 3793 εἶσα.

194 3757 339 3796 εισα.

231 3943 296 4019 Εἰ
321 3942 380 3995 δὲ
402 3941 502 4013 τὴν
532 3942 695 4007 ἑξάδα
724 3942 834 3998 τῶν
861 3944 1088 3998 ἐντολῶν
1113 3945 1171 3999 ὲν
1203 3946 1302 4017 μιᾷ
1329 3945 1469 4001 κατὰ
1490 3947 1551 4000 τὸ
1581 3946 1740 4001 δεκα-

158 4033 390 4086 πλάσιον
411 4033 817 4105 γεωργηθεῖσαν
837 4035 1014 4106 ψυχὴν
1047 4035 1136 4090 διὰ
1158 4036 1267 4090 τῶν
1295 4037 1558 4109 ἑξήκοντα
1588 4038 1742 4109 βασι-

156 4126 321 4179 λίδων
341 4125 701 4196 σημαίνεσθαι
721 4126 788 4179 δι’
813 4127 1151 4198 αἰνίγματος,
1177 4130 1278 4182 οὐκ
1296 4129 1399 4196 ἔξω
1419 4131 1510 4184 τοῦ
1534 4132 1740 4197 εἰκότος

159 4216 576 4286 ὑπενοήσαμενο
616 4215 923 4281 ἀκολούθως
951 4217 1046 4272 καὶ
1073 4217 1161 4272 διὰ
1183 4219 1291 4274 τῶν
1322 4221 1650 4292 ὀγδοήκοντα
1680 4223 1742 4277 τὸ

1832 3129 1893 3175 ut
1921 3115 2103 3170 multa:
2126 3109 2239 3166 sint
2273 3120 2381 3161 una
2407 3104 2496 3159 illa
2530 3117 2627 3173 per
2651 3098 3005 3170 multiplicem
3025 3093 3404 3149 mandatorum

1832 3211 2208 3267 characterem
2253 3198 2450 3261 divisa,
2476 3201 2530 3252 et
2586 3195 2638 3249 in
2678 3192 2922 3264 quolibet
2959 3202 3121 3258 opere
3146 3183 3408 3256 praeclaro

1831 3299 2183 3373 peculiariter
2242 3293 2392 3348 velut
2447 3302 2725 3360 expressa.
2776 3283 2893 3338 lloc
2951 3281 3116 3351 igitur
3144 3276 3307 3332 modo
3347 3275 3407 3331 in

1833 3372 2117 3464 sexaginta
2175 3386 2397 3457 reginas
2444 3397 2554 3437 una
2594 3377 2879 3441 dividitur,
2913 3372 3213 3430 secundum
3252 3384 3408 3425 man-

1831 3462 2080 3540 datorum
2112 3477 2321 3547 species
2344 3471 2602 3529 distincta
2634 3474 2687 3523 et
2708 3474 3022 3529 numerata;
3060 3462 3239 3532 sitque
3278 3475 3406 3530 par-

1831 3575 2008 3644 ticeps
2072 3568 2227 3640 regni
2260 3564 2467 3622 Christi
2504 3574 2730 3631 sponsa,
2772 3555 2933 3628 quasi
2979 3554 3130 3609 natio
3156 3551 3404 3622 quaedam

1833 3668 2142 3739 reginarum
2172 3660 2341 3722 facta,
2366 3670 2489 3725 qua:
2517 3651 2673 3722 prius
2728 3663 2838 3703 una
2874 3656 3013 3710 erat,
3044 3644 3172 3699 dum
3195 3658 3291 3713 per
3329 3650 3410 3699 tot

1835 3735 2124 3829 dignitates
2184 3748 2398 3805 ratione
2444 3742 2826 3800 mandatorum
2875 3735 3214 3794 numerando
3248 3735 3410 3806 quasi

1834 3846 2254 3918 multiplicatur.

1905 3958 2024 4015 Jam
2055 3958 2101 4015 si
2134 3956 2279 4012 hunc
2296 3952 2676 4010 mandatorum
2700 3945 2976 4004 senarium
3006 3956 3115 3999 una
3139 3942 3195 3996 in
3226 3940 3409 3995 anima

1838 4053 1986 4110 velut
2021 4049 2297 4107 excultum
2326 4045 2391 4099 ad
2424 4042 2716 4114 decuplum
2751 4052 2949 4108 usque,
2980 4049 3075 4106 per
3104 4033 3225 4088 illas
3246 4045 3408 4086 sexa-

1836 4144 1986 4217 ginta
2041 4142 2257 4212 reginas
2297 4137 2662 4209 inaznigmate
2703 4129 3001 4203 signiﬁcari
3036 4141 3145 4182 non
3183 4137 3411 4195 prorsus

1842 4215 2079 4290 absurde
2124 4228 2487 4298 coniecimus,
2542 4220 2904 4279 consimiliter
2941 4215 3103 4273 etiam
3136 4228 3233 4283 per
3267 4217 3415 4266 octo-

158 4307 261 4375 τῆς
285 4305 509 4376 Ὀγδόης
539 4309 835 4379 μυστήριον
863 4308 1300 4381 παραδηλοῢσθαί
1329 4313 1621 4383 φαμένδιά
1644 4313 1737 4367 τοῦ

1869 4326 1992 4393 ginta
2034 4320 2331 4391 signiﬁcari
2381 4312 2800 4373 obscuriuscule
2833 4307 3154 4379 mysterium
3199 4301 3415 4358 Octava:

162 4397 353 4468 ὁμοίου
396 4398 751 4470 αἰνίγματος·
798 4400 935 4471 πρὸς
980 4401 1047 4473 ἢν
1085 4401 1369 4471 βλέποντες
1397 4406 1448 4457 oi
1485 4405 1564 4476 τῷ
1592 4406 1740 4478 φόὸῳ

1869 4384 2275 4471 iicimususimili
2321 4407 2557 4480 quodam
2592 4404 2899 4474 aenigmate,
2927 4398 2993 4452 ad
3023 4410 3185 4466 quam
3240 4391 3415 4462 respi-

164 4488 695 4560 παιδαγωγούμενοι,
746 4490 847 4561 τῆς
877 4491 987 4547 τῶν
1029 4493 1213 4546 κακῶν
1243 4495 1525 4559 κοινωνίας
1552 4496 1743 4567 ἀπείρ-

165 4595 377 4647 γονται.
409 4578 593 4642 Οὕτως
618 4579 728 4650 γὰρ
758 4582 815 4634 ὲν
854 4584 971 4645 ταῖς
999 4580 1337 4654 ψαλμῳδίαις
1370 4584 1663 4655 ἐμάθομεν,
1687 4587 1745 4638 ὲν

167 4664 254 4733 αἶς
284 4669 652 4740 προτέτακται
682 4670 770 4724 διὰ
797 4670 896 4741 τῆς
925 4673 1236 4744 ἐπιγραφῆς
1254 4675 1288 4744 ἡ
1311 4674 1522 4745 ὐγδόησ
1555 4693 1745 4745 μαστι-

167 4761 450 4831 γουμένων
478 4761 535 4814 δὲ
572 4761 830 4833 ἄντικρύς
866 4763 1001 4815 εἰσιν
1028 4764 1085 4817 αἱ
1119 4766 1314 4833 φωναὶ,
1345 4764 1423 4835 τῷ
1452 4765 1601 4837 φόϐῳ
1635 4764 1745 4820 τῶν

168 4851 539 4922 ἐλπιζομένων
591 4854 671 4917 εἰς
715 4853 862 4907 ἔλεον
909 4854 1008 4924 τὴν
1055 4855 1224 4926 ἀκοὴν
1282 4856 1745 4928 ὲπικάμπτουσαι.

166 4943 306 5011 Φησὶ
328 4941 440 5013 γὰρ
460 4943 594 5013 πρὸς
614 4946 707 4996 τὸν
730 4944 957 5014 φοϐερὸν
982 4943 1172 5016 κριτὴν
1192 4947 1221 4999 ὁ
1248 4947 1384 5015 πρὸς
1402 4946 1499 5017 τὴν
1525 4948 1749 5019 Ὀγδόην

171 5032 415 5102 βλέπων*
452 5034 649 5100 Κύριε,
674 5033 758 5103 μὴ
797 5033 878 5099 τῷ
909 5033 1072 5104 θυμῷ
1094 5050 1209 5089 σου
1246 5035 1500 5108 ἐλέγξῃς
1519 5055 1614 5106 με,
1634 5056 1749 5107 μη-

172 5124 241 5179 δὲ
264 5124 341 5195 τῇ
377 5124 524 5195 ὀργῇ
544 5140 660 5181 σου
695 5126 1025 5195 παιδεύσῃς
1051 5143 1148 5196 με.
1188 5128 1480 5195 Ἐλέησόν
1501 5146 1597 5198 με,
1632 5131 1751 5184 Κύ-

166 5235 286 5287 ριε,
320 5217 409 5271 ὅτι
437 5217 702 5285 ἀσθενής
738 5222 854 5289 εἰμι
878 5237 891 5250 σ
926 5220 1097 5274 ἴασαι
1130 5236 1228 5290 με,
1275 5221 1471 5289 Κύριε,
1508 5221 1592 5275 ὅτι
1618 5222 1749 5277 ἐτα-

168 5311 370 5381 ράχθη
398 5311 471 5365 τὰ
497 5310 647 5367 ὀστᾶ
684 5328 824 5379 μου.
856 5311 968 5365 Καὶ
1000 5311 1100 5364 ὅσα
1136 5312 1201 5365 ἐκ
1230 5311 1321 5366 τοῦ
1355 5311 1646 5367 ἀκολούθου
1670 5313 1748 5385 τῷ

173 5404 456 5474 ἀδεκάστῳ
475 5405 633 5475 κριτῇ
662 5402 748 5457 διὰ
768 5405 867 5474 τῆς
900 5403 1176 5475 ἱκετηρίας
1212 5403 1564 5475 προτείνεται,
1591 5406 1648 5458 ὲν
1666 5400 1747 5471 οἷς

173 5496 269 5551 καὶ
298 5495 360 5550 τὸ
399 5495 477 5567 μὴ
506 5490 644 5549 εἶναι
683 5492 821 5549 Θεοῦ
862 5494 1078 5566 μνήμην
1106 5496 1163 5548 έν
1202 5494 1279 5563 τῷ
1315 5495 1528 5565 θανάτῳ
1559 5494 1743 5566 ὀδύρεο

248 5671 296 5708 "
330 5671 514 5729 Matth.
550 5690 674 5739 xxv,
707 5674 795 5731 54.
872 5672 889 5704 ¹
926 5670 1055 5727 Luc.
1094 5684 1191 5737 xit,
1216 5670 1267 5725 5.
1326 5673 1343 5703 ¹
1370 5670 1513 5730 Psal.
1543 5687 1612 5739 γι,
1637 5673 1671 5726 2
1696 5687 1814 5743 sqq.

1844 4508 2052 4563 cientes
2075 4503 2153 4558 illi
2179 4503 2273 4573 qui
2306 4507 2455 4555 metu
2491 4495 2664 4561 ducti,
2707 4491 2974 4547 malorum
2993 4502 3023 4542 a
3046 4486 3306 4542 societate
3332 4496 3415 4536 ar-

1844 4606 2055 4654 centur.
2086 4595 2200 4650 lloc
2216 4594 2361 4649 enim
2390 4606 2458 4646 ex
2483 4587 2710 4660 psalmis
2761 4579 3265 4639 animadvertimus.
3294 4575 3417 4645 qui-

1846 4690 1950 4746 bus
1997 4688 2052 4743 in
2100 4683 2458 4755 inscriptione
2500 4678 2794 4751 praeﬁgitur
2828 4674 3046 4731 Octava:
3092 4684 3290 4725 nomen
3318 4684 3334 4730 ;
3365 4673 3419 4722 et

1847 4795 2009 4836 voces
2041 4778 2172 4849 ipsae
2194 4783 2323 4832 sunt
2345 4787 2574 4846 prorsus
2601 4783 2791 4826 eorum
2822 4766 2916 4836 qui
2947 4772 3092 4819 metu
3108 4761 3417 4815 futurorum

1848 4872 2115 4927 malorum
2151 4869 2307 4940 quasi
2354 4865 2717 4937 ﬂagellantur,
2763 4857 3005 4927 adeoque
3035 4853 3104 4908 ad
3128 4850 3419 4907 commise-

1847 4962 2112 5016 rationem
2136 4939 2296 5013 aures
2323 4955 2569 5012 ﬂectunt.
2603 4953 2694 5006 Ait
2721 4949 2865 5006 enim
2912 4944 3208 5001 terribilem
3240 4939 3306 4995 ad
3334 4939 3423 5009 ju-

1848 5052 2024 5106 dicem
2060 5051 2129 5115 is,
2161 5049 2255 5119 qui
2304 5046 2374 5102 ad
2413 5045 2672 5102 Octavam
2696 5039 2922 5111 respicit
2953 5052 2968 5089 :
3001 5033 3238 5097 Domine,
3279 5030 3422 5101 nexin

1846 5139 2027 5208 furore
2064 5147 2153 5192 tuo
2187 5152 2379 5207 arguas
2410 5151 2508 5199 me,
2535 5148 2696 5203 neque
2732 5132 2789 5185 in
2832 5132 2917 5183 ira
2947 5136 3041 5181 tua
3079 5122 3423 5191 castigaveris

1852 5247 1951 5285 me.
1968 5228 2218 5285 Miserere
2238 5229 2335 5283 mei
2344 5267 2358 5291 ,
2388 5226 2628 5291 Domine,
2642 5226 2768 5293 quia
2782 5220 2969 5277 debitis
2995 5234 3111 5274 sum
3127 5233 3147 5273 .'
3163 5231 3298 5272 sana
3321 5230 3422 5279 mc,

1854 5320 2097 5383 Domine,
2121 5321 2248 5391 quia
2300 5316 2618 5373 conturbata
2664 5323 2786 5370 sunt
2833 5329 2957 5368 ossa
2994 5326 3112 5365 mea
3143 5311 3186 5365 ⁸.
3213 5306 3426 5374 Quibus

1855 5412 1993 5468 adde
2015 5419 2211 5466 cn-tera
2252 5422 2591 5481 quaecunque
2614 5406 2873 5476 deinceps
2901 5404 3225 5470 incorrupto
3249 5396 3429 5469 iudici

1856 5500 2216 5573 supplicando
2238 5499 2492 5572 proponit
2512 5517 2527 5554 :
2550 5498 2695 5553 inter
2717 5502 2913 5552 caetera
2935 5493 3228 5564 deplorans
3259 5487 3425 5545 etiam
