3756 5988
349 197 488 253 1115

1572 196 1630 252 S.
1670 193 2000 254 GREGORII
2029 195 2323 254 NYSSENI

3457 199 3593 257 ms

346 307 471 374 hoc,
489 303 634 376 quod
666 303 719 360 in
770 311 945 361 morte
982 304 1132 361 nulla
1160 304 1258 362 Dei
1302 305 1375 362 sit
1410 307 1744 363 recordatio.
1777 306 1913 362 Nam

2090 327 2123 361 ι.
2156 306 2282 371 Πῶς
2330 305 2438 378 γὰρ
2464 305 2531 361 ἂν
2571 306 2657 377 εῖη
2681 305 2903 362 δυνατὸν
2950 310 3064 372 τοῖς
3106 308 3370 382 κλαυθμῷ
3400 327 3463 364 τε
3505 317 3592 369 καὶ

344 399 439 468 qui
474 397 591 454 ﬁeri
622 396 817 468 possit,
852 409 911 453 ιιι
937 397 974 452 ii
1002 398 1095 467 qui
1146 398 1214 453 ad
1262 398 1526 468 ejulatum
1576 406 1631 453 et
1674 399 1919 453 dentium

344 488 633 545 stridorem
688 488 1037 545 condemnati
1094 500 1247 559 sunt,
1308 506 1375 545 ex
1409 491 1789 545 recordatione
1826 488 1920 544 Dei

346 582 584 637 laetitiam
613 580 957 650 percipiant?
989 579 1123 634 Nam
1153 582 1263 636 alio
1295 582 1349 637 in
1384 582 1504 637 loco
1535 580 1801 651 Propheta
1832 581 1921 635 di-

343 672 440 737 cit,
474 670 909 724 recordationem
940 668 1031 724 Dei
1064 671 1306 726 ltetitiam
1329 672 1571 728 excitare
1590 672 1632 726 ³.
1665 670 1789 726 llaec
1818 671 1923 741 igi-

342 767 435 811 tur
462 765 517 811 et
544 758 651 811 alia
687 758 1000 827 hujusmodi
1040 759 1150 815 Deo
1181 776 1494 831 proponens
1539 762 1605 825 is,
1636 762 1729 831 qui
1763 760 1919 816 Octa-

343 861 465 899 vam
498 847 711 912 metuit,
752 848 970 902 tandem
1018 851 1187 905 sentit
1220 866 1278 906 se
1330 851 1721 907 misericordiae
1753 852 1920 922 parti-

343 937 521 1003 cipem
544 935 682 1000 ﬁeri,
724 951 849 991 cum
884 937 990 992 ait:
1015 936 1275 992 Exaudiit
1300 956 1472 994 vocem
1494 941 1733 1009 ploratus
1751 942 1852 995 mei
1876 941 1918 996 ‘.

345 1022 482 1078 Cum
534 1035 717 1080 autem
767 1028 926 1081 multi
990 1029 1152 1084 utiles
1188 1039 1366 1086 metus
1409 1032 1583 1087 sacris
1626 1033 1677 1085 in
1702 1031 1920 1088 Litteris

345 1115 715 1180 declarentur,
772 1126 891 1172 esto
930 1119 984 1173 in
1018 1119 1107 1175 his
1133 1121 1320 1190 etiam,
1381 1133 1438 1177 ut
1467 1123 1691 1193 perinde
1724 1139 1788 1178 ac
1823 1140 1920 1179 sex

347 1206 440 1260 illa
470 1206 720 1261 mandata
745 1223 918 1277 usque
963 1210 1027 1264 ad
1057 1211 1348 1281 decuplum
1386 1222 1729 1277 excrescant,
1760 1216 1833 1268 ita
1863 1224 1921 1269 ut

346 1295 394 1351 is
422 1295 514 1366 qui
547 1312 609 1350 ex
631 1294 968 1353 Psalmorum
1000 1300 1139 1355 libro
1164 1302 1439 1368 didicerit,
1458 1321 1566 1375 quo
1596 1316 1752 1376 pacto
1772 1315 1920 1361 recte

346 1385 471 1456 quis
530 1384 699 1441 Deum
735 1398 972 1455 metuat,
1009 1392 1267 1448 nimirum
1310 1395 1643 1452 deﬂectendo
1683 1413 1712 1451 a
1753 1398 1915 1463 malo,

350 1487 406 1534 et
438 1479 687 1535 faciendo
734 1483 975 1536 bonum'
1008 1502 1020 1537 :
1048 1484 1137 1538 hic
1160 1499 1288 1555 ergo
1340 1502 1452 1541 rem
1508 1488 1677 1543 divini
1715 1496 1914 1556 metus,

346 1572 506 1643 quasi
564 1572 856 1641 quamdam
917 1574 1002 1627 vel
1048 1576 1275 1639 minam,
1316 1577 1400 1631 vel
1441 1577 1725 1641 talentum,
1754 1594 1919 1648 nego-

347 1640 535 1718 tiando
561 1640 743 1717 decies
769 1664 1089 1733 ampliorem
1111 1665 1326 1720 ellieiat.
1354 1667 1473 1734 Quo
1497 1668 1605 1733 ﬁet,
1638 1640 1917 1725 utanima
1951 1640 1991 1696 Β

346 1752 530 1807 locum
571 1770 601 1807 a
634 1755 818 1824 regina
853 1755 1453 1823 secundum-obtinens,
1490 1774 1610 1829 quae
1640 1767 1784 1815 metu
1807 1776 1916 1815 non

346 1845 639 1900 dilectione
692 1847 839 1914 quod
872 1847 1077 1901 bonum
1112 1856 1195 1903 est
1231 1847 1381 1913 facit,
1410 1850 1476 1904 ad
1507 1851 1915 1921 octogenarinm

347 1951 523 2005 usque
577 1948 867 1991 numerum
925 1947 1237 2006 excrescat,
1299 1941 1597 2010 quamlibet
1679 1944 1915 2012 speciem

345 2040 561 2090 eorum,
603 2040 723 2095 quae
754 2040 820 2079 ex
863 2034 1008 2081 metu
1050 2037 1197 2083 recte
1228 2027 1384 2094 ﬁunt,
1427 2030 1711 2087 inconfuse
1738 2046 1802 2087 ac
1834 2031 1920 2086 di-

347 2114 548 2168 stincte
598 2114 1001 2181 demonstrans,
1034 2114 1277 2187 adeoque
1313 2117 1405 2173 hic
1432 2127 1625 2175 octava
1657 2136 1784 2175 cum
1826 2121 1919 2176 de-

347 2205 509 2275 cuplo
567 2205 1038 2275 multiplicabitur,
1073 2223 1245 2278 eaque
1282 2211 1495 2265 ratione
1537 2210 1648 2276 illa,
1693 2226 1815 2281 quae
1853 2226 1919 2265 ex

346 2303 494 2349 metu
531 2296 781 2350 servilem
809 2297 864 2350 in
898 2296 1143 2365 modum,
1174 2315 1282 2353 non
1322 2315 1391 2354 ex
1438 2315 1626 2355 amore
1662 2316 1918 2370 sponsam

347 2382 575 2438 decente
619 2384 686 2437 ad
738 2385 938 2439 bonum
987 2387 1220 2453 accedit,
1255 2389 1563 2443 concubina
1609 2405 1708 2459 pro
1732 2392 1921 2460 regina

349 2472 452 2540 sit;
511 2489 609 2543 per
654 2482 858 2530 metum
892 2474 1126 2543 Octavae,
1151 2495 1309 2548 quem
1339 2479 1406 2534 ad
1429 2482 1718 2551 decuplum
1751 2497 1922 2551 usque

348 2564 467 2620 suis
501 2567 807 2623 actionibus
870 2569 1243 2639 ampliﬁcavit,
1275 2570 1341 2624 ad
1379 2588 1666 2627 numerum
1704 2581 1924 2643 octoge-

348 2658 563 2712 narium
591 2674 764 2729 usque
782 2661 1125 2729 perveniens.
1154 2660 1330 2731 Atque
1360 2662 1502 2717 hanc
1532 2663 1919 2729 concubinam,

348 2751 415 2805 ad
451 2761 662 2822 tempus
691 2755 907 2823 aliquod
945 2758 1152 2828 spurio,
1192 2774 1301 2813 non
1345 2758 1582 2830 ingenuo
1612 2768 1773 2829 partu
1801 2776 1922 2815 mo-

347 2853 463 2894 rem
496 2840 626 2896 hero
648 2858 748 2897 suo
771 2859 1068 2913 gerentem,
1104 2846 1309 2901 dictum
1360 2848 1493 2904 illud
1525 2850 1770 2904 historiae
1802 2864 1925 2920 per—

2021 397 2252 470 βρυγμῷ
2290 397 2861 470 καταδεδικασμένοις,
2886 399 2986 471 τὴν
3020 401 3086 454 ὲκ
3120 400 3219 473 τῆς
3255 402 3479 474 μνήμης
3503 402 3591 455 τοῦ

2019 488 2153 542 Θεοῦ
2198 487 2534 560 εὐφροσύνην
2578 488 2925 557 ὲγγίνεσθαις
2965 490 3153 555 Οὕτως
3188 490 3434 556 εἰπόντος
3479 493 3594 546 ἑτέ-

2022 578 2154 649 ρωθι
2185 576 2279 632 τοῦ
2310 579 2618 649 Προφήτου,
2647 578 2728 632 ὃτι
2758 581 2791 650 ἡ
2823 581 3011 651 μνήμη
3044 578 3289 638 τοῦθεοῦ
3327 582 3594 653 εὐφροσύ-

2019 688 2116 742 νην
2147 672 2308 724 ποιεῖ.
2344 668 2527 723 Ταῦτα
2557 665 2650 723 οὖν
2674 671 2766 723 καὶ
2802 669 2937 725 ἀλλα
2966 670 3193 725 τοιαῦτά
3214 689 3337 726 τινα
3381 689 3596 743 προτει-

2018 758 2241 827 νόμενος
2265 759 2294 811 ὁ
2320 755 2568 819 δεδοικὼς
2596 757 2692 827 τὴν
2721 758 2963 828 Ὀγδόην,
2999 758 3058 810 ὲν
3098 758 3348 830 αἰσθήσει
3374 762 3474 829 τῆς
3498 760 3591 814 τοῦ

2018 848 2199 910 ἐλέους
2225 847 2431 917 γίνεται
2465 848 2747 918 μετουσίας
2772 847 2943 917 λέγων
2966 867 2978 878 ·
3000 849 3083 902 ὅτι
3119 842 3463 916 Εισήκουσε
3483 850 3593 919 τῆς

2018 938 2223 1009 φωνῆς
2268 939 2373 993 τοῦ
2417 939 2725 1009 κλαυθμοῦ
2766 958 2906 1009 μου.
2943 940 3160 995 Πολλῶν
3201 942 3261 995 δὲ
3306 943 3591 1014 μακαρίων

2019 1029 2198 1099 φόϐων
2224 1029 2327 1082 ὑπὸ
2347 1030 2443 1100 τῆς
2470 1031 2631 1098 ἀγίας
2657 1031 2997 1102 δηλουμένων
3019 1032 3263 1104 Γραφῆς,
3293 1033 3379 1105 εἴη
3407 1034 3474 1088 ἂν
3501 1036 3594 1089 καὶ

2018 1120 2112 1172 ἐπὶ
2139 1119 2341 1171 τούτων
2369 1118 2639 1187 ἀναλόγως
2667 1123 2785 1183 ταῖς
2807 1120 2867 1185 ἒξ
2890 1121 3143 1188 ἐντολαῖς,
3169 1125 3202 1193 ή
3233 1125 3325 1177 ἐπὶ
3351 1125 3411 1177 rb
3432 1126 3596 1178 δεκα-

2019 1207 2242 1262 πλάσιον
2268 1206 2491 1279 αὔξησις
2509 1225 2523 1239 ·
2546 1208 2685 1262 ὥστε
2709 1210 2801 1262 τὸν
2828 1211 3142 1282 διδαχθέντα
3166 1215 3316 1285 παρά
3336 1214 3597 1284 τῆςιψαλ-

2021 1299 2244 1369 μῳδίας,
2269 1300 2384 1363 πῶς
2413 1299 2767 1372 κατορθοῦται
2799 1304 2828 1353 ὁ
2851 1303 2943 1356 τοῦ
2969 1305 3173 1375 Κυρίου
3195 1306 3376 1376 φόϐος,
3406 1310 3473 1360 ἐκ
3498 1308 3593 1360 τοῦ

2017 1392 2260 1446 ἐκκλῖναι
2296 1393 2391 1463 μὲν
2422 1392 2529 1445 ἀπὸ
2569 1393 2761 1458 κακοῦ,
2807 1398 2980 1449 ποιεῖν
3007 1397 3061 1449 δὲ
3106 1399 3175 1453 τὰ
3218 1399 3430 1467 ἀγαθά·
3480 1394 3594 1453 οἷόν

2016 1500 2136 1537 τινα
2165 1485 2320 1554 μνᾶν,
2361 1483 2394 1553 ἢ
2423 1483 2704 1548 τάλαντον,
2730 1484 3156 1542 δεκαπλασιάσαι
3179 1489 3269 1541 διὰ.
3294 1490 3396 1560 τῆς
3420 1493 3590 1559 ὲργα-

2019 1575 2140 1639 σίας
2166 1575 2227 1627 rb
2264 1575 2449 1646 χρῆμα
2478 1574 2573 1628 τοῦ
2604 1575 2747 1629 θείου
2783 1577 2967 1645 φόϐου.
3008 1579 3118 1631 Καὶ
3145 1579 3316 1642 οὕτως
3344 1583 3443 1649 τὴν
3474 1580 3596 1634 δευ-

2018 1664 2346 1736 τερεύουσαν
2376 1666 2514 1736 μετὰ
2541 1666 2637 1738 τὴν
2668 1666 2912 1737 βασιλίδα
2937 1666 3112 1739 ψυχὴν
3144 1667 3179 1736 ἢ
3202 1670 3350 1740 φόϐῳ
3378 1672 3471 1723 καὶ
3495 1673 3595 1724 οὐκ

2018 1755 2205 1826 ἀγάπῃ
2250 1754 2311 1807 rb
2367 1755 2526 1810 καλὸν
2573 1755 2990 1828 κατεργάζεται,
3032 1758 3168 1828 πρὸς
3220 1758 3311 1811 τὸν
3360 1759 3597 1831 ἀριθμὸν

2019 1844 2127 1899 τῶν
2160 1845 2489 1916 ὁγδοήκοντα
2528 1846 2915 1918 πλατυνθῆναι,
2944 1848 3169 1902 ἕκαστον
3200 1843 3336 1912 εἶδος
3369 1849 3477 1901 τῶν
3508 1849 3598 1902 διὰ

2018 1935 2180 2006 φόϐου
2210 1936 2656 2007 κατορθουμένων
2682 1939 2773 1992 ἐπὶ
2789 1937 2883 1991 τοῦ
2915 1938 3030 2009 βίου
3055 1938 3251 2009 ἑαυτῆς
3272 1938 3598 2009 ἀσυγχύτως

2016 2045 2073 2081 τε
2104 2028 2197 2083 καὶ
2224 2029 2652 2100 ἀκεκρυμμένως
2676 2030 3021 2084 δεικνύουσα·
3049 2030 3124 2094 ὡς
3154 2031 3248 2083 καὶ
3276 2031 3369 2083 ἐπὶ
3393 2030 3599 2101 ταύτης

2016 2119 2116 2190 τῆς
2152 2120 2340 2190 ὀγδόης
2371 2120 2546 2188 λόγον,
2579 2122 2645 2191 τῇ
2694 2121 2829 2191 πρὸς
2860 2121 2919 2175 rb
2961 2120 3320 2175 δεκαπλάσιον
3369 2121 3599 2192 αὐξήσει

2020 2211 2513 2282 συμπλατυνθῆναι,
2536 2210 2629 2264 καὶ
2652 2210 2904 2278 γενέσθαι
2924 2211 3073 2281 φόϐῳ
3088 2210 3341 2282 δουλικῷ,
3359 2212 3454 2265 καὶ
3477 2211 3601 2281 οὐχὶ

2016 2300 2177 2371 ἔρωτι
2208 2300 2461 2371 νυμφικῷ
2507 2301 2585 2371 τῷ
2618 2301 2804 2371 ἀγαθῷ
2852 2302 3338 2373 προσεγγίζουσαν,
3384 2302 3597 2356 παλλα-

2018 2394 2118 2464 κὴν
2147 2393 2267 2446 ἀντὶ
2295 2394 2390 2464 τῆς
2417 2392 2701 2464 βασιλίδος
2724 2393 2811 2447 διά
2837 2393 2928 2447 τὸν
2956 2393 3054 2463 τῆς
3074 2393 3299 2465 ὐγδόης
3331 2392 3519 2462 φόϐον,
3541 2392 3599 2446 δν

2016 2483 2389 2547 δεκαπλασίως
2422 2484 2479 2536 ὲν
2516 2486 2625 2547 τοῖς
2653 2483 3067 2555 κατορθώμασιν
3099 2484 3355 2556 ηὔξησεν,
3396 2486 3479 2547 είς
3507 2484 3598 2537 τὸν

2018 2575 2246 2647 ἀριθμὸν
2291 2575 2644 2629 συντελοῦσαν
2694 2574 2803 2629 τῶν
2852 2576 3200 2646 ὁγδοήκοντα.
3236 2578 3338 2628 Ἦν
3386 2574 3598 2629 κελεύει

2019 2666 2115 2719 καὶ
2146 2670 2174 2720 ό
2214 2668 2308 2737 τῆς
2346 2666 2582 2737 ἱστορίας
2624 2665 2780 2735 λόγος
2809 2665 2968 2737 νόθῳ,
3005 2666 3342 2738 προσκαίρῳ,
3370 2667 3464 2719 καὶ
3495 2667 3597 2718 οὐκ

2020 2758 2227 2825 εὐγενεῖ
2249 2758 2392 2828 τόκῳ
2432 2759 2870 2828 ὑπηρετήσασαν,
2905 2757 2979 2829 μὴ
3024 2759 3288 2812 συνοικεῖν
3331 2758 3411 2820 είς
3439 2757 3597 2818 τέλος

2021 2851 2086 2919 τῇ
2122 2848 2374 2918 βασιλίδι·
2405 2847 2479 2911 ὡς
2508 2849 2608 2901 οὐκ
2639 2848 2805 2919 οὔσης
2830 2850 2894 2903 ἐκ
2921 2848 3015 2902 τοῦ
3042 2849 3157 2902 ίσου
3179 2849 3280 2919 τῆς
3311 2847 3597 2918 βασιλικῆς

348 2938 513 2999 petuo
544 2946 666 2985 cum
727 2936 912 3003 regina
945 2936 1142 3006 degere
1185 2938 1379 2993 iisdem
1417 2940 1469 2993 in
1496 2939 1708 2996 aedibus
1733 2948 1918 3008 vetat;

2093 2939 2383 3011 ηρονομίας
2408 2942 2471 3011 τῇ
2502 2939 2719 3011 δουλικῇ
2744 2942 2874 3011 γονῇ
2906 2940 3043 3012 πρὸς
3080 2940 3171 2994 τὸν
3202 2939 3487 3034 ἐλεύθερον
3509 2938 3599 3034 rd-

349 3020 494 3088 quod
521 3023 735 3079 servilis
771 3023 913 3080 fetus
944 3027 1009 3080 ad
1038 3027 1405 3082 [nereditatem
1431 3030 1584 3098 regni
1613 3045 1736 3085 cum
1770 3030 1918 3100 inge-

2090 3047 2146 3083 ιν.
2172 3028 2429 3081 Ἔκϐαλε
2442 3024 2569 3095 γάρ,
2587 3026 2738 3096 φησι,
2752 3025 2868 3095 τὴν
2888 3024 3218 3093 παιδίσκην
3234 3025 3331 3078 καί
3345 3024 3453 3078 τὸν
3464 3025 3604 3080 υἱὸν

358 3126 469 3164 nuo
516 3121 673 3180 partu
708 3113 828 3181 ejus
866 3131 963 3186 par
1020 3132 1129 3170 non
1187 3118 1404 3171 habeat.
1460 3117 1680 3186 Ejicito,
1726 3118 1918 3187 inquit,

2090 3116 2237 3188 irﬁc.
2263 3117 2463 3186 Οὑτὰρ
2479 3116 2563 3187 μὴ
2596 3115 3021 3186 κληρονομήσῃ
3045 3120 3078 3172 ό
3117 3116 3247 3183 υίὸς
3275 3116 3385 3185 τῆς
3405 3117 3602 3170 παιδί-

351 3200 600 3252 ancillam
631 3210 679 3254 et
717 3203 885 3269 [ilium
908 3205 1043 3271 ejus.
1066 3204 1177 3260 Nec
1203 3208 1342 3260 enim
1379 3207 1591 3260 ancilla:
1618 3207 1761 3276 ﬁlius
1804 3224 1918 3261 cum

2090 3228 2185 3277 mc
2192 3208 2343 3280 μετὰ
2365 3207 2469 3262 τοῦ
2490 3209 2621 3263 υἱοῦ
2638 3208 2747 3277 τῆς
2772 3208 3107 3277 ἐλευθέρας.
3123 3210 3186 3261 Ei
3205 3209 3264 3262 δέ
3291 3225 3399 3262 τινι
3427 3208 3601 3279 βιαιο-

348 3293 587 3360 ingenua
614 3291 728 3362 ﬁlio
760 3293 1116 3349 Im'redilalem
1148 3296 1313 3351 adibit
1344 3301 1384 3353 ⁸.
1423 3298 1579 3364 Quod
1614 3298 1657 3353 si
1687 3299 1775 3352 cui
1812 3298 1918 3353 haec

2090 3318 2155 3373 ρα
2210 3300 2456 3369 φαίνεται
2505 3301 2539 3371 ἡ
2587 3301 2667 3363 είς
2712 3299 2805 3353 τὸν
2849 3300 3203 3371 προκείμενον
3248 3303 3358 3364 τοῖς
3413 3300 3599 3372 ῥητοῖς

350 3401 704 3441 numerorum
748 3387 802 3441 in
834 3390 1134 3459 propositis
1170 3391 1352 3446 verbis
1384 3390 1755 3446 consideratio
1810 3406 1918 3446 non

2090 3372 2253 3461 .mpr
2283 3389 2500 3462 θεωρία,
2524 3372 2922 3463 ἀναμνησθήτω
2954 3392 3035 3445 ὅτι
3062 3392 3154 3445 καὶ
3187 3393 3305 3445 κατ’
3336 3391 3513 3462 ἀρχάς
3538 3390 3600 3443 rb

350 3476 486 3529 nihil
512 3492 632 3532 esse
655 3479 910 3544 violenta,
938 3483 1206 3553 quasique
1230 3490 1371 3537 torta
1395 3482 1643 3549 videtur;
1680 3484 1726 3539 is
1757 3484 1917 3538 velim

349 3567 450 3620 sibi
497 3579 713 3625 revocet
750 3572 803 3624 in
858 3583 1116 3634 mentem,
1153 3575 1223 3629 ab
1252 3574 1413 3629 initio
1451 3590 1552 3629 nos
1584 3581 1920 3644 protestatos

348 3672 492 3723 esse,
524 3672 628 3714 non
662 3676 820 3730 posse
848 3661 1135 3724 veritatem
1179 3679 1281 3720 nos
1318 3665 1376 3718 in
1433 3665 1538 3719 hoc
1590 3679 1787 3734 genere
1835 3678 1922 3718 as-

2028 3483 2102 3553 μὴ
2133 3481 2386 3535 δύνασθαι
2416 3483 2597 3552 τυχεῖν
2621 3482 2716 3552 τῆς
2745 3483 2802 3536 ὲν
2830 3481 3038 3546 τούτοις
3066 3481 3318 3553 ἀληθείας
3351 3482 3597 3552 ἐμαρτυ-

2027 3571 2255 3642 ράμεθα,
2291 3569 2541 3623 τοσοῦτον
2576 3571 2734 3642 μόνον
2767 3570 3027 3641 ἅψασθαι,
3059 3573 3182 3627 ὅσον
3227 3573 3303 3644 μὴ
3342 3572 3597 3643 ἀγύμνα-

2031 3677 2132 3714 στα
2164 3659 2283 3714 καθ’
2315 3659 2434 3713 ὅλου
2468 3661 2843 3732 παραδραμεῖν
2862 3663 2932 3717 τὰ
2962 3664 3275 3733 αἰνίγματα.

351 3753 529 3821 sequi,
583 3768 648 3808 ac
687 3764 974 3826 propterea
1029 3758 1110 3813 sic
1139 3759 1420 3830 attigimus
1454 3758 1571 3814 haec
1615 3762 1924 3830 aeriigmata,
1966 3763 2024 3810 ut
2079 3770 2149 3811 ne
2200 3770 2429 3827 prorsus
2488 3756 2641 3811 nullo
2673 3757 2926 3828 impenso
2971 3758 3153 3814 studio
3222 3757 3599 3830 praetermitte-

350 3852 556 3900 rentur.

436 3935 541 3990 Sed
582 3944 759 3992 tamen
817 3939 864 3994 si
917 3938 1141 3993 dilectio
1194 3939 1675 4010 (quemadmodum
1715 3938 1918 3993 alicubi

352 4029 714 4099 perscriptum
766 4030 870 4096 est)
910 4032 1068 4100 plane
1113 4032 1331 4087 tandem
1388 4039 1589 4086 metum
1638 4032 1821 4101 ejiciat
1873 4031 1918 4094 ',

353 4127 707 4189 mutatusque
760 4128 935 4176 metus
977 4122 1197 4176 dilectio
1237 4123 1365 4189 ﬁat;
1416 4131 1529 4178 tum
1577 4137 1709 4178 vero
1739 4122 1919 4177 unitas

2090 3935 2239 4006 Πλὴν
2284 3935 2333 3988 εί
2366 3931 2470 3999 ἔξω
2512 3933 2663 4005 βάλοι
2693 3935 2785 3989 τὸν
2828 3935 2992 4005 φόϐον
3036 3937 3070 4008 ή
3115 3937 3301 4009 ἀγάπη
3353 3940 3596 4005 τελείως,

2019 4023 2161 4080 κατά
2204 4023 2265 4078 rb
2311 4026 2712 4095 γεγραμμένον,
2749 4026 2842 4078 καὶ
2895 4026 3281 4098 μεταποιηθεὶς
3333 4029 3362 4081 ό
3412 4029 3597 4098 φόϐος,

2021 4115 2210 4185 ἀγάπη
2240 4114 2484 4183 γένοιτο’
2532 4115 2655 4169 τότε
2697 4114 3009 4186 εὑρίσκεται
3042 4114 3207 4187 μονάς
3251 4116 3313 4170 rb
3352 4118 3596 4190 σωζόμε-

350 4225 476 4267 esse
517 4211 817 4281 reperietur
848 4212 921 4277 id,
954 4211 1096 4282 quod
1130 4213 1363 4270 salutem
1392 4215 1770 4285 consequitur,
1798 4228 1918 4268 om-

2090 4226 2132 4272 ν,
2161 4208 2217 4259 ὲν
2249 4208 2315 4277 τῇ
2350 4207 2487 4276 πρὸς
2537 4206 2595 4259 rb
2635 4206 2791 4277 μόνον
2834 4206 3035 4275 ἀγαθὸν
3078 4207 3345 4278 συμφυῖα,
3378 4209 3598 4263 πάντων

353 4303 514 4358 nibus
544 4303 686 4359 inter
714 4320 773 4360 se
800 4305 970 4360 unitis
1007 4306 1064 4359 in
1114 4306 1580 4377 conglutinatione
1635 4321 1758 4359 cum
1810 4320 1921 4360 uno

352 4408 416 4448 ac
446 4395 562 4448 solo
591 4395 756 4460 bono,
795 4411 891 4465 per
922 4396 1067 4449 illam
1122 4412 1243 4467 quae
1277 4397 1330 4451 in
1366 4396 1614 4451 columba
1632 4403 1716 4451 est
1745 4395 1923 4466 perfe-

351 4483 607 4537 ctionem.
627 4483 759 4538 Nam
785 4486 1096 4554 hujnsmodi
1120 4488 1376 4557 quiddam
1399 4504 1465 4542 ex
1489 4488 1667 4541 verbis
1691 4501 1925 4556 sequen-

352 4574 500 4629 tibus
525 4576 902 4646 intelligimus,
932 4592 1057 4632 cum
1091 4579 1167 4633 ait
1196 4596 1209 4634 :
1246 4578 1362 4633 Una
1390 4588 1467 4634 est
1498 4578 1737 4632 columba
1788 4595 1923 4645 mea,

350 4662 581 4732 perfecta
609 4682 740 4720 mea.
780 4664 945 4721 Unica
972 4678 1050 4722 est
1075 4670 1233 4722 matri
1266 4685 1397 4732 sure,
1459 4670 1622 4723 electa
1681 4669 1766 4723 illi
1808 4685 1925 4739 quae

350 4757 543 4820 peperit
571 4773 706 4811 eam.
741 4759 916 4827 Atque
941 4760 1045 4813 hoc
1074 4760 1127 4813 in
1153 4759 1443 4831 Evangelio
1477 4776 1572 4831 per
1596 4776 1779 4816 vccem
1811 4760 1918 4815 Do-

349 4845 481 4898 mini
519 4846 679 4901 nobis
710 4846 979 4903 illusrius
1013 4848 1347 4903 declaratur.
1381 4847 1591 4903 Etenim
1625 4850 1716 4903 ille
1749 4849 1920 4904 bene-

349 4934 583 4991 dicendo
609 4938 713 4991 vim
738 4954 953 4992 onmem
984 4937 1272 5008 discipulis
1305 4938 1421 4995 suis
1451 4939 1761 5004 conl'erens,
1794 4954 1918 4994 cum

348 5027 455 5087 alia
511 5028 649 5081 bona
700 5030 882 5085 verbis
922 5029 1054 5091 illis,
1109 5029 1309 5099 quibus
1356 5029 1423 5083 ad
1454 5028 1667 5085 Patrem
1722 5030 1918 5094 utitur,

348 5116 542 5172 tribuit
567 5119 746 5190 dignis
771 5140 785 5175 :
814 5130 927 5175 tum
950 5120 1114 5176 etiam
1147 5120 1297 5175 addit
1331 5121 1454 5185 hoc,
1483 5122 1627 5192 quod
1648 5122 1916 5177 bonorum

350 5217 515 5277 caput
563 5224 627 5265 ac
657 5228 869 5266 summa
902 5223 1007 5276 est,
1045 5227 1155 5267 non
1201 5212 1437 5283 amplius
1465 5206 1647 5267 eos'in
1693 5211 1921 5267 diversi-

352 5305 466 5353 tate
496 5301 728 5369 quadam
768 5303 1120 5365 electionum,
1153 5303 1530 5373 multipliciter
1565 5302 1773 5357 divisos
1807 5301 1921 5355 fore

356 5387 412 5442 in
437 5386 687 5447 faciendo
724 5391 792 5447 de
824 5394 969 5449 bono
990 5394 1200 5463 judicio
1221 5436 1235 5461 ,
1279 5394 1375 5451 sed
1404 5410 1596 5450 omnes
1638 5410 1807 5449 unum
1839 5393 1922 5447 fu-

2022 4298 2267 4369 ἀλλήλοις
2318 4296 2642 4363 ἑνωθέντων,
2676 4297 2764 4350 διά
2805 4298 2905 4368 τῆς
2936 4298 3078 4352 κατὰ
3119 4298 3217 4369 τὴν
3266 4301 3597 4373 περιστερὰν

2020 4388 2369 4458 τελειότητος.
2403 4384 2655 4440 Τοιοῦτον
2694 4389 2802 4458 γάρ
2832 4404 2885 4440 τι
2921 4387 3145 4458 νοοῦμεν
3178 4389 3242 4441 ὲκ
3271 4388 3367 4441 τοῦ
3401 4390 3597 4461 ἑφεξῆς

2021 4480 2200 4548 λόγου,
2226 4481 2284 4543 ὃς
2315 4495 2477 4549 φησιν
2498 4493 2509 4505 ·
2543 4478 2625 4531 ὅτι
2653 4479 2771 4531 Μία
2798 4478 2931 4532 ἐστὶ
2968 4477 3288 4546 περιστερά
3329 4497 3472 4549 μου.
3503 4498 3596 4535 τε·

2021 4571 2155 4625 λεία
2180 4587 2319 4639 μου.
2359 4567 2481 4622 Μία
2511 4566 2643 4621 ἐστὶ
2683 4567 2758 4636 τῇ
2813 4568 2995 4639 μητρὶ
3024 4568 3234 4637 αὐτῆς.
3275 4570 3595 4639 ἐκλεκτική

2023 4661 2153 4714 ἐστι
2191 4656 2267 4729 τῇ
2306 4659 2567 4726 τεκούσῃ
2610 4657 2822 4724 αὑτήν.
2857 4659 3032 4731 Ὅπερ
3077 4660 3134 4712 ὲν
3164 4659 3241 4728 τῷ
3279 4660 3596 4730 Εὐαγγελίῳ

2024 4749 2108 4804 διὰ
2142 4749 2242 4819 τῆς
2265 4748 2357 4801 τοῦ
2390 4747 2592 4819 Κυρίου
2643 4748 2825 4819 φωνῆς
2858 4749 3183 4819 σαφέστερον
3208 4748 3593 4819 ἑρμηνεύεται.

2024 4842 2209 4895 Πᾶσαν
2238 4840 2347 4910 γάρ
2377 4841 2491 4901 τοῖς
2519 4838 2784 4908 μαθηταῖς
2811 4838 3005 4892 ἑαυτοῦ
3032 4839 3484 4910 ὲναποτιθέμενος
3508 4838 3595 4894 διὰ

2022 4935 2121 5005 τῆς
2168 4933 2414 5001 εὐλογίας
2442 4933 2690 5000 δύναμιν,
2712 4932 2785 4989 τά
2810 4949 2871 4985 τε
2910 4930 3044 4986 ἄλλα
3079 4930 3167 4984 διὰ
3197 4929 3304 4983 τῶν
3335 4929 3475 5000 πρὸς
3506 4930 3596 4983 τὸν

2025 5027 2243 5099 Πατέρα
2270 5026 2445 5096 λόγων
2475 5026 2654 5095 ἀγαθά
2685 5028 2798 5089 τοῖς
2829 5024 3003 5093 ἁγίοις
3034 5021 3337 5095 χαρίζεται,
3373 5022 3599 5093 προστίο

2026 5117 2148 5188 θησι
2178 5117 2234 5171 δὲ
2272 5117 2380 5171 τῶν
2402 5115 2618 5186 ἀγαθῶν
2652 5115 2712 5169 rb
2747 5114 3058 5183 κεφάλαιον,
3085 5112 3144 5165 rb
3172 5112 3369 5182 μηκέτι
3399 5111 3600 5173 αὐτοὺς

2024 5211 2082 5262 έν
2107 5209 2333 5279 διαφορᾷ
2377 5226 2479 5262 τινι
2518 5205 2886 5279 προαιρέσεων
2915 5205 2973 5256 ὲν
3016 5205 3079 5275 τῇ
3113 5202 3241 5273 περὶ
3284 5200 3381 5254 τοῦ
3431 5198 3599 5254 καλοῦ

2025 5300 2204 5371 κρίσει
2237 5299 2476 5368 πολλαχῇ
2507 5294 2907 5367 διασχίζεσθαιο
2946 5294 3061 5349 ἀλλ’
3088 5294 3145 5346 ἓν
3180 5290 3439 5361 γενέσθαι
3474 5292 3600 5352 τοὺς

2026 5391 2251 5456 πάντας,
2278 5387 2357 5459 τῷ
2400 5389 2481 5442 ἐνὶ
2523 5388 2615 5442 καὶ
2648 5386 2793 5458 μόνῳ
2819 5383 3007 5456 ἀγαθῷ
3050 5383 3428 5454 συμφυένταφ
3458 5379 3600 5433 ὥστε

437 5566 460 5599 ⁸
491 5564 635 5619 Psal.
669 5580 851 5633 Lxxvi,
883 5569 935 5621 ι.
1011 5570 1035 5602 ⁸
1066 5570 1211 5625 Psal.
1240 5588 1313 5637 vl,
1340 5574 1392 5628 9.
1469 5575 1490 5606 ⁸
1520 5571 1664 5627 Psal.
1694 5586 1888 5635 XXXIII,

2090 5570 2104 5602 '
2135 5570 2269 5627 Gen.
2293 5584 2404 5633 ut,
2440 5566 2538 5634 10;
2579 5564 2698 5622 Gal.
2723 5579 2797 5631 tv,
2833 5562 2922 5619 ‘50.
2998 5562 3061 5616 "l
3102 5558 3258 5616 Joan.
3294 5574 3372 5623 tv,
3403 5559 3491 5614 i8.
