3756 5988
75 251 215 306 ΗΠ

1107 249 1171 302 ΙΝ
1223 247 1520 303 CANTICA
1546 246 1817 304 CANTIC.
1852 247 2135 305 HOMILIA
2175 250 2289 306 XV.

3189 249 3326 305 “~18

71 362 161 418 διὰ
191 363 297 433 τῆς
329 361 424 414 τοῦ
463 363 776 431 Ηνεύματος
817 361 908 414 τοῦ
956 363 1111 430 ἁγίου
1158 363 1426 433 ὲνότητος,
1479 379 1550 416 κα

1843 378 1935 429 υς,
1967 365 2060 418 uni
2098 363 2173 418 illi
2216 377 2280 418 ac
2311 361 2413 418 soli
2449 361 2592 416 bono
2629 362 2994 433 agglutinatos
3020 382 3032 418 :
3057 363 3131 418 lta
3154 373 3209 418 ut
3233 379 3326 427 per

73 470 242 524 φησιν
278 454 311 505 ὁ
354 451 693 516 Ἀπόστολος,
724 451 800 521 τῷ
848 451 1127 523 συνδέσμῳ
1167 452 1268 521 τῆς
1298 454 1518 522 εἰρήνης
1544 451 1661 504 δια·

75 542 472 613 σφιγχθέντας,
509 543 566 594 ἓν
590 543 747 612 σῶμα
779 541 1025 609 γενέσθαι
1053 543 1178 605 τοὺς
1219 544 1446 605 πάντας,
1481 541 1572 594 καὶ
1603 543 1662 594 ἓν

76 630 326 700 πνεῦμα,
352 631 440 684 διὰ
461 633 589 701 μιᾶς
618 631 827 695 ἐλπίδος
845 633 922 695 είς
949 631 1015 701 ἢν
1035 629 1363 701 ἐκλήθησαν.
1386 630 1601 683 Βέλτιον
1615 631 1660 683 δ’

76 720 139 774 ἂν
168 721 257 792 εῐη
305 722 482 786 αὑτὰς
510 723 602 776 ἐπὶ
644 722 840 787 λέξεως
873 722 1210 793 παραθέσθαι
1264 722 1362 785 τὰς
1391 722 1539 784 θείας
1566 719 1659 774 τοῦ

77 812 421 878 Εὑαγγελίου
447 814 647 882 φωνάς.
679 814 801 867 Ἵνα
822 815 1042 879 πάντες
1067 813 1136 866 ἓν
1158 808 1310 868 ὦσιν
1333 812 1525 877 καθὼς
1553 812 1656 876 σὺ,

78 902 295 971 Πάτερ,
334 904 408 958 ὲν
445 905 593 975 ἐμοὶ,
642 904 802 974 κάγὼ
831 906 902 958 ἐν
930 905 1032 959 σοι
1053 921 1068 937 ο
1093 904 1193 958 ἵνα
1231 905 1330 958 καὶ
1374 904 1542 958 αὐτοὶ
1591 902 1662 956 ἓν

76 988 205 1047 ὦσι.
245 994 325 1046 Τὺ
353 994 412 1047 δὲ
454 995 756 1048 συνδετικὸν
786 996 884 1066 τῆς
927 995 1177 1065 ἑνότητος
1215 995 1438 1066 ταύτης,
1467 997 1500 1065 ἡ
1535 993 1660 1058 δόξα

79 1082 196 1134 ὲστί
219 1100 232 1112 ·
267 1083 434 1148 δόξαν
466 1084 521 1137 δὲ
547 1084 794 1153 λέγεσθαι
822 1085 882 1138 τὸ
922 1084 1146 1155 Πνεῦμα
1178 1086 1238 1138 τὸ
1263 1085 1439 1152 ἅγιον,
1469 1086 1568 1138 οὐκ
1595 1086 1659 1139 ἄν

76 1191 160 1237 τις
198 1174 316 1229 τῶν
351 1177 775 1246 ὲπεσκεμμένων
801 1177 1062 1239 ἀντείποι,
1098 1175 1233 1245 πρὸς
1259 1175 1427 1238 αὐτὰς
1451 1175 1658 1244 βλέπων

75 1262 174 1325 τὰς
209 1264 312 1316 τοῦ
355 1266 560 1336 Κυρίου
585 1251 788 1335 ἶρωνάς.
824 1264 944 1332 Τὴν
973 1263 1161 1328 δόξαν
1188 1263 1316 1334 γὰρ,
1365 1263 1547 1333 φησὶν,
1580 1261 1660 1329 ἢν

74 1350 312 1418 ἔδωκάς
331 1371 458 1422 μοι,
480 1354 706 1408 δέδωκα
728 1355 950 1419 αὐτοῖς.
982 1353 1189 1406 Ἔδωκε
1215 1351 1322 1422 γὰρ
1345 1353 1420 1416 ὡς
1444 1352 1658 1422 ἀληθῶς

75 1443 188 1502 τοίς
231 1442 507 1512 μαθηταῖς
530 1443 781 1513 τοιαύτην
807 1442 982 1507 δόξαν,
1010 1445 1038 1495 ό
1058 1440 1224 1495 εἰπὼν
1265 1442 1401 1512 πρὸς
1426 1441 1620 1504 αὐτούς
1641 1458 1655 1472 ⁹

76 1531 306 1586 Λάϐετε
335 1533 580 1601 Πνεῦμα
601 1537 787 1604 ἅγιον.
820 1534 1014 1588 Ἐλαὸε
1040 1536 1097 1588 δὲ
1133 1535 1331 1605 ταύτην
1359 1533 1456 1604 τὴν
1477 1533 1655 1599 δόξαν,

78 1624 146 1692 ἣν
173 1623 415 1676 πάντοτε
446 1619 560 1694 εἶχε
588 1625 692 1694 πρὸ
713 1624 805 1677 τοῦ
835 1625 924 1677 τὸν
963 1625 1166 1694 κόσμον
1195 1621 1352 1686 εἶναι,
1377 1626 1404 1677 ὁ
1440 1626 1538 1694 τὴν
1565 1625 1656 1677 ἀν-

79 1709 367 1781 θρωπίνην
397 1712 559 1782 φύσιν
590 1712 1064 1782 περιϐαλλόμενος,
1094 1710 1162 1784 ἦς
1197 1711 1543 1784 δοξασθείσης
1569 1711 1656 1765 διὰ

79 1801 172 1853 τοῦ
193 1799 536 1869 Πνεύματος,
572 1804 662 1855 ἐπὶ
686 1805 793 1856 πᾶν
817 1803 876 1855 τὸ
917 1805 1171 1871 συγγενὲς
1199 1807 1232 1875 ἡ
1263 1806 1360 1874 τῆς
1387 1805 1542 1875 δόξης
1564 1803 1655 1856 τοῦ

80 1893 218 1944 Πνεύ
229 1910 406 1961 ματος
428 1894 657 1957 διάδοσις
681 1895 904 1964 γίνεται,
941 1898 1048 1951 ἀπὸ
1080 1897 1186 1950 τῶν
1218 1897 1473 1968 μαθητῶν
1494 1897 1659 1968 ἀρξα-

83 1979 243 2050 μένη.
276 1982 378 2034 Διά
413 1980 570 2034 τοῦτό
608 1999 770 2054 φησι·
818 1984 934 2052 Τὴν
961 1984 1148 2050 δόξαν
1176 1985 1256 2054 ἣν
1281 1985 1509 2051 ἔδωκάς
1530 2003 1655 2054 μοι,

79 2073 314 2127 δέδωκα
327 2072 552 2138 αὐτοῖς.
563 2073 691 2129 Ἵνα
707 2069 856 2128 ὤση⁸
873 2074 962 2141 ἓν,
978 2077 1173 2141 καθὼς
1188 2077 1356 2146 ἡμεῖς
1366 2076 1435 2130 ἓν
1450 2077 1655 2146 ἐσμεν.

93 2167 241 2236 Ἐγὼ
261 2167 336 2220 ἐν
359 2167 580 2232 αὐτοῖς,
617 2167 714 2219 καὶ
737 2167 817 2220 σὺ
846 2166 916 2219 ἐν
942 2167 1089 2235 ἐμοὶ,
1119 2167 1218 2218 ἵνα
1241 2160 1353 2219 ὦσι
1375 2169 1660 2219 τετελειω-

76 2259 249 2326 μένοι
293 2261 386 2321 είς
410 2258 476 2311 τὸ
640 2257 698 2310 '0
727 2257 902 2310 τοίνυν
933 2259 995 2309 ὲκ
1032 2256 1130 2325 μὲν
1172 2257 1363 2326 νηπίου
1407 2257 1542 2327 πρὸς
1567 2255 1660 2310 ἄν·

78 2349 180 2419 δρα
207 2349 420 2402 τέλειον
455 2347 776 2418 ἀναδραμὼν
808 2346 896 2400 διὰ
935 2348 1034 2419 τῆς
1063 2347 1360 2417 αὐξήσεως,
1399 2347 1491 2398 καὶ
1525 2344 1659 2414 φθάο

82 2459 180 2503 σας
210 2443 294 2503 είς
323 2440 386 2492 τὸ
411 2440 604 2508 μέτρον
626 2440 722 2508 τῆς
750 2439 947 2509 νοητῆς
973 2439 1210 2509 ἡλικίας,
1235 2439 1299 2490 ὲκ
1327 2437 1382 2489 δὲ
1412 2437 1509 2507 τῆς
1547 2435 1660 2489 δού-

80 2532 177 2601 λης
202 2549 265 2584 τε
311 2532 406 2582 καὶ
440 2533 537 2598 τῆς
569 2529 888 2592 παλλακίδος
930 2527 1027 2598 τὴν
1068 2529 1165 2598 τῆς
1207 2526 1478 2596 βασιλείας
1505 2524 1658 2589 ἀξίαν

86 2623 442 2695 μεταλαϐώνο
487 2621 732 2684 δεκτικὸς
775 2621 832 2673 δὲ
877 2622 974 2691 τῆς
1019 2620 1113 2672 τοῦ
1156 2615 1467 2688 Πνεύματος
1500 2619 1659 2689 δόξης

81 2715 377 2783 γενόμενος
397 2711 465 2764 δι’
499 2710 762 2774 ἀπαθείας
795 2712 886 2764 καὶ
918 2709 1304 2780 καθαρότητος,
1329 2702 1484 2773 οὗτός
1515 2711 1658 2764 ἐστιν

84 2807 116 2872 ἡ
149 2801 332 2856 τελεία
365 2800 682 2870 περιστερὰ,
727 2799 862 2869 πρὸς
891 2800 955 2868 ἢν
982 2800 1009 2850 ό
1037 2797 1266 2866 νυμφίος
1303 2797 1408 2867 ὁρᾷ
1453 2797 1654 2864 λέγων’

83 2891 163 2942 ὅτι
193 2891 316 2943 Μία
339 2887 469 2941 ἐστὶ
490 2886 808 2956 περιστερά
821 2904 962 2955 μου,
993 2887 1194 2939 τελεία
1220 2901 1364 2955 μου.
1386 2886 1505 2938 Mla
1527 2885 1657 2938 ἐστι

1765 457 2027 510 unitatem
2053 455 2232 511 sancti
2265 455 2494 525 spiritus
2519 452 3000 526 (quemadmodum
3031 454 3326 524 Apostolus

1762 547 1857 618 ait)
1879 547 2028 616 pacis
2051 547 2331 600 constricti
2358 560 2524 610 nexu,
2548 557 2746 612 corpus
2773 558 2940 596 unum
2966 543 3095 597 [iant
3111 558 3322 606 omnes,

1761 647 1815 713 et
1845 654 1990 694 unus
2028 638 2277 708 spiritus,
2322 651 2418 707 per
2467 651 2614 705 spem
2656 650 2840 698 unam,
2872 634 2926 688 in
2955 648 3116 704 quam
3148 635 3324 687 vocati

1761 732 1870 787 sint
1901 732 1942 784 ⁸.
1980 730 2270 786 Enimvero
2334 730 2540 784 rectius
2583 727 2910 790 fecerimus,
2961 726 3008 780 si
3058 725 3125 779 de
3161 726 3327 778 verbo

1761 824 1827 878 ad
1860 824 2085 878 verbum
2115 825 2262 891 ipsas
2285 821 2559 889 Evangelii
2582 819 2796 874 divinas
2813 833 2945 874 sane
2970 832 3132 872 voces
3160 831 3327 886 appo-

1759 915 2051 970 suerimus.
2093 911 2157 965 Ut
2185 928 2380 975 omnes,
2417 909 2614 979 inquit,
2671 909 2774 962 sint
2801 905 3326 976 unum,quemadmo—

1759 1008 1883 1059 dum
1916 1015 1991 1067 tu,
2033 1005 2105 1058 mi
2141 1003 2323 1067 Pater,
2353 1003 2407 1056 in
2435 1017 2514 1054 me
2545 1017 2619 1064 es,
2649 1008 2697 1052 et
2727 1015 2816 1068 ego
2846 999 2900 1051 in
2927 1006 2972 1051 te
3006 1014 3023 1050 :
3053 1008 3106 1048 ut
3133 1005 3182 1050 et
3221 995 3324 1064 ipsi

1760 1113 1920 1152 unum
1975 1096 2082 1149 sint
2114 1095 2167 1147 in
2206 1092 2353 1146 nobis
2381 1093 2421 1146 ⁸.
2453 1090 2626 1159 Hujus
2653 1096 2835 1141 autem
2895 1086 3122 1140 unitatis
3153 1101 3325 1141 nexus

1758 1195 1842 1243 est
1875 1185 2065 1255 gloria.
2105 1182 2364 1250 Spiritum
2387 1190 2568 1234 autem
2624 1185 2874 1234 sanctum
2905 1176 3168 1246 appellari
3213 1176 3328 1245 glo-

1758 1277 1918 1336 riam,
1953 1287 2111 1328 nemo
2135 1270 2547 1340 prudentiorum
2597 1268 2833 1335 negabit,
2863 1267 2910 1321 si
2962 1267 3080 1334 ipsa
3114 1263 3325 1318 Domini

1757 1369 1920 1422 verba
1947 1363 2265 1424 intuebitur,
2297 1375 2419 1413 cum
2453 1358 2528 1412 ait
2579 1377 2591 1412 :
2652 1357 2889 1410 Gloriam
2934 1373 3091 1425 quam
3133 1355 3327 1407 dedisti

1757 1457 1908 1518 mihi,
1966 1454 2085 1508 dedi
2127 1453 2224 1506 eis.
2285 1451 2491 1504 Revera
2535 1449 2678 1502 cnim
2738 1445 2984 1501 eamdem
3038 1445 3326 1514 discipulis

1758 1542 1986 1614 gloriam
2016 1538 2184 1599 dedit,
2209 1551 2331 1592 cum
2372 1534 2440 1588 ad
2469 1549 2564 1588 eos
2601 1533 2810 1587 diceret
2841 1550 2854 1586 :
2887 1532 3118 1598 Accipite
3157 1529 3329 1597 Spiri-

1761 1642 1870 1685 tum
1898 1639 2137 1684 sanctum
2168 1627 2232 1680 ‘°.
2267 1626 2442 1694 Atque
2463 1624 2606 1677 hanc
2640 1621 2893 1693 gloriam,
2935 1635 3096 1689 quam
3148 1627 3326 1673 tamen

1758 1736 1971 1791 semper
2000 1719 2190 1773 habuit
2221 1717 2374 1788 prius
2394 1715 2559 1771 etiam
2593 1727 2759 1784 quam
2791 1710 3028 1765 mundus
3061 1709 3152 1762 hic
3185 1709 3328 1764 exsi-

1757 1818 1945 1875 steret,
1975 1807 2183 1878 accepit
2208 1805 2263 1860 id
2285 1804 2565 1874 temporis.
2602 1816 2728 1857 cum
2750 1809 3000 1855 naturam
3032 1800 3327 1853 humanam

1757 1900 2038 1965 indueret;
2069 1912 2175 1966 qua
2203 1896 2422 1966 quidem
2462 1908 2561 1963 per
2583 1890 2850 1962 Spiritum
2883 1897 3132 1945 sanctum
3163 1888 3328 1958 glori-

1756 1991 1939 2055 ﬂcata,
1967 1986 2227 2058 quidquid
2264 1983 2389 2038 huic
2417 1988 2704 2053 cognatum
2745 1987 2829 2036 est
2858 1979 3062 2048 gloriae,
3092 1975 3327 2046 Spiritus

1757 2081 1814 2136 iit
1855 2079 2149 2150 particeps,
2208 2075 2351 2129 facto
2396 2073 2465 2127 ab
2519 2071 2786 2141 apostolis
2821 2070 2999 2123 initio.
3053 2068 3203 2121 lianc
3254 2067 3328 2121 ob

1758 2185 1981 2226 causam
2029 2168 2104 2221 ait
2136 2186 2148 2221 :
2178 2165 2417 2220 Gloriam
2445 2177 2605 2232 quant
2635 2159 2830 2214 dedisti
2855 2158 3004 2223 mihi,
3033 2158 3152 2211 dedi
3199 2158 3274 2212 eis
3306 2172 3328 2210 :

1757 2270 1813 2314 ut
1848 2259 1953 2313 sint
1989 2272 2172 2319 unum,
2208 2251 2640 2324 quemadmodum
2679 2265 2774 2303 nos
2802 2264 2965 2301 unum
2988 2263 3169 2301 sumus
3197 2262 3326 2317 :ego

1757 2351 1814 2403 in
1851 2348 1945 2413 eis,
1977 2355 2026 2400 et
2073 2354 2127 2397 tu
2160 2345 2214 2396 in
2243 2358 2321 2396 me
2369 2358 2388 2396 :
2419 2351 2476 2394 ut
2505 2341 2611 2394 sint
2660 2339 3016 2393 consummati
3049 2339 3104 2391 in
3143 2353 3326 2392 unum.

1758 2438 2119 2505 Quamobrem
2160 2434 2230 2496 is,
2277 2433 2372 2503 qui
2417 2432 2484 2486 de
2510 2445 2681 2500 puero
2712 2431 2766 2489 in
2813 2430 2990 2484 virmn
3025 2428 3327 2498 perlectum

1759 2527 2098 2600 augesceudo
2127 2526 2320 2589 evasit,
2350 2524 2417 2577 ad
2443 2535 2754 2577 mensuram
2770 2519 3106 2575 aetatisillius
3136 2534 3330 2589 perve-

1758 2622 1860 2684 nit,
1893 2635 2054 2690 quam
2088 2625 2268 2673 mente
2301 2613 2655 2684 intelligimus
2686 2631 2698 2666 :
2728 2627 2758 2667 e
2804 2610 3076 2680 mancipio
3117 2619 3168 2665 et
3197 2625 3329 2666 cou-

1759 2713 1958 2766 cubina
1983 2709 2143 2779 regiae
2173 2705 2462 2777 dignitatis
2503 2703 2774 2774 particeps
2832 2701 3010 2756 factus
3045 2708 3129 2756 est
3161 2721 3176 2756 :
3231 2701 3329 2756 de-

1759 2802 1926 2870 nique
1955 2813 2123 2868 capax
2145 2797 2329 2868 gloria:
2348 2794 2588 2865 Spiritus
2621 2794 2797 2848 sancti
2832 2808 2926 2862 per
2954 2801 3154 2848 statum
3187 2808 3216 2845 a
3245 2791 3328 2847 vi-

1761 2891 1851 2945 tiis
1880 2889 2136 2945 omnibus
2176 2888 2433 2951 alienum,
2485 2900 2687 2954 perque
2737 2885 3030 2954 puritatem
3070 2902 3082 2936 :
3114 2883 3204 2936 hic
3232 2882 3332 2951 igi-

82 2980 158 3046 τῇ
185 2979 372 3049 μητρί
404 2977 614 3046 αὐτῆς,
646 2974 963 3042 ἐκλεκτική
998 2976 1129 3028 ἐστι
1158 2973 1233 3042 τῇ
1259 2975 1523 3041 τεκούσῃ
1551 2992 1565 3026 ι

1846 2987 1960 3035 ἐει
2005 2978 2248 3049 perfecta
2303 2976 2395 3030 illa
2453 2975 2728 3037 columba,
2783 2975 2850 3028 ad
2883 2989 3044 3044 quam
3094 2989 3329 3043 sponsus

83 3069 217 3136 τήν.
251 3069 372 3121 Οὐκ
403 3065 699 3137 ἀγνοοῦμεν
732 3065 788 3119 δὲ
820 3065 1036 3128 πάντως
1067 3063 1165 3134 τὴν
1196 3065 1406 3135 μητέρα
1437 3065 1532 3135 τῆς
1564 3083 1659 3117 πε-

87 3158 367 3229 ριστερᾶς,
395 3159 459 3209 ὲκ
480 3155 573 3208 τοῦ
601 3154 812 3226 καρποῦ
835 3154 895 3207 τὸ
919 3153 1129 3225 δένδρον
1155 3155 1536 3225 γνωρίσαντες.
1575 3155 1660 3220 Ὠς

85 3250 192 3318 γὰρ
216 3248 508 3319 ἄνθρωπον
537 3246 881 3316 θεασάμενοι,
926 3245 985 3308 ἐξ
1022 3243 1305 3314 ἀνθρώπου
1334 3244 1496 3299 αὑτὸν
1521 3241 1660 3299 εἶναι

85 3340 185 3392 οὐκ
210 3336 657 3408 ἀμφιϐάλλομεν·
690 3335 831 3389 οὕτω
857 3336 952 3390 καὶ
984 3337 1080 3406 τῆς
1115 3336 1380 3407 ἐκλεκτῆς
1411 3354 1661 3408 περιστεε

88 3431 187 3498 ρᾶς
215 3430 320 3500 τὴν
352 3429 557 3499 μητέρα
595 3426 900 3497 ζητοῦντες,
925 3427 1025 3479 οὐκ
1064 3426 1229 3498 ἀλλην
1278 3427 1399 3482 τινὰ
1437 3428 1469 3498 ἢ
1516 3429 1660 3482 ὲκεί-

87 3539 183 3593 νην
217 3522 323 3591 τὴν
357 3517 680 3590 περιστερὰν
708 3518 1030 3587 ὲνοήσαμεν.
1063 3517 1154 3588 Τῷ
1183 3518 1290 3589 γὰρ
1326 3519 1500 3589 τέκνῳ
1522 3518 1660 3572 πάν-

85 3631 192 3676 τως
231 3615 268 3683 ἠ
309 3612 404 3665 τοῦ
446 3612 829 3682 γεγεννηκότος
869 3612 1242 3682 ὲπιθεωρεῖται
1287 3611 1466 3680 φύσις.
1515 3613 1663 3666 Ἐπεὶ

87 3702 180 3757 οὖν
204 3704 268 3755 τὸ
290 3701 686 3773 γεγεννημένον
720 3703 784 3755 ὲκ
804 3701 897 3755 τοῦ
923 3701 1236 3772 Πνεύματος
1257 3701 1483 3771 Πνεῦμὰ
1509 3704 1624 3755 ἐστι
1643 3720 1656 3732 ·

88 3793 392 3867 περιστερὰ
416 3793 472 3846 δὲ
508 3793 568 3846 τὸ
607 3793 790 3848 τέκνον
812 3810 824 3824 ’
883 3793 1181 3864 περιστερὰ
1212 3793 1270 3846 δὲ
1312 3793 1527 3856 πάντως
1567 3798 1660 3851 καὶ

87 3887 246 3956 ἡτοῦ
300 3886 489 3939 τέκνου
527 3886 707 3956 μήτηρ
755 3886 985 3955 ὲστὶν,ή
1033 3885 1125 3936 ἐπὶ
1174 3883 1264 3936 τὸν
1307 3885 1573 3956 Ἰορδάνην
1605 3885 1664 3948 ἐξ

87 3973 341 4046 οὐρανῶν
369 3977 708 4041 καταπτᾶσα,
744 3974 923 4038 καθὼς
969 3975 1218 4043 Ἰωάννης
1250 3974 1382 4045 φησὶ
1409 3975 1501 4027 καὶ
1524 3992 1664 4046 μαρ-

87 4070 335 4141 τύρεται.
366 4067 580 4136 Ταύτην
636 4066 1029 4137 μακαρίζουσιν
1079 4066 1135 4119 αί
1174 4066 1430 4131 νεάνιδες,
1461 4068 1663 4138 ταύτην

88 4160 307 4213 αἰνοῦσι
363 4156 632 4210 παλλακαὶ
684 4157 776 4210 καὶ
837 4155 1164 4225 βασίλισσαι.
1216 4155 1402 4218 Κοινὸς
1452 4157 1560 4228 γὰρ
1600 4160 1664 4210 ὲκ

89 4251 292 4314 παντὸς
330 4249 604 4318 τάγματος
632 4248 910 4318 πρόκειται
939 4249 1137 4312 πάσαις
1169 4253 1286 4312 ταῖς
1309 4247 1507 4320 ψυχαῖς
1542 4250 1664 4320 δρό-

1763 3071 2004 3140 respicit,
2037 3083 2158 3123 cum
2191 3068 2266 3120 ait
2327 3084 2338 3119 :
2381 3065 2498 3118 Una
2530 3073 2610 3119 est
2639 3064 2882 3118 columba
2928 3079 3064 3128 mea,
3099 3062 3331 3132 perfecta

1762 3179 1898 3216 utea.
1934 3160 2102 3214 Unica
2141 3167 2219 3213 est
2252 3158 2414 3210 matri
2455 3173 2586 3222 siue,
2619 3155 2783 3210 electa
2848 3155 2931 3209 illi
2975 3171 3090 3225 qum
3136 3154 3333 3223 peperit

1760 3269 1898 3307 eam.
1927 3250 2112 3320 Neque
2133 3264 2263 3304 vero
2295 3264 2419 3304 esse
2444 3248 2605 3303 nobis
2634 3247 2930 3302 obscurum
2958 3254 3157 3316 potest,
3187 3259 3334 3315 qum-

1761 3357 1886 3396 nam
1943 3339 2016 3396 sit
2075 3339 2340 3394 columbae
2393 3339 2541 3394 illius
2590 3348 2790 3404 mater;
2851 3353 2974 3390 cum
3030 3352 3097 3390 ex
3151 3336 3334 3390 fructu

1763 3448 2057 3503 agnoscere
2103 3431 2354 3485 arborem
2409 3430 2587 3482 liceat.
2640 3428 2710 3482 Ut
2748 3428 2895 3483 enim
2937 3429 3156 3482 homine
3209 3444 3336 3483 con-

1763 3531 1951 3594 Specto
1989 3537 2097 3575 non
2134 3520 2452 3574 dubitamus
2481 3526 2663 3573 ortum
2704 3532 2826 3572 esse
2883 3517 3033 3570 illum
3065 3519 3133 3571 ab
3167 3519 3337 3572 homi-

1761 3629 1868 3669 ne:
1906 3612 1987 3666 sic
2017 3625 2139 3664 cum
2179 3610 2364 3664 electae
2412 3607 2578 3676 hujus
2627 3605 2894 3660 columbae
2932 3612 3160 3658 matrem
3187 3621 3336 3673 qua:-

1762 3703 1958 3763 rimus,
2010 3713 2118 3752 non
2153 3697 2315 3750 aliam
2349 3694 2664 3765 quamdam,
2700 3693 2795 3748 sed
2848 3693 3154 3747 columbam
3192 3693 3334 3747 hanc

1761 3808 1885 3849 esse
1914 3789 2287 3859 intelligimus.
2313 3787 2448 3840 Nam
2480 3786 2536 3842 in
2563 3785 2673 3839 lilio
2701 3785 2944 3854 parentis
2975 3785 3204 3838 omnino
3233 3799 3334 3838 na-

1762 3893 1884 3938 tura
1922 3879 2281 3949 conspicitur.
2338 3877 2516 3943 Quare
2545 3891 2667 3930 cum
2730 3874 2806 3937 id,
2842 3873 2989 3943 quod
3027 3890 3090 3930 ex
3125 3875 3334 3943 Spiritu

1761 3972 2021 4046 gignitur,
2077 3970 2148 4025 sit
2204 3968 2472 4038 Spiritus;
2504 3973 2558 4020 et
2584 3980 2715 4020 vero
2769 3965 2878 4019 ﬁlia
2923 3980 3048 4018 cum
3079 3965 3332 4020 columba

1763 4065 1834 4120 sit
1869 4083 1879 4117 :
1917 4063 2140 4117 omnino
2180 4062 2346 4115 etiam
2389 4067 2569 4114 mater
2616 4059 2781 4127 hujus
2808 4065 2892 4112 est
2932 4057 3186 4112 columba
3218 4056 3332 4118 illa,

1763 4170 1883 4224 quae
1912 4155 1977 4209 de
2024 4154 2162 4208 cmlo
2198 4151 2266 4206 ad
2321 4150 2614 4205 Iordanem
2648 4148 2940 4214 devolavit,
2989 4149 3338 4218 quemadmo-

1764 4250 1897 4304 dum
1926 4246 2164 4302 Joannes
2199 4251 2456 4300 testatur.
2492 4241 2645 4296 llanc
2695 4241 2862 4309 igitur
2895 4239 3107 4295 felicem
3139 4239 3338 4310 praedi-

93 4359 190 4411 μος
235 4341 376 4410 πρὸς
417 4339 516 4410 τὴν
555 4338 806 4408 τοιαύτην
860 4339 1252 4410 μακαριότητα.
1310 4339 1399 4392 Διό
1459 4356 1576 4408 φαστ

1852 4347 1890 4392 ιι
1933 4335 2272 4407 juvenculte,
2326 4335 2468 4388 hanc
2526 4332 2880 4396 concubinae,
2938 4330 3079 4384 hanc
3134 4328 3335 4398 reginae.

93 4431 339 4484 Ἵδοσαν
369 4424 562 4494 αὐτὴν
617 4427 953 4495 θυγατέρες,
983 4425 1081 4498 καί
1110 4427 1512 4493 μακαριοῦσιν
1555 4427 1664 4479 αὺ-

90 4523 205 4590 τήν
224 4539 236 4550 ·
264 4518 573 4572 παλλακαὶ
593 4517 692 4571 καὶ
715 4517 1080 4581 βασίλισσαι
1102 4517 1473 4572 αὶνέσουσιν.
1501 4518 1664 4582 Φύσις

56 4680 58 4682 τ
89 4614 144 4666 δὲ
173 4611 330 4665 πᾶσά
359 4614 473 4663 ἐστι
509 4611 642 4681 πρὸς
671 4609 731 4662 τὸ
763 4609 1031 4679 μακάριόν
1059 4626 1117 4661 τε
1152 4611 1245 4663 καὶ
1277 4610 1665 4681 ἐπαινούμενον

89 4706 155 4773 τῇ
189 4700 458 4771 ἐπιθυμίᾳ
484 4699 871 4752 συντείνεσθαι.
900 4699 1062 4750 Ὥστε
1094 4701 1141 4751 εί
1183 4699 1544 4772 μακαρίζουσι
1570 4701 1665 4772 τὴν

91 4789 426 4863 περιστερὰν
459 4790 514 4842 αί
555 4789 866 4860 θυγατέρες.
911 4788 1232 4860 ἐπιθυμοῦσι
1265 4791 1479 4854 πάντως
1509 4794 1662 4862 γενέ-

93 4883 217 4936 σθαι
250 4880 572 4952 περιστεραὶ
596 4881 688 4934 καὶ
709 4875 885 4934 αὗται.
927 4881 1036 4934 Καὶ
1060 4880 1121 4932 τὸ
1147 4882 1409 4936 αἰνεῖσθαι
1439 4883 1536 4955 τὴν
1566 4902 1663 4937 πε-

95 4971 352 5043 ριστερὰν
378 4970 527 5040 παρὰ
554 4969 661 5023 τῶν
699 4969 1060 5034 παλλακίδων,
1094 4971 1388 5040 τεκμήριόν
1426 4975 1540 5026 ἐστι
1569 4973 1663 5026 τοῦ

91 5063 186 5118 καὶ
212 5061 414 5124 ταύτας
456 5060 588 5133 πρὸς
614 5059 674 5112 τὸ
701 5059 1085 5130 ὲπαινούμε-νον
1112 5059 1209 5129 τὴν
1239 5061 1473 5132 σπουδὴν
1499 5062 1660 5133 ἔχειν·

91 5155 197 5217 ἓως
225 5153 293 5206 ἂν
335 5152 552 5206 πάντων
597 5151 656 5205 ἓν
701 5151 1025 5220 γενομένων,
1059 5149 1166 5203 τῶν
1207 5150 1342 5220 πρὸς
1374 5151 1465 5204 τὸν
1501 5153 1664 5207 αὐτὸν

93 5245 298 5298 σκοπὸν
327 5243 428 5313 τῆς
461 5243 754 5313 ἐπιθυμίας
799 5242 1120 5313 βλεπόντων,
1155 5242 1423 5311 μηδεμιᾶς
1468 5243 1526 5294 ὲν
1563 5261 1667 5314 μη.

91 5337 203 5388 δενὶ
231 5335 428 5398 κακίας
459 5333 894 5404 ὑπολειφθείσης,
919 5334 1142 5404 γένηται
1171 5334 1199 5384 ὁ
1237 5332 1368 5396 Θεὸς
1395 5331 1464 5386 τὰ
1492 5335 1667 5387 πάντα

91 5428 152 5482 ἐν
193 5429 349 5491 πᾶσι,
398 5428 510 5490 τοῖς
552 5424 641 5479 διὰ
665 5428 764 5496 τῆς
803 5425 1050 5494 ὲνότητος
1083 5423 1328 5495 ἀλλήλοις
1371 5426 1428 5477 ὲν
1463 5427 1529 5495 τῇ
1573 5424 1665 5478 τοῦ

169 5602 191 5634 ⁸
235 5601 438 5672 Ephcs.
469 5617 540 5666 ιν,
575 5601 627 5654 5.
704 5601 723 5632 ⁸
751 5597 910 5654 Joan.
951 5613 1084 5667 xvu,
1111 5599 1172 5653 ‘2l
1213 5617 1332 5672 sqq.

1763 4429 2005 4483 laudant.
2055 4427 2267 4481 Etenim
2299 4423 2608 4478 communis
2633 4421 2851 4490 quidem
2897 4421 3185 4475 animabus
3217 4418 3338 4472 uni-

1764 4521 1940 4576 versis
1967 4517 2034 4571 ad
2061 4514 2453 4571 beatitudinem
2475 4511 2636 4566 talem
2661 4526 2857 4566 cursus
2881 4510 3198 4580 propositus
3228 4518 3333 4564 est.

1762 4612 2058 4680 Propterea
2115 4606 2297 4663 verbis
2360 4604 2512 4656 hisce
2561 4609 2846 4656 utuntur:
2901 4600 3156 4655 Viderunt
3182 4601 3336 4654 illaut

1766 4702 1912 4771 ﬁlice,
1947 4701 2251 4766 beatamque
2266 4693 2624 4764 pra'dicarunt
2645 4709 2802 4756 eam;
2845 4695 3040 4762 regina:
3072 4703 3121 4746 et
3145 4709 3337 4746 concu-

1769 4794 1902 4848 binaz
1932 4791 2220 4845 laudarunt
2287 4802 2422 4840 eam.
2473 4782 2676 4840 Omnes
2712 4795 2892 4838 autem
2951 4785 3033 4839 sic
3064 4799 3092 4836 a
3138 4792 3335 4838 natura

1767 4883 2066 4953 comparati
2117 4887 2264 4944 sunt,
2323 4885 2382 4932 ut
2420 4877 2716 4947 cupiditate
2766 4873 2932 4928 animi
2983 4873 3149 4936 adid,
3191 4875 3338 4943 quod

1767 4976 1984 5029 beatum
2015 4979 2099 5027 est
2131 4987 2194 5025 ac
2212 4970 2482 5034 laudatur,
2517 4966 2868 5024 contendant.
2893 4964 3256 5030 Quamobrem
3292 4964 3338 5018 si

1769 5065 2079 5121 columbam
2111 5063 2251 5116 hanc
2276 5062 2396 5116 lilia:
2420 5063 2632 5115 beatam
2671 5058 2990 5129 praedicant,
3025 5056 3250 5110 omnino
3285 5063 3340 5110 ct

1768 5159 1900 5226 ipsa:
1924 5155 2035 5208 fieri
2070 5152 2334 5208 columbae
2380 5152 2798 5219 concupiscunt.
2866 5147 3051 5202 Itidem
3105 5144 3250 5214 quod
3307 5159 3336 5198 a

1771 5245 2091 5301 Concubinis
2117 5251 2170 5298 et
2201 5242 2405 5311 reginis
2434 5241 2686 5295 columba
2712 5239 2986 5304 laudatur,
3019 5243 3341 5307 argumento

1771 5348 1876 5400 est,
1915 5339 2010 5392 has
2035 5350 2247 5405 quoque
2276 5333 2555 5387 studiosas
2583 5332 2731 5387 illius
2757 5345 2878 5386 esse
2907 5330 3051 5398 quod
3090 5329 3344 5399 praedica-

1773 5437 1904 5494 tur;
1936 5427 2108 5483 donec
2149 5423 2365 5481 tandem
2421 5423 2488 5479 iis
2508 5422 2766 5479 omnibus
2829 5437 2998 5478 unum
3033 5420 3216 5489 factis,
3247 5419 3341 5491 qui

1414 5603 1455 5633 ‘°
1487 5599 1643 5655 Joan.
1673 5616 1763 5665 xx,
1807 5600 1896 5656 ‘22.
