3756 5988
436 161 568 217 ΗΠ)

1661 166 1719 222 S.
1762 164 2087 223 GREGORII
2128 158 2426 226 NYSSENI'

3552 171 3651 226 "Si

424 277 496 332 ad
515 279 765 335 eamdem
797 279 1058 337 desiderii
1083 278 1640 352 metam‘respieiunt,
1671 291 1726 338 et
1756 284 1906 338 nulla
1944 285 1998 339 in

2110 286 2308 355 ἀγαθοῦ
2337 286 2590 356 κοινωνίᾳ
2636 286 3126 359 συγκεκραμένοιςσ
3156 286 3215 339 ὲν
3241 281 3474 356 Χριστῷ
3520 284 3652 353 Ἰησοῦ

427 369 578 425 nullo
617 370 916 427 vitiositate
968 381 1287 441 superante,
1344 372 1526 427 omnia
1555 370 1696 427 Deus
1743 374 1999 429 omnibus

2110 374 2183 445 τῷ
2215 375 2406 448 Κυρίῳ
2453 375 2627 447 ἡμῶν,
2661 370 2705 444 ᾧ
2744 379 2778 448 ἡ
2805 376 2953 443 δόξα,
2979 378 3072 430 καὶ
3101 377 3162 430 τὸ
3193 376 3426 448 κράτος,
3464 376 3539 438 είς
3562 376 3653 436 τοὶς

427 458 538 526 ﬁat,
573 469 839 532 quotquot
862 476 958 531 per
987 463 1251 519 unitatem
1307 463 1451 517 inter
1477 478 1536 519 se
1576 463 1630 517 in
1665 463 1792 518 boni
1823 466 2000 520 socie—

2107 465 2311 531 αἰῶνας
2342 467 2450 520 τῶν
2470 466 2701 522 αἰώνων.
2743 469 2935 539 Ἀμήν.

422 560 541 605 tate
569 554 901 608 coalescunt.
927 553 1094 623 quue
1116 555 1171 608 in
1201 553 1424 611 Christo
1469 552 1600 610 Jesu
1636 554 1863 610 Domino
1912 563 2103 623 nostro
2132 573 2148 610 :
2185 561 2277 613 cui
2340 560 2511 629 gloria
2575 567 2629 616 et
2686 560 2999 629 imperium,
3033 573 3180 614 nunc
3205 566 3261 614 et
3282 573 3524 629 semper,
3550 568 3595 612 et
3618 559 3659 611 iu

430 644 648 703 saeculis
685 643 936 702 inﬁnitis.
976 646 1168 702 Amen.

447 837 2559 869 ΜΞ

1867 987 2005 1041 ΤΟΥ
2039 987 2245 1042 ΔΓΙΟΥ

1428 1173 2166 1260 ΓΡΗΓΟΡΙΟΥ
2217 1172 2714 1258 ΝΥΣΣΗΣ

1214 1388 1457 1501 ΕΙΣ
1542 1387 1858 1500 ΤΗΝ
1918 1385 2889 1500 ΠΡΟΣΕΥΧΗΝ.

2041 1644 2107 1657 -ο

1364 1792 1459 1883 S.
1545 1789 2123 1883 GREGOBII
2246 1788 2753 1883 NYSSENI

1140 2031 1321 2144 DE
1405 2029 2132 2147 ORATIONE
2212 2026 2966 2145 DOMINICA.

1452 2267 1893 2325 LAURENTIO
1931 2268 2198 2326 SIFANO
2238 2267 2326 2324 IN
2337 2261 2744 2327 TERPRETE.

1037 2570 1295 2629 ORATIO
1339 2569 1383 2631 Ι.

498 2662 709 2722 Orandi
737 2661 895 2718 nobis
934 2661 1241 2718 doctrinam
1291 2665 1514 2722 divinus
1570 2681 1754 2722 sermo
1813 2666 1999 2732 tradit,

431 2769 531 2825 per
567 2767 729 2824 quam
789 2766 849 2807 se
901 2750 1081 2821 dignis
1132 2752 1419 2822 discipulis
1458 2754 1651 2809 orandi
1714 2754 2000 2810 scientiam

433 2847 678 2903 studiose
705 2860 769 2899 ac
798 2844 943 2900 serio
982 2846 1411 2915 requirentibus,
1450 2847 1725 2918 quomodo
1756 2848 2002 2903 divinum

433 2936 678 2992 auditum
710 2936 1007 2989 conciliare
1035 2950 1132 3004 per
1166 2936 1331 2990 verba
1372 2939 1641 2993 orationis
1690 2939 2000 3003 conveniat,

432 3028 676 3096 exponit.
713 3026 821 3096 Ego
869 3042 998 3080 vero
1046 3020 1261 3095 sumpta
1292 3026 1520 3082 audacia
1560 3029 1814 3099 exiguum
1847 3030 2006 3098 quid-

434 3118 559 3172 dam
594 3115 846 3184 adjiciam
876 3115 966 3176 iis.
999 3130 1119 3184 qua:
1145 3116 1348 3185 scripta
1383 3127 1532 3183 sunt,
1564 3119 1711 3188 quod
1741 3119 2002 3175 nimirum

435 3222 546 3261 non
572 3206 845 3275 quomodo
881 3221 1042 3262 orare
1075 3215 1357 3276 oporteat,
1404 3224 1647 3277 praesens
1700 3222 2004 3270 conventus

434 3295 713 3351 docendus
763 3294 856 3358 sit,
907 3296 1000 3351 sed
1034 3297 1180 3366 quod
1238 3298 1462 3352 omnino
1501 3307 1748 3369 oporteat
1804 3318 2001 3371 orare;

434 3388 580 3458 quod
618 3388 687 3442 ad
731 3387 876 3459 vulgi
937 3404 1102 3445 aures
1162 3391 1403 3445 nondum
1441 3392 1673 3449 fortasse
1725 3397 2002 3465 pervenit:

432 3477 743 3546 neglectum
775 3477 921 3532 enim
959 3479 1013 3533 in
1046 3481 1154 3534 vita
1188 3491 1353 3551 atque
1384 3483 1709 3555 aplerisque
1742 3486 2005 3542 omissum

433 3580 653 3621 sacrum
682 3567 786 3622 hoc
821 3574 876 3623 et
901 3569 1146 3624 divinum
1208 3584 1370 3641 Opus,
1407 3574 1584 3629 oratio
1632 3582 1736 3629 est.
1792 3575 1866 3631 De
1904 3577 2007 3632 hoc

434 3655 622 3725 igitur,
655 3657 800 3725 quod
839 3664 1089 3728 oporteat
1130 3660 1356 3715 omnino
1393 3662 1624 3718 orationi
1667 3664 2003 3730 incumbere,

437 3750 497 3798 ut
529 3745 705 3817 inquit
724 3747 1040 3818 Apostolus,
1068 3750 1213 3806 haud
1249 3752 1487 3807 alienum
1521 3754 1655 3807 mihi
1703 3770 1825 3811 esse
1856 3756 2008 3811 vide-

434 3843 527 3891 tur
551 3836 616 3902 ¹¹,
651 3838 905 3907 primum,
938 3847 1200 3908 quantum
1231 3840 1351 3910 ejus
1386 3841 1500 3897 ﬁeri
1517 3842 1731 3912 poterit,
1760 3846 2006 3900 oratione

439 3926 630 3982 testari
686 3936 850 3996 atque
902 3928 1138 3984 docere:
1188 3929 1384 3985 deinde
1442 3946 1572 3986 vero
1623 3932 1818 3988 divina:
1880 3937 2000 3991 voci

433 4016 655 4071 modum
690 4016 851 4070 nobis
883 4017 1195 4085 exponenti,
1231 4020 1506 4087 quomodo
1549 4020 1778 4077 Domino
1810 4039 2000 4094 preca-

433 4106 637 4160 tionem
664 4104 860 4160 oﬂ‘erre
898 4105 1111 4172 deceat,
1152 4122 1372 4176 operam
1406 4110 1556 4165 dare.
1616 4110 1782 4169 Video
1832 4117 1999 4181 enim,

434 4195 579 4264 quod
614 4194 872 4249 omnibus
913 4195 1079 4250 rebus
1119 4195 1421 4269 (caeteris)
1456 4199 1510 4252 in
1547 4204 1798 4269 prasenti
1848 4212 2004 4262 aetate

433 4282 608 4352 magis
638 4282 905 4350 studetur,
942 4298 1067 4339 eum
1100 4285 1240 4342 alius
1285 4287 1353 4342 ad
1387 4288 1533 4343 aliud
1590 4291 1829 4347 studium
1884 4297 2005 4350 ani-

434 4387 582 4425 mum
615 4375 995 4442 converterit;
1039 4377 1309 4433 orationis
1364 4396 1494 4436 vero
1531 4382 1768 4452 bonum,
1821 4388 2004 4443 studio

435 4461 538 4515 sibi
569 4462 820 4518 homines
845 4480 955 4519 non
983 4467 1203 4522 habent.
1239 4468 1605 4541 Negotiationi
1632 4475 1873 4533 diluculo
1915 4480 2002 4534 in-

436 4553 597 4608 stitor
625 4554 911 4620 incumbit,
943 4572 1150 4616 merces
1188 4576 1316 4617 suas
1352 4567 1657 4622 ementibus
1685 4578 1810 4625 ante
1841 4580 2002 4628 caete-

436 4658 526 4698 ros
552 4643 802 4698 eumdem
831 4653 1099 4715 quaestum
1133 4659 1450 4707 exercentes
1475 4655 1737 4713 exhibere
1774 4669 2004 4717 conten-

434 4733 600 4799 dens,
619 4739 679 4789 ut
710 4737 999 4803 prawe-ntis
1032 4739 1180 4805 aliis,
1208 4739 1573 4801 desiderantis
1601 4761 1782 4802 emere
1809 4765 2003 4807 neces-

435 4826 655 4879 sitatem
706 4839 1071 4899 praeoccupet,
1133 4840 1187 4887 et
1246 4849 1407 4889 suum
1465 4837 1686 4892 vendat.
1741 4839 2004 4897 Similiter

434 4913 600 4966 etiam
626 4922 859 4983 emptor,
888 4916 1016 4971 dum
1048 4919 1313 4988 providet,
1341 4938 1409 4978 ne
1449 4924 1519 4978 ab
1545 4925 1652 4980 alio
1687 4936 1996 4995 praeventus

436 5000 641 5057 frustra
669 5005 910 5073 requirat
940 5005 1015 5068 id,
1051 5022 1159 5076 quo
1205 5023 1344 5080 Opus
1390 5012 1589 5079 habet;
1621 5030 1732 5070 non
1775 5017 1840 5071 ad
1874 5032 2001 5072 ora-

436 5089 624 5155 tionis,
650 5093 746 5146 sed
774 5095 839 5147 ad
875 5095 1206 5154 venditionis
1260 5101 1464 5169 locum,
1524 5104 1701 5160 forum
1756 5108 2006 5164 videlicet

439 5194 620 5235 rerum
655 5183 950 5248 venalium,
982 5191 1178 5243 currit.
1213 5189 1392 5261 Atque
1413 5196 1668 5251 omnibus
1697 5197 1814 5266 pari
1868 5199 2007 5253 lucri

440 5271 693 5340 cupidine
721 5275 919 5343 captis,
949 5281 1259 5346 proximum
1300 5287 1600 5354 praevenire
1629 5288 2008 5345 contendenti-

441 5356 565 5426 bus,
603 5377 699 5431 per
738 5364 967 5421 aliarum
1004 5383 1187 5426 rerum
1226 5374 1408 5431 studia
1454 5379 1757 5450 subripitur
1797 5386 2011 5451 tempus

514 5513 552 5546 ²¹
585 5513 743 5570 item.
776 5534 874 5587 xu,
911 5521 998 5577 ll.

2031 3904 2074 3961 C

2737 2571 2951 2626 ΛΟΓΟΣ
2986 2572 3065 2626 A'.

2174 2662 2487 2736 Προσευχῆς
2514 2663 2643 2733 ἡμῖν
2671 2661 3018 2717 διδασκαλίαν
3051 2664 3079 2715 ὁ
3122 2661 3262 2727 θεῖος
3289 2663 3571 2737 ὑφηγεῖται
3588 2661 3649 2718 λό-

2102 2712 2317 2825 γος,ῖδι’
2442 2712 2753 2818 τὀῖςιάξίοις
2776 2751 2939 2805 αὐτοῦ
2972 2712 3259 2822 μαθηταῖς,
3291 2712 3496 2819 τξῖῖιν
3519 2771 3650 2807 σπου·

2101 2847 2164 2917 δῇ
2198 2846 2296 2916 τὴν
2346 2844 2544 2912 γνῶσιν
2590 2843 2691 2912 τῆς
2740 2843 3050 2913 προσευχῆς
3098 2845 3485 2914 ἐπιζητοῦσιν,
3534 2847 3649 2907 ὅπως

2103 2934 2431 2989 οἰκειοῦσθαι
2462 2934 2728 3003 προσήκει
2758 2932 2856 3003 τὴν
2894 2932 3041 2987 θείαν
3070 2935 3257 3006 ἀκοὴν,
3293 2936 3386 2990 διὰ
3434 2937 3536 2990 τῶν
3575 2938 3646 3006 ρη-

2108 3025 2293 3096 μάτων
2325 3025 2423 3093 τῆς
2448 3022 2754 3094 προσευχῆς
2779 3023 3110 3078 ὑποτίθεται.
3150 3023 3294 3093 Ἐγὼ
3321 3027 3379 3080 δὲ
3409 3026 3647 3097 τολμήσας
3704 3068 3705 3097 1

2108 3092 2302 3186 μικρὸν
2324 3092 2738 3185 ἀντιπροσθείήν
2771 3116 2883 3176 τοῖς
2910 3092 3319 3185 γεγραμμένοις
3340 3135 3355 3148 ο
3399 3119 3478 3171 ὅτι
3604 3113 3647 3167 τὸ
3704 3092 3705 3119 γ

2105 3203 2223 3267 πῶς
2262 3204 2343 3256 δεῖ
2387 3201 2782 3272 προσεύχεσθαι
2825 3201 2914 3255 τὸν
2959 3203 3200 3274 παρόντα
3234 3203 3494 3274 σύλλογον
3535 3202 3649 3257 διδά-

2108 3292 2329 3347 σκεσθαι
2352 3294 2477 3364 χρὴ,
2498 3292 2612 3345 ἀλλ’
2633 3294 2712 3346 ὃτι
2738 3293 2819 3346 δεῖ
2834 3292 3049 3356 πάντως
3074 3294 3472 3365 προσεύχεσθαι
3497 3313 3512 3327 ⁸
3542 3296 3647 3364 ὅπερ

2106 3383 2256 3438 οὔπω
2276 3384 2416 3454 τάχα
2444 3384 2684 3437 δέδεκται
2715 3386 2748 3455 ἡ
2781 3382 2888 3437 τῶν
2913 3383 3122 3437 πολλῶν
3156 3386 3321 3457 ἀκοή.
3389 3386 3647 3458 Ἦμέλητιιι

2106 3475 2214 3545 γὰρ
2245 3477 2301 3527 ὲν
2332 3474 2410 3543 τῷ
2442 3473 2541 3543 βίῳ
2587 3475 2681 3527 καὶ
2728 3476 2977 3545 παρεῖται
3008 3477 3120 3539 τοῖς
3168 3477 3386 3542 πολλοῖς
3430 3478 3490 3532 τὸ
3534 3474 3645 3545 ἱερὸν

2105 3564 2263 3618 τοῦτο
2306 3566 2399 3618 καὶ
2432 3564 2611 3618 ἔνθεον
2654 3564 2833 3635 ἔργον,
2879 3566 2913 3636 ἡ
2961 3568 3261 3637 προσευχή.
3315 3569 3454 3640 Περὶ
3492 3566 3645 3621 τούτου

2107 3653 2285 3707 τοίνυν
2310 3654 2452 3707 δοκεῖ
2489 3671 2576 3724 μοι
2601 3653 2779 3717 καλῶς
2810 3652 2975 3723 ἔχειν,
3011 3655 3248 3726 πρῶτον,
3279 3657 3359 3721 ὡς
3384 3658 3494 3711 ἐστι
3524 3656 3647 3708 δυνα-

2107 3745 2219 3812 τὸν,
2249 3745 2392 3816 λόγῳ
2423 3743 2914 3815 διαμαρτύρασθαι,
2942 3744 3002 3797 τὸ
3029 3745 3140 3798 δεῖν
3170 3745 3391 3811 πάντως
3418 3749 3482 3816 τῇ
3512 3757 3646 3814 προσ·

2109 3840 2241 3909 ευχῇ
2267 3840 2713 3910 προσκαρτερεῖν,
2737 3837 2918 3901 καθώς
2939 3854 3102 3908 φησιν
3124 3838 3152 3889 ὁ
3190 3837 3508 3901 Ἀπόστολος
3525 3853 3536 3865 ·
3568 3830 3646 3887 εἷθ’

2106 3928 2274 3994 οὕτως
2305 3928 2530 3982 ἀκοῦσαι
2569 3929 2667 3998 τῆς
2702 3927 2850 3991 θείας
2897 3931 3101 3999 φωνῆς,
3146 3930 3244 3999 τῆς
3290 3927 3645 3998 ὑποτιθεμένης

2108 4023 2237 4091 ἡμῖν
2269 4019 2506 4091 τρόπον,
2542 4020 2688 4082 ὅπως
2732 4017 2837 4090 χρὴ
2884 4018 3177 4090 προσάγειν
3229 4017 3309 4089 τῷ
3360 4019 3539 4091 Κυρίῳ
3572 4014 3644 4083 τὴν

2106 4112 2311 4182 δέησιν.
2373 4108 2514 4180 Ὀρῶ
2547 4108 2654 4179 γὰρ
2685 4109 2765 4161 ὅτι
2797 4108 2972 4162 πάντα
3006 4109 3204 4179 μᾶλλον
3236 4111 3292 4163 ὲν
3337 4112 3416 4183 τῷ
3458 4109 3645 4181 παρόντι

2110 4197 2466 4263 σπουδάζεται
2520 4197 2638 4268 βίῳ,
2690 4196 2849 4250 ἄλλου
2895 4199 3033 4269 πρὸς
3063 4197 3191 4251 ἄλλο
3233 4216 3285 4252 τι
3322 4203 3391 4270 τῇ
3423 4201 3552 4270 ψυχῇ
3576 4212 3644 4248 τε·

2107 4288 2421 4360 τραμμένου
2442 4300 2457 4315 ⁸
2490 4288 2550 4340 τὸ
2569 4286 2625 4340 δὲ
2654 4286 2753 4357 τῆς
2781 4287 2944 4357 εὐχῆς
2972 4286 3173 4354 ἀγαθὸν
3198 4287 3287 4342 διὰ
3318 4291 3540 4359 σπουδῆς
3557 4286 3643 4345 τοῖς

2109 4378 2414 4451 ἀνθρώποις
2440 4380 2540 4432 οὐκ
2568 4378 2733 4431 ἔστιν.
2797 4378 3139 4450 Ἐπορθρίξει
3167 4382 3288 4443 ταῖς
3336 4374 3643 4452 ὲμπορίαιςὸ

2109 4473 2373 4542 κάπηλος,
2411 4471 2517 4541 πρὸ
2560 4470 2668 4522 τῶν
2697 4470 3003 4540 ὁμοτέχνων
3045 4469 3136 4523 τὸν
3179 4473 3378 4525 οἰκεῖον
3425 4465 3642 4531 ἐπιδεῖξαι

2107 4567 2219 4627 τοῖς
2239 4563 2564 4633 ὠνουμένοις
2593 4560 2927 4628 φιλονεικῶν,
2958 4560 3033 4625 ὡς
3064 4560 3131 4614 ἂν
3159 4563 3420 4633 προλάϐοι
3448 4562 3528 4616 τοῦ
3555 4560 3643 4612 δεο-

2113 4656 2272 4727 μένου
2301 4654 2396 4726 τὴν
2423 4654 2629 4725 χρείαν,
2660 4651 2979 4721 ὑποφθάσας
3007 4655 3134 4718 τοὺς
3159 4654 3373 4719 ἄλλους,
3403 4652 3561 4709 καὶτὸ
3580 4652 3639 4702 ol-

2109 4752 2253 4803 κεῖον
2277 4746 2732 4816 ἀπεμπολήσειεν.
2774 4744 3045 4808 Ὡσαύτως
3074 4744 3168 4798 καὶ
3200 4746 3229 4797 ὁ
3263 4739 3641 4816 ὠνούμενος,τδ

2112 4839 2187 4910 μὴ
2209 4838 2528 4908 διαμαρτεῖν
2549 4835 2642 4889 τοῦ
2671 4835 2807 4906 πρὸς
2833 4835 2931 4906 τὴν
2961 4836 3149 4905 χρείαν
3184 4839 3239 4890 ἐν
3271 4838 3350 4905 τῷ
3380 4829 3640 4909 προληφθῆ·

2107 4945 2193 4981 ναι
2222 4929 2347 4998 παρ’
2380 4925 2565 4997 ἐτέρου
2595 4925 2698 4996 πρὸ
2726 4924 3016 4994 ὀφθαλμῶν
3060 4924 3217 4995 ἔχων,
3249 4926 3349 4979 ούκ
3378 4926 3465 4979 ἐπὶ
3497 4923 3549 4975 τὸ
3570 4917 3639 4970 εὐ-

2112 5019 2354 5091 κτήριον,
2387 5016 2501 5070 ἀλλ’
2536 5016 2627 5068 ἐπὶ
2654 5015 2716 5068 τὸ
2745 5017 3043 5086 πρατήριω
3081 5016 3285 5086 τρέχει.
3336 5015 3439 5069 Καὶ
3464 5013 3636 5066 πάντων

2113 5109 2212 5181 τὴν
2262 5110 2382 5179 ἴσην
2431 5106 2566 5178 πρὸς
2618 5104 2679 5158 τὸ
2722 5105 2912 5175 κέρδος
2960 5105 3191 5176 ἐχόντων
3238 5106 3538 5176 ἐπιθυμίαν,
3567 5095 3637 5150 καὶ

2113 5200 2315 5271 φθάσαι
2350 5199 2439 5252 τὸν
2465 5197 2632 5259 πέλας
2658 5195 3118 5267 φιλονεικούντων,
3151 5194 3423 5267 ὲξεκλάπη
3451 5193 3526 5248 διὰ
3552 5185 3634 5241 τῶν

2114 5287 2560 5358 σπουδαζομένων
2585 5288 2617 5356 ἡ
2648 5285 2748 5355 τῆς
2776 5285 3082 5355 προσευχῆς
3109 5283 3228 5356 ὥρα
3270 5285 3352 5349 εἰς
3390 5286 3481 5356 τὴν
3506 5282 3634 5351 ἐμπο-

2115 5380 2235 5451 ρίαν
2286 5374 2660 5448 μετατεθεῖσα.
2711 5373 2896 5439 Οὕτως
2940 5376 2968 5428 ὁ
3014 5373 3400 5445 χειροτέχνης*
3440 5370 3584 5429 οὕτως
3608 5362 3631 5417 δ
