3738 5984
50 233 174 290 Hii

1017 236 1106 291 DE
1145 236 1496 293 ORATIONE
1528 236 1881 297 DOMINICA.
1920 274 1991 286 —-
2030 242 2289 299 ORATIO
2314 243 2353 297 1.

3172 241 3315 299 1122

44 348 172 416 περὶ
217 337 414 414 λόγους
464 345 832 419 ὴσχολημένος
868 365 883 379 ⁸
933 349 1106 415 οὕτως
1155 351 1184 404 6
1230 349 1584 423 δικαζόμενος
1612 366 1625 381 ·

1817 353 2002 410 ιῑίοιιὶε
2030 355 2098 411 ad
2127 356 2549 427 negotiationem
2580 357 2933 413 translatum.
2977 355 3063 411 lta
3114 355 3313 411 artifex

44 435 217 500 οὕτως
243 438 277 490 6
308 436 549 502 δικάζειν
578 437 787 509 λαχὼν,
836 443 961 513 περὶ
987 442 1059 496 τὰ
1101 445 1159 499 ἐν
1191 448 1378 518 χερσὶν
1403 446 1633 508 ἕκαστος

44 528 161 591 ὅλος
178 531 249 599 τῇ
276 529 478 601 σπουδῇ
508 530 708 602 ῥέπων,
731 531 1051 603 ὲκλέλησται
1072 537 1171 607 τῆς
1191 538 1330 591 κατά
1349 538 1450 609 τὴν
1467 535 1632 606 εὐχὴν

47 621 336 691 ἐργασίας.
381 620 584 693 ζημίαν
610 624 813 695 κρίνων
844 626 981 696 πρὸς
1015 628 1077 681 τὸ
1117 629 1474 700 προκείμενον
1502 630 1630 682 ἑαυ-

44 712 140 783 τῷ,
175 713 279 783 τὴν
309 715 437 785 περὶ
475 714 568 768 τὸν
611 715 743 768 Θεὸν
786 717 1067 787 ἀσχολίαν.
1108 719 1293 773 υίεται
1330 720 1438 791 γάρ
1471 724 1499 774 6
1533 722 1631 792 μὲν

46 804 140 874 τὴν
186 804 386 876 τέχνην
433 804 654 875 μετιὼν,
707 807 876 879 ἀργόν
903 826 954 861 τι
985 809 1177 880 χρῆμα
1211 812 1306 866 καὶ
1353 811 1631 883 ἄπρακτον

47 891 205 958 εἶναι,
237 894 339 966 τὴν
384 895 534 950 θείαν
582 895 721 969 πρὸς
758 897 819 951 τὸ
865 899 1221 970 προκείμενον
1274 901 1628 972 συμμαχίανο

45 988 122 1040 διὸ
155 989 476 1043 καταλιπὼν
501 989 600 1061 τὴν
630 991 815 1062 εὐχὴν,
850 993 907 1045 ὲν
932 996 1054 1057 ταῖς
1087 995 1244 1065 χερσὶ
1267 994 1368 1058 τὰς
1411 994 1633 1060 ἐλπίδας

46 1079 256 1132 τίθεται
282 1122 297 1147 ,
351 1081 682 1153 ἀμνημονῶν
745 1082 839 1136 τοῦ
911 1083 1204 1150 δεδωκότος
1274 1086 1371 1149 τάς
1418 1089 1628 1158 χεῖρας.

58 1169 337 1234 Ὡσαύτως
378 1172 473 1225 καὶ
516 1173 544 1225 6
591 1172 684 1226 τὸν
712 1172 869 1242 λόγον
899 1175 966 1227 δι’
990 1175 1306 1247 ἐπιμελείας
1353 1176 1632 1248 κατορθῶν

46 1259 250 1329 ἑαυτῷ,
280 1259 343 1312 ού
378 1260 652 1329 λογίζεται
683 1262 774 1315 τὸν
806 1262 1079 1317 δεδωκότα
1125 1264 1217 1317 τὸν
1258 1264 1419 1332 λόγον
1455 1279 1469 1293 '
1516 1264 1631 1318 ἀλλ’

42 1349 119 1414 ὡς
147 1352 347 1405 ἑαυτὸν
387 1354 471 1417 είς
514 1353 613 1423 τὴν
639 1353 801 1423 φύσιν
828 1354 1034 1428 ταύτην
1066 1355 1426 1426 παραγαγὼν,
1459 1355 1633 1419 οὔτως

44 1443 227 1514 ἐαυτῷ
275 1445 374 1497 καὶ
406 1445 530 1507 ταῖς
571 1443 681 1497 τῶν
715 1443 973 1516 μαθητῶν
1001 1446 1323 1516 προσανέχει
1354 1443 1628 1509 σπουδαῖς,

34 1532 198 1589 ,οὐδὲν
230 1532 400 1603 αὐτῆς
420 1532 515 1586 τοῦ
534 1532 680 1586 ’Θεοῦ
704 1534 986 1605 ἐνεργείας
1011 1533 1159 1605 αὐτῷ
1182 1534 1506 1607 γενήσεσθαι
1525 1534 1633 1589 τῶν

44 1623 271 1692 ἀγαθῶν
297 1623 552 1695 νομίζων,
585 1626 980 1697 προτιμοτέραν
1009 1630 1242 1681 ποιεῖται
1272 1628 1371 1699 τῆς
1400 1643 1632 1699 προσευ-

43 1716 145 1786 χῆς
176 1715 282 1786 τὴν
312 1717 569 1788 σπουδὴν,
610 1716 702 1770 τὸν
728 1717 889 1771 αὐτὸν
919 1718 1118 1790 τρόπον
1143 1716 1314 1771 καὶτά
1330 1718 1494 1772 λοιπὰ
1524 1717 1631 1771 τῶν
1663 1701 1705 1757 Β

44 1806 500 1878 ἐπιτηδευμάτων
528 1809 785 1880 ἐκκρούει
823 1807 919 1880 τὴν
948 1810 1075 1880 περὶ
1107 1809 1175 1864 τά
1212 1810 1382 1880 μείζω
1413 1810 1508 1863 καὶ
1539 1809 1632 1863 ού-

46 1898 212 1969 ράνια
238 1898 341 1969 τῆς
369 1899 545 1970 ψυχῆς
575 1899 853 1971 ἀσχολίαν,
882 1902 949 1971 τῇ
969 1900 1078 1952 τῶν
1104 1899 1432 1971 σωματικῶν
1460 1917 1518 1952 τε
1540 1900 1634 1953 καὶ

43 1990 252 2060 γηΐνων
285 1990 544 2062 φροντίδι.
595 1991 694 2044 Διά
735 1990 895 2044 τοῦτο
939 1990 1106 2064 πολλὴ
1139 1992 1279 2045 κατὰ
1310 1992 1401 2044 τὸν
1444 1990 1556 2061 βίον
1597 1993 1630 2063 ή

43 2081 314 2153 ἁμαρτία,
346 2082 434 2135 ἀεὶ
459 2085 581 2146 ταῖς
607 2081 943 2154 προσθήκαις
972 2083 1063 2135 ἐπὶ
1084 2082 1143 2136 τὸ
1169 2080 1352 2154 μεῖζον
1372 2082 1630 2150 αὔξουσα,

42 2174 254 2236 πάσαις
293 2176 415 2238 ταῖς
463 2173 834 2245 ἀνθρωπίναις
879 2174 1136 2238 σπουδαῖς
1180 2174 1629 2245 ἐμπεπλεγμένη,

41 2265 179 2317 διότι
215 2263 350 2336 λήθη
385 2264 477 2318 τοῦ
504 2265 637 2319 Θεοῦ
672 2269 1008 2338 κατακρατεῖ
1029 2266 1137 2319 τῶν
1173 2267 1410 2330 πάντων,
1446 2267 1540 2319 καὶ
1573 2267 1632 2320 16

39 2357 144 2426 τῆς
178 2357 347 2428 εὐχῆς
392 2356 594 2427 ἀγαθὸν
624 2361 737 2422 τοῖς
765 2358 1073 2429 ἀνθρώποις
1102 2358 1213 2412 τῶν
1261 2358 1629 2429 σπουδαζομέ-

40 2464 151 2501 νων
188 2448 253 2500 οὐ
306 2447 726 2517 συνεφάπτεταιο
757 2450 823 2519 τῇ
864 2449 1105 2520 ὲμπῑρίᾳ
1147 2449 1553 2522 συνεισέρχεται
1596 2451 1630 2521 ἡ

41 2538 351 2605 πλεονεξία.
396 2539 683 2605 Πλεονεξία
714 2539 770 2593 δέ
802 2541 950 2594 ἐστιν
980 2539 1413 2612 είδωλολατρεία.
1446 2540 1632 2605 Οὕτως

40 2630 70 2681 6
93 2629 344 2699 γεωργὸς
371 2629 432 2682 ού
461 2631 581 2693 ταῖς
603 2629 932 2698 ἀναγκαίαις
957 2630 1169 2701 χρείαις
1200 2634 1506 2702 συμμετρεῖ
1534 2632 1630 2703 τὴν

40 2722 354 2791 γεωπονίαν
377 2738 392 2753 ο
448 2721 565 2775 ἀλλ’
617 2721 705 2775 ἀεὶ
748 2721 884 2793 πρὸς
929 2723 999 2776 τά
1047 2721 1215 2775 πλείω
1264 2721 1353 2792 τὴν
1397 2722 1632 2793 σπουδὴν

41 2815 403 2879 ὲπεκτείνων,
435 2813 636 2887 πολλὴν
664 2814 846 2868 δίδωσι
867 2817 933 2886 τῇ
958 2814 1203 2886 ἁμαρτίᾳ
1230 2813 1324 2867 τοῦ
1352 2814 1632 2883 ἐπιτηδεύ-

44 2924 219 2977 ματος
244 2905 468 2972 εἴσοδον,
489 2908 603 2969 τοῖς
621 2906 923 2977 ἀλλοτρίοις
953 2904 1442 2975 ὲκπλατυνόμενος.
1464 2902 1630 2957 Ὅθεν

39 3000 100 3051 al
130 2997 557 3068 dualispdtnauzot
602 2996 827 3066 φύονται
862 2996 1204 3067 φιλονεικίαι,
1239 2997 1370 3066 περὶ
1393 2995 1502 3048 τῶν
1532 2995 1630 3066 τῆς
1657 3028 1701 3087 c

39 3090 148 3161 γῆς
198 3090 345 3160 ὅρων
386 3088 851 3160 ἀντεγειρομένων
884 3089 1164 3160 ἀλλήλοις,
1210 3088 1321 3141 τῶν
1370 3091 1438 3159 τῇ
1468 3088 1630 3158 ὁμοίᾳ

41 3182 184 3251 νόσῳ
237 3182 338 3252 τῆς
380 3181 693 3248 πλεονεξίας
741 3180 1192 3253 κεκρατημένων.
1256 3177 1535 3234 Ἐντεῦθεν
1581 3178 1630 3231 οί

41 3271 230 3342 θυμοὶ,
263 3272 357 3326 καί
383 3273 439 3324 αί
470 3272 607 3344 πρὸς
632 3271 694 3326 τὸ
721 3272 891 3325 κακὸν
926 3272 1115 3343 ὁρμαὶ,
1147 3272 1241 3325 καὶ
1274 3272 1330 3323 αἱ
1360 3270 1631 3342 καταλλή-

40 3364 153 3415 λων
185 3362 584 3433 ἐπιχειρήσεις,
628 3363 821 3432 αἵματι
849 3362 943 3414 καὶ¹
977 3360 1122 3430 φόνῳ
1171 3359 1430 3423 πολλάκις
1476 3358 1633 3412 καθί-

42 3471 299 3508 στανται.
347 3452 615 3518 Ὡσαύτως
662 3455 717 3507 αί
752 3453 881 3526 περὶ
918 3454 988 3507 τά
1018 3452 1344 3523 δικαστήρια
1384 3450 1630 3514 σπουδαὶ,

38 3546 167 3608 ταῖς
192 3543 556 3616 πολυτρόποις
581 3544 877 3618 ἁμαρτίαις
904 3542 1264 3615 ὑπηρετοῦσι,
1300 3540 1495 3614 μυρίας
1533 3540 1633 3611 τῆς

41 3634 268 3698 ἀδικίας
297 3634 625 3706 συνηγορίας
650 3635 1023 3706 εύρίσκουσαι.
1071 3634 1129 3688 '0
1156 3633 1469 3706 δικαστὴςῆ
1493 3633 1633 3688 ἑκὼν

42 3726 189 3798 πρὸς
222 3725 283 3779 τὸ
327 3725 521 3798 λῆμμα
548 3726 640 3781 τὸν
680 3725 774 3780 τοῦ
815 3725 1023 3779 δικαίου
1054 3724 1219 3794 ζυγὸν
1253 3725 1562 3791 ἀπέκλινεν,
1594 3724 1628 3796 ἢ

40 3816 322 3880 ἀκουσίως
344 3818 409 3888 τῇ
433 3817 726 3889 περιεργίᾳ
753 3817 861 3872 τῶν
888 3816 985 3888 τὴν
1009 3816 1268 3886 ἀλήθειαν
1297 3811 1632 3887 συγχεόντων

41 3907 495 3979 παρακρουσθεὶς
527 3906 629 3980 τὴν
666 3907 882 3962 ἀδικίαν
910 3907 1204 3979 ἐκύρωσεν.
1237 3909 1347 3962 Καὶ
1380 3909 1433 3962 τί
1462 3909 1527 3963 ἄν
1552 3927 1633 3973 τις

38 3998 116 4051 τά
140 3996 268 4050 καθ’
291 3996 520 4050 ἕκαστον
543 3997 714 4066 λέγοι,
748 3997 813 4050 δι’
840 3995 915 4051 ὧν
945 4000 978 4069 ὴ
1023 3997 1264 4070 ἁμαρτία
1300 3998 1634 4070 πολυσχιδῶς

41 4088 147 4143 καὶ
185 4085 539 4159 πολυτρόπως
570 4089 637 4159 τῇ
670 4087 987 4161 ἀνθρωπίνῃ
1030 4087 1143 4160 ζωῇ
1190 4089 1631 4160 καταμίγνυται;

40 4170 159 4238 Ἷις
189 4174 365 4228 αἴτιον
384 4175 535 4229 οὐδὲν
568 4175 755 4247 ἕτερόν
778 4177 948 4241 ἐστιν,
976 4175 1010 4248 ἢ
1041 4177 1101 4230 τὸ
1130 4177 1206 4249 μὴ
1233 4179 1634 4251 συμπαραλαμ-

40 4264 311 4321 ϐάνεσθαι
353 4265 505 4338 παρὰ
539 4266 649 4320 τῶν
689 4267 993 4340 ἀνθρώπων
1045 4268 1144 4338 τὴν
1176 4268 1271 4322 τοῦ
1317 4269 1452 4324 Θεοῦ
1492 4288 1635 4343 συμυ

41 4357 286 4412 πάθειαν
318 4358 452 4428 πρὸς
486 4357 557 4411 τά
582 4359 639 4412 ὲν
664 4358 820 4431 χερσὶ
848 4357 1276 4430 σπουδαζόμενα.

1732 446 2115 514 etoperarius,
2179 448 2253 501 ita
2295 447 2388 518 qui
2457 448 2677 503 dicendi
2727 448 2973 505 studium
3029 455 3310 512 sectatur,

1730 527 2043 601 litterisque
2096 548 2162 588 ac
2213 534 2525 606 disciplinis
2570 536 2891 592 liberalibus
2926 552 3147 607 Operam
3180 537 3310 601 dat,

1737 622 1813 678 ita
1837 624 2079 692 litigator
2104 645 2117 681 :
2146 629 2222 682 ita
2250 630 2339 684 cui
2361 630 2648 700 judicandi
2670 645 2871 685 munus
2892 630 3134 695 obvenit,
3161 629 3313 699 quis-

1730 730 1837 786 que
1875 717 1931 770 in
1976 716 2052 782 id,
2080 719 2225 790 quod
2271 722 2326 776 in
2376 724 2633 779 manibus
2684 723 2871 791 habet,
2929 723 3113 778 studio
3159 730 3313 777 totus

1732 806 2059 865 incumbens
2105 811 2455 867 obliviscitur
2483 830 2706 885 operam
2742 815 2874 869 dare
2923 813 3182 879 orationi,
3213 812 3314 866 da-

1730 911 1985 952 mnosum
2020 900 2090 955 ad
2121 916 2234 956 rem
2266 905 2599 974 propositam
2640 905 2743 960 sibi
2796 905 3025 971 ducens,
3061 905 3107 960 si
3163 907 3312 959 circa

1730 986 1902 1041 Deum
1935 1000 2243 1061 occupatus
2275 993 2367 1047 sit.
2391 992 2526 1047 Nam
2569 995 2662 1065 qui
2697 1005 2872 1051 artem
2907 996 3126 1067 quidem
3152 1010 3313 1051 exer-

1731 1086 1838 1145 cet,
1872 1081 2120 1136 inutilem
2156 1084 2451 1152 quamdam
2483 1093 2537 1140 et
2563 1085 2893 1141 incliicacem
2935 1103 3050 1142 rem
3090 1087 3158 1141 ad
3184 1103 3313 1158 pro-

1730 1170 1969 1240 positum
1999 1187 2163 1241 opus,
2184 1173 2432 1229 divinum
2455 1177 2722 1231 auxilium
2750 1192 2871 1233 esse
2893 1186 3077 1247 putat;
3102 1178 3310 1232 idcirco

1730 1264 1937 1318 omissa
1970 1267 2241 1329 oratione,
2283 1266 2341 1321 in
2389 1268 2647 1324 manibus
2677 1285 2828 1338 spem
2883 1270 3056 1338 ponit,
3105 1269 3313 1323 oblitus

1732 1354 1949 1408 interim
1992 1355 2133 1424 ejus,
2167 1357 2259 1425 qui
2289 1373 2485 1413 manus
2511 1359 2682 1414 dedit.
2707 1358 2971 1415 Similiter
3004 1361 3167 1414 etiam
3193 1361 3309 1424 ille,

1733 1446 1828 1515 qui
1888 1446 2137 1501 adhibita
2177 1462 2334 1513 cura,
2379 1451 2681 1504 orationem
2716 1451 2931 1522 egregie
2985 1453 3262 1520 componit
3291 1490 3308 1514 ,

1730 1551 1840 1590 non
1874 1538 2083 1607 cogitat
2113 1538 2180 1592 de
2230 1554 2316 1605 eo,
2341 1540 2434 1610 qui
2464 1539 2567 1595 sibi
2621 1542 2927 1595 orationem
2968 1541 3156 1610 dedit:
3213 1541 3311 1598 sed

1732 1627 1891 1698 quasi
1919 1629 2159 1698 seipsum
2211 1631 2268 1683 in
2325 1630 2470 1685 hanc
2523 1642 2774 1686 naturam
2839 1632 3177 1703 produxerit,
3235 1634 3311 1688 ita

1735 1720 1850 1775 suis
1875 1734 2212 1790 suorumque
2242 1721 2642 1792 discipulorum
2672 1724 2869 1778 studiis
2918 1725 3162 1780 intentus
3202 1733 3308 1788 est,

1735 1825 1799 1865 ac
1833 1810 1971 1864 nihil
2000 1811 2105 1867 sibi
2146 1812 2215 1866 ab
2249 1813 2454 1868 auxilio
2490 1814 2585 1868 Dei
2619 1814 2888 1869 bonorum
2945 1817 3310 1872 obventurum

1733 1916 1857 1956 esse
1888 1901 2234 1967 existimans,
2262 1903 2502 1957 studium
2524 1906 2773 1960 oratione
2800 1905 3161 1976 praestabilius
3188 1920 3312 1962 esse

1733 1994 1904 2050 ducit.
1942 1994 2022 2049 Ad
2056 1996 2309 2051 eumdem
2346 1997 2568 2051 modum
2625 1997 2790 2053 etiam
2839 2000 3045 2069 reliqua
3102 1998 3310 2064 studia,

1733 2083 1932 2150 ollieia,
1980 2092 2146 2156 atque
2179 2087 2440 2141 exercitia
2484 2087 2629 2152 vitze,
2660 2103 2792 2143 cura
2822 2089 3195 2159 corporalium
3246 2103 3311 2144 ac

1735 2185 2079 2233 terrenarum
2112 2192 2319 2244 rerum,
2367 2178 2785 2248 occupationem
2815 2180 2984 2234 animi
3033 2180 3181 2236 circa
3223 2195 3312 2236 res

1734 2268 1969 2338 majores
2027 2277 2194 2339 atque
2238 2269 2496 2325 caelestes
2543 2278 2847 2325 excernunt
2906 2278 2961 2325 et
3010 2272 3310 2341 expellunt.

1732 2358 1942 2413 Idcirco
1982 2357 2226 2412 abundat
2281 2357 2338 2412 in
2392 2357 2503 2411 vita
2560 2364 2851 2428 peccatum
2905 2359 3315 2429 adjectionibus

1733 2462 1947 2519 semper
1979 2448 2035 2502 in
2082 2448 2260 2518 majus
2294 2463 2619 2518 augescens,
2675 2456 2730 2505 et
2761 2450 3018 2507 omnibus
3052 2451 3311 2508 humanis

1733 2539 1931 2595 studiis
1993 2540 2369 2610 implicatum,
2433 2540 2690 2610 quoniam
2745 2541 2947 2596 oblivio
3000 2542 3094 2596 Dei
3164 2550 3315 2598 tenet

1730 2646 1942 2698 omnes,
1975 2638 2029 2686 ct
2053 2632 2323 2687 orationis
2350 2632 2554 2687 bonum
2596 2632 2763 2688 rebus
2804 2632 2967 2688 seriis
3011 2633 3081 2688 ab
3134 2632 3313 2688 homi-

1734 2724 1898 2779 nibus
1933 2739 2043 2777 non
2078 2724 2245 2780 simul
2271 2724 2584 2783 adhibetur.
2613 2723 2735 2780 Una
2782 2740 2906 2779 cum
2943 2724 3318 2794 negotiatione

1731 2813 2035 2885 ingreditur
2092 2805 2341 2867 avaritia.
2388 2812 2630 2867 Avaritia
2686 2827 2817 2868 vero
2873 2812 3308 2866 simulacrorum

1731 2905 1914 2961 cultus
1948 2909 2034 2959 est
2055 2903 2148 2957 "‘.
2193 2903 2271 2957 lta
2304 2905 2542 2975 agricola
2565 2903 2956 2974 agriculturam
2987 2900 3317 2957 necessariis

1734 2998 1928 3055 usibus
1953 3010 2062 3050 non
2098 2996 2345 3056 metitur.
2378 2994 2475 3051 scd
2505 2995 2573 3049 ad
2615 2994 2774 3065 plura
2805 2992 3049 3049 studium
3101 3007 3317 3062 semper

1734 3086 2052 3151 intendens,
2101 3084 2233 3141 dum
2290 3083 2485 3138 alienis
2535 3083 2739 3139 ﬁnibus
2801 3082 3136 3153 usurpandis
3184 3097 3317 3137 suos

1733 3191 1896 3247 agros
1927 3177 2096 3233 latius
2125 3176 2354 3246 profert,
2405 3184 2664 3245 magnum
2707 3174 2916 3229 aditum
2952 3181 3178 3245 peccato
3217 3173 3317 3228 ad-

1732 3283 1928 3328 versus
1956 3266 2091 3322 illud
2123 3266 2364 3322 studium
2401 3275 2564 3336 atque
2597 3266 2912 3322 institutum
2952 3266 3076 3319 vitae
3105 3262 3320 3335 patefa-

1734 3361 1831 3417 cit.
1866 3359 2022 3415 Unde
2055 3360 2247 3415 sedatu
2287 3366 2452 3427 atque
2479 3359 2789 3428 compositu
2820 3357 3073 3415 ditiiciles
3127 3358 3321 3413 oriun-

1733 3458 1825 3504 tur
1850 3449 2235 3504 contentiones
2265 3455 2320 3503 et
2353 3448 2511 3512 lites,
2542 3448 2612 3502 de
2643 3448 2845 3504 ﬁnibus
2879 3464 3136 3518 agrorum
3175 3450 3321 3505 inter

1734 3557 1856 3599 sese
1881 3552 2100 3596 mutuas
2126 3538 2538 3594 controversias
2590 3539 2968 3595 excitantibus
2998 3541 3087 3606 iis,
3119 3541 3211 3610 qui
3242 3542 3322 3597 si-

1722 3630 1852 3686 .mili
1877 3629 2123 3685 avaritiae
2152 3629 2345 3684 morbo
2375 3631 2654 3683 tenentur.
2677 3615 2965 3693 Hinc°irae,
2990 3628 3120 3683 hinc
3148 3629 3320 3699 impe-

1736 3729 1827 3777 tus
1862 3720 1929 3775 ad
1961 3718 2165 3773 malum
2195 3759 2209 3783 ,
2257 3718 2385 3772 hinc
2417 3717 2646 3772 aliorum
2680 3717 2944 3772 adversus
2993 3717 3131 3772 alios
3160 3731 3323 3772 cona-

1737 3824 1827 3869 tus
1874 3827 1904 3866 a
1937 3810 2206 3880 sanguine
2242 3817 2296 3865 et
2328 3808 2474 3865 caede
2536 3822 2911 3879 saepenumero
2955 3808 3173 3864 initium
3220 3824 3320 3865 su-

1735 3912 1929 3963 munt.,
1970 3902 2238 3958 Similiter
2286 3916 2467 3971 operte
2498 3900 2822 3972 judiciariae,
2881 3900 3010 3955 dum
3059 3909 3321 3957 sexcenta

1736 4004 1903 4067 atque
1958 3992 2172 4048 inﬁnita
2227 3991 2539 4063 iniquitatis
2595 3999 2650 4047 et
2685 3991 2974 4062 injustitiaa
3009 3991 3320 4062 patrocinia

1735 4085 2091 4157 excogitant,
2150 4084 2323 4139 variis
2389 4083 2631 4153 peccatis
2709 4082 3083 4139 subscrviunt.
3141 4080 3320 4138 Iudex

1739 4190 1833 4237 aut
1869 4195 1970 4236 sua
2005 4184 2200 4248 sponte
2239 4176 2308 4229 ad
2335 4185 2603 4246 quaestum
2638 4175 2867 4245 justitiae
2900 4174 3095 4230 libram
3133 4174 3318 4231 detor-

1744 4281 1899 4345 quet,
1932 4277 2028 4325 aut
2054 4277 2248 4325 contra
2289 4269 2625 4324 voluntatem
2679 4267 2847 4321 nimia
2904 4267 3208 4323 subtilitate
3255 4281 3322 4321 ac

1667 4358 1715 4417 ι)
1748 4363 2034 4432 diligentia
2058 4373 2399 4431 supervacua
2426 4356 2710 4414 veritatem
2735 4355 3190 4411 confundentium
3225 4355 3323 4411 de-

41 4455 268 4516 ceptus,
313 4445 459 4516 quod
505 4445 772 4515 injustum
804 4453 859 4500 et
924 4446 1171 4516 iniquum
1206 4458 1311 4512 est,
1356 4447 1627 4515 decernit,
1668 4452 1997 4522 comprobat
2024 4459 2191 4521 atque
2228 4450 2538 4504 contirmat.
2573 4445 2639 4501 Et
2703 4446 2833 4517 quid
2874 4447 3067 4502 attinet
3130 4446 3322 4519 singu-

42 4539 521 4607 latimexponere,
556 4537 758 4606 quibus
787 4536 951 4592 rebus
985 4537 1381 4607 multipliciter,
1441 4541 1740 4612 multisque
1804 4540 1985 4597 modis
2049 4546 2333 4611 peccatum
2416 4536 2668 4591 humanae
2714 4538 2837 4591 vita:
2890 4536 3326 4593 eommiscetur?

41 4629 217 4697 cujus
250 4628 459 4698 peccati
506 4628 654 4681 nulla
698 4627 805 4681 alia
858 4642 1023 4681 causa
1055 4636 1162 4692 est,
1197 4644 1360 4698 quam
1399 4630 1546 4700 quod
1578 4632 1648 4686 ad
1686 4647 1773 4698 ea,
1809 4646 1931 4703 quae
1969 4632 2023 4685 iu
2066 4630 2321 4685 manibus
2385 4628 2609 4691 habent,
2657 4639 2711 4684 et
2788 4627 3035 4684 studiose
3086 4636 3323 4685 tractant

43 4721 295 4791 negotia,
329 4719 575 4773 divinum
597 4720 760 4774 etiam
791 4718 1057 4773 auxilium
1090 4719 1339 4775 homines
1389 4737 1498 4777 non
1553 4723 1717 4779 simul
1748 4723 2009 4778 adhibent
2037 4730 2092 4777 et
2121 4727 2430 4778 assumunt.

139 4815 267 4868 Ἐὰν
293 4811 430 4884 εὐχὴ
464 4813 562 4884 τῆς
610 4813 851 4883 σπουδῆς
891 4814 1301 4885 προηγήσηται,
1331 4818 1365 4886 ἡ
1394 4817 1641 4889 ἁμαρτία

43 4906 292 4980 πάροδον
323 4905 466 4961 κατά
502 4908 601 4977 τῆς
638 4905 818 4978 ψυχῆς
851 4907 949 4977 οὐχ
976 4907 1219 4978 εὑρήσει.
1257 4908 1370 4979 Τῆς
1400 4909 1507 4980 γὰρ
1544 4908 1639 4964 τοῦ

41 4996 193 5052 Θεοῦ
222 4998 443 5070 μνήμης
473 5000 531 5052 ὲν
562 5001 628 5070 τῇ
669 4998 867 5070 καρδίᾳ
895 4996 1327 5070 καθιδρυμένης,
1370 4999 1640 5071 ἄπρακτοι

48 5089 317 5160 μένουσιν
342 5090 397 5142 αί
420 5088 515 5142 τοῦ
540 5090 912 5159 ἀντικειμένου
937 5088 1170 5144 ἐπίνοιαι
1197 5107 1210 5122 ·
1248 5090 1522 5161 πανταχοῦ
1542 5092 1642 5162 τῆς

42 5181 407 5252 δικαιοσύνης
440 5182 498 5234 ὲν
528 5183 639 5244 τοῖς
666 5181 1201 5252 ἀμφισϐητουμένοις
1231 5180 1640 5253 μεσιτευούσης.

61 5274 290 5345 Ἐπέχει
326 5273 536 5328 καὶτὸν
568 5274 810 5346 γεωργὸν
843 5274 945 5345 τῆς
985 5274 1259 5347 ἁμαρτίας
1284 5275 1317 5346 ἡ
1344 5276 1641 5347 προσευχὴν

43 5372 111 5423 ὲν
155 5367 326 5438 ὀλίγῳ
375 5365 477 5437 τῆς
522 5367 624 5438 γῆς
668 5366 794 5430 τοὺς
827 5367 1069 5438 καρποὺς
1122 5364 1518 5431 πλεονάζουσα,
1565 5365 1640 5429 ὡς

48 5459 257 5531 μηκέτι
309 5459 379 5528 τῇ
420 5456 516 5510 τοῦ
565 5458 806 5522 πλείονος
856 5457 1122 5530 ἐπιθυμίᾳ
1170 5456 1495 5511 συνεισιέναι
1539 5455 1637 5527 τὴν

122 5622 197 5656 ³⁸⁸
224 5619 450 5678 Coloss.
478 5634 562 5684 In,
598 5622 649 5678 5.

1817 4816 1973 4885 Quod
2003 4816 2049 4871 si
2078 4817 2256 4872 oratio
2297 4815 2574 4888 negotium
2633 4815 2998 4886 praecesserit.
3036 4824 3323 4885 peccatum

1744 4909 2010 4966 adversus
2062 4910 2302 4963 animam
2343 4908 2553 4963 aditum
2582 4924 2691 4963 non
2749 4909 3012 4962 inveniet.
3045 4904 3142 4962 Del
3173 4906 3322 4963 enim

1745 5000 2009 5056 memoria
2035 4999 2091 5053 in
2136 5001 2305 5055 corde
2335 5000 2441 5054 lixa
2476 5008 2642 5072 atque
2686 4998 2935 5065 fundata,
2987 4999 3145 5053 irrita
3189 5012 3324 5054 con.

1744 5092 1866 5147 silia
1895 5090 2198 5146 adversarii
2233 5100 2481 5160 manent,
2509 5093 2726 5163 justitia
2767 5106 2888 5147 sese
2920 5092 3154 5147 mediam
3198 5091 3326 5148 ubi-

1745 5198 1853 5253 que
1917 5183 2309 5237 controversiis
2372 5183 2805 5254 iuterponente;
2868 5182 3124 5254 prohibet
3194 5182 3323 5237 item

1749 5273 2041 5346 agricolam
2073 5287 2101 5326 a
2133 5280 2359 5342 peccato
2402 5276 2601 5340 oratio,
2667 5277 2724 5331 in
2769 5276 2967 5347 exiguo
2988 5276 3104 5347 agri
3161 5273 3327 5329 modo

1749 5366 1964 5421 fructus
1999 5363 2395 5434 multiplicans,
2433 5379 2503 5419 ne
2524 5374 2717 5435 postea
2752 5368 2989 5436 amplius
3040 5379 3149 5419 una
3194 5378 3320 5418 cum

1751 5457 1875 5528 plus
1910 5454 2144 5511 habendi
2182 5454 2479 5524 cupiditate
2518 5465 2798 5524 peccatum
2852 5458 3205 5530 ingrediatur.
3247 5455 3325 5511 ita
