3756 5988
397 166 536 221 Ιίὲῧ

1628 158 1685 212 S.
1729 154 2054 210 GREGORII
2096 154 2389 210 NYSSLNI

392 278 594 343 viator,
629 276 704 329 ita
736 276 830 346 qui
863 274 1265 346 expeditionem
1300 272 1383 328 vel
1412 270 1630 341 nuptias
1652 277 1807 341 parat
1838 288 1851 323 :
1884 269 1958 322 ita

2069 270 2354 339 ἁμαρτίαν.
2381 268 2566 332 (ιύτως
2594 270 2622 321 ὁ
2646 267 2942 338 ὁδοιπόρος,
2973 263 3146 327 οὕτως
3171 265 3200 317 ὁ
3220 262 3315 316 ἐπὶ
3342 262 3617 333 στρατείαν

393 368 708 441 quicunque
736 368 976 421 animum
1023 365 1091 421 ad
1139 364 1358 435 aliquod
1407 363 1686 433 negotium
1735 360 1957 429 adjecit,

393 457 441 511 si
498 470 622 508 cum
675 455 925 508 oratione
964 453 1246 523 quodlibet
1299 458 1443 521 agat,
1491 463 1751 519 prospero
1797 456 1962 518 atque

395 540 535 596 felici
568 557 828 597 successu
860 542 1199 612 negotiorum
1239 556 1268 594 a
1322 538 1598 609 peccando
1628 536 1956 601 abducetur,

392 634 545 687 nullo
574 632 888 688 adversario
920 633 1157 685 animam
1202 631 1270 684 ad
1327 630 1517 685 vilium
1554 627 1825 683 trahente.
1864 625 1961 681 Sin

393 729 575 775 autem
615 722 805 774 relicto
836 719 973 782 Deo,
1022 719 1238 789 negotio
1274 726 1419 773 totus
1477 716 1721 771 intentus
1773 715 1957 783 fuerit,

391 810 617 864 omnino
649 825 873 864 necesse
895 816 999 873 est,
1040 816 1155 863 uta
1190 807 1301 862 Deo
1333 814 1580 861 remotus
1608 821 1732 861 cum
1762 805 1959 859 adver-

392 901 542 956 sario
570 915 799 970 prorsus
827 912 1093 957 versetur.
1137 899 1362 955 Reeedit
1410 906 1589 952 autem
1619 912 1647 951 a
1707 896 1837 962 Deo,
1867 894 1959 964 qui

393 1011 491 1067 per
520 996 822 1051 orationem
863 1010 985 1051 sese
1032 995 1144 1049 Deo
1171 1009 1280 1048 non
1314 992 1620 1061 conjungit.
1656 990 1798 1059 Ergo
1856 990 1959 1043 hoc

392 1087 547 1157 prius
576 1088 823 1142 oratione
845 1086 1076 1141 docendi
1103 1085 1258 1147 estis,
1292 1084 1435 1152 quod
1473 1097 1688 1151 semper
1720 1095 1879 1134 orare
1907 1088 1960 1132 et

392 1192 505 1233 non
533 1175 819 1246 defatigari
845 1185 1090 1247 oporteat
1110 1177 1173 1227 ¹².
1205 1174 1310 1228 Per
1338 1174 1637 1228 orationem
1660 1171 1803 1226 enim
1835 1186 1956 1224 cum

394 1266 508 1322 Deo
546 1283 666 1324 esse
692 1269 984 1337 contingit.
1017 1270 1086 1320 At
1117 1266 1207 1337 qui
1240 1282 1362 1321 cum
1400 1265 1508 1319 Deo
1534 1271 1638 1329 est,
1669 1264 1738 1317 ab
1770 1263 1961 1317 adver-

394 1358 543 1413 sario
580 1365 822 1412 remotus
855 1365 961 1413 est.
996 1356 1185 1412 Oratio
1215 1355 1492 1426 pudicitiae
1533 1352 1847 1424 praesidium
1879 1358 1961 1403 at-

2059 361 2092 430 ἢ
2128 359 2306 430 γάμον
2334 357 2679 428 στελλόμενος
2697 374 2711 389 ο
2750 359 2921 421 οὕτως
2947 357 3055 419 πᾶς
3083 351 3332 407 ὁστισοῦν
3362 351 3476 405 τῶν
3503 351 3618 420 πρός

2057 466 2109 503 τι
2137 450 2236 520 τὴν
2265 450 2439 520 ὁρμὴν
2477 448 2724 519 ἐχόντων,
2759 450 2808 501 εί
2837 446 2954 518 μετ’
2983 445 3151 516 εὐχῆς
3180 444 3421 498 ἕκαστον
3464 442 3618 511 πράτο

2058 556 2220 601 τοιτο,
2253 541 2318 610 τῇ
2354 539 2489 609 πρὸς
2519 538 2579 592 τὸ
2624 537 3057 611 σπουδαζόμενον
3092 534 3273 605 εὐοδίᾳ
3320 533 3425 586 τοῦ
3464 532 3621 602 ἀμαρ-

2057 629 2236 684 τάνειν
2267 629 2738 699 ἀποτραπήσεται,
2784 626 2995 690 οὐδενὸς
3041 623 3285 677 ἐναντίου
3327 623 3435 691 τὴν
3467 620 3621 690 ψυχὴν

2059 719 2192 787 πρὸς
2236 716 2405 780 πάθος
2455 717 2823 779 καθέλκοντος.
2869 717 2933 768 Εἰ
2969 715 3026 768 δὲ
3072 711 3315 774 ἀποστὰς
3363 708 3464 763 τοῦ
3505 708 3620 762 Θεοῦ

2058 808 2177 871 ὅλος
2205 808 2411 877 γένοιτο
2438 808 2537 874 τῆς
2564 807 2828 877 σπουδῆς,
2859 806 3070 875 ἀνάγκη
3101 804 3251 857 πᾶσα
3280 802 3379 855 τὸν
3409 798 3515 864 ἔξω
3542 797 3620 851 τοῦ

2060 900 2194 953 Θεοῦ
2219 900 2345 954 ὄντα
2373 902 2430 954 ὲν
2450 899 2529 970 τῷ
2561 898 2785 970 ἐναντίῳ
2816 898 3030 960 πάντως
3056 889 3218 948 εἷναι.
3247 887 3622 963 Χωρίζεταιὸὲ

2057 991 2151 1044 τοῦ
2197 990 2353 1055 Θεοῦ,
2386 993 2415 1045 ὁ
2450 991 2525 1062 μὴ
2551 991 2834 1045 συνάπτων
2857 989 3047 1042 ἑαυτὸν
3087 986 3176 1040 διὰ
3218 984 3537 1056 προσευχῆς
3559 980 3624 1049 τῷ

2058 1080 2197 1151 Θεῷ.
2242 1079 2450 1133 Οὐκοῦν
2484 1080 2641 1134 τοῦτο
2667 1081 2773 1152 χρὴ
2824 1077 3089 1150 πρότερον
3129 1077 3279 1147 ἡμᾶς
3319 1071 3626 1143 διδαχθῆναι

2057 1171 2135 1242 τῷ
2162 1172 2325 1243 λόγῳ,
2353 1173 2435 1225 ὅτι
2463 1174 2545 1225 δεῖ
2582 1172 2809 1225 πάντοτε
2840 1166 3257 1240 προσεύχεσθαι,
3294 1166 3396 1218 καὶ
3433 1163 3509 1233 μὴ
3549 1163 3628 1214 ὲκ-

2059 1262 2268 1313 κακεῖν.
2328 1261 2422 1313 Ἐκ
2465 1261 2575 1330 γὰρ
2620 1258 2713 1313 τοῦ
2756 1256 3150 1330 προσεύχεσθαι
3186 1253 3534 1324 περιγίνεται
3578 1248 3629 1302 τὸ

2063 1350 2199 1419 μετά
2241 1349 2377 1404 Θεοῦ
2416 1346 2583 1407 εἶναι.
2622 1349 2681 1403 '0
2723 1348 2779 1402 δὲ
2826 1349 2962 1420 μετά
2986 1347 3120 1402 Θεοῦ
3145 1346 3244 1411 ὣν,
3269 1345 3367 1399 τοῦ
3398 1346 3626 1398 ἀντικει-

395 1464 501 1518 que
536 1456 778 1504 tutamen
809 1455 913 1511 est,
940 1448 1034 1501 irae
1065 1445 1390 1509 moderatio,
1427 1444 1698 1513 superbia:
1752 1440 1960 1496 sedatio

2069 1440 2225 1510 μένου
2254 1440 2596 1514 κεχώρισται.
2632 1441 2912 1514 Προσευχὴ
2942 1440 3297 1511 σωφροσύνης
3329 1437 3453 1490 ἐστὶ
3483 1436 3630 1504 φυλα-

394 1550 560 1610 atque
592 1540 884 1608 repressio,
918 1538 1245 1607 injuriarum
1302 1536 1511 1590 tenacis
1542 1533 1816 1588 memoriae
1867 1547 1961 1586 ex-

395 1630 670 1701 purgatio,
700 1629 916 1683 invidiae
973 1626 1304 1698 pruﬂigatio,
1359 1624 1643 1694 injustitiat
1692 1620 1958 1684 sublatio,

394 1722 691 1793 impietatis
722 1721 1017 1775 correctio.
1062 1717 1252 1773 Oratio
1283 1731 1580 1787 corporum
1634 1714 1805 1769 robur
1854 1719 1959 1779 est,

396 1811 734 1866 abundantia
760 1808 978 1874 domus,
1004 1816 1153 1863 recta
1183 1808 1325 1877 juris
1352 1822 1416 1862 ac
1450 1806 1626 1876 legum
1658 1805 1714 1858 in
1744 1801 1964 1857 civitate

393 1902 736 1965 constitutio,
774 1900 920 1970 regni
947 1899 1115 1965 vires,
1156 1899 1282 1953 belli
1326 1897 1650 1967 tr0phaeum,
1686 1893 1839 1964 pacis
1872 1907 1962 1948 se-

396 1991 637 2054 curitas,
697 1990 1077 2046 dissidentium
1142 1989 1486 2052 conciliatio,
1541 1987 1962 2056 conjunctorum

395 2083 759 2137 conservatio.
801 2080 987 2136 Oratio
1010 2081 1345 2152 virginitatis
1376 2079 1613 2149 sigillum
1636 2090 1738 2142 est,
1772 2077 1965 2129 matri-

397 2171 562 2227 monii
600 2171 755 2236 lides,
790 2172 1095 2226 viatoribus
1127 2181 1342 2227 scutum
1363 2211 1378 2235 ,
1432 2171 1822 2225 dormientium
1854 2185 1965 2233 euv

397 2272 543 2328 stos,
597 2263 940 2333 vigilantium
990 2263 1211 2326 ﬁducia,
1267 2262 1627 2332 agricolarum
1685 2258 1959 2324 fertilitas,

397 2353 766 2421 navigantium
803 2353 974 2407 salus.
1016 2352 1205 2406 Oratio
1262 2365 1482 2405 reorum
1511 2359 1566 2405 et
1596 2364 1818 2405 causam
1875 2348 1962 2403 di-

397 2441 636 2495 centium
664 2440 914 2508 patrona,
953 2440 1241 2494 noxiorum
1265 2454 1329 2493 ac
1357 2439 1665 2493 vinctorum
1701 2438 1964 2493 relaxatio

397 2538 561 2602 atque
615 2532 836 2594 solutio,
899 2531 1248 2602 fatigatorum
1298 2530 1549 2600 requies,
1612 2531 1961 2585 maerentium

398 2622 723 2685 consolatio,
747 2621 1096 2692 gaudentium
1122 2619 1288 2673 animi
1318 2618 1630 2683 delectatio,
1662 2618 1964 2687 lugentium

397 2711 675 2775 solatium,
716 2710 937 2780 nuptias
977 2708 1420 2764 contrahentium
1468 2721 1691 2771 corona,
1733 2705 1965 2759 natalitii

399 2801 520 2857 festi
546 2802 859 2868 celebratio,
879 2800 1227 2855 morientium
1267 2798 1456 2853 funus.
1495 2796 1705 2861 Oratio,
1732 2812 1964 2851 conver-

398 2891 538 2945 satio
569 2888 1067 2958 sermocinatioque
1110 2903 1233 2943 cum
1289 2886 1398 2943 Deo
1452 2896 1557 2954 est,
1618 2888 1795 2942 visum
1827 2887 1963 2943 effu-

398 2981 660 3051 gientium
695 2980 1107 3049 contemplatio,
1153 2994 1341 3034 eorum
1383 2994 1505 3049 quae
1558 2979 1963 3048 concupiscun-

397 3080 509 3135 tur,
540 3080 687 3125 certa
713 3069 884 3126 fides:
912 3069 1156 3139 ejusdem
1188 3085 1311 3124 cum
1346 3070 1553 3141 angelis
1582 3071 1807 3127 honoris
1837 3087 1967 3126 con-

399 3161 557 3226 ditio,
586 3162 853 3215 bonorum
887 3175 1214 3230 progressus
1245 3169 1299 3215 et
1330 3161 1748 3226 incrementum,
1793 3163 1965 3218 malo-

400 3268 520 3307 rum
578 3250 887 3315 subvez-sio,
954 3258 1302 3321 peccatorum
1352 3253 1683 3316 emendatio,
1721 3260 1965 3324 przesen-

400 3343 536 3396 tium
594 3341 846 3404 fructus,
915 3341 1220 3396 futurorum
1282 3343 1716 3411 comprehensio.
1779 3342 1966 3399 Oratio

398 3433 549 3489 Jonre
580 3433 797 3503 quidem
844 3440 1023 3487 cetum
1075 3432 1298 3488 domum
1357 3433 1642 3490 eﬂ'ecit":
1682 3436 1964 3490 Ezechiam

401 3540 528 3580 vero
558 3540 620 3579 ex
664 3527 835 3594 portis
866 3526 1060 3580 mortis
1095 3524 1161 3579 ad
1203 3526 1373 3581 vitam
1426 3527 1643 3581 reduxit
1671 3527 1750 3580 ηε
1788 3528 1965 3581 tribus

400 3615 1066 3672 autem-adolescentibus
1120 3615 1174 3669 in
1213 3624 1438 3672 ventum
1491 3627 1767 3671 rorantem
1816 3616 1968 3671 llam-

399 3722 543 3761 mam
585 3707 957 3774 convertit";
1013 3706 1281 3762 Israelilis
1323 3707 1588 3763 adversus
1634 3708 1966 3764 Amalecitas

399 3797 696 3865 trophaeum
731 3799 905 3852 erexit
936 3798 1001 3861 ¹⁶,
1041 3805 1093 3852 et
1124 3806 1341 3853 centum
1397 3798 1680 3869 octoginta
1723 3799 1967 3869 quinque

399 3887 567 3941 millia
598 3888 951 3958 Assyriorum
981 3903 1087 3943 una
1115 3897 1277 3945 nocte
1305 3889 1487 3959 gladio
1518 3890 1781 3945 invisibili
1842 3905 1967 3960 pro-

398 3979 595 4033 stravit
619 3981 684 4033 ".
723 3980 898 4048 Atque
926 3988 1181 4035 sexcenta
1214 3990 1409 4050 praeter
1446 3982 1561 4036 haec
1600 3998 1666 4036 ex
1709 3982 1795 4044 iis,
1847 3998 1966 4052 qua?

394 4067 506 4138 jam
535 4069 874 4132 acciderunt,
898 4071 1145 4137 exempla
1180 4070 1305 4124 licet
1333 4071 1611 4126 invenire:
1645 4073 1843 4142 quibus
1865 4089 1964 4144 pa-

400 4162 508 4216 lam
540 4161 617 4224 fit,
648 4161 787 4215 nihil
815 4178 879 4217 ex
915 4163 1002 4226 iis,
1033 4178 1153 4231 quae
1194 4179 1289 4233 per
1321 4164 1462 4218 hanc
1495 4165 1661 4218 vitam
1708 4167 1965 4220 coluntur

2062 1533 2304 1603 κτήριον,
2333 1533 2505 1604 θυμοῦ
2539 1534 2897 1602 παιδαγωγία,
2931 1533 3098 1602 τύφου
3140 1527 3473 1599 καταστολὴ,
3506 1544 3626 1596 μνηο

1994 1604 2035 1658 Β
2065 1621 2316 1685 σικακίας
2368 1622 2698 1694 καθάρσιον,
2748 1622 2945 1692 φθόνου
3004 1619 3322 1691 καθαίρεσις
3351 1659 3369 1685 ,
3430 1615 3628 1685 ἀδικίας

2064 1709 2358 1781 ἀναίρεσις,
2400 1713 2655 1776 ἀσεϐείας
2688 1711 3077 1783 ἐπανόρθωσις.
3118 1707 3410 1780 Προσευχὴ
3459 1706 3627 1775 σωμά-

2060 1815 2169 1853 των
2216 1801 2362 1854 ὲστὶν
2414 1803 2585 1872 ίσχὺς,
2624 1802 2799 1866 οἰκίας
2842 1801 3083 1874 εὐθηνία,
3128 1799 3339 1863 πόλεως
3390 1796 3626 1866 εὐνομία.

2065 1890 2339 1960 βασιλείας
2366 1895 2584 1963 κράτος,
2617 1894 2850 1966 πολέμου
2883 1893 3159 1965 τρόπαιον,
3192 1892 3425 1963 εἰρήνης
3463 1889 3625 1957 ἀσφά-

2061 1981 2179 2035 λεια
2204 2021 2218 2044 ,
2263 1982 2372 2036 τῶν
2416 1984 2711 2038 διεστώτων
2761 1984 3088 2056 συναγωγὴ,
3131 1983 3236 2036 τῶν
3282 1980 3624 2035 συνεστώτων

2060 2073 2309 2144 διαμονή.
2357 2074 2638 2147 Προσευχὴ
2668 2074 2964 2146 παρθενίας
3000 2075 3117 2127 ἐστὶ
3161 2072 3428 2143 σφραγὶς,
3462 2071 3621 2140 γάμω

2062 2163 2264 2227 πίστις,
2297 2163 2595 2235 ὁδοιπόροις
2622 2165 2802 2228 ὅπλον,
2858 2161 3213 2234 κοιμωμένων
3242 2159 3446 2229 φύλα-ξ.
3477 2161 3625 2229 ἐγρη-

2062 2253 2299 2324 γορότων
2342 2254 2569 2325 θάρσος,
2614 2254 2873 2328 γεωργῶν
2922 2256 3169 2327 εὐφορία,
3204 2253 3625 2324 ναυτιλλομένων

2065 2344 2325 2414 σωτηρία.
2372 2345 2653 2416 Προσευχὴ
2693 2345 3025 2417 κρινομένων
3055 2346 3380 2420 συνήγορος,
3420 2342 3624 2412 δεδεμέ-

2063 2451 2168 2486 νων
2189 2434 2389 2500 ἄνεσις,
2416 2437 2772 2507 κεκμηκότων
2801 2437 3128 2501 ἀνάπαυσις,
3153 2436 3516 2507 λυπουμένων
3539 2450 3626 2486 πα-

2065 2527 2321 2598 ραμυθία,
2357 2528 2650 2599 χαιρόντων
2678 2527 2931 2599 θυμηδία,
2976 2528 3317 2582 πενθούντων
3351 2525 3624 2599 παράκλη-

2066 2635 2166 2682 σις,
2197 2619 2516 2688 γαμούντων
2546 2618 2825 2687 στέφανος,
2856 2617 3144 2687 γενεθλίων
3184 2618 3369 2689 ἑορτὴ,
3403 2616 3626 2683 ἀποθνη-

2066 2709 2301 2761 σκόντων
2330 2709 2596 2777 ἐντάφιον.
2628 2707 2908 2780 Προσευχὴ
2941 2708 3075 2762 Θεοῦ
3113 2709 3319 2778 ὁμιλία,
3350 2709 3465 2762 τῶν
3486 2705 3623 2775 ἀορά-

2064 2816 2173 2853 των
2228 2798 2429 2868 θεωρία
2466 2817 2481 2829 ’
2534 2799 2640 2853 τῶν
2678 2799 3086 2871 ἐπιθυμούντων
3135 2800 3503 2873 πληροφορία,
3533 2798 3623 2850 τῶν
3708 2796 3709 2803 “

2063 2891 2308 2960 ἀγγέλων
2339 2890 2610 2962 ὁμοτιμία,
2646 2890 2754 2944 τῶν
2784 2891 2965 2944 καλῶν
2993 2891 3263 2963 προκοπὴ,
3307 2891 3422 2943 τῶν
3454 2887 3620 2943 κακῶν

2066 2982 2365 3054 ἀνατροπὴ,
2395 2984 2503 3038 τῶν
2532 2985 2949 3055 ἁμαρτανόντων
2976 2984 3276 3055 διόρθωσις,
3305 2984 3420 3039 τῶν
3443 2983 3622 3052 παρόν·

2064 3092 2173 3129 των
2197 3075 2509 3137 ἀπόλαυσις,
2543 3073 2649 3127 τῶν
2686 3074 2982 3144 μελλόντων
3007 3074 3319 3136 ὑπόστασις.
3355 3068 3621 3145 Προσευχὴ

2064 3164 2143 3237 τῷ
2173 3166 2270 3235 μὲν
2310 3166 2482 3237 Ἰωνᾷ,
2515 3166 2577 3219 τὸ
2605 3166 2767 3236 κῆτος
2791 3160 2936 3219 οἶκον
2962 3166 3243 3237 ἐποίησενο
3275 3165 3367 3218 τὸν
3398 3165 3456 3218 δὲ
3496 3162 3623 3225 Ἐζε-

2066 3259 2189 3311 κίαν
2216 3256 2393 3310 αὐτῶν
2422 3256 2604 3310 πυλῶν
2628 3257 2719 3310 τοῦ
2747 3258 2973 3311 θανάτου
3008 3258 3144 3328 πρὸς
3170 3255 3269 3327 τὴν
3298 3254 3448 3328 ζωὴν
3476 3258 3620 3309 ἐπαν-

2067 3350 2270 3419 ήγαγεν
2289 3365 2302 3378 ·
2332 3351 2442 3411 τοῖς
2475 3348 2529 3401 δὲ
2561 3349 2707 3419 τρισὶ
2731 3348 2871 3412 νέοις
2899 3350 2979 3411 είς
3002 3347 3220 3419 πνεῦμα
3242 3348 3510 3421 δροσῶδες
3537 3344 3621 3414 τὴν

2068 3440 2237 3508 φλόγα
2298 3438 2552 3511 ἔτρεψεν·
2607 3441 2699 3493 καὶ
2737 3443 2847 3505 τοῖς
2918 3440 3276 3511 Ἰσραηλίταις
3339 3439 3486 3494 κατά
3528 3437 3619 3490 τῶν

2078 3532 2453 3604 Ἀμαληκιτῶν
2497 3532 2759 3604 ἀνέστησε
2803 3531 3058 3604 τρόπαιον
3082 3548 3096 3563 ·
3163 3533 3257 3586 καὶ
3297 3531 3401 3596 τάς
3448 3528 3620 3585 ἑκατὸν

2065 3621 2391 3692 ὁγδοήκοντα
2437 3621 2530 3674 καὶ
2565 3621 2726 3675 πέντε
2775 3621 3014 3691 χιλιάδας
3055 3619 3165 3674 τῶν
3205 3620 3506 3691 Ἀσσυρίων
3536 3616 3620 3688 μιᾷ

2066 3713 2219 3767 νυκτὶ
2245 3715 2310 3783 τῇ
2339 3713 2553 3783 ἀοράτῳ
2582 3713 2846 3783 ῥομφαίᾳ,
2878 3713 3274 3785 κατέστρωσεν.
3317 3713 3432 3766 Καὶ
3469 3710 3619 3782 μυρία

2067 3787 2206 3874 πρίῖς
2230 3803 2441 3868 τούτοις
2484 3806 2628 3860 Εττιν
2656 3805 2837 3874 εὑρεῖν
2874 3804 2939 3856 ὲκ
2979 3803 3087 3857 τῶν
3119 3804 3222 3874 ἤδη
3253 3802 3619 3875 γεγενημένων

2064 3898 2134 3950 τὰ
2176 3896 2564 3965 ὑποδείγματα,
2597 3894 2663 3947 δι’
2694 3888 2768 3948 ὧν
2821 3895 3053 3965 φανερὸν
3080 3894 3322 3963 γίνεται,
3366 3895 3431 3948 τὸ
3476 3893 3617 3964 μηδὲν

2064 3988 2164 4057 τῆς
2208 3985 2507 4058 προσευχῆς
2550 3979 2688 4038 εἶναι
2733 3986 2842 4039 τῶν
2905 3984 3043 4038 κατὰ
3092 3985 3190 4056 τὴν
3242 3984 3389 4057 ζωὴν
3444 3984 3618 4056 τιμίων

2066 4079 2354 4150 ἀνώτερον.
2404 4076 2564 4141 Ἀλλά
2595 4077 2784 4149 καιρὸς
2832 4076 2895 4130 ἃν
2931 4077 3016 4148 εἴη
3053 4079 3186 4148 πρὸς
3213 4078 3384 4147 αὐτὴν
3409 4078 3507 4151 ἤδη
3534 4075 3615 4146 τὴν

2067 4169 2369 4243 προσευχὴν
2394 4167 2753 4239 ἀηοληθῆναι
2776 4183 2791 4199 ο
2827 4168 3023 4239 μᾶλλον
3053 4167 3110 4220 δὲ
3146 4168 3340 4240 μικρὸν
3364 4168 3445 4222 ἔτι
3471 4181 3615 4239 προσ⁶

398 4257 454 4306 et
485 4252 536 4304 in
566 4252 740 4320 pretio
772 4262 919 4313 sunt,
967 4252 1201 4305 orationi
1263 4262 1542 4322 prmstare.
1585 4252 1691 4308 Sed
1751 4263 1960 4325 tempus

2070 4260 2249 4330 θῶμεν
2280 4257 2357 4329 τῷ
2397 4258 2558 4327 λόγῳ,
2585 4259 2665 4311 ὅτι
2688 4256 2894 4312 πολλῶν
2917 4258 3011 4310 καὶ
3039 4258 3395 4312 παντοδαπῶν
3419 4256 3613 4335 ἀγαθῶν

399 4341 583 4400 fuerit,
617 4341 726 4409 jam
770 4342 873 4411 ipsi
927 4343 1159 4396 orationi
1216 4358 1436 4412 operam
1494 4345 1663 4399 dare:
1714 4345 1963 4415 quinimo

398 4427 681 4498 paululum
715 4430 875 4483 etiam
911 4433 1153 4484 sermoni
1195 4432 1376 4486 adhuc
1429 4433 1773 4503 adjiciamus,
1819 4435 1963 4505 quod

400 4530 524 4570 cum
567 4517 736 4569 multa
764 4531 827 4570 ac
857 4518 1007 4572 varia
1041 4533 1071 4571 a
1129 4519 1309 4573 divina
1369 4521 1545 4589 gratia
1602 4520 1744 4575 bona
1804 4524 1963 4579 nobis

397 4605 716 4676 obtigerint,
738 4621 906 4661 unum
941 4608 1043 4663 hoc
1066 4610 1135 4664 ad
1166 4612 1582 4667 retributionem
1608 4628 1819 4679 eorum,
1841 4632 1962 4685 quae

399 4695 731 4766 accepimus,
781 4696 1062 4761 habemus,
1104 4708 1163 4753 ut
1196 4716 1292 4770 per
1325 4704 1625 4757 orationem
1675 4706 1880 4774 pariter
1909 4715 1963 4762 et

397 4786 696 4859 gratiarum
734 4788 1026 4854 actionem,
1072 4788 1474 4846 benefactorem
1525 4809 1957 4851 remuneremur.

481 4876 751 4936 Existimo
768 4881 951 4952 igitur,
966 4880 1110 4952 quod
1126 4879 1173 4935 si
1189 4882 1270 4936 vel
1288 4893 1561 4953 pertotam
1596 4885 1759 4939 vitam
1795 4901 1960 4940 oran-

395 4966 466 5024 do
492 4977 655 5037 atque
684 4969 890 5036 gratias
917 4968 1128 5037 agendo
1154 4972 1668 5031 sermocinationem
1692 4992 1817 5031 cum
1851 4977 1962 5033 Deo

395 5056 801 5121 continuemus,
836 5065 1049 5111 tantum
1082 5059 1152 5114 ab
1180 5074 1265 5123 ea,
1310 5077 1474 5132 quam
1506 5065 1622 5121 fieri
1653 5081 1752 5136 par
1790 5075 1956 5132 esset,

396 5148 757 5203 retributione
786 5148 1027 5203 abfuturi
1064 5151 1259 5217 simus,
1287 5164 1551 5223 quantum
1581 5159 1628 5213 si
1655 5174 1756 5213 nec
1783 5159 1958 5214 omni-

396 5250 468 5289 no
495 5237 714 5307 quidem
747 5238 818 5293 ab
873 5240 1032 5294 initio
1091 5244 1430 5299 remunerari
1463 5245 1863 5302 benefactorem
1902 5247 1959 5300 in

472 5430 515 5461 η
545 5429 679 5485 an.
711 5449 864 5496 xvm,
901 5435 954 5488 l.

401 5496 446 5530 "
475 5497 537 5553 IV
575 5499 704 5566 Reg.
754 5517 867 5565 xu,
894 5504 981 5559 35.

1032 5440 1074 5472 ¹³
1120 5440 1242 5498 Jon.
1279 5447 1398 5512 ",3
1435 5460 1554 5517 sqq.
1634 5446 1679 5480 ιδ
1702 5445 1769 5501 ιν
1807 5445 1939 5516 Reg.
1976 5461 2069 5511 xx,
2100 5446 2132 5500 5
2156 5461 2275 5517 sqq.

2073 4349 2221 4421 παρὰ
2277 4350 2377 4419 τῆς
2447 4347 2597 4411 θείας
2648 4348 2867 4418 χάριτος
2915 4349 3046 4419 ἡμῖν
3118 4346 3514 4418 ὑπαρξάντων,
3567 4344 3613 4395 ἒν

2067 4441 2222 4494 τοῦτο
2260 4439 2395 4510 πρὸς
2439 4438 2701 4494 ἀντίδοσιν
2740 4431 2815 4492 ὧν
2862 4438 3162 4509 εἰλήφαμεν
3191 4438 3416 4509 ἔχομεν,
3461 4433 3612 4491 τὸδιὰ

2068 4528 2375 4600 προσευχῆς
2401 4542 2460 4579 τε
2507 4526 2600 4579 καὶ
2646 4528 2991 4597 εὐχαριστίας
3019 4527 3107 4581 τὸν
3150 4526 3449 4599 εὐεργέτην
3478 4522 3610 4596 ἀμείί

2067 4621 2276 4674 ὕεσθαι.

2138 4883 2434 4953 Λογίζομαι
2479 4884 2655 4938 τοίνυν
2694 4886 2775 4940 ὅτι
2802 4886 2907 4940 κᾶν
2937 4887 3085 4957 πάσῃ
3110 4889 3175 4957 τῇ
3224 4885 3338 4958 ζωῇ
3375 4886 3469 4958 τὴν
3495 4881 3608 4953 πρὸς

2066 4975 2156 5027 τὸν
2204 4974 2335 5027 Θεὸν
2380 4975 2595 5045 ὁμιλίαν
2629 4977 3155 5049 συμπαρατείνωμεν
3185 4977 3610 5048 εὐχαριστοῦντες

2066 5068 2158 5121 καὶ
2183 5067 2623 5139 προσευχόμενοι,
2654 5068 2904 5124 τοσοῦτον
2937 5070 3036 5140 τῆς
3068 5070 3209 5125 κατὰ
3239 5069 3338 5141 τὴν
3367 5070 3608 5124 ἀντίδοσιν

2067 5157 2221 5222 ἀξίας
2250 5157 2670 5227 ἀπολειπόμεθα,
2707 5161 2829 5214 ὅσον
2862 5160 2911 5212 εί
2961 5160 3094 5231 μηδὲ
3122 5159 3221 5230 τὴν
3264 5161 3443 5232 ἀρχὴν
3486 5160 3608 5213 ἀντι-

2067 5246 2246 5300 δοῦναι
2272 5247 2350 5317 τῷ
2376 5249 2638 5323 εὐεργέτῃ
2666 5250 3143 5323 προεθυμήθημεν.
3192 5251 3281 5305 Ἑν
3313 5252 3465 5324 τρισὶ
3488 5245 3606 5319 τμή-

2357 5449 2399 5480 Ill
2429 5446 2562 5502 Dan.
2596 5462 2635 5513 ι,
2671 5447 2743 5503 2'5
2770 5463 2892 5518 sqq.
2972 5447 3015 5481 ¹⁶
3041 5446 3212 5503 Exod.
3240 5463 3377 5516 XVII,
3413 5449 3471 5504 11
3504 5456 3600 5515 sqq-

3499 147 3615 203 ΗΞιὸ
3708 162 3709 205 l
