3738 5984
87 232 243 286 nas
1043 227 1132 282 DE
1164 227 1516 285 ORATIONE
1553 225 1904 285 DOMINICA.
1943 260 2009 271 —
2047 227 2306 286 ORATIO
2344 228 2386 281 ι.
3219 231 3355 288 ΗΞθ

92 359 239 412 μασι
278 340 340 394 τὸ
373 339 622 411 χρονικὸν
652 340 934 410 μετρεῖται
962 339 1258 410 διάστημα,
1303 340 1380 411 τῷ
1423 357 1684 412 παρῳχη-

1854 341 2030 395 limum
2093 340 2524 396 induxissemus.
2583 339 2643 394 In
2706 347 2822 397 tres
2877 349 3060 411 partes
3115 347 3352 414 spatium

91 432 240 495 κότι,
277 430 354 502 τῷ
402 431 676 496 ἐνεστῶτι,
713 431 806 484 καὶ
836 429 916 501 τῷ
950 430 1216 501 μέλλοντι.
1277 433 1366 485 Ἐν
1398 435 1511 494 τοῖς
1539 432 1686 502 τρισὶ

1854 433 2054 502 mporis
2090 433 2394 498 dividitur;
2437 433 2490 486 in
2522 432 2877 500 praeteritum,
2910 449 3152 504 praesens
3183 443 3239 490 et
3267 435 3358 492 I'u-

91 523 314 586 τούτοις
363 525 394 593 ή
443 523 730 592 εὐεργεσία
776 521 872 575 τοῦ
925 523 1134 593 Κυρίου
1187 523 1677 593 καταλαμϐάνεται.

105 610 242 665 Ἐὰν
269 610 329 662 τὸ
358 609 588 672 ἐνεστὼς
619 609 830 681 λογίσῃ,
859 613 916 664 ἐν
946 611 1094 681 αὐτῷ
1127 610 1226 682 ζῇς
1251 628 1267 642 ο
1322 613 1416 665 ἐὰν
1453 613 1515 665 τὸ
1561 612 1687 682 μέλ-

91 701 210 763 λον,
251 701 456 762 ἐκεῖνός
505 717 588 752 σοι
621 701 729 754 τῶν
761 701 1226 772 προσδοκωμένων
1259 702 1411 766 ἐλπίς
1434 719 1447 732 ·
1502 704 1596 756 ἐὰν
1625 703 1685 755 τὸ

93 791 395 861 παρελθὸν,
423 791 524 844 οὐκ
554 790 616 844 ἂν
643 787 712 862 ἧς
742 793 872 862 πρὶν
899 793 965 846 ἂν
998 794 1126 864 παρ’
1155 793 1368 847 ἐκείνου
1410 794 1679 862 γενέσθαι.

91 882 517 954 Εὑηργετήθης,
549 884 682 936 αὐτὸ
711 883 770 936 τὸ
794 884 1044 951 γενέσθαι
1077 886 1208 954 παρ’
1241 885 1448 938 ἐκείνου
1482 884 1679 945 λαϐὼν,

95 975 194 1026 καὶ
224 973 515 1041 γενόμενος
543 973 938 1044 εὐηργετήθης,
983 976 1041 1028 ἐν
1071 975 1220 1045 αὑτῷ
1248 975 1356 1040 ζῶν
1385 975 1478 1028 καὶ
1507 975 1684 1028 κινού-

99 1079 290 1131 μενος,
321 1059 503 1123 καθώς
530 1078 692 1130 φησιν
719 1062 746 1113 ὁ
785 1061 1104 1125 Ἀπόστολος
1125 1078 1138 1091 ⁶
1167 1063 1221 1114 αί
1245 1061 1354 1115 τῶν
1383 1061 1684 1132 μελλόντων

94 1153 317 1215 ἐλπίδες
357 1153 456 1223 τῆς
499 1153 668 1223 αὐτῆς
692 1153 973 1224 ἐνεργείας
1007 1154 1288 1225 ἤρτηνται.
1335 1154 1407 1205 Σὺ
1437 1152 1494 1205 δὲ
1525 1153 1684 1222 μόνον

93 1243 192 1296 τοῦ
227 1243 521 1306 ἐνεστῶτος
565 1239 617 1294 εἴ
661 1243 870 1314 κύριος.
919 1244 1083 1296 Ὥστε
1116 1243 1217 1296 κᾶν
1255 1243 1545 1306 διαπαντὸς
1591 1243 1682 1294 εὑ-

95 1336 380 1407 χαριστῶν
406 1335 482 1404 τῷ
514 1334 632 1406 Θεῷ
662 1335 737 1407 μὴ
761 1336 1035 1408 διαλίπῃς,
1067 1336 1224 1406 μόγις
1259 1337 1352 1389 τοῦ
1393 1335 1684 1398 ἐνεστῶτος

93 1424 510 1496 ἁποπληρὼσῃς
541 1424 638 1495 τὴν
686 1424 867 1494 χάριν,
912 1423 1034 1477 οὔτε
1082 1424 1175 1476 τοῦ
1227 1425 1527 1494 μέλλοντος,
1561 1423 1684 1477 οὔτε

92 1516 194 1589 τοῦ
230 1517 616 1586 παρῳχηκότος
642 1516 886 1568 ἐπίνοιαν
911 1514 1238 1586 ἐξευρίσκων
1268 1515 1389 1568 τινὰ
1420 1515 1554 1585 πρὸς
1587 1514 1683 1586 τὴν

92 1605 211 1656 τῶν
243 1604 704 1675 χρεωστουμένων
738 1605 1028 1658 ἀντίδοσιν.
1085 1605 1276 1673 Ἡμεῖς
1325 1603 1382 1656 δὲ
1431 1604 1684 1657 τοσοῦτον

95 1791 233 1858 περὶ
282 1789 342 1841 τὸ
383 1789 606 1840 δυνατὸν
671 1787 1116 1857 εὐγνωμονοῦμεν
1145 1828 1159 1851 ,
1206 1787 1266 1838 οὐ
1313 1786 1455 1854 λέγω
1503 1789 1681 1838 πᾶσαν

95 1880 314 1950 ἡμέραν
339 1920 354 1938 ,
404 1879 517 1931 ἀλλ’
549 1879 669 1931 οὐδέ
713 1878 1000 1931 πολλοστὸν
1034 1879 1132 1948 τῆς
1172 1879 1382 1949 ἡμέρας
1424 1881 1489 1948 τῇ
1541 1877 1682 1930 κατά

93 1971 232 2022 Θεὸν
265 1969 702 2039 ἀποκλήροῦντες
733 1969 913 2039 σχολῇ.
945 1969 1040 2030 Τίς
1077 1987 1164 2038 μοι
1195 1968 1290 2034 τὴν
1319 1969 1421 2038 γῆν
1450 1968 1681 2021 ὑπεστό-

98 2078 264 2131 ρεσε;
325 2061 422 2123 Τίς
470 2060 699 2130 βάσιμον
744 2060 812 2112 δι’
859 2058 1103 2122 ἐπινοίας
1155 2059 1252 2130 τὴν
1304 2060 1473 2130 ὑγρὰν
1520 2059 1681 2127 φύσιν

92 2152 393 2221 ἐποίησεν;
442 2151 538 2213 Τίς
570 2149 736 2220 ἐπηξέ
770 2167 857 2220 μοι
899 2149 990 2202 τὸν
1025 2149 1248 2220 οὐρανὸν
1276 2149 1351 2211 ὡς
1387 2148 1678 2217 καμάραν;

92 2243 194 2305 Τίς
237 2242 489 2312 δᾳδουχεῖ
524 2259 612 2312 μοι
641 2241 738 2312 τὴν
765 2240 857 2294 τοῦ
893 2241 1043 2312 ἡλίου
1071 2240 1326 2311 λαμπάδα
1354 2256 1368 2304 ;
1422 2238 1516 2302 Τίς
1548 2239 1683 2290 ἀπο-

95 2333 308 2384 στέλλει
341 2332 519 2401 πηγάς
551 2333 606 2383 ἐν
637 2329 942 2400 φάραγξιν;
972 2331 1066 2393 Τίς
1094 2331 1354 2400 ἡτοίμασε
1385 2330 1494 2391 τοῖς
1515 2344 1682 2380 ποτα-

99 2424 221 2490 μοῖς
249 2422 350 2484 τὰς
389 2421 632 2486 διόδους;
686 2419 780 2484 Τίς
837 2438 925 2491 μοι
976 2421 1074 2487 τὴν
1119 2418 1225 2471 τῶν
1271 2417 1480 2485 ἀλόγων
1531 2416 1681 2480 ζώων

93 2512 409 2584 ὑπηρεσίαν
454 2511 748 2576 ὐπέζευξεν
775 2526 802 2575 ;.
838 2512 934 2575 Τίς
985 2528 1049 2581 με
1103 2511 1249 2563 κόνιν
1296 2510 1499 2578 ἄψυχον
1530 2508 1679 2568 ὄντα,

96 2603 245 2672 ζωῆς
274 2621 332 2654 τε
367 2602 460 2656 καὶ
491 2601 727 2664 διανοίας
757 2603 1000 2672 μετέχειν
1030 2603 1311 2672 smine-ev;
1341 2602 1436 2664 Τίς
1461 2601 1550 2654 τὸν
1578 2617 1682 2668 πη-

95 2694 186 2745 λὸν
215 2693 426 2753 τοῦτον,
462 2694 579 2745 κατ’
609 2694 790 2744 εἰκόνα
818 2693 911 2745 τοῦ
943 2694 1086 2746 θείου
1135 2697 1477 2763 χαρακτῆρος
1515 2692 1682 2762 ἐμόρ-

98 2800 318 2851 φωςεν;
369 2784 464 2848 Τίς
499 2784 850 2854 συγχεθεῖσαν
879 2786 937 2836 ὲν
986 2785 1108 2853 ἐμοὶ
1152 2783 1239 2835 διὰ
1281 2783 1380 2852 τῆς
1413 2783 1684 2853 ἁμαρτίας

98 2874 196 2942 τὴν
243 2873 394 2926 θείαν
429 2874 612 2926 εἰκόνα
651 2875 811 2928 πάλιν
841 2875 919 2937 εἰς
963 2874 1061 2943 τὴν
1091 2872 1323 2943 ἀρχαίαν
1371 2873 1683 2942 ἐπανήγαγε

101 2965 300 3034 χάριν;
331 2965 428 3027 Τίς
458 2964 825 3028 ἐξοικισθέντα
856 2981 921 3034 με
952 2963 1047 3017 τοῦ
1083 2962 1429 3033 παραδείσου,
1465 2963 1560 3016 καὶ
1587 2961 1680 3015 τοῦ

103 3053 267 3118 ξύλου
291 3053 390 3123 τῆς
420 3053 561 3124 ζωῆς
589 3053 692 3118 ἔξω
723 3056 1026 3124 γενόμενον,
1055 3055 1147 3109 καὶ
1184 3053 1263 3122 τῷ
1296 3054 1553 3126 βαράθρῳ
1581 3055 1678 3124 τῆς

101 3144 297 3214 ὑλικῆς
323 3144 467 3214 ζωῆς
499 3145 969 3213 συγκαλυφθέντα,
1015 3147 1106 3198 ἐπὶ
1137 3144 1233 3214 τὴν
1265 3144 1486 3216 πρώτην
1534 3144 1679 3197 ’ἐλκει

104 3235 518 3303 μακαριότητα;
559 3237 678 3287 οὐκ
711 3235 952 3307 ἔστινχό
989 3233 1240 3299 συνιὼν,
1281 3233 1443 3304 φησὶν
1477 3235 1510 3303 ἡ
1537 3235 1680 3304 Γρα-

101 3325 198 3393 φή.
232 3320 310 3375 Ἦ
336 3326 444 3393 γὰρ
466 3323 530 3376 ἂν
562 3324 696 3394 πρὸς
724 3324 894 3376 ταῦτα
918 3309 1170 3394 ὁρῶντες,
1221 3324 1450 3394 ἄληκτον
1490 3323 1556 3376 ἂν
1590 3324 1683 3375 καὶ

99 3415 527 3470 ἀκατάπαυστον
548 3415 605 3467 ἐν
627 3415 788 3468 παντὶ
815 3413 890 3484 τῷ
919 3412 1014 3484 τῆς
1043 3413 1186 3486 ζωῆς
1214 3415 1562 3484 διαστήματι,
1585 3413 1682 3482 τὴν

101 3504 454 3573 εὐχαριστίαν
503 3503 963 3574 ἀπεπληροῦμεν·
1017 3503 1134 3557 νυνὶ
1163 3503 1218 3556 δέ
1261 3503 1396 3573 πρὸς
1432 3503 1590 3572 μόνον
1622 3503 1684 3554 τὸ

102 3597 289 3650 ὑλικὸν
321 3597 470 3648 πᾶσα
516 3596 701 3666 σχεδὸν
741 3597 1040 3667 ἐγρήγορεν
1079 3597 1112 3665 ἡ
1157 3594 1468 3666 ἀνθρωπίνη
1500 3595 1680 3662 φύσις.

101 3686 253 3755 Πρὸς
280 3684 436 3738 τοῦτο
466 3687 497 3756 ὴ
540 3685 742 3757 σπουδή
767 3703 780 3716 ’
834 3689 893 3740 ἐν
920 3685 1094 3755 τούτῳ
1124 3687 1157 3756 ἡ
1184 3684 1462 3755 προθυμία
1493 3699 1508 3712 ·
1543 3684 1684 3755 ’περὶ

97 3775 276 3830 ταῦτα
296 3777 444 3846 καὶὴ
473 3778 657 3848 μνήμη
687 3777 782 3829 καὶ
819 3778 851 3847 ή
883 3777 1037 3840 ἐλπὶς
1069 3777 1417 3844 καταγίνεται
1436 3794 1449 3806 ·
1483 3776 1683 3838 ἄῦπνός

98 3866 222 3917 ἐστι
254 3865 347 3916 καὶ
373 3865 670 3936 ἁκοίμητος
703 3867 838 3936 πρὸς
872 3867 971 3935 τὴν
993 3865 1088 3918 τοῦ
1121 3866 1363 3929 πλείονος
1387 3866 1682 3937 ἐπιθυμίαν

97 3958 135 4024 ἡ
168 3953 486 4024 ἀνθρωπίνη
515 3956 677 4024 φύσις
706 3957 763 4008 ἐν
787 3957 950 4010 παντὶ
985 3957 1287 4027 πράγματι,
1313 3959 1368 4009 ἐν
1389 3951 1432 4025 ᾧ
1459 3958 1682 4013 δυνατόν

97 4047 253 4096 ἐστιν
278 4043 623 4114 ἐξευρεθῆναι
655 4045 714 4098 τὸ
754 4046 913 4098 πλέον
937 4062 952 4076 ·
1003 4047 1112 4098 εἴτε
1140 4047 1280 4099 κατά
1308 4048 1469 4118 τιμήν
1501 4065 1558 4100 τε
1589 4050 1684 4102 καὶ

94 4135 282 4200 δόξαν,
316 4136 422 4188 εἴτε
453 4136 594 4189 κατά
615 4136 712 4208 τὴν
739 4137 847 4189 τῶν
880 4137 1174 4208 χρημάτων
1201 4139 1536 4208 περιουσίαν,
1570 4142 1681 4195 εἴτε

95 4227 248 4281 κατά
280 4228 377 4299 τὴν
405 4229 499 4281 τοῦ
533 4229 704 4300 θυμοῦ
731 4231 907 4295 νόσον,
943 4230 1217 4300 πανταχοῦ
1256 4231 1388 4302 πρὸς
1414 4231 1476 4284 τὸ
1520 4232 1680 4286 πλέον

97 4324 161 4373 ἐν
212 4320 418 4384 τούτοις
452 4325 485 4392 ἡ
536 4323 694 4391 φύσις
745 4323 950 4394 βλέπει.
1009 4323 1129 4377 Τῶν
1173 4323 1230 4376 δὲ
1271 4324 1538 4395 ἀληθινῶν
1584 4326 1677 4380 τοῦ

93 1699 198 1765 τῆς
241 1697 382 1750 κατά
415 1695 643 1766 δύναμιν
695 1695 1041 1767 εὐχαριστίας
1074 1695 1514 1765 ἀπολειπόμενοι,
1559 1694 1680 1747 οὐδὲ
1713 1672 1757 1727 Β

1786 531 1996 577 turum.
2034 523 2092 578 In
2129 525 2308 578 tribus
2343 524 2429 578 his
2454 522 2778 578 beneﬁcium
2810 524 3022 578 Domini
3052 527 3356 596 deprehen-

1784 613 1980 681 ditur;
2023 615 2068 668 si
2122 616 2268 684 quod
2319 630 2562 684 praesens
2613 623 2700 670 est
2757 615 3212 679 consideraveris,
3257 633 3357 687 per

1785 707 1966 776 ipsum
1998 705 2176 760 vivis:
2222 706 2269 760 si
2319 704 2588 771 futurum,
2634 705 2726 760 ille
2775 707 2872 761 tibi
2909 721 3096 761 earum
3149 723 3353 770 rerum,

1784 814 1904 867 quae
1935 804 2064 852 sunt
2092 797 2146 850 in
2170 799 2600 866 exspectatione,
2630 813 2755 867 spes
2783 805 2866 853 est
2887 815 2901 851 :
2921 797 2968 853 si
2999 799 3355 868 praeteritum,

1784 905 1894 943 non
1933 904 2110 952 esses,
2152 889 2257 944 nisi
2283 889 2434 958 prius
2455 889 2636 943 abillo
2663 889 2840 945 factus
2873 907 3044 946 esses.
3073 890 3126 945 Id
3152 892 3355 960 ipsum,

1786 981 1932 1049 quod
1964 988 2129 1036 natus
2177 996 2262 1047 es,
2328 981 2396 1034 ab
2448 982 2540 1036 illo
2573 981 2893 1037 beneﬁcium
2945 985 3225 1054 accepisti.
3277 983 3356 1037 Ac

1785 1079 2080 1141 postquam
2125 1079 2287 1126 natus
2336 1087 2418 1135 es,
2471 1072 2738 1127 beneﬁcio
2786 1073 3047 1137 alﬁceris,
3096 1075 3223 1129 dum
3260 1089 3358 1144 per

1785 1163 1938 1216 illum
1969 1169 2024 1216 et
2053 1161 2215 1225 vivis,
2248 1172 2302 1217 et
2341 1165 2601 1231 moveris,
2647 1173 2707 1220 ut
2759 1165 2937 1234 inquit
2976 1165 3354 1234 Apostolus“.

1787 1250 1992 1308 Rerum
2035 1250 2342 1306 futurarum
2376 1267 2502 1321 spes
2535 1269 2602 1308 ex
2635 1254 2826 1308 eadem
2865 1254 3101 1309 etIicacia
3136 1255 3353 1322 pendet.

1787 1339 1870 1395 Tu
1900 1355 2032 1396 vero
2061 1341 2233 1396 solius
2266 1343 2556 1410 praesentis
2585 1358 2812 1413 compos
2842 1360 2923 1399 es.
2968 1345 3157 1414 Itaque
3191 1344 3236 1399 si
3274 1345 3357 1398 vel

1786 1447 1884 1500 per
1907 1446 2069 1486 omne
2100 1447 2272 1502 usque
2301 1439 2517 1502 tempus
2542 1434 2666 1488 vitae
2688 1435 2892 1503 gratias
2924 1450 3085 1504 agere
3112 1434 3222 1488 Deo
3248 1449 3356 1488 non

1785 1520 2171 1584 intermiseris,
2203 1521 2293 1574 vix
2329 1522 2615 1588 praesentis
2648 1523 2911 1592 temporis
2973 1523 3204 1591 gratiam
3262 1538 3358 1577 ex-

1785 1609 2000 1680 plebis:
2046 1625 2171 1662 cum
2209 1609 2427 1662 interim
2463 1611 2668 1663 nullam
2720 1610 2988 1664 rationem
3049 1611 3358 1680 excogitare

1786 1701 1988 1771 possis,
2023 1714 2131 1770 qua
2157 1699 2243 1755 vel
2275 1699 2444 1754 futuri
2471 1701 2556 1754 vel
2587 1701 2845 1769 praeteriti
2879 1702 3141 1770 temporis
3171 1700 3356 1755 debita

1783 1799 2230 1860 compensentur.
2262 1789 2374 1845 Nos
2405 1800 2609 1857 autem,
2647 1792 2737 1860 qui
2772 1797 2984 1844 tantum
3025 1791 3288 1845 absumus
3327 1809 3358 1845 a

1782 1890 2054 1951 potestate
2084 1879 2278 1934 debitae
2312 1881 2611 1949 gratiarum
2650 1882 2903 1947 actionis,
2936 1897 3005 1936 ne
3036 1882 3088 1934 in
3135 1897 3200 1936 eo
3233 1883 3358 1952 qui-

1781 1971 1928 2035 dem,
1958 1970 2101 2039 quod
2134 1985 2163 2024 a
2195 1970 2352 2024 nobis
2387 1972 2501 2024 ﬁeri
2532 1979 2733 2039 potest,
2769 1971 2936 2024 animi
2968 1972 3354 2039 gratitudinem

1781 2067 2134 2130 praestamus,
2165 2075 2273 2114 non
2305 2059 2430 2114 dico
2469 2069 2643 2114 totum
2676 2060 2850 2119 diem,
2883 2060 2975 2114 sed
3006 2078 3075 2115 ne
3109 2064 3356 2131 exiguam

1782 2150 2002 2220 quidem
2033 2149 2141 2204 diei
2203 2158 2411 2219 partem
2468 2151 2742 2203 vocationi
2778 2151 2972 2204 divina:
3031 2153 3355 2206 tribuentes.

1782 2238 1917 2304 Quis
1949 2237 2081 2290 mihi
2116 2245 2316 2291 terram
2345 2238 2693 2293 substravit?
2724 2238 2859 2303 Quis
2893 2240 3134 2308 perviam
3187 2239 3360 2294 soler-

1782 2331 1858 2382 tia
1891 2335 2054 2397 atque
2082 2327 2353 2381 industria
2388 2336 2641 2382 naturam
2674 2329 2951 2382 humidam
3015 2329 3184 2384 fecit?
3225 2330 3360 2396 Quis

1784 2419 1897 2472 ﬁxit
1939 2419 2069 2472 mihi
2107 2419 2305 2472 caelum
2331 2426 2592 2488 tanquam
2625 2421 2942 2474 cameram?
2976 2420 3110 2485 Quis
3144 2422 3361 2489 praafett

1783 2513 1916 2566 mihi
1949 2511 2122 2565 facem
2164 2512 2343 2567 solis?
2377 2511 2512 2578 Quis
2547 2513 2745 2566 emittit
2785 2512 2961 2568 fontes
2994 2514 3050 2567 in
3096 2515 3362 2571 convalli~

1781 2603 1929 2658 bus?
1962 2601 2094 2667 Quis
2123 2604 2336 2670 paravit
2379 2604 2632 2658 amnibus
2662 2604 2864 2667 alveos,
2904 2618 3001 2674 per
3059 2620 3199 2673 quos
3260 2603 3359 2659 de~

1782 2693 2051 2746 currant?
2091 2691 2225 2756 Quis
2262 2691 2396 2745 mihi
2431 2692 2722 2745 brutorum
2759 2692 3076 2745 animalium
3113 2692 3360 2746 ministe-

1782 2787 1920 2839 rium
1957 2784 2233 2852 subjecit?
2260 2783 2394 2848 Quis
2425 2798 2509 2836 me
2538 2797 2661 2836 cum
2699 2783 2875 2852 pulvis
2929 2783 3212 2838 inanimus
3265 2799 3354 2837 es-

1783 2891 1918 2939 sem,
1953 2876 2072 2929 vita:
2101 2875 2305 2944 pariter
2330 2881 2384 2927 et
2418 2874 2616 2928 mentis
2648 2873 2965 2941 participem
2994 2873 3171 2928 fecit?
3213 2873 3351 2938 Quis

1784 2968 1888 3022 hoc
1916 2967 2088 3021 lutum
2142 2967 2210 3020 ad
2246 2965 2537 3035 imaginem
2581 2965 2767 3036 ﬁgurae
2813 2966 3009 3020 divinae
3061 2964 3358 3020 formavit?

1787 3059 1921 3125 Quis
1952 3055 2246 3126 imaginem
2275 3055 2516 3111 divinam
2551 3070 2647 3124 per
2677 3067 2961 3125 peccatum
3008 3056 3062 3109 in
3095 3071 3182 3110 me
3227 3071 3361 3110 con-

1782 3149 1963 3204 fusam
1992 3147 2059 3201 ad
2095 3147 2388 3215 pristinum
2423 3163 2619 3202 rursus
2648 3147 2896 3214 decorem
2932 3147 3192 3202 reduxit?
3219 3147 3355 3212 Quis

1781 3255 1869 3295 me
1895 3239 2110 3309 pulsum
2141 3238 2420 3308 paradiso,
2459 3245 2513 3292 et
2543 3238 2691 3305 ligno
2717 3239 2842 3292 vita:
2881 3239 3177 3308 privatum,
3217 3246 3271 3293 et
3305 3241 3362 3294 in

1781 3329 2101 3384 barathrum
2139 3328 2440 3382 materialis
2470 3329 2594 3382 vita:
2630 3329 2964 3392 demersum,
3024 3332 3089 3385 ad
3123 3331 3359 3400 primam

1782 3420 1951 3474 trahit
1981 3417 2415 3473 beatitudinem?
2447 3417 2569 3471 Non
2606 3427 2682 3471 est
2722 3421 2814 3488 qui
2847 3422 3147 3490 intelligat,
3181 3423 3362 3492 inquit

1786 3508 2072 3578 Scriptura
2096 3512 2158 3564 '9.
2195 3509 2331 3563 Nam
2359 3507 2628 3578 profecto,
2662 3511 2706 3564 si
2729 3511 2842 3564 haec
2872 3511 3360 3580 perpenderemus,

1784 3602 2157 3657 continentem
2192 3609 2246 3655 et
2270 3600 2571 3664 assiduam,
2604 3617 2700 3670 per
2726 3617 2888 3656 omne
2923 3603 3046 3657 vitae
3081 3605 3359 3672 spatium,

1783 3693 2080 3764 gratiarum
2116 3692 2386 3746 actionem
2423 3699 2813 3760 praestaremus
2842 3709 2856 3744 :
2892 3707 3038 3746 nunc
3070 3707 3199 3748 vero
3229 3695 3281 3746 in
3307 3694 3359 3748 id

1789 3787 1990 3848 solum,
2052 3783 2198 3853 quod
2259 3780 2540 3835 materiale
2596 3788 2700 3845 est,
2739 3783 2918 3836 omnis
2969 3785 3358 3852 prepemodum

1787 3876 2030 3929 humana
2072 3872 2315 3942 invigilat
2353 3881 2567 3925 natura.
2614 3869 2733 3926 Huc
2772 3871 3043 3927 intentum
3097 3873 3360 3940 studium,

1784 3968 1840 4021 in
1870 3967 1974 4020 hoc
2002 3973 2264 4034 occupata
2293 3961 2460 4015 animi
2492 3963 2868 4034 promptitudo
2896 3971 3060 4035 atque
3104 3965 3360 4020 alacritas

1783 4067 1905 4115 est:
1940 4059 2087 4112 circa
2120 4056 2233 4110 haec
2266 4063 2320 4110 et
2357 4055 2621 4110 memoria
2657 4063 2709 4111 et
2752 4071 2878 4127 spes
2904 4065 3191 4122 versatur;
3237 4070 3369 4127 per;

1782 4150 1913 4222 vigil
1942 4157 2000 4204 et
2046 4148 2316 4203 insomnis
2347 4146 2413 4200 ad
2450 4147 2574 4215 plus
2621 4146 2855 4203 habendi
2899 4148 3253 4218 cupiditatem
3307 4149 3361 4201 in

1783 4241 1933 4296 omni
1961 4239 2203 4309 negotio,
2237 4238 2292 4291 in
2319 4252 2428 4307 quo
2450 4237 2802 4292 commodum
2833 4239 3134 4308 excogitari
3159 4246 3358 4306 potest,

1784 4333 2022 4387 humana
2054 4336 2249 4384 natura
2281 4336 2403 4392 est;
2437 4327 2552 4383 sive
2587 4325 2655 4382 de
2688 4327 2897 4383 honore
2929 4335 2984 4383 et
3017 4328 3214 4399 gloria,
3247 4327 3362 4383 sive

95 4409 240 4463 Θεοῦ
291 4411 528 4480 ἀγαθῶν,
577 4413 734 4481 λόγος
781 4414 976 4479 οὐδεὶς,
1016 4413 1140 4467 οὔτε
1186 4413 1291 4467 τῶν
1320 4416 1676 4486 φαινομένων,

1887 4423 2045 4492 c0pia
2076 4419 2432 4491 pecuniarum
2462 4425 2692 4488 agatur:
2729 4418 2847 4473 sive
2875 4433 2936 4473 ea
2963 4433 3050 4474 res
3090 4419 3360 4488 pertineat

95 4498 228 4554 οὔτε
261 4499 366 4553 τῶν
397 4501 838 4573 ἐπηγγελμένων.
905 4503 1064 4557 Ἀλλὰ
1105 4503 1294 4574 καιρὸς
1343 4503 1409 4557 ἂν
1458 4506 1544 4575 εἴη
1585 4506 1678 4559 καὶ

94 4591 212 4646 τῶν
239 4593 337 4662 τῆς
363 4594 672 4665 προσευχῆς
701 4594 961 4667 ῥημάτων
984 4594 1242 4660 κατιδεῖν,
1277 4596 1351 4659 ὡς
1380 4595 1494 4650 ἔστι
1518 4597 1677 4652 δυνα-

96 4683 215 4744 τὸν,
248 4682 346 4753 τὴν
370 4683 627 4739 διάνοιαν.

1785 4513 1853 4569 ad
1891 4513 1986 4568 irae
2045 4511 2317 4573 morbum,
2373 4507 2429 4562 in
2469 4507 2556 4562 his
2588 4507 2846 4564 omnibus
2899 4508 2968 4563 ad
3010 4507 3358 4563 commodum

1783 4610 1978 4657 natura
2009 4601 2254 4671 respicit.
2294 4596 2562 4654 Verorum
2597 4605 2780 4652 autem
2816 4597 2909 4654 Dei
2943 4599 3211 4654 bonorum
3245 4598 3366 4652 nul-

1791 4694 1842 4746 la
1877 4693 2016 4746 ratio
2044 4692 2296 4758 habetur,
2337 4705 2517 4760 neque
2562 4690 2965 4759 apparentium,
3007 4705 3184 4759 neque
3229 4703 3360 4758 pro-

100 4772 430 4828 missorum.
496 4773 602 4830 Sed
648 4786 863 4846 tempus
923 4775 1110 4844 fuerit,
1168 4775 1335 4831 etiam
1385 4778 1681 4835 verborum
1757 4782 2024 4839 orationis
2075 4791 2342 4854 quantum
2391 4781 2512 4852 ejus
2584 4779 2701 4836 ﬁeri
2745 4787 2960 4850 potest,
3010 4779 3362 4835 considerare

97 4865 454 4921 sententiam.

170 4956 341 5026 Δῆλον
363 4956 471 5027 γὰρ
490 4957 656 5012 ὅτιτὸ
681 4961 865 5030 τυχεῖν
889 4952 964 5014 ὧν
985 4961 1307 5034 βουλόμεθα,
1343 4961 1432 5015 διὰ
1458 4961 1553 5015 τοῦ
1587 4977 1690 5032 μα-

97 5046 212 5100 θεῖν
228 5048 378 5110 ὄπως
396 5050 661 5120 προσήκει
678 5051 945 5105 ποιεῖσθαι
961 5051 1060 5123 τὴν
1075 5053 1314 5122 αττησιν,
1329 5051 1686 5122 περιγίνεται.

98 5136 196 5201 Τίς
223 5132 318 5191 οὖν
348 5138 382 5208 ή
411 5137 632 5209 διδαχῆς
664 5143 1162 5212 Προσευχόμενοι,
1195 5143 1348 5212 φησι,
1374 5141 1459 5210 μὴ
1479 5142 1689 5206 βαττο-

97 5228 430 5297 laruam-3,
460 5228 664 5299 ὥσπερ
685 5235 741 5285 ol
763 5233 1007 5318 ἐθνικοί.
1043 5234 1268 5288 Δοκοῦσι
1291 5235 1400 5303 γὰρ
1423 5233 1503 5285 ὅτι
1530 5235 1588 5285 ἐν
1613 5233 1679 5302 τῇ

97 5319 395 5391 πολυλογίᾳ
417 5321 596 5377 αὐτῶν
616 5324 1150 5397 εἰσακουσθήσονται.
1183 5325 1335 5396 Τάχα
1359 5325 1454 5395 μὲν
1475 5319 1566 5378 οὖν
1586 5323 1670 5375 αὐ·

96 5409 248 5465 τόθεν
271 5411 385 5482 ἔχει
405 5411 468 5466 τὸ
496 5413 662 5482 σαφὲς
687 5416 720 5486 ή
743 5418 838 5484 τῆς
861 5416 1205 5482 διδασκαλίας
1230 5416 1454 5482 διάνοια,
1478 5413 1680 5484 γυμνό-
1731 5404 1737 5409 ’

168 5595 212 5628 ⁸⁸
246 5595 371 5648 Act.
402 5608 536 5657 xvn,
563 5593 653 5648 28.
732 5596 775 5629 ι’
805 5595 962 5651 Rom.
998 5614 1079 5663 ιιι,
1122 5600 1207 5654 il.

1285 5599 1331 5632 ὀ
1364 5595 1551 5652 Matth.
1588 5608 1659 5660 VI,
1703 5591 1754 5647 '7.

1854 4955 2212 5025 Perspicuum
2244 4962 2330 5010 est
2367 4956 2541 5019 enim,
2578 4953 2725 5026 quod
2758 4953 2804 5010 si
2835 4951 3193 5012 didicerimus
3216 4971 3360 5029 quo-

1785 5048 1946 5104 modo
1975 5046 2294 5117 petitionem
2343 5045 2584 5103 formare
2623 5046 2936 5113 conveniat,
2969 5047 3156 5103 licebit
3198 5051 3360 5107 nobis

1783 5153 1907 5207 qua:
1950 5137 2207 5192 volumus
2271 5136 2587 5206 impetrare.
2634 5137 2895 5204 Quaenam
2953 5144 3040 5192 est
3084 5138 3253 5209 igitur
3295 5156 3359 5195 ea

1781 5227 2071 5283 doctrina?
2097 5225 2344 5290 Orantes,
2366 5227 2564 5296 inquit,
2593 5245 2656 5282 ne
2689 5230 2808 5284 sitis
2836 5228 3164 5300 βαττολόγοι,
3200 5233 3361 5285 sicuti

1789 5315 2028 5390 gentiles.
2059 5316 2414 5370 Arbitrantur
2437 5317 2583 5371 enim
2607 5334 2667 5374 se
2708 5330 2928 5391 propter
2951 5324 3359 5394 multiloquium

1790 5426 1948 5466 suum
2005 5408 2323 5465 exauditum
2374 5408 2440 5463 iri
2475 5409 2542 5463 ³ο.
2587 5409 2664 5466 Ac
2709 5416 2980 5470 sententia
3008 5416 3228 5488 quidem
3263 5417 3360 5471 do-
