3756 5988
343 231 471 286 "2'!

1563 218 1619 274 S.
1657 214 1983 273 GREGOIIII
2019 213 2317 269 NYSSENI

3439 195 3563 252 H28

334 346 527 401 ctrina:
556 341 786 399 forsitan
824 357 919 412 per
949 352 1071 394 sese
1103 337 1389 409 perspicua
1424 344 1530 402 est,
1570 343 1759 405 utpote
1793 350 1817 387 η

2083 348 2157 386 ›ον
2183 333 2314 403 ἡμῖν
2358 327 2660 392 ἐκτεθεῖσα,
2700 323 2794 378 καὶ
2820 320 2971 376 οὐδὲν
3003 316 3233 412 δεομένη
3263 315 3364 386 τῆς
3389 314 3566 412 λεπτο-

333 432 420 489 dis
469 433 652 488 verbis
700 432 860 486 nobis
900 431 1168 500 exposita,
1209 441 1309 482 nec
1345 427 1511 480 ullam
1557 425 1898 480 subtiliorem

334 523 652 577 desiderans
724 521 1241 583 considerationem,
1313 524 1676 588 praeterquam
1756 513 1901 582 quod

333 630 510 682 operae
543 613 773 682 pretium
809 620 894 668 est
925 626 1185 682 quaerere,
1206 610 1336 680 quid
1375 607 1645 677 signiticet
1676 605 1900 659 verbum

335 702 677 771 Batlologiw,
749 710 809 756 ut
866 703 1139 756 intellecta
1204 699 1494 763 sententia,
1553 699 1785 750 vitemus
1848 694 1901 747 id

333 796 478 863 quod
539 795 766 849 vetitum
818 802 872 848 et
936 793 1285 847 interdictum
1335 797 1442 844 est.
1490 787 1722 842 Videtur
1773 800 1903 855 ergo

335 885 468 938 mihi
507 887 780 956 castigare
819 885 1152 939 inﬂationem
1184 874 1350 950 atque
1382 888 1652 934 tumorem
1678 877 1898 940 mentis,

331 992 654 1047 eorumque,
710 978 806 1047 qui
858 992 977 1031 sese
1031 973 1189 1028 vanis
1232 971 1628 1042 cupiditatibus
1681 969 1904 1022 innuer—

330 1078 484 1136 gunt,
533 1070 828 1138 reprimere
859 1077 1021 1136 atque
1052 1078 1404 1136 compescere
1434 1061 1812 1122 ambitionem,
1848 1066 1903 1113 et

332 1157 538 1212 idcirco
576 1159 918 1228 peregrinam
969 1163 1022 1212 et
1060 1171 1253 1210 novam
1289 1156 1432 1208 banc
1462 1153 1759 1207 dictionem
1807 1165 1903 1205 ex-

330 1249 602 1317 cogitasse
635 1249 699 1302 ad
735 1249 1062 1318 arguendam
1115 1247 1408 1300 amentiam
1451 1259 1663 1306 eorum,
1698 1243 1792 1312 qui
1818 1257 1903 1296 va-

331 1353 524 1391 narum
578 1340 780 1408 pariter
839 1348 890 1392 et
949 1337 1225 1391 inutilium
1272 1350 1457 1391 rerum
1508 1335 1902 1404 cupiditatibus

330 1429 582 1485 diﬁluunt
625 1441 786 1501 atque
832 1431 1237 1486 distrahuntur.
1282 1428 1418 1481 Nam
1481 1427 1762 1492 cordatus,
1805 1427 1904 1481 do-

329 1527 457 1574 ctus
511 1528 563 1574 et
613 1521 946 1588 prudens,et
975 1521 1260 1574 utilitatem
1297 1519 1400 1573 sibi
1437 1520 1773 1589 propositam
1807 1521 1896 1574 ha-

331 1611 466 1666 bens
519 1627 735 1674 sermo,
784 1611 1005 1682 proprie
1066 1626 1248 1666 sermo
1297 1611 1624 1673 dicitur;at
1653 1627 1772 1680 quae
1804 1628 1900 1680 per

331 1703 546 1756 inanem
592 1703 926 1771 voluptatem
976 1702 1374 1772 cupiditatibus
1416 1703 1571 1756 vanis
1609 1702 1768 1771 quasi
1806 1719 1899 1758 su-

332 1792 684 1861 perfunditur
725 1793 925 1854 oratio,
973 1807 1081 1846 non
1109 1793 1344 1862 amplius
1371 1793 1549 1861 λόγος,
1579 1792 1632 1846 id
1666 1800 1750 1848 est
1784 1808 1898 1848 ser-

329 1899 450 1943 mo.
485 1885 580 1940 sed
625 1885 946 1955 βαττολογία
984 1893 1069 1940 est
1096 1886 1285 1956 (quasi
1311 1887 1484 1950 dicas,
1518 1887 1716 1957 linguae
1746 1888 1900 1942 volu-

330 1972 534 2037 bilitas,
567 1988 622 2030 et
662 1990 838 2029 vanus
887 1975 1091 2046 sermo)
1141 1984 1199 2030 ut
1243 1977 1444 2045 aliquis
1473 1975 1658 2032 Graece
1703 1979 1899 2034 melius

328 2070 565 2120 mentem
616 2068 901 2137 explicans
950 2060 1425 2134 ᾱὶκειυὶι,φλυαρία
1453 2089 1464 2122 ;
1497 2068 1598 2122 Ιιοε
1627 2076 1710 2123 est
1739 2071 1897 2138 quasi

331 2157 484 2213 dicas
537 2157 946 2213 eﬂ'ervescentia
1014 2165 1176 2228 atque
1226 2157 1457 2212 eﬁ'utitio
1515 2177 1528 2213 :
1586 2157 1750 2229 λῆρος
1805 2159 1899 2212 καὶ

328 2247 626 2319 (ρλήναιρος,
690 2248 793 2303 hoc
846 2257 930 2303 est
958 2248 1318 2304 deliramenta
1359 2257 1521 2318 atque
1550 2265 1724 2318 nugae,
1759 2265 1822 2304 ac
1850 2251 1896 2305 si

325 2335 470 2403 quod
498 2336 649 2389 aliud
686 2337 1016 2391 vocabulum
1041 2336 1308 2406 ejusmodi
1340 2337 1760 2407 signiﬁcationis
1790 2349 1893 2395 est.

325 2424 467 2492 Quid
500 2426 666 2495 igitur
717 2426 876 2480 nobis
925 2440 1108 2481 sermo
1146 2427 1420 2482 consulit?
1448 2426 1525 2482 Ne
1568 2429 1709 2484 idem
1753 2445 1900 2484 com-

325 2519 608 2572 mittamus
660 2519 716 2570 in
749 2525 993 2587 tempore
1026 2518 1367 2583 orationum,
1410 2519 1590 2588 qualis
1628 2521 1682 2573 in
1713 2531 1898 2578 mente

325 2609 657 2665 furiosorum
693 2624 756 2662 ac
784 2610 1080 2664 delirorum
1115 2609 1351 2663 absurda
1381 2611 1717 2680 perturbatio
1766 2629 1900 2668 con-

325 2701 505 2755 ﬂatur.
566 2699 1035 2766 Quemadmodum
1112 2701 1256 2754 enim
1327 2708 1506 2755 mente
1579 2701 1897 2771 imperfecta

326 2793 533 2863 μνωᾱίιί
561 2833 576 2857 ,
625 2808 733 2846 non
765 2793 1005 2862 cogitant
1035 2800 1096 2846 ut
1123 2791 1329 2862 aliquid
1387 2791 1490 2846 sibi
1531 2808 1596 2847 ex
1629 2795 1895 2849 sententia

322 2882 601 2946 obveniat,
634 2883 728 2937 sed
772 2897 870 2950 pro
917 2881 1152 2935 arbitrio
1185 2879 1475 2937 felicitates
1498 2881 1764 2951 quasdam
1789 2882 1896 2937 sibi

1999 423 2164 492 τέρας
2213 422 2618 489 κατανοήσεως,
2667 415 2806 486 πλὴν
2852 413 3002 478 ἀξιον
3049 407 3336 474 ἐξετάσαι,
3380 403 3435 455 τί
3479 419 3568 470 ση-

2005 515 2183 585 μαίνει
2223 515 2319 585 τῆς
2371 511 2718 584 βαττολογίας
2760 508 2822 560 τὸ
2868 507 3055 578 ῥῆμα,
3098 503 3175 566 ὡς
3209 501 3277 555 ἂν
3321 497 3570 568 μαθόντες

2001 607 2097 678 τὴν
2149 607 2404 672 διάνοιαν,
2463 605 2568 669 ἔξω
2617 601 2712 656 τοῦ
2763 594 3215 670 ἀπηγορευμένον
3261 589 3570 659 γενοίμεθα.

2001 701 2161 750 Δοκεῖ
2208 699 2386 751 τοίνυν
2441 715 2531 767 μοι
2577 693 2930 764 σωφρονίζειν
2974 689 3076 758 τὴν
3124 684 3441 756 χαυνότητα
3485 681 3575 747 τῆς

2001 789 2239 853 διανοίας
2264 828 2278 852 ,
2311 789 2404 842 καὶ
2447 787 2752 840 συστέλλειν
2783 783 2891 837 τῶν
2921 783 3040 838 ταῖς
3091 778 3352 841 ματαίαις
3393 770 3578 825 ἐπιθυ-

2005 879 2156 948 μίαις
2183 878 2613 949 ἐμϐαθυνόντων,
2652 876 2747 930 καὶ
2774 874 2862 928 διὰ
2880 872 3038 925 τοῦτο
3063 869 3160 940 τὴν
3191 868 3352 936 ξένην
3381 865 3578 929 ταύτην

2003 969 2102 1038 τῆς
2158 969 2358 1034 λέξεως
2405 969 2750 1039 καινοτομίαν
2789 962 3181 1034 ἐξευρηκέναι,
3232 957 3330 1010 ἐπὶ
3377 954 3580 1021 ἐλέγχῳ

2003 1060 2103 1128 τῆς
2134 1058 2317 1122 ἀνοίας
2343 1058 2452 1110 τῶν
2479 1058 2606 1128 περὶ
2631 1056 2700 1110 τά
2726 1052 2975 1122 ἀνωφελῆ
3004 1067 3066 1103 τε
3096 1049 3192 1102 καὶ
3229 1047 3439 1116 μάταια
3465 1044 3583 1104 cui;

2004 1148 2314 1218 ἐπιθυμίαις
2344 1147 2724 1218 διαχεομένων.
2768 1145 2825 1198 'O
2853 1141 2963 1213 γὰρ
2987 1141 3211 1211 ἔμφρων
3233 1153 3294 1189 τε
3338 1135 3436 1187 καὶ
3463 1148 3582 1186 συν-

2001 1241 2140 1303 ετὸς,
2172 1241 2266 1292 καὶ
2319 1241 2454 1310 πρὸς
2491 1240 2549 1292 τὸ
2585 1239 2853 1308 χρήσιμον
2884 1234 3096 1304 βλέπων
3135 1230 3292 1297 λόγος
3315 1267 3330 1288 ,
3377 1224 3586 1295 κυρίως

2001 1329 2219 1398 λέγεται
2252 1329 2406 1396 λόγος
2427 1345 2439 1358 ·
2469 1331 2498 1381 ὁ
2525 1328 2582 1380 δὲ
2607 1330 2726 1390 ταῖς
2759 1325 3127 1392 ἀνυπάρκτοις
3157 1315 3480 1386 ἐπιθυμίαις
3499 1313 3588 1366 διζι

2000 1423 2098 1492 τῆς
2124 1420 2494 1474 ἀνυποστάτου
2526 1419 2713 1490 ἡδονῆς
2736 1415 3106 1486 ἐπιχεόμενος,
3129 1410 3230 1462 οὐκ
3258 1407 3378 1459 ἐστι
3403 1404 3586 1470 λόγος,

2001 1513 2138 1567 ἀλλὰ
2175 1513 2524 1584 βαττολογία·
2558 1511 2632 1573 ὼς
2667 1511 2730 1564 ἄν
2773 1525 2858 1571 τις
2908 1500 3367 1573 Ἑλληνικώτερον
3403 1498 3587 1566 ἑρμηο

2003 1606 2172 1659 νεύων
2206 1607 2346 1658 εἴποι
2375 1604 2464 1658 τὸν
2487 1601 2629 1665 νοῦν,
2663 1599 2921 1671 φλυαρία,
2948 1598 3042 1652 καὶ
3069 1595 3234 1665 λῆρος
3263 1592 3357 1645 καὶ
3380 1590 3590 1657 φλήνα-

2005 1698 2131 1766 φος¹,
2163 1697 2255 1749 καὶ
2292 1697 2345 1749 εἴ
2382 1714 2434 1748 τι
2481 1695 2608 1748 ἄλλο
2636 1694 2733 1762 τῆς
2777 1691 3031 1759 τοιαύτης
3064 1684 3363 1756 σημασίας·
3398 1681 3464 1734 Τί
3492 1675 3588 1733 οὖν

2002 1789 2131 1859 ἡμῖν
2172 1787 2526 1859 συμϐουλεύει
2555 1788 2582 1839 6
2607 1785 2797 1852 λόγος;
2838 1783 2912 1852 μὴ
2947 1779 3142 1834 ταύτὸν
3163 1777 3395 1845 πάσχειν
3413 1775 3473 1825 ἐν
3505 1770 3587 1840 τῷ

2002 1881 2177 1952 καιρῷ
2205 1881 2311 1934 τῶν
2345 1876 2684 1950 προσευχῶν,
2732 1868 2841 1928 οἷον
2875 1875 2931 1925 ἐν
2969 1873 3035 1942 τῇ
3078 1869 3186 1921 τῶν
3219 1865 3434 1936 νηπίων
3467 1863 3589 1916 δια-

2000 1971 2118 2042 νοίᾳ
2167 1971 2482 2024 συνίσταται
2524 1966 2714 2030 πάθος.
2765 1965 2970 2034 Ὠσπερ
3006 1961 3112 2032 γὰρ
3145 1959 3195 2011 οἱ
3239 1956 3452 2018 ἀτελεῖς
3483 1953 3587 2024 τὴν

2000 2063 2269 2126 διάνοιαν,
2300 2062 2399 2132 οὐχ
2430 2061 2578 2123 ὅπως
2611 2057 2676 2111 ἄν
2703 2073 2755 2109 τι
2788 2055 2998 2123 γένοιτο
3024 2051 3133 2104 τῶν
3173 2047 3317 2103 κατὰ
3350 2045 3587 2115 γνώμην

2000 2154 2178 2208 αὐτῶν
2211 2152 2539 2215 ἐπινοοῦσιν,
2563 2149 2696 2203 ἀλλὰ
2727 2149 2848 2200 κατ’
2886 2143 3133 2211 ἐξουσίαν
3168 2140 3471 2210 εύκληρίας
3503 2154 3590 2189 τι-

2000 2247 2098 2309 νὰς
2129 2247 2342 2307 ἑαυτοῖς
2379 2241 2801 2305 ἀναπλάττουσι,
2837 2235 3143 2308 θησαυροὺς
3173 2233 3267 2286 καὶ
3301 2230 3591 2301 βασιλείας

2001 2338 2095 2390 καὶ
2130 2337 2313 2399 πόλεις
2345 2335 2582 2404 μεγάλας
2616 2333 2735 2394 ταῖς
2764 2325 3156 2399 προσηγορίαις
3187 2323 3370 2377 αὐτῶν
3393 2323 3592 2373 ἐπονο-

2003 2427 2321 2498 μαζομένας
2355 2424 2755 2494 ὑποτιθέμενοι.
2793 2423 2870 2481 εἰς
2898 2420 3074 2492 ἐκεῖνο
3103 2411 3240 2468 εἶναι
3272 2416 3337 2484 τῇ
3371 2411 3591 2480 διανοίᾳ

2001 2519 2386 2588 φαντάζονται,
2419 2518 2555 2586 ὅπερ
2585 2515 2649 2568 ἂν
2681 2513 2866 2572 αὐτοῖς
2895 2511 2928 2580 ὴ
2966 2505 3263 2577 ματαιότης
3295 2503 3405 2555 τῶν
3433 2503 3592 2568 λογι-

2002 2612 2155 2681 σμῶν
2185 2608 2476 2680 ὑπογράφῃ
2497 2622 2509 2633 ·
2557 2605 2661 2659 εἰσὶ
2699 2603 2757 2656 δέ
2787 2618 2931 2663 τινες
2963 2600 3012 2652 οἳ
3057 2596 3151 2651 καὶ
3185 2592 3592 2681 νεανικώτερον

1999 2703 2094 2771 τῆς
2136 2699 2494 2770 ματαιότητος
2519 2694 2720 2763 ταύτης
2751 2685 3261 2758 ἀντιλαμϐάνονται,
3290 2682 3385 2734 καὶ
3411 2680 3590 2749 ὑπερ-

2000 2793 2196 2855 ϐάντες
2238 2791 2306 2844 τά
2349 2790 2521 2860 μέτρα
2563 2787 2660 2856 τῆς
2708 2783 2944 2852 φύσεως,
2990 2775 3183 2848 πτηνοὶ
3231 2775 3477 2860 γίνονται
3503 2771 3584 2860 .-ἢ

2000 2881 2144 2936 κατὰ
2191 2881 2317 2941 τοὺς
2351 2855 2974 2946 ἀσπέέραςλάμπουσιν,
3025 2864 3060 2933 ἢ
3117 2861 3221 2932 ὅρη
3265 2858 3353 2912 διὰ
3395 2855 3592 2927 χειρὸς

326 2974 554 3044 ﬁngunt,
588 2948 880 3028 thesauros
910 2981 965 3028 et
999 2973 1242 3042 nuptias,
1273 2981 1326 3027 et
1351 2948 1536 3042 regna,
1563 2988 1809 3044 magnasc

2108 2989 2280 3032 ουσιν,
2314 2969 2460 3040 ἥτὸν
2488 2964 2718 3035 οὐρανὸν
2750 2961 2960 3020 ἑαυτοῖς
2993 2952 3347 3013 ὁδοποιοῦσιν,
3379 2950 3413 3019 ἣ
3443 2948 3591 3020 πρὸς

325 3066 570 3135 ipsorum
637 3064 1096 3132 appellationibus
1165 3063 1582 3132 cognominatas
1647 3066 1898 3122 civitates

326 3154 435 3211 sibi
509 3161 902 3224 proponentes,
957 3151 1010 3204 in
1049 3166 1114 3206 eo
1155 3167 1216 3206 se
1243 3155 1452 3207 versari
1490 3153 1543 3206 in
1575 3163 1756 3210 mente
1799 3171 1900 3211 sua

325 3245 716 3315 imaginantur,
753 3243 1122 3311 quodcunque
1154 3243 1542 3312 cogitationum
1577 3247 1790 3301 vanitas
1818 3247 1900 3302 eis

327 3336 681 3406 suggesserit,
721 3334 968 3390 nonnulli
1008 3349 1139 3390 vero
1171 3336 1334 3390 etiam
1382 3335 1765 3393 vehementius
1796 3338 1900 3393 hac

327 3429 568 3483 vanitate
597 3428 834 3496 correpti
875 3433 1026 3491 sunt,
1063 3440 1127 3480 ac
1179 3426 1402 3480 modum
1445 3435 1655 3481 naturae
1703 3443 1900 3499 super-

324 3520 523 3591 gressi,
589 3520 674 3574 vel
729 3519 982 3574 volucres
1032 3519 1329 3582 exsistunt,
1377 3519 1461 3574 vel
1503 3521 1788 3576 stellarum
1843 3523 1900 3578 in

328 3612 546 3666 modum
585 3611 791 3675 lucent,
829 3611 915 3665 vel
947 3619 1162 3665 montes
1189 3611 1241 3664 in
1265 3611 1521 3668 manibus
1547 3620 1780 3684 gestant,
1814 3615 1897 3669 vel

327 3703 528 3758 coelum
561 3702 663 3758 sibi
693 3701 938 3771 pervium
965 3701 1194 3764 faciunt,
1237 3701 1322 3756 vel
1358 3701 1425 3756 ad
1453 3701 1773 3758 innumeros
1801 3718 1898 3758 us-

326 3803 433 3863 que
460 3807 635 3849 annos
658 3794 850 3847 vivunt
869 3792 1099 3862 juvenes
1123 3808 1188 3847 ex
1213 3791 1439 3847 senibus
1469 3793 1762 3849 evadentes
1794 3812 1807 3848 :
1837 3808 1900 3850 ac

326 3898 668 3954 quaecunque
708 3883 814 3937 alia
850 3883 982 3936 talia
1018 3883 1193 3952 magis
1230 3883 1582 3947 vecordibus,
1622 3883 1900 3968 bullarum

328 3978 385 4034 in
417 3977 660 4042 modum,
697 3991 839 4030 vana
878 3984 1042 4044 atque
1105 3974 1288 4028 inania
1330 3976 1587 4044 ﬁgmenta
1630 3974 1686 4028 in
1731 3975 1900 4030 corde

330 4069 740 4136 ingenerantur.
796 4063 868 4118 Ut
922 4065 1088 4132 igitur
1120 4065 1173 4116 in
1225 4065 1390 4117 rebus
1419 4063 1674 4132 gerendis
1703 4063 1749 4118 is
1801 4063 1896 4133 qui

329 4172 438 4212 non
462 4172 526 4211 ea
586 4156 810 4225 cogitat,
868 4169 964 4224 per
1014 4169 1136 4223 quae
1187 4153 1288 4208 sibi
1326 4153 1649 4208 deliberanti
1692 4154 1896 4223 aliquid

329 4248 458 4303 boni
505 4246 806 4315 contingat,
856 4245 948 4299 sed
1014 4243 1172 4299 vanis
1224 4243 1616 4314 cupiditatibus
1665 4243 1898 4313 nequid-

2006 3040 2294 3137 μυριοστὸν
2327 3057 2639 3130 διαρκοῦσιν
2676 3053 2817 3115 ἔτος,
2853 3050 2966 3102 νέοι
2998 3050 3060 3100 ἐκ
3086 3043 3331 3098 παλαιῶν
3361 3040 3595 3111 γινόμεο

2001 3173 2081 3209 νοι
2100 3173 2114 3187 ο
2150 3153 2182 3224 ἢ
2212 3154 2312 3205 ὃσα
2350 3149 2485 3204 ἄλλα
2511 3144 2740 3199 τοιαῦτα
2775 3143 2888 3203 τοῖς
2918 3133 3372 3206 νηπιωδεστέροις
3403 3130 3594 3183 τίκτει

2001 3223 2399 3316 πομφολυγώδη
2420 3240 2514 3292 καὶ
2536 3237 2756 3290 διάκενα
2774 3235 2807 3302 ἡ
2835 3229 3030 3300 καρδία
3063 3223 3594 3294 ποιήματα.”Ωσπερ

1999 3314 2178 3390 τοίνυν
2217 3336 2273 3386 ἐν
2299 3335 2408 3394 τοῖς
2449 3331 2770 3400 πράγμασιν
2804 3326 2831 3376 6
2883 3322 2956 3392 μὴ
2999 3318 3170 3372 ταῦτα
3189 3314 3545 3383 λογιζόμενος
3571 3353 3592 3375 ,

2001 3429 2068 3482 δι’
2092 3421 2171 3480 ὧν
2204 3425 2268 3478 ἂν
2301 3421 2508 3491 γένοιτό
2537 3437 2588 3471 τι
2626 3414 2828 3484 ἀγαθὸν
2855 3411 2965 3464 τῶν
3003 3405 3427 3479 βουλευομένων,
3463 3403 3590 3456 ἀλλ’

2001 3508 2392 3582 ἐμματαιάζων
2429 3508 2548 3569 ταῖς
2583 3502 2950 3572 ἀνυπάρκτοις
2981 3496 3320 3566 ἐπιθυμίαις,
3353 3493 3593 3564 ἀνόητός

2000 3619 2084 3665 τις
2105 3602 2220 3653 ἐστι
2246 3600 2338 3652 καὶ
2358 3598 2560 3661 ἄθλιος,
2587 3595 2676 3648 τὸν
2692 3593 2786 3646 τοῦ
2809 3589 3013 3661 πρᾶξαί
3036 3605 3088 3640 τι
3109 3587 3217 3640 τῶν
3237 3586 3301 3638 λυ
3311 3583 3592 3637 σιτελούν-

2002 3710 2110 3745 των
2170 3688 2565 3761 βουλεύσασθαι
2617 3683 2828 3754 καιρὸν,
2877 3683 2990 3744 τοῖς
3047 3675 3317 3738 ἐνυπνίοις
3371 3672 3594 3736 τούτοις

2003 3781 2450 3854 προσαναλίσκων
2472 3796 2485 3809 ο
2528 3777 2700 3839 οὕτως
2727 3776 2755 3827 ὁ
2798 3776 2855 3826 ἐν
2885 3768 3062 3841 καιρῷ
3097 3766 3410 3838 προσευχῆς
3441 3764 3590 3835 πρὸς

2001 3874 2071 3927 τά
2109 3871 2456 3943 συμφέροντα
2493 3872 2558 3939 τῇ
2587 3868 2732 3936 ψυχῇ
2767 3864 2843 3935 μὴ
2885 3861 3214 3930 τεταμένος,
3263 3857 3403 3910 ἀλλά
3442 3857 3592 3925 πρὸς

1999 3965 2098 4028 τὰς
2142 3961 2410 4033 ἐμπαθεῖς
2451 3960 2550 4030 τῆς
2593 3956 2830 4017 διανοίας
2858 3954 3099 4023 κινήσεις
3143 3945 3583 4001 συνδιατίθεσθαι

1999 4055 2091 4107 τὸν
2107 4053 2238 4107 Θεὸν
2265 4051 2455 4118 ἀξιῶν,
2483 4048 2649 4120 λῆρός
2671 4045 2756 4110 τίς
2777 4048 2926 4098 ἐστιν
2975 4043 3049 4104 ὼς
3076 4038 3290 4110 ἀληθῶς
3320 4039 3416 4092 καὶ
3443 4037 3580 4108 βατ-

2000 4143 2249 4211 τολόγος,
2274 4141 2380 4194 τῶν
2420 4139 2565 4192 ἰδίων
2603 4135 2981 4208 ματαιοτήτων
3011 4128 3275 4201 συνεργὸν
3307 4128 3402 4182 καὶ
3430 4129 3580 4199 ὑπη-

2007 4236 2166 4305 ρέτην
2216 4234 2307 4287 τὸν
2352 4232 2486 4286 Θεὸν
2534 4227 2778 4298 γίνεσθαι
2831 4224 3282 4298 προσευχόμενος.
3345 4217 3478 4274 Οἷόν
3533 4239 3587 4274 τι

329 4354 494 4408 quam
530 4339 879 4400 immoratur,
915 4336 1115 4392 stultus
1153 4335 1373 4405 quidem
1426 4343 1479 4391 et
1506 4336 1671 4391 miser
1707 4345 1810 4402 est,

2101 4343 2146 4377 ω
2169 4339 2182 4353 ⁶
2213 4320 2471 4393 Πρόσεισί
2503 4337 2586 4382 τις
2611 4317 2701 4372 διὰ
2741 4313 3051 4386 προσευχῆς
3081 4312 3160 4383 τῷ
3192 4311 3346 4408 Bst-£1,
3381 4311 3478 4364 καὶ
3511 4313 3584 4381 μὴ

331 4433 446 4487 haec
509 4430 778 4486 insomnia
835 4429 1179 4484 occasionem
1228 4427 1634 4482 deliberationis
1692 4427 1896 4496 aliquid

331 4520 548 4590 agendi,
601 4520 746 4589 quod
812 4534 878 4572 ex
937 4533 1038 4571 usu
1092 4519 1185 4582 sit,
1231 4517 1516 4572 insumens
1555 4535 1567 4570 :
1607 4518 1680 4569 ita
1710 4517 1802 4586 qui
1842 4517 1897 4572 in

333 4624 573 4680 tempore
626 4609 890 4664 orationis
939 4609 994 4662 in
1043 4624 1106 4663 ea
1145 4624 1266 4678 qua:
1316 4607 1511 4662 anima:
1559 4607 1895 4674 conducunt,

333 4706 581 4759 intentus
633 4718 740 4756 non
783 4709 887 4765 est,
925 4702 1020 4758 sed
1048 4702 1263 4758 vitiosis
1285 4708 1337 4757 ει
1359 4700 1692 4770 perturbatis
1728 4701 1897 4754 animi

334 4797 420 4851 sui
460 4794 698 4849 m0tibus
742 4792 907 4846 Deum
944 4794 1172 4862 obsequi
1208 4793 1466 4862 postulat,
1511 4799 1744 4862 nugator
1771 4792 1896 4862 qui~

333 4888 455 4941 dem
498 4900 686 4939 revera
735 4891 899 4952 atque
947 4883 1245 4936 blaterator
1275 4881 1596 4951 est,quippe
1621 4882 1714 4951 qui
1755 4889 1897 4944 oret.

333 4984 394 5031 ut
442 4975 584 5032 Deus
626 4991 853 5030 suarum
900 4973 1226 5042 ineptiarum
1264 4980 1318 5026 et
1346 4972 1647 5027 vanitatum
1683 4970 1901 5041 adjutor

333 5079 388 5124 et
415 5067 667 5121 minister
701 5067 811 5119 ﬁat.
839 5063 1012 5129 Quale
1034 5060 1294 5132 quiddam
1330 5063 1584 5132 (exempli
1613 5062 1809 5133 gratia)
1845 5061 1900 5115 in

337 5154 572 5210 medium
614 5154 781 5209 all‘ero
807 5151 1065 5208 :Accedit
1099 5151 1300 5221 aliquis
1335 5150 1401 5204 ad
1434 5150 1600 5204 Deum
1637 5165 1735 5220 per
1777 5165 1902 5203 ora-

338 5242 563 5305 tionem,
592 5249 646 5296 et
680 5256 787 5295 non
819 5253 1084 5310 perpensa
1113 5238 1255 5309 apud
1293 5239 1533 5293 animum
1567 5238 1904 5294 sublimitate

338 5334 590 5402 potentia:
621 5333 688 5386 ad
714 5347 878 5400 quam
918 5331 1152 5396 accedit,
1182 5329 1433 5400 turpibus
1459 5338 1512 5385 et
1547 5328 1786 5385 sordidis
1810 5343 1904 5397 pe-

339 5420 628 5474 titionibus
669 5421 1010 5489 majestatem
1058 5419 1299 5475 divinam
1351 5419 1646 5475 dedecorat
1696 5417 1904 5486 impru-

339 5511 500 5563 dens.
530 5509 599 5563 Ut
630 5513 674 5564 si
705 5513 827 5580 quis
857 5526 968 5580 prae
998 5512 1163 5566 nimia
1200 5518 1519 5582 paupertate
1557 5519 1651 5563 aut
1681 5507 1904 5562 rustici-

340 5609 450 5654 tate
507 5614 637 5655 vasa
680 5616 744 5654 ex
793 5603 905 5654 luto
937 5600 1144 5666 ﬁctilia,
1180 5602 1418 5670 pretiosa
1473 5609 1656 5670 putet;
1710 5597 1905 5654 deinde

2005 4417 2342 4487 κατανοήσας
2352 4416 2415 4484 τῇ
2434 4411 2638 4480 διανοίᾳ⁸
2649 4412 2709 4464 τὸ
2729 4408 2860 4477 ὕψος
2879 4406 2978 4476 τῆς
2993 4405 3273 4474 δυνάμεως
3350 4403 3588 4474 προσέρ-

2006 4525 2178 4579 χεται,
2205 4504 2456 4559 λανθάνει
2486 4500 2828 4572 καθυϐρίζων
2851 4498 2912 4551 τὸ
2939 4495 3164 4568 μέγεθος
3185 4496 3306 4556 ταῖς
3332 4495 3584 4563 αἰσχραῖς

2007 4601 2099 4652 καὶ
2129 4588 2412 4658 ταπειναῖς
2442 4593 2550 4648 τῶν
2581 4593 2875 4663 αἰτήσεων.
2901 4589 3114 4657 Ὥσπερ
3147 4586 3212 4640 ἂν
3241 4586 3397 4649 εἴτις
3430 4586 3500 4638 τὰ
3523 4587 3587 4638 ἐκ

2007 4687 2177 4760 πηλοῦ
2210 4685 2377 4755 σκεύη
2403 4684 2468 4736 δι’
2500 4679 2799 4753 ὑπερϐολὴν
2829 4676 3018 4739 πενίας
3046 4674 3079 4744 ἢ
3113 4672 3400 4741 ἀγροικίας
3427 4671 3590 4743 τίμια

2006 4773 2262 4845 νομίζων,
2309 4772 2498 4824 ἔπειτα
2551 4767 2759 4840 βασιλεῖ
2800 4762 3135 4836 προσελθὼν,
3189 4760 3454 4823 πλούτους
3493 4763 3590 4814 καὶ

2008 4864 2292 4934 ἀξιώματα
2330 4861 2602 4932 διανέμειν
2642 4855 3058 4928 προαιρουμένῳ
3079 4869 3091 4883 ·
3120 4855 3149 4906 ὁ
3182 4853 3239 4906 δέ
3269 4851 3592 4906 καταλιπὼν

2007 4955 2108 5018 τὰς
2140 4952 2422 5025 βασιλικὰς
2457 4952 2724 5020 αἰτήσεις,
2755 4947 2898 5012 ἀξιοῖ
2919 4947 3009 4999 τὸν
3036 4943 3288 4998 τοσοῦτον
3317 4943 3396 5012 τῷ
3425 4942 3591 5009 ἀξιώ-

2011 5064 2172 5116 ματι,
2220 5045 2390 5115 πηλὸν
2439 5042 2812 5100 διαπλάσαντα
2859 5036 3084 5107 ποιῆσαί
3130 5053 3182 5088 τι
3225 5033 3336 5086 τῶν
3389 5034 3591 5103 ἐκείνῳ

2010 5135 2576 5208 καταθυμίωνόὖτως
2602 5133 2693 5188 καὶ
2725 5134 2753 5185 ὁ
2791 5128 3132 5189 ἀπαιδεύτως
3178 5129 3242 5197 τῇ
3278 5127 3414 5197 εὐχῇ
3447 5125 3594 5196 χρώ-

2014 5244 2172 5298 μενος
2193 5267 2206 5293 ,
2236 5226 2298 5278 ού
2320 5226 2456 5296 πρὸς
2490 5225 2550 5276 τὸ
2578 5223 2707 5291 ὕψος
2727 5220 2823 5274 τοῦ
2859 5219 3091 5281 διδόντος
3113 5215 3305 5269 ἐαυτὸν
3332 5216 3554 5284 ἐπαίρει
3575 5254 3589 5273 .

2009 5320 2148 5374 ἀλλὰ
2197 5318 2330 5387 πρὸς
2365 5317 2424 5369 τὸ
2456 5315 2709 5368 ταπεινόν
2735 5329 2794 5365 τε
2828 5313 2922 5364 καὶ
2955 5311 3140 5380 γήϊνον
3165 5307 3269 5376 τῆς
3299 5306 3440 5370 ιδίας
3469 5309 3591 5359 ἐπει

2011 5409 2210 5480 θυμίας
2233 5409 2330 5477 τὴν
2363 5407 2511 5461 θείαν
2532 5405 2758 5472 δύναμιν
2787 5401 3087 5470 καταϐῆναι
3123 5397 3280 5450 ποθεῖ
3301 5411 3316 5426 ⁶
3345 5397 3444 5450 καὶ
3471 5397 3593 5450 τού-

2009 5478 2103 5554 του
2136 5501 2294 5572 χάριν
2316 5500 2412 5561 τάς
2437 5496 2704 5568 ἐμπαθεῖς
2733 5495 2909 5565 ὁρμὰς
2930 5491 3200 5563 προτείνει
3229 5487 3308 5557 τῷ
3331 5488 3432 5550 τὰς
3453 5478 3600 5559 καρέ

2014 5595 2126 5658 δίας
2179 5593 2449 5664 βλέποντι,
2497 5592 2595 5661 οὐχ
2628 5591 2774 5652 ὅπως
2811 5587 2877 5639 ἂν
2911 5580 3268 5654 θεραπεύσειε
3307 5579 3378 5632 τὰ
3412 5580 3593 5634 ἄτοπα
