  <div class='ocr_page' id='page_1' title='image "/cluster/home/n/w/nwhite01/storage/ocr_20150623/44/mdp.39015011915454/572.png"; bbox 0 0 3738 5984; ppageno 0'>
   <div class='ocr_carea' id='block_1_1' title="bbox 93 197 242 251">
    <p class='ocr_par' dir='ltr' id='par_1_1' title="bbox 93 197 242 251">
     <span class='ocr_line' id='line_1_1' title="bbox 93 197 242 251; baseline 0 0"><span class='ocrx_word' id='word_1_1' title='bbox 93 197 242 251; x_wconf 74' lang='lat'><strong>“29</strong></span> 
     </span>
    </p>
   </div>
   <div class='ocr_carea' id='block_1_2' title="bbox 1068 187 2410 247">
    <p class='ocr_par' dir='ltr' id='par_1_2' title="bbox 1068 187 2410 247">
     <span class='ocr_line' id='line_1_2' title="bbox 1068 187 2410 247; baseline -0.003 -2"><span class='ocrx_word' id='word_1_2' title='bbox 1068 190 1156 246; x_wconf 86' lang='lat' dir='ltr'><strong>DE</strong></span> <span class='ocrx_word' id='word_1_3' title='bbox 1194 188 1551 247; x_wconf 81' lang='lat' dir='ltr'><strong>ORATIONE</strong></span> <span class='ocrx_word' id='word_1_4' title='bbox 1587 187 1940 244; x_wconf 75' lang='lat' dir='ltr'><strong>DOMINICA.</strong></span> <span class='ocrx_word' id='word_1_5' title='bbox 1975 217 2044 228; x_wconf 93' lang='lat'>—</span> <span class='ocrx_word' id='word_1_6' title='bbox 2075 187 2335 245; x_wconf 79' lang='lat' dir='ltr'><strong>ORATIO</strong></span> <span class='ocrx_word' id='word_1_7' title='bbox 2368 187 2410 242; x_wconf 87' lang='grc' dir='ltr'>Ι.</span> 
     </span>
    </p>
   </div>
   <div class='ocr_carea' id='block_1_3' title="bbox 3235 189 3367 247">
    <p class='ocr_par' dir='ltr' id='par_1_3' title="bbox 3235 189 3367 247">
     <span class='ocr_line' id='line_1_3' title="bbox 3235 189 3367 247; baseline 0.008 -1"><span class='ocrx_word' id='word_1_8' title='bbox 3235 189 3367 247; x_wconf 74' lang='grc' dir='ltr'><strong>Ιίὸο</strong></span> 
     </span>
    </p>
   </div>
   <div class='ocr_carea' id='block_1_4' title="bbox 85 304 1561 387">
    <p class='ocr_par' dir='ltr' id='par_1_4' title="bbox 85 310 1561 387">
     <span class='ocr_line' id='line_1_4' title="bbox 85 310 1561 387; baseline -0.003 -18"><span class='ocrx_word' id='word_1_9' title='bbox 85 318 196 387; x_wconf 82' lang='grc' dir='ltr'><strong>τῆς</strong></span> <span class='ocrx_word' id='word_1_10' title='bbox 230 315 471 378; x_wconf 73' lang='grc' dir='ltr'>διανοίας</span> <span class='ocrx_word' id='word_1_11' title='bbox 506 312 778 383; x_wconf 81' lang='grc' dir='ltr'><strong>κινήματα</strong></span> <span class='ocrx_word' id='word_1_12' title='bbox 802 326 815 341; x_wconf 82' lang='lat'><strong><em>°</em></strong></span> <span class='ocrx_word' id='word_1_13' title='bbox 843 311 958 365; x_wconf 71' lang='grc' dir='ltr'>ἀλλ’</span> <span class='ocrx_word' id='word_1_14' title='bbox 983 311 1131 375; x_wconf 82' lang='grc' dir='ltr'>ὅπως</span> <span class='ocrx_word' id='word_1_15' title='bbox 1158 311 1224 366; x_wconf 87' lang='grc' dir='ltr'><strong>ἂν</strong></span> <span class='ocrx_word' id='word_1_16' title='bbox 1254 310 1420 383; x_wconf 86' lang='grc' dir='ltr'>χείρω</span> <span class='ocrx_word' id='word_1_17' title='bbox 1449 310 1561 380; x_wconf 75' lang='grc' dir='ltr'><strong>γένι</strong></span> 
     </span>
    </p>
   </div>
   <div class='ocr_carea' id='block_1_5' title="bbox 1891 304 3367 387">
    <p class='ocr_par' dir='ltr' id='par_1_5' title="bbox 1891 304 3367 379">
     <span class='ocr_line' id='line_1_5' title="bbox 1891 304 3367 379; baseline 0.003 -17"><span class='ocrx_word' id='word_1_18' title='bbox 1891 323 2064 378; x_wconf 84' lang='lat' dir='ltr'><strong>regem</strong></span> <span class='ocrx_word' id='word_1_19' title='bbox 2098 307 2304 364; x_wconf 87' lang='lat' dir='ltr'><strong>solidas</strong></span> <span class='ocrx_word' id='word_1_20' title='bbox 2350 304 2568 362; x_wconf 78' lang='lat' dir='ltr'><strong>divitias</strong></span> <span class='ocrx_word' id='word_1_21' title='bbox 2607 317 2659 362; x_wconf 91' lang='lat' dir='ltr'><strong>ct</strong></span> <span class='ocrx_word' id='word_1_22' title='bbox 2704 306 3003 379; x_wconf 84' lang='lat' dir='ltr'><strong>dignitates</strong></span> <span class='ocrx_word' id='word_1_23' title='bbox 3032 307 3367 367; x_wconf 74' lang='lat' dir='ltr'><strong>distribuere</strong></span> 
     </span>
    </p>
   </div>
   <div class='ocr_carea' id='block_1_6' title="bbox 90 399 1682 477">
    <p class='ocr_par' dir='ltr' id='par_1_6' title="bbox 90 399 1682 477">
     <span class='ocr_line' id='line_1_6' title="bbox 90 399 1682 477; baseline -0.004 -19"><span class='ocrx_word' id='word_1_24' title='bbox 90 409 177 470; x_wconf 84' lang='grc' dir='ltr'><strong>είς</strong></span> <span class='ocrx_word' id='word_1_25' title='bbox 200 406 366 477; x_wconf 80' lang='grc' dir='ltr'>ἔργον</span> <span class='ocrx_word' id='word_1_26' title='bbox 406 403 503 474; x_wconf 87' lang='grc' dir='ltr'><strong>τῆς</strong></span> <span class='ocrx_word' id='word_1_27' title='bbox 540 403 781 474; x_wconf 78' lang='grc' dir='ltr'>πονηρᾶς</span> <span class='ocrx_word' id='word_1_28' title='bbox 808 401 987 472; x_wconf 85' lang='grc' dir='ltr'><strong>ὁρμῆς</strong></span> <span class='ocrx_word' id='word_1_29' title='bbox 1017 400 1106 455; x_wconf 78' lang='grc' dir='ltr'>διὰ</span> <span class='ocrx_word' id='word_1_30' title='bbox 1131 402 1231 472; x_wconf 86' lang='grc' dir='ltr'><strong>τῆς</strong></span> <span class='ocrx_word' id='word_1_31' title='bbox 1264 400 1563 472; x_wconf 86' lang='grc' dir='ltr'>συνεργίας</span> <span class='ocrx_word' id='word_1_32' title='bbox 1585 399 1682 453; x_wconf 89' lang='grc' dir='ltr'><strong>τοῦ</strong></span> 
     </span>
    </p>
   </div>
   <div class='ocr_carea' id='block_1_7' title="bbox 87 491 1683 568">
    <p class='ocr_par' dir='ltr' id='par_1_7' title="bbox 87 491 1683 568">
     <span class='ocr_line' id='line_1_7' title="bbox 87 491 1683 568; baseline -0.003 -19"><span class='ocrx_word' id='word_1_33' title='bbox 87 498 238 551; x_wconf 81' lang='grc' dir='ltr'>Θεοῦ</span> <span class='ocrx_word' id='word_1_34' title='bbox 276 495 701 568; x_wconf 75' lang='grc' dir='ltr'><strong>προσελθούσης.</strong></span> <span class='ocrx_word' id='word_1_35' title='bbox 744 493 964 565; x_wconf 81' lang='grc' dir='ltr'>Ἐπειδὴ</span> <span class='ocrx_word' id='word_1_36' title='bbox 1006 492 1115 565; x_wconf 83' lang='grc' dir='ltr'><strong>γάρ</strong></span> <span class='ocrx_word' id='word_1_37' title='bbox 1143 495 1171 546; x_wconf 99' lang='lat'><strong>6</strong></span> <span class='ocrx_word' id='word_1_38' title='bbox 1204 493 1351 546; x_wconf 88' lang='grc' dir='ltr'>δεῖνα</span> <span class='ocrx_word' id='word_1_39' title='bbox 1383 493 1561 555; x_wconf 87' lang='grc' dir='ltr'>λυπεῖ,</span> <span class='ocrx_word' id='word_1_40' title='bbox 1590 491 1683 545; x_wconf 88' lang='grc' dir='ltr'><strong>καί</strong></span> 
     </span>
    </p>
   </div>
   <div class='ocr_carea' id='block_1_8' title="bbox 93 583 1683 658">
    <p class='ocr_par' dir='ltr' id='par_1_8' title="bbox 93 583 1683 658">
     <span class='ocr_line' id='line_1_8' title="bbox 93 583 1683 658; baseline -0.004 -16"><span class='ocrx_word' id='word_1_41' title='bbox 93 607 191 658; x_wconf 83' lang='grc' dir='ltr'><strong>μοι</strong></span> <span class='ocrx_word' id='word_1_42' title='bbox 234 589 503 641; x_wconf 85' lang='grc' dir='ltr'>διάκειται</span> <span class='ocrx_word' id='word_1_43' title='bbox 535 584 815 657; x_wconf 81' lang='grc' dir='ltr'><strong>δυσμενῶς</strong></span> <span class='ocrx_word' id='word_1_44' title='bbox 854 587 888 657; x_wconf 78' lang='grc' dir='ltr'>ἡ</span> <span class='ocrx_word' id='word_1_45' title='bbox 937 585 1166 656; x_wconf 78' lang='grc' dir='ltr'>καρδία,</span> <span class='ocrx_word' id='word_1_46' title='bbox 1219 583 1464 649; x_wconf 79' lang='grc' dir='ltr'>Πάταξον</span> <span class='ocrx_word' id='word_1_47' title='bbox 1502 583 1683 645; x_wconf 86' lang='grc' dir='ltr'>αὐτὸν,</span> 
     </span>
    </p>
   </div>
   <div class='ocr_carea' id='block_1_9' title="bbox 93 676 1686 751">
    <p class='ocr_par' dir='ltr' id='par_1_9' title="bbox 93 676 1686 751">
     <span class='ocr_line' id='line_1_9' title="bbox 93 676 1686 751; baseline -0.003 -18"><span class='ocrx_word' id='word_1_48' title='bbox 93 681 174 750; x_wconf 82' lang='grc' dir='ltr'>τῷ</span> <span class='ocrx_word' id='word_1_49' title='bbox 216 680 340 751; x_wconf 86' lang='grc' dir='ltr'>Θεῷ</span> <span class='ocrx_word' id='word_1_50' title='bbox 375 679 550 747; x_wconf 81' lang='grc' dir='ltr'><strong>λέγει,</strong></span> <span class='ocrx_word' id='word_1_51' title='bbox 583 678 743 750; x_wconf 90' lang='grc' dir='ltr'>μόνον</span> <span class='ocrx_word' id='word_1_52' title='bbox 770 678 872 731; x_wconf 84' lang='grc' dir='ltr'><strong>οὐκ</strong></span> <span class='ocrx_word' id='word_1_53' title='bbox 914 677 1091 731; x_wconf 88' lang='grc' dir='ltr'>ἐκεῖνο</span> <span class='ocrx_word' id='word_1_54' title='bbox 1132 676 1289 747; x_wconf 81' lang='grc' dir='ltr'>βοῶν,</span> <span class='ocrx_word' id='word_1_55' title='bbox 1324 677 1407 730; x_wconf 83' lang='grc' dir='ltr'><strong>ὅτι</strong></span> <span class='ocrx_word' id='word_1_56' title='bbox 1447 676 1521 729; x_wconf 87' lang='grc' dir='ltr'><strong>Τὸ</strong></span> <span class='ocrx_word' id='word_1_57' title='bbox 1553 676 1686 746; x_wconf 87' lang='grc' dir='ltr'>ἐμὸν</span> 
     </span>
    </p>
   </div>
   <div class='ocr_carea' id='block_1_10' title="bbox 93 766 1684 840">
    <p class='ocr_par' dir='ltr' id='par_1_10' title="bbox 93 766 1684 840">
     <span class='ocr_line' id='line_1_10' title="bbox 93 766 1684 840; baseline -0.004 -15"><span class='ocrx_word' id='word_1_58' title='bbox 93 770 279 835; x_wconf 84' lang='grc' dir='ltr'>πάθος</span> <span class='ocrx_word' id='word_1_59' title='bbox 311 772 369 823; x_wconf 85' lang='grc' dir='ltr'><strong>ἐν</strong></span> <span class='ocrx_word' id='word_1_60' title='bbox 419 770 502 824; x_wconf 75' lang='grc' dir='ltr'><strong>σοὶ</strong></span> <span class='ocrx_word' id='word_1_61' title='bbox 535 767 809 838; x_wconf 83' lang='grc' dir='ltr'><strong>γενέσθω,</strong></span> <span class='ocrx_word' id='word_1_62' title='bbox 855 769 888 840; x_wconf 87' lang='grc' dir='ltr'><strong>ἠ</strong></span> <span class='ocrx_word' id='word_1_63' title='bbox 928 767 1061 839; x_wconf 88' lang='grc' dir='ltr'>ἐμοῦ</span> <span class='ocrx_word' id='word_1_64' title='bbox 1108 767 1278 821; x_wconf 82' lang='grc' dir='ltr'>κακία</span> <span class='ocrx_word' id='word_1_65' title='bbox 1322 766 1417 820; x_wconf 61' lang='grc' dir='ltr'><strong>ἐπὶ¹</strong></span> <span class='ocrx_word' id='word_1_66' title='bbox 1464 767 1526 819; x_wconf 87' lang='grc' dir='ltr'><strong>σέ</strong></span> <span class='ocrx_word' id='word_1_67' title='bbox 1564 767 1684 820; x_wconf 89' lang='grc' dir='ltr'>δια-</span> 
     </span>
    </p>
   </div>
   <div class='ocr_carea' id='block_1_11' title="bbox 92 859 1687 934">
    <p class='ocr_par' dir='ltr' id='par_1_11' title="bbox 92 859 1687 934">
     <span class='ocr_line' id='line_1_11' title="bbox 92 859 1687 934; baseline -0.001 -20"><span class='ocrx_word' id='word_1_68' title='bbox 92 864 275 934; x_wconf 77' lang='grc' dir='ltr'>ϐήτω.</span> <span class='ocrx_word' id='word_1_69' title='bbox 328 863 415 925; x_wconf 81' lang='grc' dir='ltr'>Ὡς</span> <span class='ocrx_word' id='word_1_70' title='bbox 447 861 556 933; x_wconf 82' lang='grc' dir='ltr'>γὰρ</span> <span class='ocrx_word' id='word_1_71' title='bbox 589 861 647 913; x_wconf 88' lang='grc' dir='ltr'><strong>ἐν</strong></span> <span class='ocrx_word' id='word_1_72' title='bbox 669 862 788 923; x_wconf 90' lang='grc' dir='ltr'>ταῖς</span> <span class='ocrx_word' id='word_1_73' title='bbox 821 859 1191 932; x_wconf 80' lang='grc' dir='ltr'>ἀνθρωπίναις</span> <span class='ocrx_word' id='word_1_74' title='bbox 1222 859 1421 931; x_wconf 81' lang='grc' dir='ltr'>μάχαις</span> <span class='ocrx_word' id='word_1_75' title='bbox 1443 860 1543 913; x_wconf 87' lang='grc' dir='ltr'><strong>οὐκ</strong></span> <span class='ocrx_word' id='word_1_76' title='bbox 1572 860 1687 913; x_wconf 75' lang='grc' dir='ltr'>ἔστι</span> 
     </span>
    </p>
   </div>
   <div class='ocr_carea' id='block_1_12' title="bbox 96 947 1687 1022">
    <p class='ocr_par' dir='ltr' id='par_1_12' title="bbox 96 947 1687 1022">
     <span class='ocr_line' id='line_1_12' title="bbox 96 947 1687 1022; baseline -0.002 -18"><span class='ocrx_word' id='word_1_77' title='bbox 96 949 470 1022; x_wconf 76' lang='grc' dir='ltr'>συμμαχῆσαι</span> <span class='ocrx_word' id='word_1_78' title='bbox 487 965 612 1002; x_wconf 87' lang='grc' dir='ltr'>τινα</span> <span class='ocrx_word' id='word_1_79' title='bbox 643 948 721 1019; x_wconf 84' lang='grc' dir='ltr'>τῷ</span> <span class='ocrx_word' id='word_1_80' title='bbox 748 949 829 1002; x_wconf 77' lang='grc' dir='ltr'><strong>ἐνὶ</strong></span> <span class='ocrx_word' id='word_1_81' title='bbox 862 949 1037 1020; x_wconf 80' lang='grc' dir='ltr'>μέρει,</span> <span class='ocrx_word' id='word_1_82' title='bbox 1064 948 1139 1020; x_wconf 84' lang='grc' dir='ltr'>μὴ</span> <span class='ocrx_word' id='word_1_83' title='bbox 1169 947 1687 1019; x_wconf 79' lang='grc' dir='ltr'>συμπαροξυνθέντα</span> 
     </span>
    </p>
   </div>
   <div class='ocr_carea' id='block_1_13' title="bbox 93 1037 1688 1112">
    <p class='ocr_par' dir='ltr' id='par_1_13' title="bbox 93 1037 1688 1112">
     <span class='ocr_line' id='line_1_13' title="bbox 93 1037 1688 1112; baseline -0.001 -19"><span class='ocrx_word' id='word_1_84' title='bbox 93 1041 179 1111; x_wconf 81' lang='grc' dir='ltr'>τῷ</span> <span class='ocrx_word' id='word_1_85' title='bbox 233 1040 576 1112; x_wconf 78' lang='grc' dir='ltr'>ὀργιζομένῳ</span> <span class='ocrx_word' id='word_1_86' title='bbox 632 1040 775 1094; x_wconf 81' lang='grc' dir='ltr'><strong>κατά</strong></span> <span class='ocrx_word' id='word_1_87' title='bbox 821 1038 915 1092; x_wconf 90' lang='grc' dir='ltr'><strong>τοῦ</strong></span> <span class='ocrx_word' id='word_1_88' title='bbox 968 1038 1435 1111; x_wconf 68' lang='grc' dir='ltr'>προσ-παλαίοντος</span> <span class='ocrx_word' id='word_1_89' title='bbox 1460 1054 1474 1068; x_wconf 69' lang='grc'><strong>⁸</strong></span> <span class='ocrx_word' id='word_1_90' title='bbox 1544 1037 1688 1092; x_wconf 75' lang='grc' dir='ltr'>οὕτω</span> 
     </span>
    </p>
   </div>
   <div class='ocr_carea' id='block_1_14' title="bbox 96 1127 1687 1205">
    <p class='ocr_par' dir='ltr' id='par_1_14' title="bbox 96 1127 1687 1205">
     <span class='ocr_line' id='line_1_14' title="bbox 96 1127 1687 1205; baseline -0.001 -22"><span class='ocrx_word' id='word_1_91' title='bbox 96 1130 269 1199; x_wconf 77' lang='grc' dir='ltr'>δῆλον</span> <span class='ocrx_word' id='word_1_92' title='bbox 303 1132 385 1184; x_wconf 80' lang='grc' dir='ltr'>ὃτι</span> <span class='ocrx_word' id='word_1_93' title='bbox 414 1131 442 1183; x_wconf 89' lang='grc' dir='ltr'><strong>ὁ</strong></span> <span class='ocrx_word' id='word_1_94' title='bbox 472 1128 615 1183; x_wconf 80' lang='grc' dir='ltr'>κατὰ</span> <span class='ocrx_word' id='word_1_95' title='bbox 640 1129 733 1183; x_wconf 88' lang='grc' dir='ltr'><strong>τοῦ</strong></span> <span class='ocrx_word' id='word_1_96' title='bbox 768 1127 961 1205; x_wconf 79' lang='grc' dir='ltr'>ἐχθροῦ</span> <span class='ocrx_word' id='word_1_97' title='bbox 992 1128 1083 1181; x_wconf 79' lang='grc' dir='ltr'><strong>τὸν</strong></span> <span class='ocrx_word' id='word_1_98' title='bbox 1112 1128 1244 1182; x_wconf 85' lang='grc' dir='ltr'>Θεὸν</span> <span class='ocrx_word' id='word_1_99' title='bbox 1279 1128 1466 1192; x_wconf 83' lang='grc' dir='ltr'>κινῶν,</span> <span class='ocrx_word' id='word_1_100' title='bbox 1495 1145 1687 1202; x_wconf 83' lang='grc' dir='ltr'>συνορ-</span> 
     </span>
    </p>
   </div>
   <div class='ocr_carea' id='block_1_15' title="bbox 92 1216 1690 1291">
    <p class='ocr_par' dir='ltr' id='par_1_15' title="bbox 92 1216 1690 1291">
     <span class='ocr_line' id='line_1_15' title="bbox 92 1216 1690 1291; baseline 0 -18"><span class='ocrx_word' id='word_1_101' title='bbox 92 1220 361 1291; x_wconf 82' lang='grc' dir='ltr'>γισοῆναι</span> <span class='ocrx_word' id='word_1_102' title='bbox 401 1218 741 1291; x_wconf 86' lang='grc' dir='ltr'>παρακαλεῖ,</span> <span class='ocrx_word' id='word_1_103' title='bbox 772 1219 864 1272; x_wconf 77' lang='grc' dir='ltr'><strong>καὶ</strong></span> <span class='ocrx_word' id='word_1_104' title='bbox 914 1216 1008 1271; x_wconf 82' lang='grc' dir='ltr'><strong>τοῦ</strong></span> <span class='ocrx_word' id='word_1_105' title='bbox 1043 1216 1216 1288; x_wconf 89' lang='grc' dir='ltr'>θυμοῦ</span> <span class='ocrx_word' id='word_1_106' title='bbox 1261 1217 1517 1273; x_wconf 88' lang='grc' dir='ltr'>κοινωνὸν</span> <span class='ocrx_word' id='word_1_107' title='bbox 1543 1219 1690 1287; x_wconf 77' lang='grc' dir='ltr'>γενέ-</span> 
     </span>
    </p>
   </div>
   <div class='ocr_carea' id='block_1_16' title="bbox 92 1307 1689 1374">
    <p class='ocr_par' dir='ltr' id='par_1_16' title="bbox 92 1307 1689 1374">
     <span class='ocr_line' id='line_1_16' title="bbox 92 1307 1689 1374; baseline -0.001 -10"><span class='ocrx_word' id='word_1_108' title='bbox 92 1312 250 1364; x_wconf 87' lang='grc' dir='ltr'>σθαι.</span> <span class='ocrx_word' id='word_1_109' title='bbox 286 1310 459 1365; x_wconf 86' lang='grc' dir='ltr'>Τοῦτο</span> <span class='ocrx_word' id='word_1_110' title='bbox 483 1310 540 1364; x_wconf 80' lang='grc' dir='ltr'><strong>δέ</strong></span> <span class='ocrx_word' id='word_1_111' title='bbox 564 1311 682 1363; x_wconf 89' lang='grc' dir='ltr'>ἐστι</span> <span class='ocrx_word' id='word_1_112' title='bbox 706 1309 768 1363; x_wconf 91' lang='grc' dir='ltr'><strong>τὸ</strong></span> <span class='ocrx_word' id='word_1_113' title='bbox 796 1310 877 1372; x_wconf 85' lang='grc' dir='ltr'><strong>είς</strong></span> <span class='ocrx_word' id='word_1_114' title='bbox 902 1307 1073 1372; x_wconf 86' lang='grc' dir='ltr'>πάθος</span> <span class='ocrx_word' id='word_1_115' title='bbox 1101 1310 1286 1361; x_wconf 83' lang='grc' dir='ltr'>πεσεῖν</span> <span class='ocrx_word' id='word_1_116' title='bbox 1314 1308 1376 1362; x_wconf 89' lang='grc' dir='ltr'><strong>τὸ</strong></span> <span class='ocrx_word' id='word_1_117' title='bbox 1394 1308 1569 1374; x_wconf 88' lang='grc' dir='ltr'>Θεῖον,</span> <span class='ocrx_word' id='word_1_118' title='bbox 1595 1311 1689 1364; x_wconf 73' lang='grc' dir='ltr'>καὶ</span> 
     </span>
    </p>
   </div>
   <div class='ocr_carea' id='block_1_17' title="bbox 92 1398 1689 1473">
    <p class='ocr_par' dir='ltr' id='par_1_17' title="bbox 92 1398 1689 1473">
     <span class='ocr_line' id='line_1_17' title="bbox 92 1398 1689 1473; baseline -0.001 -17"><span class='ocrx_word' id='word_1_119' title='bbox 92 1403 247 1456; x_wconf 74' lang='grc' dir='ltr'>κατὰ</span> <span class='ocrx_word' id='word_1_120' title='bbox 274 1401 559 1473; x_wconf 83' lang='grc' dir='ltr'>ἄνθρωπον</span> <span class='ocrx_word' id='word_1_121' title='bbox 578 1398 908 1471; x_wconf 80' lang='grc' dir='ltr'>διατεθῆναι,</span> <span class='ocrx_word' id='word_1_122' title='bbox 932 1400 1027 1452; x_wconf 74' lang='grc' dir='ltr'>καὶ</span> <span class='ocrx_word' id='word_1_123' title='bbox 1054 1399 1135 1462; x_wconf 81' lang='grc' dir='ltr'><strong>εἰς</strong></span> <span class='ocrx_word' id='word_1_124' title='bbox 1161 1398 1398 1470; x_wconf 83' lang='grc' dir='ltr'>θηριώδη</span> <span class='ocrx_word' id='word_1_125' title='bbox 1423 1400 1689 1471; x_wconf 82' lang='grc' dir='ltr'>ἀπήνειαν</span> 
     </span>
    </p>
   </div>
   <div class='ocr_carea' id='block_1_18' title="bbox 92 1490 1689 1567">
    <p class='ocr_par' dir='ltr' id='par_1_18' title="bbox 92 1490 1689 1567">
     <span class='ocr_line' id='line_1_18' title="bbox 92 1490 1689 1567; baseline -0.001 -19"><span class='ocrx_word' id='word_1_126' title='bbox 92 1497 162 1548; x_wconf 78' lang='grc' dir='ltr'><strong>ἐκ</strong></span> <span class='ocrx_word' id='word_1_127' title='bbox 197 1496 301 1567; x_wconf 83' lang='grc' dir='ltr'><strong>τῆς</strong></span> <span class='ocrx_word' id='word_1_128' title='bbox 332 1494 543 1566; x_wconf 81' lang='grc' dir='ltr'>ἀγαθῆς</span> <span class='ocrx_word' id='word_1_129' title='bbox 581 1493 795 1563; x_wconf 86' lang='grc' dir='ltr'>φύσεως</span> <span class='ocrx_word' id='word_1_130' title='bbox 833 1490 1284 1563; x_wconf 84' lang='grc' dir='ltr'>μεταποιηθῆναι.</span> <span class='ocrx_word' id='word_1_131' title='bbox 1324 1490 1509 1557; x_wconf 84' lang='grc' dir='ltr'>Οῦτως</span> <span class='ocrx_word' id='word_1_132' title='bbox 1540 1493 1569 1546; x_wconf 90' lang='lat'><strong>6</strong></span> <span class='ocrx_word' id='word_1_133' title='bbox 1604 1491 1689 1546; x_wconf 85' lang='grc' dir='ltr'>δο-</span> 
     </span>
    </p>
   </div>
   <div class='ocr_carea' id='block_1_19' title="bbox 97 1583 1687 1659">
    <p class='ocr_par' dir='ltr' id='par_1_19' title="bbox 97 1583 1687 1659">
     <span class='ocr_line' id='line_1_19' title="bbox 97 1583 1687 1659; baseline -0.003 -17"><span class='ocrx_word' id='word_1_134' title='bbox 97 1587 394 1659; x_wconf 70' lang='grc' dir='ltr'>ξμανῶν·</span> <span class='ocrx_word' id='word_1_135' title='bbox 444 1586 618 1649; x_wconf 76' lang='grc' dir='ltr'>οὕτως</span> <span class='ocrx_word' id='word_1_136' title='bbox 660 1585 689 1637; x_wconf 92' lang='lat'><strong>6</strong></span> <span class='ocrx_word' id='word_1_137' title='bbox 728 1586 786 1638; x_wconf 86' lang='grc' dir='ltr'><strong>ἐν</strong></span> <span class='ocrx_word' id='word_1_138' title='bbox 839 1583 1193 1655; x_wconf 76' lang='grc' dir='ltr'>ὑπερηφανίᾳ</span> <span class='ocrx_word' id='word_1_139' title='bbox 1227 1583 1290 1637; x_wconf 91' lang='grc' dir='ltr'><strong>τὸ</strong></span> <span class='ocrx_word' id='word_1_140' title='bbox 1332 1584 1494 1638; x_wconf 82' lang='grc' dir='ltr'>πλέον</span> <span class='ocrx_word' id='word_1_141' title='bbox 1542 1584 1687 1656; x_wconf 79' lang='grc' dir='ltr'>ἔχειν</span> 
     </span>
    </p>
   </div>
   <div class='ocr_carea' id='block_1_20' title="bbox 1792 399 3367 472">
    <p class='ocr_par' dir='ltr' id='par_1_20' title="bbox 1792 399 3367 472">
     <span class='ocr_line' id='line_1_20' title="bbox 1792 399 3367 472; baseline 0.004 -20"><span class='ocrx_word' id='word_1_142' title='bbox 1792 410 2042 470; x_wconf 90' lang='lat' dir='ltr'><strong>paratum</strong></span> <span class='ocrx_word' id='word_1_143' title='bbox 2096 399 2345 463; x_wconf 77' lang='lat' dir='ltr'><strong>accedat,</strong></span> <span class='ocrx_word' id='word_1_144' title='bbox 2398 405 2563 469; x_wconf 89' lang='lat' dir='ltr'><strong>atque</strong></span> <span class='ocrx_word' id='word_1_145' title='bbox 2613 401 2835 457; x_wconf 85' lang='lat' dir='ltr'><strong>omissis</strong></span> <span class='ocrx_word' id='word_1_146' title='bbox 2870 401 2937 456; x_wconf 93' lang='lat' dir='ltr'><strong>iis</strong></span> <span class='ocrx_word' id='word_1_147' title='bbox 2969 402 3155 466; x_wconf 85' lang='lat' dir='ltr'><strong>rebus,</strong></span> <span class='ocrx_word' id='word_1_148' title='bbox 3185 417 3306 472; x_wconf 64' lang='lat' dir='ltr'><strong>quae</strong></span> <span class='ocrx_word' id='word_1_149' title='bbox 3337 419 3367 458; x_wconf 86' lang='lat' dir='ltr'><strong>a</strong></span> 
     </span>
    </p>
   </div>
   <div class='ocr_carea' id='block_1_21' title="bbox 1791 486 3365 563">
    <p class='ocr_par' dir='ltr' id='par_1_21' title="bbox 1791 486 3365 563">
     <span class='ocr_line' id='line_1_21' title="bbox 1791 486 3365 563; baseline 0.004 -22"><span class='ocrx_word' id='word_1_150' title='bbox 1791 503 1920 558; x_wconf 80' lang='lat' dir='ltr'><strong>rege</strong></span> <span class='ocrx_word' id='word_1_151' title='bbox 1949 488 2058 556; x_wconf 87' lang='lat' dir='ltr'><strong>peti</strong></span> <span class='ocrx_word' id='word_1_152' title='bbox 2090 488 2307 548; x_wconf 93' lang='lat' dir='ltr'><strong>solent,</strong></span> <span class='ocrx_word' id='word_1_153' title='bbox 2366 494 2519 541; x_wconf 89' lang='lat' dir='ltr'><strong>tanta</strong></span> <span class='ocrx_word' id='word_1_154' title='bbox 2562 486 2830 559; x_wconf 80' lang='lat' dir='ltr'><strong>dignitate</strong></span> <span class='ocrx_word' id='word_1_155' title='bbox 2858 491 3147 560; x_wconf 65' lang='lat' dir='ltr'><strong>praeditum</strong></span> <span class='ocrx_word' id='word_1_156' title='bbox 3188 502 3365 563; x_wconf 77' lang='lat' dir='ltr'><strong>roget,</strong></span> 
     </span>
    </p>
   </div>
   <div class='ocr_carea' id='block_1_22' title="bbox 1792 570 3369 649">
    <p class='ocr_par' dir='ltr' id='par_1_22' title="bbox 1792 570 3369 649">
     <span class='ocr_line' id='line_1_22' title="bbox 1792 570 3369 649; baseline 0.004 -17"><span class='ocrx_word' id='word_1_157' title='bbox 1792 586 1853 632; x_wconf 90' lang='lat' dir='ltr'><strong>ut</strong></span> <span class='ocrx_word' id='word_1_158' title='bbox 1896 593 1963 634; x_wconf 75' lang='lat' dir='ltr'><strong>ex</strong></span> <span class='ocrx_word' id='word_1_159' title='bbox 2005 578 2119 633; x_wconf 92' lang='lat' dir='ltr'><strong>luto</strong></span> <span class='ocrx_word' id='word_1_160' title='bbox 2154 579 2385 634; x_wconf 89' lang='lat' dir='ltr'><strong>subacto</strong></span> <span class='ocrx_word' id='word_1_161' title='bbox 2432 586 2598 649; x_wconf 88' lang='lat' dir='ltr'><strong>atque</strong></span> <span class='ocrx_word' id='word_1_162' title='bbox 2637 579 2972 636; x_wconf 86' lang='lat' dir='ltr'><strong>concinnato</strong></span> <span class='ocrx_word' id='word_1_163' title='bbox 3012 581 3215 637; x_wconf 81' lang='lat' dir='ltr'><strong>efﬁciat</strong></span> <span class='ocrx_word' id='word_1_164' title='bbox 3252 570 3369 639; x_wconf 69' lang='grc' dir='ltr'>ἰιιὶ-</span> 
     </span>
    </p>
   </div>
   <div class='ocr_carea' id='block_1_23' title="bbox 1790 670 3370 745">
    <p class='ocr_par' dir='ltr' id='par_1_23' title="bbox 1790 670 3370 745">
     <span class='ocr_line' id='line_1_23' title="bbox 1790 670 3370 745; baseline 0.004 -22"><span class='ocrx_word' id='word_1_165' title='bbox 1790 670 1945 740; x_wconf 90' lang='lat' dir='ltr'><strong>quid,</strong></span> <span class='ocrx_word' id='word_1_166' title='bbox 1978 670 2125 740; x_wconf 90' lang='lat' dir='ltr'><strong>quod</strong></span> <span class='ocrx_word' id='word_1_167' title='bbox 2166 671 2274 726; x_wconf 88' lang='lat' dir='ltr'><strong>sibi</strong></span> <span class='ocrx_word' id='word_1_168' title='bbox 2318 670 2469 725; x_wconf 92' lang='lat' dir='ltr'><strong>cordi</strong></span> <span class='ocrx_word' id='word_1_169' title='bbox 2501 670 2574 727; x_wconf 90' lang='lat' dir='ltr'><strong>sit</strong></span> <span class='ocrx_word' id='word_1_170' title='bbox 2620 690 2634 726; x_wconf 90' lang='lat'><strong>:</strong></span> <span class='ocrx_word' id='word_1_171' title='bbox 2672 671 2750 728; x_wconf 88' lang='lat' dir='ltr'><strong>ita</strong></span> <span class='ocrx_word' id='word_1_172' title='bbox 2790 672 2955 728; x_wconf 91' lang='lat' dir='ltr'><strong>etiam</strong></span> <span class='ocrx_word' id='word_1_173' title='bbox 2987 673 3036 729; x_wconf 94' lang='lat' dir='ltr'><strong>is</strong></span> <span class='ocrx_word' id='word_1_174' title='bbox 3067 676 3160 744; x_wconf 92' lang='lat' dir='ltr'><strong>qui</strong></span> <span class='ocrx_word' id='word_1_175' title='bbox 3196 676 3370 745; x_wconf 61' lang='lat' dir='ltr'><strong>impeo</strong></span> 
     </span>
    </p>
   </div>
   <div class='ocr_carea' id='block_1_24' title="bbox 1791 762 3371 825">
    <p class='ocr_par' dir='ltr' id='par_1_24' title="bbox 1791 762 3371 825">
     <span class='ocr_line' id='line_1_24' title="bbox 1791 762 3371 825; baseline 0.004 -10"><span class='ocrx_word' id='word_1_176' title='bbox 1791 762 1896 816; x_wconf 90' lang='lat' dir='ltr'><strong>rite</strong></span> <span class='ocrx_word' id='word_1_177' title='bbox 1919 763 2091 817; x_wconf 81' lang='lat' dir='ltr'><strong>utitur</strong></span> <span class='ocrx_word' id='word_1_178' title='bbox 2112 762 2382 825; x_wconf 89' lang='lat' dir='ltr'><strong>oratione,</strong></span> <span class='ocrx_word' id='word_1_179' title='bbox 2419 778 2528 817; x_wconf 87' lang='lat' dir='ltr'><strong>non</strong></span> <span class='ocrx_word' id='word_1_180' title='bbox 2555 762 2624 818; x_wconf 91' lang='lat' dir='ltr'><strong>ad</strong></span> <span class='ocrx_word' id='word_1_181' title='bbox 2654 763 2838 821; x_wconf 89' lang='lat' dir='ltr'><strong>dantis</strong></span> <span class='ocrx_word' id='word_1_182' title='bbox 2871 762 3217 821; x_wconf 85' lang='lat' dir='ltr'><strong>altitudinem</strong></span> <span class='ocrx_word' id='word_1_183' title='bbox 3249 780 3371 822; x_wconf 85' lang='lat' dir='ltr'><strong>sese</strong></span> 
     </span>
    </p>
   </div>
   <div class='ocr_carea' id='block_1_25' title="bbox 1790 850 3373 925">
    <p class='ocr_par' dir='ltr' id='par_1_25' title="bbox 1790 850 3373 925">
     <span class='ocr_line' id='line_1_25' title="bbox 1790 850 3373 925; baseline 0.003 -19"><span class='ocrx_word' id='word_1_184' title='bbox 1790 851 1952 922; x_wconf 81' lang='lat' dir='ltr'><strong>erigit</strong></span> <span class='ocrx_word' id='word_1_185' title='bbox 1978 892 1994 919; x_wconf 96' lang='lat'><strong>,</strong></span> <span class='ocrx_word' id='word_1_186' title='bbox 2021 850 2118 906; x_wconf 87' lang='lat' dir='ltr'><strong>sed</strong></span> <span class='ocrx_word' id='word_1_187' title='bbox 2148 851 2216 906; x_wconf 90' lang='lat' dir='ltr'><strong>ad</strong></span> <span class='ocrx_word' id='word_1_188' title='bbox 2247 852 2521 918; x_wconf 89' lang='lat' dir='ltr'><strong>sordidas,</strong></span> <span class='ocrx_word' id='word_1_189' title='bbox 2551 850 2793 909; x_wconf 74' lang='lat' dir='ltr'><strong>humiles&#39;</strong></span> <span class='ocrx_word' id='word_1_190' title='bbox 2827 860 2881 910; x_wconf 89' lang='lat' dir='ltr'><strong>et</strong></span> <span class='ocrx_word' id='word_1_191' title='bbox 2919 861 3124 910; x_wconf 88' lang='lat' dir='ltr'><strong>terram</strong></span> <span class='ocrx_word' id='word_1_192' title='bbox 3153 856 3373 925; x_wconf 87' lang='lat' dir='ltr'><strong>sapien-</strong></span> 
     </span>
    </p>
   </div>
   <div class='ocr_carea' id='block_1_26' title="bbox 1794 942 3373 1016">
    <p class='ocr_par' dir='ltr' id='par_1_26' title="bbox 1794 942 3373 1016">
     <span class='ocr_line' id='line_1_26' title="bbox 1794 942 3373 1016; baseline 0.006 -21"><span class='ocrx_word' id='word_1_193' title='bbox 1794 951 1875 998; x_wconf 90' lang='lat' dir='ltr'><strong>tes</strong></span> <span class='ocrx_word' id='word_1_194' title='bbox 1899 942 2233 1012; x_wconf 86' lang='lat' dir='ltr'><strong>cupiditates</strong></span> <span class='ocrx_word' id='word_1_195' title='bbox 2265 958 2397 999; x_wconf 89' lang='lat' dir='ltr'><strong>suas</strong></span> <span class='ocrx_word' id='word_1_196' title='bbox 2429 944 2671 999; x_wconf 82' lang='lat' dir='ltr'><strong>divinam</strong></span> <span class='ocrx_word' id='word_1_197' title='bbox 2705 947 3007 1016; x_wconf 79' lang='lat' dir='ltr'><strong>potentiam</strong></span> <span class='ocrx_word' id='word_1_198' title='bbox 3038 948 3373 1004; x_wconf 84' lang='lat' dir='ltr'><strong>descendere</strong></span> 
     </span>
    </p>
   </div>
   <div class='ocr_carea' id='block_1_27' title="bbox 1792 1034 3371 1111">
    <p class='ocr_par' dir='ltr' id='par_1_27' title="bbox 1792 1034 3371 1111">
     <span class='ocr_line' id='line_1_27' title="bbox 1792 1034 3371 1111; baseline 0.004 -21"><span class='ocrx_word' id='word_1_199' title='bbox 1792 1034 2089 1098; x_wconf 83' lang='lat' dir='ltr'><strong>desiderat,</strong></span> <span class='ocrx_word' id='word_1_200' title='bbox 2124 1044 2288 1106; x_wconf 87' lang='lat' dir='ltr'><strong>atque</strong></span> <span class='ocrx_word' id='word_1_201' title='bbox 2317 1037 2482 1107; x_wconf 88' lang='lat' dir='ltr'><strong>hujus</strong></span> <span class='ocrx_word' id='word_1_202' title='bbox 2509 1038 2585 1094; x_wconf 87' lang='lat' dir='ltr'><strong>rei</strong></span> <span class='ocrx_word' id='word_1_203' title='bbox 2619 1039 2794 1109; x_wconf 75' lang='lat' dir='ltr'><strong>gratia</strong></span> <span class='ocrx_word' id='word_1_204' title='bbox 2823 1040 3053 1097; x_wconf 89' lang='lat' dir='ltr'><strong>vitiosos</strong></span> <span class='ocrx_word' id='word_1_205' title='bbox 3078 1052 3130 1096; x_wconf 90' lang='lat' dir='ltr'><strong>et</strong></span> <span class='ocrx_word' id='word_1_206' title='bbox 3156 1048 3371 1111; x_wconf 85' lang='lat' dir='ltr'><strong>pertur-</strong></span> 
     </span>
    </p>
   </div>
   <div class='ocr_carea' id='block_1_28' title="bbox 1791 1126 3373 1202">
    <p class='ocr_par' dir='ltr' id='par_1_28' title="bbox 1791 1126 3373 1202">
     <span class='ocr_line' id='line_1_28' title="bbox 1791 1126 3373 1202; baseline 0.003 -20"><span class='ocrx_word' id='word_1_207' title='bbox 1791 1126 1951 1182; x_wconf 89' lang='lat' dir='ltr'><strong>batos</strong></span> <span class='ocrx_word' id='word_1_208' title='bbox 1984 1127 2152 1180; x_wconf 89' lang='lat' dir='ltr'><strong>animi</strong></span> <span class='ocrx_word' id='word_1_209' title='bbox 2194 1127 2430 1198; x_wconf 84' lang='lat' dir='ltr'><strong>impetus</strong></span> <span class='ocrx_word' id='word_1_210' title='bbox 2456 1134 2511 1183; x_wconf 87' lang='lat' dir='ltr'><strong>et</strong></span> <span class='ocrx_word' id='word_1_211' title='bbox 2551 1135 2733 1184; x_wconf 87' lang='lat' dir='ltr'><strong>motus</strong></span> <span class='ocrx_word' id='word_1_212' title='bbox 2772 1129 2940 1184; x_wconf 88' lang='lat' dir='ltr'><strong>corda</strong></span> <span class='ocrx_word' id='word_1_213' title='bbox 2969 1132 3216 1186; x_wconf 89' lang='lat' dir='ltr'><strong>cernenti</strong></span> <span class='ocrx_word' id='word_1_214' title='bbox 3251 1148 3373 1202; x_wconf 75' lang='lat' dir='ltr'><strong>pro-</strong></span> 
     </span>
    </p>
   </div>
   <div class='ocr_carea' id='block_1_29' title="bbox 1794 1217 3371 1284">
    <p class='ocr_par' dir='ltr' id='par_1_29' title="bbox 1794 1217 3371 1284">
     <span class='ocr_line' id='line_1_29' title="bbox 1794 1217 3371 1284; baseline 0.003 -13"><span class='ocrx_word' id='word_1_215' title='bbox 1794 1217 1920 1281; x_wconf 88' lang='lat' dir='ltr'><strong>fert,</strong></span> <span class='ocrx_word' id='word_1_216' title='bbox 1955 1233 2066 1273; x_wconf 88' lang='lat' dir='ltr'><strong>non</strong></span> <span class='ocrx_word' id='word_1_217' title='bbox 2108 1225 2168 1273; x_wconf 92' lang='lat' dir='ltr'><strong>ut</strong></span> <span class='ocrx_word' id='word_1_218' title='bbox 2223 1231 2381 1275; x_wconf 88' lang='lat' dir='ltr'><strong>sanet</strong></span> <span class='ocrx_word' id='word_1_219' title='bbox 2432 1219 2703 1277; x_wconf 86' lang='lat' dir='ltr'><strong>absurdos</strong></span> <span class='ocrx_word' id='word_1_220' title='bbox 2740 1221 2908 1276; x_wconf 79' lang='lat' dir='ltr'><strong>animi</strong></span> <span class='ocrx_word' id='word_1_221' title='bbox 2940 1230 3143 1284; x_wconf 89' lang='lat' dir='ltr'><strong>motus,</strong></span> <span class='ocrx_word' id='word_1_222' title='bbox 3179 1223 3273 1277; x_wconf 85' lang='lat' dir='ltr'><strong>sed</strong></span> <span class='ocrx_word' id='word_1_223' title='bbox 3310 1229 3371 1276; x_wconf 90' lang='lat' dir='ltr'><strong>ut</strong></span> 
     </span>
    </p>
   </div>
   <div class='ocr_carea' id='block_1_30' title="bbox 1793 1308 3370 1384">
    <p class='ocr_par' dir='ltr' id='par_1_30' title="bbox 1793 1308 3370 1384">
     <span class='ocr_line' id='line_1_30' title="bbox 1793 1308 3370 1384; baseline 0.006 -24"><span class='ocrx_word' id='word_1_224' title='bbox 1793 1308 2002 1362; x_wconf 84' lang='lat' dir='ltr'><strong>auxilio</strong></span> <span class='ocrx_word' id='word_1_225' title='bbox 2037 1308 2153 1373; x_wconf 86' lang='lat' dir='ltr'><strong>Dei,</strong></span> <span class='ocrx_word' id='word_1_226' title='bbox 2185 1319 2578 1382; x_wconf 69' lang='lat' dir='ltr'><strong>repraesentata</strong></span> <span class='ocrx_word' id='word_1_227' title='bbox 2606 1327 2777 1382; x_wconf 89' lang='lat' dir='ltr'><strong>pravo</strong></span> <span class='ocrx_word' id='word_1_228' title='bbox 2816 1313 3038 1384; x_wconf 87' lang='lat' dir='ltr'><strong>impetu,</strong></span> <span class='ocrx_word' id='word_1_229' title='bbox 3069 1314 3370 1371; x_wconf 86' lang='lat' dir='ltr'><strong>deteriores</strong></span> 
     </span>
    </p>
   </div>
   <div class='ocr_carea' id='block_1_31' title="bbox 1793 1397 3373 1476">
    <p class='ocr_par' dir='ltr' id='par_1_31' title="bbox 1793 1397 3373 1476">
     <span class='ocr_line' id='line_1_31' title="bbox 1793 1397 3373 1476; baseline 0.005 -23"><span class='ocrx_word' id='word_1_230' title='bbox 1793 1397 2127 1457; x_wconf 84' lang='lat' dir='ltr'><strong>efﬁciantur.</strong></span> <span class='ocrx_word' id='word_1_231' title='bbox 2157 1400 2432 1468; x_wconf 87' lang='lat' dir='ltr'><strong>Quoniam</strong></span> <span class='ocrx_word' id='word_1_232' title='bbox 2482 1403 2630 1458; x_wconf 89' lang='lat' dir='ltr'><strong>enim</strong></span> <span class='ocrx_word' id='word_1_233' title='bbox 2678 1404 2769 1460; x_wconf 91' lang='lat' dir='ltr'><strong>ille</strong></span> <span class='ocrx_word' id='word_1_234' title='bbox 2799 1406 3065 1461; x_wconf 89' lang='lat' dir='ltr'><strong>molestus</strong></span> <span class='ocrx_word' id='word_1_235' title='bbox 3093 1416 3176 1462; x_wconf 85' lang='lat' dir='ltr'><strong>est</strong></span> <span class='ocrx_word' id='word_1_236' title='bbox 3208 1415 3373 1476; x_wconf 89' lang='lat' dir='ltr'><strong>atque</strong></span> 
     </span>
    </p>
   </div>
   <div class='ocr_carea' id='block_1_32' title="bbox 1751 1487 3373 1560">
    <p class='ocr_par' dir='ltr' id='par_1_32' title="bbox 1751 1487 3373 1560">
     <span class='ocr_line' id='line_1_32' title="bbox 1751 1487 3373 1560; baseline 0.009 -24"><span class='ocrx_word' id='word_1_237' title='bbox 1751 1531 1755 1535; x_wconf 84' lang='lat'><strong>.</strong></span> <span class='ocrx_word' id='word_1_238' title='bbox 1792 1487 1915 1541; x_wconf 87' lang='lat' dir='ltr'><strong>odio</strong></span> <span class='ocrx_word' id='word_1_239' title='bbox 1940 1503 2036 1542; x_wconf 93' lang='lat' dir='ltr'><strong>cor</strong></span> <span class='ocrx_word' id='word_1_240' title='bbox 2076 1504 2255 1545; x_wconf 90' lang='lat' dir='ltr'><strong>meum</strong></span> <span class='ocrx_word' id='word_1_241' title='bbox 2291 1490 2523 1555; x_wconf 85' lang='lat' dir='ltr'><strong>laborat,</strong></span> <span class='ocrx_word' id='word_1_242' title='bbox 2555 1492 2786 1549; x_wconf 80' lang='lat' dir='ltr'><strong>Percutc</strong></span> <span class='ocrx_word' id='word_1_243' title='bbox 2811 1510 2958 1560; x_wconf 88' lang='lat' dir='ltr'><strong>eum,</strong></span> <span class='ocrx_word' id='word_1_244' title='bbox 2989 1495 3057 1552; x_wconf 92' lang='lat' dir='ltr'><strong>ad</strong></span> <span class='ocrx_word' id='word_1_245' title='bbox 3082 1497 3252 1552; x_wconf 89' lang='lat' dir='ltr'><strong>Deum</strong></span> <span class='ocrx_word' id='word_1_246' title='bbox 3284 1498 3373 1553; x_wconf 90' lang='lat' dir='ltr'><strong>di-</strong></span> 
     </span>
    </p>
   </div>
   <div class='ocr_carea' id='block_1_33' title="bbox 1793 1577 3373 1645">
    <p class='ocr_par' dir='ltr' id='par_1_33' title="bbox 1793 1577 3373 1645">
     <span class='ocr_line' id='line_1_33' title="bbox 1793 1577 3373 1645; baseline 0.008 -14"><span class='ocrx_word' id='word_1_247' title='bbox 1793 1578 1899 1641; x_wconf 90' lang='lat' dir='ltr'><strong>cit,</strong></span> <span class='ocrx_word' id='word_1_248' title='bbox 1941 1577 2103 1632; x_wconf 90' lang='lat' dir='ltr'><strong>modo</strong></span> <span class='ocrx_word' id='word_1_249' title='bbox 2154 1595 2265 1634; x_wconf 91' lang='lat' dir='ltr'><strong>non</strong></span> <span class='ocrx_word' id='word_1_250' title='bbox 2304 1580 2441 1636; x_wconf 91' lang='lat' dir='ltr'><strong>illud</strong></span> <span class='ocrx_word' id='word_1_251' title='bbox 2484 1583 2731 1639; x_wconf 89' lang='lat' dir='ltr'><strong>clamans</strong></span> <span class='ocrx_word' id='word_1_252' title='bbox 2760 1603 2774 1640; x_wconf 90' lang='lat'><strong>:</strong></span> <span class='ocrx_word' id='word_1_253' title='bbox 2806 1585 2960 1642; x_wconf 83' lang='lat' dir='ltr'><strong>Meus</strong></span> <span class='ocrx_word' id='word_1_254' title='bbox 2992 1588 3159 1642; x_wconf 91' lang='lat' dir='ltr'><strong>animi</strong></span> <span class='ocrx_word' id='word_1_255' title='bbox 3192 1597 3373 1645; x_wconf 83' lang='lat' dir='ltr'><strong>motus</strong></span> 
     </span>
    </p>
   </div>
   <div class='ocr_carea' id='block_1_34' title="bbox 95 1668 1571 1749">
    <p class='ocr_par' dir='ltr' id='par_1_34' title="bbox 95 1674 1571 1749">
     <span class='ocr_line' id='line_1_34' title="bbox 95 1674 1571 1749; baseline -0.001 -19"><span class='ocrx_word' id='word_1_256' title='bbox 95 1677 387 1749; x_wconf 80' lang='grc' dir='ltr'>ἐπιθυμῶν</span> <span class='ocrx_word' id='word_1_257' title='bbox 409 1692 423 1707; x_wconf 81' lang='grc'><em>’</em></span> <span class='ocrx_word' id='word_1_258' title='bbox 457 1680 486 1731; x_wconf 91' lang='lat'><strong>6</strong></span> <span class='ocrx_word' id='word_1_259' title='bbox 509 1678 567 1731; x_wconf 87' lang='grc' dir='ltr'><strong>ἐν</strong></span> <span class='ocrx_word' id='word_1_260' title='bbox 594 1679 660 1748; x_wconf 81' lang='grc' dir='ltr'>τῇ</span> <span class='ocrx_word' id='word_1_261' title='bbox 695 1675 999 1748; x_wconf 81' lang='grc' dir='ltr'>διαδικασίᾳ</span> <span class='ocrx_word' id='word_1_262' title='bbox 1027 1674 1163 1746; x_wconf 81' lang='grc' dir='ltr'>πρὸς</span> <span class='ocrx_word' id='word_1_263' title='bbox 1189 1675 1288 1747; x_wconf 77' lang='grc' dir='ltr'><strong>τὴν</strong></span> <span class='ocrx_word' id='word_1_264' title='bbox 1323 1675 1480 1748; x_wconf 82' lang='grc' dir='ltr'>νίκην</span> <span class='ocrx_word' id='word_1_265' title='bbox 1515 1693 1571 1729; x_wconf 72' lang='lat' dir='ltr'><strong>or</strong></span> 
     </span>
    </p>
   </div>
   <div class='ocr_carea' id='block_1_35' title="bbox 1897 1668 3373 1749">
    <p class='ocr_par' dir='ltr' id='par_1_35' title="bbox 1897 1668 3373 1747">
     <span class='ocr_line' id='line_1_35' title="bbox 1897 1668 3373 1747; baseline 0.01 -24"><span class='ocrx_word' id='word_1_266' title='bbox 1897 1683 1921 1723; x_wconf 76' lang='grc' dir='ltr'><strong>ε</strong></span> <span class='ocrx_word' id='word_1_267' title='bbox 1950 1668 2041 1734; x_wconf 88' lang='lat' dir='ltr'><strong>sit,</strong></span> <span class='ocrx_word' id='word_1_268' title='bbox 2070 1683 2135 1724; x_wconf 90' lang='lat' dir='ltr'><strong>ac</strong></span> <span class='ocrx_word' id='word_1_269' title='bbox 2165 1685 2285 1726; x_wconf 92' lang='lat' dir='ltr'><strong>mea</strong></span> <span class='ocrx_word' id='word_1_270' title='bbox 2310 1672 2518 1727; x_wconf 91' lang='lat' dir='ltr'><strong>malitia</strong></span> <span class='ocrx_word' id='word_1_271' title='bbox 2542 1683 2706 1746; x_wconf 89' lang='lat' dir='ltr'><strong>atque</strong></span> <span class='ocrx_word' id='word_1_272' title='bbox 2725 1679 2968 1747; x_wconf 84' lang='lat' dir='ltr'><strong>nequitia</strong></span> <span class='ocrx_word' id='word_1_273' title='bbox 3002 1679 3069 1734; x_wconf 91' lang='lat' dir='ltr'><strong>ad</strong></span> <span class='ocrx_word' id='word_1_274' title='bbox 3106 1688 3159 1735; x_wconf 93' lang='lat' dir='ltr'><strong>te</strong></span> <span class='ocrx_word' id='word_1_275' title='bbox 3193 1689 3373 1738; x_wconf 89' lang='lat' dir='ltr'><strong>trans-</strong></span> 
     </span>
    </p>
   </div>
   <div class='ocr_carea' id='block_1_36' title="bbox 95 1766 1694 1839">
    <p class='ocr_par' dir='ltr' id='par_1_36' title="bbox 95 1766 1694 1839">
     <span class='ocr_line' id='line_1_36' title="bbox 95 1766 1694 1839; baseline -0.003 -16"><span class='ocrx_word' id='word_1_276' title='bbox 95 1773 209 1825; x_wconf 80' lang='grc' dir='ltr'><strong>δων</strong></span> <span class='ocrx_word' id='word_1_277' title='bbox 237 1789 249 1799; x_wconf 92' lang='grc'><strong>·</strong></span> <span class='ocrx_word' id='word_1_278' title='bbox 278 1773 308 1823; x_wconf 91' lang='lat'><strong>6</strong></span> <span class='ocrx_word' id='word_1_279' title='bbox 347 1771 408 1823; x_wconf 87' lang='grc' dir='ltr'><strong>ἐν</strong></span> <span class='ocrx_word' id='word_1_280' title='bbox 440 1772 555 1833; x_wconf 86' lang='grc' dir='ltr'>τοῖς</span> <span class='ocrx_word' id='word_1_281' title='bbox 591 1770 882 1839; x_wconf 84' lang='grc' dir='ltr'>γυμνικοῖς</span> <span class='ocrx_word' id='word_1_282' title='bbox 925 1766 1101 1837; x_wconf 87' lang='grc' dir='ltr'>ἀγῶσι</span> <span class='ocrx_word' id='word_1_283' title='bbox 1140 1767 1278 1839; x_wconf 87' lang='grc' dir='ltr'>πρὸς</span> <span class='ocrx_word' id='word_1_284' title='bbox 1302 1767 1393 1821; x_wconf 90' lang='grc' dir='ltr'><strong>τὸν</strong></span> <span class='ocrx_word' id='word_1_285' title='bbox 1432 1767 1694 1837; x_wconf 77' lang='grc' dir='ltr'>στέφανον</span> 
     </span>
    </p>
   </div>
   <div class='ocr_carea' id='block_1_37' title="bbox 96 1857 1693 1933">
    <p class='ocr_par' dir='ltr' id='par_1_37' title="bbox 96 1857 1693 1933">
     <span class='ocr_line' id='line_1_37' title="bbox 96 1857 1693 1933; baseline -0.003 -19"><span class='ocrx_word' id='word_1_286' title='bbox 96 1862 462 1933; x_wconf 79' lang='grc' dir='ltr'>ἐπειγόμενος</span> <span class='ocrx_word' id='word_1_287' title='bbox 482 1877 497 1891; x_wconf 88' lang='grc'><strong>·</strong></span> <span class='ocrx_word' id='word_1_288' title='bbox 523 1860 552 1912; x_wconf 91' lang='lat'><strong>6</strong></span> <span class='ocrx_word' id='word_1_289' title='bbox 579 1860 637 1912; x_wconf 86' lang='grc' dir='ltr'><strong>ἐν</strong></span> <span class='ocrx_word' id='word_1_290' title='bbox 660 1859 909 1930; x_wconf 83' lang='grc' dir='ltr'>θεάτροις</span> <span class='ocrx_word' id='word_1_291' title='bbox 938 1858 1037 1929; x_wconf 86' lang='grc' dir='ltr'><strong>τῆς</strong></span> <span class='ocrx_word' id='word_1_292' title='bbox 1068 1857 1347 1928; x_wconf 78' lang='grc' dir='ltr'>εὐφημίας</span> <span class='ocrx_word' id='word_1_293' title='bbox 1380 1857 1658 1912; x_wconf 85' lang='grc' dir='ltr'>ἀντιποιού</span> <span class='ocrx_word' id='word_1_294' title='bbox 1677 1886 1693 1897; x_wconf 91' lang='lat'><strong><em>-</em></strong></span> 
     </span>
    </p>
   </div>
   <div class='ocr_carea' id='block_1_38' title="bbox 99 1950 1695 2026">
    <p class='ocr_par' dir='ltr' id='par_1_38' title="bbox 99 1950 1695 2026">
     <span class='ocr_line' id='line_1_38' title="bbox 99 1950 1695 2026; baseline -0.003 -17"><span class='ocrx_word' id='word_1_295' title='bbox 99 1973 265 2026; x_wconf 82' lang='grc' dir='ltr'>μενος</span> <span class='ocrx_word' id='word_1_296' title='bbox 282 1973 297 1986; x_wconf 76' lang='grc' dir='ltr'><strong><em>ο</em></strong></span> <span class='ocrx_word' id='word_1_297' title='bbox 328 1953 588 2016; x_wconf 77' lang='grc' dir='ltr'>πολλάκις</span> <span class='ocrx_word' id='word_1_298' title='bbox 608 1952 663 2006; x_wconf 85' lang='grc' dir='ltr'><strong>δέ</strong></span> <span class='ocrx_word' id='word_1_299' title='bbox 686 1952 780 2006; x_wconf 80' lang='grc' dir='ltr'><strong>καὶ</strong></span> <span class='ocrx_word' id='word_1_300' title='bbox 804 1953 833 2005; x_wconf 82' lang='lat'><strong>6</strong></span> <span class='ocrx_word' id='word_1_301' title='bbox 856 1951 989 2023; x_wconf 92' lang='grc' dir='ltr'>πρὸς</span> <span class='ocrx_word' id='word_1_302' title='bbox 1013 1951 1073 2005; x_wconf 90' lang='grc' dir='ltr'><strong>τὸ</strong></span> <span class='ocrx_word' id='word_1_303' title='bbox 1102 1950 1373 2014; x_wconf 88' lang='grc' dir='ltr'>λυσσῶδες</span> <span class='ocrx_word' id='word_1_304' title='bbox 1394 1950 1494 2020; x_wconf 85' lang='grc' dir='ltr'><strong>τῆς</strong></span> <span class='ocrx_word' id='word_1_305' title='bbox 1515 1951 1695 2022; x_wconf 81' lang='grc' dir='ltr'>νεότη-</span> 
     </span>
    </p>
   </div>
   <div class='ocr_carea' id='block_1_39' title="bbox 96 2031 1694 2115">
    <p class='ocr_par' dir='ltr' id='par_1_39' title="bbox 96 2031 1694 2115">
     <span class='ocr_line' id='line_1_39' title="bbox 96 2031 1694 2115; baseline -0.003 -17"><span class='ocrx_word' id='word_1_306' title='bbox 96 2064 193 2110; x_wconf 89' lang='grc' dir='ltr'><strong>τος</strong></span> <span class='ocrx_word' id='word_1_307' title='bbox 231 2046 408 2109; x_wconf 88' lang='grc' dir='ltr'>πάθος</span> <span class='ocrx_word' id='word_1_308' title='bbox 450 2041 782 2115; x_wconf 84' lang='grc' dir='ltr'>ἐκτετηκώς.</span> <span class='ocrx_word' id='word_1_309' title='bbox 836 2043 1042 2105; x_wconf 84' lang='grc' dir='ltr'>Πάντες</span> <span class='ocrx_word' id='word_1_310' title='bbox 1086 2031 1233 2094; x_wconf 79' lang='grc' dir='ltr'>οὗτοι</span> <span class='ocrx_word' id='word_1_311' title='bbox 1285 2039 1383 2112; x_wconf 77' lang='grc' dir='ltr'><strong>οὐχ</strong></span> <span class='ocrx_word' id='word_1_312' title='bbox 1432 2041 1580 2105; x_wconf 77' lang='grc' dir='ltr'>ὅπως</span> <span class='ocrx_word' id='word_1_313' title='bbox 1628 2040 1694 2095; x_wconf 82' lang='grc' dir='ltr'><strong>ἂν</strong></span> 
     </span>
    </p>
   </div>
   <div class='ocr_carea' id='block_1_40' title="bbox 96 2131 1688 2205">
    <p class='ocr_par' dir='ltr' id='par_1_40' title="bbox 96 2131 1688 2205">
     <span class='ocr_line' id='line_1_40' title="bbox 96 2131 1688 2205; baseline -0.003 -16"><span class='ocrx_word' id='word_1_314' title='bbox 96 2137 210 2201; x_wconf 79' lang='grc' dir='ltr'>ἔξω</span> <span class='ocrx_word' id='word_1_315' title='bbox 267 2134 364 2189; x_wconf 89' lang='grc' dir='ltr'><strong>τοῦ</strong></span> <span class='ocrx_word' id='word_1_316' title='bbox 425 2132 854 2205; x_wconf 77' lang='grc' dir='ltr'>ἐπικρατοῦντος</span> <span class='ocrx_word' id='word_1_317' title='bbox 917 2131 1351 2203; x_wconf 78' lang='grc' dir='ltr'>άρῤωστήματος</span> <span class='ocrx_word' id='word_1_318' title='bbox 1413 2131 1688 2199; x_wconf 83' lang='grc' dir='ltr'>γένοιντο,</span> 
     </span>
    </p>
   </div>
   <div class='ocr_carea' id='block_1_41' title="bbox 100 2219 1691 2297">
    <p class='ocr_par' dir='ltr' id='par_1_41' title="bbox 100 2219 1691 2297">
     <span class='ocr_line' id='line_1_41' title="bbox 100 2219 1691 2297; baseline -0.004 -18"><span class='ocrx_word' id='word_1_319' title='bbox 100 2227 448 2297; x_wconf 75' lang='grc' dir='ltr'>προσάγουσι</span> <span class='ocrx_word' id='word_1_320' title='bbox 481 2221 602 2294; x_wconf 86' lang='grc' dir='ltr'>Θεῷ</span> <span class='ocrx_word' id='word_1_321' title='bbox 645 2221 745 2287; x_wconf 83' lang='grc' dir='ltr'>τὰς</span> <span class='ocrx_word' id='word_1_322' title='bbox 774 2221 989 2292; x_wconf 86' lang='grc' dir='ltr'>δεήσεις</span> <span class='ocrx_word' id='word_1_323' title='bbox 1012 2259 1029 2284; x_wconf 95' lang='grc'><strong>,</strong></span> <span class='ocrx_word' id='word_1_324' title='bbox 1064 2219 1179 2274; x_wconf 81' lang='grc' dir='ltr'>ἀλλ’</span> <span class='ocrx_word' id='word_1_325' title='bbox 1207 2219 1355 2284; x_wconf 85' lang='grc' dir='ltr'>ὅπως</span> <span class='ocrx_word' id='word_1_326' title='bbox 1386 2219 1451 2273; x_wconf 85' lang='grc' dir='ltr'><strong>ἂν</strong></span> <span class='ocrx_word' id='word_1_327' title='bbox 1483 2222 1563 2284; x_wconf 85' lang='grc' dir='ltr'><strong>είς</strong></span> <span class='ocrx_word' id='word_1_328' title='bbox 1594 2220 1691 2272; x_wconf 77' lang='grc' dir='ltr'><strong>πέ-</strong></span> 
     </span>
    </p>
   </div>
   <div class='ocr_carea' id='block_1_42' title="bbox 100 2309 1695 2387">
    <p class='ocr_par' dir='ltr' id='par_1_42' title="bbox 100 2309 1695 2387">
     <span class='ocr_line' id='line_1_42' title="bbox 100 2309 1695 2387; baseline -0.003 -17"><span class='ocrx_word' id='word_1_329' title='bbox 100 2334 206 2387; x_wconf 89' lang='grc' dir='ltr'><strong>ρας</strong></span> <span class='ocrx_word' id='word_1_330' title='bbox 243 2317 430 2380; x_wconf 84' lang='grc' dir='ltr'>αύτοῖς</span> <span class='ocrx_word' id='word_1_331' title='bbox 461 2317 495 2387; x_wconf 88' lang='grc' dir='ltr'><strong>ή</strong></span> <span class='ocrx_word' id='word_1_332' title='bbox 529 2313 685 2377; x_wconf 88' lang='grc' dir='ltr'>νόσος</span> <span class='ocrx_word' id='word_1_333' title='bbox 709 2312 850 2366; x_wconf 78' lang='grc' dir='ltr'>ἔλθοι</span> <span class='ocrx_word' id='word_1_334' title='bbox 876 2329 891 2343; x_wconf 71' lang='grc' dir='ltr'><strong>ο</strong></span> <span class='ocrx_word' id='word_1_335' title='bbox 931 2312 1025 2366; x_wconf 76' lang='grc' dir='ltr'><strong>καὶ</strong></span> <span class='ocrx_word' id='word_1_336' title='bbox 1053 2311 1114 2367; x_wconf 88' lang='grc' dir='ltr'><strong>τὸ</strong></span> <span class='ocrx_word' id='word_1_337' title='bbox 1139 2312 1460 2382; x_wconf 83' lang='grc' dir='ltr'>διαμαρτεῖν</span> <span class='ocrx_word' id='word_1_338' title='bbox 1488 2309 1695 2365; x_wconf 80' lang='grc' dir='ltr'>τούτων</span> 
     </span>
    </p>
   </div>
   <div class='ocr_carea' id='block_1_43' title="bbox 101 2402 1693 2480">
    <p class='ocr_par' dir='ltr' id='par_1_43' title="bbox 101 2402 1693 2480">
     <span class='ocr_line' id='line_1_43' title="bbox 101 2402 1693 2480; baseline -0.005 -17"><span class='ocrx_word' id='word_1_339' title='bbox 101 2410 229 2463; x_wconf 79' lang='grc' dir='ltr'>ἀντὶ</span> <span class='ocrx_word' id='word_1_340' title='bbox 278 2408 566 2480; x_wconf 79' lang='grc' dir='ltr'>συμφορᾶς</span> <span class='ocrx_word' id='word_1_341' title='bbox 614 2406 844 2469; x_wconf 77' lang='grc' dir='ltr'>ἕκαστος</span> <span class='ocrx_word' id='word_1_342' title='bbox 900 2404 1181 2476; x_wconf 86' lang='grc' dir='ltr'>κρίνοντες</span> <span class='ocrx_word' id='word_1_343' title='bbox 1203 2444 1220 2470; x_wconf 92' lang='grc'><strong>,</strong></span> <span class='ocrx_word' id='word_1_344' title='bbox 1277 2402 1693 2474; x_wconf 84' lang='grc' dir='ltr'>βαττολογοῦσιν</span> 
     </span>
    </p>
   </div>
   <div class='ocr_carea' id='block_1_44' title="bbox 98 2494 1696 2569">
    <p class='ocr_par' dir='ltr' id='par_1_44' title="bbox 98 2494 1696 2569">
     <span class='ocr_line' id='line_1_44' title="bbox 98 2494 1696 2569; baseline -0.002 -16"><span class='ocrx_word' id='word_1_345' title='bbox 98 2499 297 2561; x_wconf 68' lang='grc' dir='ltr'>ὅντως,</span> <span class='ocrx_word' id='word_1_346' title='bbox 317 2497 576 2569; x_wconf 87' lang='grc' dir='ltr'>συνεργὸν</span> <span class='ocrx_word' id='word_1_347' title='bbox 592 2497 691 2568; x_wconf 88' lang='grc' dir='ltr'><strong>τῆς</strong></span> <span class='ocrx_word' id='word_1_348' title='bbox 710 2495 852 2552; x_wconf 82' lang='grc' dir='ltr'>κατὰ</span> <span class='ocrx_word' id='word_1_349' title='bbox 862 2496 952 2549; x_wconf 90' lang='grc' dir='ltr'><strong>τὸν</strong></span> <span class='ocrx_word' id='word_1_350' title='bbox 970 2495 1094 2550; x_wconf 89' lang='grc' dir='ltr'>νοῦν</span> <span class='ocrx_word' id='word_1_351' title='bbox 1113 2494 1424 2568; x_wconf 77' lang='grc' dir='ltr'>ἀρρωστίας</span> <span class='ocrx_word' id='word_1_352' title='bbox 1440 2494 1696 2563; x_wconf 83' lang='grc' dir='ltr'>γενέσθαι</span> 
     </span>
    </p>
   </div>
   <div class='ocr_carea' id='block_1_45' title="bbox 100 2586 1694 2660">
    <p class='ocr_par' dir='ltr' id='par_1_45' title="bbox 100 2586 1694 2660">
     <span class='ocr_line' id='line_1_45' title="bbox 100 2586 1694 2660; baseline -0.001 -17"><span class='ocrx_word' id='word_1_353' title='bbox 100 2593 197 2645; x_wconf 78' lang='grc' dir='ltr'><strong>τὸν</strong></span> <span class='ocrx_word' id='word_1_354' title='bbox 225 2592 363 2646; x_wconf 82' lang='grc' dir='ltr'>Θεὸν</span> <span class='ocrx_word' id='word_1_355' title='bbox 392 2591 728 2655; x_wconf 83' lang='grc' dir='ltr'>ἱκετεύοντες</span> <span class='ocrx_word' id='word_1_356' title='bbox 752 2606 767 2620; x_wconf 81' lang='grc'><strong>’</strong></span> <span class='ocrx_word' id='word_1_357' title='bbox 805 2589 899 2645; x_wconf 75' lang='grc' dir='ltr'><strong>καὶ</strong></span> <span class='ocrx_word' id='word_1_358' title='bbox 930 2589 992 2643; x_wconf 89' lang='grc' dir='ltr'><strong>τὸ</strong></span> <span class='ocrx_word' id='word_1_359' title='bbox 1032 2589 1251 2643; x_wconf 88' lang='grc' dir='ltr'>πάντων</span> <span class='ocrx_word' id='word_1_360' title='bbox 1276 2586 1660 2660; x_wconf 85' lang='grc' dir='ltr'>χαλεπώτατον</span> <span class='ocrx_word' id='word_1_361' title='bbox 1678 2630 1694 2656; x_wconf 97' lang='grc'><strong>,</strong></span> 
     </span>
    </p>
   </div>
   <div class='ocr_carea' id='block_1_46' title="bbox 101 2679 1697 2754">
    <p class='ocr_par' dir='ltr' id='par_1_46' title="bbox 101 2679 1697 2754">
     <span class='ocr_line' id='line_1_46' title="bbox 101 2679 1697 2754; baseline -0.002 -18"><span class='ocrx_word' id='word_1_362' title='bbox 101 2684 190 2737; x_wconf 83' lang='grc' dir='ltr'><strong>ὅτι</strong></span> <span class='ocrx_word' id='word_1_363' title='bbox 214 2683 353 2754; x_wconf 89' lang='grc' dir='ltr'>πρὸς</span> <span class='ocrx_word' id='word_1_364' title='bbox 378 2682 474 2745; x_wconf 73' lang='grc' dir='ltr'><strong>τὰς</strong></span> <span class='ocrx_word' id='word_1_365' title='bbox 498 2681 748 2745; x_wconf 84' lang='grc' dir='ltr'>ἐναντίας</span> <span class='ocrx_word' id='word_1_366' title='bbox 768 2680 945 2753; x_wconf 84' lang='grc' dir='ltr'>ὁρμάς</span> <span class='ocrx_word' id='word_1_367' title='bbox 962 2679 1228 2735; x_wconf 88' lang='grc' dir='ltr'>κινεῖσθαι</span> <span class='ocrx_word' id='word_1_368' title='bbox 1250 2682 1313 2734; x_wconf 91' lang='grc' dir='ltr'><strong>τὸ</strong></span> <span class='ocrx_word' id='word_1_369' title='bbox 1331 2681 1486 2735; x_wconf 88' lang='grc' dir='ltr'>Θεῖον</span> <span class='ocrx_word' id='word_1_370' title='bbox 1517 2681 1697 2746; x_wconf 85' lang='grc' dir='ltr'>αὐτοῖς</span> 
     </span>
    </p>
   </div>
   <div class='ocr_carea' id='block_1_47' title="bbox 106 2770 1698 2845">
    <p class='ocr_par' dir='ltr' id='par_1_47' title="bbox 106 2770 1698 2845">
     <span class='ocr_line' id='line_1_47' title="bbox 106 2770 1698 2845; baseline 0.001 -20"><span class='ocrx_word' id='word_1_371' title='bbox 106 2773 499 2844; x_wconf 83' lang='grc' dir='ltr'>ἐπιθυμοῦσιν,</span> <span class='ocrx_word' id='word_1_372' title='bbox 532 2775 613 2837; x_wconf 86' lang='grc' dir='ltr'>εἰς</span> <span class='ocrx_word' id='word_1_373' title='bbox 640 2772 939 2843; x_wconf 81' lang='grc' dir='ltr'>ἀγριότητα</span> <span class='ocrx_word' id='word_1_374' title='bbox 964 2771 1060 2825; x_wconf 81' lang='grc' dir='ltr'>καὶ</span> <span class='ocrx_word' id='word_1_375' title='bbox 1087 2770 1498 2844; x_wconf 74' lang='grc' dir='ltr'>φιλανθρωπίαν</span> <span class='ocrx_word' id='word_1_376' title='bbox 1544 2773 1698 2845; x_wconf 86' lang='grc' dir='ltr'>μερί-</span> 
     </span>
    </p>
   </div>
   <div class='ocr_carea' id='block_1_48' title="bbox 103 2861 1698 2935">
    <p class='ocr_par' dir='ltr' id='par_1_48' title="bbox 103 2861 1698 2935">
     <span class='ocr_line' id='line_1_48' title="bbox 103 2861 1698 2935; baseline 0.001 -19"><span class='ocrx_word' id='word_1_377' title='bbox 103 2863 297 2928; x_wconf 74' lang='grc' dir='ltr'>ζοντες</span> <span class='ocrx_word' id='word_1_378' title='bbox 332 2861 428 2916; x_wconf 90' lang='grc' dir='ltr'><strong>τοῦ</strong></span> <span class='ocrx_word' id='word_1_379' title='bbox 465 2862 601 2916; x_wconf 80' lang='grc' dir='ltr'>Θεοῦ</span> <span class='ocrx_word' id='word_1_380' title='bbox 646 2861 746 2934; x_wconf 77' lang='grc' dir='ltr'>τὴν</span> <span class='ocrx_word' id='word_1_381' title='bbox 789 2861 1089 2933; x_wconf 76' lang='grc' dir='ltr'>ἐνέργειαν.</span> <span class='ocrx_word' id='word_1_382' title='bbox 1129 2863 1225 2917; x_wconf 90' lang='grc' dir='ltr'>Ὃν</span> <span class='ocrx_word' id='word_1_383' title='bbox 1263 2863 1373 2935; x_wconf 84' lang='grc' dir='ltr'>γὰρ</span> <span class='ocrx_word' id='word_1_384' title='bbox 1412 2864 1570 2917; x_wconf 71' lang='grc' dir='ltr'>ίλεων</span> <span class='ocrx_word' id='word_1_385' title='bbox 1603 2864 1698 2917; x_wconf 75' lang='grc' dir='ltr'>καὶ</span> 
     </span>
    </p>
   </div>
   <div class='ocr_carea' id='block_1_49' title="bbox 104 2951 1695 3028">
    <p class='ocr_par' dir='ltr' id='par_1_49' title="bbox 104 2951 1695 3028">
     <span class='ocr_line' id='line_1_49' title="bbox 104 2951 1695 3028; baseline 0.001 -20"><span class='ocrx_word' id='word_1_386' title='bbox 104 2956 289 3026; x_wconf 75' lang='grc' dir='ltr'>πρᾶον</span> <span class='ocrx_word' id='word_1_387' title='bbox 327 2954 676 3027; x_wconf 76' lang='grc' dir='ltr'>ἐπιζητοῦσιν</span> <span class='ocrx_word' id='word_1_388' title='bbox 719 2955 933 3020; x_wconf 78' lang='grc' dir='ltr'>ἑαυτοῖς</span> <span class='ocrx_word' id='word_1_389' title='bbox 978 2951 1151 3020; x_wconf 77' lang='grc' dir='ltr'>εἶναι,</span> <span class='ocrx_word' id='word_1_390' title='bbox 1196 2954 1383 3010; x_wconf 88' lang='grc' dir='ltr'>τοῦτον</span> <span class='ocrx_word' id='word_1_391' title='bbox 1412 2957 1607 3028; x_wconf 88' lang='grc' dir='ltr'>πικρόν</span> <span class='ocrx_word' id='word_1_392' title='bbox 1636 2975 1695 3011; x_wconf 87' lang='grc' dir='ltr'><strong>τε</strong></span> 
     </span>
    </p>
   </div>
   <div class='ocr_carea' id='block_1_50' title="bbox 107 3047 1699 3122">
    <p class='ocr_par' dir='ltr' id='par_1_50' title="bbox 107 3047 1699 3122">
     <span class='ocr_line' id='line_1_50' title="bbox 107 3047 1699 3122; baseline 0.001 -19"><span class='ocrx_word' id='word_1_393' title='bbox 107 3048 209 3103; x_wconf 80' lang='grc' dir='ltr'><strong>καὶ</strong></span> <span class='ocrx_word' id='word_1_394' title='bbox 239 3047 427 3118; x_wconf 83' lang='grc' dir='ltr'>ἀπηνῆ</span> <span class='ocrx_word' id='word_1_395' title='bbox 454 3049 566 3112; x_wconf 90' lang='grc' dir='ltr'>τοῖς</span> <span class='ocrx_word' id='word_1_396' title='bbox 588 3047 802 3118; x_wconf 78' lang='grc' dir='ltr'>ἐχθροῖς</span> <span class='ocrx_word' id='word_1_397' title='bbox 835 3047 1017 3101; x_wconf 72' lang='grc' dir='ltr'>αὐτῶν</span> <span class='ocrx_word' id='word_1_398' title='bbox 1047 3047 1419 3120; x_wconf 82' lang='grc' dir='ltr'>ἐπιδειχθῆναι</span> <span class='ocrx_word' id='word_1_399' title='bbox 1450 3067 1699 3122; x_wconf 87' lang='grc' dir='ltr'>παρακα-</span> 
     </span>
    </p>
   </div>
   <div class='ocr_carea' id='block_1_51' title="bbox 102 3137 1697 3214">
    <p class='ocr_par' dir='ltr' id='par_1_51' title="bbox 102 3137 1697 3214">
     <span class='ocr_line' id='line_1_51' title="bbox 102 3137 1697 3214; baseline 0.001 -20"><span class='ocrx_word' id='word_1_400' title='bbox 102 3140 315 3195; x_wconf 81' lang='grc' dir='ltr'>λοῦσιν.</span> <span class='ocrx_word' id='word_1_401' title='bbox 350 3141 413 3193; x_wconf 82' lang='grc' dir='ltr'><strong>Ὢ</strong></span> <span class='ocrx_word' id='word_1_402' title='bbox 453 3139 554 3209; x_wconf 87' lang='grc' dir='ltr'><strong>τῆς</strong></span> <span class='ocrx_word' id='word_1_403' title='bbox 586 3138 770 3200; x_wconf 58' lang='grc' dir='ltr'>ἀνδίας</span> <span class='ocrx_word' id='word_1_404' title='bbox 797 3139 907 3192; x_wconf 90' lang='grc' dir='ltr'><strong>τῶν</strong></span> <span class='ocrx_word' id='word_1_405' title='bbox 952 3137 1455 3209; x_wconf 75' lang='grc' dir='ltr'>βαττολογούντωνί</span> <span class='ocrx_word' id='word_1_406' title='bbox 1487 3142 1536 3195; x_wconf 89' lang='grc' dir='ltr'><strong>εί</strong></span> <span class='ocrx_word' id='word_1_407' title='bbox 1583 3140 1697 3214; x_wconf 82' lang='grc' dir='ltr'>γὰρ</span> 
     </span>
    </p>
   </div>
   <div class='ocr_carea' id='block_1_52' title="bbox 104 3230 1698 3304">
    <p class='ocr_par' dir='ltr' id='par_1_52' title="bbox 104 3230 1698 3304">
     <span class='ocr_line' id='line_1_52' title="bbox 104 3230 1698 3304; baseline -0.001 -17"><span class='ocrx_word' id='word_1_408' title='bbox 104 3232 346 3295; x_wconf 75' lang='grc' dir='ltr'>ἐκείνοις</span> <span class='ocrx_word' id='word_1_409' title='bbox 376 3231 590 3302; x_wconf 77' lang='grc' dir='ltr'>ἀπηνὴς</span> <span class='ocrx_word' id='word_1_410' title='bbox 615 3233 644 3285; x_wconf 91' lang='lat'><strong>6</strong></span> <span class='ocrx_word' id='word_1_411' title='bbox 671 3231 803 3295; x_wconf 84' lang='grc' dir='ltr'>Θεὸς</span> <span class='ocrx_word' id='word_1_412' title='bbox 824 3272 839 3297; x_wconf 93' lang='grc'><strong>,</strong></span> <span class='ocrx_word' id='word_1_413' title='bbox 869 3230 990 3284; x_wconf 85' lang='grc' dir='ltr'><strong>οὐδέ</strong></span> <span class='ocrx_word' id='word_1_414' title='bbox 1014 3231 1098 3285; x_wconf 72' lang='grc' dir='ltr'><strong>σοὶ</strong></span> <span class='ocrx_word' id='word_1_415' title='bbox 1135 3231 1352 3298; x_wconf 85' lang='grc' dir='ltr'>πάντως</span> <span class='ocrx_word' id='word_1_416' title='bbox 1375 3234 1600 3304; x_wconf 77' lang='grc' dir='ltr'>ἥμερος.</span> <span class='ocrx_word' id='word_1_417' title='bbox 1634 3232 1698 3286; x_wconf 84' lang='lat' dir='ltr'><strong>Ei</strong></span> 
     </span>
    </p>
   </div>
   <div class='ocr_carea' id='block_1_53' title="bbox 102 3320 1696 3394">
    <p class='ocr_par' dir='ltr' id='par_1_53' title="bbox 102 3320 1696 3394">
     <span class='ocr_line' id='line_1_53' title="bbox 102 3320 1696 3394; baseline 0.001 -19"><span class='ocrx_word' id='word_1_418' title='bbox 102 3322 162 3375; x_wconf 77' lang='grc' dir='ltr'><strong>δέ</strong></span> <span class='ocrx_word' id='word_1_419' title='bbox 190 3323 286 3374; x_wconf 73' lang='grc' dir='ltr'><strong>ἐπὶ</strong></span> <span class='ocrx_word' id='word_1_420' title='bbox 317 3321 411 3375; x_wconf 90' lang='grc' dir='ltr'><strong>σοῦ</strong></span> <span class='ocrx_word' id='word_1_421' title='bbox 439 3320 574 3394; x_wconf 89' lang='grc' dir='ltr'>πρὸς</span> <span class='ocrx_word' id='word_1_422' title='bbox 605 3320 755 3374; x_wconf 69' lang='grc' dir='ltr'>ἔλεον</span> <span class='ocrx_word' id='word_1_423' title='bbox 777 3320 953 3393; x_wconf 77' lang='grc' dir='ltr'>ῥέπει,</span> <span class='ocrx_word' id='word_1_424' title='bbox 986 3322 1126 3375; x_wconf 85' lang='grc' dir='ltr'>κατά</span> <span class='ocrx_word' id='word_1_425' title='bbox 1149 3338 1213 3390; x_wconf 87' lang='grc' dir='ltr'><strong>γε</strong></span> <span class='ocrx_word' id='word_1_426' title='bbox 1238 3322 1337 3394; x_wconf 85' lang='grc' dir='ltr'>τὴν</span> <span class='ocrx_word' id='word_1_427' title='bbox 1364 3324 1463 3393; x_wconf 77' lang='grc' dir='ltr'><strong>σὴν</strong></span> <span class='ocrx_word' id='word_1_428' title='bbox 1484 3322 1696 3387; x_wconf 82' lang='grc' dir='ltr'>ἐλπίδα,</span> 
     </span>
    </p>
   </div>
   <div class='ocr_carea' id='block_1_54' title="bbox 106 3412 1698 3485">
    <p class='ocr_par' dir='ltr' id='par_1_54' title="bbox 106 3412 1698 3485">
     <span class='ocr_line' id='line_1_54' title="bbox 106 3412 1698 3485; baseline 0.001 -20"><span class='ocrx_word' id='word_1_429' title='bbox 106 3413 234 3475; x_wconf 82' lang='grc' dir='ltr'><strong>πῶς</strong></span> <span class='ocrx_word' id='word_1_430' title='bbox 277 3412 345 3466; x_wconf 85' lang='grc' dir='ltr'><strong>ἂν</strong></span> <span class='ocrx_word' id='word_1_431' title='bbox 401 3412 758 3484; x_wconf 75' lang='grc' dir='ltr'>μεταϐάλοιτο</span> <span class='ocrx_word' id='word_1_432' title='bbox 806 3412 942 3482; x_wconf 88' lang='grc' dir='ltr'>πρὸς</span> <span class='ocrx_word' id='word_1_433' title='bbox 992 3412 1300 3467; x_wconf 86' lang='grc' dir='ltr'>τούναντίον</span> <span class='ocrx_word' id='word_1_434' title='bbox 1342 3416 1422 3475; x_wconf 85' lang='grc' dir='ltr'><strong>είς</strong></span> <span class='ocrx_word' id='word_1_435' title='bbox 1476 3413 1698 3485; x_wconf 89' lang='grc' dir='ltr'>πικρίαν</span> 
     </span>
    </p>
   </div>
   <div class='ocr_carea' id='block_1_55' title="bbox 112 3502 1700 3577">
    <p class='ocr_par' dir='ltr' id='par_1_55' title="bbox 112 3502 1700 3577">
     <span class='ocr_line' id='line_1_55' title="bbox 112 3502 1700 3577; baseline 0.002 -20"><span class='ocrx_word' id='word_1_436' title='bbox 112 3504 486 3576; x_wconf 79' lang='grc' dir='ltr'>μεθαρμόζων</span> <span class='ocrx_word' id='word_1_437' title='bbox 540 3504 633 3558; x_wconf 86' lang='grc' dir='ltr'><strong>τὸν</strong></span> <span class='ocrx_word' id='word_1_438' title='bbox 662 3504 851 3569; x_wconf 74' lang='grc' dir='ltr'>ἐλεον;</span> <span class='ocrx_word' id='word_1_439' title='bbox 895 3502 1057 3557; x_wconf 83' lang='grc' dir='ltr'>Ἀλλά</span> <span class='ocrx_word' id='word_1_440' title='bbox 1091 3503 1197 3575; x_wconf 86' lang='grc' dir='ltr'><strong>πρὸ</strong></span> <span class='ocrx_word' id='word_1_441' title='bbox 1234 3503 1416 3575; x_wconf 85' lang='grc' dir='ltr'>χειρὸς</span> <span class='ocrx_word' id='word_1_442' title='bbox 1451 3504 1560 3559; x_wconf 91' lang='grc' dir='ltr'><strong>τῶν</strong></span> <span class='ocrx_word' id='word_1_443' title='bbox 1586 3507 1700 3577; x_wconf 85' lang='grc' dir='ltr'>ἐρι-</span> 
     </span>
    </p>
   </div>
   <div class='ocr_carea' id='block_1_56' title="bbox 109 3595 1701 3669">
    <p class='ocr_par' dir='ltr' id='par_1_56' title="bbox 109 3595 1701 3669">
     <span class='ocr_line' id='line_1_56' title="bbox 109 3595 1701 3669; baseline 0 -19"><span class='ocrx_word' id='word_1_444' title='bbox 109 3595 320 3650; x_wconf 81' lang='grc' dir='ltr'>στικῶν</span> <span class='ocrx_word' id='word_1_445' title='bbox 355 3598 389 3669; x_wconf 78' lang='grc' dir='ltr'>ἡ</span> <span class='ocrx_word' id='word_1_446' title='bbox 431 3597 566 3668; x_wconf 89' lang='grc' dir='ltr'>πρὸς</span> <span class='ocrx_word' id='word_1_447' title='bbox 601 3597 662 3651; x_wconf 89' lang='grc' dir='ltr'><strong>τὸ</strong></span> <span class='ocrx_word' id='word_1_448' title='bbox 702 3595 940 3650; x_wconf 89' lang='grc' dir='ltr'>τοιοῦτον</span> <span class='ocrx_word' id='word_1_449' title='bbox 965 3595 1257 3660; x_wconf 80' lang='grc' dir='ltr'>ἀντίθεσις.</span> <span class='ocrx_word' id='word_1_450' title='bbox 1287 3596 1462 3661; x_wconf 80' lang='grc' dir='ltr'>Εὐθὺς</span> <span class='ocrx_word' id='word_1_451' title='bbox 1490 3596 1599 3669; x_wconf 77' lang='grc' dir='ltr'><strong>γάρ</strong></span> <span class='ocrx_word' id='word_1_452' title='bbox 1619 3598 1701 3661; x_wconf 86' lang='grc' dir='ltr'><strong>είς</strong></span> 
     </span>
    </p>
   </div>
   <div class='ocr_carea' id='block_1_57' title="bbox 112 3685 1697 3760">
    <p class='ocr_par' dir='ltr' id='par_1_57' title="bbox 112 3685 1697 3760">
     <span class='ocr_line' id='line_1_57' title="bbox 112 3685 1697 3760; baseline 0.002 -21"><span class='ocrx_word' id='word_1_453' title='bbox 112 3688 447 3759; x_wconf 86' lang='grc' dir='ltr'>συνηγορίαν</span> <span class='ocrx_word' id='word_1_454' title='bbox 479 3688 577 3757; x_wconf 82' lang='grc' dir='ltr'><strong>τῆς</strong></span> <span class='ocrx_word' id='word_1_455' title='bbox 607 3686 817 3740; x_wconf 77' lang='grc' dir='ltr'>ἑαυτῶν</span> <span class='ocrx_word' id='word_1_456' title='bbox 856 3687 1082 3758; x_wconf 88' lang='grc' dir='ltr'>πικρίας</span> <span class='ocrx_word' id='word_1_457' title='bbox 1119 3685 1219 3750; x_wconf 78' lang='grc' dir='ltr'>τὰς</span> <span class='ocrx_word' id='word_1_458' title='bbox 1259 3689 1324 3741; x_wconf 84' lang='grc' dir='ltr'><strong>ἐκ</strong></span> <span class='ocrx_word' id='word_1_459' title='bbox 1356 3689 1454 3759; x_wconf 86' lang='grc' dir='ltr'><strong>τῆς</strong></span> <span class='ocrx_word' id='word_1_460' title='bbox 1484 3705 1697 3760; x_wconf 85' lang='grc' dir='ltr'>προφη-</span> 
     </span>
    </p>
   </div>
   <div class='ocr_carea' id='block_1_58' title="bbox 108 3776 1701 3850">
    <p class='ocr_par' dir='ltr' id='par_1_58' title="bbox 108 3776 1701 3850">
     <span class='ocr_line' id='line_1_58' title="bbox 108 3776 1701 3850; baseline 0.002 -19"><span class='ocrx_word' id='word_1_461' title='bbox 108 3779 266 3841; x_wconf 85' lang='grc' dir='ltr'>τείας</span> <span class='ocrx_word' id='word_1_462' title='bbox 303 3778 484 3847; x_wconf 77' lang='grc' dir='ltr'>φωνάς</span> <span class='ocrx_word' id='word_1_463' title='bbox 515 3777 909 3850; x_wconf 89' lang='grc' dir='ltr'>παρατίθενται</span> <span class='ocrx_word' id='word_1_464' title='bbox 933 3795 946 3807; x_wconf 72' lang='grc' dir='ltr'><strong>ο</strong></span> <span class='ocrx_word' id='word_1_465' title='bbox 986 3778 1079 3831; x_wconf 85' lang='grc' dir='ltr'><strong>τὸν</strong></span> <span class='ocrx_word' id='word_1_466' title='bbox 1107 3776 1273 3831; x_wconf 75' lang='grc' dir='ltr'>Δαϐὶδ</span> <span class='ocrx_word' id='word_1_467' title='bbox 1299 3778 1546 3833; x_wconf 83' lang='grc' dir='ltr'>ἐκλιπεῖν</span> <span class='ocrx_word' id='word_1_468' title='bbox 1575 3781 1701 3843; x_wconf 80' lang='grc' dir='ltr'>τοὺς</span> 
     </span>
    </p>
   </div>
   <div class='ocr_carea' id='block_1_59' title="bbox 108 3865 1700 3940">
    <p class='ocr_par' dir='ltr' id='par_1_59' title="bbox 108 3865 1700 3940">
     <span class='ocr_line' id='line_1_59' title="bbox 108 3865 1700 3940; baseline 0.001 -19"><span class='ocrx_word' id='word_1_469' title='bbox 108 3866 474 3938; x_wconf 74' lang='grc' dir='ltr'>ἁμαρτωλοὺς</span> <span class='ocrx_word' id='word_1_470' title='bbox 508 3865 777 3920; x_wconf 88' lang='grc' dir='ltr'>ποθοῦντα</span> <span class='ocrx_word' id='word_1_471' title='bbox 799 3906 814 3932; x_wconf 91' lang='grc'><strong>,</strong></span> <span class='ocrx_word' id='word_1_472' title='bbox 846 3866 941 3920; x_wconf 79' lang='grc' dir='ltr'><strong>καὶ</strong></span> <span class='ocrx_word' id='word_1_473' title='bbox 981 3866 1244 3939; x_wconf 78' lang='grc' dir='ltr'>αἰσχύνην</span> <span class='ocrx_word' id='word_1_474' title='bbox 1297 3869 1391 3922; x_wconf 77' lang='grc' dir='ltr'><strong>καὶ</strong></span> <span class='ocrx_word' id='word_1_475' title='bbox 1432 3867 1700 3940; x_wconf 81' lang='grc' dir='ltr'>ἐντροπὴν</span> 
     </span>
    </p>
   </div>
   <div class='ocr_carea' id='block_1_60' title="bbox 111 3956 1702 4032">
    <p class='ocr_par' dir='ltr' id='par_1_60' title="bbox 111 3956 1702 4032">
     <span class='ocr_line' id='line_1_60' title="bbox 111 3956 1702 4032; baseline 0.001 -21"><span class='ocrx_word' id='word_1_476' title='bbox 111 3957 226 4011; x_wconf 86' lang='grc' dir='ltr'><strong>τῶν</strong></span> <span class='ocrx_word' id='word_1_477' title='bbox 272 3956 482 4027; x_wconf 84' lang='grc' dir='ltr'>ἐχθρῶν</span> <span class='ocrx_word' id='word_1_478' title='bbox 518 3957 948 4029; x_wconf 87' lang='grc' dir='ltr'>κατευχόμενον·</span> <span class='ocrx_word' id='word_1_479' title='bbox 990 3957 1083 4012; x_wconf 90' lang='grc' dir='ltr'><strong>τὸν</strong></span> <span class='ocrx_word' id='word_1_480' title='bbox 1136 3958 1406 4031; x_wconf 85' lang='grc' dir='ltr'>Ἱερεμίαν</span> <span class='ocrx_word' id='word_1_481' title='bbox 1449 3960 1575 4014; x_wconf 81' lang='grc' dir='ltr'>ἰδεῖν</span> <span class='ocrx_word' id='word_1_482' title='bbox 1603 3959 1702 4032; x_wconf 80' lang='grc' dir='ltr'>τὴν</span> 
     </span>
    </p>
   </div>
   <div class='ocr_carea' id='block_1_61' title="bbox 113 4046 1699 4124">
    <p class='ocr_par' dir='ltr' id='par_1_61' title="bbox 113 4046 1699 4124">
     <span class='ocr_line' id='line_1_61' title="bbox 113 4046 1699 4124; baseline 0.005 -24"><span class='ocrx_word' id='word_1_483' title='bbox 113 4046 273 4119; x_wconf 84' lang='grc' dir='ltr'><strong>παρά</strong></span> <span class='ocrx_word' id='word_1_484' title='bbox 306 4047 421 4120; x_wconf 81' lang='grc' dir='ltr'>Θεῷ</span> <span class='ocrx_word' id='word_1_485' title='bbox 459 4047 737 4120; x_wconf 86' lang='grc' dir='ltr'>ἐκδίκησιν</span> <span class='ocrx_word' id='word_1_486' title='bbox 764 4050 828 4103; x_wconf 88' lang='grc' dir='ltr'><strong>ἐκ</strong></span> <span class='ocrx_word' id='word_1_487' title='bbox 861 4049 968 4103; x_wconf 90' lang='grc' dir='ltr'><strong>τῶν</strong></span> <span class='ocrx_word' id='word_1_488' title='bbox 1003 4050 1260 4106; x_wconf 87' lang='grc' dir='ltr'>ἐναντίων</span> <span class='ocrx_word' id='word_1_489' title='bbox 1297 4051 1699 4124; x_wconf 88' lang='grc' dir='ltr'>ἐπιθυμοῦντα·</span> 
     </span>
    </p>
   </div>
   <div class='ocr_carea' id='block_1_62' title="bbox 112 4140 1703 4218">
    <p class='ocr_par' dir='ltr' id='par_1_62' title="bbox 112 4140 1703 4218">
     <span class='ocr_line' id='line_1_62' title="bbox 112 4140 1703 4218; baseline 0.006 -26"><span class='ocrx_word' id='word_1_490' title='bbox 112 4140 212 4193; x_wconf 86' lang='grc' dir='ltr'><strong>τὸν</strong></span> <span class='ocrx_word' id='word_1_491' title='bbox 254 4140 411 4212; x_wconf 83' lang='grc' dir='ltr'>Ὠσηέ</span> <span class='ocrx_word' id='word_1_492' title='bbox 447 4141 661 4213; x_wconf 85' lang='grc' dir='ltr'>μήτραν</span> <span class='ocrx_word' id='word_1_493' title='bbox 698 4142 1063 4209; x_wconf 89' lang='grc' dir='ltr'>ἁτεκνοῦσαν,</span> <span class='ocrx_word' id='word_1_494' title='bbox 1096 4144 1191 4199; x_wconf 76' lang='grc' dir='ltr'><strong>καὶ</strong></span> <span class='ocrx_word' id='word_1_495' title='bbox 1225 4146 1464 4217; x_wconf 75' lang='grc' dir='ltr'>μαστοὺς</span> <span class='ocrx_word' id='word_1_496' title='bbox 1501 4146 1703 4218; x_wconf 82' lang='grc' dir='ltr'>ξηροὺς</span> 
     </span>
    </p>
   </div>
   <div class='ocr_carea' id='block_1_63' title="bbox 113 4231 1703 4305">
    <p class='ocr_par' dir='ltr' id='par_1_63' title="bbox 113 4231 1703 4305">
     <span class='ocr_line' id='line_1_63' title="bbox 113 4231 1703 4305; baseline 0.004 -21"><span class='ocrx_word' id='word_1_497' title='bbox 113 4231 341 4303; x_wconf 80' lang='grc' dir='ltr'>δοθῆναι</span> <span class='ocrx_word' id='word_1_498' title='bbox 391 4235 504 4296; x_wconf 91' lang='grc' dir='ltr'>τοῖς</span> <span class='ocrx_word' id='word_1_499' title='bbox 545 4231 760 4303; x_wconf 82' lang='grc' dir='ltr'>ἐχθροῖς</span> <span class='ocrx_word' id='word_1_500' title='bbox 802 4233 1077 4305; x_wconf 80' lang='grc' dir='ltr'>δεόμενον.</span> <span class='ocrx_word' id='word_1_501' title='bbox 1112 4236 1224 4289; x_wconf 76' lang='grc' dir='ltr'><strong>Καὶ</strong></span> <span class='ocrx_word' id='word_1_502' title='bbox 1263 4235 1436 4290; x_wconf 74' lang='grc' dir='ltr'>πολλὰ</span> <span class='ocrx_word' id='word_1_503' title='bbox 1477 4236 1703 4291; x_wconf 88' lang='grc' dir='ltr'>τοιαῦτα</span> 
     </span>
    </p>
   </div>
   <div class='ocr_carea' id='block_1_64' title="bbox 116 4325 1699 4398">
    <p class='ocr_par' dir='ltr' id='par_1_64' title="bbox 116 4325 1699 4398">
     <span class='ocr_line' id='line_1_64' title="bbox 116 4325 1699 4398; baseline 0.002 -20"><span class='ocrx_word' id='word_1_504' title='bbox 116 4325 402 4396; x_wconf 87' lang='grc' dir='ltr'>σποράδην</span> <span class='ocrx_word' id='word_1_505' title='bbox 428 4325 659 4396; x_wconf 88' lang='grc' dir='ltr'>κείμενα</span> <span class='ocrx_word' id='word_1_506' title='bbox 685 4328 805 4390; x_wconf 91' lang='grc' dir='ltr'>ταῖς</span> <span class='ocrx_word' id='word_1_507' title='bbox 827 4326 1012 4395; x_wconf 85' lang='grc' dir='ltr'>ἁγίαις</span> <span class='ocrx_word' id='word_1_508' title='bbox 1047 4327 1293 4398; x_wconf 82' lang='grc' dir='ltr'>Γραφαῖς</span> <span class='ocrx_word' id='word_1_509' title='bbox 1321 4325 1699 4396; x_wconf 83' lang='grc' dir='ltr'>ἁναλέγονται,</span> 
     </span>
    </p>
   </div>
   <div class='ocr_carea' id='block_1_65' title="bbox 119 4416 1705 4488">
    <p class='ocr_par' dir='ltr' id='par_1_65' title="bbox 119 4416 1705 4488">
     <span class='ocr_line' id='line_1_65' title="bbox 119 4416 1705 4488; baseline 0.001 -18"><span class='ocrx_word' id='word_1_510' title='bbox 119 4417 503 4487; x_wconf 81' lang='grc' dir='ltr'>συνιστάμενοι</span> <span class='ocrx_word' id='word_1_511' title='bbox 530 4416 590 4469; x_wconf 93' lang='grc' dir='ltr'><strong>τὸ</strong></span> <span class='ocrx_word' id='word_1_512' title='bbox 613 4416 722 4470; x_wconf 89' lang='grc' dir='ltr'>δεῖν</span> <span class='ocrx_word' id='word_1_513' title='bbox 757 4416 865 4470; x_wconf 89' lang='grc' dir='ltr'><strong>τῶν</strong></span> <span class='ocrx_word' id='word_1_514' title='bbox 895 4417 1152 4471; x_wconf 88' lang='grc' dir='ltr'>ἐναντίων</span> <span class='ocrx_word' id='word_1_515' title='bbox 1188 4416 1569 4488; x_wconf 86' lang='grc' dir='ltr'>κατεύχεσθαι,</span> <span class='ocrx_word' id='word_1_516' title='bbox 1610 4420 1705 4472; x_wconf 71' lang='grc' dir='ltr'><strong>καὶ</strong></span> 
     </span>
    </p>
   </div>
   <div class='ocr_carea' id='block_1_66' title="bbox 118 4506 1706 4580">
    <p class='ocr_par' dir='ltr' id='par_1_66' title="bbox 118 4506 1706 4580">
     <span class='ocr_line' id='line_1_66' title="bbox 118 4506 1706 4580; baseline -0.001 -19"><span class='ocrx_word' id='word_1_517' title='bbox 118 4508 220 4578; x_wconf 84' lang='grc' dir='ltr'><strong>τῆς</strong></span> <span class='ocrx_word' id='word_1_518' title='bbox 257 4509 467 4562; x_wconf 80' lang='grc' dir='ltr'>ἑαυτῶν</span> <span class='ocrx_word' id='word_1_519' title='bbox 498 4508 723 4580; x_wconf 88' lang='grc' dir='ltr'>πικρίας</span> <span class='ocrx_word' id='word_1_520' title='bbox 759 4509 1015 4579; x_wconf 89' lang='grc' dir='ltr'>συνεργὸν</span> <span class='ocrx_word' id='word_1_521' title='bbox 1036 4507 1290 4577; x_wconf 85' lang='grc' dir='ltr'>γενέσθαι</span> <span class='ocrx_word' id='word_1_522' title='bbox 1321 4506 1412 4562; x_wconf 89' lang='grc' dir='ltr'><strong>τοῦ</strong></span> <span class='ocrx_word' id='word_1_523' title='bbox 1448 4506 1585 4561; x_wconf 87' lang='grc' dir='ltr'>Θεοῦ</span> <span class='ocrx_word' id='word_1_524' title='bbox 1608 4507 1706 4579; x_wconf 83' lang='grc' dir='ltr'><strong>τὴν</strong></span> 
     </span>
    </p>
   </div>
   <div class='ocr_carea' id='block_1_67' title="bbox 120 4599 1707 4674">
    <p class='ocr_par' dir='ltr' id='par_1_67' title="bbox 120 4599 1707 4674">
     <span class='ocr_line' id='line_1_67' title="bbox 120 4599 1707 4674; baseline -0.001 -20"><span class='ocrx_word' id='word_1_525' title='bbox 120 4599 457 4671; x_wconf 86' lang='grc' dir='ltr'>ἀγαθότητα.</span> <span class='ocrx_word' id='word_1_526' title='bbox 493 4600 632 4655; x_wconf 83' lang='grc' dir='ltr'>Ἀλλ’</span> <span class='ocrx_word' id='word_1_527' title='bbox 654 4601 816 4673; x_wconf 76' lang='grc' dir='ltr'>ἡμεῖς</span> <span class='ocrx_word' id='word_1_528' title='bbox 832 4599 909 4665; x_wconf 84' lang='grc' dir='ltr'>ὡς</span> <span class='ocrx_word' id='word_1_529' title='bbox 931 4600 998 4654; x_wconf 85' lang='grc' dir='ltr'>ἂν</span> <span class='ocrx_word' id='word_1_530' title='bbox 1019 4603 1084 4655; x_wconf 87' lang='grc' dir='ltr'><strong>ἐκ</strong></span> <span class='ocrx_word' id='word_1_531' title='bbox 1106 4601 1342 4674; x_wconf 90' lang='grc' dir='ltr'>παρόδου</span> <span class='ocrx_word' id='word_1_532' title='bbox 1368 4602 1493 4663; x_wconf 82' lang='grc' dir='ltr'>τοὺς</span> <span class='ocrx_word' id='word_1_533' title='bbox 1517 4603 1581 4654; x_wconf 84' lang='grc' dir='ltr'><strong>ἐκ</strong></span> <span class='ocrx_word' id='word_1_534' title='bbox 1607 4602 1707 4672; x_wconf 84' lang='grc' dir='ltr'><strong>τῆς</strong></span> 
     </span>
    </p>
   </div>
   <div class='ocr_carea' id='block_1_68' title="bbox 120 4690 1708 4767">
    <p class='ocr_par' dir='ltr' id='par_1_68' title="bbox 120 4690 1708 4767">
     <span class='ocr_line' id='line_1_68' title="bbox 120 4690 1708 4767; baseline -0.001 -22"><span class='ocrx_word' id='word_1_535' title='bbox 120 4693 384 4765; x_wconf 83' lang='grc' dir='ltr'>τοιαύτης</span> <span class='ocrx_word' id='word_1_536' title='bbox 434 4695 691 4767; x_wconf 83' lang='grc' dir='ltr'>ἀφορμῆς</span> <span class='ocrx_word' id='word_1_537' title='bbox 731 4692 869 4764; x_wconf 87' lang='grc' dir='ltr'>πρὸς</span> <span class='ocrx_word' id='word_1_538' title='bbox 911 4691 971 4746; x_wconf 92' lang='grc' dir='ltr'><strong>τὸ</strong></span> <span class='ocrx_word' id='word_1_539' title='bbox 1011 4692 1252 4747; x_wconf 87' lang='grc' dir='ltr'>ἐναντίον</span> <span class='ocrx_word' id='word_1_540' title='bbox 1304 4690 1708 4763; x_wconf 85' lang='grc' dir='ltr'>ὁδηγουμένους</span> 
     </span>
    </p>
   </div>
   <div class='ocr_carea' id='block_1_69' title="bbox 124 4780 1709 4857">
    <p class='ocr_par' dir='ltr' id='par_1_69' title="bbox 124 4780 1709 4857">
     <span class='ocr_line' id='line_1_69' title="bbox 124 4780 1709 4857; baseline -0.001 -20"><span class='ocrx_word' id='word_1_541' title='bbox 124 4784 441 4857; x_wconf 87' lang='grc' dir='ltr'>παύσαιμεν</span> <span class='ocrx_word' id='word_1_542' title='bbox 485 4782 964 4856; x_wconf 84' lang='grc' dir='ltr'>βαττολογοῦντας,</span> <span class='ocrx_word' id='word_1_543' title='bbox 986 4781 1153 4837; x_wconf 84' lang='grc' dir='ltr'>τοῦτο</span> <span class='ocrx_word' id='word_1_544' title='bbox 1189 4783 1318 4855; x_wconf 76' lang='grc' dir='ltr'>περὶ</span> <span class='ocrx_word' id='word_1_545' title='bbox 1339 4782 1574 4837; x_wconf 78' lang='grc' dir='ltr'>ἑκάστου</span> <span class='ocrx_word' id='word_1_546' title='bbox 1600 4780 1709 4836; x_wconf 91' lang='grc' dir='ltr'><strong>τῶν</strong></span> 
     </span>
    </p>
   </div>
   <div class='ocr_carea' id='block_1_70' title="bbox 125 4871 1086 4946">
    <p class='ocr_par' dir='ltr' id='par_1_70' title="bbox 125 4871 1086 4946">
     <span class='ocr_line' id='line_1_70' title="bbox 125 4871 1086 4946; baseline -0.002 -19"><span class='ocrx_word' id='word_1_547' title='bbox 125 4875 612 4946; x_wconf 80' lang='grc' dir='ltr'>μνημονευθέντων</span> <span class='ocrx_word' id='word_1_548' title='bbox 633 4871 1086 4946; x_wconf 87' lang='grc' dir='ltr'>παραθησόμεθα.</span> 
     </span>
    </p>
   </div>
   <div class='ocr_carea' id='block_1_71' title="bbox 1794 1756 3374 1841">
    <p class='ocr_par' dir='ltr' id='par_1_71' title="bbox 1794 1756 3374 1841">
     <span class='ocr_line' id='line_1_71' title="bbox 1794 1756 3374 1841; baseline 0.011 -30"><span class='ocrx_word' id='word_1_549' title='bbox 1794 1766 1901 1811; x_wconf 90' lang='lat' dir='ltr'><strong>eat.</strong></span> <span class='ocrx_word' id='word_1_550' title='bbox 1957 1756 2028 1813; x_wconf 89' lang='lat' dir='ltr'><strong>Ut</strong></span> <span class='ocrx_word' id='word_1_551' title='bbox 2072 1760 2218 1825; x_wconf 79' lang='lat' dir='ltr'><strong>enim</strong></span> <span class='ocrx_word' id='word_1_552' title='bbox 2266 1762 2322 1816; x_wconf 92' lang='lat' dir='ltr'><strong>in</strong></span> <span class='ocrx_word' id='word_1_553' title='bbox 2369 1762 2652 1819; x_wconf 87' lang='lat' dir='ltr'><strong>hominum</strong></span> <span class='ocrx_word' id='word_1_554' title='bbox 2696 1766 2839 1824; x_wconf 90' lang='lat' dir='ltr'><strong>inter</strong></span> <span class='ocrx_word' id='word_1_555' title='bbox 2886 1784 2947 1825; x_wconf 84' lang='lat' dir='ltr'><strong>se</strong></span> <span class='ocrx_word' id='word_1_556' title='bbox 2989 1770 3221 1841; x_wconf 73' lang='lat' dir='ltr'><strong>prmliis,</strong></span> <span class='ocrx_word' id='word_1_557' title='bbox 3262 1787 3374 1828; x_wconf 89' lang='lat' dir='ltr'><strong>non</strong></span> 
     </span>
    </p>
   </div>
   <div class='ocr_carea' id='block_1_72' title="bbox 1795 1850 3374 1928">
    <p class='ocr_par' dir='ltr' id='par_1_72' title="bbox 1795 1850 3374 1928">
     <span class='ocr_line' id='line_1_72' title="bbox 1795 1850 3374 1928; baseline 0.011 -27"><span class='ocrx_word' id='word_1_558' title='bbox 1795 1856 1975 1917; x_wconf 89' lang='lat' dir='ltr'><strong>potest</strong></span> <span class='ocrx_word' id='word_1_559' title='bbox 2016 1850 2219 1919; x_wconf 84' lang='lat' dir='ltr'><strong>aliquis</strong></span> <span class='ocrx_word' id='word_1_560' title='bbox 2265 1852 2361 1907; x_wconf 92' lang='lat' dir='ltr'><strong>uni</strong></span> <span class='ocrx_word' id='word_1_561' title='bbox 2390 1854 2533 1924; x_wconf 88' lang='lat' dir='ltr'><strong>parti</strong></span> <span class='ocrx_word' id='word_1_562' title='bbox 2574 1855 2840 1912; x_wconf 83' lang='lat' dir='ltr'><strong>auxilium</strong></span> <span class='ocrx_word' id='word_1_563' title='bbox 2879 1858 3051 1928; x_wconf 88' lang='lat' dir='ltr'><strong>ferre,</strong></span> <span class='ocrx_word' id='word_1_564' title='bbox 3111 1862 3217 1918; x_wconf 70' lang='lat' dir='ltr'><strong>nisi</strong></span> <span class='ocrx_word' id='word_1_565' title='bbox 3264 1879 3374 1919; x_wconf 87' lang='lat' dir='ltr'><strong>una</strong></span> 
     </span>
    </p>
   </div>
   <div class='ocr_carea' id='block_1_73' title="bbox 1794 1941 3375 2012">
    <p class='ocr_par' dir='ltr' id='par_1_73' title="bbox 1794 1941 3375 2012">
     <span class='ocr_line' id='line_1_73' title="bbox 1794 1941 3375 2012; baseline 0.011 -19"><span class='ocrx_word' id='word_1_566' title='bbox 1794 1954 1919 1993; x_wconf 85' lang='lat' dir='ltr'><strong>cum</strong></span> <span class='ocrx_word' id='word_1_567' title='bbox 1950 1941 2226 1999; x_wconf 83' lang='lat' dir='ltr'><strong>irascente</strong></span> <span class='ocrx_word' id='word_1_568' title='bbox 2270 1944 2434 2000; x_wconf 90' lang='lat' dir='ltr'><strong>simul</strong></span> <span class='ocrx_word' id='word_1_569' title='bbox 2483 1946 2539 2000; x_wconf 89' lang='lat' dir='ltr'><strong>in</strong></span> <span class='ocrx_word' id='word_1_570' title='bbox 2569 1946 2950 2007; x_wconf 86' lang='lat' dir='ltr'><strong>adversarium</strong></span> <span class='ocrx_word' id='word_1_571' title='bbox 2977 1953 3287 2012; x_wconf 85' lang='lat' dir='ltr'><strong>concitatus</strong></span> <span class='ocrx_word' id='word_1_572' title='bbox 3318 1963 3375 2010; x_wconf 81' lang='lat' dir='ltr'><strong>et</strong></span> 
     </span>
    </p>
   </div>
   <div class='ocr_carea' id='block_1_74' title="bbox 1794 2033 3372 2117">
    <p class='ocr_par' dir='ltr' id='par_1_74' title="bbox 1794 2033 3372 2117">
     <span class='ocr_line' id='line_1_74' title="bbox 1794 2033 3372 2117; baseline 0.011 -33"><span class='ocrx_word' id='word_1_573' title='bbox 1794 2033 2161 2090; x_wconf 78' lang='lat' dir='ltr'><strong>exacerbatus</strong></span> <span class='ocrx_word' id='word_1_574' title='bbox 2216 2034 2330 2090; x_wconf 86' lang='lat' dir='ltr'><strong>sit:</strong></span> <span class='ocrx_word' id='word_1_575' title='bbox 2366 2036 2439 2090; x_wconf 92' lang='lat' dir='ltr'><strong>ita</strong></span> <span class='ocrx_word' id='word_1_576' title='bbox 2509 2038 2862 2108; x_wconf 88' lang='lat' dir='ltr'><strong>perspicuum</strong></span> <span class='ocrx_word' id='word_1_577' title='bbox 2927 2052 3033 2108; x_wconf 84' lang='lat' dir='ltr'><strong>est,</strong></span> <span class='ocrx_word' id='word_1_578' title='bbox 3083 2045 3232 2115; x_wconf 90' lang='lat' dir='ltr'><strong>quod</strong></span> <span class='ocrx_word' id='word_1_579' title='bbox 3278 2048 3372 2117; x_wconf 91' lang='lat' dir='ltr'><strong>qui</strong></span> 
     </span>
    </p>
   </div>
   <div class='ocr_carea' id='block_1_75' title="bbox 1800 2121 3368 2209">
    <p class='ocr_par' dir='ltr' id='par_1_75' title="bbox 1800 2121 3368 2209">
     <span class='ocr_line' id='line_1_75' title="bbox 1800 2121 3368 2209; baseline 0.01 -33"><span class='ocrx_word' id='word_1_580' title='bbox 1800 2121 1970 2178; x_wconf 91' lang='lat' dir='ltr'><strong>Deum</strong></span> <span class='ocrx_word' id='word_1_581' title='bbox 2025 2136 2332 2182; x_wconf 91' lang='lat' dir='ltr'><strong>commovet</strong></span> <span class='ocrx_word' id='word_1_582' title='bbox 2369 2126 2638 2186; x_wconf 88' lang='lat' dir='ltr'><strong>adversus</strong></span> <span class='ocrx_word' id='word_1_583' title='bbox 2672 2131 2983 2197; x_wconf 88' lang='lat' dir='ltr'><strong>inimicum,</strong></span> <span class='ocrx_word' id='word_1_584' title='bbox 3024 2150 3150 2190; x_wconf 93' lang='lat' dir='ltr'><strong>eum</strong></span> <span class='ocrx_word' id='word_1_585' title='bbox 3189 2146 3368 2209; x_wconf 81' lang='lat' dir='ltr'><strong>rogat,</strong></span> 
     </span>
    </p>
   </div>
   <div class='ocr_carea' id='block_1_76' title="bbox 1798 2214 3373 2295">
    <p class='ocr_par' dir='ltr' id='par_1_76' title="bbox 1798 2214 3373 2295">
     <span class='ocr_line' id='line_1_76' title="bbox 1798 2214 3373 2295; baseline 0.011 -29"><span class='ocrx_word' id='word_1_586' title='bbox 1798 2222 1856 2266; x_wconf 91' lang='lat' dir='ltr'><strong>nt</strong></span> <span class='ocrx_word' id='word_1_587' title='bbox 1905 2229 2014 2269; x_wconf 91' lang='lat' dir='ltr'><strong>una</strong></span> <span class='ocrx_word' id='word_1_588' title='bbox 2049 2214 2346 2281; x_wconf 85' lang='lat' dir='ltr'><strong>irascatur,</strong></span> <span class='ocrx_word' id='word_1_589' title='bbox 2378 2225 2435 2273; x_wconf 89' lang='lat' dir='ltr'><strong>et</strong></span> <span class='ocrx_word' id='word_1_590' title='bbox 2464 2217 2561 2273; x_wconf 81' lang='lat' dir='ltr'><strong>irae</strong></span> <span class='ocrx_word' id='word_1_591' title='bbox 2591 2220 2778 2277; x_wconf 92' lang='lat' dir='ltr'><strong>socius</strong></span> <span class='ocrx_word' id='word_1_592' title='bbox 2807 2221 2921 2278; x_wconf 86' lang='lat' dir='ltr'><strong>ﬁat.</strong></span> <span class='ocrx_word' id='word_1_593' title='bbox 2963 2222 3021 2279; x_wconf 84' lang='lat' dir='ltr'><strong>Id</strong></span> <span class='ocrx_word' id='word_1_594' title='bbox 3053 2234 3235 2283; x_wconf 91' lang='lat' dir='ltr'><strong>autem</strong></span> <span class='ocrx_word' id='word_1_595' title='bbox 3265 2238 3373 2295; x_wconf 88' lang='lat' dir='ltr'><strong>est,</strong></span> 
     </span>
    </p>
   </div>
   <div class='ocr_carea' id='block_1_77' title="bbox 1796 2310 3378 2384">
    <p class='ocr_par' dir='ltr' id='par_1_77' title="bbox 1796 2310 3378 2384">
     <span class='ocr_line' id='line_1_77' title="bbox 1796 2310 3378 2384; baseline 0.009 -23"><span class='ocrx_word' id='word_1_596' title='bbox 1796 2310 1849 2361; x_wconf 93' lang='lat' dir='ltr'><strong>in</strong></span> <span class='ocrx_word' id='word_1_597' title='bbox 1881 2310 2348 2378; x_wconf 88' lang='lat' dir='ltr'><strong>perturbationem</strong></span> <span class='ocrx_word' id='word_1_598' title='bbox 2386 2311 2633 2370; x_wconf 89' lang='lat' dir='ltr'><strong>incidere</strong></span> <span class='ocrx_word' id='word_1_599' title='bbox 2679 2330 2882 2372; x_wconf 89' lang='lat' dir='ltr'><strong>numen</strong></span> <span class='ocrx_word' id='word_1_600' title='bbox 2917 2317 3189 2384; x_wconf 89' lang='lat' dir='ltr'><strong>divinum,</strong></span> <span class='ocrx_word' id='word_1_601' title='bbox 3214 2329 3268 2377; x_wconf 90' lang='lat' dir='ltr'><strong>et</strong></span> <span class='ocrx_word' id='word_1_602' title='bbox 3291 2322 3378 2376; x_wconf 54' lang='lat' dir='ltr'><strong>afu</strong></span> 
     </span>
    </p>
   </div>
   <div class='ocr_carea' id='block_1_78' title="bbox 1800 2399 3377 2476">
    <p class='ocr_par' dir='ltr' id='par_1_78' title="bbox 1800 2399 3377 2476">
     <span class='ocr_line' id='line_1_78' title="bbox 1800 2399 3377 2476; baseline 0.01 -23"><span class='ocrx_word' id='word_1_603' title='bbox 1800 2399 1888 2453; x_wconf 86' lang='lat' dir='ltr'><strong>fici</strong></span> <span class='ocrx_word' id='word_1_604' title='bbox 1936 2415 2091 2457; x_wconf 89' lang='lat' dir='ltr'><strong>more</strong></span> <span class='ocrx_word' id='word_1_605' title='bbox 2128 2402 2393 2469; x_wconf 88' lang='lat' dir='ltr'><strong>humano,</strong></span> <span class='ocrx_word' id='word_1_606' title='bbox 2441 2412 2608 2476; x_wconf 92' lang='lat' dir='ltr'><strong>atque</strong></span> <span class='ocrx_word' id='word_1_607' title='bbox 2649 2421 2716 2462; x_wconf 80' lang='lat' dir='ltr'><strong>ex</strong></span> <span class='ocrx_word' id='word_1_608' title='bbox 2751 2407 2896 2463; x_wconf 86' lang='lat' dir='ltr'><strong>bona</strong></span> <span class='ocrx_word' id='word_1_609' title='bbox 2924 2423 3121 2465; x_wconf 82' lang='lat' dir='ltr'><strong>natura</strong></span> <span class='ocrx_word' id='word_1_610' title='bbox 3163 2412 3215 2466; x_wconf 88' lang='lat' dir='ltr'><strong>in</strong></span> <span class='ocrx_word' id='word_1_611' title='bbox 3248 2411 3377 2468; x_wconf 89' lang='lat' dir='ltr'><strong>feri-</strong></span> 
     </span>
    </p>
   </div>
   <div class='ocr_carea' id='block_1_79' title="bbox 1798 2493 3377 2574">
    <p class='ocr_par' dir='ltr' id='par_1_79' title="bbox 1798 2493 3377 2574">
     <span class='ocr_line' id='line_1_79' title="bbox 1798 2493 3377 2574; baseline 0.013 -31"><span class='ocrx_word' id='word_1_612' title='bbox 1798 2504 1925 2544; x_wconf 90' lang='lat' dir='ltr'><strong>nam</strong></span> <span class='ocrx_word' id='word_1_613' title='bbox 1961 2493 2228 2549; x_wconf 74' lang='lat' dir='ltr'><strong>smvitiam</strong></span> <span class='ocrx_word' id='word_1_614' title='bbox 2279 2499 2665 2554; x_wconf 86' lang='lat' dir='ltr'><strong>transmutari.</strong></span> <span class='ocrx_word' id='word_1_615' title='bbox 2715 2498 2795 2554; x_wconf 85' lang='lat' dir='ltr'><strong>Ita</strong></span> <span class='ocrx_word' id='word_1_616' title='bbox 2824 2502 2917 2573; x_wconf 90' lang='lat' dir='ltr'><strong>qui</strong></span> <span class='ocrx_word' id='word_1_617' title='bbox 2960 2503 3150 2574; x_wconf 62' lang='lat' dir='ltr'><strong>gloriae</strong></span> <span class='ocrx_word' id='word_1_618' title='bbox 3183 2505 3377 2564; x_wconf 80' lang='lat' dir='ltr'><strong>insana</strong></span> 
     </span>
    </p>
   </div>
   <div class='ocr_carea' id='block_1_80' title="bbox 1799 2582 3377 2663">
    <p class='ocr_par' dir='ltr' id='par_1_80' title="bbox 1799 2582 3377 2663">
     <span class='ocr_line' id='line_1_80' title="bbox 1799 2582 3377 2663; baseline 0.01 -25"><span class='ocrx_word' id='word_1_619' title='bbox 1799 2582 2056 2653; x_wconf 89' lang='lat' dir='ltr'><strong>cupidine</strong></span> <span class='ocrx_word' id='word_1_620' title='bbox 2103 2594 2364 2655; x_wconf 75' lang='lat' dir='ltr'><strong>vexatur;</strong></span> <span class='ocrx_word' id='word_1_621' title='bbox 2408 2587 2484 2643; x_wconf 89' lang='lat' dir='ltr'><strong>ita</strong></span> <span class='ocrx_word' id='word_1_622' title='bbox 2528 2590 2626 2661; x_wconf 87' lang='lat' dir='ltr'><strong>qui</strong></span> <span class='ocrx_word' id='word_1_623' title='bbox 2674 2593 2930 2663; x_wconf 89' lang='lat' dir='ltr'><strong>superbia</strong></span> <span class='ocrx_word' id='word_1_624' title='bbox 2961 2595 3231 2652; x_wconf 81' lang='lat' dir='ltr'><strong>excellere</strong></span> <span class='ocrx_word' id='word_1_625' title='bbox 3255 2606 3377 2653; x_wconf 81' lang='lat' dir='ltr'><strong>stu-</strong></span> 
     </span>
    </p>
   </div>
   <div class='ocr_carea' id='block_1_81' title="bbox 1797 2672 3375 2754">
    <p class='ocr_par' dir='ltr' id='par_1_81' title="bbox 1797 2672 3375 2754">
     <span class='ocr_line' id='line_1_81' title="bbox 1797 2672 3375 2754; baseline 0.012 -27"><span class='ocrx_word' id='word_1_626' title='bbox 1797 2672 1937 2742; x_wconf 89' lang='lat' dir='ltr'><strong>det;</strong></span> <span class='ocrx_word' id='word_1_627' title='bbox 1984 2676 2079 2746; x_wconf 88' lang='lat' dir='ltr'><strong>qui</strong></span> <span class='ocrx_word' id='word_1_628' title='bbox 2136 2677 2191 2732; x_wconf 90' lang='lat' dir='ltr'><strong>in</strong></span> <span class='ocrx_word' id='word_1_629' title='bbox 2231 2677 2485 2749; x_wconf 86' lang='lat' dir='ltr'><strong>judiciali</strong></span> <span class='ocrx_word' id='word_1_630' title='bbox 2529 2682 2926 2754; x_wconf 89' lang='lat' dir='ltr'><strong>disceptatione</strong></span> <span class='ocrx_word' id='word_1_631' title='bbox 2966 2685 3035 2741; x_wconf 94' lang='lat' dir='ltr'><strong>ad</strong></span> <span class='ocrx_word' id='word_1_632' title='bbox 3084 2690 3375 2746; x_wconf 80' lang='lat' dir='ltr'><strong>victoriam</strong></span> 
     </span>
    </p>
   </div>
   <div class='ocr_carea' id='block_1_82' title="bbox 1799 2762 3377 2842">
    <p class='ocr_par' dir='ltr' id='par_1_82' title="bbox 1799 2762 3377 2842">
     <span class='ocr_line' id='line_1_82' title="bbox 1799 2762 3377 2842; baseline 0.013 -26"><span class='ocrx_word' id='word_1_633' title='bbox 1799 2762 2061 2835; x_wconf 79' lang='lat' dir='ltr'><strong>festinat;</strong></span> <span class='ocrx_word' id='word_1_634' title='bbox 2120 2768 2213 2838; x_wconf 89' lang='lat' dir='ltr'><strong>qui</strong></span> <span class='ocrx_word' id='word_1_635' title='bbox 2252 2769 2307 2824; x_wconf 93' lang='lat' dir='ltr'><strong>in</strong></span> <span class='ocrx_word' id='word_1_636' title='bbox 2356 2771 2629 2842; x_wconf 76' lang='lat' dir='ltr'><strong>gymnicis</strong></span> <span class='ocrx_word' id='word_1_637' title='bbox 2668 2774 3068 2832; x_wconf 84' lang='lat' dir='ltr'><strong>certaminibus</strong></span> <span class='ocrx_word' id='word_1_638' title='bbox 3106 2778 3174 2833; x_wconf 91' lang='lat' dir='ltr'><strong>ad</strong></span> <span class='ocrx_word' id='word_1_639' title='bbox 3211 2794 3377 2836; x_wconf 57' lang='lat' dir='ltr'><strong>corov</strong></span> 
     </span>
    </p>
   </div>
   <div class='ocr_carea' id='block_1_83' title="bbox 1799 2862 3380 2932">
    <p class='ocr_par' dir='ltr' id='par_1_83' title="bbox 1799 2862 3380 2932">
     <span class='ocr_line' id='line_1_83' title="bbox 1799 2862 3380 2932; baseline 0.011 -22"><span class='ocrx_word' id='word_1_640' title='bbox 1799 2872 1925 2911; x_wconf 91' lang='lat' dir='ltr'><strong>nam</strong></span> <span class='ocrx_word' id='word_1_641' title='bbox 1958 2866 2248 2929; x_wconf 86' lang='lat' dir='ltr'><strong>properat;</strong></span> <span class='ocrx_word' id='word_1_642' title='bbox 2298 2862 2388 2932; x_wconf 90' lang='lat' dir='ltr'><strong>qui</strong></span> <span class='ocrx_word' id='word_1_643' title='bbox 2426 2862 2482 2918; x_wconf 89' lang='lat' dir='ltr'><strong>in</strong></span> <span class='ocrx_word' id='word_1_644' title='bbox 2513 2863 2744 2921; x_wconf 89' lang='lat' dir='ltr'><strong>theatris</strong></span> <span class='ocrx_word' id='word_1_645' title='bbox 2776 2864 2988 2925; x_wconf 89' lang='lat' dir='ltr'><strong>faustas</strong></span> <span class='ocrx_word' id='word_1_646' title='bbox 3028 2871 3380 2928; x_wconf 80' lang='lat' dir='ltr'><strong>acclamatio-</strong></span> 
     </span>
    </p>
   </div>
   <div class='ocr_carea' id='block_1_84' title="bbox 1802 2947 3396 3034">
    <p class='ocr_par' dir='ltr' id='par_1_84' title="bbox 1802 2947 3396 3034">
     <span class='ocr_line' id='line_1_84' title="bbox 1802 2947 3396 3034; baseline 0.011 -32"><span class='ocrx_word' id='word_1_647' title='bbox 1802 2964 1900 3005; x_wconf 90' lang='lat' dir='ltr'><strong>nes</strong></span> <span class='ocrx_word' id='word_1_648' title='bbox 1950 2947 2192 3006; x_wconf 75' lang='lat' dir='ltr'><strong>affectat.</strong></span> <span class='ocrx_word' id='word_1_649' title='bbox 2227 2951 2382 3024; x_wconf 68' lang='lat' dir='ltr'><strong>Szepe</strong></span> <span class='ocrx_word' id='word_1_650' title='bbox 2417 2965 2601 3012; x_wconf 86' lang='lat' dir='ltr'><strong>autem</strong></span> <span class='ocrx_word' id='word_1_651' title='bbox 2628 2957 2792 3013; x_wconf 89' lang='lat' dir='ltr'><strong>etiam</strong></span> <span class='ocrx_word' id='word_1_652' title='bbox 2837 2959 2883 3015; x_wconf 92' lang='lat' dir='ltr'><strong>is</strong></span> <span class='ocrx_word' id='word_1_653' title='bbox 2909 2960 3003 3031; x_wconf 90' lang='lat' dir='ltr'><strong>qui</strong></span> <span class='ocrx_word' id='word_1_654' title='bbox 3032 2970 3256 3034; x_wconf 87' lang='lat' dir='ltr'><strong>propter</strong></span> <span class='ocrx_word' id='word_1_655' title='bbox 3289 2963 3396 3020; x_wconf 55' lang='lat' dir='ltr'><strong>in.&quot;</strong></span> 
     </span>
    </p>
   </div>
   <div class='ocr_carea' id='block_1_85' title="bbox 1803 3044 3376 3114">
    <p class='ocr_par' dir='ltr' id='par_1_85' title="bbox 1803 3044 3376 3114">
     <span class='ocr_line' id='line_1_85' title="bbox 1803 3044 3376 3114; baseline 0.008 -15"><span class='ocrx_word' id='word_1_656' title='bbox 1803 3057 1998 3099; x_wconf 89' lang='lat' dir='ltr'><strong>sanum</strong></span> <span class='ocrx_word' id='word_1_657' title='bbox 2032 3044 2345 3114; x_wconf 86' lang='lat' dir='ltr'><strong>juventutis</strong></span> <span class='ocrx_word' id='word_1_658' title='bbox 2389 3049 2641 3104; x_wconf 89' lang='lat' dir='ltr'><strong>morbum</strong></span> <span class='ocrx_word' id='word_1_659' title='bbox 2671 3052 3014 3108; x_wconf 88' lang='lat' dir='ltr'><strong>contabescit</strong></span> <span class='ocrx_word' id='word_1_660' title='bbox 3046 3073 3059 3109; x_wconf 93' lang='lat'><strong>:</strong></span> <span class='ocrx_word' id='word_1_661' title='bbox 3104 3069 3295 3112; x_wconf 89' lang='lat' dir='ltr'><strong>omnes</strong></span> <span class='ocrx_word' id='word_1_662' title='bbox 3322 3057 3376 3112; x_wconf 80' lang='lat' dir='ltr'><strong>lii</strong></span> 
     </span>
    </p>
   </div>
   <div class='ocr_carea' id='block_1_86' title="bbox 1802 3142 3380 3213">
    <p class='ocr_par' dir='ltr' id='par_1_86' title="bbox 1802 3142 3380 3213">
     <span class='ocr_line' id='line_1_86' title="bbox 1802 3142 3380 3213; baseline 0.009 -24"><span class='ocrx_word' id='word_1_663' title='bbox 1802 3151 1912 3190; x_wconf 90' lang='lat' dir='ltr'><strong>non</strong></span> <span class='ocrx_word' id='word_1_664' title='bbox 1967 3145 2026 3191; x_wconf 91' lang='lat' dir='ltr'><strong>ut</strong></span> <span class='ocrx_word' id='word_1_665' title='bbox 2070 3153 2157 3205; x_wconf 91' lang='lat' dir='ltr'><strong>eo,</strong></span> <span class='ocrx_word' id='word_1_666' title='bbox 2212 3154 2325 3209; x_wconf 92' lang='lat' dir='ltr'><strong>quo</strong></span> <span class='ocrx_word' id='word_1_667' title='bbox 2364 3148 2643 3210; x_wconf 91' lang='lat' dir='ltr'><strong>tenentur,</strong></span> <span class='ocrx_word' id='word_1_668' title='bbox 2694 3142 2886 3199; x_wconf 91' lang='lat' dir='ltr'><strong>morbo</strong></span> <span class='ocrx_word' id='word_1_669' title='bbox 2916 3144 3235 3213; x_wconf 86' lang='lat' dir='ltr'><strong>liberentur,</strong></span> <span class='ocrx_word' id='word_1_670' title='bbox 3269 3146 3380 3205; x_wconf 88' lang='lat' dir='ltr'><strong>Deo</strong></span> 
     </span>
    </p>
   </div>
   <div class='ocr_carea' id='block_1_87' title="bbox 1802 3228 3378 3299">
    <p class='ocr_par' dir='ltr' id='par_1_87' title="bbox 1802 3228 3378 3299">
     <span class='ocr_line' id='line_1_87' title="bbox 1802 3228 3378 3299; baseline 0.009 -19"><span class='ocrx_word' id='word_1_671' title='bbox 1802 3241 1993 3298; x_wconf 89' lang='lat' dir='ltr'><strong>preces</strong></span> <span class='ocrx_word' id='word_1_672' title='bbox 2021 3228 2278 3299; x_wconf 71' lang='lat' dir='ltr'><strong>offerunt,</strong></span> <span class='ocrx_word' id='word_1_673' title='bbox 2321 3232 2417 3288; x_wconf 90' lang='lat' dir='ltr'><strong>sed</strong></span> <span class='ocrx_word' id='word_1_674' title='bbox 2466 3242 2526 3288; x_wconf 92' lang='lat' dir='ltr'><strong>ut</strong></span> <span class='ocrx_word' id='word_1_675' title='bbox 2581 3231 2655 3288; x_wconf 88' lang='lat' dir='ltr'><strong>ad</strong></span> <span class='ocrx_word' id='word_1_676' title='bbox 2709 3232 2871 3291; x_wconf 83' lang='lat' dir='ltr'><strong>finem</strong></span> <span class='ocrx_word' id='word_1_677' title='bbox 2918 3236 3145 3292; x_wconf 87' lang='lat' dir='ltr'><strong>morbus</strong></span> <span class='ocrx_word' id='word_1_678' title='bbox 3187 3252 3378 3294; x_wconf 90' lang='lat' dir='ltr'><strong>eorum</strong></span> 
     </span>
    </p>
   </div>
   <div class='ocr_carea' id='block_1_88' title="bbox 1802 3318 3381 3396">
    <p class='ocr_par' dir='ltr' id='par_1_88' title="bbox 1802 3318 3381 3396">
     <span class='ocr_line' id='line_1_88' title="bbox 1802 3318 3381 3396; baseline 0.009 -24"><span class='ocrx_word' id='word_1_679' title='bbox 1802 3318 2156 3389; x_wconf 86' lang='lat' dir='ltr'><strong>perducatur,</strong></span> <span class='ocrx_word' id='word_1_680' title='bbox 2204 3330 2260 3377; x_wconf 92' lang='lat' dir='ltr'><strong>et</strong></span> <span class='ocrx_word' id='word_1_681' title='bbox 2306 3324 2682 3393; x_wconf 85' lang='lat' dir='ltr'><strong>compleatur.‘</strong></span> <span class='ocrx_word' id='word_1_682' title='bbox 2698 3326 2879 3396; x_wconf 82' lang='lat' dir='ltr'><strong>Atque</strong></span> <span class='ocrx_word' id='word_1_683' title='bbox 2911 3326 3027 3383; x_wconf 60' lang='lat' dir='ltr'><strong>haec</strong></span> <span class='ocrx_word' id='word_1_684' title='bbox 3054 3329 3100 3385; x_wconf 91' lang='lat' dir='ltr'><strong>si</strong></span> <span class='ocrx_word' id='word_1_685' title='bbox 3131 3329 3381 3386; x_wconf 86' lang='lat' dir='ltr'><strong>obtinere</strong></span> 
     </span>
    </p>
   </div>
   <div class='ocr_carea' id='block_1_89' title="bbox 1802 3410 3377 3487">
    <p class='ocr_par' dir='ltr' id='par_1_89' title="bbox 1802 3410 3377 3487">
     <span class='ocr_line' id='line_1_89' title="bbox 1802 3410 3377 3487; baseline 0.011 -26"><span class='ocrx_word' id='word_1_686' title='bbox 1802 3423 1914 3463; x_wconf 92' lang='lat' dir='ltr'><strong>non</strong></span> <span class='ocrx_word' id='word_1_687' title='bbox 1958 3410 2195 3480; x_wconf 82' lang='lat' dir='ltr'><strong>possint,</strong></span> <span class='ocrx_word' id='word_1_688' title='bbox 2228 3413 2612 3470; x_wconf 87' lang='lat' dir='ltr'><strong>calamitosum</strong></span> <span class='ocrx_word' id='word_1_689' title='bbox 2640 3416 2878 3487; x_wconf 89' lang='lat' dir='ltr'><strong>quisque</strong></span> <span class='ocrx_word' id='word_1_690' title='bbox 2910 3418 3016 3474; x_wconf 90' lang='lat' dir='ltr'><strong>sibi</strong></span> <span class='ocrx_word' id='word_1_691' title='bbox 3040 3418 3377 3487; x_wconf 85' lang='lat' dir='ltr'><strong>judicantcs.</strong></span> 
     </span>
    </p>
   </div>
   <div class='ocr_carea' id='block_1_90' title="bbox 1804 3496 3380 3579">
    <p class='ocr_par' dir='ltr' id='par_1_90' title="bbox 1804 3496 3380 3579">
     <span class='ocr_line' id='line_1_90' title="bbox 1804 3496 3380 3579; baseline 0.009 -26"><span class='ocrx_word' id='word_1_692' title='bbox 1804 3496 2077 3555; x_wconf 86' lang='lat' dir='ltr'><strong>blaterant</strong></span> <span class='ocrx_word' id='word_1_693' title='bbox 2119 3516 2330 3570; x_wconf 83' lang='lat' dir='ltr'><strong>revera,</strong></span> <span class='ocrx_word' id='word_1_694' title='bbox 2381 3510 2440 3557; x_wconf 93' lang='lat' dir='ltr'><strong>ut</strong></span> <span class='ocrx_word' id='word_1_695' title='bbox 2466 3504 2666 3560; x_wconf 89' lang='lat' dir='ltr'><strong>mentis</strong></span> <span class='ocrx_word' id='word_1_696' title='bbox 2690 3519 2805 3561; x_wconf 82' lang='lat' dir='ltr'><strong>suae</strong></span> <span class='ocrx_word' id='word_1_697' title='bbox 2836 3508 3009 3563; x_wconf 89' lang='lat' dir='ltr'><strong>morbi</strong></span> <span class='ocrx_word' id='word_1_698' title='bbox 3040 3509 3259 3579; x_wconf 89' lang='lat' dir='ltr'><strong>adjutor</strong></span> <span class='ocrx_word' id='word_1_699' title='bbox 3286 3512 3380 3579; x_wconf 90' lang='lat' dir='ltr'><strong>sit,</strong></span> 
     </span>
    </p>
   </div>
   <div class='ocr_carea' id='block_1_91' title="bbox 1802 3590 3382 3671">
    <p class='ocr_par' dir='ltr' id='par_1_91' title="bbox 1802 3590 3382 3671">
     <span class='ocr_line' id='line_1_91' title="bbox 1802 3590 3382 3671; baseline 0.007 -24"><span class='ocrx_word' id='word_1_700' title='bbox 1802 3590 1914 3647; x_wconf 91' lang='lat' dir='ltr'><strong>Deo</strong></span> <span class='ocrx_word' id='word_1_701' title='bbox 1960 3593 2336 3663; x_wconf 89' lang='lat' dir='ltr'><strong>supplicantes</strong></span> <span class='ocrx_word' id='word_1_702' title='bbox 2372 3612 2388 3651; x_wconf 91' lang='lat'><strong>:</strong></span> <span class='ocrx_word' id='word_1_703' title='bbox 2426 3610 2492 3651; x_wconf 90' lang='lat' dir='ltr'><strong>ac</strong></span> <span class='ocrx_word' id='word_1_704' title='bbox 2514 3595 2664 3666; x_wconf 88' lang='lat' dir='ltr'><strong>quod</strong></span> <span class='ocrx_word' id='word_1_705' title='bbox 2711 3597 2957 3653; x_wconf 90' lang='lat' dir='ltr'><strong>omnium</strong></span> <span class='ocrx_word' id='word_1_706' title='bbox 2992 3601 3382 3671; x_wconf 74' lang='lat' dir='ltr'><strong>gravissimum</strong></span> 
     </span>
    </p>
   </div>
   <div class='ocr_carea' id='block_1_92' title="bbox 1803 3683 3378 3755">
    <p class='ocr_par' dir='ltr' id='par_1_92' title="bbox 1803 3683 3378 3755">
     <span class='ocr_line' id='line_1_92' title="bbox 1803 3683 3378 3755; baseline 0.007 -16"><span class='ocrx_word' id='word_1_707' title='bbox 1803 3691 1910 3749; x_wconf 90' lang='lat' dir='ltr'><strong>est,</strong></span> <span class='ocrx_word' id='word_1_708' title='bbox 1945 3683 2012 3739; x_wconf 88' lang='lat' dir='ltr'><strong>ad</strong></span> <span class='ocrx_word' id='word_1_709' title='bbox 2067 3700 2235 3755; x_wconf 90' lang='lat' dir='ltr'><strong>quam</strong></span> <span class='ocrx_word' id='word_1_710' title='bbox 2286 3687 2524 3744; x_wconf 78' lang='lat' dir='ltr'><strong>maxime</strong></span> <span class='ocrx_word' id='word_1_711' title='bbox 2567 3690 2877 3746; x_wconf 87' lang='lat' dir='ltr'><strong>contrarios</strong></span> <span class='ocrx_word' id='word_1_712' title='bbox 2917 3700 3099 3749; x_wconf 88' lang='lat' dir='ltr'><strong>motus</strong></span> <span class='ocrx_word' id='word_1_713' title='bbox 3135 3694 3378 3750; x_wconf 85' lang='lat' dir='ltr'><strong>divinum</strong></span> 
     </span>
    </p>
   </div>
   <div class='ocr_carea' id='block_1_93' title="bbox 1804 3776 3385 3851">
    <p class='ocr_par' dir='ltr' id='par_1_93' title="bbox 1804 3776 3385 3851">
     <span class='ocr_line' id='line_1_93' title="bbox 1804 3776 3385 3851; baseline 0.008 -22"><span class='ocrx_word' id='word_1_714' title='bbox 1804 3789 2007 3830; x_wconf 83' lang='lat' dir='ltr'><strong>numen</strong></span> <span class='ocrx_word' id='word_1_715' title='bbox 2049 3776 2154 3832; x_wconf 90' lang='lat' dir='ltr'><strong>sibi</strong></span> <span class='ocrx_word' id='word_1_716' title='bbox 2213 3778 2421 3833; x_wconf 85' lang='lat' dir='ltr'><strong>moveri</strong></span> <span class='ocrx_word' id='word_1_717' title='bbox 2457 3781 2883 3851; x_wconf 84' lang='lat' dir='ltr'><strong>concupiscunt,</strong></span> <span class='ocrx_word' id='word_1_718' title='bbox 2929 3781 2982 3837; x_wconf 93' lang='lat' dir='ltr'><strong>in</strong></span> <span class='ocrx_word' id='word_1_719' title='bbox 3017 3782 3284 3841; x_wconf 85' lang='lat' dir='ltr'><strong>feritatem</strong></span> <span class='ocrx_word' id='word_1_720' title='bbox 3327 3795 3385 3843; x_wconf 88' lang='lat' dir='ltr'><strong>ct</strong></span> 
     </span>
    </p>
   </div>
   <div class='ocr_carea' id='block_1_94' title="bbox 1804 3866 3382 3941">
    <p class='ocr_par' dir='ltr' id='par_1_94' title="bbox 1804 3866 3382 3941">
     <span class='ocr_line' id='line_1_94' title="bbox 1804 3866 3382 3941; baseline 0.006 -20"><span class='ocrx_word' id='word_1_721' title='bbox 1804 3866 2220 3934; x_wconf 91' lang='lat' dir='ltr'><strong>humanitatem,</strong></span> <span class='ocrx_word' id='word_1_722' title='bbox 2243 3866 2544 3925; x_wconf 83' lang='lat' dir='ltr'><strong>efficaciam</strong></span> <span class='ocrx_word' id='word_1_723' title='bbox 2574 3867 2664 3925; x_wconf 88' lang='lat' dir='ltr'><strong>Dei</strong></span> <span class='ocrx_word' id='word_1_724' title='bbox 2695 3870 3011 3941; x_wconf 88' lang='lat' dir='ltr'><strong>partientes.</strong></span> <span class='ocrx_word' id='word_1_725' title='bbox 3040 3871 3209 3940; x_wconf 87' lang='lat' dir='ltr'><strong>Quem</strong></span> <span class='ocrx_word' id='word_1_726' title='bbox 3235 3874 3382 3930; x_wconf 90' lang='lat' dir='ltr'><strong>enim</strong></span> 
     </span>
    </p>
   </div>
   <div class='ocr_carea' id='block_1_95' title="bbox 1804 3958 3384 4037">
    <p class='ocr_par' dir='ltr' id='par_1_95' title="bbox 1804 3958 3384 4037">
     <span class='ocr_line' id='line_1_95' title="bbox 1804 3958 3384 4037; baseline 0.006 -24"><span class='ocrx_word' id='word_1_727' title='bbox 1804 3958 2103 4028; x_wconf 89' lang='lat' dir='ltr'><strong>prepitium</strong></span> <span class='ocrx_word' id='word_1_728' title='bbox 2130 3966 2187 4037; x_wconf 89' lang='lat' dir='ltr'><strong>et</strong></span> <span class='ocrx_word' id='word_1_729' title='bbox 2214 3959 2403 4016; x_wconf 91' lang='lat' dir='ltr'><strong>mitem</strong></span> <span class='ocrx_word' id='word_1_730' title='bbox 2449 3961 2555 4017; x_wconf 89' lang='lat' dir='ltr'><strong>sibi</strong></span> <span class='ocrx_word' id='word_1_731' title='bbox 2595 3976 2717 4018; x_wconf 85' lang='lat' dir='ltr'><strong>esse</strong></span> <span class='ocrx_word' id='word_1_732' title='bbox 2757 3962 3093 4032; x_wconf 88' lang='lat' dir='ltr'><strong>desiderant,</strong></span> <span class='ocrx_word' id='word_1_733' title='bbox 3134 3981 3261 4020; x_wconf 90' lang='lat' dir='ltr'><strong>eum</strong></span> <span class='ocrx_word' id='word_1_734' title='bbox 3292 3982 3384 4023; x_wconf 85' lang='lat' dir='ltr'><strong>as-</strong></span> 
     </span>
    </p>
   </div>
   <div class='ocr_carea' id='block_1_96' title="bbox 1808 4049 3386 4127">
    <p class='ocr_par' dir='ltr' id='par_1_96' title="bbox 1808 4049 3386 4127">
     <span class='ocr_line' id='line_1_96' title="bbox 1808 4049 3386 4127; baseline 0.006 -24"><span class='ocrx_word' id='word_1_735' title='bbox 1808 4064 1996 4119; x_wconf 90' lang='lat' dir='ltr'><strong>perum</strong></span> <span class='ocrx_word' id='word_1_736' title='bbox 2028 4056 2084 4104; x_wconf 92' lang='lat' dir='ltr'><strong>et</strong></span> <span class='ocrx_word' id='word_1_737' title='bbox 2141 4049 2406 4107; x_wconf 90' lang='lat' dir='ltr'><strong>immitem</strong></span> <span class='ocrx_word' id='word_1_738' title='bbox 2452 4052 2691 4109; x_wconf 89' lang='lat' dir='ltr'><strong>inimicis</strong></span> <span class='ocrx_word' id='word_1_739' title='bbox 2745 4054 2864 4111; x_wconf 88' lang='lat' dir='ltr'><strong>suis</strong></span> <span class='ocrx_word' id='word_1_740' title='bbox 2909 4055 3025 4112; x_wconf 83' lang='lat' dir='ltr'><strong>ﬂeri</strong></span> <span class='ocrx_word' id='word_1_741' title='bbox 3075 4063 3291 4127; x_wconf 76' lang='lat' dir='ltr'><strong>rogant.</strong></span> <span class='ocrx_word' id='word_1_742' title='bbox 3338 4057 3386 4114; x_wconf 90' lang='lat'><strong>0</strong></span> 
     </span>
    </p>
   </div>
   <div class='ocr_carea' id='block_1_97' title="bbox 1808 4137 3387 4203">
    <p class='ocr_par' dir='ltr' id='par_1_97' title="bbox 1808 4137 3387 4203">
     <span class='ocr_line' id='line_1_97' title="bbox 1808 4137 3387 4203; baseline 0.006 -11"><span class='ocrx_word' id='word_1_743' title='bbox 1808 4137 2196 4194; x_wconf 88' lang='lat' dir='ltr'><strong>blaterantium</strong></span> <span class='ocrx_word' id='word_1_744' title='bbox 2228 4139 2596 4196; x_wconf 86' lang='lat' dir='ltr'><strong>dementiam!</strong></span> <span class='ocrx_word' id='word_1_745' title='bbox 2628 4142 2762 4198; x_wconf 84' lang='lat' dir='ltr'><strong>Nam</strong></span> <span class='ocrx_word' id='word_1_746' title='bbox 2796 4147 2842 4201; x_wconf 90' lang='lat' dir='ltr'><strong>si</strong></span> <span class='ocrx_word' id='word_1_747' title='bbox 2876 4143 3022 4202; x_wconf 91' lang='lat' dir='ltr'><strong>Deus</strong></span> <span class='ocrx_word' id='word_1_748' title='bbox 3061 4146 3168 4203; x_wconf 83' lang='lat' dir='ltr'><strong>illis</strong></span> <span class='ocrx_word' id='word_1_749' title='bbox 3207 4146 3387 4201; x_wconf 89' lang='lat' dir='ltr'><strong>immi-</strong></span> 
     </span>
    </p>
   </div>
   <div class='ocr_carea' id='block_1_98' title="bbox 1806 4230 3383 4307">
    <p class='ocr_par' dir='ltr' id='par_1_98' title="bbox 1806 4230 3383 4307">
     <span class='ocr_line' id='line_1_98' title="bbox 1806 4230 3383 4307; baseline 0.006 -25"><span class='ocrx_word' id='word_1_750' title='bbox 1806 4230 1903 4294; x_wconf 85' lang='lat' dir='ltr'><strong>tis,</strong></span> <span class='ocrx_word' id='word_1_751' title='bbox 1951 4245 2021 4285; x_wconf 88' lang='lat' dir='ltr'><strong>ne</strong></span> <span class='ocrx_word' id='word_1_752' title='bbox 2064 4231 2162 4286; x_wconf 92' lang='lat' dir='ltr'><strong>tibi</strong></span> <span class='ocrx_word' id='word_1_753' title='bbox 2218 4231 2440 4302; x_wconf 89' lang='lat' dir='ltr'><strong>quidem</strong></span> <span class='ocrx_word' id='word_1_754' title='bbox 2501 4249 2730 4304; x_wconf 87' lang='lat' dir='ltr'><strong>prorsus</strong></span> <span class='ocrx_word' id='word_1_755' title='bbox 2790 4236 3041 4307; x_wconf 78' lang='lat' dir='ltr'><strong>placidus</strong></span> <span class='ocrx_word' id='word_1_756' title='bbox 3096 4238 3221 4292; x_wconf 89' lang='lat' dir='ltr'><strong>erit.</strong></span> <span class='ocrx_word' id='word_1_757' title='bbox 3285 4235 3383 4292; x_wconf 91' lang='lat' dir='ltr'><strong>Sin</strong></span> 
     </span>
    </p>
   </div>
   <div class='ocr_carea' id='block_1_99' title="bbox 1810 4323 3382 4395">
    <p class='ocr_par' dir='ltr' id='par_1_99' title="bbox 1810 4323 3382 4395">
     <span class='ocr_line' id='line_1_99' title="bbox 1810 4323 3382 4395; baseline 0.004 -19"><span class='ocrx_word' id='word_1_758' title='bbox 1810 4330 1993 4377; x_wconf 91' lang='lat' dir='ltr'><strong>autem</strong></span> <span class='ocrx_word' id='word_1_759' title='bbox 2044 4323 2102 4377; x_wconf 91' lang='lat' dir='ltr'><strong>in</strong></span> <span class='ocrx_word' id='word_1_760' title='bbox 2151 4331 2223 4388; x_wconf 88' lang='lat' dir='ltr'><strong>te,</strong></span> <span class='ocrx_word' id='word_1_761' title='bbox 2263 4330 2326 4378; x_wconf 87' lang='lat' dir='ltr'><strong>ut</strong></span> <span class='ocrx_word' id='word_1_762' title='bbox 2375 4333 2527 4380; x_wconf 89' lang='lat' dir='ltr'><strong>certe</strong></span> <span class='ocrx_word' id='word_1_763' title='bbox 2571 4341 2789 4395; x_wconf 89' lang='lat' dir='ltr'><strong>speras,</strong></span> <span class='ocrx_word' id='word_1_764' title='bbox 2843 4327 2911 4382; x_wconf 89' lang='lat' dir='ltr'><strong>ad</strong></span> <span class='ocrx_word' id='word_1_765' title='bbox 2945 4327 3382 4383; x_wconf 76' lang='lat' dir='ltr'><strong>misericordiam</strong></span> 
     </span>
    </p>
   </div>
   <div class='ocr_carea' id='block_1_100' title="bbox 1807 4417 3382 4485">
    <p class='ocr_par' dir='ltr' id='par_1_100' title="bbox 1807 4417 3382 4485">
     <span class='ocr_line' id='line_1_100' title="bbox 1807 4417 3382 4485; baseline 0.003 -18"><span class='ocrx_word' id='word_1_766' title='bbox 1807 4429 2116 4485; x_wconf 85' lang='lat' dir='ltr'><strong>propensus</strong></span> <span class='ocrx_word' id='word_1_767' title='bbox 2162 4424 2294 4471; x_wconf 85' lang='lat' dir='ltr'><strong>est:</strong></span> <span class='ocrx_word' id='word_1_768' title='bbox 2345 4417 2621 4485; x_wconf 90' lang='lat' dir='ltr'><strong>quomodo</strong></span> <span class='ocrx_word' id='word_1_769' title='bbox 2666 4418 2722 4471; x_wconf 90' lang='lat' dir='ltr'><strong>in</strong></span> <span class='ocrx_word' id='word_1_770' title='bbox 2767 4418 3106 4473; x_wconf 88' lang='lat' dir='ltr'><strong>contrarium</strong></span> <span class='ocrx_word' id='word_1_771' title='bbox 3144 4419 3382 4472; x_wconf 87' lang='lat' dir='ltr'><strong>mutabi-</strong></span> 
     </span>
    </p>
   </div>
   <div class='ocr_carea' id='block_1_101' title="bbox 1809 4504 3386 4572">
    <p class='ocr_par' dir='ltr' id='par_1_101' title="bbox 1809 4504 3386 4572">
     <span class='ocr_line' id='line_1_101' title="bbox 1809 4504 3386 4572; baseline 0.006 -15"><span class='ocrx_word' id='word_1_772' title='bbox 1809 4511 1920 4572; x_wconf 92' lang='lat' dir='ltr'><strong>tur,</strong></span> <span class='ocrx_word' id='word_1_773' title='bbox 1951 4506 2017 4560; x_wconf 91' lang='lat' dir='ltr'><strong>ad</strong></span> <span class='ocrx_word' id='word_1_774' title='bbox 2043 4504 2307 4562; x_wconf 66' lang='lat' dir='ltr'><strong>saevitiam</strong></span> <span class='ocrx_word' id='word_1_775' title='bbox 2334 4506 2773 4563; x_wconf 87' lang='lat' dir='ltr'><strong>misericordiam</strong></span> <span class='ocrx_word' id='word_1_776' title='bbox 2805 4509 3143 4565; x_wconf 80' lang='lat' dir='ltr'><strong>traducens?</strong></span> <span class='ocrx_word' id='word_1_777' title='bbox 3182 4509 3286 4567; x_wconf 90' lang='lat' dir='ltr'><strong>Sed</strong></span> <span class='ocrx_word' id='word_1_778' title='bbox 3314 4511 3386 4566; x_wconf 86' lang='lat' dir='ltr'><strong>ad</strong></span> 
     </span>
    </p>
   </div>
   <div class='ocr_carea' id='block_1_102' title="bbox 1809 4593 3378 4671">
    <p class='ocr_par' dir='ltr' id='par_1_102' title="bbox 1809 4593 3378 4671">
     <span class='ocr_line' id='line_1_102' title="bbox 1809 4593 3378 4671; baseline 0.004 -22"><span class='ocrx_word' id='word_1_779' title='bbox 1809 4593 1913 4650; x_wconf 89' lang='lat' dir='ltr'><strong>hoc</strong></span> <span class='ocrx_word' id='word_1_780' title='bbox 1935 4596 1990 4650; x_wconf 87' lang='lat' dir='ltr'><strong>in</strong></span> <span class='ocrx_word' id='word_1_781' title='bbox 2027 4605 2283 4668; x_wconf 87' lang='lat' dir='ltr'><strong>promptu</strong></span> <span class='ocrx_word' id='word_1_782' title='bbox 2307 4597 2782 4654; x_wconf 87' lang='lat' dir='ltr'><strong>contentiosorum</strong></span> <span class='ocrx_word' id='word_1_783' title='bbox 2815 4601 3093 4671; x_wconf 87' lang='lat' dir='ltr'><strong>oppesitio</strong></span> <span class='ocrx_word' id='word_1_784' title='bbox 3123 4608 3230 4657; x_wconf 85' lang='lat' dir='ltr'><strong>est.</strong></span> <span class='ocrx_word' id='word_1_785' title='bbox 3252 4600 3378 4656; x_wconf 80' lang='lat' dir='ltr'><strong>Pro-</strong></span> 
     </span>
    </p>
   </div>
   <div class='ocr_carea' id='block_1_103' title="bbox 1808 4686 3385 4760">
    <p class='ocr_par' dir='ltr' id='par_1_103' title="bbox 1808 4686 3385 4760">
     <span class='ocr_line' id='line_1_103' title="bbox 1808 4686 3385 4760; baseline 0.005 -20"><span class='ocrx_word' id='word_1_786' title='bbox 1808 4686 1960 4743; x_wconf 89' lang='lat' dir='ltr'><strong>tinus</strong></span> <span class='ocrx_word' id='word_1_787' title='bbox 2007 4690 2154 4743; x_wconf 89' lang='lat' dir='ltr'><strong>enim</strong></span> <span class='ocrx_word' id='word_1_788' title='bbox 2216 4689 2282 4745; x_wconf 87' lang='lat' dir='ltr'><strong>ad</strong></span> <span class='ocrx_word' id='word_1_789' title='bbox 2335 4689 2793 4760; x_wconf 89' lang='lat' dir='ltr'><strong>patrocinandum</strong></span> <span class='ocrx_word' id='word_1_790' title='bbox 2838 4706 2953 4747; x_wconf 67' lang='lat' dir='ltr'><strong>suae</strong></span> <span class='ocrx_word' id='word_1_791' title='bbox 2990 4693 3274 4748; x_wconf 69' lang='lat' dir='ltr'><strong>acerbitati</strong></span> <span class='ocrx_word' id='word_1_792' title='bbox 3319 4708 3385 4748; x_wconf 81' lang='lat' dir='ltr'><strong>ex</strong></span> 
     </span>
    </p>
   </div>
   <div class='ocr_carea' id='block_1_104' title="bbox 1807 4779 3387 4853">
    <p class='ocr_par' dir='ltr' id='par_1_104' title="bbox 1807 4779 3387 4853">
     <span class='ocr_line' id='line_1_104' title="bbox 1807 4779 3387 4853; baseline 0.003 -19"><span class='ocrx_word' id='word_1_793' title='bbox 1807 4779 2097 4850; x_wconf 84' lang='lat' dir='ltr'><strong>prophetia</strong></span> <span class='ocrx_word' id='word_1_794' title='bbox 2136 4781 2458 4853; x_wconf 87' lang='lat' dir='ltr'><strong>desumptas</strong></span> <span class='ocrx_word' id='word_1_795' title='bbox 2506 4797 2672 4838; x_wconf 86' lang='lat' dir='ltr'><strong>voces</strong></span> <span class='ocrx_word' id='word_1_796' title='bbox 2716 4793 3032 4853; x_wconf 88' lang='lat' dir='ltr'><strong>proponunt</strong></span> <span class='ocrx_word' id='word_1_797' title='bbox 3069 4803 3082 4838; x_wconf 87' lang='lat'><strong>:</strong></span> <span class='ocrx_word' id='word_1_798' title='bbox 3128 4782 3387 4839; x_wconf 87' lang='lat' dir='ltr'><strong>Davidem</strong></span> 
     </span>
    </p>
   </div>
   <div class='ocr_carea' id='block_1_105' title="bbox 1817 4871 3392 4945">
    <p class='ocr_par' dir='ltr' id='par_1_105' title="bbox 1817 4871 3392 4945">
     <span class='ocr_line' id='line_1_105' title="bbox 1817 4871 3392 4945; baseline 0.001 -18"><span class='ocrx_word' id='word_1_799' title='bbox 1817 4871 2050 4928; x_wconf 88' lang='lat' dir='ltr'><strong>deficere</strong></span> <span class='ocrx_word' id='word_1_800' title='bbox 2088 4882 2408 4942; x_wconf 86' lang='lat' dir='ltr'><strong>peccatores</strong></span> <span class='ocrx_word' id='word_1_801' title='bbox 2457 4875 2889 4938; x_wconf 88' lang='lat' dir='ltr'><strong>desiderantem,</strong></span> <span class='ocrx_word' id='word_1_802' title='bbox 2940 4882 2997 4930; x_wconf 92' lang='lat' dir='ltr'><strong>et</strong></span> <span class='ocrx_word' id='word_1_803' title='bbox 3045 4875 3305 4945; x_wconf 83' lang='lat' dir='ltr'><strong>pudorem</strong></span> <span class='ocrx_word' id='word_1_804' title='bbox 3336 4884 3392 4929; x_wconf 78' lang='lat' dir='ltr'><strong>et</strong></span> 
     </span>
    </p>
   </div>
   <div class='ocr_carea' id='block_1_106' title="bbox 122 4959 3392 5038">
    <p class='ocr_par' dir='ltr' id='par_1_106' title="bbox 122 4959 3392 5038">
     <span class='ocr_line' id='line_1_106' title="bbox 122 4959 3392 5038; baseline -0 -15"><span class='ocrx_word' id='word_1_805' title='bbox 122 4966 510 5023; x_wconf 82' lang='lat' dir='ltr'><strong>confusionem</strong></span> <span class='ocrx_word' id='word_1_806' title='bbox 582 4964 826 5020; x_wconf 89' lang='lat' dir='ltr'><strong>inimicis</strong></span> <span class='ocrx_word' id='word_1_807' title='bbox 868 4962 1262 5031; x_wconf 91' lang='lat' dir='ltr'><strong>imprecantem</strong></span> <span class='ocrx_word' id='word_1_808' title='bbox 1292 4962 1336 4993; x_wconf 82' lang='grc'>¹¹</span> <span class='ocrx_word' id='word_1_809' title='bbox 1366 4981 1379 5016; x_wconf 90' lang='lat'><strong>:</strong></span> <span class='ocrx_word' id='word_1_810' title='bbox 1451 4959 1772 5029; x_wconf 82' lang='lat' dir='ltr'><strong>Jeremiam,</strong></span> <span class='ocrx_word' id='word_1_811' title='bbox 1812 4961 2109 5018; x_wconf 88' lang='lat' dir='ltr'><strong>vindictam</strong></span> <span class='ocrx_word' id='word_1_812' title='bbox 2138 4974 2194 5021; x_wconf 91' lang='lat' dir='ltr'><strong>et</strong></span> <span class='ocrx_word' id='word_1_813' title='bbox 2224 4980 2417 5035; x_wconf 64' lang='lat' dir='ltr'><strong>prunas</strong></span> <span class='ocrx_word' id='word_1_814' title='bbox 2450 4982 2482 5021; x_wconf 90' lang='lat' dir='ltr'><strong>a</strong></span> <span class='ocrx_word' id='word_1_815' title='bbox 2521 4966 2633 5022; x_wconf 87' lang='lat' dir='ltr'><strong>Deo</strong></span> <span class='ocrx_word' id='word_1_816' title='bbox 2666 4966 2734 5023; x_wconf 90' lang='lat' dir='ltr'><strong>de</strong></span> <span class='ocrx_word' id='word_1_817' title='bbox 2768 4966 3101 5023; x_wconf 86' lang='lat' dir='ltr'><strong>adversariis</strong></span> <span class='ocrx_word' id='word_1_818' title='bbox 3144 4979 3392 5038; x_wconf 77' lang='lat' dir='ltr'><strong>sumptas</strong></span> 
     </span>
    </p>
   </div>
   <div class='ocr_carea' id='block_1_107' title="bbox 121 5054 3392 5132">
    <p class='ocr_par' dir='ltr' id='par_1_107' title="bbox 121 5054 3392 5132">
     <span class='ocr_line' id='line_1_107' title="bbox 121 5054 3392 5132; baseline -0.001 -13"><span class='ocrx_word' id='word_1_819' title='bbox 121 5066 318 5121; x_wconf 81' lang='lat' dir='ltr'><strong>videre</strong></span> <span class='ocrx_word' id='word_1_820' title='bbox 362 5062 671 5132; x_wconf 90' lang='lat' dir='ltr'><strong>cupientem</strong></span> <span class='ocrx_word' id='word_1_821' title='bbox 701 5061 749 5094; x_wconf 77' lang='lat'>“</span> <span class='ocrx_word' id='word_1_822' title='bbox 794 5082 807 5116; x_wconf 90' lang='lat'>:</span> <span class='ocrx_word' id='word_1_823' title='bbox 846 5058 1043 5116; x_wconf 87' lang='lat' dir='ltr'><strong>Oscam</strong></span> <span class='ocrx_word' id='word_1_824' title='bbox 1126 5056 1346 5111; x_wconf 89' lang='lat' dir='ltr'><strong>vulvam</strong></span> <span class='ocrx_word' id='word_1_825' title='bbox 1392 5056 1638 5112; x_wconf 88' lang='lat' dir='ltr'><strong>sterilem</strong></span> <span class='ocrx_word' id='word_1_826' title='bbox 1692 5062 1750 5111; x_wconf 91' lang='lat' dir='ltr'><strong>et</strong></span> <span class='ocrx_word' id='word_1_827' title='bbox 1787 5054 1955 5110; x_wconf 90' lang='lat' dir='ltr'><strong>ubera</strong></span> <span class='ocrx_word' id='word_1_828' title='bbox 1995 5059 2146 5112; x_wconf 88' lang='lat' dir='ltr'><strong>sicca</strong></span> <span class='ocrx_word' id='word_1_829' title='bbox 2229 5059 2470 5116; x_wconf 86' lang='lat' dir='ltr'><strong>inimicis</strong></span> <span class='ocrx_word' id='word_1_830' title='bbox 2496 5060 2616 5116; x_wconf 90' lang='lat' dir='ltr'><strong>dari</strong></span> <span class='ocrx_word' id='word_1_831' title='bbox 2660 5068 2940 5132; x_wconf 80' lang='lat' dir='ltr'><strong>rogantem</strong></span> <span class='ocrx_word' id='word_1_832' title='bbox 2969 5060 3037 5113; x_wconf 78' lang='grc'><strong>³³.</strong></span> <span class='ocrx_word' id='word_1_833' title='bbox 3093 5062 3171 5116; x_wconf 80' lang='lat' dir='ltr'><strong>Ae</strong></span> <span class='ocrx_word' id='word_1_834' title='bbox 3220 5063 3392 5115; x_wconf 85' lang='lat' dir='ltr'><strong>multa</strong></span> 
     </span>
    </p>
   </div>
   <div class='ocr_carea' id='block_1_108' title="bbox 120 5150 3393 5227">
    <p class='ocr_par' dir='ltr' id='par_1_108' title="bbox 120 5150 3393 5227">
     <span class='ocr_line' id='line_1_108' title="bbox 120 5150 3393 5227; baseline -0.001 -15"><span class='ocrx_word' id='word_1_835' title='bbox 120 5159 253 5213; x_wconf 90' lang='lat' dir='ltr'><strong>talia</strong></span> <span class='ocrx_word' id='word_1_836' title='bbox 286 5155 493 5226; x_wconf 89' lang='lat' dir='ltr'><strong>passim</strong></span> <span class='ocrx_word' id='word_1_837' title='bbox 536 5153 589 5208; x_wconf 92' lang='lat' dir='ltr'><strong>in</strong></span> <span class='ocrx_word' id='word_1_838' title='bbox 608 5156 815 5210; x_wconf 82' lang='lat' dir='ltr'><strong>sanctis</strong></span> <span class='ocrx_word' id='word_1_839' title='bbox 850 5150 1152 5223; x_wconf 87' lang='lat' dir='ltr'><strong>Seripturis</strong></span> <span class='ocrx_word' id='word_1_840' title='bbox 1183 5150 1359 5221; x_wconf 86' lang='lat' dir='ltr'><strong>posita</strong></span> <span class='ocrx_word' id='word_1_841' title='bbox 1398 5150 1689 5222; x_wconf 78' lang='lat' dir='ltr'><strong>colligunt,</strong></span> <span class='ocrx_word' id='word_1_842' title='bbox 1727 5151 1875 5221; x_wconf 90' lang='lat' dir='ltr'><strong>quod</strong></span> <span class='ocrx_word' id='word_1_843' title='bbox 1914 5150 2249 5208; x_wconf 86' lang='lat' dir='ltr'><strong>adversariis</strong></span> <span class='ocrx_word' id='word_1_844' title='bbox 2314 5156 2632 5225; x_wconf 83' lang='lat' dir='ltr'><strong>imprecari,</strong></span> <span class='ocrx_word' id='word_1_845' title='bbox 2672 5164 2727 5212; x_wconf 91' lang='lat' dir='ltr'><strong>et</strong></span> <span class='ocrx_word' id='word_1_846' title='bbox 2754 5170 2869 5212; x_wconf 64' lang='lat' dir='ltr'><strong>suae</strong></span> <span class='ocrx_word' id='word_1_847' title='bbox 2902 5155 3146 5227; x_wconf 89' lang='lat' dir='ltr'><strong>ipsorum</strong></span> <span class='ocrx_word' id='word_1_848' title='bbox 3172 5157 3393 5211; x_wconf 64' lang='lat' dir='ltr'><strong>smvitia:</strong></span> 
     </span>
    </p>
   </div>
   <div class='ocr_carea' id='block_1_109' title="bbox 118 5243 3391 5321">
    <p class='ocr_par' dir='ltr' id='par_1_109' title="bbox 118 5243 3391 5321">
     <span class='ocr_line' id='line_1_109' title="bbox 118 5243 3391 5321; baseline -0.001 -14"><span class='ocrx_word' id='word_1_849' title='bbox 118 5250 426 5308; x_wconf 86' lang='lat' dir='ltr'><strong>bonitatem</strong></span> <span class='ocrx_word' id='word_1_850' title='bbox 493 5246 585 5303; x_wconf 89' lang='lat' dir='ltr'><strong>Dei</strong></span> <span class='ocrx_word' id='word_1_851' title='bbox 644 5247 968 5316; x_wconf 85' lang='lat' dir='ltr'><strong>adjutricem</strong></span> <span class='ocrx_word' id='word_1_852' title='bbox 1025 5245 1335 5301; x_wconf 86' lang='lat' dir='ltr'><strong>adsciscere</strong></span> <span class='ocrx_word' id='word_1_853' title='bbox 1400 5251 1674 5314; x_wconf 88' lang='lat' dir='ltr'><strong>oporteat,</strong></span> <span class='ocrx_word' id='word_1_854' title='bbox 1704 5244 2119 5300; x_wconf 88' lang='lat' dir='ltr'><strong>concludentes.</strong></span> <span class='ocrx_word' id='word_1_855' title='bbox 2152 5243 2356 5301; x_wconf 81' lang='lat' dir='ltr'><strong>Verum</strong></span> <span class='ocrx_word' id='word_1_856' title='bbox 2397 5262 2522 5311; x_wconf 89' lang='lat' dir='ltr'><strong>nos,</strong></span> <span class='ocrx_word' id='word_1_857' title='bbox 2556 5256 2617 5303; x_wconf 93' lang='lat' dir='ltr'><strong>ut</strong></span> <span class='ocrx_word' id='word_1_858' title='bbox 2638 5250 2818 5306; x_wconf 88' lang='lat' dir='ltr'><strong>obiter</strong></span> <span class='ocrx_word' id='word_1_859' title='bbox 2842 5265 3055 5314; x_wconf 91' lang='lat' dir='ltr'><strong>eorum,</strong></span> <span class='ocrx_word' id='word_1_860' title='bbox 3091 5250 3183 5321; x_wconf 90' lang='lat' dir='ltr'><strong>qui</strong></span> <span class='ocrx_word' id='word_1_861' title='bbox 3214 5265 3281 5305; x_wconf 78' lang='lat' dir='ltr'><strong>ex</strong></span> <span class='ocrx_word' id='word_1_862' title='bbox 3312 5258 3391 5305; x_wconf 85' lang='lat' dir='ltr'><strong>ta-</strong></span> 
     </span>
    </p>
   </div>
   <div class='ocr_carea' id='block_1_110' title="bbox 121 5336 3396 5415">
    <p class='ocr_par' dir='ltr' id='par_1_110' title="bbox 121 5336 3396 5415">
     <span class='ocr_line' id='line_1_110' title="bbox 121 5336 3396 5415; baseline -0.001 -17"><span class='ocrx_word' id='word_1_863' title='bbox 121 5346 158 5399; x_wconf 92' lang='lat' dir='ltr'><strong>li</strong></span> <span class='ocrx_word' id='word_1_864' title='bbox 195 5341 493 5398; x_wconf 85' lang='lat' dir='ltr'><strong>occasione</strong></span> <span class='ocrx_word' id='word_1_865' title='bbox 539 5342 593 5395; x_wconf 91' lang='lat' dir='ltr'><strong>in</strong></span> <span class='ocrx_word' id='word_1_866' title='bbox 646 5338 983 5395; x_wconf 86' lang='lat' dir='ltr'><strong>contrarium</strong></span> <span class='ocrx_word' id='word_1_867' title='bbox 1022 5337 1386 5402; x_wconf 88' lang='lat' dir='ltr'><strong>deducantur,</strong></span> <span class='ocrx_word' id='word_1_868' title='bbox 1447 5337 1651 5407; x_wconf 90' lang='lat' dir='ltr'><strong>ineptis</strong></span> <span class='ocrx_word' id='word_1_869' title='bbox 1700 5352 1770 5393; x_wconf 91' lang='lat' dir='ltr'><strong>ac</strong></span> <span class='ocrx_word' id='word_1_870' title='bbox 1805 5336 1964 5394; x_wconf 90' lang='lat' dir='ltr'><strong>vanis</strong></span> <span class='ocrx_word' id='word_1_871' title='bbox 2008 5338 2359 5397; x_wconf 84' lang='lat' dir='ltr'><strong>sermonibus</strong></span> <span class='ocrx_word' id='word_1_872' title='bbox 2415 5343 2579 5397; x_wconf 84' lang='lat' dir='ltr'><strong>linem</strong></span> <span class='ocrx_word' id='word_1_873' title='bbox 2612 5344 2986 5415; x_wconf 90' lang='lat' dir='ltr'><strong>imponamus,</strong></span> <span class='ocrx_word' id='word_1_874' title='bbox 3028 5342 3132 5397; x_wconf 90' lang='lat' dir='ltr'><strong>hoc</strong></span> <span class='ocrx_word' id='word_1_875' title='bbox 3172 5340 3238 5395; x_wconf 90' lang='lat' dir='ltr'><strong>ad</strong></span> <span class='ocrx_word' id='word_1_876' title='bbox 3281 5341 3396 5398; x_wconf 82' lang='lat' dir='ltr'><strong>sin-</strong></span> 
     </span>
    </p>
   </div>
   <div class='ocr_carea' id='block_1_111' title="bbox 119 5434 1705 5517">
    <p class='ocr_par' dir='ltr' id='par_1_111' title="bbox 119 5434 1705 5517">
     <span class='ocr_line' id='line_1_111' title="bbox 119 5434 1705 5517; baseline -0.006 -22"><span class='ocrx_word' id='word_1_877' title='bbox 119 5446 272 5517; x_wconf 76' lang='lat' dir='ltr'><strong>gula,</strong></span> <span class='ocrx_word' id='word_1_878' title='bbox 314 5456 439 5513; x_wconf 68' lang='lat' dir='ltr'><strong>quae</strong></span> <span class='ocrx_word' id='word_1_879' title='bbox 480 5447 778 5492; x_wconf 85' lang='lat' dir='ltr'><strong>memorata</strong></span> <span class='ocrx_word' id='word_1_880' title='bbox 813 5445 964 5502; x_wconf 86' lang='lat' dir='ltr'><strong>sunt,</strong></span> <span class='ocrx_word' id='word_1_881' title='bbox 996 5437 1050 5490; x_wconf 91' lang='lat' dir='ltr'><strong>in</strong></span> <span class='ocrx_word' id='word_1_882' title='bbox 1080 5434 1318 5491; x_wconf 90' lang='lat' dir='ltr'><strong>medium</strong></span> <span class='ocrx_word' id='word_1_883' title='bbox 1351 5434 1705 5490; x_wconf 89' lang='lat' dir='ltr'><strong>adducemus.</strong></span> 
     </span>
    </p>
   </div>
   <div class='ocr_carea' id='block_1_112' title="bbox 193 5619 773 5689">
    <p class='ocr_par' dir='ltr' id='par_1_112' title="bbox 193 5619 773 5689">
     <span class='ocr_line' id='line_1_112' title="bbox 193 5619 773 5689; baseline -0.012 -10"><span class='ocrx_word' id='word_1_884' title='bbox 193 5626 240 5656; x_wconf 68' lang='grc' dir='ltr'>’ί</span> <span class='ocrx_word' id='word_1_885' title='bbox 279 5621 431 5678; x_wconf 86' lang='lat' dir='ltr'><strong>Psal.</strong></span> <span class='ocrx_word' id='word_1_886' title='bbox 466 5636 517 5675; x_wconf 75' lang='lat' dir='ltr'><strong>Ix</strong></span> <span class='ocrx_word' id='word_1_887' title='bbox 541 5659 555 5680; x_wconf 90' lang='lat'><strong>.</strong></span> <span class='ocrx_word' id='word_1_888' title='bbox 590 5619 612 5672; x_wconf 78' lang='grc'><strong>1</strong></span> <span class='ocrx_word' id='word_1_889' title='bbox 649 5634 773 5689; x_wconf 91' lang='lat' dir='ltr'><strong>sqq.</strong></span> 
     </span>
    </p>
   </div>
   <div class='ocr_carea' id='block_1_113' title="bbox 448 5709 1121 5775">
    <p class='ocr_par' dir='ltr' id='par_1_113' title="bbox 448 5709 1121 5775">
     <span class='ocr_line' id='line_1_113' title="bbox 448 5709 1121 5775; baseline 0.004 -3"><span class='ocrx_word' id='word_1_890' title='bbox 448 5711 721 5773; x_wconf 74' lang='grc' dir='ltr'>ΡΑτιιοι..</span> <span class='ocrx_word' id='word_1_891' title='bbox 747 5710 867 5773; x_wconf 75' lang='lat' dir='ltr'><strong>Gtt.</strong></span> <span class='ocrx_word' id='word_1_892' title='bbox 900 5709 1121 5775; x_wconf 77' lang='lat' dir='ltr'><strong>XLIV.</strong></span> 
     </span>
    </p>
   </div>
   <div class='ocr_carea' id='block_1_114' title="bbox 848 5612 1986 5684">
    <p class='ocr_par' dir='ltr' id='par_1_114' title="bbox 848 5612 1986 5684">
     <span class='ocr_line' id='line_1_114' title="bbox 848 5612 1986 5684; baseline -0.004 -13"><span class='ocrx_word' id='word_1_893' title='bbox 848 5617 893 5648; x_wconf 82' lang='lat'>“</span> <span class='ocrx_word' id='word_1_894' title='bbox 929 5614 1129 5671; x_wconf 88' lang='lat' dir='ltr'><strong>Jcrem.</strong></span> <span class='ocrx_word' id='word_1_895' title='bbox 1169 5631 1203 5670; x_wconf 74' lang='grc' dir='ltr'>ι</span> <span class='ocrx_word' id='word_1_896' title='bbox 1225 5656 1240 5683; x_wconf 92' lang='grc'><strong>,</strong></span> <span class='ocrx_word' id='word_1_897' title='bbox 1276 5615 1363 5671; x_wconf 82' lang='grc'><strong>17.</strong></span> <span class='ocrx_word' id='word_1_898' title='bbox 1441 5614 1486 5648; x_wconf 80' lang='grc'><strong>’³</strong></span> <span class='ocrx_word' id='word_1_899' title='bbox 1524 5612 1648 5671; x_wconf 86' lang='lat' dir='ltr'><strong>Ose.</strong></span> <span class='ocrx_word' id='word_1_900' title='bbox 1681 5628 1732 5668; x_wconf 79' lang='lat' dir='ltr'><strong>Ix</strong></span> <span class='ocrx_word' id='word_1_901' title='bbox 1756 5655 1771 5682; x_wconf 96' lang='lat'><strong>,</strong></span> <span class='ocrx_word' id='word_1_902' title='bbox 1800 5613 1834 5667; x_wconf 83' lang='lat' dir='ltr'><strong>fi</strong></span> <span class='ocrx_word' id='word_1_903' title='bbox 1864 5629 1986 5684; x_wconf 90' lang='lat' dir='ltr'><strong>sqq.</strong></span> 
     </span>
    </p>
   </div>
   <div class='ocr_carea' id='block_1_115' title="bbox 2999 5705 3075 5765">
    <p class='ocr_par' dir='ltr' id='par_1_115' title="bbox 2999 5705 3075 5765">
     <span class='ocr_line' id='line_1_115' title="bbox 2999 5705 3075 5765; baseline 0.026 -2"><span class='ocrx_word' id='word_1_904' title='bbox 2999 5705 3075 5765; x_wconf 88' lang='lat'><em>36</em></span> 
     </span>
    </p>
   </div>
  </div>
