3756 5988
418 193 545 251 1151

1646 188 1703 245 S.
1733 186 2062 245 GREGORII
2100 184 2393 244 .NYSSENI

3521 193 3646 250 “32

481 305 674 359 Nullus
711 318 775 359 ex
811 317 936 357 vere
970 302 1200 367 sanctis,
1234 316 1264 355 a
1310 312 1501 357 saneto
1546 302 1752 373 Spiritu
1786 304 1964 358 divini

2164 305 2348 369 Οὐδεὶς
2376 304 2485 359 τῶν
2512 303 2726 375 ἀληθῶς
2755 305 2945 374 ἁγίων,
2980 305 3089 359 τῶν
3113 305 3190 377 τῷ
3219 306 3362 378 ἁγίῳ
3387 307 3647 380 Ilva-ipsa

409 407 498 453 tus
527 395 766 457 aﬂlatis,
815 408 1049 464 quorum
1096 394 1243 449 dicta
1293 392 1477 449 divina
1513 395 1861 451 ordinatione
1913 395 1981 449 ad

411 486 838 540 admonitionem
876 484 1280 554 insequentium
1329 485 1611 541 hominum
1668 487 1978 557 perscripta

410 584 560 639 sunt,
584 574 789 643 aliquid
827 573 954 627 mali
986 573 1089 627 sibi
1126 574 1308 629 studio
1341 575 1602 632 habuisse
1633 576 1982 633 demonstra-

413 667 600 732 hitur;
634 664 728 719 sed
774 666 1038 729 omnium,
1083 680 1203 736 quas
1247 667 1316 721 ab
1350 667 1485 738 ipsis
1527 668 1674 722 dicta
1706 677 1855 733 sunt,
1889 670 1977 725 in-

412 756 583 811 tentio
613 764 775 825 atque
808 756 1097 810 consilium
1137 765 1347 828 spectat
1379 754 1893 815 ad'correctionem
1927 766 1982 815 et

409 847 841 902 emendationem
878 846 1203 902 vitiositatis
1231 856 1397 917 atque
1425 849 1666 915 malitiae,
1699 864 1821 919 quae
1848 856 1982 904 tunc

411 944 462 995 in
493 949 685 995 natura
720 940 954 1010 vigebat.
985 938 1454 1004 Quemadmodum
1511 942 1677 1013 igitur
1723 942 1834 1009 ille,
1885 940 1981 1013 qui

408 1039 548 1096 orat,
601 1046 670 1086 ne
707 1033 816 1086 sint
868 1038 1219 1101 aegrotantes,
1275 1046 1341 1085 ne
1390 1033 1500 1088 sint
1553 1040 1814 1102 egentes,
1869 1047 1980 1088 non

412 1122 689 1176 hominum
714 1121 1016 1183 interitum,
1050 1119 1145 1174 sed
1193 1121 1366 1175 morbi
1415 1129 1469 1176 et
1508 1124 1771 1192 egestatis
1812 1123 1982 1179 aboli-

409 1215 606 1266 tionem
643 1209 757 1265 lieri
787 1210 938 1279 cupit
971 1227 985 1264 :
1020 1211 1092 1264 ita
1119 1210 1305 1272 etiam,
1345 1211 1473 1266 dum
1503 1214 1738 1284 quisque
1763 1223 1983 1272 sancto-

409 1318 528 1356 rum
563 1308 743 1365 orant,
778 1308 840 1354 ut
872 1301 944 1365 id,
979 1301 1124 1372 quod
1155 1311 1369 1358 natura;
1398 1304 1686 1360 adversum
1718 1315 1771 1361 et
1793 1305 1981 1360 inimi-

410 1408 534 1447 cum
590 1401 712 1457 est,
766 1391 833 1446 ad
883 1391 1164 1448 interitum
1224 1394 1548 1465 redigatur,
1612 1396 1980 1467 suspicionem

412 1480 839 1550 imperitioribus
887 1483 1149 1552 praebent,
1201 1484 1359 1552 quasi
1421 1485 1686 1541 adversus
1732 1486 1982 1544 homines

410 1573 635 1627 saeviant
685 1580 740 1626 et
792 1574 1100 1628 exacerbati
1156 1574 1286 1628 sint.
1340 1573 1476 1628 Nam
1531 1584 1587 1631 et
1634 1575 1978 1633 Psalmorum

2087 395 2556 467 θεοφορουμένων,
2586 389 2660 449 ὧν
2682 398 2739 451 ai
2776 397 2963 469 ῥήσεις
2991 396 3133 451 κατά
3173 398 3325 451 Θείαν
3358 399 3648 471 οἰκονομίαν

2085 488 2167 553 είς
2228 486 2511 542 νουθεσίαν
2555 487 2664 542 τῶν
2710 487 2910 557 ἐφεξῆς
2959 489 3368 560 ἀνεγράφησαν,
3418 492 3507 564 ἐπί
3556 511 3651 547 τινι

2084 578 2240 649 κακῷ
2282 578 2381 650 τὴν
2422 579 2656 649 σπουδὴν
2696 579 2835 650 ἔχων
2867 579 3345 652 ἐπιδειχθήσεται·
3386 581 3521 636 ἀλλά
3556 588 3652 648 πᾶς

2084 671 2267 734 αὐτοῖς
2289 672 2318 724 6
2342 671 2543 735 σκοπὸς
2583 670 2692 725 τ’ὦν
2715 672 2918 740 λόγων,
2948 672 3089 743 πρὸς
3111 672 3396 745 διόρθωσιν
3428 675 3522 744 τῆς
3552 678 3655 741 ἐμ-

2084 760 2507 832 πολιτευομένης
2547 763 2611 833 τῇ
2645 760 2804 832 φύσει
2832 763 3031 826 κακίας
3065 761 3271 832 βλέπει.
3312 765 3521 836 ’Ὠσπερ
3551 768 3653 819 τοί-

2084 868 2179 905 νυν
2224 852 2255 905 ὁ
2297 852 2591 923 εὐχόμενος
2620 851 2695 923 μὴ
2721 848 2860 906 εἶναι
2887 853 3198 920 νοσοῦντας,
3237 856 3310 926 μὴ
3344 851 3483 909 εἶναι
3518 875 3658 911 πτω-

2085 942 2350 1014 χεύοντας
2371 984 2386 1008 ,
2419 943 2481 996 οὐ
2504 943 2612 997 τῶν
2637 942 2941 1015 ἀνθρώπιον
2970 946 3271 1017 ἀναίρεσιν,
3295 946 3430 999 ἀλλὰ
3457 948 3553 1017 τῆς
3586 950 3656 1001 νέη-

2085 1049 2179 1086 σου
2207 1033 2301 1087 καὶ
2326 1032 2426 1103 τῆς
2463 1033 2737 1103 πτωχείας
2762 1034 3069 1106 ἀφανισμὸν
3091 1036 3349 1107 ἐπιθυμεῖ
3370 1040 3620 1107 γενέσθαι
3641 1060 3653 1071 ·

2081 1123 2224 1178 οὕτω
2255 1123 2349 1177 καὶ
2374 1122 2484 1177 τῶν
2518 1124 2690 1193 ἁγίων
2713 1126 2962 1190 ἕκαστος,
2998 1127 3061 1181 τὸ
3084 1130 3150 1199 τῇ
3175 1127 3334 1198 φύσει
3360 1130 3555 1203 ἐχθρὸν
3573 1132 3657 1185 καὶ

2082 1215 2339 1287 πολέμιον
2397 1218 2477 1280 είς
2538 1217 2842 1289 ἀφανισμὸν
2895 1218 3066 1273 ἐλθεῖν
3105 1219 3172 1273 δι’
3214 1221 3380 1292 εὐχῆς
3427 1222 3657 1294 ἔχοντες,

2084 1307 2337 1361 ὑπόνοιαν
2367 1309 2480 1372 τοῖς
2521 1308 2995 1380 ἀπαιδευτοτέροις
3022 1311 3374 1383 παρέχουσιν,
3409 1314 3488 1377 ὡς
3525 1316 3661 1367 κατὰ

2084 1397 2386 1469 ἀνθρώπων
2406 1399 2819 1470 πικραινόμενοί
2845 1417 2905 1453 τε
2927 1401 3023 1455 καὶ
3051 1401 3492 1471 χαλεπαίνοντες.
3519 1406 3587 1459 Ὅ
3606 1424 3658 1459 τε

2082 1488 2192 1561 γὰρ
2206 1488 2510 1562 Ψαλμῳδὸς
2524 1488 2716 1556 εἰπὼν,
2730 1490 2811 1545 ὅτι
2831 1491 3173 1546 Ἐκλίποιεν
3191 1493 3525 1563 ἁμαρτωλοὶ
3550 1498 3657 1551 ἀπὸ

2083 1579 2193 1647 τῆς
2221 1577 2333 1650 τῆς
2368 1578 2467 1632 καὶ
2492 1579 2724 1650 ἄνομοι,
2764 1579 2924 1636 ὥστε
2960 1581 3047 1652 μὴ
3076 1585 3377 1654 ὑπάρχειν
3405 1591 3656 1655 αὐτούς’

410 1664 644 1734 scriptor
673 1677 798 1718 cum
844 1663 984 1718 dixit
1027 1663 1344 1719 :Tollantur
1389 1674 1689 1734 peccatore:
1723 1674 1774 1722 et
1816 1669 1892 1723 ini

2172 1689 2183 1721 ν
2215 1669 2488 1744 ἁμαρτίαν
2510 1670 2781 1726 ἐκλείπειν
2807 1674 2902 1728 καὶ
2923 1674 3150 1746 ἀνομίαν
3176 1676 3413 1747 εύχεται.
3449 1682 3526 1734 Οὐ
3563 1681 3655 1752 γὰρ

360 1776 367 1787 ·
408 1756 472 1809 de
505 1764 667 1819 terra,
700 1765 890 1809 utnon
934 1756 1039 1809 sint
1067 1755 1152 1821 “;
1188 1766 1247 1811 ut
1284 1768 1568 1827 peccatum
1615 1768 1670 1816 et
1720 1761 1982 1832 iniquitas

408 1844 687 1907 deﬁciant,
719 1852 862 1898 orat.
896 1842 1014 1897 Non
1066 1845 1211 1899 enim
1264 1846 1426 1902 homo
1471 1847 1755 1905 hominum
1806 1851 1982 1909 hostis

405 1945 530 1989 est:
566 1935 660 1989 sed
692 1935 879 1991 libera:
911 1934 1210 1992 voluntatis
1262 1946 1442 1994 motus
1483 1941 1549 1993 ad
1599 1942 1898 2011 nequitiam
1928 1952 1982 2000 et

408 2025 691 2090 malitiam,
739 2025 862 2079 loco
912 2024 1086 2081 hostis
1147 2027 1432 2082 constituit
1486 2029 1539 2083 id
1585 2030 1732 2100 quod
1783 2040 1981 2087 natura

405 2115 758 2182 conjunctum
790 2123 894 2170 est.
931 2114 1002 2170 Ut
1041 2115 1243 2171 malum
1278 2117 1443 2189 igitur
1470 2119 1709 2187 deﬁciat,
1741 2132 1881 2180 orat.
1912 2125 1981 2180 At

407 2203 568 2257 homo
593 2203 793 2258 malum
821 2220 931 2258 non
953 2213 1059 2259 est.
1085 2204 1373 2271 Quomodo
1394 2209 1537 2264 enim
1563 2211 1765 2266 malum
1792 2212 1976 2281 fuerit,

407 2293 459 2347 id
486 2294 632 2363 quod
664 2295 793 2348 boni
820 2296 1176 2350 simulacrum
1223 2307 1278 2353 et
1307 2299 1711 2356 imitamentum
1751 2305 1880 2360 est?
1905 2304 1981 2360 Ita

404 2388 569 2439 etiam
601 2386 647 2442 si
678 2386 939 2457 pudorem
982 2398 1037 2444 et
1074 2388 1452 2447 confusionem
1500 2393 1742 2452 inimicis
1780 2396 1981 2468 impre-

406 2481 578 2536 cetur,
637 2473 878 2529 ostendit
927 2476 1025 2530 tibi
1075 2485 1352 2532 catervam
1387 2478 1851 2553 adversariorum,
1885 2486 1979 2555 qui

405 2563 473 2617 ab
532 2564 792 2620 invisibili
847 2565 1073 2620 inimico
1138 2577 1391 2631 stantes,
1450 2570 1615 2624 vitam
1682 2572 1979 2629 humanam

404 2667 740 2725 oppugnant.
776 2654 1078 2727 De-quibus
1113 2658 1278 2713 etiam
1312 2655 1518 2716 Paulus
1556 2662 1775 2733 planius
1797 2665 1977 2738 loqui-

407 2755 518 2810 tur,
548 2747 747 2802 luctam
774 2748 937 2802 nobis
964 2764 1085 2804 esse
1116 2749 1306 2807 dicens
1328 2751 1593 2810 adversus
1616 2758 1976 2830 principatus,

404 2837 669 2894 adversus
693 2846 991 2910 potestates
1010 2848 1065 2894 et
1092 2848 1334 2898 rectores
1360 2843 1526 2915 hujus
1555 2848 1765 2914 mundi,
1791 2849 1981 2906 adver-

408 2945 504 2983 sus
562 2930 878 2999 spirituales
946 2931 1324 3002 improbitates
1409 2935 1468 2992 in
1534 2939 1851 2997 cmlestibus
1906 2943 1975 2998 ’⁸.

2082 1761 2368 1834 ἄνθρωπος
2405 1762 2709 1835 ἀνθρώπων
2758 1764 3048 1835 πολέμιος,
3081 1767 3196 1821 ἀλλ’
3236 1770 3434 1840 ἠκατὰ
3469 1772 3655 1825 κακίαν

2081 1852 2181 1923 τῆς
2210 1854 2583 1926 προαιρέσεως
2617 1854 2832 1926 κίνησις
2867 1857 2943 1921 είς
2976 1857 3173 1930 ἐχθροῦ
3198 1860 3352 1927 τάξιν
3376 1862 3437 1915 τὸ
3462 1866 3533 1933 τῇ
3566 1863 3657 1930 φύ-

2085 1961 2166 1997 σει
2198 1944 2543 2016 συνημμένον
2577 1945 2928 2018 κατέστησεν.
2964 1948 3039 2001 Τὸ
3077 1950 3247 2005 κακὸν
3275 1951 3457 2006 τοίνυν
3492 1953 3654 2007 ἐκλεί-

2083 2053 2207 2090 πειν
2238 2034 2454 2107 εὔχεται
2473 2078 2489 2105 ,
2519 2039 2549 2093 6
2580 2037 2636 2091 δὲ
2663 2037 2949 2109 ἄνθρωπος
2994 2041 3164 2095 κακὸν
3202 2043 3302 2096 οὐκ
3333 2042 3484 2101 ἔστιν
3509 2059 3526 2075 ⁸
3551 2045 3656 2107 sub;

2081 2127 2190 2201 γὰρ
2231 2129 2297 2182 ἂν
2334 2130 2418 2200 εἴη
2461 2130 2633 2184 κακὸν
2667 2131 2762 2185 τοῦ
2794 2133 3000 2201 ἀγαθοῦ
3047 2134 3109 2187 τὸ
3147 2135 3431 2207 ὁμοίωμα;
3479 2138 3655 2201 Οῦτως

2081 2221 2183 2275 κᾶν
2209 2221 2469 2292 αἰσχύνην
2500 2222 2596 2277 καὶ
2624 2224 2892 2296 ἐντροπὴν
2918 2224 3026 2280 τῶν
3059 2225 3267 2298 ἐχθρῶν
3305 2229 3653 2301 κατεύχηται.

2084 2311 2329 2365 δείκνυσί
2361 2330 2442 2366 σοι
2475 2303 2534 2367 τὸ
2559 2317 2744 2384 στῖφος
2771 2315 2878 2369 τῶν
2911 2318 3189 2383 ἐναντίων,
3213 2319 3322 2372 τῶν
3351 2321 3416 2374 ἐκ
3444 2322 3546 2376 τοῦ
3577 2324 3654 2377 ἀο-

2083 2400 2247 2473 ράτου
2281 2401 2476 2474 ἐχθροῦ
2506 2405 2570 2475 τῇ
2623 2405 2939 2477 ἀνθρωπίνῃ
2972 2408 3500 2478 προσπολεμούντων
3530 2409 3651 2482 ζωῇ.

2080 2492 2216 2564 Περὶ
2245 2485 2321 2547 ὧν
2355 2494 2447 2547 καὶ
2485 2494 2514 2547 6
2545 2495 2757 2559 Παῦλος
2792 2498 3129 2569 γυμνότερον
3153 2498 3495 2571 διεξέρχεται
3525 2543 3539 2564 ,
3569 2502 3654 2571 τὴν

2080 2584 2256 2655 πάλην
2285 2584 2457 2653 λέγων
2494 2581 2631 2639 εἶναι
2670 2588 2805 2658 ἡμῖν
2851 2587 2989 2658 πρὸς
3020 2588 3118 2653 τὰς
3153 2591 3347 2662 ἀρχὰς,
3384 2592 3531 2663 πρὸς
3568 2594 3653 2657 τὰς

2080 2676 2328 2743 ἐξουσίας
2353 2677 2591 2743 καὶτοὺς
2619 2680 3067 2752 κοσμοκράτορας
3089 2682 3182 2735 τοῦ
3211 2683 3418 2755 κόσμου
3444 2685 3652 2745 τούτου,

2081 2766 2218 2839 πρὸς
2257 2767 2324 2822 τὰ
2356 2769 2699 2839 πνευματικὰ
2742 2771 2841 2842 τῆς
2875 2773 3141 2843 πονηρίας
3185 2774 3241 2826 ἐν
3280 2778 3394 2865 τῌοῖς
3424 2778 3650 2848 ὲπουρα-
3730 2790 3731 2865 l

2079 2855 2230 2922 νίοις.
2264 2857 2376 2922 Τὰς
2411 2858 2785 2929 δαιμονιώδεις
2825 2860 3120 2925 ἐπιϐουλάς
3145 2905 3160 2925 ,
3190 2863 3257 2917 δι’
3289 2858 3365 2918 ὧν
3396 2867 3654 2937 ἐπάγεται
3730 2855 3731 2871 1

2078 2951 2192 3013 τοῖς
2225 2947 2531 3021 ἀνθρώποις
2561 2950 2629 3005 τὰ
2658 2951 2868 3024 πονηρά
2904 2954 3043 3026 πρὸς
3092 2956 3369 3028 ἁμαρτίαν
3408 2958 3653 3030 συμπτώ-

409 3018 781 3076 Dzemoniacas
833 3022 978 3077 enim
1040 3023 1312 3091 insidias,
1362 3042 1461 3097 per
1515 3045 1654 3099 quas
1702 3033 1892 3089 malitit

2166 3012 2228 3096 τα
2257 3083 2273 3109 ,
2326 3012 2604 3113 συντυχίαι
2657 3012 2965 3114 θυμίύδειςξ
3021 3012 3323 3118 ἐπιθυμιῶν
3374 3012 3649 3122 ἁφοιρμαὶ.

405 3109 724 3165 hominibus
776 3109 843 3164 ad
900 3122 1187 3182 peccatum
1239 3117 1574 3174 adhibentur
1621 3121 1975 3195 otl‘endicula,

408 3213 737 3268 congressus
768 3200 1039 3265 iracundi,
1069 3205 1428 3275 cupiditatum
1464 3212 1705 3276 occasio,
1740 3214 1976 3281 invidiae,

2080 3102 2274 3199 ξρθόνου
2305 3129 2400 3184 καὶ
2429 3102 2621 3201 μίσους
2648 3102 2742 3186 καί
2766 3102 3147 3203 ὑπερηξιωνίας
3166 3102 3305 3197 ,οιαὶ
3337 3102 3447 3189 τῶν
3487 3102 3651 3191 τοιούί
3730 3102 3731 3175 1

2077 3239 2186 3275 των
2218 3220 2403 3276 κακῶν
2434 3222 2708 3288 ὑπόθεσις·
2737 3224 2910 3278 ταῦτα
2935 3225 3079 3297 ὁρῶν
3114 3228 3143 3280 6
3167 3227 3342 3298 μέγας
3364 3229 3652 3303 Προφήτης

404 3288 538 3355 odii,
579 3289 868 3360 superbiae,
913 3292 1172 3349 taliumve
1225 3297 1493 3353 malorum
1540 3303 1809 3359 materia:
1863 3305 1887 3359 l1

2168 3330 2176 3359 ι
2217 3312 2448 3368 ἑκάστου
2485 3313 2660 3385 ψυχὴν
2688 3313 2754 3368 δι’
2786 3288 3079 3388 ἐπιϐουλῆς
3110 3288 3513 3391 περιτρέχοντα
3528 3288 3562 3387 ,⁸

405 3394 527 3433 eum
552 3394 781 3451 magnus
804 3380 1076 3453 Propheta
1098 3386 1246 3443 videt
1272 3389 1711 3486 uniuscujusque
1736 3395 1881 3450 anim

2247 3421 2344 3477 νην
2383 3380 2820 3476 ἐλθείννεῦχεται,
2856 3408 2885 3461 6
2909 3380 3052 3461 κατὰ
3080 3380 3194 3464 τῶν.
3213 3380 3423 3481 ἐχθρέύν
3456 3380 3653 3466 τούτων

404 3471 716 3528 insidiando
762 3475 1317 3545 circumcursitantia,
1356 3482 1422 3536 ad
1484 3471 1747 3552 pudorem
1803 3486 1887 3542 red

2167 3471 2393 3567 ξάμενος.
2426 3496 2596 3551 Τοῦτο
2697 3471 2814 3552 ἐστί
2829 3498 2890 3552 τὸ
2905 3498 3115 3574 αὐτὲι[ν]
3131 3471 3480 3575 διασωθῆναι.
3513 3504 3650 3559 Κατὰ

407 3573 681 3633 precatur,
712 3567 807 3637 qui
833 3567 919 3624 his
946 3569 1186 3627 inimicis
1221 3571 1574 3643 imprecetur.
1630 3576 1746 3633 Hoc
1793 3585 1887 3633 aut

2167 3605 2244 3641 σιν
2267 3588 2375 3660 γὰρ
2397 3589 2756 3664 ἐπάγεταιτῷ
2786 3567 3070 3664 ἡττηθέντι
3095 3567 3237 3649 κατὰ
3258 3567 3364 3667 τὴν.
3390 3597 3574 3669 πάλην
3602 3597 3650 3648 τὺ

405 3656 538 3712 nihil
568 3667 654 3714 est
687 3659 860 3725 aliud,
889 3675 1052 3731 quam
1083 3670 1141 3716 ut
1174 3662 1291 3731 ipse
1337 3676 1605 3722 servetur.
1638 3668 1886 3723 Naturali

2167 3679 2502 3751 ιισχυνθῇναι
2524 3683 2603 3753 τῷ
2632 3684 2882 3755 πτώματι
2904 3686 3091 3750 αὑτοῦ,
3123 3686 3199 3750 ὡς
3227 3689 3321 3743 καὶ
3340 3689 3418 3761 τῷ
3438 3691 3650 3745 νικῶντι

402 3750 545 3804 enim
574 3750 796 3814 accidit,
831 3758 890 3805 ut
928 3752 998 3813 is,
1031 3753 1124 3822 qui
1156 3753 1211 3807 in
1244 3756 1547 3813 certamine
1590 3757 1752 3815 lucta:
1795 3760 1885 3815 vic

2177 3768 2271 3823 ἐπὶ
2314 3750 2547 3845 τῇνίκῃ
2575 3750 2934 3842 ἀγάλλεσθαι.
2985 3780 3097 3833 Καὶ
3136 3781 3219 3836 ὅτι
3267 3750 3442 3838 ταῦτα
3490 3785 3648 3847 οὕτως

404 3841 495 3907 sit,
539 3841 611 3896 ob
663 3840 876 3910 lapsum
948 3856 1107 3896 suum
1158 3842 1444 3912 pudeliat:
1514 3848 1887 3917 quemadmod‘

2164 3879 2212 3926 ιι,
2237 3840 2387 3933 δηλοί¹
2404 3861 2502 3934 τῆς
2518 3840 2687 3935 εὐχῆς
2712 3866 2772 3920 τὸ
2799 3862 2957 3933 εἴδος.
2981 3872 3505 3943 Αίσχυνθήτωσαν
3533 3840 3647 3946 γάρξ

404 3933 579 3988 victor
613 3941 806 3985 contra
852 3939 1076 4002 propter
1100 3934 1387 3989 victoriam
1433 3936 1664 3993 laetatur.
1716 3940 1795 3995 Ac
1825 3956 1887 4011 qu

2165 3950 2252 4014 σὶ,
2282 3949 2384 4004 καί
2418 3933 2891 4020 ἐίπριὶέτῆτωσαν
2937 3961 2994 4012 οἱ
3031 3933 3345 4028 ζητοῦντές
3375 3982 3506 4033 μου

406 4022 519 4077 haec
559 4021 633 4074 ita
674 4035 795 4077 sese
850 4023 1111 4085 habeant,
1163 4026 1432 4082 orationis
1479 4028 1653 4084 forma
1702 4029 1888 4087 declar

2163 4038 2314 4109 ’κήνο
2346 4041 2420 4094 Οὐ
2453 4042 2563 4115 γὰρ
2603 4047 2925 4119 κατεύχεται
2962 4021 3186 4115 τῶντείς
3217 4021 3525 4125 χρημάτων
3562 4021 3646 4126 ζη-

408 4110 735 4166 Erubercant
785 4111 967 4179 enim,
1022 4106 1236 4184 inquit,
1301 4126 1353 4171 et
1416 4119 1815 4187 confundantur
1880 4143 1891 4176 ι

2243 4106 2736 4202 ἐπιϐουλευόντων,
2841 4140 2968 4213 περὶ
3008 4146 3111 4215 γῆς
3154 4106 3643 4219 θρῖον

401 4210 643 4273 quarunt
695 4202 929 4257 animum
983 4220 1154 4259 meam
1182 4207 1248 4260 ".
1280 4206 1398 4263 Non
1444 4210 1591 4265 enim
1638 4212 1884 4284 impreca‘

2159 4222 2336 4291 5ντων,
2361 4224 2394 4296 ἢ
2426 4225 2535 4279 τῶν
2560 4228 2699 4282 κατὰ
2722 4228 2815 4284 τοῦ
2847 4231 3097 4303 σώματος
3126 4235 3289 4290 αὐτοῦ
3317 4239 3520 4293 κακίαν
3540 4242 3642 4293 ἐπι-

402 4295 489 4360 iis,
516 4294 608 4365 qui
653 4295 912 4350 damnum
964 4296 1020 4351 in
1070 4298 1318 4368 pecuniis
1360 4302 1556 4359 aﬂerre
1600 4320 1698 4375 per
1743 4306 1884 4362 insid

405 4393 672 4409 ..ιι--..ιη-
697 4404 710 4409 -
744 4392 835 4409 -..ι
873 4385 939 4409 ει..
999 4388 1086 4409 ---ἓ
1124 4388 1182 4409 .I-
1215 4388 1403 4409 n_.2|.,,_
1457 4406 1472 4409 -
1562 4408 1571 4409 κ
1859 4404 1871 4409 -

2159 4294 2438 4385 κνυμένων
2458 4316 2615 4371 τινὰο
2659 4318 2796 4374 ἀλλὰ
2824 4294 2940 4376 τῶν.
2963 4294 3137 4396 ψυχην
3177 4326 3641 4383 ἐπιϐουλευόντων.

402 4393 710 4441 conantur:
742 4392 838 4440 aut
873 4385 963 4450 iis,
993 4388 1086 4458 qui
1118 4388 1187 4444 de
1215 4388 1413 4447 ﬁnibus
1452 4406 1708 4463 agrorum
1748 4404 1885 4451 00M]

2161 4423 2188 4468 ς
2222 4402 2281 4457 δέ
2325 4404 2502 4476 ψυχῆς
2551 4407 2812 4482 ἐπιϐουλὴ
2839 4410 2921 4476 τίς
3147 4417 3197 4470 εί
3228 4417 3303 4488 μὴ
3333 4418 3470 4473 θεοῦ
3499 4420 3641 4473 ἀλλο-

402 4477 638 4530 verslam
668 4483 893 4530 movent
919 4494 933 4532 :
960 4485 1055 4532 aut
1078 4478 1167 4543 iis,
1189 4481 1280 4551 qui
1318 4481 1374 4536 in
1398 4490 1563 4553 caput
1583 4483 1707 4553 ejus
1729 4485 1885 4556 aliqu:

2157 4495 2328 4563 εωσις;
2373 4498 2768 4571 Ἀλλοτριοῦται
2788 4477 2845 4556 δὲ
2868 4505 2978 4558 ἀπὸ
2999 4477 3133 4560 Θεοῦ
3161 4477 3478 4582 ἀνθρωπίνη
3511 4510 3640 4583 ψυχὴ

402 4564 664 4619 malitiam
729 4565 1057 4638 designant:
1108 4571 1203 4627 sed
1258 4573 1349 4643 qui
1413 4573 1679 4632 adversus
1731 4580 1876 4632 anim

2247 4587 2406 4654 λλως,
2437 4564 2582 4661 asta
2610 4594 2707 4663 τῆς
2729 4594 3006 4665 ἐμπαθοῦς
3032 4564 3343 4670 διαθέσεως.
3389 4564 3641 4657 madent;
3729 4572 3730 4593 ⁹

402 4654 634 4712 insidias
666 4662 930 4713 struunt:
963 4660 1161 4718 animm
1189 4672 1371 4719 autem
1403 4665 1678 4733 insidiari,
1706 4669 1838 4740 quid

2154 4677 2286 4745 :aO‘s;
2322 4681 2383 4735 τὸ
2412 4654 2565 4736 Θείον
2595 4654 2845 4751 πάντοτε,
2886 4688 2915 4741 6
2940 4654 3027 4742 ἀεὶ
3056 4664 3115 4744 ἐν
3153 4654 3637 4767 πάθείγινύμενος.

398 4749 567 4812 aliud,
597 4748 705 4804 nisi
735 4764 766 4803 a
793 4748 903 4805 Deo
937 4751 1180 4810 alienare
1205 4755 1230 4810 ‘t
1257 4755 1431 4813 Porro
1455 4774 1565 4815 non
1591 4760 1752 4817 aliter
1783 4761 1874 4816 ani

2154 4787 2178 4835 ς
2208 4771 2342 4843 πρὸς
2377 4772 2438 4826 τὸ
2460 4772 2613 4829 Θείον
2655 4748 2947 4847 συναφείας
2975 4748 3561 4852 ἀποσχοινίζεται.ι⁶Ως

396 4842 637 4895 lnunana
683 4854 713 4894 a
757 4839 867 4895 Deo
897 4841 1192 4913 alienatur,
1224 4861 1387 4916 quam
1419 4864 1519 4920 per
1542 4850 1797 4907 vitiosam
1838 4860 1879 4906 a1

2153 4876 2167 4912 ιι
2199 4839 2275 4932 μῆ
2319 4860 2475 4915 τοῦτο
2503 4863 2701 4929 πάθοι,
2738 4839 3001 4937 αἰσχύνην
3041 4839 3151 4923 ad);
3195 4839 3636 4931 ἀντιπαλαιύνῖτων

393 4935 656 4990 ctiouem.
691 4932 960 5000 Quoniam
983 4935 1149 5007 igitur
1173 4954 1375 4996 numen
1401 4942 1649 5000 divinum
1678 4946 1876 5017 perturl

2153 4968 2322 5022 χεται.
2371 4952 2544 5008 Τοῦτο
2578 4954 2636 5009 δὲ
2675 4932 2997 5014 οὐδὲν-’ἀλλο
3020 4962 3247 5034 Enimn
3282 4966 3462 5037 ἐαυτῷ
3499 4968 3636 5035 νίκην

400 5027 567 5081 tionis
595 5041 660 5080 ac
687 5026 804 5080 vitii
836 5040 1053 5097 semper
1081 5044 1281 5101 expers
1310 5041 1422 5118 est,
1441 5037 1536 5107 qui
1566 5036 1622 5093 in
1643 5036 1780 5094 vitio
1804 5047 1883 5108 atq

2155 5044 2213 5098 τὰ
2244 5043 2352 5099 τῶν
2393 5046 2668 5117 πολεμίων
2709 5050 3059 5118 ἐπεύξασθαι⁸
3107 5056 3157 5107 οἱ
3202 5026 3258 5110 δέ
3301 5026 3549 5131 πολέμιοι
3581 5026 3638 5113 τά

400 5113 815 5183 perturbatione
861 5128 1077 5185 semper
1139 5114 1430 5189 versatur,
1491 5139 1523 5179 a
1577 5126 1883 5194 conjunctic

2151 5137 2220 5210 Br]
2248 5138 2403 5193 εἰσιν.
2435 5113 2621 5207 Οὕτως
2648 5144 2676 5197 6
2721 5113 2989 5216 Ἱερεμίας
3014 5147 3173 5219 ζῆλον
3209 5150 3309 5221 τῆς
3348 5113 3634 5215 θεοσεϐείας

396 5205 567 5260 divini
593 5204 837 5261 numinis
861 5216 1200 5277 segregatur.
1221 5209 1300 5268 Ne
1331 5214 1498 5286 igitur
1526 5216 1579 5272 id
1607 5217 1711 5273 sibi
1730 5218 1879 5275 accid

2150 5204 2237 5292 ων,
2269 5204 2749 5303 είδωλομανοῦντος
2775 5204 3079 5307 τηνικαῦτα.
3102 5239 3196 5294 τοῦ
3228 5204 3494 5312 βασιλέως
3512 5285 3527 5308 ,
3556 5247 3633 5298 καὶ

399 5297 658 5367 pudorem
687 5298 1020 5354 adversariis
1059 5302 1414 5374 imprecatur.
1452 5308 1566 5366 Hoc
1610 5321 1791 5368 autem
1830 5311 1882 5366 ni

2153 5336 2186 5371 ›ν
2217 5297 2542 5393 ὑποχειρίων
2573 5297 3273 5404 αὐτῷνσυνδιατραφέντων,
3304 5337 3407 5390 οὒκ
3430 5297 3569 5391 lib-cdt;
3592 5351 3636 5387 τι

397 5388 541 5442 aliud
575 5398 678 5452 est,
702 5404 866 5458 quam
902 5389 1188 5450 victoriam
1227 5399 1335 5455 sibi
1397 5402 1465 5458 de
1500 5401 1751 5459 hostibus
1779 5418 1880 5474 pret

2151 5411 2368 5480 οαπεύει
2392 5415 2580 5484 πάθος,
2599 5416 2733 5473 ἀλλὰ
2756 5421 2885 5492 περὶ
2911 5421 3006 5476 τοῦ
3023 5424 3202 5479 κοινοῦ
3222 5425 3333 5482 τῶν
3354 5427 3634 5501 ἀνθρώπων

466 5563 513 5598 ³⁸
546 5567 687 5623 Psal.
719 5587 768 5625 ιι
793 5613 807 5637 ,
842 5576 926 5631 18.
1002 5581 1045 5611 ²⁸
1090 5579 1287 5649 Ephes.
1322 5596 1411 5645 vt,
1444 5581 1530 5634 12.
1608 5582 1654 5614 "
1694 5578 1838 5636 Psal.
1873 5596 1954 5648 vr,
1994 5581 2080 5639 11.
