3756 5988
57 170 212 228 “53
1043 161 1130 217 DE
1168 159 1518 218 ORATIONE
1555 157 1903 213 DUMINICA.
1942 185 2014 195 —
2049 155 2306 210 ORATIO
2339 156 2382 206 l.
3198 152 3333 210 “35

60 283 354 355 προσάγει
399 281 496 353 τὴν
546 280 747 353 δέησιν,
808 280 875 350 τῇ
931 278 1072 332 κατά
1117 278 1225 332 τῶν
1272 276 1657 346 ἀσεϐησάντων

1882 270 2072 325 hostes
2103 283 2234 324 vero
2280 266 2725 338 perturbationes
2775 275 2830 322 et
2877 266 3012 322 vitia
3062 275 3209 322 sunt.
3244 267 3338 324 Sic

59 379 247 449 ὁρμῇ.
306 375 457 428 ἅπαν
505 371 932 445 σωφρονισθῆναι
987 371 1152 438 ἀξιῶν
1191 372 1251 425 τὸ
1302 371 1658 441 ἀνθρώπινον.

1872 362 2032 416 amias
2093 360 2403 416 vehementi
2467 371 2520 415 et
2590 360 2804 415 ardenti
2864 360 3089 430 pietatis
3153 375 3341 416 amore

75 470 377 531 Ὡσαύτως
407 467 464 520 δὲ
493 466 587 520 καὶ
625 467 652 518 ὁ
682 465 988 536 προφήτης,
1032 463 1091 527 ὃς
1131 464 1224 517 καὶ
1264 462 1666 532 πολιδγονοῦσαν

63 563 196 613 τότε
219 560 327 631 τὴν
361 558 562 612 κακίαν
601 559 659 610 ἐν
699 558 812 619 τοῖς
865 554 1222 625 Ἰσραηλίταις
1250 553 1408 622 ὀρῶν,
1443 549 1668 622 ἀτεκνίᾳ
1716 566 1720 572 ·

65 653 311 716 δικαίως
334 649 706 714 καταδικάζει,
725 647 933 710 καὶτὰς
957 645 1160 716 πικρὰς
1183 645 1350 716 θηλὰς
1369 645 1468 716 τῆς
1489 645 1667 714 ἀμαρ-

70 743 199 806 τίας
225 742 569 814 ξηρανθῆναι
603 739 882 809 βούλεται,
905 739 982 802 ὡς
1011 738 1077 790 ἂν
1111 739 1246 808 μήτε
1286 737 1521 790 τίκτοιτο
1556 737 1669 798 τοῖς

71 833 402 903 ἀνθρώποις
424 831 485 884 τὸ
514 830 682 884 κακὸν
701 869 716 893 ,
748 829 886 903 μήτε
917 827 1188 897 τρέφοιτο.
1229 825 1327 878 Διά
1358 823 1516 878 τοῦτο
1539 840 1670 894 προσ

75 928 287 995 φήτης,
320 924 436 988 Δὸς
457 921 680 985 αὐτοῖς,
713 919 866 989 φησὶ,
899 919 1097 985 Κύριε,
1126 915 1360 986 μήτραν
1388 913 1670 970 ἀτεκνοῢ-

76 1034 230 1078 σαν,
258 1016 362 1069 καὶ
385 1013 657 1084 μαστοὺς
681 1012 926 1080 ξηροὺς.
959 1011 1068 1062 Καὶ⁸
1093 1007 1147 1060 εἴ
1170 1025 1253 1070 τις
1283 1007 1440 1070 ἄλλος
1478 1008 1534 1058 ἐν
1561 1007 1674 1068 τοῖς

76 1107 264 1175 ἁγίοις
301 1104 557 1176 εὑρεθείη
586 1102 821 1166 τοιοῦτος
855 1101 1041 1169 λόγος,
1077 1098 1251 1170 θυμοῦ
1285 1115 1405 1150 τινα
1437 1112 1675 1166 κατηγο-

80 1201 214 1268 ρίαν
243 1199 344 1252 καὶ
386 1196 660 1267 σημασίαν
690 1194 847 1264 ἔχων,
877 1191 1013 1264 πρὸς
1041 1191 1138 1263 τὴν
1163 1189 1418 1262 τοιαύτην
1459 1191 1674 1252 πάντως

77 1295 335 1348 διάνοιαν
369 1291 582 1361 βλέπει,
613 1289 645 1360 ἢ
680 1287 911 1358 ἐξορίζοι
950 1285 1013 1340 τὸ
1039 1285 1237 1348 κακὸν,
1271 1285 1370 1337 οὐκ
1404 1282 1675 1354 ἐπιτρίϐοι

79 1384 178 1437 τὸν
202 1383 517 1453 ἄνθρωπον.
542 1378 686 1444 Θεὸς
702 1376 962 1433 θάνατον
984 1376 1096 1429 οὐκ
1108 1374 1416 1440 ἐποίησεν.
1435 1371 1677 1434 Ἀκούεις

82 1474 190 1543 τῆς
223 1473 556 1540 ἀποφάσεως
579 1489 592 1535 ;
619 1469 742 1532 Πῶς
765 1463 858 1521 οὖν
888 1467 968 1530 εἰς
992 1465 1083 1519 τὸν
1105 1464 1249 1519 κατά
1268 1464 1376 1517 τῶν
1413 1463 1558 1516 ἰδίων
1583 1462 1681 1516 αὐ-

83 1564 184 1618 τοῦ
211 1563 424 1634 ἐχθρῶν
459 1561 684 1615 θάνατον
711 1558 1043 1630 παρακαλεῖν
1078 1555 1266 1626 ἔμελλε
1292 1555 1382 1606 τὸν
1408 1553 1561 1615 Θεὸν,
1589 1553 1680 1607 τὸν

1773 453 2058 524 praeditus,
2085 453 2284 507 insano
2310 452 2729 507 simulacrorum
2765 452 2934 506 cultui
2965 452 3150 507 dedito
3193 466 3339 522 rege.

1768 545 1860 616 qui
1899 553 2030 600 tunc
2086 545 2392 615 regnabat,
2437 550 2492 598 et
2545 542 2785 598 subditis
2835 543 3024 598 eodem
3072 559 3195 597 cum
3249 545 3343 599 illo

1769 650 1956 690 errore
1986 635 2250 689 involutis
2291 649 2508 704 unaque
2563 633 2860 703 perversis,
2908 649 3016 688 non
3059 635 3342 704 proprium

1775 725 2001 796 aliquod
2033 724 2441 778 incommodum
2473 733 2649 785 curat,
2681 723 2775 778 sed
2810 739 2909 793 pro
2939 724 3215 777 communi
3245 723 3348 776 ho-

1772 817 1980 872 minum
2012 816 2156 870 bono
2189 814 2297 871 Deo
2329 830 2522 886 preces
2556 813 2736 879 oﬁ‘ert,
2780 829 2981 885 rogans
3005 823 3064 869 ut
3113 831 3208 886 per
3248 815 3352 868 im-

1772 916 1981 977 petum,
2007 906 2096 975 qui
2130 904 2391 960 adversus
2417 920 2530 969 eos,
2562 905 2655 973 qui
2697 905 2974 975 impietate
2998 921 3056 962 se
3082 904 3352 960 contami-

1774 1004 2020 1058 nassent.
2049 996 2445 1064 susciperetur,
2476 995 2792 1049 universum
2825 1011 2997 1066 genus
3046 996 3350 1051 humanum

1775 1087 1842 1141 ad
1874 1087 2162 1143 sanitatem
2195 1086 2550 1140 reduceretur
2573 1087 2638 1139 ’⁷.
2674 1084 2940 1148 Similiter
2970 1094 3150 1142 autem
3181 1088 3350 1142 etiam

1775 1176 2045 1247 prepheta
2071 1174 2263 1240 Oseas,
2312 1190 2436 1230 cum
2474 1175 2618 1231 inter
2670 1176 2948 1233 lsraelitas
2992 1177 3351 1232 vitiositatem

1777 1276 1937 1337 atque
1967 1267 2226 1321 malitiam
2253 1274 2385 1322 tunc
2410 1267 2703 1323 fecundam
2744 1284 2867 1324 esse
2905 1267 3132 1335 videret,
3160 1271 3355 1324 merito

1779 1359 2064 1415 sterilitate
2089 1373 2183 1413 eos
2217 1360 2563 1425 condemnat,
2609 1367 2663 1416 et
2696 1362 2893 1416 acerba
2931 1362 3137 1432 peccati
3187 1364 3356 1416 ubera

1781 1466 2034 1506 arescere
2058 1450 2192 1515 vult,
2224 1459 2282 1504 ut
2310 1467 2486 1520 neque
2509 1462 2853 1518 nasceretur,
2891 1469 3071 1524 neque
3117 1455 3357 1508 aleretur

1783 1544 1984 1597 malum
2017 1543 2351 1598 hominibus.
2385 1544 2598 1600 Idcirco
2645 1547 2912 1616 propheta
2951 1563 2964 1598 :
2998 1546 3100 1610 Da,
3157 1547 3355 1615 inquit,

97 1614 143 1618 η
163 1614 176 1616 -
219 1614 298 1634 ,N
317 1614 336 1632 _,
471 1614 507 1615 η
790 1614 801 1630 _
1110 1614 1122 1626 _
1551 1614 1555 1615 ί

85 1654 196 1720 τῆς
231 1651 332 1704 τοῦ
372 1650 601 1703 Θανάτου
641 1647 919 1718 ἐνεργείας
955 1645 1271 1714 ἀλλότριον;
1303 1643 1376 1698 Οὐ
1418 1643 1678 1714 τέρπεται

1872 1651 1912 1696 s,
1952 1633 2193 1697 Domine,
2222 1635 2428 1690 vulvam
2458 1637 2711 1698 sterilem.
2747 1644 2797 1692 et
2822 1637 2982 1691 ubera
3015 1638 3155 1690 sicca
3183 1637 3250 1689 ".
3284 1638 3361 1690 Ac

89 1743 184 1794 ἐπ’
221 1737 472 1809 ἀπωλείᾳ.
505 1736 740 1800 ζώντων.
792 1733 952 1786 Ἀλλά
1001 1730 1355 1801 βαττολογῶν,
1401 1729 1494 1784 καὶ
1538 1729 1678 1782 κατὰ

90 1834 206 1886 τῶν
234 1833 385 1885 ἰδίων
418 1829 624 1899 ἐχθρῶν
651 1828 750 1898 τὴν
773 1825 869 1879 τοῦ
895 1823 1029 1877 Θεοῦ
1053 1821 1461 1891 φιλανθρωπίαν
1504 1836 1681 1892 παρα-

93 1925 290 1985 κινῶν,
325 1919 714 1991 ἐπιτερφθῆναι
747 1920 866 1978 ταῖς
891 1912 1256 1987 ἀνθρωπίναις
1279 1911 1440 1965 αὐτὸν
1471 1925 1674 1980 συμφο⁴

98 2017 226 2084 ραῖς
253 2011 625 2081 ἐγκελεύεται.

1785 1725 1830 1779 si
1861 1725 1984 1794 quis
2016 1726 2156 1780 alius
2182 1726 2236 1780 in
2267 1727 2478 1782 sanctis
2508 1727 2780 1798 ejusmodi
2818 1744 2997 1786 sermo
3026 1729 3360 1790 inveniatur,

1786 1817 1882 1886 qui
1931 1818 2067 1870 iram
2115 1818 2298 1888 aliquo
2345 1820 2508 1874 modo
2542 1831 2732 1891 arguat
2759 1829 2921 1891 atque
2967 1820 3256 1893 signiﬁcet,
3293 1821 3361 1873 ad

1787 1907 2058 1975 ejusmodi
2103 1909 2326 1962 omnino
2355 1912 2680 1965 sententiam
2738 1919 2966 1980 spectat,
2997 1926 3120 1982 quae
3168 1910 3362 1964 vitium

1789 1999 2040 2067 expellat,
2065 2014 2173 2053 non
2206 2001 2479 2056 hominem
2508 2002 2786 2057 conﬁciat.
2834 2003 3061 2058 Mortem
3091 2004 3227 2056 Deus
3260 2017 3365 2056 non

96 2076 224 2170 fecit
261 2076 330 2157 ’ἦ
393 2101 562 2156 Audis
626 2097 996 2154 sententiam?
1041 2076 1325 2160 Quomodo
1383 2091 1548 2161 igitur
1598 2088 1653 2142 in
1720 2097 1946 2143 mortem
1991 2105 2218 2146 suorum
2270 2092 2444 2161 ipsius
2490 2094 2839 2149 inimicorum
2883 2103 3176 2165 rogaturus
3218 2100 3367 2148 esset

104 2196 305 2260 Deum,
333 2193 425 2263 qui
458 2207 488 2245 a
517 2192 707 2245 mortis
730 2188 967 2245 efﬁcacia
995 2188 1206 2242 alienus
1234 2184 1353 2239 est?
1380 2181 1497 2237 Non
1531 2182 1834 2236 delectatur
1866 2180 2171 2250 perditione
2203 2183 2470 2239 vivorum.
2501 2185 2566 2237 At
2599 2185 2644 2241 is
2677 2186 2770 2254 qui
2802 2185 3052 2250 blaterat,
3091 2193 3145 2241 ct
3177 2187 3366 2240 adver-

102 2308 206 2347 sus
231 2304 368 2344 suos
395 2288 646 2342 inimicos
669 2284 1063 2340 humanitatem
1096 2280 1190 2335 Dei
1222 2281 1479 2341 concitat,
1522 2278 1771 2332 hortatur
1806 2291 1951 2342 cum,
1982 2285 2042 2332 ut
2072 2280 2472 2337 calamitatibus
2511 2281 2790 2336 hominum
2821 2285 3139 2342 delectetur.

189 2379 336 2432 Ἀλλ’
367 2378 467 2448 ήδη
497 2377 656 2440 τινὲς,
691 2378 845 2447 φησὶ,
886 2377 979 2430 καί⁹
1023 2375 1207 2447 ἀρχῶν
1235 2374 1330 2428 καὶ
1371 2370 1564 2443 τιμῶν,
1596 2368 1689 2422 καὶ

101 2470 346 2524 πλούτου
398 2468 726 2538 ἠξιώθησαν,
774 2469 906 2538 εὐχῇ
949 2467 1083 2539 πρὸς
1132 2465 1289 2520 τοῦτο
1329 2462 1684 2535 χρησάμενοι,

103 2564 205 2616 καὶ
241 2560 511 2628 θεοφιλεῖς
543 2554 681 2610 εἶναι
718 2558 806 2610 διὰ
835 2560 934 2628 τῆς
962 2557 1213 2624 τοιαύτης
1245 2554 1535 2626 εὐκληρίας
1585 2553 1690 2605 ὑπ-

106 2652 432 2722 ενοήθησαν.
489 2649 612 2710 Πῶς
658 2645 750 2702 οὖν
794 2649 1078 2717 ἀπείργεις
1107 2648 1272 2716 ἡμᾶς,
1301 2645 1444 2698 εἴποι
1485 2660 1568 2706 τις
1603 2641 1690 2705 ἂν,

109 2745 244 2814 περὶ
275 2743 384 2796 τῶν
409 2741 662 2794 τοιούτων
700 2740 995 2812 προσάγειν
1041 2739 1120 2809 τῷ
1149 2737 1268 2807 Θεῷ
1303 2737 1402 2801 τὰς
1444 2736 1690 2806 δεήσεις;

110 2835 252 2888 ἀλλά
281 2834 343 2888 τὸ
373 2833 471 2902 μὲν
494 2831 670 2885 πάντα
698 2831 848 2894 θείας
875 2829 1106 2900 ἐξῆφθαι
1133 2828 1348 2898 βουλῆς,
1365 2827 1460 2882 καὶ
1489 2826 1694 2880 ἄνωθεν

109 2925 516 2996 οἰκονομεῖσθαι
557 2924 647 2976 τὸν
685 2923 809 2994 τῇδε
851 2923 986 2994 βίον,
1036 2924 1198 2977 παντὶ
1245 2921 1402 2991 δῆλόν
1430 2922 1568 2984 ἐστι,
1601 2918 1697 2972 καὶ

111 3021 216 3073 οὐκ
245 3019 315 3073 ἄν
343 3034 427 3073 τις
459 3016 698 3070 ἀντείποι
729 3014 806 3085 τῷ
849 3013 1011 3084 λόγῳ.
1053 3014 1172 3066 Τῶν
1206 3013 1263 3066 δὲ
1297 3010 1551 3065 τοιούτων
1597 3009 1696 3080 τῆς

113 3109 288 3178 εὐχῆς
324 3105 759 3177 κατορθωμάτων
814 3105 978 3168 ἄλλας
1033 3103 1213 3168 αἰτίας
1256 3103 1554 3175 ἐμάθομεν,
1600 3101 1699 3171 οὐχ

115 3198 196 3259 ὡς
224 3194 409 3263 ἀγαθά
438 3193 653 3256 πάντως
684 3193 779 3246 τοῦ
813 3191 947 3245 Θεοῦ
998 3190 1167 3243 ταῦτα
1211 3192 1321 3253 τοῖς
1366 3186 1575 3242 αἰτοῦσι
1609 3185 1696 3238 νέ-

118 3303 318 3357 μοντος
337 3303 352 3318 ·
387 3286 500 3339 ἀλλ’
531 3285 607 3348 ώς
639 3284 704 3339 ἂν
747 3284 834 3337 διὰ
865 3282 1069 3336 τούτων
1121 3282 1391 3354 βεϐαιωθῇ
1421 3285 1533 3345 τοῖς
1572 3283 1698 3336 ἐπι-

119 3378 495 3448 ττολαιοτέροις
515 3378 548 3446 ἡ
574 3377 708 3447 πρὸς
743 3374 832 3429 τὸν
863 3374 995 3428 Θεὸν
1021 3374 1222 3439 πίστις,
1255 3377 1348 3428 καὶ
1379 3375 1499 3428 κατ’
1521 3375 1702 3443 ὀλίγον

119 3473 180 3524 ἐν
216 3471 338 3530 ταῖς
371 3466 720 3538 μικροτέραις
747 3465 854 3518 τῶν
882 3466 1171 3536 αἰτήσεων,
1200 3465 1262 3516 τὸ
1301 3465 1591 3518 ἐπακούειν
1612 3465 1702 3519 τὸν

122 3561 260 3614 Θεὸν
289 3559 398 3612 τῶν
429 3557 646 3611 ἰκεσιῶν
683 3559 747 3627 τῇ
781 3560 945 3627 πείρᾳ
978 3556 1358 3626 μανθάνοντες,
1387 3555 1703 3626 ἀνέλθοιμέν

124 3669 259 3705 ποτε
293 3649 429 3721 πρὸς
460 3649 556 3718 τὴν
587 3647 694 3700 τῶν
726 3645 944 3716 ὑψηλῶν
990 3662 1054 3699 τε
1104 3646 1200 3700 καὶ
1247 3645 1566 3716 θεοπρεπῶν
1597 3645 1702 3699 δω-

125 3742 391 3813 ρημάτων
442 3739 760 3810 ἐπιθυμίαν.
814 3737 1078 3809 Καθάπερ
1118 3737 1212 3790 ἐπὶ
1265 3739 1372 3791 τῶν
1420 3737 1704 3809 ἡμετέρων

123 3834 333 3885 τέκνων
348 3830 560 3900 ὁρῶμεν
579 3847 592 3859 ·
611 3829 646 3883 ἃ
664 3827 799 3892 τέως
818 3828 916 3898 μὲν
930 3831 995 3900 τῇ
1021 3827 1247 3900 μητρῴᾳ
1267 3827 1402 3900 θηλῇ
1434 3826 1706 3898 προσφύε-

127 3939 252 3980 ται,
277 3921 402 3972 ὅσον
436 3921 603 3988 χωρεῖ
628 3920 661 3988 ή
709 3916 890 3986 φύσις,
923 3916 1176 3971 τοσοῦτον
1201 3918 1351 3988 παρά
1379 3919 1478 3987 τῆς
1515 3933 1705 3986 γεννη-

130 4009 374 4080 σαμένης
413 4007 789 4077 ἐπιζητοῦντα·
826 4010 873 4060 εἰ
903 4008 960 4061 δέ
989 4007 1383 4078 ὑπανδρυνθείη
1407 4008 1466 4060 τὸ
1492 4009 1702 4078 νήπιον,

126 4099 220 4151 καί
250 4115 376 4150 τινα
409 4095 706 4167 προσλάϐοι
750 4095 840 4149 τοῦ
875 4096 1207 4165 φθέγγεσθαι
1247 4097 1494 4168 δύναμιν,
1537 4113 1706 4152 κατα-

128 4193 320 4259 φρονεῖ
353 4187 456 4258 μὲν
495 4189 595 4258 τῆς
628 4187 823 4261 θηλῆς,
849 4190 1001 4260 ζητεῖ
1040 4189 1098 4241 δέ
1125 4207 1188 4240 τε
1212 4189 1470 4253 τοιοῦτον,
1505 4189 1538 4259 ἤ
1572 4206 1705 4260 προ-

129 4279 344 4349 κόμιον,
378 4277 411 4348 ἢ
453 4279 684 4347 ἱμάτιον,
717 4279 752 4349 ἢ
779 4297 898 4332 τινα
920 4277 1163 4341 τοιαῦτα,
1201 4273 1283 4343 οἷς
1308 4280 1337 4331 ὁ
1366 4279 1474 4331 τῶν
1501 4278 1707 4350 νηπίων

126 4367 409 4438 ὀφθαλμὸς
439 4369 826 4438 ἐπιτέρπεται·
866 4369 1086 4423 ἐπειδὰν
1113 4370 1170 4423 δὲ
1199 4371 1276 4433 εἰς
1309 4369 1523 4441 ἠλικίαν
1553 4370 1702 4442 ἔλθῃ,

129 4459 221 4512 καί
253 4457 560 4529 συναυξηθῇ
599 4459 674 4529 τῷ
698 4459 963 4529 σώματιὴ
997 4459 1224 4525 διάνοια,
1249 4461 1368 4514 τότε
1401 4461 1578 4522 πάσας
1609 4460 1708 4525 τὰς

127 4547 387 4610 παιδικὰς
430 4546 725 4617 ἐπιθυμίας
759 4547 1090 4613 καταλιπὼν,
1133 4549 1200 4603 τά
1247 4549 1327 4620 τῷ
1363 4551 1552 4620 τελείῳ
1590 4550 1708 4620 βλέ-

130 4655 300 4691 ποντα
336 4638 437 4708 βίῳ
468 4639 619 4709 παρά
649 4638 757 4691 τῶν
788 4638 988 4707 γονέων
1025 4641 1339 4710 αἰτήσεται·
1372 4640 1515 4695 οὕτω
1561 4641 1654 4694 καὶ
1679 4642 1708 4694 ὁ

128 4729 261 4792 Θεὸς
300 4727 496 4793 ἐθίζων
533 4730 624 4784 τὸν
666 4729 950 4802 ἄνθρωπον
987 4730 1076 4786 διὰ
1107 4731 1324 4787 πάντων
1367 4733 1504 4804 πρὸς
1544 4732 1707 4786 αὐτὸν

131 4821 375 4891 βλέπειν,
423 4821 508 4874 διὰ
553 4821 710 4875 τοῦτο
753 4821 1013 4886 πολλάκις
1056 4823 1176 4877 οὐδὲ
1210 4823 1320 4877 τῶν
1369 4824 1710 4897 μικροτέρων

128 4912 397 4981 αἰτήσεων
434 4911 663 4982 ἀνήκοος
695 4912 926 4978 γίνεται,
953 4912 1029 4976 ὡς
1059 4911 1125 4965 ἂν
1154 4913 1248 4965 ἐπὶ
1278 4915 1343 4984 τῇ
1373 4915 1481 4967 τῶν
1515 4913 1713 4984 ὑψηλο-

127 5001 304 5072 τέρων
342 5001 606 5074 ἐπιθυμία
647 5002 862 5075 διάτῆς
907 5006 964 5058 ἐν
994 5006 1104 5069 τοῖς
1151 5007 1362 5076 μικροῖς
1395 5007 1712 5076 εὐεργεσίας

128 5095 222 5146 τὸν
261 5095 599 5165 τετυχηκότα
631 5095 726 5166 τῆς
757 5095 976 5166 χάριτος
1019 5097 1463 5167 προσκαλέσαιτο.
1505 5098 1616 5152 Καὶ
1645 5099 1711 5152 σὺ

130 5185 333 5250 τοίνυν,
361 5189 409 5239 εἰ
438 5189 467 5239 ὁ
514 5187 660 5241 δεῖνα
703 5188 892 5257 γέγονε
921 5187 1058 5261 θείᾳ.
1095 5189 1320 5261 προνοίᾳ
1348 5188 1619 5260 γνώριμός
1649 5207 1711 5242 τε

132 5277 224 5329 καὶ
272 5277 633 5347 περίϐλεπτος
683 5278 742 5344 ἐξ
789 5279 1187 5352 ἀφανεστέρων,
1238 5280 1271 5351 ἢ
1324 5279 1451 5334 ἄλλο
1493 5298 1543 5334 τι
1602 5280 1710 5334 τῶν

131 5367 276 5422 κατά
299 5369 392 5420 τὸν
413 5367 523 5422 Βίον
543 5368 731 5423 τοῦτον
761 5370 1198 5440 ἐπιζητουμένων
1222 5372 1510 5442 ἐκτήσατο,
1536 5374 1712 5446 ἀρχὴν

210 5545 257 5579 ³⁷
295 5545 494 5602 Jerem.
534 5566 585 5616 τ,
622 5549 644 5603 Ι
684 5565 802 5619 sqq.

1872 2367 2067 2424 Verum
2105 2371 2241 2441 jam,
2269 2375 2467 2445 inquit,
2504 2375 2756 2430 nonnulli
2797 2379 2962 2432 etiam
3013 2378 3361 2449 principatus

1795 2468 1850 2513 et
1875 2460 2108 2518 honores
2137 2504 2152 2528 ,
2199 2474 2252 2520 et
2305 2466 2524 2525 divitias
2572 2469 2852 2524 consecuti
2904 2478 3074 2535 sunt,
3121 2471 3371 2525 oratione

1798 2553 1865 2606 ad
1889 2553 1992 2608 hoc
2027 2555 2131 2621 usi,
2177 2565 2231 2611 et
2269 2559 2339 2614 ob
2377 2559 2645 2629 ejusmodi
2684 2561 3015 2628 felicitatem,
3058 2562 3169 2618 Deo
3215 2563 3370 2620 chari

1798 2659 1920 2699 esse
1941 2647 2239 2702 existimati
2268 2657 2417 2705 sunt.
2442 2643 2729 2716 Quomodo
2754 2653 2918 2723 igitur
2953 2655 3212 2724 prohibes
3238 2671 3362 2719 nos,

1800 2736 2001 2792 dixerit
2053 2739 2277 2811 aliquis,
2313 2741 2380 2796 de
2412 2743 2688 2812 ejusmodi
2725 2747 2890 2801 rebus
2935 2762 3126 2816 preces
3169 2748 3370 2806 offerre

1813 2825 1958 2881 Deo?
2015 2830 2307 2886 Enimvero
2340 2833 2523 2888 omnia
2569 2837 2789 2906 quidem
2839 2838 3077 2907 pendere
3112 2855 3141 2894 a
3186 2841 3374 2897 divino

1805 2919 2055 2982 consilio,
2085 2928 2247 2991 atque
2266 2938 2504 2993 superne
2533 2928 2646 2998 regi
2673 2923 2814 2984 han'c
2847 2930 3013 2984 vitam
3072 2939 3371 2998 terrenam,

1803 3025 1966 3065 nemo
2020 3010 2235 3083 ignorat
2271 3035 2282 3068 :
2327 3031 2429 3071 nec
2471 3018 2765 3088 quisquam
2810 3021 3051 3076 orationi
3096 3024 3382 3080 contradi-

1800 3102 1962 3165 xerit,
1992 3103 2086 3158 sed
2126 3105 2316 3159 talium
2358 3109 2626 3164 orationis
2667 3124 3025 3166 successuum
3059 3112 3197 3168 alias
3242 3128 3378 3168 cau-

1805 3208 1897 3250 sas
1959 3193 2300 3252 didicimus:
2333 3197 2594 3252 nimirum
2651 3201 2798 3270 quod
2849 3218 2958 3257 non
3013 3206 3169 3274 quasi
3223 3205 3370 3260 bona

1804 3300 2031 3354 prorsus
2069 3287 2378 3356 petentibus
2419 3289 2534 3344 haec
2577 3289 2719 3346 Deus
2760 3293 2986 3361 tribuat,
3023 3296 3118 3352 sed
3151 3305 3209 3350 ut
3245 3299 3379 3352 sim-

1803 3375 2120 3444 plicioribus
2156 3392 2253 3446 per
2286 3377 2402 3432 haec
2449 3379 2646 3434 ﬁducia
2686 3396 2815 3453 erga
2863 3383 3028 3440 Deum
3063 3389 3379 3443 stabiliatur

1802 3474 1855 3518 et
1883 3466 2260 3530 conﬁrmetur,
2283 3482 2346 3522 ac
2377 3469 2638 3537 paulatim
2675 3487 2773 3542 per
2814 3474 3054 3531 minores
3085 3479 3378 3546 petitiones

1803 3552 2139 3619 experientia
2173 3554 2314 3624 'ipsa
2357 3555 2662 3621 discentes,
2709 3561 2857 3629 quod
2913 3565 3188 3634 supplices
3233 3565 3378 3622 Deus

1803 3644 2078 3709 exaudiat,
2107 3646 2383 3715 erigamur
2405 3647 2623 3703 tandem
2644 3650 2937 3720 aliquando
2962 3655 3029 3709 ad
3057 3657 3378 3713 sublimium

1805 3732 2010 3802 pariter
2051 3741 2104 3787 et
2150 3733 2319 3788 Deum
2368 3734 2679 3792 decentium
2733 3739 3002 3796 donorum
3043 3743 3380 3802 desiderium

1805 3833 1968 3894 atque
2006 3823 2382 3896 cupiditatem.
2419 3829 2888 3895 Quemadmodum
2928 3834 2983 3888 in
3016 3837 3223 3892 nostris
3252 3837 3382 3893 libe-

1806 3916 1883 3970 ris
1913 3916 2178 3983 videmus,
2210 3920 2305 3989 qui
2350 3919 2507 3976 initio
2556 3921 2776 3992 quidem
2821 3925 3080 3984 uberibus
3115 3931 3381 3987 maternis

1807 4008 2102 4074 adhaerent,
2146 4018 2407 4081 quantum
2450 4022 2645 4068 natura
2687 4017 2854 4087 capit,
2889 4025 3100 4074 tantum
3136 4036 3165 4074 a
3206 4030 3382 4079 matre

1808 4099 2170 4170 requirentes.
2204 4101 2358 4168 Quod
2401 4102 2446 4156 si
2493 4103 2674 4161 infans
2710 4108 3027 4176 adoleverit,
3055 4119 3107 4166 et
3138 4112 3379 4182 aliquam

1809 4189 2122 4246 facultatem
2155 4191 2409 4262 loquendi
2451 4195 2680 4266 adeptus
2703 4197 2889 4260 fuerit.
2927 4217 3218 4257 mammam
3257 4205 3383 4272 qui-

1737 4311 1784 4367 Β
1810 4283 1932 4337 dem
1971 4283 2201 4352 respuit,
2239 4286 2434 4353 quaerit
2470 4293 2650 4342 autem
2701 4289 2904 4359 aliquid
2950 4292 3253 4361 ejusmodi,
3298 4295 3381 4350 vel

1811 4389 2022 4428 comam
2053 4376 2446 4444 apposititiam,
2474 4378 2557 4433 vel
2599 4380 2844 4448 pallium,
2881 4384 2964 4438 vel
3005 4385 3185 4453 aliqua
3225 4388 3382 4451 talia,

1809 4467 2011 4535 quibus
2040 4465 2330 4520 infantium
2359 4468 2504 4522 oeuli
2527 4470 2901 4538 delectantur;
2927 4475 3024 4529 sed
3061 4476 3153 4531 ubi
3185 4477 3254 4531 ad
3292 4479 3387 4534 ﬁr-

1810 4556 2036 4610 miorem
2070 4564 2283 4610 aetatem
2326 4561 2654 4628 pervenerit,
2683 4571 2736 4618 et
2770 4579 2925 4621 mens
2959 4582 3065 4621 una
3096 4583 3220 4622 cum
3261 4585 3386 4625 cor-

1810 4662 1943 4718 pore
1972 4649 2226 4716 creverit,
2259 4659 2391 4706 tunc
2422 4655 2680 4711 omnibus
2725 4659 3030 4726 puerilibus
3071 4663 3269 4718 studiis
3308 4670 3388 4718 at-

1811 4755 1919 4809 que
1947 4739 2239 4796 desideriis
2271 4743 2515 4806 omissis,
2540 4761 2603 4800 ea
2630 4763 2751 4817 quae
2783 4749 2850 4803 ad
2878 4750 3177 4819 perfectam
3217 4755 3384 4809 vitam

1814 4838 2090 4900 spectant,
2137 4847 2168 4886 a
2218 4834 2541 4902 parentibus
2605 4838 2880 4907 petiturus
2914 4849 3050 4896 est:
3093 4842 3168 4896 ita
3219 4845 3384 4898 etiam

1814 4920 1980 4987 Deus,
2010 4923 2104 4994 qui
2137 4938 2238 4994 per
2289 4926 2476 4981 omnia
2519 4927 2796 4984 hominem
2829 4931 2896 4985 ad
2947 4947 3070 4988 sese
3112 4935 3388 5004 respicere

1813 5013 2139 5078 assuefacit,
2177 5015 2385 5072 idcirco
2411 5033 2786 5088 saepenumero
2823 5037 2892 5077 ne
2924 5023 3234 5080 minoribus
3265 5027 3389 5095 qui-

1815 5102 1938 5158 dem
1969 5105 2330 5173 petitionibus
2356 5123 2518 5164 aures
2541 5110 2787 5180 prtebere
2815 5113 3050 5179 fastidit,
3080 5123 3140 5169 ut
3165 5116 3235 5171 ad
3266 5117 3389 5173 sub-

1818 5193 2095 5249 limiorum
2134 5211 2322 5253 rerum
2351 5200 2708 5266 desiderium,
2746 5219 2844 5274 per
2879 5220 3173 5275 parvarum
3201 5223 3384 5262 rerum

1817 5287 2160 5358 largitionem
2209 5304 2360 5354 eum,
2415 5293 2511 5361 qui
2541 5293 2647 5348 hoc
2693 5295 3019 5353 beneﬁcium
3056 5311 3387 5357 consecutus

1818 5377 2008 5444 fuerit,
2051 5379 2267 5436 invitet.
2295 5379 2362 5435 Et
2389 5387 2450 5436 tu
2486 5382 2678 5453 igitur,
2728 5387 2774 5442 si
2815 5387 2907 5444 ille
2947 5395 3002 5444 et
3059 5390 3150 5446 ille
3203 5391 3386 5448 divina

879 5549 925 5582 "
963 5550 1089 5607 Ose.
1123 5565 1210 5615 Ix,
1246 5551 1328 5606 Η.
1405 5553 1451 5586 ²⁹
1491 5551 1618 5623 Sap.
1653 5568 1691 5622 1,
1727 5554 1814 5611 15.
