3756 5988
347 632 354 639 ’
453 666 695 722 quonam
727 651 844 704 haec
895 656 1168 720 spectent,
1215 648 1501 713 nimirum,
1559 647 1706 718 quod
1742 662 1837 715 per
1878 660 2028 711 .eam,

442 167 483 222 ‘1
500 168 600 224 155
1071 180 1079 188 '
1727 161 1786 216 S.
1827 157 2157 218 GREGORII
2193 159 2485 220 NYSSENI
3585 165 3680 221 "35

457 281 804 356 providentia
832 279 1039 336 nobilis
1067 285 1123 334 et
1149 277 1386 335 illustris
1420 276 1673 333 obscuris
1709 277 2011 347 parentibu:

2136 278 2170 350 ἢ
2211 277 2463 346 πλοῦτον,
2499 279 2533 351 ἦ
2568 279 2947 352 περιφάνειαν,
2982 279 3094 334 νόει
3124 279 3218 334 τὸν
3264 278 3500 342 σκοπὸν,
3524 280 3595 333 ὅτι
3630 299 3685 335 τοι

457 387 612 433 ortus
638 374 832 440 evasit,
879 382 973 428 aut
1005 372 1212 443 aliquid
1256 372 1400 427 aliud
1452 388 1517 429 ex
1560 373 1630 427 iis
1667 370 1853 436 rebus,
1908 385 2011 441 qua

2139 370 2415 436 ἀπόδειξις
2447 371 2549 442 τῆς
2585 371 2828 444 μεγάλης
2873 371 3154 442 δυνάμεως
3180 371 3288 428 ⁴τοῖ’)
3338 370 3487 424 Θεοῦ
3523 373 3556 442 ή
3594 373 3686 443 περὶ

457 487 545 525 res
572 486 666 538 per
702 470 844 523 hanc
867 470 1037 522 vitam
1069 474 1426 537 expetuntur,
1473 464 1792 535 acquisivit,
1830 464 2011 535 pr-inci

2137 457 2312 514 ταῦτα
2340 459 2719 530 φιλανθρωπία
2742 459 2973 529 γίνεται,
3018 461 3107 516 ἶνα
3143 460 3234 514 διά
3260 460 3359 515 τοῦ
3388 464 3574 532 τυχεῖν
3610 462 3687 515 τῶν

454 569 668 631 patum,
726 561 811 615 vel
841 558 1090 622 divitias,
1141 565 1238 611 aut
1280 556 1694 621 claritudinem,
1743 554 2011 611 consider:

2139 550 2406 607 παιδικῶν
2448 550 2800 625 ἀθυρμάτων,
2826 553 2955 624 περὶ
2983 551 3091 607 τῶν
3123 551 3391 623 μειζόνων
3418 554 3513 607 καὶ
3537 552 3689 606 τελειο-

2135 643 2308 716 τέρων
2334 645 2692 716 προσαγάγῃς
2718 643 2796 716 τῷ
2824 644 3002 717 Πατρὶ
3026 643 3125 708 τὰς
3152 646 3423 717 αἰτήσεις.
3464 644 3632 700 Ταῦτα
3651 645 3690 697 δὲ

454 756 576 810 quae
607 740 754 796 circa
792 739 893 794 has
921 753 1011 792 res
1036 744 1286 807 apparet,
1320 737 1729 792 humanitatem
1764 737 1819 789 in
1858 736 2011 792 rebus

2138 735 2289 791 ἐστιν
2314 737 2414 792 ὅσα
2448 737 2529 801 είς
2562 737 2740 809 ψυχὴν
2774 738 2929 810 φέρει
2957 737 3018 791 τὸ
3050 739 3260 808 κέρδος.

455 833 670 905 magnis
704 831 798 887 tibi
835 831 1079 902 potentia
1104 830 1198 885 Dei
1222 829 1658 894 demonstratur,
1681 837 1744 885 ut
1774 845 1872 900 per
1938 829 2066 895 hoc,
2108 831 2257 901 quod
2327 830 2813 898 animadverteris,
2845 845 2949 886 nec
2978 831 3225 886 ludicras
3252 828 3486 901 quidem
3515 844 3574 883 ac
3592 844 3693 899 pue-

458 926 586 980 riles
618 940 706 979 res
741 922 948 978 frustra
998 936 1028 975 a
1064 920 1175 977 Dco
1205 922 1341 993 peti,
1373 921 1443 977 de
1512 920 1820 993 majoribus
1857 935 1923 975 ac
1987 918 2421 991 perfectioribus
2447 922 2596 979 Patri
2632 936 2824 993 preces
2867 920 3108 989 oderas;
3160 921 3277 976 htec
3343 930 3534 977 autem
3594 930 3692 977 sunt

455 1033 540 1081 ea,
563 1032 686 1086 quae
716 1015 915 1070 animae
959 1015 1175 1069 lucru‘m
1214 1012 1472 1069 all‘erunt.
2844 1076 2851 1091 ‘

524 1108 737 1163 Etenim
770 1106 1159 1163 stultissimum
1193 1103 1380 1170 fuerit,
1414 1105 1460 1162 si
1492 1105 1628 1175 quis
1659 1105 1931 1162 accedens
1954 1104 2011 1160 ad

2206 1103 2316 1158 Καὶ
2351 1103 2460 1177 γάρ
2486 1101 2552 1158 ἂν
2583 1103 2669 1174 εἴη
2697 1100 2805 1156 τῶν
2826 1101 3206 1170 ἀλογωτάτων,
3246 1101 3613 1174 προσελθόντα
3638 1104 3693 1174 τῷ

452 1195 647 1261 Deum,
686 1213 718 1252 a
754 1198 1088 1267 sempiterno
1132 1196 1468 1267 temporaria
1518 1205 1695 1268 roget,
1747 1211 1777 1251 a
1812 1197 2009 1252 coelest

2135 1194 2254 1266 Θεῷ
2286 1195 2467 1269 ζητεῖν
2505 1193 2658 1266 παρὰ
2704 1191 2800 1247 τοῦ
2850 1192 3021 1247 ἀϊδίου
3065 1192 3137 1246 τά
3190 1194 3528 1266 πρόσκαιρα.
3577 1196 3692 1263 παρὰ

453 1297 692 1353 terrena,
716 1286 785 1340 ab
806 1282 1090 1341 Altissimo
1112 1284 1341 1340 humilia
1368 1298 1422 1341 et
1451 1286 1687 1357 alijecta,
1708 1287 1776 1343 ab
1813 1304 1903 1356 eo,
1936 1305 2008 1359 qu

2134 1284 2230 1340 τοῦ
2285 1284 2607 1357 ἐπουρανίου
2652 1284 2720 1338 τά
2745 1283 2983 1352 ἐπίγεια,
3021 1284 3170 1355 παρὰ
3217 1283 3313 1337 τοῦ
3367 1285 3615 1355 Ὑψίστου
3648 1289 3696 1339 τὰ

455 1391 682 1447 regnum
715 1375 982 1430 caelorum
1006 1375 1263 1447 largitur,
1294 1376 1438 1433 hanc
1461 1388 1733 1433 terrenam
1766 1388 1820 1436 et
1851 1379 2034 1435 humi-

2138 1376 2473 1449 χαμαίζηλοι,
2503 1375 2656 1448 παρά
2683 1376 2777 1430 τοῦ
2808 1375 3089 1447 βασιλείαν
3114 1375 3358 1447 οὐρανῶν
3383 1377 3695 1448 δωρουμένου

455 1469 559 1523 lem
616 1467 977 1534 felicitatem;
1040 1469 1112 1524 ab
1134 1483 1201 1524 eo
1245 1469 1341 1541 qui
1378 1471 1610 1541 largitur
1644 1487 1707 1527 ea
1741 1487 1864 1542 qua:
1892 1473 2011 1543 erip

2140 1469 2238 1541 τὴν
2287 1470 2483 1541 γηῖνην
2518 1468 2721 1539 ταύτην
2770 1468 2864 1523 καὶ
2902 1467 3163 1540 ταπεινὴν
3200 1468 3526 1541 εὐκληρίαν,
3574 1471 3695 1540 scapi

457 1576 564 1615 non
599 1567 851 1630 possunt,
876 1559 945 1614 ad
979 1560 1239 1631 exiguum
1271 1568 1491 1632 tempus
1521 1563 1826 1619 alienarum
1849 1580 2011 1620 rerun

2140 1559 2235 1614 τοῦ
2270 1560 2605 1631 ἁναφαίρετα
2637 1559 3015 1632 χαριζομένου,
3043 1559 3144 1630 τὴν
3186 1562 3244 1613 ἐν
3282 1560 3457 1630 ὀλίγῳ
3502 1559 3602 1615 τῶν
3626 1562 3693 1615 άλ-

457 1666 618 1705 usum
652 1670 663 1703 :
696 1665 929 1720 quarum
960 1648 1276 1704 necessaria
1310 1649 1530 1720 quidem
1564 1649 1865 1721 ademptio,
1907 1661 2035 1707 tem-

456 1743 710 1812 porarius
750 1757 880 1797 vero
930 1739 1284 1807 usufructus,
1340 1749 1396 1796 et
1438 1740 1749 1812 periculosa
1799 1741 2036 1796 admini-

456 1832 653 1887 stratio
683 1838 787 1885 est.
817 1828 1057 1884 Pulchre
1083 1837 1269 1885 autem
1303 1843 1403 1898 per
1436 1829 1803 1897 adjectionem
1851 1836 2034 1884 osten-

454 1922 534 1976 dit
568 1920 989 1984 absurditatem,
1040 1934 1166 1975 cum
1199 1918 1374 1973 dixit:
1420 1919 1570 1975 Sicut
1599 1917 1839 1990 gentiles.
1894 1916 2030 1972 Nam

452 2013 505 2065 in
538 2028 626 2067 res
660 2020 983 2082 apparentes
1030 2008 1276 2066 studium
1318 2006 1574 2063 conferre
1622 2009 1907 2079 proprium
1947 2014 2032 2064 est

450 2118 663 2165 eorum,
695 2107 787 2174 qui
823 2104 1032 2157 nullam
1061 2101 1166 2157 sibi
1204 2100 1377 2154 futuri
1424 2100 1612 2154 saeculi
1642 2115 1794 2170 spem
1829 2114 2027 2170 propo-

452 2203 610 2259 nunt,
644 2210 753 2249 non
781 2194 975 2265 judicii
999 2200 1226 2260 metum,
1245 2207 1357 2248 non
1390 2192 1655 2264 gehennae
1683 2191 1883 2255 minas,
1917 2205 2026 2247 non

451 2288 720 2344 bonorum
750 2284 1241 2358 exspectationem,
1278 2299 1388 2339 non
1419 2282 1572 2339 aliud
1606 2281 1908 2358 quidquam
1936 2297 2031 2338 eo-

448 2392 570 2431 rum
604 2391 724 2446 quae
772 2383 1017 2445 tempore
1068 2372 1495 2429 resurrectionis
1548 2357 1869 2441 sperantur,
1930 2371 2024 2441 qui

444 2467 612 2523 sicuti
648 2480 852 2537 pecora
876 2465 945 2520 ad
996 2470 1329 2534 praesentem
1372 2462 1542 2517 vitam
1585 2461 1783 2516 intenti
1845 2461 2025 2532 quod-

447 2574 669 2628 cunque
701 2557 845 2629 gulae
883 2571 948 2611 ac
973 2555 1174 2617 ventri,
1200 2553 1541 2624 reliquisque
1577 2552 1831 2622 corporis
1865 2551 2025 2607 volu-

444 2652 687 2721 ptatibus
714 2649 1003 2720 indulgere
1048 2647 1285 2718 possint,
1338 2645 1393 2700 id
1444 2645 1503 2700 in
1546 2650 1703 2715 parte
1749 2644 2024 2699 bonorum

445 2741 652 2805 locant,
688 2741 772 2797 vel
803 2737 1181 2810 principatum
1235 2737 1381 2792 inter
1443 2735 1661 2806 aliquos
1717 2744 1929 2800 tenere,
1969 2740 2024 2789 et

445 2833 672 2904 reliquis
703 2838 967 2902 praestare
1012 2828 1205 2893 videri,
1239 2828 1322 2883 vel
1396 2827 1587 2882 multis
1628 2825 2024 2919 incubarenta-
2052 2860 2095 2919 ο

446 2921 642 2985 lentis,
688 2928 781 2975 aut
811 2919 858 2974 si
890 2917 1025 2989 quid
1057 2917 1206 2972 aliud
1230 2915 1299 2971 de
1317 2916 1482 2986 hujus
1509 2913 1696 2971 saeculi
1738 2911 2026 2969 fraudibus

445 3018 562 3066 est:
586 3010 787 3079 quibus
811 3009 858 3064 si
892 3009 1019 3079 quis
1047 3007 1118 3064 de
1163 3007 1350 3062 futura
1383 3020 1481 3076 spe
1509 3005 1679 3068 dicat,
1721 3004 1883 3073 plane
1924 3019 2030 3058 nu-

446 3108 601 3171 gator
633 3115 756 3155 esse
796 3099 1033 3162 videtur,
1083 3097 1404 3168 paradisum
1456 3102 1513 3151 et
1553 3109 1809 3166 regnum,
1836 3101 1889 3150 et
1912 3108 2028 3152 cm-

345 3246 349 3251 ,
446 3191 638 3245 lestem
691 3189 1107 3254 habitationem,
1165 3195 1219 3245 et
1270 3185 1544 3255 ejusmodi
1594 3200 1685 3242 res
1723 3200 2023 3258 exponens.

446 3281 715 3347 Quoniam
740 3281 905 3353 igitur
933 3280 1216 3352 proprium
1249 3286 1335 3334 est
1364 3277 1696 3348 eorum,qui
1732 3292 1885 3348 spem
1912 3291 2026 3332 non

364 3438 375 3443 _
451 3362 677 3435 habent,
726 3379 789 3426 ut
842 3371 1103 3442 praesenti
1140 3369 1267 3425 vita:
1313 3368 1691 3424 adhaerescant
1730 3374 1784 3423 et
1824 3366 2027 3423 addicti

455 3466 591 3529 sint,
618 3471 767 3520 recte
786 3476 1123 3533 supervacua
1145 3475 1210 3516 ac
1236 3475 1375 3515 vana
1395 3459 1689 3526 desideria,
1716 3473 1837 3530 qua!
1869 3459 2026 3515 volu-

445 3556 577 3627 ptati
644 3554 858 3611 addicti
905 3548 1004 3624 per
1058 3553 1366 3609 orationem
1415 3568 1475 3608 se
1526 3551 1881 3608 confecturos
1920 3550 2026 3607 sibi

443 3662 568 3703 esse
605 3654 819 3715 putant,
860 3646 1143 3716 gentilium
1174 3660 1316 3711 esse,
1372 3644 1657 3715 Scriptura
1696 3643 1854 3708 dicit,
1880 3642 2023 3722 "exi-

445 3740 782 3795 stimantium
825 3753 885 3794 se
917 3737 985 3794 de
1020 3738 1186 3795 rebus
1249 3737 1506 3793 absurdis
1547 3738 1771 3794 assidue
1823 3752 1888 3792 ac
1939 3751 2025 3793 se-

443 3832 573 3887 dulo
605 3831 849 3902 rogando
868 3838 1263 3886 consecuturos
1290 3845 1433 3894 esse,
1460 3836 1521 3885 ut
1550 3845 1754 3885 numen
1776 3829 2021 3884 divinum

405 3966 410 3971 .
443 3924 524 3980 eis
552 3924 621 3978 ad
652 3939 739 3979 res
763 3937 871 3977 non
900 3929 1082 3978 rectas
1107 3936 1285 3992 neque
1305 3921 1650 3977 necessarias
1691 3920 1892 3975 auxilio
1927 3920 2018 3975 sit.

444 4015 774 4070 Existimant
811 4013 990 4077 enim,
1034 4012 1245 4083 inquit,
1277 4027 1337 4068 se
1367 4019 1587 4084 propter
1614 4011 2021 4081 multiloquium

447 4120 607 4160 suum
642 4104 957 4159 exauditum
990 4104 1079 4158 iri.
1114 4101 1308 4158 Verum
1347 4103 1463 4158 haec
1495 4102 1739 4173 quidem,
1767 4116 1888 4171 quae
1927 4116 2023 4158 co-

2135 1650 2364 1722 λοτρίων
2414 1651 2630 1722 χρῆσιν,
2691 1641 2766 1702 ὧν
2833 1647 3102 1717 ἀναγκαία
3158 1649 3260 1719 μὲν
3320 1651 3355 1720 ἡ
3418 1650 3691 1722 ἀφαίρεσις,

2134 1740 2469 1812 πρόσκαιρος
2515 1739 2572 1792 δὲ
2610 1739 2644 1809 ὴ
2677 1737 2997 1801 ἀπόλαυσις,
3050 1738 3395 1802 ἐπικίνδυνος
3422 1738 3481 1792 δὲ
3511 1742 3544 1811 ἡ
3578 1741 3689 1793 obto-

2133 1830 2295 1903 νομία
2318 1848 2332 1863 ο
2355 1829 2535 1894 καλῶς
2569 1830 2626 1883 δὲ
2658 1828 2957 1900 παρίστησι
2995 1831 3061 1900 τῇ
3088 1827 3381 1901 προσθήκῃ
3412 1830 3476 1883 τὸ
3508 1830 3690 1893 ἄτοπον,

2133 1921 2323 1988 εἰπὼν,
2367 1922 2596 1990 Ὥσπερ
2644 1922 2699 1975 οἱ
2731 1920 2973 1975 ἐθνικοί.
3023 1920 3096 1972 Τὸ
3127 1919 3233 1993 γὰρ
3265 1921 3400 1990 περὶ
3429 1921 3501 1974 τὰ
3542 1920 3690 1990 φαινί-

2135 2029 2272 2083 μενα
2299 2012 2398 2084 τὴν
2430 2011 2666 2082 σπουδὴν
2690 2010 2835 2082 ἔχειν
2865 2010 2996 2065 ἴδιόν
3024 2011 3141 2064 ἐστι
3172 2010 3278 2064 τῶν
3320 2013 3596 2083 μηδεμίαν
3622 2012 3688 2065 τοῦ

2135 2099 2420 2170 μέλλοντος
2461 2099 2656 2162 αἰῶνος
2704 2101 2913 2163 ἑαυτοῖς
2944 2099 3348 2170 ὑποτιθεμένων
3404 2100 3606 2166 ἐλπίδα,
3635 2100 3689 2171 μὴ

2131 2190 2365 2263 κρίσεως
2423 2190 2607 2261 φόϐον,
2666 2191 2740 2263 μὴ
2790 2191 3014 2263 γεέννης
3060 2191 3321 2263 ἀπειλὴν,
3373 2193 3454 2264 μὴ
3508 2193 3689 2261 ἀγαθῶν

2130 2279 2484 2353 προσδοκίαν,
2536 2279 2610 2352 μὴ
2644 2279 2770 2334 ἄλλο
2822 2297 2874 2333 τι
2927 2280 3037 2335 τῶν
3075 2281 3216 2336 κατά
3270 2280 3380 2354 τὴν
3433 2283 3689 2336 ἀνάστασιν

2128 2368 2529 2440 ἐλπιζομένων,
2581 2369 2631 2422 οἳ
2665 2368 3022 2441 βοσκημάτων
3066 2370 3224 2441 δίκην
3257 2371 3401 2443 πρὸς
3444 2373 3536 2426 τὸν
3582 2390 3689 2443 παρ-

2128 2459 2256 2513 όντα
2289 2460 2525 2531 ὁρῶντες
2568 2460 2684 2532 βίον
2704 2499 2719 2523 ,
2768 2462 2906 2534 ὅπερ
2938 2461 3005 2515 ἂν
3053 2462 3235 2533 λαιμῷ
3265 2465 3363 2517 καὶ
3415 2465 3591 2537 κοιλίᾳ
3620 2466 3687 2518 καὶ

2127 2554 2248 2616 ταῖς
2296 2552 2511 2617 λοιπαῖς
2547 2551 2640 2606 τοῦ
2677 2552 2923 2623 σώματος
2956 2553 3310 2625 ἡδυπαθείαις
3359 2557 3683 2628 χαρίζωνται,

2092 2684 2093 2687 η
2126 2642 2283 2697 τοῦτο
2312 2644 2368 2696 ἐν
2405 2642 2623 2713 ἀγαθῶν
2664 2643 2906 2714 κρίνουσι
2946 2645 3131 2717 μοίρᾳ,
3186 2646 3219 2718 ἢ
3281 2647 3339 2700 τὸ
3404 2646 3683 2720 πρωτεῦσαξ

2126 2750 2309 2800 τινων,
2340 2734 2528 2789 καὶτὸ
2568 2734 2708 2806 ὑπὲρ
2738 2736 2862 2799 τοὺς
2886 2735 3105 2800 λοιποὺς
3137 2739 3489 2809 νομισθῆναι,
3529 2741 3558 2811 ἤ
3588 2740 3684 2792 πολε

2127 2827 2240 2890 λοῖς
2267 2826 2693 2898 ἐπικαθευδῆσαι
2721 2826 3023 2891 ταλάντοις,
3055 2827 3088 2899 ἢ
3139 2829 3193 2882 εἴ
3225 2846 3277 2883 τι
3316 2828 3453 2885 ἄλλο
3482 2832 3577 2901 τῆς
3603 2832 3684 2900 βιο-
3722 2816 3723 2819 η

2129 2921 2288 2992 τικῆς
2319 2921 2534 2992 ἀπάτης
2579 2920 2759 2975 ἐστίν·
2787 2918 2870 2985 οἷς
2921 2923 2977 2975 εἴ
3021 2941 3107 2987 τις
3150 2925 3216 2979 ἂν
3256 2926 3399 3001 λέγῃ
3446 2931 3571 3000 περὶ
3607 2927 3682 2996 τῆς

2133 3009 2430 3082 μελλούσης
2462 3010 2695 3074 ἐλπίδος,
2721 3009 2885 3082 λῆρος
2922 3003 3182 3084 ἄντικρυς
3217 3009 3357 3068 εἶναι
3410 3016 3572 3081 δοκεῖ,
3604 3033 3683 3069 πα·

2132 3100 2377 3172 ράδεισον
2418 3100 2512 3154 καὶ
2545 3099 2839 3170 βασιλείαν,
2872 3100 2966 3155 καὶ
2997 3103 3241 3175 οὐρανῶν
3281 3104 3579 3180 διαγωγὴν,
3615 3106 3682 3159 καὶ

2128 3190 2197 3244 τὰ
2230 3191 2452 3245 τοιαῦτα
2495 3191 2921 3264 διεξερχόμενος.
2966 3193 3183 3267 Ἐπειδὴ
3218 3196 3398 3251 τοίνυν
3431 3199 3561 3254 ἴδιόν
3594 3200 3681 3251 ἐστι

2127 3280 2236 3334 τῶν
2281 3280 2355 3352 μὴ
2396 3281 2625 3352 ἐχόντων
2659 3281 2849 3335 ἐλπίδα
2888 3283 2949 3336 τὸ
2986 3287 3426 3357 προστετηκέναι
3468 3292 3533 3360 τῇ
3571 3304 3681 3360 παρ-

2127 3371 2263 3445 ούσῃ
2293 3370 2430 3444 ζωῇ,
2470 3372 2649 3437 καλῶς
2676 3372 2745 3426 τὰ
2773 3373 3003 3443 περιττά
3030 3377 3124 3428 καὶ
3152 3379 3355 3446 μάταια
3390 3380 3495 3451 τῆς
3520 3379 3679 3432 ἐπιθυ-

2132 3462 2277 3533 μίας,
2307 3463 2342 3517 ἀ
2374 3462 2442 3517 δι’
2469 3463 2636 3535 εὐχῆς
2667 3464 2867 3519 οἴονται
2914 3466 3212 3537 κατορθοῦν
3240 3469 3459 3536 ἑαυτοῖς
3500 3473 3549 3526 oi
3585 3470 3678 3540 φιλ·

2127 3554 2322 3626 ήδονοι,
2357 3555 2465 3609 τῶν
2495 3554 2722 3609 ἐθνικῶν
2753 3556 2782 3607 ὁ
2809 3555 2961 3625 λόγος
2991 3553 3130 3611 εἷναί
3160 3561 3442 3628 φησι,τῶν
3471 3562 3679 3633 νομιζόν-

2125 3662 2235 3699 των
2267 3646 2332 3700 ὲκ
2355 3645 2448 3699 τοῦ
2482 3648 2873 3718 προσλιπαρεῖν
2907 3648 3035 3721 περὶ
3063 3649 3173 3703 τῶν
3197 3652 3419 3706 ἀτόπων
3453 3651 3677 3724 συνεργὸν

2124 3737 2219 3790 ἐπὶ
2267 3736 2336 3791 τὰ
2390 3737 2465 3809 μὴ
2513 3739 2698 3794 δέοντα
2749 3740 2810 3794 τὸ
2868 3740 3022 3795 Θεῖον
3072 3741 3235 3806 ἕξειν.
3283 3744 3517 3798 Δοκοῦσι
3561 3744 3675 3814 γὰρ,

2126 3828 2325 3899 φησὶν,
2382 3830 2463 3883 ὅτι
2514 3833 2572 3885 ἐν
2631 3834 2698 3903 τῇ
2764 3833 3059 3905 πολυλογίᾳ
3111 3834 3292 3888 αὐτῶν
3352 3834 3677 3905 εἰσακουσθή-

2126 3935 2329 3975 σονται.
2383 3918 2541 3974 Ἀλλά
2589 3921 2762 3977 ταῦτα
2810 3923 2911 3994 μὲν
2954 3923 2992 3978 a
3039 3924 3121 3978 δεῖ
3159 3923 3473 3993 γινώσκειν,
3522 3926 3584 3980 δι’
3618 3919 3676 3977 ὦν

2124 4008 2487 4082 ἐξητάσαμεν,
2518 4012 2894 4086 ἐδιδάχθημεν.
2927 4014 3062 4069 Οἵαν
3092 4015 3148 4070 δὲ
3174 4020 3443 4090 προσήκει
3483 4017 3558 4090 τῷ
3582 4015 3675 4085 Θεῷ

2124 4102 2423 4174 προσάγειν
2468 4103 2566 4176 τὴν
2609 4104 2813 4178 δέησιν,
2855 4108 2913 4160 ἐν
2959 4110 3071 4173 τοῖς
3098 4108 3299 4181 ἐφεξῆς
3338 4109 3671 4181 ἀκουσόμεθα,

447 4195 621 4263 gitare
645 4202 805 4262 atque
837 4190 1172 4264 perpendere
1200 4198 1438 4260 oportet,
1467 4206 1567 4261 per
1593 4205 1680 4254 ea,
1703 4205 1826 4260 quze
1857 4204 2011 4246 scru-

2127 4195 2308 4267 χάριτι
2352 4195 2446 4248 τοῦ
2494 4196 2699 4268 Κυρίου
2735 4198 2892 4268 ἡμῶν
2926 4199 3100 4270 Ἰησοῦ
3131 4201 3390 4274 Χριστοῦ,
3426 4197 3473 4272 ᾧ
3502 4205 3533 4275 η
3572 4200 3671 4265 δόξα

448 4283 545 4336 tati
575 4297 766 4338 sumus
802 4290 857 4338 et
901 4279 1264 4345 ostendimus,
1310 4279 1487 4336 edocti
1535 4293 1726 4335 sumus
1757 4279 2014 4349 :qualcm

2122 4283 2218 4337 καὶ
2244 4284 2304 4338 τὸ
2333 4283 2553 4356 κράτος,
2591 4285 2670 4347 εἰς
2699 4286 2827 4350 τοὺς
2856 4287 3058 4352 αίῶνας
3085 4288 3193 4342 τῶν
3231 4290 3465 4347 αίὼνων.
3507 4292 3667 4361 Ἀμήν.

446 4381 627 4426 autem
677 4372 963 4429 conveniat
1032 4370 1231 4426 offerre
1278 4370 1388 4426 Deo
1430 4369 1820 4440 precationem,
1871 4369 1925 4424 in
1996 4375 2355 4443 sequentibus
2418 4375 2727 4443 audiamus,
2780 4382 2955 4449 gratia
3042 4378 3257 4434 Domini
3348 4382 3519 4437 nostri
3563 4379 3668 4434 Iesu

436 4464 664 4528 ilbi-isti,
697 4463 785 4518 cui
824 4462 993 4532 gloria
1025 4471 1078 4517 et
1109 4462 1396 4532 imperium
1437 4464 1492 4516 in
1537 4458 1735 4516 saecula
1774 4460 2121 4518 saeculorum.
2165 4466 2360 4524 Amen.

1042 4582 1298 4640 ORATIO
1350 4585 1409 4639 ll.

794 4697 959 4753 Pater
986 4708 1180 4761 noster,
1204 4699 1296 4767 qui
1322 4714 1375 4752 es
1404 4698 1459 4750 in
1489 4697 1653 4752 uelis.

505 4819 645 4878 Cum
669 4835 901 4893 magnus
929 4820 1019 4875 ille
1047 4818 1261 4891 Moyses
1288 4818 1353 4873 ad
1384 4833 1504 4874 eam
1535 4835 1817 4878 sacrorum
1843 4822 2011 4881 disci-

444 4914 668 4986 plinam,
726 4929 849 4984 quae
910 4912 965 4967 in
1022 4920 1208 4967 monte
1267 4912 1678 4982 instituebatur,
1748 4919 2011 4989 populum

438 5006 793 5063 lsraeliticum
823 5004 1138 5066 adduceret,
1189 5017 1298 5058 non
1347 5004 1500 5075 prius
1533 5022 1628 5063 eos
1663 5010 2010 5080 apparitione

435 5096 531 5152 Dei
563 5096 758 5168 dignos
805 5093 1093 5167 judicavit,
1145 5109 1335 5165 quam,
1372 5095 1578 5152 indicta
1628 5097 2011 5157 observatione

435 5189 728 5252 castitatis,
758 5194 815 5244 et
848 5188 1167 5258 aspersione
1189 5201 1364 5258 aquas,
1410 5190 1616 5259 populo
1666 5191 2007 5262 purificatio-

435 5294 559 5335 nem
602 5280 719 5352 lege
744 5278 1020 5334 sanxisset
1049 5296 1063 5332 :
1100 5292 1164 5333 ac
1195 5292 1264 5332 ne
1315 5278 1398 5334 sic
1425 5280 1646 5350 quidem
1682 5281 1877 5337 divinae
1903 5297 2000 5352 po-

436 5370 617 5425 tentiae
677 5369 1071 5441 apparitionem
1099 5369 1501 5437 sustinuerunt,
1540 5371 1636 5427 sed
1676 5372 1743 5427 ad
1787 5387 2004 5428 omnem

437 5457 626 5513 faciem
659 5467 714 5515 et
764 5467 1046 5529 aspectum
1095 5474 1308 5525 eorum,
1365 5476 1488 5532 quae
1534 5462 1889 5532 apparebant,
1939 5461 2005 5517 ad

432 5545 636 5617 ignem.
667 5547 735 5602 ad
765 5548 1070 5619 caliginem,
1102 5550 1171 5605 ad
1199 5550 1429 5620 fumum,
1475 5551 1542 5605 ad
1572 5551 1753 5618 tubas,
1784 5551 2001 5607 attoniti

2739 4597 2957 4651 ΛΟΓΟΣ
2993 4596 3069 4654 B’.

2386 4707 2577 4777 Πάτερ
2610 4707 2780 4777 ἡμῶν
2808 4712 2841 4763 ό
2876 4710 2946 4763 ἐν
2972 4711 3097 4778 τοῖς
3128 4715 3427 4783 οὐρανοῖς.
3482 4679 3493 4689 ⁸

2193 4830 2322 4885 Ὅτε
2357 4832 2634 4904 προσῆγεν
2657 4834 2687 4886 ὁ
2716 4834 2892 4905 μέγας
2919 4835 3162 4907 Μωῦσῆς
3198 4841 3265 4911 τῇ
3299 4843 3442 4895 κατά
3480 4839 3537 4895 τὺ
3563 4839 3663 4909 ὅρος

2122 4923 2484 4994 μυσταγωγία
2511 4925 2600 4978 τὸν
2646 4925 2982 4998 Ἰσραηλίτην
3016 4925 3164 4992 λαὸν,
3206 4932 3270 4985 οὐ
3311 4932 3565 5005 πρότερον
3585 4929 3663 4983 αὖα

2115 5012 2242 5075 τοὺς
2285 5013 2387 5083 τῆς
2433 5012 2750 5082 θεοφανείας
2790 5013 3040 5085 ἠξίωσεν,
3092 5017 3222 5087 πρὶν
3259 5019 3452 5093 ἁγνείᾳ
3497 5037 3552 5075 τε
3590 5015 3662 5071 καὶ

2117 5104 2562 5176 περιρῤαντισμῷ
2606 5105 2962 5178 νομοθετῆσαι
2996 5105 3076 5180 τῷ
3107 5108 3221 5181 λαῷ
3259 5111 3322 5165 τὸ
3365 5113 3657 5186 καθάρσιον·

2114 5193 2208 5247 καὶ
2239 5194 2360 5250 οὐδὲ
2388 5194 2560 5260 οὕτως
2589 5194 2898 5267 ἐθάρσησαν
2942 5197 3045 5269 τῆς
3087 5198 3238 5266 θείας
3284 5201 3558 5275 δυνάμεως
3581 5197 3660 5270 ’τὴν

2112 5283 2434 5353 ἐμφάνειαν,
2464 5284 2602 5339 ἀλλά
2633 5284 2770 5354 πρὸς
2801 5287 2910 5339 πᾶν
2944 5287 3370 5361 κατεπλάγησαν
3410 5291 3469 5345 τὸ
3498 5284 3658 5361 φαινό-

2115 5391 2293 5444 μενον,
2323 5375 2383 5429 τὸ
2413 5375 2543 5446 πῦρ,
2575 5375 2666 5429 τὸν
2697 5375 2914 5446 γνόφον,
2942 5378 3034 5432 τὸν
3072 5379 3300 5447 καπνὸν,
3336 5382 3436 5446 τάς
3466 5380 3656 5443 σάλπιγ-

2111 5483 2212 5535 γας
2233 5483 2246 5497 ·
2281 5465 2374 5520 καὶ
2395 5466 2531 5538 πρὸς
2546 5465 2765 5533 τούτους
2795 5467 2957 5522 πάλιν
2985 5469 3380 5543 ἀποστραφεὶς,
3396 5472 3565 5544 ἠξίουν
3584 5468 3655 5524 ὡν

2111 5556 2407 5629 νομοθέτην
2437 5557 2617 5623 αὐτοῖς
2651 5559 2877 5632 μεσίτην
2905 5561 3153 5632 γενέσθαι
3195 5562 3288 5617 τοῦ
3320 5563 3462 5620 θείου
3488 5559 3651 5637 βουλή·
