3756 5988
54 255 196 324 “31

988 274 1076 329 DE
1115 271 1462 329 ΟΒᾹΤΙΟΝΕ
1502 273 1850 334 DOMINICA.
1891 308 1960 320 -
1996 277 2352 351 ORATIOJI'.

3165 275 3299 332 “38

56 395 246 448 ματος,
278 379 364 445 ὡς
401 382 501 454 οὑχ
545 385 730 457 ἱκανῆς
784 387 946 460 οὑσης
995 390 1093 459 τῆς
1140 391 1421 462 δυνάμεως
1462 393 1640 446 αὑτῶν

1795 409 1903 466 que
1933 397 2167 466 perculsi
2196 404 2325 452 sunt
2354 415 2368 450 :
2403 403 2457 450 et
2497 395 2561 448 ad
2595 409 2715 449 sese
2747 410 2940 450 rursus
2971 396 3195 458 reversi,
3225 395 3298 449 lc‘

54 471 427 539 προσεγγίσαι
453 474 532 544 τῷ
562 475 701 545 Θεῷ,
733 476 825 528 καὶ
849 477 997 531 θείαν
1026 479 1325 548 ἐμφάνειαν
1360 480 1632 547 δέξασθαι.

65 563 120 613 Ὀ
142 561 200 614 δὲ
231 562 510 637 ἡμέτερος
547 565 860 638 νομοθέτης,
896 568 988 621 καὶ
1016 569 1216 639 Κύριος
1241 569 1399 640 ἡμῶν
1436 570 1638 640 Ἰησοῦς

55 652 311 723 Χριστὸς,
374 655 670 726 προσάγειν
705 659 854 727 ἡμᾶς
905 661 969 730 τῇ
1023 660 1142 732 θεία
1181 662 1359 732 χάριτι
1408 662 1634 734 μέλλων,

55 743 171 813 οὐχὶ
205 745 433 798 Σίναιον
462 748 593 817 ἡμῖν
623 747 747 819 ὅρος
777 749 854 819 τῷ
883 750 1023 821 λόγῳ
1051 753 1435 822 παραδείκνυσι
1457 755 1638 826 γνόφῳ

57 834 500 907 κεκαλυμμένον,
532 838 624 891 καὶ
656 839 789 910 πυρὶ
823 841 1233 910 καπνιξόμενον,
1262 845 1382 898 οὐδὲ
1411 846 1638 914 σαλπίγ-

58 940 163 990 γων
207 925 430 994 φωνὰς,
465 929 673 1000 ἄσημόν
718 947 770 983 τι
798 932 892 984 καὶ
930 937 1366 1006 καταπληκτικὸν
1394 937 1638 1008 ἀπηχού-

59 1029 173 1076 σας,
200 1015 334 1069 οὐδὲ
377 1017 695 1088 τριημέροις
736 1020 998 1088 ἁγνείαις,
1034 1024 1128 1077 καὶ
1157 1023 1307 1078 ὑδατι
1355 1025 1522 1096 ῥύπον
1547 1028 1640 1081 ὲκ-

57 1104 318 1159 πλύνοντι
367 1106 468 1178 τὴν
515 1107 694 1180 ψυχὴν
748 1111 1079 1183 ἐκκαθάρας,
1135 1115 1256 1168 οὑδὲ
1309 1118 1488 1170 πᾶσαν
1539 1119 1639 1191 τὴν

55 1195 366 1266 ἐκκλησίαν
397 1198 456 1252 ὲν
482 1201 546 1270 τῇ
597 1200 844 1272 ὑπωρείᾳ
877 1204 1208 1272 καταλιπὼν,
1243 1207 1323 1260 ἑνὶ
1359 1208 1504 1279 μόνῳ
1540 1209 1638 1279 τὴν

54 1281 238 1335 ἄνοδον
292 1284 395 1338 ἐπὶ
440 1285 536 1358 τὴν
580 1289 823 1359 κορυφὴν
856 1290 950 1344 τοῦ
984 1292 1143 1363 ὄρους
1191 1293 1493 1366 χαρίζεται,
1540 1297 1635 1370 τὴν

56 1373 492 1446 κεκαλυμμένην
536 1376 616 1448 τῷ
658 1380 841 1452 γνόφῳ
871 1381 948 1452 τῷ
984 1388 1080 1455 τὴν
1118 1384 1278 1452 δόξαν
1307 1385 1441 1439 Θεοῦ
1484 1405 1638 1457 περι-

55 1462 361 1531 κρύπτοντι
383 1481 398 1497 ο
433 1465 568 1520 ἀλλὰ
609 1467 823 1540 πρῶτον
873 1472 972 1541 μὲν
1008 1474 1126 1527 ἀντὶ
1158 1474 1251 1527 τοῦ
1293 1475 1449 1548 ὅρους
1477 1479 1637 1532 αὑτὸν

53 1553 246 1621 ἀνάγει
274 1553 374 1607 τὸν
401 1555 645 1628 οὐρανὸν,
677 1559 836 1630 βατὸν
863 1565 975 1626 τοῖς
1012 1563 1316 1634 ἀνθρώποις
1341 1566 1504 1621 αὑτὸν
1548 1567 1638 1621 διά

55 1643 152 1742 τῆς
425 1651 800 1742 καταστήσας·
831 1653 1014 1708 ἔπειτα
1056 1655 1112 1709 δὲ
1143 1657 1203 1708 οὐ
1239 1657 1437 1722 θεατὰς
1478 1659 1635 1729 μόνον

59 1838 166 1889 ται,
202 1825 306 1877 καὶ⁵
352 1827 433 1891 είς
463 1831 776 1898 συγγένειαν
797 1833 997 1904 τρόπον
1023 1836 1143 1890 τινὰ
1181 1837 1280 1908 τῆς
1313 1838 1640 1912 ὑπερκειμέ-

57 1930 155 1984 νης
183 1915 408 1982 φύσεως
434 1919 559 1984 τοὺς
581 1924 899 1992 προσιόντας
926 1925 1048 1995 ἄγει
1069 1943 1083 1958 ·
1115 1927 1235 1982 οὑδὲ
1266 1930 1447 2001 γνόφῳ
1473 1949 1641 1986 κατα-

57 2005 298 2076 κρύπτει
356 2008 454 2080 τὴν
504 2011 873 2083 ὑπερέχουσαν
921 2017 1100 2084 δόξαν,
1147 2018 1224 2083 ὡς
1267 2020 1641 2093 δυσθεώρητον

55 2098 167 2159 τοῖς
190 2096 560 2170 άναζητοῠσιν
605 2098 764 2172 εἶναι,
800 2106 935 2161 ἀλλὰ
966 2107 1044 2179 τῷ
1084 2109 1344 2185 τηλαυγεῖ
1372 2115 1508 2182 φωτὶ
1539 2115 1641 2185 τῆς

53 2185 417 2253 διδασκαλίας
444 2189 534 2244 τὸν
578 2193 772 2263 γνόφον
818 2199 1221 2268 καταφωτίσας,
1255 2182 1348 2256 ὲπὶ
1379 2182 1638 2275 λαμπράς

55 2277 282 2349 αἰθρίας
337 2281 448 2344 τοῖς
501 2282 760 2356 καθαροῖς
805 2287 902 2358 τὴν
940 2290 1186 2361 καρδίαν,
1222 2291 1322 2362 τὴν
1365 2292 1639 2365 ἄφραστον

56 2368 217 2432 δόξαν
247 2369 591 2440 καθορᾶσθαι
635 2375 918 2447 ἐποίησεν·
971 2379 1115 2450 ὕδωρ
1153 2381 1209 2435 δὲ
1245 2384 1636 2454 περιρῤαίνειν,

56 2459 160 2509 οὐκ
199 2459 265 2522 ἐξ
300 2459 596 2531 ἀλλοτρίων
633 2466 920 2535 ναμάτων,
958 2469 1094 2522 ἀλλὰ
1129 2470 1190 2524 τὸ
1213 2471 1271 2524 ὲν
1302 2473 1434 2542 ἡμῖν
1459 2475 1639 2538 αὐτοῖς

55 2549 342 2620 άναϐρύον
404 2552 716 2622 χαρίζεται,
770 2555 879 2609 εἴτε
929 2557 1026 2622 τὰς
1071 2559 1179 2614 τῶν
1226 2561 1516 2634 ὀφθαλμῶν
1557 2583 1640 2630 τις

54 2640 205 2708 λέγει
243 2642 452 2711 πηγάς,
485 2645 593 2697 εἴτε
639 2645 737 2717 τὴν
783 2648 1029 2719 καθαρὰν
1055 2651 1154 2720 τῆς
1193 2655 1420 2724 καρδίας
1464 2658 1642 2710 συνεί-

56 2727 238 2797 δησιν,
277 2729 547 2800 μηδεμίαν
579 2732 692 2787 ίλὺν
719 2735 827 2788 ἀπὸ
851 2737 948 2807 τῆς
985 2739 1208 2809 ἐννόμου
1251 2742 1359 2796 τῶν
1386 2745 1640 2815 γαμετῶν

55 2819 307 2888 ὁμιλίας,
359 2821 471 2874 ἀλλ’
503 2823 610 2875 ἀπὸ
662 2825 842 2897 πάσης
879 2829 1069 2900 ὑλικῆς
1115 2848 1175 2884 τε
1224 2833 1319 2886 καὶ
1364 2837 1641 2906 ὲμπαθοῦς

53 2909 361 2975 διαθέσεως
409 2913 803 2986 νομοθετήσας,
867 2917 1010 2972 οὕτω
1077 2923 1341 2992 προσάγει
1400 2925 1487 2979 διὰ
1541 2928 1640 2998 τῆς

54 3000 381 3086 προσευχῆς
404 3003 482 3073 τῷ
511 3003 648 3074 Θεῷ.
682 3006 828 3078 Αὕτη
858 3009 963 3081 γὰρ
996 3009 1102 3064 τῶν
1132 3014 1394 3083 ῥημάτων
1422 3019 1454 3086 ἡ
1484 3017 1642 3072 δύνα-

57 3109 173 3160 μις,
203 3091 275 3143 δι’
308 3084 384 3144 ὧν
405 3094 524 3163 οὐχὶ
559 3097 742 3164 φωνάς
763 3115 914 3160 τινας
945 3101 1003 3153 ὲν
1050 3102 1338 3169 συλλαϐαῖς
1367 3084 1638 3176 ὲκφωνου-

57 3179 240 3248 μένας
275 3179 614 3251 μανθάνομεν
656 3182 743 3234 διὰ
767 3183 858 3236 τοῦ
893 3183 1074 3253 λόγου,
1109 3187 1224 3240 ἀλλ’
1259 3191 1499 3245 ἐπίνοιαν
1543 3197 1642 3266 τῆς

58 3271 203 3372 προς
238 3271 335 3372 τον
367 3271 496 3372 6.563)
525 3273 841 3339 ἀναϐάσεως
871 3276 938 3330 δι’
964 3276 1172 3349 ὑψηλῆς
1214 3281 1487 3346 πολιτείας
1511 3302 1641 3339 κατ-

55 3362 428 3434 ωρθωμένηηῖ

1740 484 2051 554 gislatorem
2093 485 2374 556 rogabam,
2405 495 2464 539 ut
2496 485 2543 539 is
2572 484 2837 539 mediator
2868 483 3005 552 ipsis
3047 491 3101 536 et
3131 483 3300 536 inter—

1739 577 1964 632 nuntius
1992 577 2187 631 divina:
2222 576 2514 632 voluntatis
2541 575 2852 639 exsisteret,
2879 573 3035 643 quasi
3059 575 3298 642 ipsorum

1742 663 1883 719 vires
1917 665 1982 717 ad
2013 663 2557 733 appropinquandum
2601 662 2731 729 Deo,
2758 661 3106 730 divinamque
3139 675 3302 729 appa-

1739 755 1991 809 ritionem
2029 755 2425 824 excipiendam,
2460 754 2592 809 satis
2629 754 2837 808 idoneae
2867 751 3304 819 suﬁicientesque

1739 860 1849 900 non
1875 846 2142 900 essent“.
2169 846 2238 899 At
2270 854 2456 900 noster
2488 846 2786 916 legislator,
2819 844 3085 898 Dominus
3115 852 3303 896 noster

1738 933 1898 990 Jesus
1934 934 2210 998 Christus,
2247 935 2314 989 ad
2349 934 2585 988 divinam
2634 934 2861 1004 gratiam
2906 949 3007 988 nos
3037 932 3304 986 adductu-

1740 1042 1856 1088 rus,
1885 1042 1991 1080 non
2017 1035 2257 1080 montem
2290 1025 2439 1080 Sinai
2478 1025 2636 1080 nobis
2677 1026 2906 1095 caligine
2929 1024 3223 1079 obductum
3248 1030 3304 1078 et

1741 1118 1865 1188 igne
1891 1117 2242 1186 fumigantem
2293 1116 2540 1170 oratione
2571 1123 2967 1185 praemonstrat,
3014 1129 3188 1183 neque
3219 1122 3304 1166 tu-

1740 1209 1931 1264 barum
1965 1223 2127 1264 voces
2163 1209 2456 1263 obscurum
2494 1209 2753 1278 quiddam
2799 1217 2961 1277 atque
3009 1207 3302 1261 terriﬁcum

1740 1308 2080 1361 resonantes,
2131 1315 2306 1369 neque
2349 1299 2514 1354 tridui
2562 1299 2838 1362 castitate,
2863 1306 2916 1352 et
2949 1311 3090 1366 aqua
3115 1296 3307 1351 sordes

1739 1394 1954 1449 eluente
1979 1393 2212 1446 animam
2243 1399 2527 1462 expurgat,
2560 1405 2735 1460 neque
2769 1389 2914 1443 omni
2946 1388 3209 1442 concione
3235 1385 3304 1439 ad

1738 1483 1948 1538 radices
1981 1482 2182 1537 montis
2211 1483 2419 1547 relicta,
2449 1482 2543 1535 uni
2581 1480 2686 1536 soli
2714 1478 2781 1533 ad
2809 1493 3072 1532 cacumen
3101 1477 3302 1531 montis

1737 1574 1967 1644 caligine
2005 1573 2228 1644 gloriam
2263 1571 2354 1626 Dei
2400 1579 2614 1642 tegente
2657 1568 3074 1634 circumfusum,
3115 1581 3304 1622 ascen-

1738 1679 1858 1720 sum
1911 1663 2160 1734 largitur,
2212 1662 2305 1718 sed
2337 1663 2572 1732 primum
2623 1661 2842 1731 quidem
2889 1675 2987 1728 pro
3020 1668 3203 1712 monte
3234 1657 3301 1710 ad

60 1733 152 1802 τῆς
182 1733 349 1826 θείας
375 1736 673 1808 δυνάμεως,
711 1741 848 1796 ἀλλὰ
897 1744 989 1797 καὶ
1019 1747 1305 1810 κοινωνοὺς
1333 1747 1636 1819 ἀπεργάζε-

1795 1771 1917 1811 sum
1947 1733 2170 1822 coelum,
2231 1754 2374 1824 quod
2412 1769 2507 1824 per
2534 1753 2799 1807 virtutem
2825 1750 3072 1820 pervium
3128 1748 3307 1801 homi-

1738 1844 1900 1900 nibus
1927 1843 2122 1908 eﬁ'ecit,
2151 1843 2428 1909 subducit;
2447 1839 2642 1895 deinde
2657 1854 2788 1894 vero
2819 1854 2928 1893 non
2973 1844 3308 1906 spectatores

1740 1935 1916 1989 solum
1949 1935 2144 1988 divinae
2172 1934 2443 2003 potentiae,
2470 1931 2824 1987 verumetiam
2855 1928 3036 1984 socios
3085 1934 3139 1982 ct
3183 1941 3308 1996 par-

1739 2025 1932 2096 ticipes
1980 2024 2128 2088 facit,
2167 2033 2220 2079 et
2254 2024 2317 2078 ad
2361 2023 2743 2088 cognationem
2777 2017 3178 2089 quodammodo
3213 2032 3308 2072 su-

1739 2131 1922 2187 perna:
1966 2122 2173 2168 natura:
2227 2112 2550 2168 accedentes
2605 2110 2757 2164 ducit
2801 2127 2815 2163 :
2854 2121 3032 2176 neque
3068 2105 3307 2175 caligine

1739 2207 2137 2278 praecellentem
2189 2204 2416 2275 gloriam
2469 2201 2778 2265 abscondit,
2831 2208 2892 2254 ut
2932 2199 3303 2268 contemplatu

1739 2299 1973 2354 ditlicilis
2007 2296 2410 2367 requirentibus
2439 2294 2509 2349 sit
2541 2312 2553 2347 :
2587 2292 2680 2347 sed
2707 2292 2857 2346 claro
2880 2290 3086 2344 lumine
3113 2289 3310 2344 doctri-

1739 2406 1823 2444 nae
1856 2389 2086 2460 caligine
2123 2382 2394 2449 discussa,
2435 2386 2487 2439 in
2524 2384 2705 2438 lucida
2745 2397 2808 2436 ac
2839 2379 3126 2451 splendida
3157 2393 3307 2434 sere-

1742 2481 1908 2534 nitate
1952 2494 2088 2549 puro
2121 2478 2287 2532 corde
2321 2476 2564 2545 praeditis
2600 2470 3026 2529 inenarrabilem
3077 2470 3306 2540 gloriam

1740 2568 2182 2640 conspiciendam
2247 2567 2477 2637 praebet;
2527 2579 2724 2634 aquam
2768 2570 2949 2615 autem
3004 2560 3070 2613 ad
3118 2573 3307 2628 asper-

1740 2659 1999 2732 gendum,
2052 2673 2162 2713 non
2211 2671 2276 2711 ex
2330 2654 2524 2710 alienis
2562 2655 2715 2719 rivis,
2768 2651 2862 2707 sed
2900 2652 2954 2704 in
2981 2649 3139 2704 nobis
3175 2647 3310 2717 ipsis

1741 2750 2127 2806 scaturientem
2156 2747 2406 2817 largitur,
2469 2746 2583 2800 sive
2631 2743 2914 2798 oculorum
2961 2740 3086 2811 quis
3133 2738 3310 2792 fontes

1740 2840 1906 2901 dicat,
1967 2839 2085 2894 sive
2115 2852 2306 2908 puram
2367 2834 2550 2890 cordis
2602 2831 2996 2888 conscientiam
3039 2830 3246 2885 nullum
3279 2844 3309 2882 a

1741 2929 2035 2984 vitiositate
2083 2938 2245 2997 atque
2285 2925 2491 2978 malitia
2537 2924 2724 2977 limum
2773 2920 3120 2976 invehentem
3160 2932 3308 2972 :non

1743 3022 1917 3076 solum
1954 3027 2134 3074 autem
2165 3032 2194 3071 a
2225 3016 2374 3070 licita
2401 3030 2634 3070 uxorum
2661 3011 3084 3073 consuetudine,
3107 3008 3202 3066 sed
3243 3009 3313 3062 ab

1746 3109 1893 3163 omni
1931 3106 2194 3161 materiali
2234 3105 2438 3174 pariter
2469 3118 2533 3156 ac
2573 3101 2769 3156 vitiosa
2820 3097 3106 3153 affectione
3156 3097 3307 3151 insti-

1746 3206 1858 3252 tuta
1882 3197 2138 3268 puritate,
2170 3197 2245 3251 ita
2285 3210 2380 3266 per
2411 3195 2714 3249 orationem
2747 3190 2998 3247 homines
3040 3187 3108 3242 ad
3141 3186 3311 3242 Deum

1747 3289 1983 3343 adducit.
2015 3287 2142 3342 Haec
2174 3295 2256 3343 est
2294 3287 2440 3341 enim
2475 3285 2764 3340 verborum
2808 3283 2913 3347 vis,
2962 3281 3162 3352 quibus
3193 3294 3314 3359 non

1744 3394 1906 3433 voces
1929 3378 2216 3447 quasdam,
2268 3392 2391 3446 quae
2444 3390 2539 3445 per
2597 3375 2834 3444 syllabas
2873 3373 3314 3441 pronuntientur,

58 3468 160 3522 per
209 3468 518 3509 sermonem
557 3456 845 3525 discimus,
915 3457 1012 3513 sed
1040 3459 1306 3515 rationem
1331 3463 1656 3522 ascendendi
1684 3469 1752 3524 ad
1809 3469 1997 3534 Deum,
2054 3484 2150 3539 per
2190 3468 2422 3523 sublime
2490 3466 2800 3520 institutum
2844 3464 2971 3516 vita:
3009 3460 3313 3516 confectam

56 3551 115 3600 et
147 3544 484 3614 expeditam.

138 3635 365 3700 Ἔξεστι
409 3637 466 3690 δὲ
511 3637 580 3689 δι’
608 3638 787 3692 αὐτῶν
829 3639 936 3693 τῶν
973 3641 1072 3712 τῆς
1121 3643 1430 3714 προσευχῆς
1470 3643 1644 3712 λόγων

58 3731 168 3800 τὴν
200 3728 354 3780 θείαν
384 3730 764 3798 μυσταγωγίαν
792 3733 1140 3804 κατανοῆσαι.
1179 3735 1355 3789 Ὅταν
1394 3737 1647 3804 προσεύ-

60 3823 286 3890 χησθε,
308 3819 490 3889 φησίψ
515 3822 617 3874 οὐκ
643 3817 816 3886 εἶπεν,
844 3823 1011 3876 Ὅταν
1029 3823 1284 3896 εὑχησθε,
1311 3827 1448 3891 ἀλλ’,
1472 3829 1648 3881 Ὅταν

57 3909 515 3978 προσεύχησθε
545 3908 620 3972 ὡς
647 3909 738 3962 τοῦ
770 3910 910 3964 κατὰ
951 3912 1051 3982 τὴν
1089 3911 1252 3982 εὐχὴν
1280 3912 1378 3983 ἤδη
1414 3930 1649 3983 προκατ-

57 3998 379 4070 ορθωθῆναι
431 4002 816 4070 προσήκοντος,
877 4001 1006 4071 πρὶν
1066 4001 1154 4055 διὰ
1199 4003 1302 4073 τῆς
1345 4004 1649 4074 προσευχῆς

57 4090 142 4161 τῷ
174 4088 301 4159 Θεῷ
329 4089 704 4159 προσεγγίσαι.
742 4091 839 4154 Τίς
883 4091 939 4145 δὲ
987 4090 1094 4144 τῶν
1126 4091 1405 4163 ὀνομάτων
1446 4093 1648 4148 τούτων

61 4180 214 4234 κατὰ
250 4179 316 4232 τὸ
344 4180 734 4250 σημαινόμενόν
772 4183 888 4234 ἐστι
927 4180 1190 4254 διαφορά;
1219 4185 1340 4237 Ὅτι
1367 4184 1500 4255 εὐχὴ
1547 4185 1648 4255 μέν

60 4275 220 4326 ἐστιν
250 4271 554 4339 ἐπαγγελία
585 4271 730 4334 τινὸς
765 4271 872 4325 τῶν
902 4273 1021 4326 κατ’
1049 4272 1376 4345 εὑσέϐειῘανι
1397 4276 1649 4346 άφιερου-

1821 3645 1971 3701 Licet
2003 3653 2182 3700 autem
2209 3658 2305 3714 per
2341 3643 2458 3712 ipsa
2506 3641 2670 3696 verba
2697 3642 2962 3698 orationis
2983 3656 3316 3714 cognoscere

1751 3737 1990 3791 divinam
2013 3750 2294 3791 sacrorum
2329 3734 2676 3803 disciplinam
2699 3743 2862 3806 atque
2894 3735 3314 3791 institutionem.

1753 3827 1883 3884 Cum
1907 3826 2284 3897 oratis,inquit
2304 3826 2370 3891 “,
2399 3841 2510 3881 non
2535 3825 2689 3891 dixit,
2705 3827 2834 3880 ὅταν
2857 3825 3110 3898 εὑχησθε,
3135 3829 3188 3882 id
3210 3837 3316 3892 est,

1755 3934 1878 3973 cum
1913 3926 2037 3974 vota
2070 3917 2269 3984 facitis,
2291 3918 2408 3986 sed,
2431 3920 2561 3975 ὅταν
2576 3918 2971 3992 προσεύχησθε,
3001 3921 3055 3974 id
3079 3929 3163 3976 est
3193 3937 3315 3974 cum

1754 4010 1955 4072 oratis;
1990 4009 2150 4077 quasi
2176 4008 2252 4071 id,
2277 4009 2422 4079 quod
2463 4008 2528 4063 ad
2551 4017 2737 4064 votum
2785 4011 3038 4080 pertinet,
3078 4009 3317 4065 oﬂicium

1750 4099 1862 4169 jam
1917 4105 2043 4153 ante
2103 4097 2400 4170 prazstitum
2459 4114 2582 4155 esse
2635 4099 2946 4164 conveniat,
2998 4101 3318 4169 priusquam

1754 4204 1850 4260 per
1877 4188 2177 4244 orationem
2216 4189 2363 4245 Deus
2394 4189 2640 4245 adeatur.
2696 4189 2802 4245 Sed
2837 4204 3086 4261 quaenam
3121 4191 3318 4244 horum

1755 4283 2056 4344 nominum,
2090 4280 2232 4350 quod
2283 4281 2348 4335 ad
2398 4279 2852 4350 signiﬁcationem
2903 4281 3120 4344 attinet,
3171 4279 3318 4334 diﬁc-

64 4363 274 4435 μένωνο
309 4363 583 4433 προσευχὴ
603 4363 658 4416 δὲ
688 4362 903 4434 αἴτησις
921 4362 1160 4431 ἀγαθῶν,
1197 4364 1334 4434 μετὰ
1369 4365 1645 4436 ἱκετηρίας

1795 4369 1962 4423 :ntia?
1992 4369 2148 4440 εὐχή,
2185 4368 2237 4422 id
2271 4375 2376 4430 est,
2433 4377 2617 4423 votum
2669 4367 2888 4437 quidem
2918 4367 3211 4437 promissio
3238 4376 3322 4422 est

62 4453 464 4526 προσαγομένη
491 4455 628 4525 Θεῷ.
673 4456 825 4508 Ἐπεὶ
852 4450 944 4509 οὖν
976 4457 1286 4527 παρρησίας
1315 4457 1445 4527 ἡμῖν
1466 4457 1646 4528 χρεία,

61 4549 200 4599 ὅταν
231 4545 544 4616 προσίωμεν
576 4546 716 4616 Θεῷ,
761 4547 861 4610 τὰς
904 4547 1041 4618 ὑπὲρ
1087 4547 1194 4600 τῶν
1232 4546 1650 4601 λυσιτελούντων

66 4636 359 4708 ἱκετηρίας
388 4634 720 4707 ποιούμενοι,
754 4637 1068 4704 ἀναγκαίως
1097 4637 1158 4690 τὸ
1187 4637 1327 4691 κατὰ
1355 4635 1453 4708 τὴν
1487 4636 1650 4708 εὐχὴν

63 4725 481 4797 προηγήσεται,
553 4725 640 4779 ἵνα
689 4724 751 4778 τὺ
813 4728 942 4795 παρ’
991 4725 1196 4778 ἑαυτῶν
1248 4725 1648 4788 ἐκτελέσαντες,

65 4817 248 4881 οὕτως
299 4814 646 4886 Θαρσοῦντες,
694 4816 757 4869 τὸ
807 4815 958 4886 παρὰ
1008 4815 1102 4869 τοὺ
1154 4815 1287 4869 Θεοῦ
1343 4815 1646 4869 ἀντιλαϐεῖν

67 4906 425 4977 ἀξιώσωμεν.
471 4907 564 4961 Διό
589 4925 753 4978 φησιν
789 4909 818 4962 ό
857 4907 1167 4979 Προφήτης,
1194 4907 1275 4961 ότι
1315 4907 1433 4974 Τὰς
1467 4907 1651 4977 εὐχάς

65 5018 189 5069 pou
218 4997 513 5054 ἀποδώσω
549 5014 668 5060 σοι.
703 4998 777 5065 ἅς
821 4999 1116 5053 διέστειλε
1157 4997 1232 5052 τὰ
1281 5000 1455 5069 χείλη
1493 5016 1645 5069 μου·

69 5093 192 5154 καὶ,
226 5090 528 5156 Εὖξασθε,
556 5091 654 5146 καί
689 5090 942 5145 ἀπόδοτε
976 5090 1170 5160 Κυρίῳ
1202 5091 1282 5156 τῷ
1314 5089 1436 5157 Θεῷ
1455 5092 1644 5161 ἡμῶν.

69 5183 189 5238 Καὶ
225 5181 493 5251 πολλαχοῦ
533 5184 632 5253 τῆς
662 5182 884 5254 Γραφῆς
920 5181 1019 5252 τὴν
1045 5178 1298 5250 τοιαύτην
1344 5179 1492 5233 ἐστιν
1521 5180 1647 5234 ἰδεῖν

4 5311 6 5344 ε
67 5276 172 5342 τῆς
205 5274 373 5343 εὐχῆς
414 5273 707 5343 σημασίαν,
738 5273 814 5336 ὡς
840 5273 1040 5342 γνῶναι
1084 5273 1250 5344 ἡμᾶς,
1281 5273 1360 5326 ὅτι
1387 5271 1519 5342 εὐχὴ
1549 5274 1648 5342 μέν

67 5365 214 5426 ἐστι,
249 5362 431 5429 καθὼς
464 5363 697 5436 εἴρηται,
732 5366 1077 5436 χαριστήριος
1117 5363 1453 5436 δωροφορίας
1479 5365 1649 5432 ὲπαγ-

69 5455 252 5523 γελίαο
288 5455 321 5525 ἡ
349 5454 408 5507 δὲ
445 5454 737 5526 προσευχὴ,
770 5455 870 5525 τὴν
902 5456 1038 5525 μετὰ
1065 5453 1162 5525 τὴν
1185 5455 1527 5526 ἐκπλήρωσιν
1549 5457 1647 5525 τῆς

147 5632 198 5664 ³⁸
235 5633 410 5689 Exod.
446 5651 534 5689 xix
557 5677 571 5702 ,
613 5635 675 5691 15
700 5650 818 5707 sqq.
897 5637 935 5668 ³³
980 5633 1167 5690 Matth.
1201 5651 1288 5704 vi,
1323 5634 1389 5702 7;
1431 5633 1561 5691 Luc.
1593 5651 1680 5703 χι,

1751 4454 1987 4524 alicujus
2015 4456 2113 4518 rei,
2139 4471 2260 4525 quae
2300 4455 2520 4524 pietatis
2549 4456 2769 4510 nomine
2814 4454 3099 4511 dedicetur
3135 4466 3190 4511 et
3227 4470 3319 4512 sa-

1749 4548 1860 4602 eris
1909 4546 2214 4600 destinetur
2243 4565 2256 4600 :
2283 4547 2557 4616 προσευχὴ
2592 4553 2796 4613 autem,
2851 4545 2906 4600 id
2952 4554 3058 4612 est,
3119 4545 3319 4612 oratio,

1751 4644 1835 4692 est
1868 4637 2056 4707 petitio
2089 4637 2382 4701 bonorum,
2430 4651 2552 4706 quae
2605 4635 2716 4691 Deo
2756 4652 2878 4692 cum
2919 4637 3322 4708 supplicatione

1751 4729 2006 4784 oifertur.
2035 4728 2307 4794 Quoniam
2359 4728 2526 4799 igitur
2559 4726 2758 4782 ﬁducia
2788 4727 2971 4794 nobis,
3035 4737 3096 4782 ut
3148 4727 3321 4782 libere

1751 4821 2058 4890 loquamur,
2090 4827 2483 4890 opusest,cum
2511 4818 2866 4889 supplicaturi
2888 4831 2985 4887 pro
3018 4817 3322 4872 commodis

1749 4911 1955 4966 nostris
1985 4910 2051 4964 ad
2083 4909 2250 4965 Deum
2295 4908 2628 4976 accedimus,
2685 4907 3018 4973 necessario,
3057 4906 3205 4978 quod
3247 4906 3316 4960 ad

1749 5009 1933 5056 votum
1971 5001 2226 5071 pertinet,
2257 4999 2492 5055 ofﬁcium
2532 4999 2823 5070 prmeedet,
2877 5007 2935 5054 ut
2962 5014 3049 5064 eo,
3105 4998 3252 5067 quod
3289 5013 3320 5050 a

1755 5092 1914 5147 nobis
1938 5091 2188 5161 praestari
2217 5091 2464 5158 decebat,
2495 5090 2673 5147 oﬁicio
2703 5089 2897 5156 functi,
2953 5090 3030 5144 ita
3055 5089 3318 5158 deinceps

1753 5185 2091 5240 conﬁdenter
2142 5185 2370 5239 invicem
2419 5197 2450 5237 a
2517 5182 2629 5238 Deo
2673 5181 2994 5238 beneﬁcium
3046 5187 3320 5250 petamus.

1753 5273 2115 5338 Quamobrem
2144 5270 2415 5341 Propheta
2449 5290 2462 5324 :
2508 5269 2643 5324 Vota
2673 5286 2811 5333 mea,
2876 5268 3074 5338 inquit,
3121 5270 3324 5336 persal-

1698 5355 1708 5361 ’
1755 5379 1873 5417 vam
1921 5362 2036 5427 tibi,
2095 5376 2212 5431 qua:
2261 5360 2406 5414 labia
2452 5375 2569 5414 mea
2631 5367 3060 5427 nuncupaverunt
3082 5357 3158 5424 ”;
3215 5364 3318 5411 et:

1770 5454 1898 5508 Vola
1937 5453 2113 5522 facile,
2137 5469 2198 5506 ac
2228 5451 2502 5520 persolvite
2545 5451 2766 5505 Domino
2796 5450 2903 5503 Deo
2937 5457 3106 5504 vestro
3137 5447 3205 5501 ³⁸.
3245 5447 3322 5504 Ac

1707 5634 1761 5690 2.
1840 5635 1883 5665 ”
1921 5633 2066 5691 Psal.
2103 5650 2226 5702 va,
2260 5634 2346 5689 13.
2423 5633 2468 5665 ³³
2505 5631 2647 5688 Psal.
2688 5646 2849 5698 Lxxv,
2884 5629 2970 5685 12.
