  <div class='ocr_page' id='page_1' title='image "/cluster/home/n/w/nwhite01/storage/ocr_20150623/44/mdp.39015011915454/577.png"; bbox 0 0 3738 5984; ppageno 0'>
   <div class='ocr_carea' id='block_1_1' title="bbox 440 269 584 326">
    <p class='ocr_par' dir='ltr' id='par_1_1' title="bbox 440 269 584 326">
     <span class='ocr_line' id='line_1_1' title="bbox 440 269 584 326; baseline -0.014 0"><span class='ocrx_word' id='word_1_1' title='bbox 440 269 584 326; x_wconf 77' lang='lat' dir='ltr'><strong>H59</strong></span> 
     </span>
    </p>
   </div>
   <div class='ocr_carea' id='block_1_2' title="bbox 1684 271 2434 331">
    <p class='ocr_par' dir='ltr' id='par_1_2' title="bbox 1684 271 2434 331">
     <span class='ocr_line' id='line_1_2' title="bbox 1684 271 2434 331; baseline 0.003 -5"><span class='ocrx_word' id='word_1_2' title='bbox 1684 271 1741 326; x_wconf 93' lang='lat' dir='ltr'><strong>S.</strong></span> <span class='ocrx_word' id='word_1_3' title='bbox 1781 271 2108 331; x_wconf 79' lang='lat' dir='ltr'><strong>GREGORII</strong></span> <span class='ocrx_word' id='word_1_4' title='bbox 2146 272 2434 330; x_wconf 75' lang='lat' dir='ltr'><strong>NYSSENI</strong></span> 
     </span>
    </p>
   </div>
   <div class='ocr_carea' id='block_1_3' title="bbox 3551 274 3682 328">
    <p class='ocr_par' dir='ltr' id='par_1_3' title="bbox 3551 274 3682 328">
     <span class='ocr_line' id='line_1_3' title="bbox 3551 274 3682 328; baseline -0.008 0"><span class='ocrx_word' id='word_1_5' title='bbox 3551 274 3682 328; x_wconf 69' lang='lat'><strong>11-50</strong></span> 
     </span>
    </p>
   </div>
   <div class='ocr_carea' id='block_1_4' title="bbox 425 386 1901 464">
    <p class='ocr_par' dir='ltr' id='par_1_4' title="bbox 425 386 1880 463">
     <span class='ocr_line' id='line_1_4' title="bbox 425 386 1880 463; baseline 0.005 -22"><span class='ocrx_word' id='word_1_6' title='bbox 425 389 612 443; x_wconf 86' lang='lat' dir='ltr'><strong>multis</strong></span> <span class='ocrx_word' id='word_1_7' title='bbox 647 387 700 442; x_wconf 92' lang='lat' dir='ltr'><strong>in</strong></span> <span class='ocrx_word' id='word_1_8' title='bbox 735 386 874 443; x_wconf 91' lang='lat' dir='ltr'><strong>locis</strong></span> <span class='ocrx_word' id='word_1_9' title='bbox 919 386 1216 458; x_wconf 70' lang='lat' dir='ltr'><strong>Scriptura:</strong></span> <span class='ocrx_word' id='word_1_10' title='bbox 1242 388 1515 458; x_wconf 81' lang='lat' dir='ltr'><strong>ejusmodi</strong></span> <span class='ocrx_word' id='word_1_11' title='bbox 1560 391 1660 462; x_wconf 79' lang='grc' dir='ltr'>τῆς</span> <span class='ocrx_word' id='word_1_12' title='bbox 1693 394 1880 463; x_wconf 75' lang='grc' dir='ltr'>εὐχῆς,</span> 
     </span>
    </p>
   </div>
   <div class='ocr_carea' id='block_1_5' title="bbox 2207 386 3683 464">
    <p class='ocr_par' dir='ltr' id='par_1_5' title="bbox 2211 391 3683 464">
     <span class='ocr_line' id='line_1_5' title="bbox 2211 391 3683 464; baseline 0.003 -27"><span class='ocrx_word' id='word_1_13' title='bbox 2211 394 2430 462; x_wconf 48' lang='lat' dir='ltr'><strong>nam;</strong></span> <span class='ocrx_word' id='word_1_14' title='bbox 2459 393 2535 464; x_wconf 78' lang='grc' dir='ltr'><strong>τῷ</strong></span> <span class='ocrx_word' id='word_1_15' title='bbox 2567 392 2684 464; x_wconf 82' lang='grc' dir='ltr'><strong>Θεῷ</strong></span> <span class='ocrx_word' id='word_1_16' title='bbox 2711 391 3001 464; x_wconf 83' lang='grc' dir='ltr'>γινομένην</span> <span class='ocrx_word' id='word_1_17' title='bbox 3029 392 3291 463; x_wconf 83' lang='grc' dir='ltr'>πρόσοδον</span> <span class='ocrx_word' id='word_1_18' title='bbox 3320 391 3683 461; x_wconf 67' lang='grc' dir='ltr'>διερμηνεύει.</span> 
     </span>
    </p>
   </div>
   <div class='ocr_carea' id='block_1_6' title="bbox 419 477 1995 552">
    <p class='ocr_par' dir='ltr' id='par_1_6' title="bbox 419 477 1995 552">
     <span class='ocr_line' id='line_1_6' title="bbox 419 477 1995 552; baseline 0.003 -20"><span class='ocrx_word' id='word_1_19' title='bbox 419 488 528 540; x_wconf 89' lang='lat' dir='ltr'><strong>est,</strong></span> <span class='ocrx_word' id='word_1_20' title='bbox 561 479 668 533; x_wconf 88' lang='lat' dir='ltr'><strong>voti</strong></span> <span class='ocrx_word' id='word_1_21' title='bbox 704 477 1159 548; x_wconf 72' lang='lat' dir='ltr'><strong>signiﬁcatioziem</strong></span> <span class='ocrx_word' id='word_1_22' title='bbox 1201 480 1384 534; x_wconf 86' lang='lat' dir='ltr'><strong>videre</strong></span> <span class='ocrx_word' id='word_1_23' title='bbox 1423 480 1570 546; x_wconf 91' lang='lat' dir='ltr'><strong>licet,</strong></span> <span class='ocrx_word' id='word_1_24' title='bbox 1606 489 1663 534; x_wconf 93' lang='lat' dir='ltr'><strong>ut</strong></span> <span class='ocrx_word' id='word_1_25' title='bbox 1689 497 1995 552; x_wconf 86' lang='lat' dir='ltr'><strong>cognosca-</strong></span> 
     </span>
    </p>
   </div>
   <div class='ocr_carea' id='block_1_7' title="bbox 424 567 1996 640">
    <p class='ocr_par' dir='ltr' id='par_1_7' title="bbox 424 567 1996 640">
     <span class='ocr_line' id='line_1_7' title="bbox 424 567 1996 640; baseline 0.002 -17"><span class='ocrx_word' id='word_1_26' title='bbox 424 583 570 634; x_wconf 86' lang='lat' dir='ltr'><strong>mus,</strong></span> <span class='ocrx_word' id='word_1_27' title='bbox 593 567 740 639; x_wconf 90' lang='lat' dir='ltr'><strong>quod</strong></span> <span class='ocrx_word' id='word_1_28' title='bbox 774 579 959 624; x_wconf 91' lang='lat' dir='ltr'><strong>votum</strong></span> <span class='ocrx_word' id='word_1_29' title='bbox 995 571 1214 640; x_wconf 82' lang='lat' dir='ltr'><strong>quidem</strong></span> <span class='ocrx_word' id='word_1_30' title='bbox 1245 571 1338 636; x_wconf 91' lang='lat' dir='ltr'><strong>sit,</strong></span> <span class='ocrx_word' id='word_1_31' title='bbox 1375 579 1434 627; x_wconf 91' lang='lat' dir='ltr'><strong>ut</strong></span> <span class='ocrx_word' id='word_1_32' title='bbox 1458 572 1622 626; x_wconf 92' lang='lat' dir='ltr'><strong>modo</strong></span> <span class='ocrx_word' id='word_1_33' title='bbox 1644 571 1851 626; x_wconf 91' lang='lat' dir='ltr'><strong>dictum</strong></span> <span class='ocrx_word' id='word_1_34' title='bbox 1889 581 1996 638; x_wconf 90' lang='lat' dir='ltr'><strong>est,</strong></span> 
     </span>
    </p>
   </div>
   <div class='ocr_carea' id='block_1_8' title="bbox 424 659 1998 733">
    <p class='ocr_par' dir='ltr' id='par_1_8' title="bbox 424 659 1998 733">
     <span class='ocr_line' id='line_1_8' title="bbox 424 659 1998 733; baseline 0.004 -21"><span class='ocrx_word' id='word_1_35' title='bbox 424 659 553 714; x_wconf 91' lang='lat' dir='ltr'><strong>doni</strong></span> <span class='ocrx_word' id='word_1_36' title='bbox 583 676 684 730; x_wconf 91' lang='lat' dir='ltr'><strong>pro</strong></span> <span class='ocrx_word' id='word_1_37' title='bbox 712 660 1013 730; x_wconf 91' lang='lat' dir='ltr'><strong>gratiarum</strong></span> <span class='ocrx_word' id='word_1_38' title='bbox 1048 661 1264 715; x_wconf 89' lang='lat' dir='ltr'><strong>actione</strong></span> <span class='ocrx_word' id='word_1_39' title='bbox 1295 659 1556 716; x_wconf 81' lang='lat' dir='ltr'><strong>olfercndi</strong></span> <span class='ocrx_word' id='word_1_40' title='bbox 1595 660 1738 715; x_wconf 89' lang='lat' dir='ltr'><strong>facta</strong></span> <span class='ocrx_word' id='word_1_41' title='bbox 1757 663 1998 733; x_wconf 81' lang='lat' dir='ltr'><strong>promis-</strong></span> 
     </span>
    </p>
   </div>
   <div class='ocr_carea' id='block_1_9' title="bbox 427 751 2002 822">
    <p class='ocr_par' dir='ltr' id='par_1_9' title="bbox 427 751 2002 822">
     <span class='ocr_line' id='line_1_9' title="bbox 427 751 2002 822; baseline 0 -16"><span class='ocrx_word' id='word_1_42' title='bbox 427 753 511 806; x_wconf 86' lang='lat' dir='ltr'><strong>sio</strong></span> <span class='ocrx_word' id='word_1_43' title='bbox 539 752 842 822; x_wconf 76' lang='grc' dir='ltr'>επροσευχή</span> <span class='ocrx_word' id='word_1_44' title='bbox 861 751 1072 818; x_wconf 88' lang='lat' dir='ltr'><strong>vero,id</strong></span> <span class='ocrx_word' id='word_1_45' title='bbox 1094 759 1178 806; x_wconf 89' lang='lat' dir='ltr'><strong>est</strong></span> <span class='ocrx_word' id='word_1_46' title='bbox 1196 770 1209 806; x_wconf 88' lang='lat'><strong>:</strong></span> <span class='ocrx_word' id='word_1_47' title='bbox 1225 753 1425 820; x_wconf 91' lang='lat' dir='ltr'><strong>oratio,</strong></span> <span class='ocrx_word' id='word_1_48' title='bbox 1444 767 1592 817; x_wconf 89' lang='lat' dir='ltr'><strong>eum,</strong></span> <span class='ocrx_word' id='word_1_49' title='bbox 1617 754 1706 822; x_wconf 91' lang='lat' dir='ltr'><strong>qui</strong></span> <span class='ocrx_word' id='word_1_50' title='bbox 1728 761 1852 822; x_wconf 91' lang='lat' dir='ltr'><strong>post</strong></span> <span class='ocrx_word' id='word_1_51' title='bbox 1873 766 2002 822; x_wconf 86' lang='lat' dir='ltr'><strong>pro-</strong></span> 
     </span>
    </p>
   </div>
   <div class='ocr_carea' id='block_1_10' title="bbox 428 841 1998 914">
    <p class='ocr_par' dir='ltr' id='par_1_10' title="bbox 428 841 1998 914">
     <span class='ocr_line' id='line_1_10' title="bbox 428 841 1998 914; baseline 0.002 -19"><span class='ocrx_word' id='word_1_52' title='bbox 428 841 583 895; x_wconf 88' lang='lat' dir='ltr'><strong>missi</strong></span> <span class='ocrx_word' id='word_1_53' title='bbox 615 842 986 910; x_wconf 90' lang='lat' dir='ltr'><strong>impletionem</strong></span> <span class='ocrx_word' id='word_1_54' title='bbox 1027 843 1091 896; x_wconf 91' lang='lat' dir='ltr'><strong>ad</strong></span> <span class='ocrx_word' id='word_1_55' title='bbox 1127 842 1294 898; x_wconf 90' lang='lat' dir='ltr'><strong>Deum</strong></span> <span class='ocrx_word' id='word_1_56' title='bbox 1327 844 1406 909; x_wconf 91' lang='lat' dir='ltr'><strong>ﬁt,</strong></span> <span class='ocrx_word' id='word_1_57' title='bbox 1450 845 1659 898; x_wconf 84' lang='lat' dir='ltr'><strong>aditum</strong></span> <span class='ocrx_word' id='word_1_58' title='bbox 1698 844 1998 914; x_wconf 89' lang='lat' dir='ltr'><strong>signiﬁcat.</strong></span> 
     </span>
    </p>
   </div>
   <div class='ocr_carea' id='block_1_11' title="bbox 430 931 1999 1006">
    <p class='ocr_par' dir='ltr' id='par_1_11' title="bbox 430 931 1999 1006">
     <span class='ocr_line' id='line_1_11' title="bbox 430 931 1999 1006; baseline 0.004 -22"><span class='ocrx_word' id='word_1_59' title='bbox 430 931 600 986; x_wconf 88' lang='lat' dir='ltr'><strong>Docet</strong></span> <span class='ocrx_word' id='word_1_60' title='bbox 660 933 824 1002; x_wconf 82' lang='lat' dir='ltr'><strong>igitur</strong></span> <span class='ocrx_word' id='word_1_61' title='bbox 855 951 957 990; x_wconf 92' lang='lat' dir='ltr'><strong>nos</strong></span> <span class='ocrx_word' id='word_1_62' title='bbox 984 951 1192 1000; x_wconf 88' lang='lat' dir='ltr'><strong>sermo,</strong></span> <span class='ocrx_word' id='word_1_63' title='bbox 1225 952 1294 992; x_wconf 92' lang='lat' dir='ltr'><strong>ne</strong></span> <span class='ocrx_word' id='word_1_64' title='bbox 1330 936 1486 1006; x_wconf 89' lang='lat' dir='ltr'><strong>prius</strong></span> <span class='ocrx_word' id='word_1_65' title='bbox 1516 936 1722 1005; x_wconf 91' lang='lat' dir='ltr'><strong>aliquid</strong></span> <span class='ocrx_word' id='word_1_66' title='bbox 1746 944 1999 1004; x_wconf 85' lang='lat' dir='ltr'><strong>petamus</strong></span> 
     </span>
    </p>
   </div>
   <div class='ocr_carea' id='block_1_12' title="bbox 431 1023 1999 1097">
    <p class='ocr_par' dir='ltr' id='par_1_12' title="bbox 431 1023 1999 1097">
     <span class='ocr_line' id='line_1_12' title="bbox 431 1023 1999 1097; baseline 0.003 -21"><span class='ocrx_word' id='word_1_67' title='bbox 431 1037 462 1076; x_wconf 90' lang='lat' dir='ltr'><strong>a</strong></span> <span class='ocrx_word' id='word_1_68' title='bbox 499 1023 626 1088; x_wconf 90' lang='lat' dir='ltr'><strong>Deo,</strong></span> <span class='ocrx_word' id='word_1_69' title='bbox 659 1039 822 1094; x_wconf 91' lang='lat' dir='ltr'><strong>quam</strong></span> <span class='ocrx_word' id='word_1_70' title='bbox 850 1025 1070 1095; x_wconf 87' lang='lat' dir='ltr'><strong>aliquod</strong></span> <span class='ocrx_word' id='word_1_71' title='bbox 1091 1027 1141 1080; x_wconf 91' lang='lat' dir='ltr'><strong>ei</strong></span> <span class='ocrx_word' id='word_1_72' title='bbox 1168 1041 1370 1082; x_wconf 91' lang='lat' dir='ltr'><strong>munus</strong></span> <span class='ocrx_word' id='word_1_73' title='bbox 1392 1035 1679 1097; x_wconf 89' lang='lat' dir='ltr'><strong>acceptum</strong></span> <span class='ocrx_word' id='word_1_74' title='bbox 1706 1035 1760 1081; x_wconf 89' lang='lat' dir='ltr'><strong>et</strong></span> <span class='ocrx_word' id='word_1_75' title='bbox 1782 1037 1999 1097; x_wconf 84' lang='lat' dir='ltr'><strong>gratum</strong></span> 
     </span>
    </p>
   </div>
   <div class='ocr_carea' id='block_1_13' title="bbox 431 1114 2001 1187">
    <p class='ocr_par' dir='ltr' id='par_1_13' title="bbox 431 1114 2001 1187">
     <span class='ocr_line' id='line_1_13' title="bbox 431 1114 2001 1187; baseline 0.002 -18"><span class='ocrx_word' id='word_1_76' title='bbox 431 1115 812 1169; x_wconf 90' lang='lat' dir='ltr'><strong>obtulerimus.</strong></span> <span class='ocrx_word' id='word_1_77' title='bbox 853 1114 1063 1171; x_wconf 82' lang='lat' dir='ltr'><strong>Vovere</strong></span> <span class='ocrx_word' id='word_1_78' title='bbox 1115 1117 1260 1170; x_wconf 90' lang='lat' dir='ltr'><strong>enim</strong></span> <span class='ocrx_word' id='word_1_79' title='bbox 1320 1118 1475 1186; x_wconf 92' lang='lat' dir='ltr'><strong>prius</strong></span> <span class='ocrx_word' id='word_1_80' title='bbox 1529 1124 1766 1187; x_wconf 88' lang='lat' dir='ltr'><strong>oportet,</strong></span> <span class='ocrx_word' id='word_1_81' title='bbox 1803 1116 2001 1172; x_wconf 90' lang='lat' dir='ltr'><strong>deinde</strong></span> 
     </span>
    </p>
   </div>
   <div class='ocr_carea' id='block_1_14' title="bbox 432 1206 2002 1278">
    <p class='ocr_par' dir='ltr' id='par_1_14' title="bbox 432 1206 2002 1278">
     <span class='ocr_line' id='line_1_14' title="bbox 432 1206 2002 1278; baseline 0.002 -18"><span class='ocrx_word' id='word_1_82' title='bbox 432 1221 592 1260; x_wconf 88' lang='lat' dir='ltr'><strong>orare</strong></span> <span class='ocrx_word' id='word_1_83' title='bbox 630 1223 643 1259; x_wconf 92' lang='lat'>:</span> <span class='ocrx_word' id='word_1_84' title='bbox 681 1206 908 1274; x_wconf 88' lang='lat' dir='ltr'><strong>perinde</strong></span> <span class='ocrx_word' id='word_1_85' title='bbox 955 1221 1020 1260; x_wconf 88' lang='lat' dir='ltr'><strong>ac</strong></span> <span class='ocrx_word' id='word_1_86' title='bbox 1064 1207 1111 1261; x_wconf 91' lang='lat' dir='ltr'><strong>si</strong></span> <span class='ocrx_word' id='word_1_87' title='bbox 1152 1207 1278 1276; x_wconf 88' lang='lat' dir='ltr'><strong>quis</strong></span> <span class='ocrx_word' id='word_1_88' title='bbox 1313 1207 1462 1262; x_wconf 88' lang='lat' dir='ltr'><strong>dicat</strong></span> <span class='ocrx_word' id='word_1_89' title='bbox 1505 1215 1805 1263; x_wconf 90' lang='lat' dir='ltr'><strong>sementem</strong></span> <span class='ocrx_word' id='word_1_90' title='bbox 1845 1208 2002 1278; x_wconf 89' lang='lat' dir='ltr'><strong>prius</strong></span> 
     </span>
    </p>
   </div>
   <div class='ocr_carea' id='block_1_15' title="bbox 432 1297 2003 1370">
    <p class='ocr_par' dir='ltr' id='par_1_15' title="bbox 432 1297 2003 1370">
     <span class='ocr_line' id='line_1_15' title="bbox 432 1297 2003 1370; baseline 0.001 -18"><span class='ocrx_word' id='word_1_91' title='bbox 432 1298 573 1360; x_wconf 86' lang='lat' dir='ltr'><strong>ﬁeri,</strong></span> <span class='ocrx_word' id='word_1_92' title='bbox 599 1313 765 1368; x_wconf 89' lang='lat' dir='ltr'><strong>quam</strong></span> <span class='ocrx_word' id='word_1_93' title='bbox 789 1297 1006 1354; x_wconf 84' lang='lat' dir='ltr'><strong>fructus</strong></span> <span class='ocrx_word' id='word_1_94' title='bbox 1038 1298 1251 1370; x_wconf 88' lang='lat' dir='ltr'><strong>percipi</strong></span> <span class='ocrx_word' id='word_1_95' title='bbox 1279 1307 1557 1368; x_wconf 83' lang='lat' dir='ltr'><strong>oportere.</strong></span> <span class='ocrx_word' id='word_1_96' title='bbox 1598 1298 1741 1369; x_wconf 86' lang='lat' dir='ltr'><strong>Ergo</strong></span> <span class='ocrx_word' id='word_1_97' title='bbox 1770 1299 1883 1353; x_wconf 90' lang='lat' dir='ltr'><strong>voti</strong></span> <span class='ocrx_word' id='word_1_98' title='bbox 1914 1313 2003 1354; x_wconf 91' lang='lat' dir='ltr'><strong>se-</strong></span> 
     </span>
    </p>
   </div>
   <div class='ocr_carea' id='block_1_16' title="bbox 431 1388 2003 1460">
    <p class='ocr_par' dir='ltr' id='par_1_16' title="bbox 431 1388 2003 1460">
     <span class='ocr_line' id='line_1_16' title="bbox 431 1388 2003 1460; baseline 0.003 -20"><span class='ocrx_word' id='word_1_99' title='bbox 431 1388 580 1441; x_wconf 89' lang='lat' dir='ltr'><strong>mina</strong></span> <span class='ocrx_word' id='word_1_100' title='bbox 603 1389 756 1458; x_wconf 87' lang='lat' dir='ltr'><strong>prius</strong></span> <span class='ocrx_word' id='word_1_101' title='bbox 791 1388 1055 1458; x_wconf 86' lang='lat' dir='ltr'><strong>dejicere,</strong></span> <span class='ocrx_word' id='word_1_102' title='bbox 1106 1400 1273 1460; x_wconf 89' lang='lat' dir='ltr'><strong>atque</strong></span> <span class='ocrx_word' id='word_1_103' title='bbox 1302 1390 1374 1444; x_wconf 88' lang='lat' dir='ltr'><strong>ita</strong></span> <span class='ocrx_word' id='word_1_104' title='bbox 1404 1405 1474 1444; x_wconf 79' lang='lat' dir='ltr'><strong>ex</strong></span> <span class='ocrx_word' id='word_1_105' title='bbox 1511 1389 1747 1459; x_wconf 87' lang='lat' dir='ltr'><strong>dejectis</strong></span> <span class='ocrx_word' id='word_1_106' title='bbox 1776 1390 2003 1446; x_wconf 90' lang='lat' dir='ltr'><strong>semini-</strong></span> 
     </span>
    </p>
   </div>
   <div class='ocr_carea' id='block_1_17' title="bbox 431 1477 2006 1550">
    <p class='ocr_par' dir='ltr' id='par_1_17' title="bbox 431 1477 2006 1550">
     <span class='ocr_line' id='line_1_17' title="bbox 431 1477 2006 1550; baseline 0.001 -18"><span class='ocrx_word' id='word_1_107' title='bbox 431 1477 537 1533; x_wconf 84' lang='lat' dir='ltr'><strong>bus</strong></span> <span class='ocrx_word' id='word_1_108' title='bbox 562 1479 780 1534; x_wconf 91' lang='lat' dir='ltr'><strong>adultas</strong></span> <span class='ocrx_word' id='word_1_109' title='bbox 827 1479 941 1544; x_wconf 91' lang='lat' dir='ltr'><strong>jam</strong></span> <span class='ocrx_word' id='word_1_110' title='bbox 972 1488 1138 1550; x_wconf 89' lang='lat' dir='ltr'><strong>atque</strong></span> <span class='ocrx_word' id='word_1_111' title='bbox 1187 1488 1433 1534; x_wconf 91' lang='lat' dir='ltr'><strong>maturas</strong></span> <span class='ocrx_word' id='word_1_112' title='bbox 1491 1479 1676 1550; x_wconf 81' lang='lat' dir='ltr'><strong>fruges</strong></span> <span class='ocrx_word' id='word_1_113' title='bbox 1725 1479 2006 1550; x_wconf 82' lang='lat' dir='ltr'><strong>percipere</strong></span> 
     </span>
    </p>
   </div>
   <div class='ocr_carea' id='block_1_18' title="bbox 2100 478 3687 553">
    <p class='ocr_par' dir='ltr' id='par_1_18' title="bbox 2100 478 3687 553">
     <span class='ocr_line' id='line_1_18' title="bbox 2100 478 3687 553; baseline -0.002 -19"><span class='ocrx_word' id='word_1_114' title='bbox 2100 482 2352 534; x_wconf 84' lang='grc' dir='ltr'><strong>Διδάσκει</strong></span> <span class='ocrx_word' id='word_1_115' title='bbox 2386 478 2476 535; x_wconf 81' lang='grc' dir='ltr'><strong>οὖν</strong></span> <span class='ocrx_word' id='word_1_116' title='bbox 2529 484 2726 552; x_wconf 81' lang='grc' dir='ltr'><strong>ἡμᾶςό</strong></span> <span class='ocrx_word' id='word_1_117' title='bbox 2773 482 2950 550; x_wconf 90' lang='grc' dir='ltr'>λόγος,</span> <span class='ocrx_word' id='word_1_118' title='bbox 3006 483 3079 553; x_wconf 80' lang='grc' dir='ltr'>μὴ</span> <span class='ocrx_word' id='word_1_119' title='bbox 3108 481 3380 552; x_wconf 86' lang='grc' dir='ltr'>πρότερον</span> <span class='ocrx_word' id='word_1_120' title='bbox 3425 479 3687 533; x_wconf 66' lang='grc' dir='ltr'>αἰτεῖσθαί</span> 
     </span>
    </p>
   </div>
   <div class='ocr_carea' id='block_1_19' title="bbox 2099 570 3688 643">
    <p class='ocr_par' dir='ltr' id='par_1_19' title="bbox 2099 570 3688 643">
     <span class='ocr_line' id='line_1_19' title="bbox 2099 570 3688 643; baseline -0.003 -18"><span class='ocrx_word' id='word_1_121' title='bbox 2099 589 2153 625; x_wconf 88' lang='grc' dir='ltr'><strong>τι</strong></span> <span class='ocrx_word' id='word_1_122' title='bbox 2193 572 2343 643; x_wconf 88' lang='grc' dir='ltr'><strong>παρά</strong></span> <span class='ocrx_word' id='word_1_123' title='bbox 2366 572 2462 625; x_wconf 78' lang='grc' dir='ltr'>τοῦ</span> <span class='ocrx_word' id='word_1_124' title='bbox 2513 572 2670 638; x_wconf 82' lang='grc' dir='ltr'><strong>Θεοῦ,</strong></span> <span class='ocrx_word' id='word_1_125' title='bbox 2697 572 2829 643; x_wconf 71' lang='grc' dir='ltr'>πρὶν</span> <span class='ocrx_word' id='word_1_126' title='bbox 2861 571 3008 642; x_wconf 84' lang='grc' dir='ltr'>αύτῷ</span> <span class='ocrx_word' id='word_1_127' title='bbox 3045 589 3098 624; x_wconf 89' lang='grc' dir='ltr'><strong>τι</strong></span> <span class='ocrx_word' id='word_1_128' title='bbox 3132 571 3240 624; x_wconf 83' lang='grc' dir='ltr'><strong>τῶν</strong></span> <span class='ocrx_word' id='word_1_129' title='bbox 3273 570 3688 643; x_wconf 58' lang='grc' dir='ltr'>κεχαρισμένιω</span> 
     </span>
    </p>
   </div>
   <div class='ocr_carea' id='block_1_20' title="bbox 2103 658 3692 735">
    <p class='ocr_par' dir='ltr' id='par_1_20' title="bbox 2103 658 3692 735">
     <span class='ocr_line' id='line_1_20' title="bbox 2103 658 3692 735; baseline -0.001 -19"><span class='ocrx_word' id='word_1_130' title='bbox 2103 665 2498 735; x_wconf 80' lang='grc' dir='ltr'>δωροφορῆσαι.</span> <span class='ocrx_word' id='word_1_131' title='bbox 2558 663 2828 728; x_wconf 78' lang='grc' dir='ltr'>Εὕξασθαι</span> <span class='ocrx_word' id='word_1_132' title='bbox 2890 667 2999 733; x_wconf 80' lang='grc' dir='ltr'>γὰρ</span> <span class='ocrx_word' id='word_1_133' title='bbox 3062 665 3166 735; x_wconf 81' lang='grc' dir='ltr'><strong>χρὴ</strong></span> <span class='ocrx_word' id='word_1_134' title='bbox 3226 663 3526 735; x_wconf 85' lang='grc' dir='ltr'>πρότερον,</span> <span class='ocrx_word' id='word_1_135' title='bbox 3583 658 3692 715; x_wconf 76' lang='grc' dir='ltr'>εἶτα</span> 
     </span>
    </p>
   </div>
   <div class='ocr_carea' id='block_1_21' title="bbox 2105 753 3694 827">
    <p class='ocr_par' dir='ltr' id='par_1_21' title="bbox 2105 753 3694 827">
     <span class='ocr_line' id='line_1_21' title="bbox 2105 753 3694 827; baseline -0.002 -21"><span class='ocrx_word' id='word_1_136' title='bbox 2105 753 2539 826; x_wconf 79' lang='grc' dir='ltr'><strong>προσεύξασθαι·</strong></span> <span class='ocrx_word' id='word_1_137' title='bbox 2573 755 2648 819; x_wconf 84' lang='grc' dir='ltr'>ὡς</span> <span class='ocrx_word' id='word_1_138' title='bbox 2679 757 2733 809; x_wconf 80' lang='grc' dir='ltr'>εἴ</span> <span class='ocrx_word' id='word_1_139' title='bbox 2758 772 2842 819; x_wconf 89' lang='grc' dir='ltr'><strong>τις</strong></span> <span class='ocrx_word' id='word_1_140' title='bbox 2870 755 3017 824; x_wconf 80' lang='grc' dir='ltr'><strong>λέγει</strong></span> <span class='ocrx_word' id='word_1_141' title='bbox 3046 753 3407 827; x_wconf 74' lang='grc' dir='ltr'>προηγεῖσθαι</span> <span class='ocrx_word' id='word_1_142' title='bbox 3436 754 3543 823; x_wconf 80' lang='grc' dir='ltr'><strong>τὴν</strong></span> <span class='ocrx_word' id='word_1_143' title='bbox 3573 770 3694 804; x_wconf 68' lang='grc' dir='ltr'>σπο-</span> 
     </span>
    </p>
   </div>
   <div class='ocr_carea' id='block_1_22' title="bbox 2111 829 3697 918">
    <p class='ocr_par' dir='ltr' id='par_1_22' title="bbox 2111 829 3697 918">
     <span class='ocr_line' id='line_1_22' title="bbox 2111 829 3697 918; baseline -0.005 -18"><span class='ocrx_word' id='word_1_144' title='bbox 2111 845 2209 915; x_wconf 81' lang='grc' dir='ltr'><strong>ράν</strong></span> <span class='ocrx_word' id='word_1_145' title='bbox 2237 847 2335 916; x_wconf 84' lang='grc' dir='ltr'><strong>τῆς</strong></span> <span class='ocrx_word' id='word_1_146' title='bbox 2355 829 2718 918; x_wconf 73' lang='grc' dir='ltr'>ἐπικαρπίας.</span> <span class='ocrx_word' id='word_1_147' title='bbox 2757 845 2966 899; x_wconf 80' lang='grc' dir='ltr'>Οὐκοῦν</span> <span class='ocrx_word' id='word_1_148' title='bbox 3006 846 3111 917; x_wconf 81' lang='grc' dir='ltr'>χρὴ</span> <span class='ocrx_word' id='word_1_149' title='bbox 3137 843 3475 898; x_wconf 87' lang='grc' dir='ltr'>καταϐαλεῖν</span> <span class='ocrx_word' id='word_1_150' title='bbox 3507 842 3697 912; x_wconf 77' lang='grc' dir='ltr'>πρότε-</span> 
     </span>
    </p>
   </div>
   <div class='ocr_carea' id='block_1_23' title="bbox 2108 933 3696 1010">
    <p class='ocr_par' dir='ltr' id='par_1_23' title="bbox 2108 933 3696 1010">
     <span class='ocr_line' id='line_1_23' title="bbox 2108 933 3696 1010; baseline -0.004 -20"><span class='ocrx_word' id='word_1_151' title='bbox 2108 954 2201 1006; x_wconf 89' lang='grc' dir='ltr'><strong>ρον</strong></span> <span class='ocrx_word' id='word_1_152' title='bbox 2226 941 2326 1009; x_wconf 81' lang='grc' dir='ltr'><strong>τῆς</strong></span> <span class='ocrx_word' id='word_1_153' title='bbox 2351 938 2515 1009; x_wconf 80' lang='grc' dir='ltr'>εὐχῆς</span> <span class='ocrx_word' id='word_1_154' title='bbox 2547 939 2615 992; x_wconf 91' lang='grc' dir='ltr'><strong>τά</strong></span> <span class='ocrx_word' id='word_1_155' title='bbox 2646 937 2957 1010; x_wconf 83' lang='grc' dir='ltr'>σπέρματα,</span> <span class='ocrx_word' id='word_1_156' title='bbox 3004 939 3100 990; x_wconf 65' lang='grc' dir='ltr'><strong>καὶ</strong></span> <span class='ocrx_word' id='word_1_157' title='bbox 3140 937 3315 998; x_wconf 75' lang='grc' dir='ltr'>οὕτως</span> <span class='ocrx_word' id='word_1_158' title='bbox 3361 933 3696 1002; x_wconf 71' lang='grc' dir='ltr'>αὑξηθεῑσιν</span> 
     </span>
    </p>
   </div>
   <div class='ocr_carea' id='block_1_24' title="bbox 2103 1026 3697 1099">
    <p class='ocr_par' dir='ltr' id='par_1_24' title="bbox 2103 1026 3697 1099">
     <span class='ocr_line' id='line_1_24' title="bbox 2103 1026 3697 1099; baseline -0.003 -18"><span class='ocrx_word' id='word_1_159' title='bbox 2103 1027 2202 1099; x_wconf 79' lang='grc' dir='ltr'>τὴν</span> <span class='ocrx_word' id='word_1_160' title='bbox 2231 1027 2537 1098; x_wconf 84' lang='grc' dir='ltr'>καταϐολὴν</span> <span class='ocrx_word' id='word_1_161' title='bbox 2565 1028 2673 1082; x_wconf 85' lang='grc' dir='ltr'><strong>τῶν</strong></span> <span class='ocrx_word' id='word_1_162' title='bbox 2699 1029 3029 1099; x_wconf 84' lang='grc' dir='ltr'>σπερμάτων</span> <span class='ocrx_word' id='word_1_163' title='bbox 3051 1027 3458 1098; x_wconf 76' lang='grc' dir='ltr'>καρπώσασθαι</span> <span class='ocrx_word' id='word_1_164' title='bbox 3493 1026 3586 1077; x_wconf 70' lang='grc' dir='ltr'><strong>διὰ</strong></span> <span class='ocrx_word' id='word_1_165' title='bbox 3608 1028 3697 1092; x_wconf 67' lang='grc' dir='ltr'>τῆς</span> 
     </span>
    </p>
   </div>
   <div class='ocr_carea' id='block_1_25' title="bbox 2105 1111 3699 1192">
    <p class='ocr_par' dir='ltr' id='par_1_25' title="bbox 2105 1111 3699 1192">
     <span class='ocr_line' id='line_1_25' title="bbox 2105 1111 3699 1192; baseline -0.004 -19"><span class='ocrx_word' id='word_1_166' title='bbox 2105 1122 2416 1191; x_wconf 80' lang='grc' dir='ltr'>προσευχῆς</span> <span class='ocrx_word' id='word_1_167' title='bbox 2460 1121 2558 1191; x_wconf 77' lang='grc' dir='ltr'>τὴν</span> <span class='ocrx_word' id='word_1_168' title='bbox 2590 1120 2749 1192; x_wconf 85' lang='grc' dir='ltr'>χάριν</span> <span class='ocrx_word' id='word_1_169' title='bbox 2795 1119 3272 1189; x_wconf 82' lang='grc' dir='ltr'>ἀντιλαμϐάνοντα.</span> <span class='ocrx_word' id='word_1_170' title='bbox 3320 1118 3413 1180; x_wconf 85' lang='grc' dir='ltr'>Ὧς</span> <span class='ocrx_word' id='word_1_171' title='bbox 3464 1111 3565 1169; x_wconf 74' lang='grc' dir='ltr'>οὖν</span> <span class='ocrx_word' id='word_1_172' title='bbox 3608 1120 3699 1167; x_wconf 65' lang='grc' dir='ltr'><strong>οῦκ</strong></span> 
     </span>
    </p>
   </div>
   <div class='ocr_carea' id='block_1_26' title="bbox 2106 1206 3700 1282">
    <p class='ocr_par' dir='ltr' id='par_1_26' title="bbox 2106 1206 3700 1282">
     <span class='ocr_line' id='line_1_26' title="bbox 2106 1206 3700 1282; baseline -0.004 -20"><span class='ocrx_word' id='word_1_173' title='bbox 2106 1209 2374 1280; x_wconf 79' lang='grc' dir='ltr'><strong>ἐσομένης</strong></span> <span class='ocrx_word' id='word_1_174' title='bbox 2417 1211 2474 1262; x_wconf 83' lang='grc' dir='ltr'>ὲν</span> <span class='ocrx_word' id='word_1_175' title='bbox 2528 1211 2811 1282; x_wconf 76' lang='grc' dir='ltr'>παρρησίᾳ</span> <span class='ocrx_word' id='word_1_176' title='bbox 2859 1213 2958 1281; x_wconf 82' lang='grc' dir='ltr'><strong>τῆς</strong></span> <span class='ocrx_word' id='word_1_177' title='bbox 3011 1207 3323 1272; x_wconf 80' lang='grc' dir='ltr'>ἐντεύξεως,</span> <span class='ocrx_word' id='word_1_178' title='bbox 3369 1210 3422 1260; x_wconf 77' lang='grc' dir='ltr'><strong>εἰ</strong></span> <span class='ocrx_word' id='word_1_179' title='bbox 3489 1206 3569 1276; x_wconf 74' lang='grc' dir='ltr'>μὴ</span> <span class='ocrx_word' id='word_1_180' title='bbox 3620 1207 3700 1257; x_wconf 72' lang='grc' dir='ltr'>ἐπὶ</span> 
     </span>
    </p>
   </div>
   <div class='ocr_carea' id='block_1_27' title="bbox 2109 1297 3702 1372">
    <p class='ocr_par' dir='ltr' id='par_1_27' title="bbox 2109 1297 3702 1372">
     <span class='ocr_line' id='line_1_27' title="bbox 2109 1297 3702 1372; baseline 0.004 -20"><span class='ocrx_word' id='word_1_181' title='bbox 2109 1300 2481 1371; x_wconf 83' lang='grc' dir='ltr'>προληφθείσῃ</span> <span class='ocrx_word' id='word_1_182' title='bbox 2530 1301 2661 1372; x_wconf 83' lang='grc' dir='ltr'>εὐχῇ</span> <span class='ocrx_word' id='word_1_183' title='bbox 2709 1302 2940 1355; x_wconf 78' lang='grc' dir='ltr'>τινικαὶ</span> <span class='ocrx_word' id='word_1_184' title='bbox 2985 1298 3289 1371; x_wconf 80' lang='grc' dir='ltr'>δωροφορίᾳ</span> <span class='ocrx_word' id='word_1_185' title='bbox 3343 1301 3378 1369; x_wconf 83' lang='grc' dir='ltr'>ἡ</span> <span class='ocrx_word' id='word_1_186' title='bbox 3437 1297 3702 1368; x_wconf 57' lang='grc' dir='ltr'>πρόσαὶς</span> 
     </span>
    </p>
   </div>
   <div class='ocr_carea' id='block_1_28' title="bbox 2107 1388 3703 1464">
    <p class='ocr_par' dir='ltr' id='par_1_28' title="bbox 2107 1388 3703 1464">
     <span class='ocr_line' id='line_1_28' title="bbox 2107 1388 3703 1464; baseline -0.005 -19"><span class='ocrx_word' id='word_1_187' title='bbox 2107 1391 2336 1460; x_wconf 80' lang='grc' dir='ltr'>γένοιτο,</span> <span class='ocrx_word' id='word_1_188' title='bbox 2358 1393 2672 1462; x_wconf 80' lang='grc' dir='ltr'>ἀναγκαίως</span> <span class='ocrx_word' id='word_1_189' title='bbox 2706 1395 2739 1464; x_wconf 88' lang='grc' dir='ltr'><strong>ή</strong></span> <span class='ocrx_word' id='word_1_190' title='bbox 2782 1393 2916 1463; x_wconf 84' lang='grc' dir='ltr'>εὐχὴ</span> <span class='ocrx_word' id='word_1_191' title='bbox 2952 1393 3052 1463; x_wconf 83' lang='grc' dir='ltr'><strong>τῆς</strong></span> <span class='ocrx_word' id='word_1_192' title='bbox 3089 1391 3399 1462; x_wconf 80' lang='grc' dir='ltr'>προσευχῆς</span> <span class='ocrx_word' id='word_1_193' title='bbox 3447 1388 3703 1458; x_wconf 71' lang='grc' dir='ltr'>προηγή-</span> 
     </span>
    </p>
   </div>
   <div class='ocr_carea' id='block_1_29' title="bbox 2114 1498 2286 1536">
    <p class='ocr_par' dir='ltr' id='par_1_29' title="bbox 2114 1498 2286 1536">
     <span class='ocr_line' id='line_1_29' title="bbox 2114 1498 2286 1536; baseline 0.006 -2"><span class='ocrx_word' id='word_1_194' title='bbox 2114 1498 2286 1536; x_wconf 81' lang='grc' dir='ltr'><strong>σεται.</strong></span> 
     </span>
    </p>
   </div>
   <div class='ocr_carea' id='block_1_30' title="bbox 433 1565 3704 1644">
    <p class='ocr_par' dir='ltr' id='par_1_30' title="bbox 433 1565 3704 1644">
     <span class='ocr_line' id='line_1_30' title="bbox 433 1565 3704 1644; baseline 0 -24"><span class='ocrx_word' id='word_1_195' title='bbox 433 1574 669 1638; x_wconf 81' lang='lat' dir='ltr'><strong>Oportet,</strong></span> <span class='ocrx_word' id='word_1_196' title='bbox 743 1583 840 1638; x_wconf 88' lang='lat' dir='ltr'><strong>per</strong></span> <span class='ocrx_word' id='word_1_197' title='bbox 888 1571 1193 1623; x_wconf 90' lang='lat' dir='ltr'><strong>orationem</strong></span> <span class='ocrx_word' id='word_1_198' title='bbox 1267 1567 1766 1623; x_wconf 86' lang='lat' dir='ltr'><strong>remunerationem</strong></span> <span class='ocrx_word' id='word_1_199' title='bbox 1820 1567 2161 1638; x_wconf 90' lang='lat' dir='ltr'><strong>accipiendo.</strong></span> <span class='ocrx_word' id='word_1_200' title='bbox 2228 1572 2464 1628; x_wconf 89' lang='lat' dir='ltr'><strong>Proinde</strong></span> <span class='ocrx_word' id='word_1_201' title='bbox 2530 1573 2688 1644; x_wconf 88' lang='lat' dir='ltr'><strong>quasi</strong></span> <span class='ocrx_word' id='word_1_202' title='bbox 2750 1571 3086 1643; x_wconf 89' lang='lat' dir='ltr'><strong>colloquium</strong></span> <span class='ocrx_word' id='word_1_203' title='bbox 3150 1585 3274 1624; x_wconf 90' lang='lat' dir='ltr'><strong>cum</strong></span> <span class='ocrx_word' id='word_1_204' title='bbox 3316 1567 3532 1623; x_wconf 86' lang='lat' dir='ltr'><strong>ﬁducia</strong></span> <span class='ocrx_word' id='word_1_205' title='bbox 3598 1565 3704 1620; x_wconf 73' lang='lat' dir='ltr'><strong>ﬁeri</strong></span> 
     </span>
    </p>
   </div>
   <div class='ocr_carea' id='block_1_31' title="bbox 433 1659 3705 1732">
    <p class='ocr_par' dir='ltr' id='par_1_31' title="bbox 433 1659 3705 1732">
     <span class='ocr_line' id='line_1_31' title="bbox 433 1659 3705 1732; baseline -0.001 -19"><span class='ocrx_word' id='word_1_206' title='bbox 433 1675 546 1713; x_wconf 88' lang='lat' dir='ltr'><strong>non</strong></span> <span class='ocrx_word' id='word_1_207' title='bbox 579 1660 788 1728; x_wconf 86' lang='lat' dir='ltr'><strong>possit,</strong></span> <span class='ocrx_word' id='word_1_208' title='bbox 819 1660 928 1715; x_wconf 88' lang='lat' dir='ltr'><strong>nisi</strong></span> <span class='ocrx_word' id='word_1_209' title='bbox 969 1675 1063 1731; x_wconf 90' lang='lat' dir='ltr'><strong>per</strong></span> <span class='ocrx_word' id='word_1_210' title='bbox 1102 1660 1422 1730; x_wconf 70' lang='lat' dir='ltr'><strong>praecedens</strong></span> <span class='ocrx_word' id='word_1_211' title='bbox 1472 1659 1694 1726; x_wconf 87' lang='lat' dir='ltr'><strong>aliquod</strong></span> <span class='ocrx_word' id='word_1_212' title='bbox 1741 1667 1929 1715; x_wconf 89' lang='lat' dir='ltr'><strong>votum</strong></span> <span class='ocrx_word' id='word_1_213' title='bbox 1979 1667 2035 1715; x_wconf 88' lang='lat' dir='ltr'><strong>et</strong></span> <span class='ocrx_word' id='word_1_214' title='bbox 2093 1661 2320 1732; x_wconf 87' lang='lat' dir='ltr'><strong>donum,</strong></span> <span class='ocrx_word' id='word_1_215' title='bbox 2377 1667 2563 1723; x_wconf 83' lang='lat' dir='ltr'><strong>aditus</strong></span> <span class='ocrx_word' id='word_1_216' title='bbox 2603 1665 2782 1720; x_wconf 82' lang='lat' dir='ltr'><strong>lactus</strong></span> <span class='ocrx_word' id='word_1_217' title='bbox 2834 1665 2929 1728; x_wconf 87' lang='lat' dir='ltr'><strong>sit.</strong></span> <span class='ocrx_word' id='word_1_218' title='bbox 2973 1662 3290 1719; x_wconf 86' lang='lat' dir='ltr'><strong>necessario</strong></span> <span class='ocrx_word' id='word_1_219' title='bbox 3345 1669 3552 1715; x_wconf 85' lang='lat' dir='ltr'><strong>votum</strong></span> <span class='ocrx_word' id='word_1_220' title='bbox 3593 1673 3705 1712; x_wconf 80' lang='lat' dir='ltr'><strong>ora-</strong></span> 
     </span>
    </p>
   </div>
   <div class='ocr_carea' id='block_1_32' title="bbox 435 1747 959 1818">
    <p class='ocr_par' dir='ltr' id='par_1_32' title="bbox 435 1747 959 1818">
     <span class='ocr_line' id='line_1_32' title="bbox 435 1747 959 1818; baseline -0.002 -15"><span class='ocrx_word' id='word_1_221' title='bbox 435 1752 636 1804; x_wconf 87' lang='lat' dir='ltr'><strong>tionem</strong></span> <span class='ocrx_word' id='word_1_222' title='bbox 670 1747 959 1818; x_wconf 77' lang='lat' dir='ltr'><strong>praecedet.</strong></span> 
     </span>
    </p>
   </div>
   <div class='ocr_carea' id='block_1_33' title="bbox 505 1839 2084 1909">
    <p class='ocr_par' dir='ltr' id='par_1_33' title="bbox 505 1839 2084 1909">
     <span class='ocr_line' id='line_1_33' title="bbox 505 1839 2084 1909; baseline 0.003 -17"><span class='ocrx_word' id='word_1_223' title='bbox 505 1839 674 1905; x_wconf 87' lang='lat' dir='ltr'><strong>Quasi</strong></span> <span class='ocrx_word' id='word_1_224' title='bbox 692 1839 857 1908; x_wconf 87' lang='lat' dir='ltr'><strong>igitur</strong></span> <span class='ocrx_word' id='word_1_225' title='bbox 872 1839 984 1909; x_wconf 88' lang='lat' dir='ltr'><strong>jam</strong></span> <span class='ocrx_word' id='word_1_226' title='bbox 1005 1839 1110 1896; x_wconf 87' lang='lat' dir='ltr'><strong>hoc</strong></span> <span class='ocrx_word' id='word_1_227' title='bbox 1132 1839 1443 1898; x_wconf 88' lang='lat' dir='ltr'><strong>confectum</strong></span> <span class='ocrx_word' id='word_1_228' title='bbox 1469 1849 1636 1909; x_wconf 85' lang='lat' dir='ltr'><strong>esset,</strong></span> <span class='ocrx_word' id='word_1_229' title='bbox 1660 1841 1921 1897; x_wconf 88' lang='lat' dir='ltr'><strong>Dominus</strong></span> <span class='ocrx_word' id='word_1_230' title='bbox 1941 1841 2011 1896; x_wconf 88' lang='lat' dir='ltr'><strong>ad</strong></span> <span class='ocrx_word' id='word_1_231' title='bbox 2041 1849 2084 1904; x_wconf 87' lang='grc' dir='ltr'><strong>Β</strong></span> 
     </span>
    </p>
   </div>
   <div class='ocr_carea' id='block_1_34' title="bbox 435 1928 2012 2001">
    <p class='ocr_par' dir='ltr' id='par_1_34' title="bbox 435 1928 2012 2001">
     <span class='ocr_line' id='line_1_34' title="bbox 435 1928 2012 2001; baseline 0.001 -17"><span class='ocrx_word' id='word_1_232' title='bbox 435 1929 730 1998; x_wconf 85' lang='lat' dir='ltr'><strong>discipulos</strong></span> <span class='ocrx_word' id='word_1_233' title='bbox 765 1929 840 1982; x_wconf 90' lang='lat' dir='ltr'><strong>ait</strong></span> <span class='ocrx_word' id='word_1_234' title='bbox 869 1945 883 1984; x_wconf 90' lang='lat'><strong>:</strong></span> <span class='ocrx_word' id='word_1_235' title='bbox 920 1928 1053 1984; x_wconf 87' lang='lat' dir='ltr'><strong>Cum</strong></span> <span class='ocrx_word' id='word_1_236' title='bbox 1080 1930 1272 1995; x_wconf 78' lang='lat' dir='ltr'><strong>oratis,</strong></span> <span class='ocrx_word' id='word_1_237' title='bbox 1307 1929 1465 1985; x_wconf 84' lang='lat' dir='ltr'><strong>dicite</strong></span> <span class='ocrx_word' id='word_1_238' title='bbox 1485 1947 1506 1986; x_wconf 90' lang='lat'><strong><em>:</em></strong></span> <span class='ocrx_word' id='word_1_239' title='bbox 1528 1930 1686 1986; x_wconf 84' lang='lat' dir='ltr'><strong>Pater</strong></span> <span class='ocrx_word' id='word_1_240' title='bbox 1707 1941 1904 1995; x_wconf 79' lang='lat' dir='ltr'><strong>noster,</strong></span> <span class='ocrx_word' id='word_1_241' title='bbox 1922 1932 2012 2001; x_wconf 86' lang='lat' dir='ltr'><strong>qui</strong></span> 
     </span>
    </p>
   </div>
   <div class='ocr_carea' id='block_1_35' title="bbox 434 2019 2014 2094">
    <p class='ocr_par' dir='ltr' id='par_1_35' title="bbox 434 2019 2014 2094">
     <span class='ocr_line' id='line_1_35' title="bbox 434 2019 2014 2094; baseline 0.001 -18"><span class='ocrx_word' id='word_1_242' title='bbox 434 2037 488 2077; x_wconf 80' lang='lat' dir='ltr'><strong>es</strong></span> <span class='ocrx_word' id='word_1_243' title='bbox 512 2022 566 2074; x_wconf 84' lang='lat' dir='ltr'><strong>in</strong></span> <span class='ocrx_word' id='word_1_244' title='bbox 585 2020 728 2074; x_wconf 70' lang='lat' dir='ltr'><strong>cretis</strong></span> <span class='ocrx_word' id='word_1_245' title='bbox 747 2020 813 2072; x_wconf 66' lang='grc'><strong>³⁸.</strong></span> <span class='ocrx_word' id='word_1_246' title='bbox 841 2050 911 2062; x_wconf 92' lang='grc'><strong><em>--</em></strong></span> <span class='ocrx_word' id='word_1_247' title='bbox 933 2019 1064 2086; x_wconf 78' lang='lat' dir='ltr'><strong>Quis</strong></span> <span class='ocrx_word' id='word_1_248' title='bbox 1083 2020 1230 2075; x_wconf 82' lang='lat' dir='ltr'><strong>dabit</strong></span> <span class='ocrx_word' id='word_1_249' title='bbox 1253 2022 1382 2076; x_wconf 79' lang='lat' dir='ltr'><strong>mihi</strong></span> <span class='ocrx_word' id='word_1_250' title='bbox 1398 2023 1514 2077; x_wconf 77' lang='lat' dir='ltr'><strong>alas</strong></span> <span class='ocrx_word' id='word_1_251' title='bbox 1544 2032 1792 2094; x_wconf 84' lang='lat' dir='ltr'><strong>tanquam</strong></span> <span class='ocrx_word' id='word_1_252' title='bbox 1814 2024 2014 2077; x_wconf 84' lang='lat' dir='ltr'><strong>colum-</strong></span> 
     </span>
    </p>
   </div>
   <div class='ocr_carea' id='block_1_36' title="bbox 436 2112 2012 2182">
    <p class='ocr_par' dir='ltr' id='par_1_36' title="bbox 436 2112 2012 2182">
     <span class='ocr_line' id='line_1_36' title="bbox 436 2112 2012 2182; baseline 0.003 -17"><span class='ocrx_word' id='word_1_253' title='bbox 436 2112 737 2182; x_wconf 67' lang='lat' dir='ltr'><strong>bw7inquit</strong></span> <span class='ocrx_word' id='word_1_254' title='bbox 756 2112 955 2166; x_wconf 87' lang='lat' dir='ltr'><strong>alicubi</strong></span> <span class='ocrx_word' id='word_1_255' title='bbox 983 2127 1214 2182; x_wconf 85' lang='lat' dir='ltr'><strong>magnus</strong></span> <span class='ocrx_word' id='word_1_256' title='bbox 1235 2113 1327 2168; x_wconf 90' lang='lat' dir='ltr'><strong>ille</strong></span> <span class='ocrx_word' id='word_1_257' title='bbox 1352 2113 1525 2170; x_wconf 87' lang='lat' dir='ltr'><strong>David</strong></span> <span class='ocrx_word' id='word_1_258' title='bbox 1576 2116 1631 2170; x_wconf 92' lang='lat' dir='ltr'><strong>in</strong></span> <span class='ocrx_word' id='word_1_259' title='bbox 1659 2116 1892 2173; x_wconf 88' lang='lat' dir='ltr'><strong>Psalmis</strong></span> <span class='ocrx_word' id='word_1_260' title='bbox 1931 2117 2012 2170; x_wconf 76' lang='lat'><strong>“2</strong></span> 
     </span>
    </p>
   </div>
   <div class='ocr_carea' id='block_1_37' title="bbox 435 2205 2011 2276">
    <p class='ocr_par' dir='ltr' id='par_1_37' title="bbox 435 2205 2011 2276">
     <span class='ocr_line' id='line_1_37' title="bbox 435 2205 2011 2276; baseline 0.003 -15"><span class='ocrx_word' id='word_1_261' title='bbox 435 2205 670 2261; x_wconf 87' lang='lat' dir='ltr'><strong>dixerim</strong></span> <span class='ocrx_word' id='word_1_262' title='bbox 696 2205 861 2261; x_wconf 85' lang='lat' dir='ltr'><strong>etiam</strong></span> <span class='ocrx_word' id='word_1_263' title='bbox 897 2205 1036 2275; x_wconf 90' lang='lat' dir='ltr'><strong>ipse,</strong></span> <span class='ocrx_word' id='word_1_264' title='bbox 1069 2221 1256 2276; x_wconf 87' lang='lat' dir='ltr'><strong>parem</strong></span> <span class='ocrx_word' id='word_1_265' title='bbox 1301 2221 1491 2262; x_wconf 86' lang='lat' dir='ltr'><strong>vocem</strong></span> <span class='ocrx_word' id='word_1_266' title='bbox 1519 2207 1767 2262; x_wconf 90' lang='lat' dir='ltr'><strong>emittere</strong></span> <span class='ocrx_word' id='word_1_267' title='bbox 1792 2222 1960 2264; x_wconf 89' lang='lat' dir='ltr'><strong>ausus</strong></span> <span class='ocrx_word' id='word_1_268' title='bbox 1997 2228 2011 2265; x_wconf 89' lang='lat'><strong>:</strong></span> 
     </span>
    </p>
   </div>
   <div class='ocr_carea' id='block_1_38' title="bbox 437 2296 2015 2368">
    <p class='ocr_par' dir='ltr' id='par_1_38' title="bbox 437 2296 2015 2368">
     <span class='ocr_line' id='line_1_38' title="bbox 437 2296 2015 2368; baseline 0.002 -17"><span class='ocrx_word' id='word_1_269' title='bbox 437 2296 572 2364; x_wconf 85' lang='lat' dir='ltr'><strong>Quis</strong></span> <span class='ocrx_word' id='word_1_270' title='bbox 630 2297 781 2351; x_wconf 89' lang='lat' dir='ltr'><strong>dabit</strong></span> <span class='ocrx_word' id='word_1_271' title='bbox 812 2298 944 2352; x_wconf 89' lang='lat' dir='ltr'><strong>mihi</strong></span> <span class='ocrx_word' id='word_1_272' title='bbox 978 2300 1094 2352; x_wconf 90' lang='lat' dir='ltr'><strong>alas</strong></span> <span class='ocrx_word' id='word_1_273' title='bbox 1121 2299 1246 2354; x_wconf 89' lang='lat' dir='ltr'><strong>illas</strong></span> <span class='ocrx_word' id='word_1_274' title='bbox 1273 2299 1343 2354; x_wconf 91' lang='lat' dir='ltr'><strong>ad</strong></span> <span class='ocrx_word' id='word_1_275' title='bbox 1389 2299 1515 2364; x_wconf 85' lang='lat' dir='ltr'><strong>hoc,</strong></span> <span class='ocrx_word' id='word_1_276' title='bbox 1547 2307 1607 2352; x_wconf 93' lang='lat' dir='ltr'><strong>ut</strong></span> <span class='ocrx_word' id='word_1_277' title='bbox 1643 2299 1849 2368; x_wconf 89' lang='lat' dir='ltr'><strong>possim</strong></span> <span class='ocrx_word' id='word_1_278' title='bbox 1907 2315 2015 2354; x_wconf 88' lang='lat' dir='ltr'><strong>una</strong></span> 
     </span>
    </p>
   </div>
   <div class='ocr_carea' id='block_1_39' title="bbox 437 2387 2016 2458">
    <p class='ocr_par' dir='ltr' id='par_1_39' title="bbox 437 2387 2016 2458">
     <span class='ocr_line' id='line_1_39' title="bbox 437 2387 2016 2458; baseline 0.001 -16"><span class='ocrx_word' id='word_1_279' title='bbox 437 2403 562 2442; x_wconf 90' lang='lat' dir='ltr'><strong>cum</strong></span> <span class='ocrx_word' id='word_1_280' title='bbox 598 2387 938 2442; x_wconf 82' lang='lat' dir='ltr'><strong>sublimitate</strong></span> <span class='ocrx_word' id='word_1_281' title='bbox 995 2389 1324 2457; x_wconf 66' lang='lat' dir='ltr'><strong>praestantiae</strong></span> <span class='ocrx_word' id='word_1_282' title='bbox 1381 2389 1792 2458; x_wconf 86' lang='lat' dir='ltr'><strong>majestatisque</strong></span> <span class='ocrx_word' id='word_1_283' title='bbox 1819 2390 2016 2444; x_wconf 85' lang='lat' dir='ltr'><strong>verbo-</strong></span> 
     </span>
    </p>
   </div>
   <div class='ocr_carea' id='block_1_40' title="bbox 438 2477 2020 2548">
    <p class='ocr_par' dir='ltr' id='par_1_40' title="bbox 438 2477 2020 2548">
     <span class='ocr_line' id='line_1_40' title="bbox 438 2477 2020 2548; baseline 0.002 -17"><span class='ocrx_word' id='word_1_284' title='bbox 438 2493 560 2531; x_wconf 87' lang='lat' dir='ltr'><strong>rum</strong></span> <span class='ocrx_word' id='word_1_285' title='bbox 591 2484 772 2531; x_wconf 86' lang='lat' dir='ltr'><strong>mente</strong></span> <span class='ocrx_word' id='word_1_286' title='bbox 795 2478 1105 2546; x_wconf 88' lang='lat' dir='ltr'><strong>subvolare,</strong></span> <span class='ocrx_word' id='word_1_287' title='bbox 1135 2485 1194 2532; x_wconf 92' lang='lat' dir='ltr'><strong>ut</strong></span> <span class='ocrx_word' id='word_1_288' title='bbox 1217 2486 1421 2535; x_wconf 91' lang='lat' dir='ltr'><strong>terram</strong></span> <span class='ocrx_word' id='word_1_289' title='bbox 1442 2477 1660 2548; x_wconf 90' lang='lat' dir='ltr'><strong>quidem</strong></span> <span class='ocrx_word' id='word_1_290' title='bbox 1688 2493 1905 2534; x_wconf 91' lang='lat' dir='ltr'><strong>omnem</strong></span> <span class='ocrx_word' id='word_1_291' title='bbox 1940 2495 2020 2534; x_wconf 87' lang='lat' dir='ltr'><strong>re-</strong></span> 
     </span>
    </p>
   </div>
   <div class='ocr_carea' id='block_1_41' title="bbox 439 2569 2014 2639">
    <p class='ocr_par' dir='ltr' id='par_1_41' title="bbox 439 2569 2014 2639">
     <span class='ocr_line' id='line_1_41' title="bbox 439 2569 2014 2639; baseline 0.003 -18"><span class='ocrx_word' id='word_1_292' title='bbox 439 2569 705 2638; x_wconf 88' lang='lat' dir='ltr'><strong>linquam,</strong></span> <span class='ocrx_word' id='word_1_293' title='bbox 736 2575 1125 2639; x_wconf 87' lang='lat' dir='ltr'><strong>transeamque</strong></span> <span class='ocrx_word' id='word_1_294' title='bbox 1151 2585 1365 2626; x_wconf 90' lang='lat' dir='ltr'><strong>omnem</strong></span> <span class='ocrx_word' id='word_1_295' title='bbox 1401 2585 1585 2625; x_wconf 87' lang='lat' dir='ltr'><strong>aerem</strong></span> <span class='ocrx_word' id='word_1_296' title='bbox 1616 2570 1672 2623; x_wconf 92' lang='lat' dir='ltr'><strong>in</strong></span> <span class='ocrx_word' id='word_1_297' title='bbox 1706 2570 1890 2624; x_wconf 88' lang='lat' dir='ltr'><strong>medio</strong></span> <span class='ocrx_word' id='word_1_298' title='bbox 1921 2569 2014 2626; x_wconf 79' lang='lat' dir='ltr'><strong>fu-</strong></span> 
     </span>
    </p>
   </div>
   <div class='ocr_carea' id='block_1_42' title="bbox 440 2659 2021 2730">
    <p class='ocr_par' dir='ltr' id='par_1_42' title="bbox 440 2659 2021 2730">
     <span class='ocr_line' id='line_1_42' title="bbox 440 2659 2021 2730; baseline -0.001 -14"><span class='ocrx_word' id='word_1_299' title='bbox 440 2675 586 2724; x_wconf 88' lang='lat' dir='ltr'><strong>sum,</strong></span> <span class='ocrx_word' id='word_1_300' title='bbox 622 2673 890 2728; x_wconf 86' lang='lat' dir='ltr'><strong>assequar</strong></span> <span class='ocrx_word' id='word_1_301' title='bbox 918 2667 1101 2715; x_wconf 90' lang='lat' dir='ltr'><strong>autem</strong></span> <span class='ocrx_word' id='word_1_302' title='bbox 1131 2659 1422 2715; x_wconf 70' lang='lat' dir='ltr'><strong>astheream</strong></span> <span class='ocrx_word' id='word_1_303' title='bbox 1448 2659 1938 2730; x_wconf 88' lang='lat' dir='ltr'><strong>pulchritudinem,</strong></span> <span class='ocrx_word' id='word_1_304' title='bbox 1965 2668 2021 2715; x_wconf 88' lang='lat' dir='ltr'><strong>et</strong></span> 
     </span>
    </p>
   </div>
   <div class='ocr_carea' id='block_1_43' title="bbox 440 2750 2021 2816">
    <p class='ocr_par' dir='ltr' id='par_1_43' title="bbox 440 2750 2021 2816">
     <span class='ocr_line' id='line_1_43' title="bbox 440 2750 2021 2816; baseline 0.001 -12"><span class='ocrx_word' id='word_1_305' title='bbox 440 2751 508 2805; x_wconf 85' lang='lat' dir='ltr'><strong>ad</strong></span> <span class='ocrx_word' id='word_1_306' title='bbox 558 2751 740 2806; x_wconf 87' lang='lat' dir='ltr'><strong>sidera</strong></span> <span class='ocrx_word' id='word_1_307' title='bbox 771 2751 1024 2816; x_wconf 89' lang='lat' dir='ltr'><strong>evadam,</strong></span> <span class='ocrx_word' id='word_1_308' title='bbox 1087 2757 1142 2805; x_wconf 90' lang='lat' dir='ltr'><strong>et</strong></span> <span class='ocrx_word' id='word_1_309' title='bbox 1209 2764 1425 2805; x_wconf 90' lang='lat' dir='ltr'><strong>omnem</strong></span> <span class='ocrx_word' id='word_1_310' title='bbox 1468 2751 1524 2804; x_wconf 92' lang='lat' dir='ltr'><strong>in</strong></span> <span class='ocrx_word' id='word_1_311' title='bbox 1595 2750 1664 2806; x_wconf 89' lang='lat' dir='ltr'><strong>iis</strong></span> <span class='ocrx_word' id='word_1_312' title='bbox 1711 2750 1900 2805; x_wconf 86' lang='lat' dir='ltr'><strong>ordine</strong></span> <span class='ocrx_word' id='word_1_313' title='bbox 1955 2765 2021 2806; x_wconf 88' lang='lat' dir='ltr'><strong>ac</strong></span> 
     </span>
    </p>
   </div>
   <div class='ocr_carea' id='block_1_44' title="bbox 440 2839 2021 2911">
    <p class='ocr_par' dir='ltr' id='par_1_44' title="bbox 440 2839 2021 2911">
     <span class='ocr_line' id='line_1_44' title="bbox 440 2839 2021 2911; baseline -0.001 -15"><span class='ocrx_word' id='word_1_314' title='bbox 440 2842 653 2896; x_wconf 81' lang='lat' dir='ltr'><strong>ratione</strong></span> <span class='ocrx_word' id='word_1_315' title='bbox 692 2840 964 2911; x_wconf 88' lang='lat' dir='ltr'><strong>digestum</strong></span> <span class='ocrx_word' id='word_1_316' title='bbox 1019 2847 1273 2894; x_wconf 91' lang='lat' dir='ltr'><strong>ornatum</strong></span> <span class='ocrx_word' id='word_1_317' title='bbox 1330 2839 1659 2909; x_wconf 91' lang='lat' dir='ltr'><strong>inspiciam,</strong></span> <span class='ocrx_word' id='word_1_318' title='bbox 1713 2854 1778 2894; x_wconf 91' lang='lat' dir='ltr'><strong>ac</strong></span> <span class='ocrx_word' id='word_1_319' title='bbox 1839 2855 1909 2895; x_wconf 88' lang='lat' dir='ltr'><strong>ne</strong></span> <span class='ocrx_word' id='word_1_320' title='bbox 1963 2841 2021 2894; x_wconf 90' lang='lat' dir='ltr'><strong>in</strong></span> 
     </span>
    </p>
   </div>
   <div class='ocr_carea' id='block_1_45' title="bbox 442 2931 2014 3003">
    <p class='ocr_par' dir='ltr' id='par_1_45' title="bbox 442 2931 2014 3003">
     <span class='ocr_line' id='line_1_45' title="bbox 442 2931 2014 3003; baseline 0 -17"><span class='ocrx_word' id='word_1_321' title='bbox 442 2931 529 2987; x_wconf 89' lang='lat' dir='ltr'><strong>his</strong></span> <span class='ocrx_word' id='word_1_322' title='bbox 579 2932 800 3002; x_wconf 90' lang='lat' dir='ltr'><strong>quidem</strong></span> <span class='ocrx_word' id='word_1_323' title='bbox 856 2933 1189 2998; x_wconf 87' lang='lat' dir='ltr'><strong>consistam,</strong></span> <span class='ocrx_word' id='word_1_324' title='bbox 1250 2932 1346 2987; x_wconf 92' lang='lat' dir='ltr'><strong>sed</strong></span> <span class='ocrx_word' id='word_1_325' title='bbox 1407 2932 1522 2986; x_wconf 67' lang='lat' dir='ltr'><strong>haec</strong></span> <span class='ocrx_word' id='word_1_326' title='bbox 1575 2933 1739 2986; x_wconf 91' lang='lat' dir='ltr'><strong>etiam</strong></span> <span class='ocrx_word' id='word_1_327' title='bbox 1791 2947 2014 3003; x_wconf 64' lang='lat' dir='ltr'><strong>percuro</strong></span> 
     </span>
    </p>
   </div>
   <div class='ocr_carea' id='block_1_46' title="bbox 443 3023 2018 3092">
    <p class='ocr_par' dir='ltr' id='par_1_46' title="bbox 443 3023 2018 3092">
     <span class='ocr_line' id='line_1_46' title="bbox 443 3023 2018 3092; baseline -0.001 -15"><span class='ocrx_word' id='word_1_328' title='bbox 443 3037 584 3086; x_wconf 82' lang='lat' dir='ltr'><strong>ram,</strong></span> <span class='ocrx_word' id='word_1_329' title='bbox 606 3033 662 3078; x_wconf 90' lang='lat' dir='ltr'><strong>et</strong></span> <span class='ocrx_word' id='word_1_330' title='bbox 685 3031 840 3077; x_wconf 81' lang='lat' dir='ltr'><strong>extra</strong></span> <span class='ocrx_word' id='word_1_331' title='bbox 864 3023 1068 3085; x_wconf 88' lang='lat' dir='ltr'><strong>omnia,</strong></span> <span class='ocrx_word' id='word_1_332' title='bbox 1101 3037 1220 3092; x_wconf 71' lang='lat' dir='ltr'><strong>qua:</strong></span> <span class='ocrx_word' id='word_1_333' title='bbox 1241 3030 1295 3077; x_wconf 93' lang='lat' dir='ltr'><strong>et</strong></span> <span class='ocrx_word' id='word_1_334' title='bbox 1322 3031 1612 3077; x_wconf 88' lang='lat' dir='ltr'><strong>moventur</strong></span> <span class='ocrx_word' id='word_1_335' title='bbox 1633 3030 1688 3076; x_wconf 93' lang='lat' dir='ltr'><strong>et</strong></span> <span class='ocrx_word' id='word_1_336' title='bbox 1714 3031 2018 3086; x_wconf 88' lang='lat' dir='ltr'><strong>mutantur,</strong></span> 
     </span>
    </p>
   </div>
   <div class='ocr_carea' id='block_1_47' title="bbox 443 3111 2016 3181">
    <p class='ocr_par' dir='ltr' id='par_1_47' title="bbox 443 3111 2016 3181">
     <span class='ocr_line' id='line_1_47' title="bbox 443 3111 2016 3181; baseline -0.001 -14"><span class='ocrx_word' id='word_1_337' title='bbox 443 3111 690 3174; x_wconf 85' lang='lat' dir='ltr'><strong>evadam,</strong></span> <span class='ocrx_word' id='word_1_338' title='bbox 737 3119 899 3180; x_wconf 91' lang='lat' dir='ltr'><strong>atque</strong></span> <span class='ocrx_word' id='word_1_339' title='bbox 931 3111 1184 3166; x_wconf 90' lang='lat' dir='ltr'><strong>stabilem</strong></span> <span class='ocrx_word' id='word_1_340' title='bbox 1219 3126 1484 3181; x_wconf 89' lang='lat' dir='ltr'><strong>assequar</strong></span> <span class='ocrx_word' id='word_1_341' title='bbox 1515 3119 1764 3165; x_wconf 90' lang='lat' dir='ltr'><strong>naturam</strong></span> <span class='ocrx_word' id='word_1_342' title='bbox 1821 3127 1886 3164; x_wconf 84' lang='lat' dir='ltr'><strong>ac</strong></span> <span class='ocrx_word' id='word_1_343' title='bbox 1919 3126 2016 3180; x_wconf 87' lang='lat' dir='ltr'><strong>po-</strong></span> 
     </span>
    </p>
   </div>
   <div class='ocr_carea' id='block_1_48' title="bbox 2195 1835 3704 1914">
    <p class='ocr_par' dir='ltr' id='par_1_48' title="bbox 2195 1835 3704 1914">
     <span class='ocr_line' id='line_1_48' title="bbox 2195 1835 3704 1914; baseline -0.001 -19"><span class='ocrx_word' id='word_1_344' title='bbox 2195 1843 2282 1906; x_wconf 84' lang='grc' dir='ltr'>Ὠς</span> <span class='ocrx_word' id='word_1_345' title='bbox 2300 1838 2393 1897; x_wconf 85' lang='grc' dir='ltr'><strong>οὖν</strong></span> <span class='ocrx_word' id='word_1_346' title='bbox 2420 1843 2519 1914; x_wconf 76' lang='grc' dir='ltr'><strong>ήδη</strong></span> <span class='ocrx_word' id='word_1_347' title='bbox 2541 1842 2732 1897; x_wconf 87' lang='grc' dir='ltr'>τούτου</span> <span class='ocrx_word' id='word_1_348' title='bbox 2754 1839 3213 1912; x_wconf 72' lang='grc' dir='ltr'>κατορθωθέντος,</span> <span class='ocrx_word' id='word_1_349' title='bbox 3237 1838 3374 1909; x_wconf 68' lang='grc' dir='ltr'>φησι</span> <span class='ocrx_word' id='word_1_350' title='bbox 3408 1835 3564 1904; x_wconf 80' lang='grc' dir='ltr'>πρὸς</span> <span class='ocrx_word' id='word_1_351' title='bbox 3595 1836 3704 1894; x_wconf 68' lang='grc' dir='ltr'>τοὶς</span> 
     </span>
    </p>
   </div>
   <div class='ocr_carea' id='block_1_49' title="bbox 2115 1925 3701 2007">
    <p class='ocr_par' dir='ltr' id='par_1_49' title="bbox 2115 1925 3701 2007">
     <span class='ocr_line' id='line_1_49' title="bbox 2115 1925 3701 2007; baseline -0.008 -18"><span class='ocrx_word' id='word_1_352' title='bbox 2115 1935 2364 2007; x_wconf 83' lang='grc' dir='ltr'>μαθητάς</span> <span class='ocrx_word' id='word_1_353' title='bbox 2404 1938 2433 1989; x_wconf 87' lang='grc' dir='ltr'><strong>ό</strong></span> <span class='ocrx_word' id='word_1_354' title='bbox 2471 1934 2674 2007; x_wconf 82' lang='grc' dir='ltr'>Κύριος</span> <span class='ocrx_word' id='word_1_355' title='bbox 2699 1953 2713 1967; x_wconf 79' lang='grc' dir='ltr'><strong>ο</strong></span> <span class='ocrx_word' id='word_1_356' title='bbox 2763 1935 2950 1988; x_wconf 76' lang='grc' dir='ltr'>Ὅταν</span> <span class='ocrx_word' id='word_1_357' title='bbox 2988 1930 3441 2000; x_wconf 79' lang='grc' dir='ltr'>προσεύχησθε,</span> <span class='ocrx_word' id='word_1_358' title='bbox 3476 1925 3701 1993; x_wconf 71' lang='grc' dir='ltr'>λέγετεο</span> 
     </span>
    </p>
   </div>
   <div class='ocr_carea' id='block_1_50' title="bbox 2112 2017 3702 2097">
    <p class='ocr_par' dir='ltr' id='par_1_50' title="bbox 2112 2017 3702 2097">
     <span class='ocr_line' id='line_1_50' title="bbox 2112 2017 3702 2097; baseline -0.009 -15"><span class='ocrx_word' id='word_1_359' title='bbox 2112 2028 2302 2096; x_wconf 80' lang='grc' dir='ltr'>Πάτερ</span> <span class='ocrx_word' id='word_1_360' title='bbox 2338 2025 2527 2097; x_wconf 75' lang='grc' dir='ltr'>ἡμῶν,</span> <span class='ocrx_word' id='word_1_361' title='bbox 2558 2029 2592 2080; x_wconf 84' lang='grc' dir='ltr'><strong>ό</strong></span> <span class='ocrx_word' id='word_1_362' title='bbox 2627 2028 2696 2079; x_wconf 80' lang='grc' dir='ltr'><strong>ἐν</strong></span> <span class='ocrx_word' id='word_1_363' title='bbox 2723 2024 2847 2091; x_wconf 82' lang='grc' dir='ltr'>τοῖς</span> <span class='ocrx_word' id='word_1_364' title='bbox 2871 2021 3248 2092; x_wconf 80' lang='grc' dir='ltr'>οὐρανοῖς.--</span> <span class='ocrx_word' id='word_1_365' title='bbox 3267 2020 3366 2083; x_wconf 89' lang='grc' dir='ltr'>Τίς</span> <span class='ocrx_word' id='word_1_366' title='bbox 3394 2017 3594 2070; x_wconf 77' lang='grc' dir='ltr'>δώσει</span> <span class='ocrx_word' id='word_1_367' title='bbox 3616 2031 3702 2084; x_wconf 65' lang='grc' dir='ltr'><strong>μω</strong></span> 
     </span>
    </p>
   </div>
   <div class='ocr_carea' id='block_1_51' title="bbox 2113 2106 3703 2189">
    <p class='ocr_par' dir='ltr' id='par_1_51' title="bbox 2113 2106 3703 2189">
     <span class='ocr_line' id='line_1_51' title="bbox 2113 2106 3703 2189; baseline -0.009 -16"><span class='ocrx_word' id='word_1_368' title='bbox 2113 2119 2410 2189; x_wconf 61' lang='grc' dir='ltr'>πτέρυγας</span> <span class='ocrx_word' id='word_1_369' title='bbox 2453 2117 2599 2172; x_wconf 82' lang='grc' dir='ltr'><strong>ὡσεὶ</strong></span> <span class='ocrx_word' id='word_1_370' title='bbox 2639 2113 3031 2185; x_wconf 49' lang='grc' dir='ltr'>περιστερᾶς</span> <span class='ocrx_word' id='word_1_371' title='bbox 3076 2112 3209 2182; x_wconf 87' lang='grc' dir='ltr'>φησί</span> <span class='ocrx_word' id='word_1_372' title='bbox 3246 2127 3352 2164; x_wconf 87' lang='grc' dir='ltr'><strong>που</strong></span> <span class='ocrx_word' id='word_1_373' title='bbox 3384 2109 3502 2178; x_wconf 81' lang='grc' dir='ltr'>τῆς</span> <span class='ocrx_word' id='word_1_374' title='bbox 3540 2106 3703 2177; x_wconf 67' lang='grc' dir='ltr'>ψαλμο</span> 
     </span>
    </p>
   </div>
   <div class='ocr_carea' id='block_1_52' title="bbox 2113 2199 3703 2282">
    <p class='ocr_par' dir='ltr' id='par_1_52' title="bbox 2113 2199 3703 2282">
     <span class='ocr_line' id='line_1_52' title="bbox 2113 2199 3703 2282; baseline -0.009 -18"><span class='ocrx_word' id='word_1_375' title='bbox 2113 2211 2273 2282; x_wconf 88' lang='grc' dir='ltr'>ῳδίας</span> <span class='ocrx_word' id='word_1_376' title='bbox 2303 2213 2330 2264; x_wconf 85' lang='grc' dir='ltr'>ὁ</span> <span class='ocrx_word' id='word_1_377' title='bbox 2360 2210 2532 2280; x_wconf 82' lang='grc' dir='ltr'>μέγας</span> <span class='ocrx_word' id='word_1_378' title='bbox 2562 2208 2751 2262; x_wconf 76' lang='grc' dir='ltr'>Δαϐίδο</span> <span class='ocrx_word' id='word_1_379' title='bbox 2791 2209 3000 2277; x_wconf 72' lang='grc' dir='ltr'>εἴποιμι</span> <span class='ocrx_word' id='word_1_380' title='bbox 3027 2205 3072 2258; x_wconf 78' lang='grc' dir='ltr'>δ’</span> <span class='ocrx_word' id='word_1_381' title='bbox 3092 2203 3159 2258; x_wconf 83' lang='grc' dir='ltr'><strong>ἂν</strong></span> <span class='ocrx_word' id='word_1_382' title='bbox 3179 2202 3272 2256; x_wconf 75' lang='grc' dir='ltr'><strong>καὶ</strong></span> <span class='ocrx_word' id='word_1_383' title='bbox 3301 2200 3485 2261; x_wconf 71' lang='grc' dir='ltr'>αὐτὸς</span> <span class='ocrx_word' id='word_1_384' title='bbox 3520 2199 3703 2267; x_wconf 76' lang='grc' dir='ltr'>τολμή-</span> 
     </span>
    </p>
   </div>
   <div class='ocr_carea' id='block_1_53' title="bbox 2116 2288 3702 2374">
    <p class='ocr_par' dir='ltr' id='par_1_53' title="bbox 2116 2288 3702 2374">
     <span class='ocr_line' id='line_1_53' title="bbox 2116 2288 3702 2374; baseline -0.019 -5"><span class='ocrx_word' id='word_1_385' title='bbox 2116 2321 2216 2367; x_wconf 76' lang='grc' dir='ltr'><strong>σας</strong></span> <span class='ocrx_word' id='word_1_386' title='bbox 2243 2303 2341 2374; x_wconf 81' lang='grc' dir='ltr'><strong>τὴν</strong></span> <span class='ocrx_word' id='word_1_387' title='bbox 2376 2303 2496 2372; x_wconf 77' lang='grc' dir='ltr'>ἴσην</span> <span class='ocrx_word' id='word_1_388' title='bbox 2529 2302 2746 2372; x_wconf 83' lang='grc' dir='ltr'>φωνήν·</span> <span class='ocrx_word' id='word_1_389' title='bbox 2779 2300 2874 2363; x_wconf 87' lang='grc' dir='ltr'><strong>Τίς</strong></span> <span class='ocrx_word' id='word_1_390' title='bbox 2909 2296 3068 2350; x_wconf 88' lang='grc' dir='ltr'>δώσει</span> <span class='ocrx_word' id='word_1_391' title='bbox 3101 2313 3192 2367; x_wconf 88' lang='grc' dir='ltr'><strong>μοι</strong></span> <span class='ocrx_word' id='word_1_392' title='bbox 3243 2292 3546 2366; x_wconf 82' lang='grc' dir='ltr'>πτέρυγας</span> <span class='ocrx_word' id='word_1_393' title='bbox 3576 2288 3702 2341; x_wconf 76' lang='grc' dir='ltr'>ἐκεί-</span> 
     </span>
    </p>
   </div>
   <div class='ocr_carea' id='block_1_54' title="bbox 2114 2381 3702 2464">
    <p class='ocr_par' dir='ltr' id='par_1_54' title="bbox 2114 2381 3702 2464">
     <span class='ocr_line' id='line_1_54' title="bbox 2114 2381 3702 2464; baseline -0.011 -16"><span class='ocrx_word' id='word_1_394' title='bbox 2114 2412 2230 2459; x_wconf 87' lang='grc' dir='ltr'>νας,</span> <span class='ocrx_word' id='word_1_395' title='bbox 2263 2393 2398 2464; x_wconf 90' lang='grc' dir='ltr'>πρὸς</span> <span class='ocrx_word' id='word_1_396' title='bbox 2424 2392 2484 2445; x_wconf 87' lang='grc' dir='ltr'><strong>τὸ</strong></span> <span class='ocrx_word' id='word_1_397' title='bbox 2527 2391 2820 2462; x_wconf 78' lang='grc' dir='ltr'>δυνηθῆναι</span> <span class='ocrx_word' id='word_1_398' title='bbox 2865 2387 2943 2459; x_wconf 85' lang='grc' dir='ltr'>τῷ</span> <span class='ocrx_word' id='word_1_399' title='bbox 2988 2386 3113 2457; x_wconf 77' lang='grc' dir='ltr'>ὕψει</span> <span class='ocrx_word' id='word_1_400' title='bbox 3153 2386 3252 2456; x_wconf 79' lang='grc' dir='ltr'>τῆς</span> <span class='ocrx_word' id='word_1_401' title='bbox 3291 2383 3408 2437; x_wconf 82' lang='grc' dir='ltr'>τῶν</span> <span class='ocrx_word' id='word_1_402' title='bbox 3451 2381 3702 2454; x_wconf 57' lang='grc' dir='ltr'>ῥημάτων</span> 
     </span>
    </p>
   </div>
   <div class='ocr_carea' id='block_1_55' title="bbox 2119 2475 3702 2556">
    <p class='ocr_par' dir='ltr' id='par_1_55' title="bbox 2119 2475 3702 2556">
     <span class='ocr_line' id='line_1_55' title="bbox 2119 2475 3702 2556; baseline -0.009 -19"><span class='ocrx_word' id='word_1_403' title='bbox 2119 2484 2486 2556; x_wconf 79' lang='grc' dir='ltr'>μεγαλοφυῒας</span> <span class='ocrx_word' id='word_1_404' title='bbox 2537 2484 2943 2552; x_wconf 83' lang='grc' dir='ltr'>συναναπτῆναι</span> <span class='ocrx_word' id='word_1_405' title='bbox 2999 2479 3145 2533; x_wconf 85' lang='grc' dir='ltr'>κατὰ</span> <span class='ocrx_word' id='word_1_406' title='bbox 3201 2478 3497 2542; x_wconf 84' lang='grc' dir='ltr'>διάνοιαν;</span> <span class='ocrx_word' id='word_1_407' title='bbox 3556 2475 3702 2526; x_wconf 64' lang='grc' dir='ltr'>Ὥστε</span> 
     </span>
    </p>
   </div>
   <div class='ocr_carea' id='block_1_56' title="bbox 2117 2568 3703 2645">
    <p class='ocr_par' dir='ltr' id='par_1_56' title="bbox 2117 2568 3703 2645">
     <span class='ocr_line' id='line_1_56' title="bbox 2117 2568 3703 2645; baseline -0.009 -15"><span class='ocrx_word' id='word_1_408' title='bbox 2117 2576 2438 2630; x_wconf 85' lang='grc' dir='ltr'>καταλιπεῖν</span> <span class='ocrx_word' id='word_1_409' title='bbox 2470 2576 2568 2645; x_wconf 85' lang='grc' dir='ltr'><strong>μὲν</strong></span> <span class='ocrx_word' id='word_1_410' title='bbox 2588 2575 2686 2645; x_wconf 82' lang='grc' dir='ltr'><strong>τὴν</strong></span> <span class='ocrx_word' id='word_1_411' title='bbox 2721 2574 2824 2645; x_wconf 82' lang='grc' dir='ltr'><strong>γῆν</strong></span> <span class='ocrx_word' id='word_1_412' title='bbox 2847 2573 3047 2637; x_wconf 78' lang='grc' dir='ltr'>πᾶσαν,</span> <span class='ocrx_word' id='word_1_413' title='bbox 3071 2568 3405 2641; x_wconf 81' lang='grc' dir='ltr'>διαπεράσαι</span> <span class='ocrx_word' id='word_1_414' title='bbox 3443 2583 3512 2618; x_wconf 85' lang='grc' dir='ltr'><strong>τε</strong></span> <span class='ocrx_word' id='word_1_415' title='bbox 3546 2568 3703 2618; x_wconf 70' lang='grc' dir='ltr'>πάντα</span> 
     </span>
    </p>
   </div>
   <div class='ocr_carea' id='block_1_57' title="bbox 2115 2659 3702 2739">
    <p class='ocr_par' dir='ltr' id='par_1_57' title="bbox 2115 2659 3702 2739">
     <span class='ocr_line' id='line_1_57' title="bbox 2115 2659 3702 2739; baseline -0.008 -17"><span class='ocrx_word' id='word_1_416' title='bbox 2115 2669 2206 2722; x_wconf 88' lang='grc' dir='ltr'><strong>τὸν</strong></span> <span class='ocrx_word' id='word_1_417' title='bbox 2238 2672 2294 2722; x_wconf 83' lang='grc' dir='ltr'>ὲν</span> <span class='ocrx_word' id='word_1_418' title='bbox 2328 2668 2479 2739; x_wconf 82' lang='grc' dir='ltr'>μέσῳ</span> <span class='ocrx_word' id='word_1_419' title='bbox 2500 2668 2798 2738; x_wconf 87' lang='grc' dir='ltr'>κεχυμένον</span> <span class='ocrx_word' id='word_1_420' title='bbox 2820 2667 2955 2738; x_wconf 84' lang='grc' dir='ltr'>ἀέρα</span> <span class='ocrx_word' id='word_1_421' title='bbox 2976 2684 2987 2696; x_wconf 92' lang='grc'><strong>·</strong></span> <span class='ocrx_word' id='word_1_422' title='bbox 3015 2663 3343 2719; x_wconf 89' lang='grc' dir='ltr'>καταλαϐεῖν</span> <span class='ocrx_word' id='word_1_423' title='bbox 3367 2661 3434 2715; x_wconf 76' lang='grc' dir='ltr'>δὲ</span> <span class='ocrx_word' id='word_1_424' title='bbox 3475 2660 3542 2712; x_wconf 80' lang='grc' dir='ltr'><strong>τὸ</strong></span> <span class='ocrx_word' id='word_1_425' title='bbox 3573 2659 3702 2712; x_wconf 78' lang='grc' dir='ltr'>αἰθέ-</span> 
     </span>
    </p>
   </div>
   <div class='ocr_carea' id='block_1_58' title="bbox 2119 2753 3706 2831">
    <p class='ocr_par' dir='ltr' id='par_1_58' title="bbox 2119 2753 3706 2831">
     <span class='ocr_line' id='line_1_58' title="bbox 2119 2753 3706 2831; baseline -0.007 -19"><span class='ocrx_word' id='word_1_426' title='bbox 2119 2776 2234 2831; x_wconf 90' lang='grc' dir='ltr'>ριον</span> <span class='ocrx_word' id='word_1_427' title='bbox 2268 2759 2482 2824; x_wconf 85' lang='grc' dir='ltr'>κάλλος,</span> <span class='ocrx_word' id='word_1_428' title='bbox 2535 2760 2630 2813; x_wconf 72' lang='grc' dir='ltr'><strong>καὶ</strong></span> <span class='ocrx_word' id='word_1_429' title='bbox 2667 2759 2760 2812; x_wconf 72' lang='grc' dir='ltr'><strong>ἐπὶ</strong></span> <span class='ocrx_word' id='word_1_430' title='bbox 2787 2760 2857 2812; x_wconf 81' lang='grc' dir='ltr'>τὰ</span> <span class='ocrx_word' id='word_1_431' title='bbox 2889 2759 3066 2829; x_wconf 79' lang='grc' dir='ltr'>ἄστρα</span> <span class='ocrx_word' id='word_1_432' title='bbox 3117 2756 3343 2826; x_wconf 80' lang='grc' dir='ltr'>φθάσαι,</span> <span class='ocrx_word' id='word_1_433' title='bbox 3383 2753 3498 2806; x_wconf 74' lang='grc' dir='ltr'><strong>καὶ</strong></span> <span class='ocrx_word' id='word_1_434' title='bbox 3543 2753 3706 2804; x_wconf 73' lang='grc' dir='ltr'>πᾶσαν</span> 
     </span>
    </p>
   </div>
   <div class='ocr_carea' id='block_1_59' title="bbox 2117 2839 3707 2921">
    <p class='ocr_par' dir='ltr' id='par_1_59' title="bbox 2117 2839 3707 2921">
     <span class='ocr_line' id='line_1_59' title="bbox 2117 2839 3707 2921; baseline -0.006 -19"><span class='ocrx_word' id='word_1_435' title='bbox 2117 2850 2214 2921; x_wconf 79' lang='grc' dir='ltr'>τὴν</span> <span class='ocrx_word' id='word_1_436' title='bbox 2242 2851 2298 2902; x_wconf 81' lang='grc' dir='ltr'>ὲν</span> <span class='ocrx_word' id='word_1_437' title='bbox 2323 2849 2504 2912; x_wconf 80' lang='grc' dir='ltr'>αὐτοῖς</span> <span class='ocrx_word' id='word_1_438' title='bbox 2531 2848 2889 2918; x_wconf 83' lang='grc' dir='ltr'>διακόσμησιν</span> <span class='ocrx_word' id='word_1_439' title='bbox 2921 2845 3159 2900; x_wconf 80' lang='grc' dir='ltr'>κατιδεῖν</span> <span class='ocrx_word' id='word_1_440' title='bbox 3185 2861 3198 2874; x_wconf 87' lang='grc'><strong>·</strong></span> <span class='ocrx_word' id='word_1_441' title='bbox 3232 2842 3434 2910; x_wconf 74' lang='grc' dir='ltr'>στῆναι</span> <span class='ocrx_word' id='word_1_442' title='bbox 3487 2841 3550 2893; x_wconf 81' lang='grc' dir='ltr'><strong>δὲ</strong></span> <span class='ocrx_word' id='word_1_443' title='bbox 3589 2839 3707 2910; x_wconf 68' lang='grc' dir='ltr'>μηεὲ</span> 
     </span>
    </p>
   </div>
   <div class='ocr_carea' id='block_1_60' title="bbox 2121 2931 3707 3006">
    <p class='ocr_par' dir='ltr' id='par_1_60' title="bbox 2121 2931 3707 3006">
     <span class='ocr_line' id='line_1_60' title="bbox 2121 2931 3707 3006; baseline -0.008 -12"><span class='ocrx_word' id='word_1_444' title='bbox 2121 2944 2178 2994; x_wconf 84' lang='grc' dir='ltr'>ὲν</span> <span class='ocrx_word' id='word_1_445' title='bbox 2207 2940 2437 3004; x_wconf 89' lang='grc' dir='ltr'>τούτοις,</span> <span class='ocrx_word' id='word_1_446' title='bbox 2467 2939 2602 2994; x_wconf 90' lang='grc' dir='ltr'><strong>ἀλλά</strong></span> <span class='ocrx_word' id='word_1_447' title='bbox 2626 2937 3027 3006; x_wconf 74' lang='grc' dir='ltr'>διεξελθεῖνκαὶ</span> <span class='ocrx_word' id='word_1_448' title='bbox 3058 2935 3147 2988; x_wconf 84' lang='grc' dir='ltr'>διὰ</span> <span class='ocrx_word' id='word_1_449' title='bbox 3179 2933 3412 3001; x_wconf 76' lang='grc' dir='ltr'>τούτων,</span> <span class='ocrx_word' id='word_1_450' title='bbox 3451 2933 3557 2989; x_wconf 74' lang='grc' dir='ltr'><strong>καὶ</strong></span> <span class='ocrx_word' id='word_1_451' title='bbox 3589 2931 3707 2982; x_wconf 73' lang='grc' dir='ltr'>πᾶν·</span> 
     </span>
    </p>
   </div>
   <div class='ocr_carea' id='block_1_61' title="bbox 2118 3021 3709 3099">
    <p class='ocr_par' dir='ltr' id='par_1_61' title="bbox 2118 3021 3709 3099">
     <span class='ocr_line' id='line_1_61' title="bbox 2118 3021 3709 3099; baseline -0.011 -13"><span class='ocrx_word' id='word_1_452' title='bbox 2118 3050 2228 3088; x_wconf 88' lang='grc' dir='ltr'><strong>των</strong></span> <span class='ocrx_word' id='word_1_453' title='bbox 2255 3032 2365 3086; x_wconf 87' lang='grc' dir='ltr'><strong>τῶν</strong></span> <span class='ocrx_word' id='word_1_454' title='bbox 2398 3031 2730 3099; x_wconf 86' lang='grc' dir='ltr'>κινουμένων</span> <span class='ocrx_word' id='word_1_455' title='bbox 2759 3030 2854 3083; x_wconf 70' lang='grc' dir='ltr'>καὶ</span> <span class='ocrx_word' id='word_1_456' title='bbox 2895 3025 3310 3099; x_wconf 78' lang='grc' dir='ltr'>μεθισταμένων</span> <span class='ocrx_word' id='word_1_457' title='bbox 3373 3023 3551 3085; x_wconf 73' lang='grc' dir='ltr'>ἐκτὸς</span> 
     </span>
    </p>
   </div>
   <div class='ocr_carea' id='block_1_62' title="bbox 2126 3116 3708 3192">
    <p class='ocr_par' dir='ltr' id='par_1_62' title="bbox 2126 3116 3708 3192">
     <span class='ocr_line' id='line_1_62' title="bbox 2126 3116 3708 3192; baseline -0.011 -12"><span class='ocrx_word' id='word_1_458' title='bbox 2126 3126 2270 3190; x_wconf 84' lang='grc' dir='ltr'>σθαι,</span> <span class='ocrx_word' id='word_1_459' title='bbox 2304 3125 2399 3179; x_wconf 73' lang='grc' dir='ltr'><strong>καὶ</strong></span> <span class='ocrx_word' id='word_1_460' title='bbox 2431 3122 2753 3177; x_wconf 86' lang='grc' dir='ltr'>καταλαϐεῖν</span> <span class='ocrx_word' id='word_1_461' title='bbox 2773 3122 2873 3192; x_wconf 81' lang='grc' dir='ltr'>τὴν</span> <span class='ocrx_word' id='word_1_462' title='bbox 2901 3119 3146 3172; x_wconf 81' lang='grc' dir='ltr'>ἑστῶσαν</span> <span class='ocrx_word' id='word_1_463' title='bbox 3173 3116 3358 3186; x_wconf 85' lang='grc' dir='ltr'>φύσιν,</span> <span class='ocrx_word' id='word_1_464' title='bbox 3376 3116 3492 3185; x_wconf 79' lang='grc' dir='ltr'>τὴν</span> <span class='ocrx_word' id='word_1_465' title='bbox 3525 3116 3708 3183; x_wconf 78' lang='grc' dir='ltr'>ἀμετα-</span> 
     </span>
    </p>
   </div>
   <div class='ocr_carea' id='block_1_63' title="bbox 445 3177 1921 3287">
    <p class='ocr_par' dir='ltr' id='par_1_63' title="bbox 445 3177 1921 3268">
     <span class='ocr_line' id='line_1_63' title="bbox 445 3177 1921 3268; baseline -0.001 -13"><span class='ocrx_word' id='word_1_466' title='bbox 445 3201 668 3255; x_wconf 90' lang='lat' dir='ltr'><strong>tentiam</strong></span> <span class='ocrx_word' id='word_1_467' title='bbox 709 3177 1064 3266; x_wconf 82' lang='lat' dir='ltr'><strong>immobilem,</strong></span> <span class='ocrx_word' id='word_1_468' title='bbox 1105 3209 1160 3255; x_wconf 89' lang='lat' dir='ltr'><strong>et</strong></span> <span class='ocrx_word' id='word_1_469' title='bbox 1210 3200 1263 3253; x_wconf 92' lang='lat' dir='ltr'><strong>in</strong></span> <span class='ocrx_word' id='word_1_470' title='bbox 1291 3177 1472 3268; x_wconf 80' lang='lat' dir='ltr'><strong>seipsa</strong></span> <span class='ocrx_word' id='word_1_471' title='bbox 1525 3208 1808 3265; x_wconf 87' lang='lat' dir='ltr'><strong>statutam,</strong></span> <span class='ocrx_word' id='word_1_472' title='bbox 1833 3201 1921 3255; x_wconf 76' lang='lat' dir='ltr'><strong>ﬁx:</strong></span> 
     </span>
    </p>
   </div>
   <div class='ocr_carea' id='block_1_64' title="bbox 2232 3177 3708 3287">
    <p class='ocr_par' dir='ltr' id='par_1_64' title="bbox 2232 3177 3708 3287">
     <span class='ocr_line' id='line_1_64' title="bbox 2232 3177 3708 3287; baseline -0.012 -18"><span class='ocrx_word' id='word_1_473' title='bbox 2232 3177 2622 3287; x_wconf 26' lang='lat' dir='ltr'><strong>qrovvﬁtivaptv,</strong></span> <span class='ocrx_word' id='word_1_474' title='bbox 2654 3214 2751 3284; x_wconf 83' lang='grc' dir='ltr'><strong>τὴν</strong></span> <span class='ocrx_word' id='word_1_475' title='bbox 2780 3177 2871 3280; x_wconf 68' lang='grc' dir='ltr'>ἀφ’</span> <span class='ocrx_word' id='word_1_476' title='bbox 2913 3211 3128 3279; x_wconf 78' lang='grc' dir='ltr'>ἑαυτῆς</span> <span class='ocrx_word' id='word_1_477' title='bbox 3156 3177 3603 3277; x_wconf 66' lang='grc' dir='ltr'>καθιδρυμένην,</span> <span class='ocrx_word' id='word_1_478' title='bbox 3629 3202 3708 3270; x_wconf 53' lang='grc' dir='ltr'>τὴν</span> 
     </span>
    </p>
   </div>
   <div class='ocr_carea' id='block_1_65' title="bbox 446 3288 2026 3360">
    <p class='ocr_par' dir='ltr' id='par_1_65' title="bbox 446 3288 2026 3360">
     <span class='ocr_line' id='line_1_65' title="bbox 446 3288 2026 3360; baseline -0.002 -14"><span class='ocrx_word' id='word_1_479' title='bbox 446 3291 726 3346; x_wconf 78' lang='lat' dir='ltr'><strong>fundatam</strong></span> <span class='ocrx_word' id='word_1_480' title='bbox 755 3297 918 3359; x_wconf 90' lang='lat' dir='ltr'><strong>atque</strong></span> <span class='ocrx_word' id='word_1_481' title='bbox 943 3288 1234 3354; x_wconf 89' lang='lat' dir='ltr'><strong>ﬁrmatam,</strong></span> <span class='ocrx_word' id='word_1_482' title='bbox 1266 3292 1451 3343; x_wconf 88' lang='lat' dir='ltr'><strong>omnia</strong></span> <span class='ocrx_word' id='word_1_483' title='bbox 1480 3290 1768 3344; x_wconf 89' lang='lat' dir='ltr'><strong>ducentem</strong></span> <span class='ocrx_word' id='word_1_484' title='bbox 1823 3291 2026 3360; x_wconf 88' lang='lat' dir='ltr'><strong>pariter</strong></span> 
     </span>
    </p>
   </div>
   <div class='ocr_carea' id='block_1_66' title="bbox 447 3379 2024 3450">
    <p class='ocr_par' dir='ltr' id='par_1_66' title="bbox 447 3379 2024 3450">
     <span class='ocr_line' id='line_1_66' title="bbox 447 3379 2024 3450; baseline -0.001 -16"><span class='ocrx_word' id='word_1_485' title='bbox 447 3389 610 3450; x_wconf 85' lang='lat' dir='ltr'><strong>atque</strong></span> <span class='ocrx_word' id='word_1_486' title='bbox 622 3379 883 3434; x_wconf 88' lang='lat' dir='ltr'><strong>ferentem</strong></span> <span class='ocrx_word' id='word_1_487' title='bbox 896 3394 1235 3449; x_wconf 62' lang='lat' dir='ltr'><strong>quascunque</strong></span> <span class='ocrx_word' id='word_1_488' title='bbox 1251 3380 1546 3444; x_wconf 80' lang='lat' dir='ltr'><strong>exsistunt,</strong></span> <span class='ocrx_word' id='word_1_489' title='bbox 1562 3380 2024 3450; x_wconf 86' lang='lat' dir='ltr'><strong>omnia,inquam,</strong></span> 
     </span>
    </p>
   </div>
   <div class='ocr_carea' id='block_1_67' title="bbox 446 3470 2028 3543">
    <p class='ocr_par' dir='ltr' id='par_1_67' title="bbox 446 3470 2028 3543">
     <span class='ocr_line' id='line_1_67' title="bbox 446 3470 2028 3543; baseline 0.001 -19"><span class='ocrx_word' id='word_1_490' title='bbox 446 3487 570 3542; x_wconf 67' lang='lat' dir='ltr'><strong>qum</strong></span> <span class='ocrx_word' id='word_1_491' title='bbox 620 3471 691 3525; x_wconf 88' lang='lat' dir='ltr'><strong>ab</strong></span> <span class='ocrx_word' id='word_1_492' title='bbox 733 3470 1088 3525; x_wconf 88' lang='lat' dir='ltr'><strong>inenarrabili</strong></span> <span class='ocrx_word' id='word_1_493' title='bbox 1147 3471 1428 3526; x_wconf 87' lang='lat' dir='ltr'><strong>voluntate</strong></span> <span class='ocrx_word' id='word_1_494' title='bbox 1483 3471 1683 3527; x_wconf 60' lang='lat' dir='ltr'><strong>divina;</strong></span> <span class='ocrx_word' id='word_1_495' title='bbox 1741 3472 2028 3543; x_wconf 67' lang='lat' dir='ltr'><strong>sapientiae</strong></span> 
     </span>
    </p>
   </div>
   <div class='ocr_carea' id='block_1_68' title="bbox 446 3563 2027 3636">
    <p class='ocr_par' dir='ltr' id='par_1_68' title="bbox 446 3563 2027 3636">
     <span class='ocr_line' id='line_1_68' title="bbox 446 3563 2027 3636; baseline -0.002 -17"><span class='ocrx_word' id='word_1_496' title='bbox 446 3564 714 3636; x_wconf 86' lang='lat' dir='ltr'><strong>pendent;</strong></span> <span class='ocrx_word' id='word_1_497' title='bbox 745 3571 804 3617; x_wconf 92' lang='lat' dir='ltr'><strong>ut</strong></span> <span class='ocrx_word' id='word_1_498' title='bbox 829 3564 897 3618; x_wconf 91' lang='lat' dir='ltr'><strong>ab</strong></span> <span class='ocrx_word' id='word_1_499' title='bbox 927 3563 1183 3633; x_wconf 83' lang='lat' dir='ltr'><strong>omnibus</strong></span> <span class='ocrx_word' id='word_1_500' title='bbox 1207 3579 1326 3632; x_wconf 70' lang='lat' dir='ltr'><strong>quae</strong></span> <span class='ocrx_word' id='word_1_501' title='bbox 1348 3564 1622 3619; x_wconf 88' lang='lat' dir='ltr'><strong>alternant</strong></span> <span class='ocrx_word' id='word_1_502' title='bbox 1651 3575 1704 3619; x_wconf 92' lang='lat' dir='ltr'><strong>et</strong></span> <span class='ocrx_word' id='word_1_503' title='bbox 1727 3575 2027 3625; x_wconf 89' lang='lat' dir='ltr'><strong>mutantur,</strong></span> 
     </span>
    </p>
   </div>
   <div class='ocr_carea' id='block_1_69' title="bbox 449 3656 2029 3729">
    <p class='ocr_par' dir='ltr' id='par_1_69' title="bbox 449 3656 2029 3729">
     <span class='ocr_line' id='line_1_69' title="bbox 449 3656 2029 3729; baseline 0 -17"><span class='ocrx_word' id='word_1_504' title='bbox 449 3671 631 3714; x_wconf 88' lang='lat' dir='ltr'><strong>mente</strong></span> <span class='ocrx_word' id='word_1_505' title='bbox 663 3656 856 3726; x_wconf 81' lang='lat' dir='ltr'><strong>procul</strong></span> <span class='ocrx_word' id='word_1_506' title='bbox 914 3664 1184 3722; x_wconf 88' lang='lat' dir='ltr'><strong>remotus,</strong></span> <span class='ocrx_word' id='word_1_507' title='bbox 1238 3657 1295 3711; x_wconf 91' lang='lat' dir='ltr'><strong>in</strong></span> <span class='ocrx_word' id='word_1_508' title='bbox 1351 3658 1676 3713; x_wconf 91' lang='lat' dir='ltr'><strong>immutabili</strong></span> <span class='ocrx_word' id='word_1_509' title='bbox 1725 3661 1930 3729; x_wconf 86' lang='lat' dir='ltr'><strong>pariter</strong></span> <span class='ocrx_word' id='word_1_510' title='bbox 1975 3667 2029 3714; x_wconf 86' lang='lat' dir='ltr'><strong>et</strong></span> 
     </span>
    </p>
   </div>
   <div class='ocr_carea' id='block_1_70' title="bbox 448 3748 2029 3820">
    <p class='ocr_par' dir='ltr' id='par_1_70' title="bbox 448 3748 2029 3820">
     <span class='ocr_line' id='line_1_70' title="bbox 448 3748 2029 3820; baseline -0.001 -15"><span class='ocrx_word' id='word_1_511' title='bbox 448 3749 712 3805; x_wconf 83' lang='lat' dir='ltr'><strong>immobili</strong></span> <span class='ocrx_word' id='word_1_512' title='bbox 742 3748 936 3802; x_wconf 80' lang='lat' dir='ltr'><strong>animae</strong></span> <span class='ocrx_word' id='word_1_513' title='bbox 967 3755 1112 3804; x_wconf 88' lang='lat' dir='ltr'><strong>statu</strong></span> <span class='ocrx_word' id='word_1_514' title='bbox 1142 3763 1288 3813; x_wconf 91' lang='lat' dir='ltr'><strong>eum,</strong></span> <span class='ocrx_word' id='word_1_515' title='bbox 1324 3749 1418 3820; x_wconf 93' lang='lat' dir='ltr'><strong>qui</strong></span> <span class='ocrx_word' id='word_1_516' title='bbox 1471 3763 1572 3805; x_wconf 88' lang='lat' dir='ltr'><strong>nec</strong></span> <span class='ocrx_word' id='word_1_517' title='bbox 1601 3751 1822 3813; x_wconf 85' lang='lat' dir='ltr'><strong>mutari,</strong></span> <span class='ocrx_word' id='word_1_518' title='bbox 1845 3765 1944 3804; x_wconf 89' lang='lat' dir='ltr'><strong>nec</strong></span> <span class='ocrx_word' id='word_1_519' title='bbox 1973 3749 2029 3804; x_wconf 92' lang='lat' dir='ltr'><strong>in</strong></span> 
     </span>
    </p>
   </div>
   <div class='ocr_carea' id='block_1_71' title="bbox 449 3841 2029 3911">
    <p class='ocr_par' dir='ltr' id='par_1_71' title="bbox 449 3841 2029 3911">
     <span class='ocr_line' id='line_1_71' title="bbox 449 3841 2029 3911; baseline -0.001 -14"><span class='ocrx_word' id='word_1_520' title='bbox 449 3843 681 3898; x_wconf 86' lang='lat' dir='ltr'><strong>alterum</strong></span> <span class='ocrx_word' id='word_1_521' title='bbox 718 3841 954 3910; x_wconf 89' lang='lat' dir='ltr'><strong>perverti</strong></span> <span class='ocrx_word' id='word_1_522' title='bbox 1013 3850 1212 3911; x_wconf 87' lang='lat' dir='ltr'><strong>potest,</strong></span> <span class='ocrx_word' id='word_1_523' title='bbox 1256 3857 1352 3911; x_wconf 89' lang='lat' dir='ltr'><strong>per</strong></span> <span class='ocrx_word' id='word_1_524' title='bbox 1384 3841 1551 3896; x_wconf 90' lang='lat' dir='ltr'><strong>animi</strong></span> <span class='ocrx_word' id='word_1_525' title='bbox 1589 3842 1916 3896; x_wconf 90' lang='lat' dir='ltr'><strong>sententiam</strong></span> <span class='ocrx_word' id='word_1_526' title='bbox 1946 3850 2029 3895; x_wconf 89' lang='lat' dir='ltr'><strong>at-</strong></span> 
     </span>
    </p>
   </div>
   <div class='ocr_carea' id='block_1_72' title="bbox 451 3931 2032 4002">
    <p class='ocr_par' dir='ltr' id='par_1_72' title="bbox 451 3931 2032 4002">
     <span class='ocr_line' id='line_1_72' title="bbox 451 3931 2032 4002; baseline 0 -17"><span class='ocrx_word' id='word_1_527' title='bbox 451 3948 558 4002; x_wconf 83' lang='lat' dir='ltr'><strong>que</strong></span> <span class='ocrx_word' id='word_1_528' title='bbox 594 3931 862 4000; x_wconf 90' lang='lat' dir='ltr'><strong>judicium</strong></span> <span class='ocrx_word' id='word_1_529' title='bbox 918 3931 1072 4000; x_wconf 84' lang='lat' dir='ltr'><strong>prius</strong></span> <span class='ocrx_word' id='word_1_530' title='bbox 1129 3931 1416 3986; x_wconf 87' lang='lat' dir='ltr'><strong>conciliem</strong></span> <span class='ocrx_word' id='word_1_531' title='bbox 1459 3940 1514 3986; x_wconf 93' lang='lat' dir='ltr'><strong>et</strong></span> <span class='ocrx_word' id='word_1_532' title='bbox 1552 3931 1876 3985; x_wconf 78' lang='lat' dir='ltr'><strong>familiarem</strong></span> <span class='ocrx_word' id='word_1_533' title='bbox 1907 3931 2032 3985; x_wconf 87' lang='lat' dir='ltr'><strong>red-</strong></span> 
     </span>
    </p>
   </div>
   <div class='ocr_carea' id='block_1_73' title="bbox 452 4022 2032 4092">
    <p class='ocr_par' dir='ltr' id='par_1_73' title="bbox 452 4022 2032 4092">
     <span class='ocr_line' id='line_1_73' title="bbox 452 4022 2032 4092; baseline -0.001 -15"><span class='ocrx_word' id='word_1_534' title='bbox 452 4024 578 4077; x_wconf 89' lang='lat' dir='ltr'><strong>dam</strong></span> <span class='ocrx_word' id='word_1_535' title='bbox 608 4022 833 4076; x_wconf 90' lang='lat' dir='ltr'><strong>:deinde</strong></span> <span class='ocrx_word' id='word_1_536' title='bbox 860 4037 988 4077; x_wconf 82' lang='lat' dir='ltr'><strong>vero</strong></span> <span class='ocrx_word' id='word_1_537' title='bbox 1017 4024 1252 4078; x_wconf 79' lang='lat' dir='ltr'><strong>maxime</strong></span> <span class='ocrx_word' id='word_1_538' title='bbox 1281 4022 1537 4077; x_wconf 88' lang='lat' dir='ltr'><strong>familiari</strong></span> <span class='ocrx_word' id='word_1_539' title='bbox 1565 4033 1618 4076; x_wconf 92' lang='lat' dir='ltr'><strong>et</strong></span> <span class='ocrx_word' id='word_1_540' title='bbox 1638 4022 1812 4076; x_wconf 91' lang='lat' dir='ltr'><strong>amica</strong></span> <span class='ocrx_word' id='word_1_541' title='bbox 1843 4022 2032 4092; x_wconf 90' lang='lat' dir='ltr'><strong>appel-</strong></span> 
     </span>
    </p>
   </div>
   <div class='ocr_carea' id='block_1_74' title="bbox 452 4111 2031 4183">
    <p class='ocr_par' dir='ltr' id='par_1_74' title="bbox 452 4111 2031 4183">
     <span class='ocr_line' id='line_1_74' title="bbox 452 4111 2031 4183; baseline 0 -17"><span class='ocrx_word' id='word_1_542' title='bbox 452 4113 658 4167; x_wconf 87' lang='lat' dir='ltr'><strong>latione</strong></span> <span class='ocrx_word' id='word_1_543' title='bbox 685 4113 932 4166; x_wconf 89' lang='lat' dir='ltr'><strong>invocem</strong></span> <span class='ocrx_word' id='word_1_544' title='bbox 953 4127 1016 4168; x_wconf 93' lang='lat' dir='ltr'><strong>ac</strong></span> <span class='ocrx_word' id='word_1_545' title='bbox 1031 4111 1206 4167; x_wconf 90' lang='lat' dir='ltr'><strong>dicam</strong></span> <span class='ocrx_word' id='word_1_546' title='bbox 1229 4134 1243 4168; x_wconf 91' lang='lat'><strong>:</strong></span> <span class='ocrx_word' id='word_1_547' title='bbox 1264 4112 1460 4168; x_wconf 79' lang='lat' dir='ltr'><strong>Pater?</strong></span> <span class='ocrx_word' id='word_1_548' title='bbox 1482 4112 1618 4168; x_wconf 79' lang='lat' dir='ltr'><strong>Nam</strong></span> <span class='ocrx_word' id='word_1_549' title='bbox 1646 4112 1794 4183; x_wconf 90' lang='lat' dir='ltr'><strong>quali</strong></span> <span class='ocrx_word' id='word_1_550' title='bbox 1828 4113 2031 4167; x_wconf 89' lang='lat' dir='ltr'><strong>dicenti</strong></span> 
     </span>
    </p>
   </div>
   <div class='ocr_carea' id='block_1_75' title="bbox 454 4203 2028 4274">
    <p class='ocr_par' dir='ltr' id='par_1_75' title="bbox 454 4203 2028 4274">
     <span class='ocr_line' id='line_1_75' title="bbox 454 4203 2028 4274; baseline 0.003 -18"><span class='ocrx_word' id='word_1_551' title='bbox 454 4217 594 4271; x_wconf 82' lang='lat' dir='ltr'><strong>npus</strong></span> <span class='ocrx_word' id='word_1_552' title='bbox 619 4203 932 4258; x_wconf 88' lang='lat' dir='ltr'><strong>estanimol</strong></span> <span class='ocrx_word' id='word_1_553' title='bbox 972 4212 1173 4272; x_wconf 87' lang='lat' dir='ltr'><strong>quanta</strong></span> <span class='ocrx_word' id='word_1_554' title='bbox 1208 4204 1440 4259; x_wconf 85' lang='lat' dir='ltr'><strong>ﬁducia!</strong></span> <span class='ocrx_word' id='word_1_555' title='bbox 1482 4206 1631 4274; x_wconf 87' lang='lat' dir='ltr'><strong>quali</strong></span> <span class='ocrx_word' id='word_1_556' title='bbox 1654 4205 2028 4261; x_wconf 86' lang='lat' dir='ltr'><strong>conscientia!</strong></span> 
     </span>
    </p>
   </div>
   <div class='ocr_carea' id='block_1_76' title="bbox 2127 3291 3706 3375">
    <p class='ocr_par' dir='ltr' id='par_1_76' title="bbox 2127 3291 3706 3375">
     <span class='ocr_line' id='line_1_76' title="bbox 2127 3291 3706 3375; baseline -0.012 -13"><span class='ocrx_word' id='word_1_557' title='bbox 2127 3309 2302 3362; x_wconf 90' lang='grc' dir='ltr'>πάντα</span> <span class='ocrx_word' id='word_1_558' title='bbox 2321 3307 2558 3375; x_wconf 82' lang='grc' dir='ltr'>άγουσάν</span> <span class='ocrx_word' id='word_1_559' title='bbox 2585 3321 2645 3358; x_wconf 89' lang='grc' dir='ltr'><strong>τε</strong></span> <span class='ocrx_word' id='word_1_560' title='bbox 2668 3305 2759 3357; x_wconf 71' lang='grc' dir='ltr'><strong>καὶ</strong></span> <span class='ocrx_word' id='word_1_561' title='bbox 2782 3301 3072 3372; x_wconf 83' lang='grc' dir='ltr'>φέρουσαν,</span> <span class='ocrx_word' id='word_1_562' title='bbox 3099 3300 3199 3351; x_wconf 87' lang='grc' dir='ltr'><strong>ὃσα</strong></span> <span class='ocrx_word' id='word_1_563' title='bbox 3220 3299 3275 3350; x_wconf 80' lang='grc' dir='ltr'><strong>ἐν</strong></span> <span class='ocrx_word' id='word_1_564' title='bbox 3304 3296 3386 3366; x_wconf 80' lang='grc' dir='ltr'>τῷ</span> <span class='ocrx_word' id='word_1_565' title='bbox 3415 3291 3567 3347; x_wconf 83' lang='grc' dir='ltr'>εἷναί</span> <span class='ocrx_word' id='word_1_566' title='bbox 3591 3296 3706 3349; x_wconf 67' lang='grc' dir='ltr'>ἐστι,</span> 
     </span>
    </p>
   </div>
   <div class='ocr_carea' id='block_1_77' title="bbox 2129 3386 3707 3466">
    <p class='ocr_par' dir='ltr' id='par_1_77' title="bbox 2129 3386 3707 3466">
     <span class='ocr_line' id='line_1_77' title="bbox 2129 3386 3707 3466; baseline -0.011 -13"><span class='ocrx_word' id='word_1_567' title='bbox 2129 3401 2306 3454; x_wconf 85' lang='grc' dir='ltr'>πάντα</span> <span class='ocrx_word' id='word_1_568' title='bbox 2353 3398 2423 3450; x_wconf 87' lang='grc' dir='ltr'><strong>τά</strong></span> <span class='ocrx_word' id='word_1_569' title='bbox 2446 3396 2540 3450; x_wconf 80' lang='grc' dir='ltr'>τοῦ</span> <span class='ocrx_word' id='word_1_570' title='bbox 2563 3395 2842 3466; x_wconf 84' lang='grc' dir='ltr'>ἀφράστου</span> <span class='ocrx_word' id='word_1_571' title='bbox 2867 3392 3168 3462; x_wconf 81' lang='grc' dir='ltr'>θελήματος</span> <span class='ocrx_word' id='word_1_572' title='bbox 3199 3389 3299 3458; x_wconf 85' lang='grc' dir='ltr'>τῆς</span> <span class='ocrx_word' id='word_1_573' title='bbox 3335 3387 3501 3449; x_wconf 82' lang='grc' dir='ltr'>θείας</span> <span class='ocrx_word' id='word_1_574' title='bbox 3537 3386 3707 3452; x_wconf 67' lang='grc' dir='ltr'>σοφίας</span> 
     </span>
    </p>
   </div>
   <div class='ocr_carea' id='block_1_78' title="bbox 2130 3475 3706 3560">
    <p class='ocr_par' dir='ltr' id='par_1_78' title="bbox 2130 3475 3706 3560">
     <span class='ocr_line' id='line_1_78' title="bbox 2130 3475 3706 3560; baseline -0.012 -16"><span class='ocrx_word' id='word_1_575' title='bbox 2130 3489 2498 3560; x_wconf 72' lang='grc' dir='ltr'>ἐξηρτημένα·</span> <span class='ocrx_word' id='word_1_576' title='bbox 2521 3487 2660 3541; x_wconf 83' lang='grc' dir='ltr'>ὥστε</span> <span class='ocrx_word' id='word_1_577' title='bbox 2684 3485 2901 3539; x_wconf 86' lang='grc' dir='ltr'>πάντων</span> <span class='ocrx_word' id='word_1_578' title='bbox 2930 3479 3327 3550; x_wconf 84' lang='grc' dir='ltr'>ἀλλοιουμένων</span> <span class='ocrx_word' id='word_1_579' title='bbox 3345 3494 3410 3530; x_wconf 89' lang='grc' dir='ltr'><strong>τε</strong></span> <span class='ocrx_word' id='word_1_580' title='bbox 3449 3478 3552 3530; x_wconf 71' lang='grc' dir='ltr'><strong>καὶ</strong></span> <span class='ocrx_word' id='word_1_581' title='bbox 3603 3475 3706 3545; x_wconf 65' lang='grc' dir='ltr'>μεθ-</span> 
     </span>
    </p>
   </div>
   <div class='ocr_carea' id='block_1_79' title="bbox 2133 3568 3707 3650">
    <p class='ocr_par' dir='ltr' id='par_1_79' title="bbox 2133 3568 3707 3650">
     <span class='ocr_line' id='line_1_79' title="bbox 2133 3568 3707 3650; baseline -0.011 -16"><span class='ocrx_word' id='word_1_582' title='bbox 2133 3581 2433 3650; x_wconf 90' lang='grc' dir='ltr'>ισταμένων</span> <span class='ocrx_word' id='word_1_583' title='bbox 2472 3579 2663 3649; x_wconf 75' lang='grc' dir='ltr'>πόρρω</span> <span class='ocrx_word' id='word_1_584' title='bbox 2692 3579 2759 3647; x_wconf 83' lang='grc' dir='ltr'>τῇ</span> <span class='ocrx_word' id='word_1_585' title='bbox 2785 3575 2993 3645; x_wconf 77' lang='grc' dir='ltr'>διανοίᾳ</span> <span class='ocrx_word' id='word_1_586' title='bbox 3017 3572 3330 3642; x_wconf 87' lang='grc' dir='ltr'>γενόμενος,</span> <span class='ocrx_word' id='word_1_587' title='bbox 3365 3571 3430 3621; x_wconf 80' lang='grc' dir='ltr'><strong>ἐν</strong></span> <span class='ocrx_word' id='word_1_588' title='bbox 3471 3568 3707 3638; x_wconf 65' lang='grc' dir='ltr'>ἀτρέπτῳ</span> 
     </span>
    </p>
   </div>
   <div class='ocr_carea' id='block_1_80' title="bbox 2127 3660 3707 3740">
    <p class='ocr_par' dir='ltr' id='par_1_80' title="bbox 2127 3660 3707 3740">
     <span class='ocr_line' id='line_1_80' title="bbox 2127 3660 3707 3740; baseline -0.012 -15"><span class='ocrx_word' id='word_1_589' title='bbox 2127 3689 2187 3725; x_wconf 91' lang='grc' dir='ltr'><strong>τε</strong></span> <span class='ocrx_word' id='word_1_590' title='bbox 2220 3673 2312 3724; x_wconf 77' lang='grc' dir='ltr'><strong>καὶ</strong></span> <span class='ocrx_word' id='word_1_591' title='bbox 2345 3669 2553 3724; x_wconf 82' lang='grc' dir='ltr'>ἀκλινεῖ</span> <span class='ocrx_word' id='word_1_592' title='bbox 2579 3671 2646 3740; x_wconf 82' lang='grc' dir='ltr'>τῇ</span> <span class='ocrx_word' id='word_1_593' title='bbox 2674 3669 2774 3739; x_wconf 83' lang='grc' dir='ltr'><strong>τῆς</strong></span> <span class='ocrx_word' id='word_1_594' title='bbox 2816 3666 2994 3736; x_wconf 78' lang='grc' dir='ltr'>ψυχῆς</span> <span class='ocrx_word' id='word_1_595' title='bbox 3038 3661 3396 3724; x_wconf 81' lang='grc' dir='ltr'>καταστάσει,</span> <span class='ocrx_word' id='word_1_596' title='bbox 3434 3660 3533 3712; x_wconf 85' lang='grc' dir='ltr'><strong>τὸν</strong></span> <span class='ocrx_word' id='word_1_597' title='bbox 3575 3660 3707 3726; x_wconf 68' lang='grc' dir='ltr'>ἄτρε-</span> 
     </span>
    </p>
   </div>
   <div class='ocr_carea' id='block_1_81' title="bbox 2129 3749 3705 3826">
    <p class='ocr_par' dir='ltr' id='par_1_81' title="bbox 2129 3749 3705 3826">
     <span class='ocr_line' id='line_1_81' title="bbox 2129 3749 3705 3826; baseline -0.011 -10"><span class='ocrx_word' id='word_1_598' title='bbox 2129 3780 2261 3817; x_wconf 83' lang='grc' dir='ltr'>πτον</span> <span class='ocrx_word' id='word_1_599' title='bbox 2309 3762 2403 3814; x_wconf 76' lang='grc' dir='ltr'>καὶ</span> <span class='ocrx_word' id='word_1_600' title='bbox 2449 3759 2806 3814; x_wconf 82' lang='grc' dir='ltr'>ἀναλλοίωτον</span> <span class='ocrx_word' id='word_1_601' title='bbox 2835 3757 2923 3812; x_wconf 81' lang='grc' dir='ltr'>διὰ</span> <span class='ocrx_word' id='word_1_602' title='bbox 2959 3757 3058 3826; x_wconf 79' lang='grc' dir='ltr'><strong>τῆς</strong></span> <span class='ocrx_word' id='word_1_603' title='bbox 3082 3752 3309 3824; x_wconf 86' lang='grc' dir='ltr'>γνώμης</span> <span class='ocrx_word' id='word_1_604' title='bbox 3334 3751 3617 3822; x_wconf 82' lang='grc' dir='ltr'>πρότερον</span> <span class='ocrx_word' id='word_1_605' title='bbox 3648 3749 3705 3799; x_wconf 79' lang='grc' dir='ltr'><strong>οἱ·</strong></span> 
     </span>
    </p>
   </div>
   <div class='ocr_carea' id='block_1_82' title="bbox 2130 3837 3708 3916">
    <p class='ocr_par' dir='ltr' id='par_1_82' title="bbox 2130 3837 3708 3916">
     <span class='ocr_line' id='line_1_82' title="bbox 2130 3837 3708 3916; baseline -0.013 -11"><span class='ocrx_word' id='word_1_606' title='bbox 2130 3849 2482 3913; x_wconf 86' lang='grc' dir='ltr'>κειώσασθαι,</span> <span class='ocrx_word' id='word_1_607' title='bbox 2543 3845 2642 3901; x_wconf 78' lang='grc' dir='ltr'>εἶθ’</span> <span class='ocrx_word' id='word_1_608' title='bbox 2692 3847 2836 3900; x_wconf 75' lang='grc' dir='ltr'>οὕτω</span> <span class='ocrx_word' id='word_1_609' title='bbox 2888 3848 2955 3916; x_wconf 81' lang='grc' dir='ltr'>τῇ</span> <span class='ocrx_word' id='word_1_610' title='bbox 3015 3841 3322 3910; x_wconf 82' lang='grc' dir='ltr'>οίκειοτάτῃ</span> <span class='ocrx_word' id='word_1_611' title='bbox 3371 3837 3708 3910; x_wconf 61' lang='grc' dir='ltr'>προσηγορίᾳ</span> 
     </span>
    </p>
   </div>
   <div class='ocr_carea' id='block_1_83' title="bbox 2130 3926 3710 4000">
    <p class='ocr_par' dir='ltr' id='par_1_83' title="bbox 2130 3926 3710 4000">
     <span class='ocr_line' id='line_1_83' title="bbox 2130 3926 3710 4000; baseline -0.009 -6"><span class='ocrx_word' id='word_1_612' title='bbox 2130 3939 2558 3994; x_wconf 77' lang='grc' dir='ltr'>ἐπικαλέσασθαι</span> <span class='ocrx_word' id='word_1_613' title='bbox 2621 3937 2712 3991; x_wconf 75' lang='grc' dir='ltr'><strong>καὶ</strong></span> <span class='ocrx_word' id='word_1_614' title='bbox 2771 3938 2964 4000; x_wconf 79' lang='grc' dir='ltr'>εἰπεῖν,</span> <span class='ocrx_word' id='word_1_615' title='bbox 3026 3932 3258 4000; x_wconf 82' lang='grc' dir='ltr'>Πάτερ;</span> <span class='ocrx_word' id='word_1_616' title='bbox 3303 3931 3445 3992; x_wconf 79' lang='grc' dir='ltr'>Οἴας</span> <span class='ocrx_word' id='word_1_617' title='bbox 3498 3930 3612 3999; x_wconf 74' lang='grc' dir='ltr'><strong>γὰρ</strong></span> <span class='ocrx_word' id='word_1_618' title='bbox 3652 3926 3710 3993; x_wconf 61' lang='grc' dir='ltr'><strong>τᾷ·</strong></span> 
     </span>
    </p>
   </div>
   <div class='ocr_carea' id='block_1_84' title="bbox 2129 4019 3711 4103">
    <p class='ocr_par' dir='ltr' id='par_1_84' title="bbox 2129 4019 3711 4103">
     <span class='ocr_line' id='line_1_84' title="bbox 2129 4019 3711 4103; baseline -0.011 -17"><span class='ocrx_word' id='word_1_619' title='bbox 2129 4032 2338 4102; x_wconf 86' lang='grc' dir='ltr'>λέγοντι</span> <span class='ocrx_word' id='word_1_620' title='bbox 2400 4030 2557 4103; x_wconf 80' lang='grc' dir='ltr'>χρεία</span> <span class='ocrx_word' id='word_1_621' title='bbox 2614 4029 2819 4099; x_wconf 74' lang='grc' dir='ltr'>ψυχῆςῑ</span> <span class='ocrx_word' id='word_1_622' title='bbox 2868 4029 2999 4097; x_wconf 85' lang='grc' dir='ltr'>ὅσης</span> <span class='ocrx_word' id='word_1_623' title='bbox 3059 4025 3159 4092; x_wconf 80' lang='grc' dir='ltr'>τῆς</span> <span class='ocrx_word' id='word_1_624' title='bbox 3202 4021 3566 4093; x_wconf 71' lang='grc' dir='ltr'>παῤῥησίαςῑ</span> <span class='ocrx_word' id='word_1_625' title='bbox 3614 4019 3711 4076; x_wconf 70' lang='grc' dir='ltr'>οἵας</span> 
     </span>
    </p>
   </div>
   <div class='ocr_carea' id='block_1_85' title="bbox 2130 4110 3706 4195">
    <p class='ocr_par' dir='ltr' id='par_1_85' title="bbox 2130 4110 3706 4195">
     <span class='ocr_line' id='line_1_85' title="bbox 2130 4110 3706 4195; baseline -0.013 -16"><span class='ocrx_word' id='word_1_626' title='bbox 2130 4125 2231 4195; x_wconf 84' lang='grc' dir='ltr'><strong>τῆς</strong></span> <span class='ocrx_word' id='word_1_627' title='bbox 2265 4123 2617 4194; x_wconf 85' lang='grc' dir='ltr'>συνειδήσεως</span> <span class='ocrx_word' id='word_1_628' title='bbox 2640 4121 2654 4173; x_wconf 85' lang='lat' dir='ltr'><strong>l</strong></span> <span class='ocrx_word' id='word_1_629' title='bbox 2675 4121 2793 4174; x_wconf 82' lang='grc' dir='ltr'>Ἵνα</span> <span class='ocrx_word' id='word_1_630' title='bbox 2827 4118 2959 4172; x_wconf 83' lang='grc' dir='ltr'>Θεὸν</span> <span class='ocrx_word' id='word_1_631' title='bbox 2984 4117 3200 4186; x_wconf 87' lang='grc' dir='ltr'>νοήσας,</span> <span class='ocrx_word' id='word_1_632' title='bbox 3224 4113 3298 4176; x_wconf 82' lang='grc' dir='ltr'>ὡς</span> <span class='ocrx_word' id='word_1_633' title='bbox 3330 4112 3452 4164; x_wconf 77' lang='grc' dir='ltr'>ἐστι</span> <span class='ocrx_word' id='word_1_634' title='bbox 3478 4110 3706 4168; x_wconf 71' lang='grc' dir='ltr'>δυνατέν,</span> 
     </span>
    </p>
   </div>
   <div class='ocr_carea' id='block_1_86' title="bbox 2133 4203 3708 4284">
    <p class='ocr_par' dir='ltr' id='par_1_86' title="bbox 2133 4203 3708 4284">
     <span class='ocr_line' id='line_1_86' title="bbox 2133 4203 3708 4284; baseline -0.012 -14"><span class='ocrx_word' id='word_1_635' title='bbox 2133 4217 2199 4270; x_wconf 78' lang='grc' dir='ltr'>ὲκ</span> <span class='ocrx_word' id='word_1_636' title='bbox 2222 4216 2330 4269; x_wconf 84' lang='grc' dir='ltr'><strong>τῶν</strong></span> <span class='ocrx_word' id='word_1_637' title='bbox 2373 4214 2770 4284; x_wconf 82' lang='grc' dir='ltr'>ὲπινοουμένων</span> <span class='ocrx_word' id='word_1_638' title='bbox 2819 4211 2969 4282; x_wconf 79' lang='grc' dir='ltr'>αὐτῷ</span> <span class='ocrx_word' id='word_1_639' title='bbox 3002 4203 3409 4281; x_wconf 83' lang='grc' dir='ltr'>προσηγοριῶν,</span> <span class='ocrx_word' id='word_1_640' title='bbox 3451 4204 3595 4274; x_wconf 80' lang='grc' dir='ltr'>πρὸς</span> <span class='ocrx_word' id='word_1_641' title='bbox 3630 4203 3708 4267; x_wconf 66' lang='grc' dir='ltr'>τὴν</span> 
     </span>
    </p>
   </div>
   <div class='ocr_carea' id='block_1_87' title="bbox 455 4290 1931 4378">
    <p class='ocr_par' dir='ltr' id='par_1_87' title="bbox 455 4294 1910 4367">
     <span class='ocr_line' id='line_1_87' title="bbox 455 4294 1910 4367; baseline 0.002 -17"><span class='ocrx_word' id='word_1_642' title='bbox 455 4303 515 4351; x_wconf 81' lang='grc' dir='ltr'><strong>ιιι</strong></span> <span class='ocrx_word' id='word_1_643' title='bbox 554 4297 644 4350; x_wconf 92' lang='lat' dir='ltr'><strong>ubi</strong></span> <span class='ocrx_word' id='word_1_644' title='bbox 677 4295 870 4360; x_wconf 84' lang='lat' dir='ltr'><strong>Deum,</strong></span> <span class='ocrx_word' id='word_1_645' title='bbox 918 4294 1099 4366; x_wconf 91' lang='lat' dir='ltr'><strong>quoad</strong></span> <span class='ocrx_word' id='word_1_646' title='bbox 1139 4294 1260 4366; x_wconf 89' lang='lat' dir='ltr'><strong>ejus</strong></span> <span class='ocrx_word' id='word_1_647' title='bbox 1298 4295 1416 4351; x_wconf 90' lang='lat' dir='ltr'><strong>ﬁeri</strong></span> <span class='ocrx_word' id='word_1_648' title='bbox 1449 4303 1651 4366; x_wconf 90' lang='lat' dir='ltr'><strong>potest,</strong></span> <span class='ocrx_word' id='word_1_649' title='bbox 1691 4313 1788 4367; x_wconf 85' lang='lat' dir='ltr'><strong>per</strong></span> <span class='ocrx_word' id='word_1_650' title='bbox 1815 4313 1910 4353; x_wconf 90' lang='lat' dir='ltr'><strong>eas</strong></span> 
     </span>
    </p>
   </div>
   <div class='ocr_carea' id='block_1_88' title="bbox 2231 4290 3707 4378">
    <p class='ocr_par' dir='ltr' id='par_1_88' title="bbox 2231 4290 3707 4378">
     <span class='ocr_line' id='line_1_88' title="bbox 2231 4290 3707 4378; baseline -0.013 -18"><span class='ocrx_word' id='word_1_651' title='bbox 2231 4325 2349 4362; x_wconf 54' lang='grc' dir='ltr'>ηεσιν</span> <span class='ocrx_word' id='word_1_652' title='bbox 2380 4307 2478 4378; x_wconf 83' lang='grc' dir='ltr'>τῆς</span> <span class='ocrx_word' id='word_1_653' title='bbox 2527 4305 2806 4376; x_wconf 86' lang='grc' dir='ltr'>ἀφράστου</span> <span class='ocrx_word' id='word_1_654' title='bbox 2851 4302 3008 4372; x_wconf 84' lang='grc' dir='ltr'>δόξης</span> <span class='ocrx_word' id='word_1_655' title='bbox 3051 4296 3596 4372; x_wconf 79' lang='grc' dir='ltr'>χειραγωγούμενος,</span> <span class='ocrx_word' id='word_1_656' title='bbox 3633 4290 3707 4343; x_wconf 71' lang='grc' dir='ltr'><strong>καὶ</strong></span> 
     </span>
    </p>
   </div>
   <div class='ocr_carea' id='block_1_89' title="bbox 456 4391 2037 4462">
    <p class='ocr_par' dir='ltr' id='par_1_89' title="bbox 456 4391 2037 4462">
     <span class='ocr_line' id='line_1_89' title="bbox 456 4391 2037 4462; baseline -0.001 -14"><span class='ocrx_word' id='word_1_657' title='bbox 456 4393 782 4462; x_wconf 88' lang='lat' dir='ltr'><strong>pellationes</strong></span> <span class='ocrx_word' id='word_1_658' title='bbox 807 4407 930 4462; x_wconf 84' lang='lat' dir='ltr'><strong>quae</strong></span> <span class='ocrx_word' id='word_1_659' title='bbox 960 4393 1014 4446; x_wconf 93' lang='lat' dir='ltr'><strong>in</strong></span> <span class='ocrx_word' id='word_1_660' title='bbox 1050 4392 1144 4446; x_wconf 93' lang='lat' dir='ltr'><strong>illo</strong></span> <span class='ocrx_word' id='word_1_661' title='bbox 1182 4391 1722 4459; x_wconf 83' lang='lat' dir='ltr'><strong>animadvertuntur,</strong></span> <span class='ocrx_word' id='word_1_662' title='bbox 1774 4393 1844 4448; x_wconf 91' lang='lat' dir='ltr'><strong>ad</strong></span> <span class='ocrx_word' id='word_1_663' title='bbox 1873 4393 2037 4448; x_wconf 85' lang='lat' dir='ltr'><strong>intel-</strong></span> 
     </span>
    </p>
   </div>
   <div class='ocr_carea' id='block_1_90' title="bbox 2140 4384 3706 4470">
    <p class='ocr_par' dir='ltr' id='par_1_90' title="bbox 2140 4384 3706 4470">
     <span class='ocr_line' id='line_1_90' title="bbox 2140 4384 3706 4470; baseline -0.013 -16"><span class='ocrx_word' id='word_1_664' title='bbox 2140 4398 2326 4470; x_wconf 84' lang='grc' dir='ltr'>μαθὼν</span> <span class='ocrx_word' id='word_1_665' title='bbox 2357 4399 2491 4466; x_wconf 85' lang='grc' dir='ltr'>ὃτιή</span> <span class='ocrx_word' id='word_1_666' title='bbox 2525 4396 2644 4450; x_wconf 86' lang='grc' dir='ltr'>θεία</span> <span class='ocrx_word' id='word_1_667' title='bbox 2670 4395 2852 4464; x_wconf 85' lang='grc' dir='ltr'>φύσις,</span> <span class='ocrx_word' id='word_1_668' title='bbox 2885 4394 2914 4447; x_wconf 82' lang='grc' dir='ltr'>ὅ</span> <span class='ocrx_word' id='word_1_669' title='bbox 2945 4392 2998 4445; x_wconf 87' lang='grc' dir='ltr'><strong>τί</strong></span> <span class='ocrx_word' id='word_1_670' title='bbox 3039 4390 3170 4443; x_wconf 88' lang='grc' dir='ltr'>ποτέ</span> <span class='ocrx_word' id='word_1_671' title='bbox 3203 4391 3353 4441; x_wconf 86' lang='grc' dir='ltr'>ὲστιν</span> <span class='ocrx_word' id='word_1_672' title='bbox 3387 4386 3550 4449; x_wconf 76' lang='grc' dir='ltr'>αὐτὸ,</span> <span class='ocrx_word' id='word_1_673' title='bbox 3591 4384 3706 4448; x_wconf 72' lang='grc' dir='ltr'>ἀγα-</span> 
     </span>
    </p>
   </div>
   <div class='ocr_carea' id='block_1_91' title="bbox 456 4475 1932 4578">
    <p class='ocr_par' dir='ltr' id='par_1_91' title="bbox 456 4484 1932 4556">
     <span class='ocr_line' id='line_1_91' title="bbox 456 4484 1932 4556; baseline 0.001 -19"><span class='ocrx_word' id='word_1_674' title='bbox 456 4485 659 4538; x_wconf 87' lang='lat' dir='ltr'><strong>lectum</strong></span> <span class='ocrx_word' id='word_1_675' title='bbox 725 4484 1119 4538; x_wconf 91' lang='lat' dir='ltr'><strong>inenarrabilis</strong></span> <span class='ocrx_word' id='word_1_676' title='bbox 1175 4485 1362 4556; x_wconf 65' lang='lat' dir='ltr'><strong>gloria:</strong></span> <span class='ocrx_word' id='word_1_677' title='bbox 1416 4485 1575 4556; x_wconf 89' lang='lat' dir='ltr'><strong>quasi</strong></span> <span class='ocrx_word' id='word_1_678' title='bbox 1639 4487 1932 4541; x_wconf 90' lang='lat' dir='ltr'><strong>manuduct</strong></span> 
     </span>
    </p>
   </div>
   <div class='ocr_carea' id='block_1_92' title="bbox 2229 4475 3705 4578">
    <p class='ocr_par' dir='ltr' id='par_1_92' title="bbox 2235 4475 3705 4578">
     <span class='ocr_line' id='line_1_92' title="bbox 2235 4475 3705 4578; baseline -0.01 -34"><span class='ocrx_word' id='word_1_679' title='bbox 2235 4508 2300 4562; x_wconf 88' lang='grc' dir='ltr'><strong>ης</strong></span> <span class='ocrx_word' id='word_1_680' title='bbox 2354 4489 2520 4553; x_wconf 71' lang='grc' dir='ltr'>ἐστὶν,</span> <span class='ocrx_word' id='word_1_681' title='bbox 2568 4487 2858 4558; x_wconf 87' lang='grc' dir='ltr'>ἁγιασμὸς,</span> <span class='ocrx_word' id='word_1_682' title='bbox 2903 4483 3236 4553; x_wconf 86' lang='grc' dir='ltr'>ἁγαλλίαμα,</span> <span class='ocrx_word' id='word_1_683' title='bbox 3279 4479 3536 4578; x_wconf 65' lang='grc' dir='ltr'>δύναμις,</span> <span class='ocrx_word' id='word_1_684' title='bbox 3579 4475 3705 4578; x_wconf 68' lang='grc' dir='ltr'>δόξαι</span> 
     </span>
    </p>
   </div>
   <div class='ocr_carea' id='block_1_93' title="bbox 456 4577 2028 4648">
    <p class='ocr_par' dir='ltr' id='par_1_93' title="bbox 456 4577 2028 4648">
     <span class='ocr_line' id='line_1_93' title="bbox 456 4577 2028 4648; baseline 0.003 -20"><span class='ocrx_word' id='word_1_685' title='bbox 456 4584 638 4629; x_wconf 86' lang='lat' dir='ltr'><strong>mente</strong></span> <span class='ocrx_word' id='word_1_686' title='bbox 673 4577 992 4644; x_wconf 89' lang='lat' dir='ltr'><strong>conceperit</strong></span> <span class='ocrx_word' id='word_1_687' title='bbox 1027 4587 1192 4648; x_wconf 89' lang='lat' dir='ltr'><strong>atque</strong></span> <span class='ocrx_word' id='word_1_688' title='bbox 1225 4578 1504 4644; x_wconf 91' lang='lat' dir='ltr'><strong>didicerit,</strong></span> <span class='ocrx_word' id='word_1_689' title='bbox 1529 4577 1677 4648; x_wconf 89' lang='lat' dir='ltr'><strong>quod</strong></span> <span class='ocrx_word' id='word_1_690' title='bbox 1708 4577 1897 4633; x_wconf 90' lang='lat' dir='ltr'><strong>divina</strong></span> <span class='ocrx_word' id='word_1_691' title='bbox 1928 4594 2028 4632; x_wconf 86' lang='lat' dir='ltr'><strong>na-</strong></span> 
     </span>
    </p>
   </div>
   <div class='ocr_carea' id='block_1_94' title="bbox 456 4667 2030 4738">
    <p class='ocr_par' dir='ltr' id='par_1_94' title="bbox 456 4667 2030 4738">
     <span class='ocr_line' id='line_1_94' title="bbox 456 4667 2030 4738; baseline 0.002 -18"><span class='ocrx_word' id='word_1_692' title='bbox 456 4679 602 4730; x_wconf 91' lang='lat' dir='ltr'><strong>tura,</strong></span> <span class='ocrx_word' id='word_1_693' title='bbox 635 4667 1007 4738; x_wconf 87' lang='lat' dir='ltr'><strong>quodcunque</strong></span> <span class='ocrx_word' id='word_1_694' title='bbox 1038 4671 1257 4725; x_wconf 86' lang='lat' dir='ltr'><strong>tandem</strong></span> <span class='ocrx_word' id='word_1_695' title='bbox 1297 4685 1363 4726; x_wconf 91' lang='lat' dir='ltr'><strong>ea</strong></span> <span class='ocrx_word' id='word_1_696' title='bbox 1398 4671 1471 4725; x_wconf 90' lang='lat' dir='ltr'><strong>sit</strong></span> <span class='ocrx_word' id='word_1_697' title='bbox 1502 4670 1645 4738; x_wconf 89' lang='lat' dir='ltr'><strong>ipsa,</strong></span> <span class='ocrx_word' id='word_1_698' title='bbox 1676 4671 1897 4726; x_wconf 87' lang='lat' dir='ltr'><strong>bonitas</strong></span> <span class='ocrx_word' id='word_1_699' title='bbox 1935 4671 2030 4734; x_wconf 91' lang='lat' dir='ltr'><strong>sit,</strong></span> 
     </span>
    </p>
   </div>
   <div class='ocr_carea' id='block_1_95' title="bbox 455 4759 2029 4833">
    <p class='ocr_par' dir='ltr' id='par_1_95' title="bbox 455 4759 2029 4833">
     <span class='ocr_line' id='line_1_95' title="bbox 455 4759 2029 4833; baseline 0.003 -18"><span class='ocrx_word' id='word_1_700' title='bbox 455 4759 849 4825; x_wconf 87' lang='lat' dir='ltr'><strong>sanctimonia,</strong></span> <span class='ocrx_word' id='word_1_701' title='bbox 901 4763 1222 4829; x_wconf 79' lang='lat' dir='ltr'><strong>exsultatio,</strong></span> <span class='ocrx_word' id='word_1_702' title='bbox 1264 4763 1535 4832; x_wconf 87' lang='lat' dir='ltr'><strong>potentia,</strong></span> <span class='ocrx_word' id='word_1_703' title='bbox 1566 4763 1763 4833; x_wconf 85' lang='lat' dir='ltr'><strong>gloria,</strong></span> <span class='ocrx_word' id='word_1_704' title='bbox 1797 4763 2029 4832; x_wconf 88' lang='lat' dir='ltr'><strong>puritas,</strong></span> 
     </span>
    </p>
   </div>
   <div class='ocr_carea' id='block_1_96' title="bbox 453 4852 2032 4923">
    <p class='ocr_par' dir='ltr' id='par_1_96' title="bbox 453 4852 2032 4923">
     <span class='ocr_line' id='line_1_96' title="bbox 453 4852 2032 4923; baseline 0.001 -17"><span class='ocrx_word' id='word_1_705' title='bbox 453 4852 758 4915; x_wconf 68' lang='lat' dir='ltr'><strong>aeternitas,</strong></span> <span class='ocrx_word' id='word_1_706' title='bbox 793 4867 1010 4922; x_wconf 87' lang='lat' dir='ltr'><strong>semper</strong></span> <span class='ocrx_word' id='word_1_707' title='bbox 1039 4853 1232 4908; x_wconf 89' lang='lat' dir='ltr'><strong>eodem</strong></span> <span class='ocrx_word' id='word_1_708' title='bbox 1261 4852 1423 4907; x_wconf 88' lang='lat' dir='ltr'><strong>modo</strong></span> <span class='ocrx_word' id='word_1_709' title='bbox 1447 4861 1610 4923; x_wconf 90' lang='lat' dir='ltr'><strong>atque</strong></span> <span class='ocrx_word' id='word_1_710' title='bbox 1629 4854 1886 4908; x_wconf 87' lang='lat' dir='ltr'><strong>similiter</strong></span> <span class='ocrx_word' id='word_1_711' title='bbox 1909 4869 2032 4908; x_wconf 91' lang='lat' dir='ltr'><strong>sese</strong></span> 
     </span>
    </p>
   </div>
   <div class='ocr_carea' id='block_1_97' title="bbox 456 4943 2029 5013">
    <p class='ocr_par' dir='ltr' id='par_1_97' title="bbox 456 4943 2029 5013">
     <span class='ocr_line' id='line_1_97' title="bbox 456 4943 2029 5013; baseline 0.003 -19"><span class='ocrx_word' id='word_1_712' title='bbox 456 4943 666 4997; x_wconf 85' lang='lat' dir='ltr'><strong>habens</strong></span> <span class='ocrx_word' id='word_1_713' title='bbox 694 4959 706 4992; x_wconf 93' lang='lat'>:</span> <span class='ocrx_word' id='word_1_714' title='bbox 739 4955 803 4997; x_wconf 87' lang='lat' dir='ltr'><strong>ac</strong></span> <span class='ocrx_word' id='word_1_715' title='bbox 833 4959 1177 5013; x_wconf 61' lang='lat' dir='ltr'><strong>quaecunque</strong></span> <span class='ocrx_word' id='word_1_716' title='bbox 1218 4944 1349 4998; x_wconf 90' lang='lat' dir='ltr'><strong>talia</strong></span> <span class='ocrx_word' id='word_1_717' title='bbox 1390 4945 1542 4998; x_wconf 93' lang='lat' dir='ltr'><strong>circa</strong></span> <span class='ocrx_word' id='word_1_718' title='bbox 1573 4945 1815 5000; x_wconf 84' lang='lat' dir='ltr'><strong>divinam</strong></span> <span class='ocrx_word' id='word_1_719' title='bbox 1864 4953 2029 5000; x_wconf 82' lang='lat' dir='ltr'><strong>natu-</strong></span> 
     </span>
    </p>
   </div>
   <div class='ocr_carea' id='block_1_98' title="bbox 457 5033 2034 5106">
    <p class='ocr_par' dir='ltr' id='par_1_98' title="bbox 457 5033 2034 5106">
     <span class='ocr_line' id='line_1_98' title="bbox 457 5033 2034 5106; baseline 0.002 -19"><span class='ocrx_word' id='word_1_720' title='bbox 457 5047 576 5087; x_wconf 86' lang='lat' dir='ltr'><strong>ram</strong></span> <span class='ocrx_word' id='word_1_721' title='bbox 608 5033 1012 5104; x_wconf 86' lang='lat' dir='ltr'><strong>intelliguntur,</strong></span> <span class='ocrx_word' id='word_1_722' title='bbox 1058 5050 1183 5089; x_wconf 92' lang='lat' dir='ltr'><strong>cum</strong></span> <span class='ocrx_word' id='word_1_723' title='bbox 1213 5042 1267 5090; x_wconf 90' lang='lat' dir='ltr'><strong>et</strong></span> <span class='ocrx_word' id='word_1_724' title='bbox 1305 5035 1652 5105; x_wconf 88' lang='lat' dir='ltr'><strong>perdivinam</strong></span> <span class='ocrx_word' id='word_1_725' title='bbox 1688 5036 2034 5106; x_wconf 88' lang='lat' dir='ltr'><strong>Scripturam</strong></span> 
     </span>
    </p>
   </div>
   <div class='ocr_carea' id='block_1_99' title="bbox 458 5113 2035 5194">
    <p class='ocr_par' dir='ltr' id='par_1_99' title="bbox 458 5113 2035 5194">
     <span class='ocr_line' id='line_1_99' title="bbox 458 5113 2035 5194; baseline 0.003 -15"><span class='ocrx_word' id='word_1_726' title='bbox 458 5140 524 5179; x_wconf 87' lang='lat' dir='ltr'><strong>ac</strong></span> <span class='ocrx_word' id='word_1_727' title='bbox 554 5126 809 5194; x_wconf 90' lang='lat' dir='ltr'><strong>proprias</strong></span> <span class='ocrx_word' id='word_1_728' title='bbox 834 5125 1194 5194; x_wconf 88' lang='lat' dir='ltr'><strong>cogitationes</strong></span> <span class='ocrx_word' id='word_1_729' title='bbox 1223 5113 1693 5192; x_wconf 80' lang='lat' dir='ltr'><strong>animadverterit,</strong></span> <span class='ocrx_word' id='word_1_730' title='bbox 1727 5130 1923 5184; x_wconf 91' lang='lat' dir='ltr'><strong>deinde</strong></span> <span class='ocrx_word' id='word_1_731' title='bbox 1955 5139 2035 5184; x_wconf 85' lang='lat' dir='ltr'><strong>ta-</strong></span> 
     </span>
    </p>
   </div>
   <div class='ocr_carea' id='block_1_100' title="bbox 457 5215 2032 5290">
    <p class='ocr_par' dir='ltr' id='par_1_100' title="bbox 457 5215 2032 5290">
     <span class='ocr_line' id='line_1_100' title="bbox 457 5215 2032 5290; baseline 0.003 -20"><span class='ocrx_word' id='word_1_732' title='bbox 457 5217 566 5270; x_wconf 90' lang='lat' dir='ltr'><strong>lem</strong></span> <span class='ocrx_word' id='word_1_733' title='bbox 601 5215 854 5270; x_wconf 88' lang='lat' dir='ltr'><strong>emittere</strong></span> <span class='ocrx_word' id='word_1_734' title='bbox 881 5232 1093 5283; x_wconf 90' lang='lat' dir='ltr'><strong>voccm,</strong></span> <span class='ocrx_word' id='word_1_735' title='bbox 1139 5225 1193 5273; x_wconf 90' lang='lat' dir='ltr'><strong>et</strong></span> <span class='ocrx_word' id='word_1_736' title='bbox 1222 5234 1369 5281; x_wconf 86' lang='lat' dir='ltr'><strong>eum,</strong></span> <span class='ocrx_word' id='word_1_737' title='bbox 1423 5219 1516 5290; x_wconf 93' lang='lat' dir='ltr'><strong>qui</strong></span> <span class='ocrx_word' id='word_1_738' title='bbox 1553 5221 1681 5276; x_wconf 81' lang='lat' dir='ltr'><strong>talis</strong></span> <span class='ocrx_word' id='word_1_739' title='bbox 1734 5221 1825 5288; x_wconf 86' lang='lat' dir='ltr'><strong>sit,</strong></span> <span class='ocrx_word' id='word_1_740' title='bbox 1876 5238 2032 5276; x_wconf 88' lang='lat' dir='ltr'><strong>suum</strong></span> 
     </span>
    </p>
   </div>
   <div class='ocr_carea' id='block_1_101' title="bbox 460 5307 2034 5383">
    <p class='ocr_par' dir='ltr' id='par_1_101' title="bbox 460 5307 2034 5383">
     <span class='ocr_line' id='line_1_101' title="bbox 460 5307 2034 5383; baseline 0.008 -25"><span class='ocrx_word' id='word_1_741' title='bbox 460 5315 672 5374; x_wconf 88' lang='lat' dir='ltr'><strong>patrem</strong></span> <span class='ocrx_word' id='word_1_742' title='bbox 723 5307 1012 5362; x_wconf 82' lang='lat' dir='ltr'><strong>nominare</strong></span> <span class='ocrx_word' id='word_1_743' title='bbox 1077 5310 1310 5365; x_wconf 88' lang='lat' dir='ltr'><strong>audeat?</strong></span> <span class='ocrx_word' id='word_1_744' title='bbox 1332 5310 1696 5383; x_wconf 86' lang='lat' dir='ltr'><strong>Perspicuum</strong></span> <span class='ocrx_word' id='word_1_745' title='bbox 1735 5323 1820 5370; x_wconf 91' lang='lat' dir='ltr'><strong>est</strong></span> <span class='ocrx_word' id='word_1_746' title='bbox 1863 5318 2034 5381; x_wconf 91' lang='lat' dir='ltr'><strong>enim,</strong></span> 
     </span>
    </p>
   </div>
   <div class='ocr_carea' id='block_1_102' title="bbox 463 5397 2036 5482">
    <p class='ocr_par' dir='ltr' id='par_1_102' title="bbox 463 5397 2036 5482">
     <span class='ocr_line' id='line_1_102' title="bbox 463 5397 2036 5482; baseline 0.009 -34"><span class='ocrx_word' id='word_1_747' title='bbox 463 5398 609 5464; x_wconf 90' lang='lat' dir='ltr'><strong>quod</strong></span> <span class='ocrx_word' id='word_1_748' title='bbox 636 5397 685 5450; x_wconf 88' lang='lat' dir='ltr'><strong>si</strong></span> <span class='ocrx_word' id='word_1_749' title='bbox 725 5398 963 5468; x_wconf 84' lang='lat' dir='ltr'><strong>alicujus</strong></span> <span class='ocrx_word' id='word_1_750' title='bbox 1017 5401 1397 5473; x_wconf 67' lang='lat' dir='ltr'><strong>intelligentiae</strong></span> <span class='ocrx_word' id='word_1_751' title='bbox 1439 5407 1716 5482; x_wconf 56' lang='lat' dir='ltr'><strong>particem</strong></span> <span class='ocrx_word' id='word_1_752' title='bbox 1763 5408 1854 5473; x_wconf 90' lang='lat' dir='ltr'><strong>sit,</strong></span> <span class='ocrx_word' id='word_1_753' title='bbox 1927 5423 2036 5462; x_wconf 91' lang='lat' dir='ltr'><strong>non</strong></span> 
     </span>
    </p>
   </div>
   <div class='ocr_carea' id='block_1_103' title="bbox 464 5487 2034 5568">
    <p class='ocr_par' dir='ltr' id='par_1_103' title="bbox 464 5487 2034 5568">
     <span class='ocr_line' id='line_1_103' title="bbox 464 5487 2034 5568; baseline 0.011 -32"><span class='ocrx_word' id='word_1_754' title='bbox 464 5498 704 5539; x_wconf 86' lang='lat' dir='ltr'><strong>ausurus</strong></span> <span class='ocrx_word' id='word_1_755' title='bbox 728 5487 819 5551; x_wconf 90' lang='lat' dir='ltr'><strong>sit,</strong></span> <span class='ocrx_word' id='word_1_756' title='bbox 879 5504 1004 5544; x_wconf 91' lang='lat' dir='ltr'><strong>cum</strong></span> <span class='ocrx_word' id='word_1_757' title='bbox 1041 5507 1146 5544; x_wconf 89' lang='lat' dir='ltr'><strong>non</strong></span> <span class='ocrx_word' id='word_1_758' title='bbox 1177 5495 1367 5548; x_wconf 85' lang='lat' dir='ltr'><strong>eadem</strong></span> <span class='ocrx_word' id='word_1_759' title='bbox 1423 5497 1586 5550; x_wconf 83' lang='lat' dir='ltr'><strong>etiam</strong></span> <span class='ocrx_word' id='word_1_760' title='bbox 1634 5498 1688 5551; x_wconf 91' lang='lat' dir='ltr'><strong>in</strong></span> <span class='ocrx_word' id='word_1_761' title='bbox 1735 5513 1795 5553; x_wconf 89' lang='lat' dir='ltr'><strong>se</strong></span> <span class='ocrx_word' id='word_1_762' title='bbox 1826 5509 2034 5568; x_wconf 80' lang='lat' dir='ltr'><strong>cernat,</strong></span> 
     </span>
    </p>
   </div>
   <div class='ocr_carea' id='block_1_104' title="bbox 543 5654 1532 5732">
    <p class='ocr_par' dir='ltr' id='par_1_104' title="bbox 543 5654 1532 5732">
     <span class='ocr_line' id='line_1_104' title="bbox 543 5654 1532 5732; baseline 0.009 -21"><span class='ocrx_word' id='word_1_763' title='bbox 543 5654 586 5694; x_wconf 62' lang='lat'><strong>3&quot;</strong></span> <span class='ocrx_word' id='word_1_764' title='bbox 623 5659 811 5721; x_wconf 59' lang='lat' dir='ltr'><strong>natth.</strong></span> <span class='ocrx_word' id='word_1_765' title='bbox 846 5678 920 5724; x_wconf 71' lang='lat' dir='ltr'><strong>vr,</strong></span> <span class='ocrx_word' id='word_1_766' title='bbox 953 5663 1004 5718; x_wconf 88' lang='lat'><strong>9.</strong></span> <span class='ocrx_word' id='word_1_767' title='bbox 1084 5668 1126 5698; x_wconf 82' lang='grc'><strong>³³</strong></span> <span class='ocrx_word' id='word_1_768' title='bbox 1166 5665 1307 5720; x_wconf 86' lang='lat' dir='ltr'><strong>Psal.</strong></span> <span class='ocrx_word' id='word_1_769' title='bbox 1342 5682 1448 5732; x_wconf 84' lang='lat' dir='ltr'><strong>LIV,</strong></span> <span class='ocrx_word' id='word_1_770' title='bbox 1485 5669 1532 5720; x_wconf 90' lang='lat'><strong>7.</strong></span> 
     </span>
    </p>
   </div>
   <div class='ocr_carea' id='block_1_105' title="bbox 2139 4567 3709 4655">
    <p class='ocr_par' dir='ltr' id='par_1_105' title="bbox 2139 4567 3709 4655">
     <span class='ocr_line' id='line_1_105' title="bbox 2139 4567 3709 4655; baseline -0.013 -18"><span class='ocrx_word' id='word_1_771' title='bbox 2139 4582 2467 4655; x_wconf 85' lang='grc' dir='ltr'>καθαρότης,</span> <span class='ocrx_word' id='word_1_772' title='bbox 2498 4579 2756 4651; x_wconf 86' lang='grc' dir='ltr'>ἀῖδιότης,</span> <span class='ocrx_word' id='word_1_773' title='bbox 2789 4578 2875 4631; x_wconf 69' lang='grc' dir='ltr'><strong>ἀεὶ</strong></span> <span class='ocrx_word' id='word_1_774' title='bbox 2903 4575 3042 4630; x_wconf 85' lang='grc' dir='ltr'><strong>κατά</strong></span> <span class='ocrx_word' id='word_1_775' title='bbox 3065 4574 3133 4627; x_wconf 77' lang='grc' dir='ltr'>τὰ</span> <span class='ocrx_word' id='word_1_776' title='bbox 3161 4571 3301 4626; x_wconf 83' lang='grc' dir='ltr'>αὐτὰ</span> <span class='ocrx_word' id='word_1_777' title='bbox 3333 4571 3430 4624; x_wconf 59' lang='grc' dir='ltr'><strong>καί⁹</strong></span> <span class='ocrx_word' id='word_1_778' title='bbox 3462 4567 3709 4626; x_wconf 78' lang='grc' dir='ltr'>ὡσαύτως</span> 
     </span>
    </p>
   </div>
   <div class='ocr_carea' id='block_1_106' title="bbox 2140 4656 3706 4746">
    <p class='ocr_par' dir='ltr' id='par_1_106' title="bbox 2140 4656 3706 4746">
     <span class='ocr_line' id='line_1_106' title="bbox 2140 4656 3706 4746; baseline -0.015 -18"><span class='ocrx_word' id='word_1_779' title='bbox 2140 4675 2375 4746; x_wconf 75' lang='grc' dir='ltr'>ἔχουσα,</span> <span class='ocrx_word' id='word_1_780' title='bbox 2409 4673 2504 4726; x_wconf 72' lang='grc' dir='ltr'><strong>καὶ</strong></span> <span class='ocrx_word' id='word_1_781' title='bbox 2549 4672 2650 4725; x_wconf 85' lang='grc' dir='ltr'>ὅσα</span> <span class='ocrx_word' id='word_1_782' title='bbox 2707 4669 2929 4722; x_wconf 79' lang='grc' dir='ltr'>τοιαῦτα</span> <span class='ocrx_word' id='word_1_783' title='bbox 2979 4666 3226 4735; x_wconf 86' lang='grc' dir='ltr'>νενόηται</span> <span class='ocrx_word' id='word_1_784' title='bbox 3264 4660 3392 4732; x_wconf 75' lang='grc' dir='ltr'>περὶ</span> <span class='ocrx_word' id='word_1_785' title='bbox 3441 4659 3546 4727; x_wconf 80' lang='grc' dir='ltr'>τὴν</span> <span class='ocrx_word' id='word_1_786' title='bbox 3578 4656 3706 4709; x_wconf 73' lang='grc' dir='ltr'>θείαν</span> 
     </span>
    </p>
   </div>
   <div class='ocr_carea' id='block_1_107' title="bbox 2141 4748 3705 4840">
    <p class='ocr_par' dir='ltr' id='par_1_107' title="bbox 2141 4748 3705 4840">
     <span class='ocr_line' id='line_1_107' title="bbox 2141 4748 3705 4840; baseline -0.017 -17"><span class='ocrx_word' id='word_1_787' title='bbox 2141 4770 2323 4840; x_wconf 84' lang='grc' dir='ltr'>φύσιν,</span> <span class='ocrx_word' id='word_1_788' title='bbox 2353 4767 2440 4821; x_wconf 87' lang='grc' dir='ltr'><strong>διά</strong></span> <span class='ocrx_word' id='word_1_789' title='bbox 2463 4785 2524 4819; x_wconf 91' lang='grc' dir='ltr'><strong>τε</strong></span> <span class='ocrx_word' id='word_1_790' title='bbox 2553 4766 2651 4835; x_wconf 85' lang='grc' dir='ltr'>τῆς</span> <span class='ocrx_word' id='word_1_791' title='bbox 2679 4764 2827 4826; x_wconf 82' lang='grc' dir='ltr'>θείας</span> <span class='ocrx_word' id='word_1_792' title='bbox 2855 4760 3079 4832; x_wconf 80' lang='grc' dir='ltr'>Γραφῆς</span> <span class='ocrx_word' id='word_1_793' title='bbox 3125 4757 3219 4810; x_wconf 77' lang='grc' dir='ltr'><strong>καὶ</strong></span> <span class='ocrx_word' id='word_1_794' title='bbox 3245 4754 3354 4808; x_wconf 85' lang='grc' dir='ltr'>τῶν</span> <span class='ocrx_word' id='word_1_795' title='bbox 3383 4751 3619 4840; x_wconf 78' lang='grc' dir='ltr'>οἰκείων</span> <span class='ocrx_word' id='word_1_796' title='bbox 3637 4748 3705 4797; x_wconf 69' lang='grc' dir='ltr'>λου</span> 
     </span>
    </p>
   </div>
   <div class='ocr_carea' id='block_1_108' title="bbox 2140 4838 3703 4931">
    <p class='ocr_par' dir='ltr' id='par_1_108' title="bbox 2140 4838 3703 4931">
     <span class='ocr_line' id='line_1_108' title="bbox 2140 4838 3703 4931; baseline -0.015 -16"><span class='ocrx_word' id='word_1_797' title='bbox 2140 4860 2355 4931; x_wconf 84' lang='grc' dir='ltr'>γισμῶν</span> <span class='ocrx_word' id='word_1_798' title='bbox 2407 4859 2770 4928; x_wconf 84' lang='grc' dir='ltr'>κατανοήσας,</span> <span class='ocrx_word' id='word_1_799' title='bbox 2820 4850 2941 4907; x_wconf 84' lang='grc' dir='ltr'>εἷτα</span> <span class='ocrx_word' id='word_1_800' title='bbox 2987 4851 3247 4920; x_wconf 83' lang='grc' dir='ltr'>τολμήσει</span> <span class='ocrx_word' id='word_1_801' title='bbox 3307 4846 3411 4916; x_wconf 77' lang='grc' dir='ltr'><strong>τὴν</strong></span> <span class='ocrx_word' id='word_1_802' title='bbox 3465 4838 3703 4904; x_wconf 73' lang='grc' dir='ltr'>τοιαύτην</span> 
     </span>
    </p>
   </div>
   <div class='ocr_carea' id='block_1_109' title="bbox 2141 4932 3704 5024">
    <p class='ocr_par' dir='ltr' id='par_1_109' title="bbox 2141 4932 3704 5024">
     <span class='ocr_line' id='line_1_109' title="bbox 2141 4932 3704 5024; baseline -0.019 -17"><span class='ocrx_word' id='word_1_803' title='bbox 2141 4951 2401 5024; x_wconf 87' lang='grc' dir='ltr'>προέσθαι</span> <span class='ocrx_word' id='word_1_804' title='bbox 2443 4948 2644 5018; x_wconf 76' lang='grc' dir='ltr'>φωνὴν,</span> <span class='ocrx_word' id='word_1_805' title='bbox 2697 4946 2790 5000; x_wconf 69' lang='grc' dir='ltr'>καὶ</span> <span class='ocrx_word' id='word_1_806' title='bbox 2841 4943 2933 4996; x_wconf 90' lang='grc' dir='ltr'><strong>τὸν</strong></span> <span class='ocrx_word' id='word_1_807' title='bbox 2966 4939 3206 4993; x_wconf 79' lang='grc' dir='ltr'>τοιοῦτον</span> <span class='ocrx_word' id='word_1_808' title='bbox 3259 4932 3460 4988; x_wconf 73' lang='grc' dir='ltr'>ἑαυτοῦ</span> <span class='ocrx_word' id='word_1_809' title='bbox 3503 4944 3704 4984; x_wconf 57' lang='grc' dir='ltr'>κατονο·</span> 
     </span>
    </p>
   </div>
   <div class='ocr_carea' id='block_1_110' title="bbox 2141 5021 3702 5116">
    <p class='ocr_par' dir='ltr' id='par_1_110' title="bbox 2141 5021 3702 5116">
     <span class='ocr_line' id='line_1_110' title="bbox 2141 5021 3702 5116; baseline -0.019 -17"><span class='ocrx_word' id='word_1_810' title='bbox 2141 5021 2312 5116; x_wconf 81' lang='grc' dir='ltr'>μάσαι</span> <span class='ocrx_word' id='word_1_811' title='bbox 2343 5042 2584 5112; x_wconf 84' lang='grc' dir='ltr'>πατέρα;</span> <span class='ocrx_word' id='word_1_812' title='bbox 2627 5040 2795 5109; x_wconf 81' lang='grc' dir='ltr'>Δῆλον</span> <span class='ocrx_word' id='word_1_813' title='bbox 2824 5036 2953 5107; x_wconf 80' lang='grc' dir='ltr'>γὰρ,</span> <span class='ocrx_word' id='word_1_814' title='bbox 2989 5035 3072 5086; x_wconf 85' lang='grc' dir='ltr'>ὅτι</span> <span class='ocrx_word' id='word_1_815' title='bbox 3096 5032 3144 5083; x_wconf 85' lang='grc' dir='ltr'><strong>εί</strong></span> <span class='ocrx_word' id='word_1_816' title='bbox 3183 5028 3402 5100; x_wconf 87' lang='grc' dir='ltr'>μετέχοι</span> <span class='ocrx_word' id='word_1_817' title='bbox 3430 5023 3582 5084; x_wconf 79' lang='grc' dir='ltr'>τινὸς</span> <span class='ocrx_word' id='word_1_818' title='bbox 3611 5021 3702 5116; x_wconf 53' lang='lat' dir='ltr'><strong>ea:</strong></span> 
     </span>
    </p>
   </div>
   <div class='ocr_carea' id='block_1_111' title="bbox 2139 5112 3700 5201">
    <p class='ocr_par' dir='ltr' id='par_1_111' title="bbox 2139 5112 3700 5201">
     <span class='ocr_line' id='line_1_111' title="bbox 2139 5112 3700 5201; baseline -0.009 -13"><span class='ocrx_word' id='word_1_819' title='bbox 2139 5112 2310 5198; x_wconf 80' lang='grc' dir='ltr'>νοίας,</span> <span class='ocrx_word' id='word_1_820' title='bbox 2357 5135 2456 5186; x_wconf 82' lang='grc' dir='ltr'><strong>οὐκ</strong></span> <span class='ocrx_word' id='word_1_821' title='bbox 2500 5131 2565 5184; x_wconf 81' lang='grc' dir='ltr'>ἂν</span> <span class='ocrx_word' id='word_1_822' title='bbox 2617 5130 2908 5201; x_wconf 84' lang='grc' dir='ltr'>θαρσήσειε</span> <span class='ocrx_word' id='word_1_823' title='bbox 2959 5127 3033 5197; x_wconf 84' lang='grc' dir='ltr'>μὴ</span> <span class='ocrx_word' id='word_1_824' title='bbox 3074 5123 3143 5176; x_wconf 86' lang='grc' dir='ltr'><strong>τά</strong></span> <span class='ocrx_word' id='word_1_825' title='bbox 3174 5119 3313 5173; x_wconf 79' lang='grc' dir='ltr'>αὐτὰ</span> <span class='ocrx_word' id='word_1_826' title='bbox 3351 5116 3452 5170; x_wconf 71' lang='grc' dir='ltr'><strong>καὶ</strong></span> <span class='ocrx_word' id='word_1_827' title='bbox 3481 5117 3540 5167; x_wconf 82' lang='grc' dir='ltr'>ὲν</span> <span class='ocrx_word' id='word_1_828' title='bbox 3579 5112 3700 5174; x_wconf 54' lang='grc' dir='ltr'><strong>αὑτῷ</strong></span> 
     </span>
    </p>
   </div>
   <div class='ocr_carea' id='block_1_112' title="bbox 2144 5202 3698 5296">
    <p class='ocr_par' dir='ltr' id='par_1_112' title="bbox 2144 5202 3698 5296">
     <span class='ocr_line' id='line_1_112' title="bbox 2144 5202 3698 5296; baseline -0.015 -18"><span class='ocrx_word' id='word_1_829' title='bbox 2144 5225 2374 5296; x_wconf 86' lang='grc' dir='ltr'>βλέπων,</span> <span class='ocrx_word' id='word_1_830' title='bbox 2412 5222 2624 5292; x_wconf 80' lang='grc' dir='ltr'>ἐκείνην</span> <span class='ocrx_word' id='word_1_831' title='bbox 2646 5219 2907 5292; x_wconf 88' lang='grc' dir='ltr'>προέσθαι</span> <span class='ocrx_word' id='word_1_832' title='bbox 2930 5216 3065 5288; x_wconf 77' lang='grc' dir='ltr'>πρὸς</span> <span class='ocrx_word' id='word_1_833' title='bbox 3093 5213 3183 5265; x_wconf 87' lang='grc' dir='ltr'><strong>τὸν</strong></span> <span class='ocrx_word' id='word_1_834' title='bbox 3216 5209 3350 5262; x_wconf 86' lang='grc' dir='ltr'>Θεὸν</span> <span class='ocrx_word' id='word_1_835' title='bbox 3386 5207 3490 5277; x_wconf 81' lang='grc' dir='ltr'>τὴν</span> <span class='ocrx_word' id='word_1_836' title='bbox 3519 5202 3698 5272; x_wconf 73' lang='grc' dir='ltr'>φωνὴν,</span> 
     </span>
    </p>
   </div>
   <div class='ocr_carea' id='block_1_113' title="bbox 2139 5297 3699 5394">
    <p class='ocr_par' dir='ltr' id='par_1_113' title="bbox 2139 5297 3699 5394">
     <span class='ocr_line' id='line_1_113' title="bbox 2139 5297 3699 5394; baseline -0.008 -22"><span class='ocrx_word' id='word_1_837' title='bbox 2139 5319 2233 5372; x_wconf 70' lang='grc' dir='ltr'><strong>καὶ</strong></span> <span class='ocrx_word' id='word_1_838' title='bbox 2254 5319 2446 5370; x_wconf 79' lang='grc' dir='ltr'>εἰπεῖν’</span> <span class='ocrx_word' id='word_1_839' title='bbox 2473 5314 2682 5383; x_wconf 67' lang='grc' dir='ltr'>Πάτερ.</span> <span class='ocrx_word' id='word_1_840' title='bbox 2702 5312 2812 5381; x_wconf 80' lang='grc' dir='ltr'>Τῆς</span> <span class='ocrx_word' id='word_1_841' title='bbox 2834 5311 2942 5381; x_wconf 89' lang='grc' dir='ltr'>γὰρ</span> <span class='ocrx_word' id='word_1_842' title='bbox 2967 5306 3207 5376; x_wconf 79' lang='grc' dir='ltr'>πονηρᾶς</span> <span class='ocrx_word' id='word_1_843' title='bbox 3229 5300 3508 5394; x_wconf 38' lang='grc' dir='ltr'>πράξεως-ι</span> <span class='ocrx_word' id='word_1_844' title='bbox 3530 5299 3560 5349; x_wconf 71' lang='grc' dir='ltr'>ὁ</span> <span class='ocrx_word' id='word_1_845' title='bbox 3586 5297 3699 5394; x_wconf 53' lang='grc' dir='ltr'><strong>ἀτξ·</strong></span> 
     </span>
    </p>
   </div>
   <div class='ocr_carea' id='block_1_114' title="bbox 2133 5390 3699 5477">
    <p class='ocr_par' dir='ltr' id='par_1_114' title="bbox 2133 5390 3699 5477">
     <span class='ocr_line' id='line_1_114' title="bbox 2133 5390 3699 5477; baseline -0.019 -13"><span class='ocrx_word' id='word_1_846' title='bbox 2133 5411 2226 5473; x_wconf 91' lang='grc' dir='ltr'><strong>θὸς</strong></span> <span class='ocrx_word' id='word_1_847' title='bbox 2275 5408 2415 5462; x_wconf 82' lang='grc' dir='ltr'>κατὰ</span> <span class='ocrx_word' id='word_1_848' title='bbox 2471 5407 2568 5477; x_wconf 81' lang='grc' dir='ltr'>τὴν</span> <span class='ocrx_word' id='word_1_849' title='bbox 2618 5403 2828 5466; x_wconf 79' lang='grc' dir='ltr'>οὐσίαν,</span> <span class='ocrx_word' id='word_1_850' title='bbox 2884 5401 3067 5470; x_wconf 78' lang='grc' dir='ltr'>πατὴρ</span> <span class='ocrx_word' id='word_1_851' title='bbox 3120 5392 3376 5463; x_wconf 84' lang='grc' dir='ltr'>γενέσθαι</span> <span class='ocrx_word' id='word_1_852' title='bbox 3426 5390 3587 5458; x_wconf 82' lang='grc' dir='ltr'>φύσιν</span> <span class='ocrx_word' id='word_1_853' title='bbox 3621 5390 3699 5436; x_wconf 59' lang='grc' dir='ltr'><strong>οὑκ</strong></span> 
     </span>
    </p>
   </div>
   <div class='ocr_carea' id='block_1_115' title="bbox 2136 5478 3696 5572">
    <p class='ocr_par' dir='ltr' id='par_1_115' title="bbox 2136 5478 3696 5572">
     <span class='ocr_line' id='line_1_115' title="bbox 2136 5478 3696 5572; baseline -0.013 -17"><span class='ocrx_word' id='word_1_854' title='bbox 2136 5503 2248 5572; x_wconf 74' lang='grc' dir='ltr'>ἔχει</span> <span class='ocrx_word' id='word_1_855' title='bbox 2267 5517 2281 5532; x_wconf 93' lang='grc'><strong>·</strong></span> <span class='ocrx_word' id='word_1_856' title='bbox 2313 5500 2434 5552; x_wconf 70' lang='grc' dir='ltr'>οὔτε</span> <span class='ocrx_word' id='word_1_857' title='bbox 2466 5498 2558 5551; x_wconf 77' lang='grc' dir='ltr'>τοῦ</span> <span class='ocrx_word' id='word_1_858' title='bbox 2594 5496 2734 5551; x_wconf 71' lang='grc' dir='ltr'>κατὰ</span> <span class='ocrx_word' id='word_1_859' title='bbox 2764 5496 2853 5549; x_wconf 89' lang='grc' dir='ltr'><strong>τὸν</strong></span> <span class='ocrx_word' id='word_1_860' title='bbox 2885 5493 2998 5563; x_wconf 86' lang='grc' dir='ltr'>βίον</span> <span class='ocrx_word' id='word_1_861' title='bbox 3027 5485 3450 5560; x_wconf 77' lang='grc' dir='ltr'>βεϐηλωθὲντος,</span> <span class='ocrx_word' id='word_1_862' title='bbox 3476 5480 3506 5534; x_wconf 80' lang='grc' dir='ltr'><strong>ὁ</strong></span> <span class='ocrx_word' id='word_1_863' title='bbox 3537 5478 3696 5543; x_wconf 60' lang='grc' dir='ltr'>ἅγιος</span> 
     </span>
    </p>
   </div>
  </div>
