3738 5984
87 236 238 296 HM

1061 237 1150 292 DE
1189 235 1540 293 ORATIONE
1582 233 1927 291 DOMINICA.
1966 262 2034 273 —-
2073 231 2332 290 ORATIO
2369 233 2434 289 ll.

3233 233 3372 289 1142

86 353 228 408 οὔτε
275 353 374 409 τοῦ
412 354 900 426 περιτρεπομένου,
952 355 981 406 6
1022 352 1407 416 ἀναλλοίωτος·
1445 350 1562 404 οὔτε

1890 364 1951 402 im
1981 363 2170 403 vocem
2202 347 2271 403 ad
2310 347 2480 403 Deum
2514 348 2789 413 emittere,
2849 363 2913 404 ac
2946 348 3152 416 dicere,
3187 347 3366 405 Pater.

84 445 472 517 νεκρωθέντος
513 443 574 509 ἐξ
629 444 925 514 ἁμαρτίας,
959 444 988 496 6
1027 443 1208 514 πατὴρ
1234 444 1330 514 τῆς
1365 443 1540 514 ζωῆς·
1568 441 1694 494 οὔτε

90 535 216 587 τῶν
254 537 312 588 ἐν
366 537 480 598 τοῖς
533 533 730 588 πάθεσι
775 533 872 603 τῆς
907 532 1129 603 ἀτιμίας
1159 531 1632 602 ἀσχημονούντων,
1665 531 1695 583 6

95 627 351 697 καθαρὸς
377 625 470 678 καὶ
499 625 775 695 ἀκήρατος
800 639 814 653 ⁶
843 621 967 676 οὔτε
996 623 1090 676 τοῦ
1117 623 1461 686 πλεονέκτου,
1489 623 1518 675 6
1537 620 1686 692 εὐερ·

96 717 278 788 γέτης
301 733 316 748 ο
341 715 464 770 οὔτε
487 717 624 779 ὅλως
644 715 754 769 τῶν
791 715 849 768 ἐν
882 733 988 769 τινι
1023 714 1180 786 κακῷ
1217 713 1640 786 εὑρισκομένων,
1667 715 1697 767 ὀ

92 808 163 860 ἐν
197 807 365 860 παντὶ
395 806 586 878 ἀγαθῷ
615 805 1008 879 θεωρούμενος.
1057 807 1121 860 Εἰ
1153 806 1260 878 γάρ
1295 824 1379 869 τις
1403 805 1538 875 πρὸς
1573 805 1698 858 ἐαυ-

96 898 198 950 τὸν
223 898 438 968 βλέπων
489 898 569 950 ἐτι
615 897 914 969 καθαρσίου
953 897 1224 968 δεόμενος,
1270 897 1366 951 καὶ
1417 895 1698 967 μοχθηρὰν

97 988 306 1040 ἑαυτοῦ
353 988 658 1058 συνείδησιν
708 986 1086 1056 ἐπιγινώσκων
1119 986 1301 1058 πλήρη
1346 985 1577 1057 κηλίδων
1605 983 1699 1037 καὶ

97 1079 365 1150 πονηρῶν
385 1078 768 1149 ἐγκαυμάτων,
795 1079 924 1148 πρὶν
946 1079 1284 1150 καθαρθῆναι
1304 1077 1412 1131 τῶν
1441 1075 1698 1140 τοιούτων

93 1189 164 1224 τε
197 1171 294 1225 καὶ
311 1170 580 1224 τοσούτων
602 1169 810 1234 κακῶν,
827 1170 963 1241 πρὸς
996 1169 1093 1241 τὴν
1119 1169 1212 1222 τοῦ
1229 1169 1363 1222 Θεοῦ
1380 1167 1698 1236 συγγένειαν

96 1262 301 1316 ἑαυτὸν
357 1263 610 1328 είσποιοῖ,
672 1263 765 1314 καὶ
822 1261 998 1329 λέγοι,
1050 1260 1262 1328 Πάτερ,
1305 1259 1383 1330 τῷ
1439 1259 1633 1330 δικαίῳ
1670 1261 1700 1313 ὀ

93 1355 316 1418 ἄδικος,
341 1354 420 1424 τῷ
455 1353 680 1424 καθαρῷ
703 1355 732 1405 6
760 1353 1070 1424 ἀκάθαρτος
1089 1370 1102 1383 ·
1151 1352 1304 1426 ὕϐρις
1345 1354 1601 1423 ἄντικρυς
1633 1350 1699 1405 ἂν

97 1446 192 1516 εἴη
219 1446 320 1498 καὶ
348 1445 587 1516 λοιδορία
633 1445 698 1498 τά
727 1446 968 1515 ῥήματα,
1001 1446 1160 1516 εἴπερ
1194 1445 1294 1514 τῆς
1329 1444 1462 1507 ἰδίας
1496 1442 1700 1514 μοχθη-

103 1536 234 1605 ρίας
265 1535 481 1605 πατέρα
512 1538 604 1588 τὸν
655 1535 788 1588 Θεὸν
830 1534 1104 1605 ὀνομάζοι.
1153 1535 1216 1587 Ἦ
1241 1535 1348 1606 γὰρ
1374 1533 1468 1588 τοῦ
1496 1533 1700 1606 πατρὸς

100 1625 286 1696 φωνὴ,
313 1625 412 1696 τὴν
444 1627 622 1680 αἰτίαν
647 1626 740 1680 τοῦ
764 1625 824 1691 ἐξ
849 1626 1015 1680 αὑτοῦ
1041 1626 1373 1689 ὑποστάντος
1411 1625 1701 1698 διασημαί-

1801 439 1936 494 Nam
1969 440 2229 510 improba:
2254 440 2555 495 voluntatis
2587 447 2753 510 atque
2783 440 3049 509 propositi
3067 448 3222 509 pater
3247 455 3372 496 esse

1804 529 1873 596 is,
1907 530 2001 600 qui
2032 544 2134 586 sua
2167 538 2366 585 natura
2395 531 2571 586 bonus
2603 543 2707 594 est,
2764 532 3089 586 naturaliter
3119 548 3227 586 non
3267 547 3370 601 po-

1805 626 1911 675 test
1938 639 1954 674 :
1991 635 2168 690 neque
2198 621 2307 675 vita
2335 622 2714 686 contaminati,
2747 629 2973 677 sanctus
2997 640 3009 676 :
3030 637 3208 692 neque
3228 623 3370 693 ejus,

1802 713 1897 784 qui
1925 712 2035 784 huc
2059 713 2190 767 illuc
2221 713 2637 784 circumagitur,
2665 714 2817 783 isqtti
2845 714 2988 768 alius
3018 713 3135 768 ﬁeri
3154 727 3219 766 ac
3248 730 3372 769 mu-

1806 805 1910 860 tari
1950 819 2060 859 non
2100 812 2283 875 potest
2326 821 2550 875 :neque
2594 805 2909 860 mortiﬁcati
2949 820 3045 875 per
3071 814 3373 873 peccatum.

1803 901 1962 964 pater
1981 894 2142 961 vitae;
2175 909 2356 962 neque
2376 909 2592 958 eorum,
2637 896 2733 965 qui
2781 897 2929 950 vitiis
2990 894 3276 965 probrosis
3323 905 3378 950 et

1804 985 2188 1056 ignominiosis
2247 983 2472 1054 impulsi
2515 985 2694 1054 turpia
2747 985 3122 1048 committunt,
3189 986 3237 1040 is
3282 986 3373 1054 qui

1803 1090 1977 1146 purus
2003 1087 2056 1131 et
2091 1076 2301 1147 integer
2325 1087 2434 1144 est;
2465 1092 2642 1146 neque
2663 1080 2811 1132 avari
2843 1087 2893 1133 et
2933 1079 3192 1146 raptoris,
3215 1078 3377 1131 bene-

1805 1169 2016 1237 factor;
2054 1185 2155 1225 nec
2183 1185 2372 1225 eorum
2404 1171 2662 1241 denique,
2685 1172 2781 1241 qui
2806 1172 2861 1224 i'n
2894 1172 3079 1240 aliquo
3112 1171 3256 1224 malo
3284 1170 3377 1224 dc-

1807 1260 2243 1332 prehenduntur,
2279 1261 2326 1316 is
2359 1262 2457 1332 qui
2488 1263 2542 1316 in
2563 1263 2711 1318 omni
2751 1264 2896 1317 bono
2937 1263 3184 1316 cernitur
3215 1269 3378 1331 atque

1806 1353 2208 1416 consideratur,
2244 1367 2444 1422 parens
2471 1368 2596 1408 esse
2625 1361 2828 1424 potest.
2865 1353 3003 1406 Nam
3033 1353 3078 1407 si
3124 1353 3249 1421 quis
3283 1367 3376 1405 cx-

1808 1443 2050 1514 piatione
2083 1445 2246 1499 etiam
2277 1458 2424 1498 nunc
2463 1459 2605 1514 opus
2653 1444 2884 1507 habens,
2926 1444 3166 1512 seipsum
3208 1442 3381 1512 inspi-

1807 1533 1980 1600 ciens,
2025 1544 2080 1590 et
2112 1534 2371 1590 vitiosam
2419 1534 2815 1590 conscientiam
2864 1549 3021 1589 suam
3071 1548 3378 1603 agnoscens

1806 1626 2021 1695 plenam
2060 1625 2316 1690 maculis,
2347 1635 2401 1682 et
2435 1627 2704 1682 scelerum
2739 1624 2886 1680 notis
2920 1624 3166 1693 injustis,
3197 1623 3378 1694 prius-

98 1733 210 1770 νει.
244 1715 455 1770 Οὐκοῦν
487 1718 516 1769 6
554 1715 826 1786 μοχθηρὸς
870 1716 969 1788 τὴν
1021 1715 1344 1787 συνείδησιν,
1400 1717 1448 1768 εί
1489 1731 1574 1768 παι

1900 1733 1970 1771 tm
2002 1731 2029 1770 a
2062 1725 2146 1772 tot
2189 1717 2470 1788 tantisque
2496 1717 2658 1773 malis
2687 1726 3026 1786 expurgatus
3066 1715 3158 1778 sit,
3197 1728 3256 1768 se
3282 1711 3376 1766 Dei

100 1807 307 1863 ἑαυτοῦ
337 1808 430 1861 τὸν
457 1807 592 1862 Θεὸν
621 1807 788 1876 λέγει,
821 1807 970 1862 οὐδὲν
992 1808 1177 1880 ἕτερον
1211 1808 1245 1879 ἢ
1283 1807 1394 1861 τῶν
1426 1807 1570 1861 ἰδίων
1595 1823 1697 1861 κα-

101 1898 222 1952 κιῖιν
254 1898 496 1969 ἀρχηγόν
527 1915 586 1951 τε
610 1899 704 1952 καὶ
747 1898 918 1952 αἴτιον
955 1898 1116 1952 αὐτὸν
1142 1892 1281 1953 εἶναι
1308 1897 1694 1968 κατηγορήσει.

116 1989 279 2043 Ἀλλ’
305 1989 504 2055 οὐδεὶς
538 1989 819 2043 κοινωνία
843 1989 990 2060 φωτὶ
1017 1990 1167 2058 πρὸς
1200 1989 1442 2055 σκότος,
1483 1988 1648 2060 φησὶν
1671 1989 1701 2041 6

117 2081 452 2144 Ἀπόστολος
476 2095 490 2110 ·
515 2081 652 2135 ἀλλά
693 2081 771 2152 τῷ
798 2082 937 2152 φωτὶ
970 2083 1084 2152 φῶς
1115 2079 1577 2152 προσοικειοῢται,
1606 2078 1702 2132 καὶ

100 2169 192 2240 τῷ
252 2171 446 2242 δικαίῳ
503 2171 563 2224 τὸ
624 2171 859 2240 δίκαιον,
910 2173 1002 2225 καὶ
1051 2170 1128 2241 τῷ
1189 2169 1340 2241 καλῷ
1389 2170 1450 2223 τὸ
1497 2169 1697 2236 καλὸν,

102 2259 209 2312 καὶ
279 2258 357 2328 τῷ
427 2258 690 2331 ἀφθάρτῳ
747 2260 808 2313 τὸ
871 2257 1166 2331 ἄφθαρτον.
1233 2257 1316 2311 Τὰ
1372 2259 1430 2312 δέ
1484 2257 1702 2311 ἐναντία

104 2348 254 2418 πρὸς
297 2348 364 2401 τὰ
395 2348 629 2421 ὁμογενῆ
677 2351 896 2414 πάντως
927 2349 1026 2421 τὴν
1062 2348 1378 2418 συγγένειαν
1434 2346 1569 2419 ἔχει.
1617 2347 1700 2402 οὐ

105 2440 224 2510 γὰρ
257 2438 506 2493 δύναται
551 2439 804 2508 δένδρον
849 2440 1040 2494 καλὸν
1083 2438 1354 2509 καρποὺς
1398 2437 1702 2508 πονηροὺς

105 2529 331 2583 ποιεῖν.
382 2531 445 2583 Et
489 2531 665 2584 τοίνυν
712 2529 1068 2603 βαρυκάρδιός
1103 2549 1188 2596 τις
1221 2530 1318 2597 ὣν,
1363 2531 1546 2595 καθώς
1597 2549 1704 2603 φη-

108 2639 201 2676 σιν
230 2624 266 2691 ή
319 2621 359 2673 Γ
364 2621 532 2691 ραφὴ,
556 2621 650 2674 καὶ
674 2622 736 2675 τὸ
757 2602 952 2691 ψεῖιδος
1001 2622 1198 2693 ζητῶν,
1243 2622 1560 2694 κατατολμᾷ
1594 2602 1702 2677 τῶν

107 2712 216 2782 τῆς
246 2717 552 2784 προσευχῆς
603 2715 883 2785 ῥημάτων,
931 2713 1245 2783 γινωσκέτω
1278 2715 1359 2767 ὅτι
1406 2716 1467 2768 ού
1493 2714 1583 2767 τὸν
1613 2714 1703 2767 οὐ·

113 2802 307 2874 ράνιον
329 2805 356 2855 6
378 2803 616 2868 τοιοῦτος
637 2805 854 2877 Πατέρα
871 2804 1043 2869 καλεῖ,
1063 2803 1198 2857 ἀλλὰ
1210 2803 1301 2856 τὸν
1328 2803 1700 2874 καταχθόνιον,

110 2892 176 2956 ὃς
215 2894 377 2958 αὑτός
420 2912 479 2948 τε
528 2894 768 2966 ψεύστης
816 2896 952 2963 ἐστὶ,
993 2896 1089 2948 καὶ⁸
1118 2893 1212 2948 τοῦ
1239 2896 1296 2948 ἐν
1331 2896 1545 2966 ἑκάστῳ
1576 2912 1703 2949 συν-

117 2987 412 3056 ισταμένου
455 2986 684 3057 ψεύδους
719 2987 903 3058 πατὴρ
956 2987 1187 3056 γίνεται,
1226 2988 1430 3050 ἐκεῖνος
1460 2987 1704 3060 ἁμαρτία

1805 1807 2116 1879 cognationi
2151 1807 2379 1872 inserat,
2422 1823 2486 1864 ac
2523 1809 2673 1864 dicat
2703 1826 2715 1862 :
2740 1807 3088 1876 Pater,justo
3119 1805 3378 1874 injustus.

1806 1913 1947 1969 puro
1978 1899 2229 1970 impurus
2259 1917 2272 1954 :
2306 1900 2640 1955 contumelia
2678 1907 2842 1969 atque
2865 1897 3176 1953 convicium
3213 1895 3376 1966 plane

1805 2007 1870 2047 ea
1900 1991 2068 2046 verba
2102 1991 2330 2056 fuerint,
2381 1990 2651 2060 siquidem
2686 2005 2800 2045 sua:
2845 1988 3108 2059 nequitia:
3163 1994 3373 2057 patrem

1810 2081 1976 2138 Deum
2016 2083 2280 2137 nominat.
2314 2080 2449 2136 Nam
2483 2082 2652 2151 patris
2681 2079 3278 2142 vocabulum,causam
3308 2091 3376 2130 ex

1807 2175 1930 2246 ipso
1959 2174 2232 2246 procreati
2255 2172 2547 2245 signiﬁcat.
2573 2171 2711 2242 Ergo
2734 2172 2781 2228 si
2809 2169 3152 2226 conscientia
3177 2167 3373 2222 vitiosa

1808 2266 1934 2337 quis
1986 2265 2250 2336 praeditus
2303 2272 2513 2336 patrem
2577 2279 2737 2320 suum
2796 2261 2966 2317 Deum
3006 2258 3186 2322 dicat,
3244 2257 3379 2311 nihil

1809 2356 1979 2424 aliud,
2011 2371 2176 2428 quam
2211 2371 2439 2412 suorum
2487 2355 2755 2409 malorum
2797 2351 2953 2422 quasi
2990 2349 3293 2422 principem
3327 2355 3382 2402 ct

1809 2456 2086 2503 auctorem
2121 2463 2243 2502 eum
2289 2445 2648 2501 insimulabit.
2685 2443 2755 2498 At
2778 2442 2928 2498 nulla
2949 2441 3248 2496 communio
3275 2438 3382 2493 luci

1809 2554 1928 2592 cum
1968 2536 2218 2600 tenebris,
2266 2536 2442 2606 inquit
2473 2535 2771 2602 Apostolus
2792 2534 2866 2601 ³⁶;
2903 2531 2999 2588 sed
3023 2546 3146 2586 cum
3180 2529 3383 2584 lumine

1809 2629 1994 2684 lumen
2041 2628 2413 2692 consociatur,
2454 2641 2578 2680 cum
2608 2625 2823 2695 justitia
2851 2622 3086 2693 justitia,
3118 2636 3241 2675 cum
3282 2619 3382 2674 ho-

1809 2725 2022 2775 nestate
2073 2718 2361 2782 honestas,
2426 2731 2553 2770 cum
2605 2715 2927 2784 incorrupto
2975 2712 3379 2779 incorruptum.

1809 2809 2097 2867 Contraria
2119 2823 2268 2873 vero,
2299 2821 2422 2862 cum
2454 2806 2543 2870 iis,
2569 2820 2691 2876 quae
2716 2803 2961 2873 ejusdem
2984 2801 3199 2873 generis
3231 2805 3381 2863 sunt,

1809 2900 1971 2970 plane
2001 2897 2383 2968 cognationem
2429 2895 2648 2950 habent.
2684 2893 2810 2948 Non
2837 2892 2978 2947 enim
3026 2899 3194 2959 potest
3226 2887 3385 2940 arbor

1812 2988 1949 3042 bona
2004 2987 2174 3040 malos
2229 2987 2514 3053 producere
2573 2985 2778 3052 fructus
2807 2983 2871 3034 ³⁷.
2927 2980 2984 3035 Si
3038 2980 3162 3050 quis
3220 2979 3386 3050 igitur

114 3081 220 3134 καὶ
242 3082 514 3152 ἁμαρτίας
543 3083 745 3154 πατήρ.
777 3082 875 3135 Διὰ
896 3081 1053 3135 τοῦτο
1079 3085 1127 3136 οί
1169 3082 1437 3153 ἐμπαθεῖς
1463 3085 1563 3155 τὴν

1909 3076 1959 3130 vi
2000 3075 2268 3144 tardeque
2309 3072 2495 3137 corde,
2552 3079 2612 3125 ut
2661 3070 2838 3141 inquit
2869 3069 3173 3139 Scriptura,
3223 3075 3384 3137 atque

111 3171 243 3243 χὴν,
298 3172 468 3243 ὀργῆς
514 3171 684 3226 τέκνα
731 3173 883 3244 παρὰ
924 3173 1019 3226 τοῦ
1072 3174 1393 3228 ’Δποστόλου
1432 3192 1706 3246 προσαγο-

115 3262 372 3333 ρεύονται
399 3279 412 3292 ·
439 3262 534 3316 καὶ
593 3265 622 3316 6
663 3263 764 3333 τῆς
798 3263 944 3334 ζωῆς
982 3263 1244 3330 ἀποστὰς,
1290 3266 1564 3330 ἀπωλείας
1591 3266 1706 3330 υίὸς

114 3352 442 3424 ὀνομάζεται
467 3369 479 3381 ·
523 3353 616 3407 καί
662 3371 747 3418 τις
801 3353 1084 3424 βλακώδης
1116 3355 1209 3408 καὶ¹
1248 3355 1560 3427 θηλυδρίας,
1594 3355 1708 3420 υίὸς

115 3443 396 3513 κορασίων
431 3442 874 3514 αὐτομολούντων
943 3443 1381 3515 προσηγορεύθη.
1436 3445 1708 3511 Ὡσαύτως

118 3537 218 3589 καὶ
243 3537 309 3589 ἐκ
329 3535 422 3590 τοῦ
461 3535 727 3602 ἐναντίου,
767 3537 816 3588 οί
857 3536 1100 3607 λαμπροὶ
1125 3537 1223 3607 την
1253 3537 1574 3608 συνείδησιν,
1603 3537 1708 3590 υἱοὶ

119 3627 304 3698 φωτὸς
337 3628 432 3681 καὶ
466 3627 681 3699 ⁴ἡμέρας
708 3627 1206 3698 προσαγορεύονται
1238 3643 1251 3658 ·
1297 3627 1392 3681 καὶ
1428 3627 1708 3698 δυνάμεως

118 3718 230 3772 υἱοὶ
289 3718 487 3789 ἕτεροι,
541 3719 590 3771 οἱ
626 3719 762 3788 πρὸς
794 3719 893 3790 τὴν
933 3717 1086 3772 θείαν
1111 3718 1264 3789 ίσχὺν
1288 3717 1517 3781 ἑαυτοὺς
1542 3715 1709 3770 τονώ-

121 3826 341 3872 σαντες.
376 3809 544 3864 Ὅταν
593 3809 771 3864 τοίνυν
805 3809 1025 3881 Πατέρα
1068 3809 1158 3864 τὸν
1190 3809 1322 3863 Θεὸν
1354 3809 1533 3878 λέγειν
1561 3808 1708 3880 ἡμᾶς

120 3904 181 3954 ἐν
205 3904 272 3972 τῇ
300 3903 577 3973 προσευχῇ
622 3900 846 3972 διδάσκῃ
901 3903 929 3955 6
969 3901 1196 3973 Κύριος,
1227 3901 1377 3956 οὐδὲν
1400 3900 1586 3972 ἔτερόν
1618 3909 1709 3971 μοι

119 3994 272 4048 δοκεῖ
308 3996 500 4056 ποιεῖν,
541 3993 574 4064 ἢ
598 3993 688 4046 τὸν
709 3993 911 4063 ὑψηλόν
943 4011 1000 4046 τε
1039 3995 1131 4047 καὶ
1159 3993 1466 4064 ἐπηρμένον
1486 3991 1709 4063 νομοθε-

120 4088 237 4139 τεῖν
273 4084 388 4156 βίον
409 4101 422 4115 ·
453 4085 514 4137 οὐ
543 4084 650 4155 γὰρ
670 4084 734 4154 δὴ
756 4083 1044 4154 ψεύδεσθαι
1075 4084 1316 4138 διδάσκει
1345 4085 1491 4155 ἡμᾶς
1516 4085 1550 4154 ἡ
1579 4083 1711 4154 ἀλή-

122 4175 432 4243 θεια,ῶστε
462 4174 640 4244 λέγειν
669 4174 697 4227 ὃ
730 4176 802 4246 μή
855 4176 1042 4246 ἐσμεν,
1084 4177 1180 4228 καὶ
1223 4175 1510 4247 ὀνομάζειν
1553 4174 1583 4228 ὃ
1635 4174 1711 4246 μὴ

123 4267 488 4338 πεφύκαμενο
553 4266 690 4321 ἀλλά
746 4268 968 4339 Πατέρα
1020 4267 1270 4336 λέγοντες
1317 4268 1563 4333 ἑαυτῶν,
1621 4267 1712 4320 τὸν

120 4357 408 4430 ἄφθαρτον
427 4374 485 4410 τε
511 4359 605 4411 καὶ
631 4358 840 4412 δίκαιον
871 4358 964 4411 καὶ
1006 4357 1227 4426 ἀγαθὸν,
1253 4357 1609 4427 ἐπαληθεύειν
1633 4355 1711 4426 τῷ

123 4452 231 4522 βίῳ
282 4452 384 4520 τὴν
428 4451 764 4521 ἀγχιστείαν.
799 4450 962 4522 Ὁρᾷς
1009 4449 1142 4520 ὅσης
1187 4449 1318 4518 ἡμῖν
1357 4448 1712 4518 παρασκευῆς

121 4549 246 4598 ἐστι
280 4542 478 4614 χρεία;
517 4543 630 4595 οἵου
663 4542 778 4613 βίου
805 4558 819 4606 ;
858 4542 1030 4612 πόσης
1064 4541 1156 4595 καὶ
1189 4541 1441 4610 ποταπῆς
1466 4539 1582 4592 ἐστι
1611 4538 1713 4610 τῆς

124 4635 395 4705 σπουδῆς,
427 4634 568 4688 ὥστε
595 4633 730 4688 ποτὲ
776 4633 911 4705 πρὸς
943 4632 1101 4686 τοῦτο
1134 4631 1196 4684 τὸ
1224 4629 1544 4702 μέτρον,τῆς
1568 4633 1712 4702 παῤ-

127 4724 329 4796 ρησίας
367 4722 674 4794 ὑψωθείσης
708 4721 866 4792 ἡμῶν
905 4722 1004 4793 τῆς
1036 4720 1414 4792 συνειδήσεως,
1443 4719 1713 4790 τολμῆσαι

123 4817 308 4869 εἰπεῖν
334 4813 410 4886 τῷ
434 4814 572 4886 Θεῷ,
609 4812 938 4880 ὅτιΠάτερ;
965 4813 1029 4866 EE
1058 4813 1167 4883 γάρ
1193 4811 1322 4883 περὶ
1354 4812 1423 4865 τὰ
1455 4811 1714 4883 χρήματα

127 4907 371 4976 βλέπεις,
404 4906 452 4958 ει
486 4905 614 4977 περὶ
657 4903 756 4976 τὴν
802 4903 1060 4974 βιωτικὴν
1091 4903 1308 4972 ἀπάτην
1341 4901 1712 4974 ὴσχολημένος

126 4997 270 5067 εἴης,
304 4996 338 5068 ἢ
377 4997 475 5068 τὴν
503 4995 563 5061 ἐξ
602 4994 903 5066 ἀνθρώπων
936 4994 1092 5059 δόξαν
1128 4992 1476 5065 ἀναζητοίης,
1523 4995 1574 5047 εί
1605 4992 1713 5047 τῶν

130 5089 440 5158 ἐπιθυμιῶν
461 5089 580 5151 ταῖς
610 5086 1048 5158 ἐμπαθεστέραις
1071 5085 1339 5149 δουλεύοις
1363 5102 1376 5116 °
1410 5084 1600 5140 ἔπειτα
1616 5085 1715 5156 τὴν

126 5181 389 5250 τοιαύτην
443 5178 752 5251 προσευχὴν
790 5178 880 5232 διὰ
937 5177 1204 5247 στόματος
1241 5176 1425 5240 λάϐοις
1451 5193 1466 5208 ο
1513 5176 1567 5229 τί
1614 5177 1716 5229 οίει

127 5276 278 5344 ἐρεῖν
297 5273 388 5326 τὸν
421 5274 500 5336 εἰς
529 5273 620 5325 τὸν
657 5271 770 5342 βίον
822 5271 1105 5341 βλέποντα,
1139 5270 1232 5324 καὶ
1271 5270 1370 5340 τῆς
1412 5268 1718 5340 προσευχῆς

133 5365 433 5427 ἐπαϊοντα;
473 5360 613 5430 Ἐγὼ
637 5360 892 5415 τοιούτων
918 5361 1079 5414 τινῶν
1100 5359 1358 5430 ῥημάτων
1387 5356 1605 5411 ἀκούειν
1637 5356 1720 5408 6o-

125 5455 235 5518 κῶ,
277 5454 478 5508 ὡσανεὶ
515 5452 610 5506 τοῦ
655 5449 791 5505 Θεοῦ
841 5452 976 5523 πρὸς
1004 5451 1094 5503 τὸν
1145 5447 1384 5502 τοιοῦτον
1429 5446 1678 5515 λέγοντος
1703 5462 1716 5476 ο

1806 3167 2152 3223 mendacium
2194 3177 2472 3236 quaerens,
2512 3161 2678 3216 audet
2715 3159 2980 3215 orationis
3009 3158 3174 3214 verba
3225 3173 3386 3212 usur-

1806 3274 1965 3331 pare,
1992 3259 2129 3314 sciat
2161 3255 2230 3322 is,
2263 3255 2410 3326 quod
2439 3269 2548 3310 non
2583 3254 2858 3310 caelestem
2894 3250 3107 3306 Patrem
3145 3249 3385 3308 invocat.

1807 3348 1901 3404 sed
1939 3347 2234 3412 infernum,
2291 3347 2386 3415 qui
2433 3351 2488 3398 et
2522 3343 2640 3413 ipse
2697 3339 2931 3396 mendax
2971 3351 3076 3403 est,
3137 3347 3192 3395 et
3242 3338 3383 3408 ejus,

1807 3440 1955 3511 quod
1985 3439 2040 3493 in
2071 3451 2401 3506 unoquoque
2430 3434 2719 3499 conﬂatur,
2753 3433 3024 3487 mendacii
3061 3440 3215 3500 pater
3241 3432 3386 3487 exsi-

1809 3531 1924 3596 stit,
1960 3529 2051 3584 ille
2081 3527 2173 3597 qui
2206 3531 2508 3597 peccatum,
2540 3531 2594 3578 et
2623 3522 2830 3593 peccati
2857 3528 3011 3591 pater
3037 3530 3122 3575 est
3146 3521 3210 3572 ³⁸.
3250 3520 3377 3574 Pro-

1808 3629 1993 3693 pterea
2016 3617 2181 3672 animi
2208 3616 2499 3670 aﬂ‘ectibus
2521 3629 2585 3668 ac
2610 3610 3119 3684 perturbationibus
3136 3609 3386 3675 obnoxii,

1809 3711 1904 3766 ﬁlii
1934 3710 2028 3764 ira:
2054 3707 2122 3762 ab
2137 3706 2398 3776 Apostolo
2427 3703 2769 3774 appellantur
2792 3700 2867 3767 ³⁹;
2901 3708 2956 3754 et
2984 3699 3076 3768 qui
3099 3714 3128 3751 a
3159 3699 3267 3752 vita
3295 3697 3389 3753 de-

1810 3801 2052 3864 sciverit,
2083 3796 2405 3869 perditionis
2431 3794 2576 3850 ﬁlius
2604 3792 2921 3848 nominatur
2944 3789 2989 3820 ⁸ο
3006 3805 3024 3853 ;
3055 3788 3236 3843 mollis
3261 3789 3386 3843 item

1810 3891 2084 3964 quispiam
2116 3896 2170 3945 et
2199 3886 2565 3952 eﬁ‘eminatus,
2622 3883 2766 3938 ﬁlius
2794 3880 3099 3953 puellarum
3140 3879 3388 3934 transfu-

1811 3983 2074 4056 gientium
2109 3979 2430 4050 appellatur.
2468 3974 2730 4030 Similiter
2776 3972 2940 4028 etiam
2991 3985 3055 4025 ex
3089 3970 3386 4032 contrario,

1811 4073 2151 4130 conscientia
2181 4073 2348 4133 lauta,
2394 4082 2531 4138 pura
2583 4080 2646 4120 ac
2679 4066 2958 4120 luculenta
3007 4061 3242 4132 praediti,
3295 4060 3388 4114 ﬁlii

1812 4167 1954 4222 lucis
1984 4172 2038 4220 et
2068 4162 2174 4218 diei
2228 4161 2572 4232 appellantur
2595 4158 2670 4212 “z
2723 4157 2918 4211 virium
2969 4153 3096 4209 item
3133 4152 3228 4206 ﬁlii
3275 4151 3388 4218 alii,

1812 4234 1912 4331 qui
1944 4257 2011 4312 ad
2048 4255 2293 4312 divinum
2323 4253 2493 4309 robur
2523 4265 2642 4307 sese
2672 4247 3029 4304 ﬁrmaverint.
3057 4245 3191 4300 Cum
3227 4243 3391 4314 igitur

1815 4361 1875 4408 ut
1894 4351 2109 4406 Patrem
2137 4347 2303 4402 Deum
2340 4346 2396 4400 in
2419 4345 2667 4400 oratione
2695 4342 2966 4400 dicamus,
2999 4337 3264 4391 Dominus
3291 4350 3390 4390 nos

1816 4445 1994 4509 docet,
2035 4441 2172 4496 nihil
2204 4439 2338 4493 mihi
2371 4436 2549 4491 facere
2575 4432 2722 4488 aliud
2749 4433 2984 4493 videtur,
3018 4443 3181 4499 quam
3217 4427 3390 4481 subli-

1817 4824 1919 4865 nos
1953 4821 2018 4862 eo
2047 4805 2288 4868 nomine,
2320 4799 2465 4872 quod
2495 4806 2693 4852 natura
2740 4784 2914 4846 nobis
2929 4789 3252 4845 attributum
3284 4802 3389 4841 non

1817 4899 1910 4961 sit,
1952 4895 2049 4952 sed
2079 4903 2141 4949 ut
2172 4895 2300 4950 dum
2334 4893 2732 4958 incorruptum,
2762 4889 2815 4939 et
2837 4881 3070 4952 justum.
3105 4887 3159 4934 et
3187 4879 3389 4932 bonum

1817 4984 2038 5040 Patrem
2072 4989 2325 5037 nostrum
2373 4977 2630 5039 dicimus,
2663 4973 2788 5028 vita:
2832 4968 3143 5040 integritate
3172 4966 3394 5038 propin-

1819 5078 2083 5147 quitatem
2099 5071 2423 5134 rel‘eramus,
2439 5081 2668 5140 eamque
2678 5079 2860 5121 veram
2879 5077 3001 5118 esse
3016 5058 3388 5115 ostendamus.

1819 5167 1987 5223 Vides
2014 5171 2223 5236 quanto
2251 5163 2411 5217 nobis
2453 5175 2592 5231 opus
2625 5157 2697 5214 sit
2725 5152 3030 5227 apparatu?
3069 5149 3215 5221 quali
3249 5147 3391 5202 vita?

1821 5265 2028 5330 quanto
2065 5269 2129 5308 ac
2153 5253 2302 5325 quali
2334 5251 2544 5313 studio,
2590 5258 2650 5305 ut
2677 5249 2745 5304 ad
2777 5262 2900 5304 eum
2928 5243 3150 5300 modum
3182 5237 3390 5294 ﬁduciae

1817 5357 2000 5407 erecta
2043 5330 2266 5402 tandem
2306 5342 2646 5398 conscientia
2695 5347 2884 5395 nostra
2914 5337 2981 5392 ad
3016 5334 3184 5389 Deum
3214 5331 3394 5386 dicere

1821 5441 2142 5504 audeamus,
2183 5432 2516 5490 Pater?Nam
2543 5432 2588 5489 si
2613 5431 2880 5504 pecunias
2909 5436 3144 5498 spectes,
3175 5423 3220 5479 si
3249 5421 3391 5476 circa

205 5569 251 5598 ³⁸
293 5565 338 5621 ll
370 5565 495 5622 Cor.
531 5582 614 5631 vi,
650 5565 717 5622 14
804 5565 846 5599 ³⁷
890 5563 1080 5618 Matth.
1116 5579 1214 5631 vn,
1246 5562 1332 5619 l8.
1410 5563 1453 5596 ³⁸
1492 5559 1650 5616 Joan.

1956 5555 2000 5587 ³⁸
2042 5553 2238 5624 Ephes.
2277 5567 2344 5616 ιι,
2375 5549 2426 5603 ’5.
2505 5545 2550 5578 ⁸ο
2589 5543 2748 5599 Joan.
2780 5557 2912 5607 xvu,
2947 5539 3031 5592 12.
3107 5536 3152 5569 ⁸⁸
3191 5531 3390 5604 Ephcs.

133 5653 187 5702 ν,
219 5638 275 5694 8.
