3756 5988
121 262 269 318 Ηίό

1062 261 1149 316 DE
1189 260 1537 319 ORATIONE
1579 260 1926 319 DOMINICA.
1973 292 2041 305 -—
2076 260 2331 319 ORATIO
2371 261 2434 319 ll.

3257 265 3390 322 1146

116 383 328 444 εἰκόνος
385 378 727 449 ἐπανάληψιν
786 378 1168 448 ὑποσημαίνει.
1230 378 1606 450 ’Λσφαλίξεται
1643 379 1733 439 δέ⁴

1915 394 2099 449 ιιιεηε,
2140 378 2348 434 incidat
2379 381 2432 433 in
2465 395 2732 437 morsum.
2768 382 3242 448 Quemadmodum
3292 389 3383 456 igi-

119 474 217 526 καὶ
272 473 399 534 τοὺς
448 471 616 534 πόδας
653 473 764 534 τοῖς
792 471 1152 542 ὑποδήμασιν,
1189 472 1266 535 ὡς
1304 473 1370 526 ἂν
1415 473 1488 544 μὴ
1525 473 1705 543 γυμνῇ

120 567 186 634 τῇ
210 563 444 634 πτέρνῃ,
478 565 545 634 τῇ
586 562 794 633 κεφαλῇ
832 562 928 616 τοῦ
963 562 1139 632 ὄφεως
1175 563 1572 632 προσεγγίζων,
1612 565 1710 634 ἐμ-

124 657 299 725 πίπτῃ
327 654 406 723 τῷ
427 655 686 725 δήγματι.
721 654 931 723 Ὥσπερ
967 653 1146 706 τοίνυν
1185 657 1300 708 ἐκεῖ
1326 656 1424 726 τῆς
1451 654 1602 727 παρὰ
1614 653 1708 708 τοῦ

125 748 333 818 πατρὸς
388 745 794 817 φιλανθρωπίας
845 746 994 799 αἰτία
1031 746 1221 814 γέγονε
1261 746 1340 816 τῷ
1376 747 1481 817 νέῳ
1512 749 1546 818 ἡ
1575 747 1710 817 πρὸς

126 839 226 908 τὴν
273 835 534 908 πατρῴαν
596 835 780 888 ἐστίαν
815 835 1120 906 ἐπιστροφὴ
1160 835 1341 906 (αὕτη
1392 835 1449 889 δέ
1497 837 1645 888 ἐστιν
1681 836 1710 888 ὁ

127 929 360 1001 οὐρανὸς
396 931 474 992 είς
512 928 570 980 ὃν
608 927 1131 997 πεπλημμεληκέναι
1179 928 1259 997 τῷ
1300 929 1466 999 πατρὶ
1511 927 1707 998 λέγει),

129 1019 272 1074 οὕτω
309 1021 404 1072 καὶ
439 1016 671 1072 ἐνταῦθα
696 1017 844 1070 δοκεῖ
880 1035 969 1087 μοι
1009 1018 1275 1072 διδάσκων
1312 1020 1340 1070 ὁ
1378 1018 1582 1088 Κύριος
1619 1018 1710 1072 τὸν

129 1113 186 1165 ἐν
231 1113 348 1172 τοῖς
397 1111 645 1181 οὐρανοῖς
673 1109 1048 1163 ἐπικαλεῖσθαι
1085 1110 1333 1182 Πατέρα,
1377 1113 1594 1182 μνήμην
1629 1127 1711 1164 σοι

131 1202 406 1256 ποιεῖσθαι
458 1203 554 1272 τῆς
593 1199 803 1272 ἀγαθῆς
844 1201 1120 1272 πατρίδος,
1181 1201 1256 1266 ὼς
1299 1202 1364 1256 ἂν
1417 1203 1711 1274 ἐπιθυμίαν

132 1293 499 1365 σφοδροτέραν
536 1293 643 1346 τῶν
681 1292 860 1346 καλῶν
878 1293 1204 1364 ἐμποιήσας,
1227 1293 1540 1365 ἐπιστήσειέ
1565 1311 1624 1348 σε
1643 1296 1710 1366 τῇ

129 1385 234 1456 ὁδῷ
270 1389 338 1457 τῇ
371 1386 507 1458 πρὸς
543 1385 638 1457 τὴν
676 1385 906 1455 πατρίδα
944 1385 1106 1439 πάλιν
1145 1385 1514 1458 ἐπαναγούσῃ.
1564 1387 1714 1451 Ὀδὸς

130 1465 190 1528 δέ
225 1476 261 1545 ἡ
291 1475 431 1546 πρὸς
471 1474 562 1528 τὸν
593 1475 820 1545 οὐρανὸν
868 1475 966 1545 τὴν
1014 1475 1361 1548 ἀνθρωπίνην
1402 1476 1563 1546 φύσιν
1615 1478 1713 1532 ἀν-

132 1568 362 1634 άγουσα,
388 1567 708 1637 οὐδεμίατίς
744 1566 891 1622 ἐστιν
913 1567 1140 1638 ἄλλη,εἰ
1177 1568 1250 1640 μὴ
1271 1570 1413 1640 φυγὴ
1454 1571 1546 1623 καὶ
1576 1570 1712 1623 ἀπό-

135 1673 324 1721 στασις
357 1655 466 1710 τῶν
529 1657 822 1729 περιγείων
871 1657 1088 1712 κακῶν·
1131 1659 1229 1729 τῆς
1280 1659 1336 1712 δὲ
1377 1659 1555 1730 φυγῆς
1603 1659 1714 1712 τῶν

135 1748 323 1802 κακῶν
359 1749 591 1815 ἐπίνοια,
637 1749 737 1802 οὐκ
770 1749 902 1821 ἄλλη
945 1749 1034 1820 μοί
1069 1767 1152 1813 τις
1189 1745 1328 1804 εἶναι
1365 1750 1531 1815 δοκεῖ,
1576 1750 1715 1822 πλὴν

131 1842 235 1914 τῆς
294 1842 432 1912 πρὸς
471 1841 562 1894 τὸν
599 1841 730 1895 Θεὸν
767 1841 1097 1911 ὁμοιώσεως.
1153 1842 1226 1895 Τὸ
1282 1841 1338 1895 δέ
1386 1843 1716 1914 ὁμοιωθῆναι

131 1935 282 2006 Θεῷ,
317 1936 378 1988 τὸ
427 1933 634 1989 δίκαιόν
678 1951 738 2009 τε
790 1934 882 1987 καὶ
933 1935 1078 1988 ὅσιον
1117 1935 1209 1988 καὶ
1260 1935 1482 2003 ἀγαθὸν,
1518 1935 1614 1988 καὶ
1649 1935 1717 1989 τά

132 2025 364 2080 τοιαῦτά
396 2027 512 2078 ἐστι
548 2024 818 2093 γενέσθαι.
850 2018 949 2077 Ὧν
975 2025 1030 2077 εἴ
1059 2042 1164 2091 τις,
1207 2025 1284 2088 ὡς
1322 2025 1436 2078 ἔστι
1471 2025 1716 2090 δυνατὸν,

134 2118 262 2180 τοὺς
302 2117 653 2188 χαρακτῆρας
679 2115 925 2187 ἐναργῶς
949 2118 1007 2168 ἐν
1036 2115 1214 2186 ἐαυτῷ
1233 2116 1554 2180 τυπώσειεν,
1584 2116 1720 2186 ἀμο-

134 2209 268 2279 γητὶ
290 2207 431 2262 κατὰ
457 2207 518 2260 τὸ
543 2206 847 2277 αὐτόματον
876 2207 1013 2278 πρὸς
1034 2207 1124 2259 τὸν
1143 2205 1390 2276 οὐράνιον
1415 2205 1590 2277 χῶρον
1611 2205 1719 2256 ἀπὸ

133 2295 233 2349 τοῦ
294 2296 577 2366 περιγείου
634 2296 1031 2366 μεταστήσεται
1081 2295 1215 2365 βίου.
1259 2295 1334 2348 Οὐ
1373 2298 1482 2366 γὰρ
1519 2295 1718 2365 τοπικὴ

133 2390 234 2444 τοῦ
276 2389 436 2444 Θείου
489 2387 624 2461 πρὸς
677 2389 737 2441 τὸ
776 2387 1112 2459 ἀνθρώπινόν
1160 2388 1307 2440 ἐστιν
1343 2390 1376 2458 ὴ
1418 2388 1717 2454 διάστασις,

135 2483 282 2537 ὥστε
320 2481 462 2545 τινὸς
489 2483 732 2551 μηχανῆς
776 2497 836 2533 τε
873 2482 1006 2550 ἡμῖν
1043 2480 1136 2533 καὶ
1171 2479 1434 2545 ίέπινοίας
1467 2477 1720 2548 γενέσθαι

136 2575 354 2647 χρείαν,
387 2573 450 2626 τὸ
487 2571 621 2643 βαρύ
660 2588 721 2624 τε
774 2571 869 2625 καὶ
908 2571 1167 2642 ἐμϐριθὲς
1199 2571 1293 2624 καὶ
1331 2570 1532 2640 γεῶδες
1566 2569 1723 2623 τοῦτο

138 2665 368 2737 σαρκίον
404 2665 541 2736 πρὸς
578 2664 676 2734 τὴν
705 2661 992 2733 ἀσώματόν
1021 2679 1080 2715 τε
1108 2663 1201 2716 καὶ
1220 2661 1411 2734 νοερὰν
1448 2659 1722 2731 διαγωγὴν

140 2749 474 2828 μετοικίζειν
497 2772 510 2786 ·
551 2753 686 2808 ἀλλὰ
723 2754 930 2826 νοητῶς
957 2753 1058 2824 τῆς
1082 2752 1285 2823 ἀρετῆς
1306 2751 1398 2805 τοῦ
1427 2750 1597 2806 κακοῦ
1627 2768 1722 2804 κε-

138 2848 517 2920 χωρισμένης,
558 2848 617 2900 ἐν
666 2846 803 2919 μόνῃ
839 2849 905 2917 τῇ
945 2845 1259 2917 προαιρέσει
1298 2843 1393 2896 τοῦ
1437 2843 1722 2912 ἀνθρώπου

141 2941 344 3003 κεῖται,
409 2938 546 3008 πρὸς
605 2939 740 3009 ὅπερ
777 2936 844 2990 ἂν
883 2936 1187 3006 ἐπικλιθείη
1225 2937 1291 3006 τῇ
1340 2933 1624 3005 ἐπιθυμίᾳ,
1666 2934 1724 2986 ἐν

141 3029 342 3099 ἐκείνῳ
375 3021 533 3082 εἶναι.
584 3027 738 3079 Ἐπεὶ
763 3021 856 3079 οῦν
883 3025 1055 3089 οὐδεὶς
1092 3025 1281 3078 ἕπεται
1312 3024 1470 3088 πόνος
1509 3023 1724 3077 ἑλέσθαι

138 3120 204 3173 τὸ
231 3118 440 3188 ἀγαθὸν
489 3117 607 3189 (τῷ
640 3117 698 3171 δὲ
737 3116 948 3170 ἐλέσθαι
981 3116 1076 3169 καὶ
1113 3115 1172 3168 τὸ
1200 3117 1380 3185 τυχεῖν
1417 3115 1605 3167 ἕπεται
1646 3107 1723 3166 ὧν

140 3228 230 3274 τις
255 3207 580 3280 προείλετο),
615 3207 789 3275 ἔξεστί
823 3225 903 3265 σοι
936 3206 1096 3270 εὐθὺς
1133 3207 1191 3260 ἐν
1220 3207 1301 3278 τῷ
1323 3205 1534 3278 οὐρανῷ
1561 3202 1722 3271 εἶναι,

141 3302 236 3355 τὸν
259 3300 395 3354 Θεὸν
432 3302 490 3354 ἐν
507 3302 575 3370 τῇ
610 3297 1062 3370 διανοίᾳλαόόντι.
1097 3297 1162 3350 Εἰ
1199 3297 1326 3366 γὰρ,
1360 3295 1541 3359 καθώς
1561 3313 1724 3366 φησιν

141 3394 174 3447 ὁ
217 3392 672 3462 Ἐκκλησιαστὴς,
719 3392 771 3445 Ὁ
803 3390 947 3457 Θεὸς
975 3391 1044 3443 ἐν
1074 3388 1152 3455 τῷ
1186 3387 1440 3455 οὐρανῷ.
1471 3389 1534 3441 σὺ
1562 3388 1618 3440 δὲ
1646 3387 1725 3458 τῷ

143 3484 304 3555 Θεῷ,
345 3483 485 3537 κατὰ
516 3483 607 3536 τὸν
654 3479 946 3554 Προφήτην
994 3481 1463 3554 προσεκολλήθης·
1511 3483 1723 3554 ἀνάγκη

146 3580 305 3632 πᾶσα
340 3576 432 3629 τὸν
460 3575 538 3646 τῷ
572 3574 690 3646 Θεῷ
722 3575 1061 3645 συνημμένον
1093 3575 1210 3628 ἐκεῖ
1247 3569 1386 3626 εἶναι
1423 3574 1553 3626 ὅπου
1580 3575 1726 3628 ἐστὶν

145 3673 178 3725 ὁ
205 3671 360 3734 Θεός.
392 3667 704 3741 Προστάξας
728 3667 905 3721 τοίνυν
925 3667 982 3719 ἐν
1003 3669 1068 3737 τῇ
1091 3667 1364 3736 προσευχῇ
1387 3665 1563 3734 λέγειν
1591 3665 1727 3735 πρὸς

147 3763 348 3816 ἑαυτοῦ
385 3762 477 3814 τὸν
512 3760 665 3822 Θεὸν,
702 3759 852 3812 οὐδὲν
891 3759 1097 3830 ἓτερον,
1134 3759 1166 3828 ἢ
1206 3757 1521 3828 ὁμοιοῦσθαί
1560 3773 1619 3808 σε
1659 3757 1726 3826 τῇ

148 3854 447 3923 θεοπρεπεῖ
485 3850 725 3922 πολιτείᾳ
754 3849 830 3920 τῷ
867 3849 1102 3920 οὐρανίῳ
1133 3848 1341 3901 κελεύει
1371 3847 1565 3916 Πατρὶ,
1594 3847 1728 3900 καο-

150 3944 298 4014 άπερ
337 3943 431 3995 καὶ
470 3941 846 4012 φανερώτερον
885 3939 1112 4011 ἐτέρωθι
1150 3939 1211 3992 τὸ
1245 3938 1484 3992 τοιοῦτον
1521 3955 1729 4010 παρεγ-

150 4037 295 4104 γυᾷ,
346 4033 554 4102 λέγων’
591 4034 846 4088 Γίνεσθε
889 4033 1131 4096 τέλειοι,
1189 4033 1271 4096 ὡς
1312 4031 1409 4085 καὶ
1459 4033 1491 4086 d
1530 4029 1731 4100 Πατὴρ

149 4126 324 4196 ὑμῶν
360 4129 393 4180 ὁ
429 4125 698 4194 οὐράνιος
731 4125 955 4190 τέλειός
985 4125 1176 4178 ἐστιν.

226 4221 290 4272 Εἰ
361 4215 456 4272 οὖν
511 4219 844 4290 νενοήκαμεν
891 4218 990 4286 τῆς
1016 4216 1268 4287 τοιαύτης
1300 4213 1609 4287 προσευχῆς
1636 4215 1733 4286 τὴν

1746 1720 1789 1775 Β

1811 479 1902 524 tur
1931 471 2043 526 illic
2073 471 2316 526 reversio
2347 473 2412 526 ad
2450 473 2684 541 patriam
2718 474 2900 528 sedem
2925 485 3167 544 paterna:
3199 477 3391 531 huma-

1809 559 2000 615 nitatis
2027 559 2360 615 adolescenti
2385 575 2553 616 causa
2583 561 2790 615 exstitit
2810 563 3005 631 (patria
3033 573 3210 619 autem
3234 566 3392 621 sedes

1809 659 1928 706 erat
1958 652 2181 716 caelum,
2215 651 2269 705 in
2305 651 2451 719 quod
2488 667 2547 706 se
2577 667 2840 722 peccasse
2867 653 2933 706 ad
2970 663 3174 724 patrem
3200 654 3350 724 dicit)
3381 672 3394 707 :

1811 742 1890 797 ita
1921 743 2087 798 etiam
2120 742 2209 796 hic
2237 742 2367 797 mihi
2401 743 2687 808 Dominus,
2713 744 2842 798 dum
2869 747 3147 800 cmlestem
3177 745 3389 799 Patrem

1811 831 2181 888 invocandum
2213 847 2336 887 esse
2375 832 2556 895 docet,
2587 833 2786 888 bonam
2847 835 2992 888 illam
3049 835 3281 905 patriam
3337 837 3392 890 in

1813 923 2134 979 memoriam
2192 924 2441 994 redigere
2486 924 2584 978 tibi
2621 923 2858 991 videtur,
2885 934 2955 978 -ιιι
3000 927 3394 981 vehementiori

1811 1014 2083 1070 bonorum
2115 1014 2316 1084 injecto
2338 1013 2613 1070 desiderio
2636 1017 2794 1071 sistat
2818 1026 2869 1071 te
2899 1032 3094 1071 rursus
3123 1019 3177 1071 in
3207 1019 3289 1072 via
3321 1019 3391 1072 atl

1811 1107 2046 1176 patriam
2079 1106 2381 1160 reducenti.
2416 1105 2516 1161 Via
2548 1114 2729 1162 autem
2767 1123 2886 1177 quae
2915 1117 3164 1163 naturam
3197 1110 3390 1162 huma-

1813 1213 1938 1253 nam
1975 1198 2043 1253 ad
2093 1199 2292 1254 coelum
2327 1199 2605 1264 subducit,
2655 1199 2804 1252 nulla
2843 1206 2926 1253 est
2953 1199 3082 1261 alia,
3133 1200 3240 1254 nisi
3269 1200 3394 1270 fuga

1812 1301 1866 1346 et
1907 1291 2095 1345 vitatio
2127 1291 2382 1345 vitiorum
2425 1298 2792 1344 terrenorum.
2846 1290 3016 1344 Porro
3061 1289 3200 1360 fuga:
3238 1291 3396 1344 vitio-

1812 1396 1935 1435 rum
1970 1383 2110 1435 ratio
2141 1382 2269 1434 mihi
2305 1396 2412 1436 non
2449 1383 2550 1435 alia
2595 1382 2720 1435 iniri
2761 1398 2922 1452 posse
2951 1382 3184 1444 videtur,
3230 1397 3394 1451 quam

1816 1473 1863 1528 si
1894 1470 1988 1527 Dei
2023 1471 2233 1527 similes
2261 1472 2578 1526 evadamus.
2630 1470 2744 1526 Deo
2775 1480 2958 1527 autem
2993 1473 3226 1527 similem
3253 1471 3393 1536 ﬁeri,

1813 1571 1900 1619 est
1921 1564 2133 1634 justum
2163 1563 2365 1632 pariter
2393 1577 2457 1616 ac
2487 1570 2761 1627 sanctum,
2793 1563 3018 1626 bonum,
3048 1571 3102 1618 et
3127 1563 3395 1631 ejusmodi

1814 1654 2114 1708 virtutibus
2165 1651 2452 1722 praeditum
2513 1652 2660 1706 ﬁeri:
2721 1668 2956 1722 quarum
3014 1652 3296 1715 virtutum,
3340 1653 3398 1705 'si

1816 1745 1964 1816 quis,
1997 1745 2177 1816 quoad
2206 1744 2326 1811 ejus
2361 1742 2476 1798 ﬁeri
2507 1749 2709 1812 potest,
2750 1742 2988 1812 insignia
3020 1740 3307 1794 manifesta
3343 1739 3399 1794 in

1818 1853 1940 1893 sese
1967 1836 2326 1906 impresserit,
2361 1834 2479 1889 sine
2506 1834 2710 1898 labore,
2761 1834 3020 1902 nulloque
3047 1833 3265 1902 negotio
3306 1847 3401 1901 per

1819 1944 1880 1984 se
1907 1942 2116 1996 suaque
2145 1934 2341 1995 Sponte
2368 1939 2397 1978 a
2431 1933 2648 1980 terrena
2671 1927 2781 1978 vita
2813 1924 2881 1978 ad
2909 1925 3185 1978 caelestem
3219 1924 3399 1976 locum

1819 2019 2202 2075 transferetur.
2241 2016 2356 2071 Non
2389 2017 2535 2070 enim
2572 2016 2676 2070 loci
2719 2015 3006 2070 intervallo
3033 2029 3234 2068 numen
3261 2013 3404 2068 divi-

1818 2127 1950 2166 num
1990 2109 2058 2164 ab
2088 2109 2329 2162 humano
2367 2121 2567 2176 genere
2608 2107 2800 2168 distat,
2843 2113 2903 2158 ut
2933 2105 3116 2174 aliqua
3150 2105 3402 2158 machina

1820 2201 1982 2258 nobis
2008 2209 2173 2270 atque
2210 2199 2518 2268 excogitato
2550 2197 2785 2252 artilicio
2815 2197 2886 2252 sit
2929 2212 3090 2266 opus,
3147 2210 3256 2264 quo
3288 2195 3403 2250 haec

1822 2295 2024 2365 gravis,
2057 2292 2364 2363 ponderosa
2409 2298 2571 2360 atque
2611 2297 2829 2343 terrena
2860 2287 3160 2341 caruncula
3211 2287 3277 2339 ad
3316 2287 3402 2340 in-

1822 2399 2142 2456 corpoream
2190 2382 2398 2454 pariter
2439 2377 2494 2437 et
2530 2381 2957 2435 intellectualem
3014 2380 3402 2434 habitationem

1823 2479 2177 2539 traducatur;
2218 2474 2312 2530 sed
2345 2474 2551 2527 virtute
2581 2487 2610 2525 a
2643 2472 2798 2534 vitio,
2833 2479 2996 2540 prout
3039 2470 3401 2540 intelligentia

1823 2569 2029 2641 percipi
2055 2568 2240 2629 datur,
2289 2572 2564 2636 separata,
2601 2565 2652 2618 in
2687 2566 2804 2620 solo
2833 2565 2998 2618 animi
3029 2564 3253 2617 humani
3281 2578 3406 2631 pro—
3459 2617 3463 2622 ,

1824 2663 2000 2733 posito
2031 2661 2194 2715 situm
2228 2666 2330 2722 est,
2386 2667 2441 2711 ut
2469 2672 2797 2728 quocunque
2828 2656 3126 2726 cupiditate
3165 2656 3404 2709 inclina-

1825 2763 1914 2810 tus
1935 2755 2027 2818 sit,
2065 2753 2118 2806 in
2151 2767 2216 2806 eo
2243 2759 2508 2805 versetur.
2540 2749 2809 2815 Quoniam
2842 2750 3010 2819 igitur
3035 2749 3219 2803 nullus
3251 2749 3408 2809 labor

1825 2845 2093 2902 sumendo
2126 2853 2288 2913 atque
2314 2841 2565 2912 eligendo
2590 2843 2734 2896 bono
2764 2843 2972 2907 subest,
3003 2849 3166 2911 atque
3187 2841 3410 2918 electio-

1827 2956 1948 2994 nem
1985 2940 2148 2994 etiam
2195 2936 2416 3007 adeptio
2465 2950 2866 3005 successusque
2908 2950 3134 3006 prosper
3161 2935 3410 3004 sequitur

1751 3047 1794 3104 (ι
1826 3047 2038 3093 eorum,
2080 3043 2203 3099 qua:
2247 3028 2351 3082 sibi
2383 3027 2616 3096 quisque
2660 3018 2896 3095 sumpsit
2934 3034 2989 3081 et
3028 3027 3226 3095 elegit:
3285 3026 3410 3079 licet

1829 3122 1926 3176 tibi
1958 3120 2143 3175 statim
2186 3133 2310 3174 esse
2341 3118 2396 3171 in
2423 3118 2587 3182 cmlo,
2639 3117 2730 3170 ubi
2762 3116 2930 3170 Deum
2965 3117 3019 3170 in
3051 3125 3232 3172 mente
3257 3132 3411 3172 sum-

1829 3211 2026 3281 pseris.
2062 3207 2198 3263 Nam
2227 3209 2294 3272 si,
2329 3218 2387 3262 ut
2412 3204 2773 3262 Ecclesiastes
2802 3207 3002 3277 inquit,
3038 3207 3177 3260 Deus
3210 3207 3261 3258 in
3286 3206 3412 3259 caelo

1829 3304 2002 3359 est“:
2056 3311 2115 3356 tu
2149 3317 2280 3355 vero
2332 3299 2463 3365 Deo,
2505 3302 2807 3356 secundum
2843 3300 3198 3370 Prophetam,
3255 3295 3408 3367 quasi

1832 3393 2202 3464 agglutinatus
2233 3405 2294 3445 es
2322 3399 2377 3445 et
2407 3390 2654 3444 adhatres
2674 3392 2751 3456 ‘5;
2789 3389 3016 3443 omnino
3051 3403 3275 3442 necesse
3304 3394 3412 3448 est,

1834 3495 1892 3540 ut
1927 3484 2037 3538 Deo
2066 3481 2400 3551 conjunctus
2428 3481 2538 3534 illic
2577 3480 2666 3544 sit,
2720 3481 2810 3533 ubi
2841 3479 2984 3533 Deus
3010 3486 3114 3533 est.
3148 3479 3283 3532 Cum
3317 3478 3417 3548 igi-

1835 3585 1924 3630 tur
1951 3573 2288 3645 przeceperit,
2322 3581 2382 3626 ut
2428 3572 2483 3626 in
2517 3572 2768 3626 oratione
2794 3570 2964 3624 Deum
2996 3569 3212 3623 Patrem
3260 3577 3413 3621 tuum

1834 3668 2009 3730 dicas,
2035 3680 2147 3719 non
2187 3663 2377 3725 alium,
2415 3677 2579 3733 quam
2618 3679 2711 3732 per
2743 3662 2985 3716 divinum
3029 3661 3153 3714 vitae
3182 3659 3417 3713 institu—

1835 3771 1950 3816 tum
1995 3767 2046 3814 te
2077 3757 2292 3812 caelesti
2326 3754 2477 3809 Patri
2508 3754 2743 3810 similem
2777 3751 2892 3807 ﬁeri
2937 3751 3114 3820 jubet,
3151 3751 3414 3820 quemad-

1836 3843 2057 3906 modum
2104 3850 2267 3904 etiam
2315 3847 2445 3922 alibi
2495 3846 2734 3915 apertius
2777 3844 2828 3898 id
2875 3843 3132 3905 mandat,
3187 3841 3408 3895 dicens:

1840 3942 1971 3998 Sitis
2000 3941 2235 4010 perfecti,
2271 3940 2408 3993 sicut
2443 3939 2606 3992 etiam
2643 3939 2802 3992 Pater
2837 3944 3004 3990 vester
3034 3933 3260 3988 cwlestis
3299 3947 3417 4002 pcr-

1842 4037 2007 4098 {ectus
2047 4043 2124 4087 est
2149 4032 2214 4086 “.

1915 4215 1972 4270 Si
2011 4214 2175 4285 igitur
2203 4211 2572 4267 intelleximus
2602 4205 2869 4278 ejusmodi
2893 4204 3173 4270 ,oralionis
3199 4211 3418 4258 senten-

151 4311 418 4371 διάνοιαν,
471 4309 660 4380 καιρὸς
693 4308 759 4363 ἂν
806 4308 892 4378 εἴη
931 4307 1364 4377 παρασκευάζειν
1401 4307 1609 4359 ἑαυτῶν
1636 4306 1733 4369 τὰς

1921 4323 2014 4369 m,
2069 4313 2284 4372 tempus
2336 4301 2501 4356 fuerit
2532 4300 2748 4354 animos
2782 4306 3000 4351 nostros
3053 4293 3414 4365 praeparandi,

153 4402 356 4474 ψυχὰς,
393 4402 534 4454 ὥστε
557 4401 688 4456 ποτέ
729 4399 1000 4469 θαρσῆσαι
1028 4398 1129 4462 τὰς
1153 4399 1332 4466 φωνὰς
1367 4397 1566 4460 ταύτας
1605 4398 1736 4450 ἀνα-

155 4495 342 4548 λαϐεῖν
362 4492 452 4546 διὰ
489 4493 774 4563 στόματος,
800 4490 892 4542 καὶ
918 4491 1089 4542 εἰπεῖν
1115 4491 1172 4543 έν
1203 4489 1504 4560 παρρησία·
1547 4487 1737 4554 Πάτερ

158 4583 350 4654 ἡμῶν,
379 4588 412 4638 ό
436 4585 505 4636 ἑν
533 4583 656 4650 τοῖς
684 4580 980 4650 οὐρανοῖς.
1019 4580 1227 4650 ’Ὠσπερ
1263 4580 1373 4650 γὰρ
1402 4579 1610 4649 φανερὰ
1639 4581 1738 4649 τῆς

160 4675 298 4745 πρὸς
327 4672 418 4725 τὸν
459 4671 590 4725 Θεὸν
641 4671 958 4742 ὁμοιότητός
1009 4671 1221 4724 ἐστιτὰ
1257 4669 1632 4741 γνωρίσματα,
1670 4669 1738 4723 δι’

159 4759 237 4820 ὧν
254 4766 372 4819 ἐστι
393 4763 575 4818 τέκνον
595 4763 729 4818 Θεοῦ
755 4762 1010 4832 γενέσθαι
1035 4763 1155 4817 τινὰ
1176 4763 1366 4832 (Ὅσοι
1388 4762 1496 4831 γὰρ
1516 4763 1738 4815 ἔλαϐον

160 4856 372 4917 αὐτὸν,
391 4856 574 4927 φησιν,
605 4855 827 4908 ἔδωκεν
847 4853 1055 4920 αὐτοῖς
1075 4853 1365 4916 ἐξουσίαν
1386 4853 1566 4906 τέκνα
1590 4849 1738 4906 Θεοῦ

163 4947 462 5018 γενέσθαι·
497 4946 760 5016 λαμϐάνει
792 4945 850 5001 δέ
879 4962 962 5009 τις
1000 4945 1056 4997 ἐν
1079 4943 1256 5016 ἐαυτῷ
1282 4944 1373 4997 τὸν
1400 4944 1552 5007 Θεὸν,
1585 4945 1613 4996 ὁ
1641 4941 1740 5012 τὴν

164 5041 307 5095 κατὰ
359 5040 418 5093 τὸ
455 5040 657 5108 ἀγαθὸν
691 5037 974 5112 ᾀναλαϐὼν
1025 5037 1355 5109 τελειότητα)
1377 5053 1392 5069 ⁸
1423 5034 1594 5099 οὕτως
1624 5034 1740 5087 ἔστι

163 5136 287 5189 τινὰ
339 5137 434 5188 καὶ
483 5134 577 5188 τοῦ
626 5133 862 5206 πονηροῦ
904 5135 1251 5205 χαρακτῆρος
1291 5132 1394 5186 ἴδια
1430 5135 1648 5202 σημεῖα,
1683 5132 1741 5184 ἐν

163 5223 245 5290 οἷς
268 5229 298 5280 ὁ
322 5227 632 5297 γενόμενος,
660 5227 773 5290 υίὸς
795 5226 930 5280 Θεοῦ
949 5224 1087 5281 εἶναι
1117 5227 1176 5279 ού
1207 5225 1448 5287 δύναται,
1471 5225 1568 5294 τῆς
1591 5225 1742 5276 ἐναν-

164 5321 285 5384 τίας
325 5319 538 5388 φύσεως
581 5319 679 5392 τὴν
717 5319 897 5372 εἰκόνα
938 5318 1137 5390 φέρων.
1184 5317 1371 5370 Βούλει
1411 5316 1608 5384 γνῶναι
1649 5315 1742 5368 τοῦ

167 5410 408 5484 πονηροῦ
459 5412 806 5483 χαρακτῆρος
853 5413 920 5464 τὰ
961 5411 1261 5481 ἰδιώματα;
1314 5409 1371 5462 ’0
1410 5407 1622 5477 φθόνος,
1683 5407 1745 5462 τὸ

171 5509 351 5576 μῖσος,
384 5505 677 5576 ήδιαὸολὴ,
721 5505 751 5556 ὁ
798 5501 984 5574 τῦφος,
1019 5504 1051 5573 ἠ
1091 5501 1394 5567 πλεονεξία,
1432 5503 1464 5572 ἡ
1496 5499 1744 5572 ἐμπαθὴς

1840 4408 1898 4454 ιιι
1927 4395 2225 4467 aliquando
2272 4395 2571 4447 audeamus
2626 4390 2725 4445 has
2765 4403 2930 4442 voces
2973 4401 3191 4441 sumere
3242 4385 3294 4437 in
3331 4400 3416 4450 os,

1838 4506 1903 4545 ac
1930 4490 2115 4544 dicere
2141 4502 2265 4542 cum
2301 4485 2520 4546 ﬁducia,
2555 4482 2716 4536 Pater
2746 4490 2942 4542 noster,
2972 4479 3060 4548 qui
3090 4495 3142 4532 es
3171 4479 3224 4530 in
3252 4477 3414 4531 caelis.

1839 4578 2310 4647 Quemadmodum
2359 4575 2504 4630 enim
2539 4572 2918 4627 similitudinis
2939 4587 3062 4626 cum
3105 4569 3214 4625 Deo
3245 4571 3416 4623 mani-

1842 4673 1977 4729 festa
2011 4680 2140 4728 sunt
2169 4669 2390 4731 indicia,
2430 4681 2525 4736 per
2555 4680 2676 4734 qua:
2723 4665 2865 4719 [ilius
2907 4663 2997 4718 Dei
3033 4663 3143 4716 lieri
3171 4663 3294 4731 quis
3328 4676 3420 4729 po-

1842 4774 1947 4822 test
1979 4765 2275 4834 (Quotquot
2315 4756 2454 4815 enim
2498 4767 2795 4823 receperunt
2839 4772 2989 4817 eum,
3045 4755 3237 4823 inquit,
3277 4752 3419 4804 dedit

1840 4858 1915 4911 eis
1947 4863 2278 4924 potestatem,
2314 4861 2371 4904 ut
2410 4848 2512 4918 ﬁlii
2537 4847 2631 4901 Dei
2681 4847 2864 4915 ﬁerent
2887 4845 2968 4897 "7:
3005 4845 3198 4912 recipit
3237 4851 3418 4894 autent

1843 4944 2043 5013 aliquis
2072 4942 2127 4995 in
2163 4955 2287 4996 sese
2325 4937 2518 4998 Deum,
2564 4933 2656 5004 qui
2691 4933 2818 4987 boni
2853 4931 3240 5000 perfectionem
3273 4943 3420 4980 recc-

1844 5034 1955 5106 pit)
1979 5048 1992 5085 :
2022 5030 2096 5084 ita
2121 5031 2284 5085 etiam
2308 5026 2540 5098 improbi
2587 5023 2864 5080 simulacri
2895 5037 2993 5076 sua
3021 5020 3262 5090 quaedam
3291 5024 3419 5070 sunt

1844 5130 2032 5197 signa,
2089 5124 2288 5192 quibus
2344 5120 2637 5190 insignitus
2684 5133 2806 5172 csse
2851 5115 2994 5168 illius
3037 5111 3129 5165 Dei
3181 5125 3288 5164 non
3320 5123 3417 5178 po-

1844 5226 1949 5273 test
2005 5225 2194 5285 utpotc
2253 5211 2542 5268 cmitrariaa
2607 5220 2813 5262 naturae
2863 5205 3152 5275 imaginem
3202 5216 3415 5272 gerens.

1851 5312 1942 5366 Vis
1985 5321 2316 5380 cognoscere
2359 5302 2594 5373 improbi
2633 5299 2911 5356 simulacri
2941 5295 3189 5369 proprias
3223 5297 3420 5347 notas?

1849 5402 2072 5464 invidia,
2093 5398 2301 5458 odium,
2326 5393 2623 5456 calumnia,
2656 5391 2930 5462 superbia,
2955 5381 3416 5448 avaritia,vitiosa

1849 5494 2136 5566 cupiditas,
2191 5488 2368 5545 insani
2420 5486 2608 5558 gloriae
2658 5484 2825 5540 studii
2877 5479 3142 5537 morbus:
3199 5477 3316 5531 haec
3362 5480 3414 5526 ct

245 5688 287 5719 “"
324 5686 504 5744 Eecle.
534 5703 586 5755 v,
625 5687 671 5740 l.
750 5686 793 5717 ³⁸
834 5683 977 5741 Psal.
1015 5700 1200 5751 Lxxn,
1239 5683 1328 5739 28.
1406 5684 1447 5715 ⁸⁸
1488 5680 1674 5736 Matth.
1721 5698 1733 5732 ι

1975 5678 2017 5711 ⁸⁷
2059 5675 2213 5732 Joan.
2259 5690 2312 5740 ι,
2357 5669 2438 5727 12.
