3756 5988
355 211 492 270 114⁸1

1563 237 1568 240 -
1586 208 1644 264 5.
1679 207 2008 265 GREGORII
2046 210 2338 268 NYSSENI

3473 213 3612 270 ιιιε

354 327 625 400 ejusmodi
661 336 810 391 sunt,
841 327 1044 397 quibus
1075 327 1250 382 forma
1289 327 1588 384 adversarii
1638 331 1930 398 insignitur

2101 330 2318 400 τιθυμία,
2380 329 2442 382 τὸ
2501 329 2641 382 κατά
2689 328 2788 396 τὴν
2847 328 3166 400 δοξομανίαν
3233 329 3610 401 ἀρρώστημα·

355 434 520 492 atque
563 427 808 474 notatur.
846 419 1018 489 Cujus
1060 420 1228 490 igitur
1257 419 1475 474 anintus
1517 420 1786 490 ejusmodi
1819 436 1933 474 ma-

355 513 496 568 culis
534 519 588 567 et
632 511 778 567 notis
827 511 1070 566 infectus
1109 518 1165 566 et
1214 511 1434 566 inustus
1468 519 1572 576 est,
1626 512 1672 566 si
1723 520 1932 582 patrem

356 604 716 668 invocaverit,
758 613 881 659 uter
911 605 961 660 ei
987 612 1138 674 pater
1166 605 1538 658 auscultabit?
1571 605 1828 658 nimirum
1861 606 1931 670 is,

357 698 450 766 qui
489 705 756 766 cognatus
794 704 875 750 est
904 697 1180 749 invocanti
1209 715 1221 750 :
1261 696 1308 750 is
1339 704 1522 751 autem
1557 697 1790 752 nonille
1819 711 1934 751 cm-

361 789 534 852 lestis,
573 788 665 842 scd
700 789 1093 844 subterraneus
1117 797 1221 843 est.
1253 789 1426 858 Cujus
1453 789 1597 842 enim
1626 789 1777 859 signa
1806 805 1934 858 pro-

359 880 518 932 ximze
549 879 894 948 cognationis
929 879 1090 947 gerit,
1141 879 1234 932 ille
1273 894 1428 932 suam
1461 879 1684 932 omnino
1731 893 1932 948 cogna-

361 974 560 1024 tionem
597 982 870 1039 agnoscet.
917 971 1184 1036 Quocirca
1228 971 1460 1040 improbi
1505 978 1667 1038 atque
1715 970 1932 1024 scelesti

364 1063 598 1116 hominis
627 1065 827 1125 oratio,
865 1062 1106 1131 quandiu
1141 1063 1195 1115 in
1223 1062 1568 1130 improbitate
1599 1062 1783 1124 fuerit,
1815 1062 1934 1115 dia-

364 1152 468 1202 holi
502 1153 772 1204 invocatio
799 1161 910 1206 est:
951 1161 1004 1204 at
1037 1152 1178 1218 ejus,
1210 1153 1302 1220 qui
1333 1151 1605 1206 destiterit
1633 1151 1702 1206 ab
1730 1152 1934 1221 impro-

365 1242 552 1298 hitate.
585 1249 638 1294 et
671 1242 803 1294 vivit
848 1242 901 1295 in
939 1243 1203 1306 bonitate,
1241 1242 1444 1296 bonum
1477 1243 1689 1300 Patrem
1714 1257 1816 1296 vox
1849 1243 1934 1295 in-

362 1335 598 1386 vocabit.
624 1333 760 1386 Cum
809 1335 974 1403 igitur
1005 1335 1408 1390 accesserimus
1439 1334 1506 1387 ad
1535 1333 1728 1399 Deum,
1778 1336 1933 1404 prius

364 1422 526 1473 vitam
567 1423 945 1492 inspiciamus,
990 1439 1060 1477 an
1091 1423 1301 1493 aliquid
1339 1423 1562 1495 dignum
1607 1426 1932 1494 cognatione

363 1514 544 1567 divina
585 1516 640 1566 in
692 1513 851 1568 nobis
893 1529 1180 1583 geramus;
1239 1514 1434 1568 deinde
1485 1530 1614 1570 vero
1662 1515 1932 1585 ejusmodi

365 1602 587 1656 verbum
638 1603 884 1673 proferre
916 1605 1253 1660 audeamus:
1297 1606 1390 1674 qui
1435 1607 1576 1660 enim
1605 1604 1819 1660 Patrem
1851 1607 1934 1660 di-

363 1706 488 1747 cere
523 1694 712 1762 jussit,
759 1694 1102 1748 mendacium
1135 1695 1317 1750 dicere
1342 1711 1448 1749 non
1482 1696 1748 1765 permisit.
1785 1697 1933 1763 Quo-
1963 1684 2006 1739 Β

364 1783 510 1836 circa
545 1785 637 1853 qui
687 1786 762 1837 ita
792 1785 958 1838 vitam
994 1785 1314 1850 instituerit,
1348 1795 1408 1840 ut
1435 1786 1671 1840 divinam
1717 1790 1932 1859 generis

365 1875 702 1930 nobilitatem
739 1877 918 1940 decet,
969 1877 1015 1930 is
1046 1884 1193 1931 recte
1238 1877 1302 1930 ad
1332 1878 1609 1932 caelestem
1658 1879 1932 1935 civitatem

366 1973 594 2033 spectat,
623 1975 676 2020 et
699 1965 910 2020 Patrem
934 1966 1197 2020 cmlorum
1227 1982 1430 2036 regem,
1453 1977 1507 2020 et
1527 1969 1754 2037 patriam
1779 1985 1933 2024 suam

364 2056 642 2109 caalestem
665 2057 953 2110 nominans
975 2056 1387 2110 beatitudinem.
1424 2055 1672 2122 Quonam
1700 2061 1935 2128 pertinet

366 2141 511 2195 illius
545 2143 760 2196 consilii
808 2144 1149 2211 propositum
1184 2151 1347 2213 atque
1391 2145 1666 2200 intentio?
1710 2145 1784 2200 Ea
1814 2164 1936 2218 qua:

367 2248 529 2302 supra
566 2242 712 2296 sunt.
745 2236 1054 2304 cogitanda,
1099 2236 1189 2289 ubi
1226 2235 1402 2290 Deus:
1439 2237 1550 2292 illic
1582 2237 1935 2295 fundamenta

366 2325 718 2382 habitationis
768 2343 880 2381 sua:
923 2328 1121 2397 cuique
1146 2328 1402 2396 jacienda
1442 2345 1598 2396 esse;
1653 2331 1764 2385 illic
1812 2333 1934 2388 the-

367 2432 560 2472 sauros
607 2417 954 2472 condendos:
1004 2420 1132 2488 illuc
1188 2434 1281 2473 cor
1315 2435 1472 2474 suum
1519 2436 1790 2490 quemque
1823 2431 1936 2477 tra-

368 2507 568 2561 ducere
600 2507 796 2561 debere
823 2525 838 2574 ;
881 2509 972 2562 ubi
1001 2510 1148 2563 enim
1191 2511 1500 2576 thesaurus,
1546 2511 1620 2565 ibi
1653 2513 1813 2566 etiam
1841 2529 1938 2568 cor

368 2596 556 2650 est“:
595 2599 660 2650 ad
697 2605 974 2666 paternam
1014 2599 1160 2652 omni
1201 2608 1443 2667 tempore
1477 2601 1935 2670 pulchritudinem

369 2685 722 2753 spectandum
747 2701 886 2749 esse,
921 2693 974 2740 et
999 2686 1156 2755 juxta
1186 2687 1354 2750 illam,
1388 2703 1545 2742 suum
1575 2705 1936 2759 unumquem-

369 2781 476 2844 que’
521 2777 763 2830 animum
815 2791 1081 2831 exornare
1129 2777 1348 2832 debere.
1406 2778 1529 2833 Non
1580 2790 1657 2834 est
1708 2782 1937 2850 acceptio

369 2885 713 2938 personarum
746 2869 886 2940 apud
917 2869 1104 2933 Deum,
1132 2872 1309 2941 inquit
1340 2869 1623 2942 Scriptura
1647 2862 1713 2927 δ’.
1743 2873 1939 2928 Absint

372 2961 500 3014 item
543 2978 570 3014 a
623 2970 712 3014 tua
765 2963 937 3016 forma
986 2963 1120 3017 tales
1150 2965 1360 3019 sordes.
1410 2964 1493 3018 Ab
1535 2964 1737 3019 invidia
1776 2973 1939 3035 atque

2030 421 2204 476 ταῦτά
2240 424 2354 474 ἐστι
2393 420 2489 474 καὶ
2518 421 2587 473 τά
2601 415 2943 485 τοιαῦτα,οίς
2967 422 3000 490 ή
3034 421 3215 492 μορφὴ
3247 418 3344 473 τοῦ
3375 421 3612 474 ἐναντίου

2031 511 2512 584 χαρακτηρίζεται.
2547 511 2606 564 Ὀ
2637 509 2812 564 τοίνυν
2848 512 2967 573 ταῖς
2996 509 3272 572 τοιαύταις
3312 509 3493 580 κηλίσι
3516 511 3613 581 τὴν

2031 601 2205 672 ψυχὴν
2237 599 2657 670 ὲγκεκαυμένος,
2691 598 2787 652 ἐὰν
2828 599 3040 669 πατέρα
3078 596 3306 670 καλέσῃ,
3333 602 3482 662 ποῖος
3513 603 3609 651 αὑ·-

2030 693 2124 746 τδν
2172 692 2352 764 πατὴρ
2413 688 2811 756 ὲπακούσεται;
2852 689 3060 760 Δηλαδὴ
3096 692 3125 742 6
3171 689 3453 757 συγγενῶς
3479 691 3610 760 πρὸς

2031 785 2122 838 τὸν
2146 783 2447 852 κεκληκότα
2473 781 2611 852 ἔχων
2639 797 2652 811 ο
2679 773 2832 843 οὗτος
2868 780 2926 833 δέ
2959 782 3105 833 ἐστιν
3142 781 3242 849 οὐχ
3275 782 3303 832 ὁ
3343 780 3604 851 οὐράνιος,

2033 879 2144 934 ἀλλ’
2165 882 2193 932 6
2220 877 2590 948 καταχθόνιος.
2632 869 2706 930 Οὗ
2752 876 2861 948 γὰρ
2883 875 2952 929 τά
2988 878 3188 946 σημεῖα
3212 876 3373 945 φέρει
3397 877 3490 946 τῆς
3513 877 3608 944 ἀγ-

2032 972 2292 1041 χιστείας,
2343 971 2548 1032 ἐκεῖνος
2573 969 2788 1030 πάντως
2826 968 2925 1037 τὴν
2967 967 3100 1020 ἰδίαν
3131 968 3456 1036 συγγένειαν
3493 972 3611 1021 ἐπι-

2033 1060 2319 1130 γνώσεται.
2361 1059 2570 1114 Οὐκοῦν
2607 1062 2640 1130 ἡ
2687 1057 2781 1112 τοῦ
2813 1058 3052 1128 πονηροῦ
3082 1059 3274 1128 ἀνδρὸς
3311 1061 3610 1128 προσευχὴ,

2032 1153 2132 1215 ἕως
2155 1151 2219 1205 ἂν
2252 1154 2309 1204 ὲν
2331 1155 2395 1222 τῇ
2423 1151 2656 1222 πονηρίᾳ
2678 1145 2734 1224 ᾖ,
2761 1151 2854 1203 τοῦ
2888 1151 3136 1204 διαϐόλου
3160 1151 3449 1220 ἐπίκλησις
3478 1151 3616 1218 γίνε-

2030 1260 2121 1298 ται
2137 1260 2150 1275 ’
2177 1243 2270 1296 τοῦ
2306 1242 2364 1296 δὲ
2381 1242 2690 1311 ἀφεστῶτος
2720 1241 2818 1310 τῆς
2836 1242 3115 1312 πονηρίας,
3133 1241 3224 1294 καὶ
3241 1243 3296 1293 ὲν
3316 1241 3612 1310 ἀγαθότητι

2033 1334 2252 1400 ζῶντος,
2287 1333 2376 1386 τὸν
2421 1331 2624 1400 ἀγαθὸν
2662 1330 2881 1403 Πατέρα
2921 1333 2954 1401 ή
2982 1330 3131 1401 φωνὴ
3159 1330 3609 1401 προσκαλέσεται.

2036 1429 2202 1481 Ὅταν
2228 1427 2404 1480 τοίνυν
2445 1425 2758 1496 προσίωμεν
2800 1423 2880 1494 τῷ
2917 1423 3058 1493 Θεῷ,
3093 1423 3363 1494 πρότερον
3383 1422 3475 1474 τὸν
3503 1421 3618 1490 βίον

2031 1518 2513 1587 ἐπισκοπήσωμεν,
2561 1514 2613 1566 εἰ
2639 1533 2691 1569 τι
2718 1513 2820 1583 τῆς
2841 1514 2992 1576 θείας
3022 1511 3345 1581 συγγενείας
3385 1510 3536 1576 ἄξιον
3560 1512 3616 1561 ἐν

2033 1608 2243 1669 ἑαυτοῖς
2281 1605 2514 1676 φέρομεν
2534 1619 2549 1634 ·
2578 1599 2676 1656 εἷθ’
2717 1602 2860 1656 οὕτω
2903 1602 2993 1656 τὸν
3020 1601 3258 1655 τοιοῦτον
3295 1601 3452 1670 λόγον
3485 1601 3615 1670 θαρο

2039 1697 2316 1766 σήσωμεν.
2351 1695 2409 1747 '0
2439 1692 2547 1765 γὰρ
2571 1692 2747 1760 λέγειν
2782 1692 3000 1764 Πατέρα
3027 1691 3355 1762 προστάξας,
3392 1691 3455 1743 τὸ
3484 1689 3614 1758 ψεῦ‹

2037 1789 2125 1851 δος
2153 1787 2332 1855 λέγειν
2392 1787 2451 1839 οὐ
2517 1782 2910 1854 συνεχώρησεν.
2953 1782 3162 1836 Οὑκοῧν
3205 1786 3234 1835 ὁ
3287 1781 3389 1851 τῆς
3427 1781 3614 1847 θεῖκῆς

2038 1876 2315 1946 εὐγενείας
2353 1874 2520 1942 ἀξίως
2574 1873 3051 1943 πολιτευσάμενος,
3080 1867 3232 1935 οὗτος
3271 1870 3454 1934 καλῶς
3480 1870 3615 1940 πρὸς

2038 1970 2137 2038 τὴν
2155 1968 2400 2038 οὐράνιον
2440 1965 2591 2019 πόλιν
2613 1965 2736 2035 ὁρᾷ,
2770 1964 2987 2034 Πατέρα
3015 1981 3076 2016 τε
3103 1964 3192 2016 τὸν
3227 1962 3338 2016 τῶν
3367 1961 3616 2033 οὐρανῶν

2042 2058 2285 2130 βασιλέα,
2326 2058 2420 2110 καὶ
2456 2055 2687 2127 πατρίδα
2715 2054 2908 2108 ἑαυτοῦ
2937 2054 3033 2125 τὴν
3059 2055 3308 2124 οὐράνιον
3331 2053 3617 2120 ὀνομάζων

2043 2151 2536 2222 μακαριότητα.Εἰς
2559 2149 2612 2201 τί
2633 2149 2787 2218 φέρει
2807 2147 2904 2217 τῆς
2925 2163 2986 2199 συ
2995 2145 3225 2216 μϐουλῆς
3250 2146 3278 2198 6
3296 2143 3533 2208 σκοπός;
3556 2141 3621 2194 τὰ

2040 2241 2152 2294 ἄνω
2185 2242 2415 2311 φρονεῖν,
2457 2231 2518 2291 οὗ
2548 2241 2574 2292 6
2597 2238 2755 2300 Θεόςο
2779 2238 2896 2290 ἐκεῖ
2931 2233 3207 2303 θεμελίους
3229 2234 3324 2302 τῆς
3349 2234 3619 2302 οἰκήσεως

2041 2331 2233 2386 ἑαυτοῦ
2283 2328 2749 2385 καταϐάλλεσθαιο
2792 2329 2910 2380 ἐκεῖ
2957 2327 3084 2389 τοὺς
3122 2323 3427 2394 θησαυροὺς
3481 2324 3620 2375 ἀπο-

2039 2422 2282 2476 τίθεσθαι
2300 2438 2313 2450 ·
2355 2423 2472 2473 ἐκεῖ
2498 2419 2823 2489 μετοικίζειν
2847 2415 3037 2469 ἑαυτοῦ
3062 2414 3158 2485 τὴν
3187 2405 3622 2484 καρδίανῗΌπου

2040 2515 2149 2583 γάρ
2204 2514 2350 2565 ἐστιν
2396 2512 2425 2564 ό
2471 2510 2759 2582 θησαυρὸς,
2811 2509 2926 2561 ἐκεῖ
2983 2509 3100 2561 ἐστι
3148 2508 3238 2560 καὶ
3292 2509 3325 2576 ἠ
3377 2504 3618 2576 καρδία·

2042 2602 2178 2672 πρὸς
2199 2601 2259 2653 τὸ
2287 2600 2544 2672 πατρικὸν
2579 2600 2769 2660 κάλλος
2796 2597 3082 2659 διαπαντὸς
3111 2597 3349 2666 βλέπειν,
3379 2596 3478 2648 καὶ
3504 2595 3621 2647 κατ’

2043 2691 2218 2742 έκεῖνο
2244 2689 2341 2760 τὴν
2373 2688 2507 2742 ἰδίαν
2535 2687 2895 2751 καλλωπίζειν
2915 2685 3112 2756 ψυχήν.
3136 2689 3257 2740 Οὐκ
3282 2686 3411 2738 ἐστι
3429 2698 3625 2752 προσ·

2043 2781 2364 2847 ωποληψία
2399 2779 2558 2847 παρὰ
2585 2778 2725 2846 Θεῷ,
2750 2781 2912 2850 φησὶν
2941 2783 2974 2851 ή
2999 2781 3208 2853 Γραφή.
3249 2779 3500 2831 Ἀπέστω
3532 2775 3624 2830 καὶ

2042 2874 2142 2942 τῇς
2171 2870 2270 2940 σῆς
2318 2871 2528 2942 μορφῆς
2568 2871 2596 2922 ό
2624 2870 2863 2932 τοιοῦτος
2901 2870 3089 2941 ῥύπος.
3139 2870 3332 2922 Φθόνου
3378 2868 3626 2939 καθαρὸν

2044 2964 2104 3016 τὸ
2140 2962 2314 3025 Θεῖον,
2363 2962 2455 3014 καὶ
2510 2962 2689 3031 πάσης
2733 2961 3019 3032 ὲμπαθοῦς
3071 2961 3305 3032 κηλίδος.
3364 2959 3524 3030 Μηδὲ
3569 2977 3626 3010 σε

372 3050 442 3104 ab
475 3051 620 3103 omni
662 3052 776 3104 vitii
815 3059 943 3105 nota
979 3068 1171 3120 purum
1209 3063 1260 3108 et
1314 3055 1582 3123 integrum
1625 3071 1826 3110 numen
1859 3057 1944 3110 tli-

2101 3051 2416 3115 ιταστιζέτω
2441 3051 2508 3104 τὰ
2527 3029 2750 3104 τοιαῦτα
2769 3029 2948 3122 πάθη,
2978 3053 3053 3121 μὴ
3085 3029 3296 3121 φθόνος,
3329 3049 3403 3120 μὴ
3426 3029 3624 3118 τῦφος,

373 3141 559 3193 vinum
591 3150 694 3197 est.
727 3141 803 3196 Ne
829 3150 882 3197 te
909 3144 1127 3212 quidem
1165 3144 1450 3216 designent
1477 3145 1744 3214 ejusmodi
1775 3149 1938 3202 vitia:

377 3246 483 3285 non
519 3233 738 3297 invidia,
788 3250 896 3288 non
943 3235 1234 3304 superbia:
1291 3251 1399 3290 non
1455 3237 1604 3291 aliud
1643 3239 1942 3309 quidquam

375 3338 596 3387 eorum,
635 3340 755 3394 qua:
798 3326 1039 3379 divinam
1081 3327 1537 3396 pulchritudinem
1583 3331 1831 3400 polluunt
1880 3349 1945 3389 ac

379 3411 600 3466 findant.
659 3413 715 3468 Si
764 3416 888 3471 talis
927 3415 1115 3486 fueris,
1176 3433 1245 3472 ne
1291 3419 1532 3473 verearis
1578 3418 1834 3476 familiari
1888 3434 1944 3478 et

376 3508 549 3560 amica
579 3522 708 3562 voce
741 3506 908 3562 Deum
957 3508 1236 3574 invocare,
1283 3519 1336 3565 et
1378 3507 1591 3566 Patrem
1629 3517 1784 3566 tuum
1817 3515 1944 3569 uni-

374 3597 519 3651 versi
569 3596 855 3654 Dominum
907 3600 1188 3655 nominare
1227 3601 1565 3656 :intuebitur
1605 3609 1658 3656 te
1707 3605 1948 3672 paternis

377 3687 572 3748 oculis.
618 3687 799 3744 divina
853 3691 990 3746 stola
1041 3691 1418 3758 circumdabit,
1473 3693 1676 3748 annulo
1708 3695 1945 3761 ornabit,

379 3777 611 3832 instruet
668 3795 733 3834 ac
790 3782 1116 3853 praeparabit
1197 3783 1534 3853 Evangelicis
1565 3785 1950 3842 calceamentis

381 3868 543 3936 pedes
571 3869 637 3922 ad
665 3886 919 3940 snpcrum
954 3873 1090 3926 iter:
1128 3875 1377 3927 restituet
1406 3881 1457 3928 te
1494 3876 1699 3930 cmlesti
1739 3879 1946 3946 patriae,

2051 3145 2126 3217 μὴ
2147 3145 2274 3199 ἄλλο
2308 3162 2360 3197 τι
2398 3144 2505 3197 τῶν
2531 3143 2863 3213 μολυνόντων
2895 3145 2956 3196 τὸ
2985 3145 3214 3207 θεοειδὲς
3248 3141 3458 3203 κάλλος.
3503 3143 3626 3194 Ἐὰν

2046 3235 2285 3298 τοιοῦτος
2312 3231 2396 3308 ᾖς,
2425 3233 2695 3306 θάρσησον
2723 3237 2787 3303 τῇ
2811 3235 2985 3306 οἰκείᾳ
3016 3238 3164 3305 φωνῇ
3189 3234 3276 3286 τὸν
3301 3233 3431 3285 Θεὸν
3458 3249 3627 3299 προσ-

2049 3326 2398 3389 καλέσασθαι,
2425 3329 2518 3382 καὶ
2543 3325 2760 3396 Πατέρα
2781 3325 2972 3378 ἑαυτοῦ
2987 3327 3076 3378 τὸν
3094 3325 3188 3378 τοῦ
3210 3324 3406 3386 παντὸς
3419 3323 3627 3375 Δεσπό-

2046 3434 2145 3488 την
2160 3418 2439 3488 ὀνομάσαι.
2475 3419 2698 3488 Ὀψεταί
2729 3435 2786 3471 σε
2823 3418 3108 3488 πατρικοῖς
3133 3416 3446 3486 ὀφθαλμοῖς,
3475 3431 3630 3485 περιρ

2051 3510 2228 3564 στελεϊ
2245 3527 2303 3563 σε
2324 3513 2388 3580 τῇ
2413 3510 2532 3582 θείᾳ
2546 3511 2727 3582 στολῇ,
2767 3511 2860 3564 καὶ
2891 3510 3297 3580 κατακοσμήσει
3319 3508 3395 3578 τῷ
3423 3507 3625 3560 6a.er-

2047 3601 2164 3672 λίῳ,
2190 3601 2504 3672 καταρτίσει
2527 3603 2652 3666 τοὺς
2673 3602 2836 3666 πόδας
2863 3601 2997 3673 πρὸς
3017 3593 3116 3672 τὴν
3134 3601 3246 3653 ἄνω
3267 3599 3496 3668 πορείαν
3514 3601 3627 3660 τοῖς

2049 3691 2422 3760 εὐαγγελικοῖς
2459 3693 2817 3765 ὑποδήμασιν.
2857 3695 3300 3765 ἀποκαταστήσει
3341 3709 3400 3745 σε
3427 3695 3496 3763 τῇ
3533 3692 3626 3744 oti-

2051 3783 2217 3853 ρανίῳ
2239 3783 2491 3854 πατρίδι’
2537 3786 2596 3838 ὲν
2632 3785 2851 3856 Χριστῷ
2897 3785 3072 3856 Ἰησοῦ
3101 3784 3180 3855 τῷ
3209 3785 3399 3856 Κυρίῳ
3437 3783 3620 3853 ήμῶν,

2045 3867 2090 3944 ᾧ
2119 3875 2315 3945 πρέπει
2344 3876 2376 3945 ή
2407 3875 2532 3940 δόξα
2562 3878 2655 3931 καί⁵
2688 3878 2748 3931 τὸ
2776 3877 2978 3950 κράτος
3014 3878 3096 3940 είς
3123 3878 3251 3941 τοὺς
3277 3877 3479 3940 αἰῶνας
3518 3879 3623 3932 τῶν

385 3973 483 4026 per
510 3960 790 4016 Christum
821 3961 1005 4017 Jesum
1043 3962 1330 4018 Dominum
1355 3974 1603 4020 nostrum
1631 3988 1643 4022 :
1670 3987 1828 4040 quem
1864 3973 1946 4028 ἀοι

2101 3964 2275 4020 κώνων.
2313 3965 2506 4038 Ἀμήν.

380 4057 467 4104 cet
489 4051 663 4122 gloria
683 4061 736 4108 et
762 4055 1070 4123 imperium,
1094 4055 1148 4108 in
1172 4057 1370 4110 saecula
1393 4059 1736 4115 saeculorum.
1756 4062 1948 4118 Amen.

976 4207 1232 4265 ORATIO
1267 4210 1356 4268 Ill.

383 4358 756 4429 Sancti/iectur
791 4377 976 4415 nomen
1015 4370 1202 4428 tuum;
1243 4362 1486 4418 adveniat
1521 4382 1736 4436 regnum
1777 4376 1944 4425 tuum.

451 4518 562 4572 Lex
597 4534 715 4587 quae
747 4518 1050 4574 futurorum
1086 4521 1354 4575 bonorum
1389 4523 1632 4577 continet
1661 4525 1908 4580 umbram
1929 4567 1946 4592 ,

381 4615 435 4660 et
499 4607 695 4678 typicis
745 4608 1072 4676 quihusdam
1127 4610 1510 4679 mnigmatibus
1548 4621 1602 4666 et
1653 4613 1949 4672 involucris

381 4699 667 4752 veritatem
698 4699 1079 4768 prmsignilicat
1112 4700 1156 4731 ⁸ο
1176 4740 1192 4766 ,
1221 4715 1344 4754 cum
1379 4701 1430 4753 in
1462 4703 1734 4756 occultum
1767 4719 1831 4760 ac
1859 4723 1948 4762 re-

383 4797 590 4841 motum
625 4789 811 4857 templi
846 4788 1023 4843 locum
1045 4829 1060 4853 ,
1095 4789 1240 4859 quod
1274 4789 1465 4843 ἄδυτον
1501 4791 1700 4846 dicitur
1729 4793 1747 4848 (
1769 4796 1840 4850 ob
1866 4795 1948 4861 id,

378 4877 525 4946 quod
555 4891 641 4940 eo,
679 4885 876 4946 prater
922 4877 1253 4941 sacerdotes,
1303 4877 1455 4934 adire
1495 4879 1576 4936 fas
1615 4898 1721 4937 non
1763 4886 1950 4954 esset),

379 4967 719 5023 sacerdotem
751 4967 861 5023 Deo
897 4983 1085 5038 preces
1119 4967 1427 5023 oblaturum
1465 4969 1800 5038 introducit,
1836 4977 1952 5046 pri-

383 5075 528 5113 mum
555 5060 770 5130 quidem
801 5060 1168 5130 piacularibus
1201 5059 1525 5130 quibusdam
1553 5065 1871 5135 sacriﬁciis,
1897 5077 1952 5124 et

379 5151 969 5221 circumspersionibus
993 5151 1343 5204 introiturum
1370 5153 1620 5221 puriﬁcat
1641 5163 1695 5210 ct
1717 5157 1904 5212 lustrat
1931 5177 1944 5214 :

379 5241 574 5296 deinde
607 5241 696 5294 ubi
731 5256 854 5295 eum
885 5241 1024 5294 stola
1056 5240 1420 5305 sacerdotali,
1456 5255 1623 5308 auro,
1670 5259 1908 5312 purpura
1929 5283 1946 5309 ,

383 5335 716 5404 reliquisque
745 5333 955 5389 ﬂoridis
997 5335 1245 5388 tinctura:
1285 5333 1562 5389 coloribus
1591 5335 1866 5404 eleganter
1896 5344 1950 5390 et

381 5423 582 5480 δαείη-ε
615 5425 756 5478 facta
796 5432 958 5494 atque
999 5425 1272 5481 elaborata
1308 5424 1673 5490 exornaverit,
1703 5434 1949 5495 pectora-

453 5599 502 5633 “
541 5598 730 5652 Matth.
766 5617 852 5659 vt,
880 5601 967 5653 ει.
1047 5602 1088 5633 ³⁸
1129 5600 1287 5655 ltom.
1320 5616 1355 5654 ll
1379 5640 1392 5666 ,
1429 5603 1508 5657 ll.
1585 5603 1630 5636 '°
1671 5600 1833 5660 llcbr.
1859 5619 1930 5667 ι,
1965 5605 2014 5661 1.

1978 4208 2025 4264 1)

2672 4206 2890 4261 ΛΟΓΟΣ
2927 4211 2999 4269 Γ’.

2065 4359 2429 4425 Ἁγιασθήτω
2453 4353 2522 4408 τὸ
2561 4354 2748 4428 ὄνομά
2786 4373 2904 4412 σου
2925 4375 2938 4388 ⁸
2988 4359 3208 4414 ἐλθέτω
3255 4361 3295 4428 ἠ
3334 4360 3623 4425 ,ϐασιλεία

2771 4444 2909 4483 σου.

2137 4520 2196 4573 '0
2243 4520 2342 4592 τὴν
2379 4522 2536 4577 σκιὰν
2580 4521 2688 4574 τῶν
2737 4519 3037 4591 μελλόντων
3092 4519 3311 4588 ἀγαθῶν
3357 4522 3623 4592 περιέχων

2055 4611 2235 4682 νόμος,
2266 4614 2359 4666 καί
2404 4616 2552 4668 τισιν
2586 4613 2870 4684 αἰνίγμασι
2915 4614 3165 4676 τυπικοῖς
3219 4614 3624 4682 προαναφωνῶν

2052 4700 2151 4772 τὴν
2197 4702 2479 4774 ἀλήθειαν,
2514 4703 2731 4760 ἐπειδὰν
2765 4705 2845 4766 εἰς
2893 4703 2954 4755 τὸ
2982 4703 3172 4756 ἄδυτον
3205 4691 3416 4772 εἰσάγει
3460 4722 3626 4775 προσ-

2054 4793 2338 4864 ευξόμενον
2361 4795 2440 4863 τῷ
2467 4794 2587 4864 Θεῷ
2615 4794 2705 4848 τὸν
2733 4793 2902 4865 ἱερέα,
2933 4793 3148 4864 πρῶτον
3179 4793 3278 4864 μὲν
3309 4795 3628 4863 καθαρσίοις

2055 4882 2198 4946 τισὶ,
2233 4884 2327 4936 καὶ
2373 4885 2849 4954 περιρῤαντισμοῖς
2899 4880 3186 4950 ἀφαγνίζει
3231 4881 3324 4934 τὸν
3368 4881 3628 4936 εἰσιόντα.

2056 4971 2188 5028 Εἶτα
2226 4977 2293 5045 τῇ
2324 4975 2569 5046 ἱερατικῇ
2601 4974 2758 5045 στολῇ
2787 4972 2972 5045 χρυσῷ
3001 4973 3093 5027 καὶ
3121 4970 3374 5045 πορφύρα
3397 4973 3492 5024 καὶ
3520 4974 3628 5032 τοῖς

2054 5065 2255 5129 λοιποῖς
2285 5065 2467 5119 ἄνθεσι
2503 5068 2599 5137 τῆς
2636 5066 2810 5136 βαφῆς
2839 5063 3130 5134 ἐκπρεπῶς
3156 5063 3505 5134 έξησκημένῃ
3530 5081 3626 5114 κα-

2053 5159 2437 5228 τακοσμήσας,
2484 5159 2585 5229 τήν
2645 5175 2704 5210 τε
2760 5155 3107 5230 περιστήθιον
3161 5152 3434 5207 ἐπιϐαλὼν
3482 5153 3628 5221 αὐτῷ

2059 5248 2273 5319 μίτραν,
2305 5250 2397 5302 καὶ
2429 5250 2552 5312 τοὺς
2575 5248 2829 5310 κώδωνας
2860 5247 2966 5301 τῶν
2998 5245 3318 5318 κρασπέδων
3345 5243 3486 5315 μετά
3522 5245 3628 5296 τῶν

2056 5337 2287 5408 ῥοΐσκων
2313 5339 2538 5409 ἐξάψας,
2581 5337 2784 5392 ἄνωθεν
2813 5337 2869 5390 δὲ
2904 5340 3021 5400 ταῖς
3051 5335 3286 5407 ἐπωμίσι
3305 5333 3629 5403 διασφίγξας

2054 5429 2145 5482 τὸν
2179 5428 2508 5500 ἐπενδύτην,
2559 5429 2650 5482 καὶ
2701 5427 2799 5499 τὴν
2855 5427 3095 5498 κεφαλὴν
3150 5424 3498 5488 καλλωπίσας
3554 5422 3628 5494 τῷ
