3738 5984
293 189 419 242 1151

1500 191 1556 248 S.
1589 193 1912 253 GREGORII
1943 200 2231 258 NYSSENI

3401 201 3568 258 1152

290 299 503 356 collecti
531 315 638 356 non
663 302 1022 369 conveniant,
1053 304 1420 362 comminisci.
1446 306 1759 367 Reminisca

2085 338 2155 386 ιι,
2182 313 2334 384 οὗτος
2361 319 2601 392 ἀκριϐῶς
2627 318 2932 391 περίκειται
2957 318 3055 389 τὴν
3081 319 3270 388 στολὴν
3294 319 3561 387 ἐκείνην,

290 406 422 460 ergo
448 391 629 446 denuo
655 403 822 464 atque
852 395 1171 452 recordetur
1195 400 1424 468 primam
1461 405 1730 461 orationis
1762 406 1861 462 do-

293 481 524 534 ctrinam
554 498 569 535 :
604 497 730 537 nam
764 485 859 554 qui
887 484 959 538 ita
990 500 1110 542 sese
1137 489 1386 557 paravit,
1415 500 1474 545 ut
1497 492 1666 550 libere
1690 494 1860 550 Deum

292 577 503 640 patrem
544 587 705 629 suum
748 577 1035 632 nominare
1067 579 1298 645 audeat,
1340 581 1388 635 is
1431 583 1592 651 plane
1622 585 1861 641 amictus

291 669 376 718 cst
403 663 494 718 illa
523 665 660 720 stola
683 703 698 730 ,
727 681 889 735 quam
911 669 1089 723 oratio
1118 668 1448 742 descripsit,
1478 674 1862 734 tintinnabulis

294 765 551 823 resonat,
583 757 857 827 corymbis
883 758 1200 826 decoratur,
1235 763 1384 818 circa
1423 775 1616 835 pectus
1660 782 1863 838 praece-

294 853 511 916 ptorum
550 847 854 918 fulgoribus
889 850 1236 920 resplendet,
1285 861 1463 924 gestat
1489 856 1732 912 humeris
1765 872 1863 926 pa-

295 938 564 994 triarchas
605 947 660 994 et
697 939 1024 1010 prophetas,
1071 944 1192 998 loco
1241 945 1525 1001 nominum
1568 948 1863 1006 virtutibus

294 1033 511 1087 illorum
550 1032 618 1086 ad
662 1033 748 1088 sui
795 1043 1050 1088 ornatum
1093 1037 1377 1093 translatis
1410 1057 1423 1094 :
1461 1049 1626 1110 caput
1658 1055 1862 1096 corona

288 1123 512 1194 iustitiae
539 1136 735 1191 ornat,
786 1127 1044 1197 capillum
1088 1129 1296 1185 cmlesti
1336 1139 1614 1201 unguento
1645 1133 1863 1188 delibu-

294 1223 410 1269 tum
433 1215 628 1283 habet,
675 1224 728 1272 et
768 1217 910 1271 intra
937 1221 1346 1289 supercmlestia
1378 1223 1540 1294 adyta
1571 1233 1860 1280 versatur:

292 1323 414 1378 qua:
458 1309 606 1363 omni
655 1310 972 1378 cogitationi
1024 1312 1266 1381 profanae
1321 1329 1509 1370 revera
1555 1316 1754 1379 ἄδυτα,
1809 1314 1864 1370 id

291 1406 378 1454 est
410 1399 843 1468 impenetrabilia
875 1411 1038 1472 atque
1071 1404 1350 1460 inaccessa
1396 1415 1545 1460 sunt.
1571 1407 1864 1463 Enimvero

293 1491 569 1556 quomodo
600 1499 655 1545 et
685 1504 1008 1546 exornatum
1040 1503 1094 1548 et
1129 1495 1460 1552 instructum
1502 1513 1626 1554 esse
1667 1515 1864 1554 conve-

293 1580 409 1634 niat
440 1595 564 1635 eum
589 1621 604 1644 ,
635 1583 724 1651 qui
757 1584 1060 1639 sacerdotis
1087 1586 1261 1642 ofﬁcio
1290 1587 1578 1645 functurus
1610 1590 1717 1656 sit,
1749 1605 1863 1644 me-

293 1670 556 1727 diocriter
584 1688 679 1743 per
708 1689 772 1728 ea
805 1690 926 1745 qua:
951 1683 1179 1731 tractata
1209 1688 1371 1748 atque
1400 1681 1668 1749 explicata
1695 1690 1856 1746 sunt,

292 1765 471 1820 oratio
502 1765 926 1834 demonstravit;
954 1769 1220 1839 reliquum
1252 1769 1416 1824 fuerit
1461 1772 1633 1841 ipsam
1678 1773 1861 1827 consi-

1963 411 2028 480 ἢν
2061 413 2090 464 6
2135 411 2291 480 λόγος
2320 410 2654 482 ὑπέγραψεν,
2692 410 2787 462 καὶ
2822 411 2948 480 ὴχεῖ
2973 412 3086 473 τοῖς
3116 408 3358 463 κώδωσιν
3377 449 3394 473 ,
3445 409 3562 462 καὶ

1962 502 2174 566 ἐξανθεῖ
2212 505 2321 566 τοῖς
2369 503 2631 573 ῥοΐσκοιςο
2668 503 2762 556 καὶ
2793 502 2997 572 λάμπει
3061 502 3190 571 περὶ
3227 501 3290 554 τὸ
3339 501 3561 570 στῆθος

1962 594 2080 656 ταῖς
2104 593 2212 647 τῶν
2233 592 2461 647 ἐντολῶν
2488 594 2681 661 αὐγαῖς
2697 633 2712 657 ,
2745 594 2839 645 καὶ
2865 593 3023 663 φέρει
3049 595 3164 656 τοῖς
3195 591 3368 662 ὤμοις
3410 593 3558 652 τοὺς

1964 678 2306 750 πατριάρχας
2336 679 2430 733 καὶ
2458 680 2760 750 προφήτας,
2790 681 2912 733 ἀντὶ
2941 679 3050 732 τῶν
3087 680 3367 750 ὀνομάτων
3385 721 3403 743 ,
3439 679 3556 740 τὰς

1962 766 2162 837 ἀρετὰς
2196 767 2417 821 ἐκείνων
2448 771 2526 833 είς
2560 769 2651 822 τὸν
2691 769 2819 822 ἴδιον
2842 769 3045 840 κόσμον
3077 772 3553 841 μετακοσμήσας·

1963 857 2058 909 καὶ
2076 856 2174 928 τὴν
2197 857 2435 930 κεφαλὴν
2462 861 2657 929 κοσμεῖ
2677 860 2756 930 τῷ
2773 861 2872 931 τῆς
2895 861 3237 931 δικαιοσύνης
3258 863 3554 934 στεφάνῳ,

1963 945 2059 998 καὶ
2105 947 2205 1018 τὴν
2259 947 2434 1019 κόμην
2476 947 2589 1018 ἔχει
2635 949 2714 1020 τῷ
2744 950 2981 1022 οὐρανίῳ
3017 949 3172 1021 μύρῳ
3210 951 3551 1021 διάϐροχον.

1963 1036 2112 1100 ἐντός
2154 1053 2213 1089 τε
2249 1037 2457 1105 γίνεται
2500 1037 2610 1090 τῶν
2659 1037 3069 1108 ὑπερουρανίων
3108 1037 3351 1091 ἀδύτων·
3389 1037 3555 1106 amp

1964 1129 2124 1183 παντὶ
2171 1127 2416 1198 λογισμῷ
2465 1127 2675 1198 βεϐήλῳ
2714 1128 2881 1182 ἄδυτα
2930 1128 3006 1191 ὡς
3038 1127 3251 1197 ἀληθῶς
3293 1129 3412 1180 ἐστι
3446 1130 3555 1180 καὶ

1963 1218 2279 1273 ἁνεπίϐατα.
2325 1218 2462 1270 Ἀλλ’
2489 1219 2636 1281 ὅπως
2674 1218 2939 1290 προσήκει
2973 1217 3421 1290 παρεσκευάσθαι
3447 1216 3554 1269 τὸν

1966 1312 2290 1383 ἱερωμένον,
2340 1309 2574 1380 μετρίως
2623 1312 2681 1364 ἐν
2719 1313 2832 1374 τοῖς
2876 1309 3258 1380 ἐξητασμένοις
3304 1310 3333 1360 6
3375 1307 3554 1374 λόγος

1964 1401 2264 1467 ὑπέδειξεν·
2300 1400 2486 1454 λοιπὸν
2517 1401 2560 1452 δ’
2589 1400 2655 1454 ἂν
2685 1401 2768 1471 εἴη
2800 1403 3020 1453 σκοπεῖν
3052 1400 3218 1470 αὐτὴν
3249 1399 3348 1468 τὴν
3375 1397 3555 1468 ain;-

1965 1511 2067 1556 σιν,
2101 1495 2166 1563 ἦν
2209 1493 2502 1563 προσάγειν
2543 1491 2796 1544 ἐκέλευσε
2834 1490 2914 1560 τῷ
2943 1490 3084 1561 Θεῷ,
3121 1490 3213 1542 τὸν
3242 1490 3395 1552 ἐντὸς
3431 1488 3554 1540 τῶν

1963 1584 2170 1638 ἀδύτων
2205 1583 2514 1652 γενόμενον.
2558 1582 2633 1635 Οὐ
2673 1581 2782 1652 γάρ
2811 1599 2902 1652 μοι
2947 1581 3094 1634 δοκεῖ
3133 1580 3272 1635 κατά
3305 1580 3364 1633 τὸ
3406 1581 3552 1649 πρό-

1965 1692 2165 1746 χειρον,
2196 1673 2463 1745 εὔληπτον
2496 1674 2753 1744 παρέχειν
2787 1675 2918 1743 ἡμῖν
2945 1673 3044 1744 τὴν
3084 1673 3335 1739 διάνοιαν,
3363 1672 3553 1741 ψιλῶς

1965 1769 2066 1838 τῆς
2101 1767 2408 1838 προσευχῆς
2438 1765 2725 1818 ἐκτεθέντα
2751 1763 2820 1817 τὰ
2843 1766 3084 1835 ῥήματα.

292 1856 486 1913 derare
516 1858 827 1927 petitionem
851 1900 865 1924 ,
901 1877 1063 1932 quam
1098 1878 1254 1928 eum,
1290 1865 1383 1934 qui
1413 1867 1553 1922 intra
1613 1867 1830 1939 adytum
1888 1874 2161 1927 versatur.
2217 1862 2327 1918 Deo
2389 1859 2586 1916 offerre
2639 1860 2847 1930 jussit:
2879 1875 2987 1914 non
3022 1861 3166 1914 enim
3199 1858 3330 1913 mihi
3370 1859 3552 1914 verba

291 1950 557 2006 orationis
604 1952 751 2007 nude
796 1956 1038 2024 exposita
1067 1997 1080 2022 ,
1141 1957 1314 2026 prima
1368 1959 1506 2016 facie
1560 1969 1814 2031 percepta
1840 2001 1855 2026 ,
1895 1959 2108 2016 facilem
2138 1957 2296 2013 nobis
2323 1955 2648 2013 sententiam
2678 1955 2919 2026 prazbere
2946 1952 3214 2009 videntur.

362 2043 756 2115 Sanctiﬁ'cetur,
791 2049 1002 2117 inquit,
1033 2067 1222 2105 nomen
1258 2063 1442 2118 tuum;
1485 2055 1724 2110 adveniat
1759 2074 1857 2112 re-
1890 2070 1933 2125 Β

2043 2053 2426 2123 Ἁγιασθήτω,
2479 2054 2640 2122 φησι,
2698 2049 2764 2103 τὸ
2803 2047 2991 2117 ὄνομά
3035 2062 3188 2102 σου·
3231 2044 3462 2100 ἐλθέτω
3512 2047 3553 2114 ἡ

223 2216 226 2218 Ἴ
291 2152 454 2205 gnum
487 2147 655 2192 luunt.
688 2137 830 2216 Quid
860 2140 975 2194 haec
1001 2142 1067 2195 ad
1101 2141 1155 2195 id
1178 2183 1192 2207 ,
1224 2143 1370 2212 quod
1401 2145 1532 2198 mihi
1567 2161 1699 2215 opus

2070 2147 2243 2201 νιλεία
2263 2161 2399 2199 σου.
2426 2143 2489 2197 Τί
2508 2143 2676 2196 ταῦτα
2700 2141 2834 2211 πρὸς
2854 2141 2951 2209 τὴν
2972 2139 3108 2210 ἐμὴν
3140 2139 3359 2207 χρείαν;
3383 2139 3546 2190 εἴποι

293 2225 496 2281 dixerit
530 2229 729 2298 aliquis
759 2229 956 2293 homo,
987 2231 1070 2285 vel
1111 2240 1330 2301 propter
1359 2244 1583 2304 peccata
1617 2237 1858 2306 seipsum

292 2331 390 2388 per
423 2319 796 2387 paenitentiam
828 2321 1134 2390 castigans,
1178 2325 1261 2378 vel
1301 2335 1360 2379 ut
1392 2337 1673 2395 peccatum
1705 2329 1858 2382 inva-

295 2408 508 2464 lescens
536 2408 791 2480 eﬂ‘ugiat,
827 2410 994 2466 Deum
1044 2412 1102 2467 in
1150 2415 1413 2468 auxilium
1449 2430 1686 2482 vocans,
1721 2433 1862 2473 sem-

294 2514 394 2569 per
423 2501 480 2554 in
513 2501 688 2555 oculis
717 2501 922 2557 habens
954 2518 1077 2558 eum
1103 2543 1118 2568 ,
1147 2505 1241 2575 qui
1274 2520 1371 2576 per
1400 2509 1729 2564 tentationes
1759 2508 1864 2563 im-

295 2599 536 2659 pugnat:
570 2591 698 2645 hinc
730 2590 810 2644 ira
842 2592 1111 2648 rationem
1153 2609 1185 2648 a
1233 2597 1542 2650 constantia
1565 2636 1580 2663 ,
1616 2599 1864 2652 modera-

295 2680 445 2736 tione
464 2721 481 2748 ,
511 2690 673 2752 atque
704 2680 880 2736 ofﬁcio
909 2682 1129 2737 deducit
1155 2702 1169 2737 :
1203 2685 1354 2739 illinc
1384 2701 1564 2740 rerum
1595 2686 1862 2741 absurda-

296 2787 416 2826 rum
443 2773 768 2842 cupiditates
798 2774 966 2828 animi
995 2775 1235 2844 vigorem
1263 2785 1526 2831 enervant
1551 2793 1566 2830 :
1597 2777 1665 2832 ab
1694 2779 1863 2832 altera

295 2872 450 2932 parte
478 2864 702 2918 avaritia
731 2873 786 2919 et
812 2865 891 2919 rei
922 2881 1034 2920 suae
1060 2867 1252 2936 quovis
1281 2869 1439 2922 modo
1471 2869 1727 2938 augenda:
1746 2877 1864 2922 stu-

295 2955 444 3008 dium
481 2957 782 3024 perspicaci
819 2957 961 3026 parti
994 2956 1177 3011 cordis
1211 2958 1590 3012 hebetudinem
1618 2966 1672 3013 et
1705 2961 1864 3014 cami-

296 3052 462 3099 tatem
496 3046 708 3100 inducit
736 3065 750 3113 ;
783 3047 960 3102 fastus
981 3086 996 3110 ,
1026 3047 1281 3116 superbia
1305 3087 1326 3126 ,
1347 3049 1566 3116 odium,
1598 3051 1865 3121 reliquus-

295 3150 402 3204 que
420 3134 857 3195 adversariorum
882 3143 1192 3190 nostrorum
1213 3138 1490 3207 catalogus
1511 3146 1564 3194 et
1584 3155 1860 3207 numerus,

296 3233 557 3296 tanquam
590 3234 808 3281 caterva
854 3227 1090 3282 hostium
1137 3228 1377 3299 undique
1420 3245 1478 3286 se
1526 3231 1863 3288 circumfun-

297 3316 434 3372 dens
456 3357 473 3382 ,
508 3327 879 3373 extremorum
918 3319 1183 3374 malorum
1219 3321 1414 3375 animae
1446 3323 1745 3392 periculum
1781 3326 1865 3378 in-

1959 2254 2043 2300 τις
2083 2235 2396 2307 ἄνθρωπος,
2434 2234 2467 2304 ἢ
2510 2233 2603 2286 ἐπὶ
2653 2230 2944 2302 ἁμαρτίαις
2996 2230 3185 2283 ἑαυτὸν
3236 2228 3323 2280 διὰ
3369 2244 3552 2297 μετα-

1960 2327 2106 2388 νοίας
2153 2325 2461 2395 μαστίξων,
2503 2323 2538 2393 ἢ
2585 2323 2734 2385 ὅπως
2780 2321 2846 2374 ἂν
2874 2320 3034 2389 φύγοι
3083 2317 3552 2388 κατακρατοῦσαν

1959 2419 2058 2489 τὴν
2101 2415 2404 2488 ἁμαρτίαν,
2441 2415 2533 2468 τὸν
2574 2414 2704 2467 Θεὸν
2747 2415 2827 2476 εἰς
2879 2413 3190 2483 συμμαχίαν
3236 2411 3454 2476 καλῶν,
3489 2415 3553 2464 ἐν

1960 2506 2252 2576 ὀφθαλμοῖς
2283 2505 2421 2575 ἔχων
2450 2505 2537 2558 ἀεὶ
2563 2504 2650 2557 τὸν
2678 2503 2766 2556 διὰ
2795 2502 2903 2555 τῶν
2930 2501 3250 2572 πειρασμῶν
3283 2519 3553 2571 προσπαο

1961 2599 2198 2652 λαίοντα.
2247 2595 2438 2650 Ἔνθεν
2463 2598 2511 2650 οἱ
2542 2595 2702 2666 θυμοὶ
2740 2595 2830 2648 τὸν
2859 2593 3118 2663 λογισμὸν
3149 2592 3242 2645 τοῦ
3269 2592 3550 2662 καθεστη-

1965 2692 2118 2752 κότος
2148 2688 2486 2759 παράγουσιν
2504 2706 2516 2718 ·
2555 2685 2761 2740 ἐκεῖθεν
2787 2688 2843 2739 αἱ
2871 2684 2979 2738 τῶν
3007 2685 3223 2738 ἀτόπων
3248 2683 3549 2754 ἐπιθυμίαι

1962 2783 2052 2834 τὸν
2106 2782 2255 2834 τόνον
2303 2780 2404 2850 τῆς
2465 2778 2641 2849 ψυχῆς
2703 2776 3134 2847 ἐκνευρίζουσιν·
3188 2775 3464 2847 ἑτέρωθεν
3513 2779 3548 2845 ἡ

1964 2873 2243 2940 πλεονεξία
2269 2873 2514 2942 πήρωσιν
2535 2870 2731 2940 ἐπάγει
2755 2870 2834 2940 τῷ
2856 2868 3143 2940 διορατικῷ
3167 2869 3264 2938 τῆς
3285 2867 3546 2938 καρδίας,

1962 2968 1991 3019 6
2014 2965 2202 3033 τῦφος,
2236 2964 2270 3033 ἡ
2305 2957 2670 3032 ὑπερηφανία,
2695 2959 2756 3013 τὸ
2789 2961 2965 3030 μῖσος,
2998 2961 3026 3011 6
3054 2958 3237 3020 λοιπὸς
3264 2957 3372 3009 τῶν
3398 2959 3550 3009 ἀντι-

1965 3052 2299 3106 παλαιόντων
2325 3051 2454 3119 ἡμῖν
2487 3047 2803 3116 κατάλογος.
2830 3041 2954 3100 Οἷόν
2985 3064 3038 3099 τι
3073 3049 3255 3114 στῖφος
3281 3045 3550 3114 πολέμιον

1962 3143 2021 3194 ἐν
2054 3139 2235 3210 κύκλῳ
2263 3138 2822 3211 περιστοιχισάμενον,
2856 3137 2946 3191 τὸν
2983 3138 3109 3208 περὶ
3139 3137 3247 3190 τῶν
3291 3137 3550 3204 ἐσχάτων

1964 3230 2158 3299 ἐπάγει
2196 3231 2260 3299 τῇ
2291 3229 2436 3300 ψυχῇ
2471 3227 2730 3282 κίνδυνον.
2763 3221 2896 3278 Εἶτα
2927 3228 2955 3279 6
2992 3225 3210 3278 ἐκδύναι
3240 3225 3416 3277 ταῦτα
3458 3223 3548 3277 διὰ

1965 3321 2063 3391 τῆς
2095 3319 2404 3391 κρείττονος
2432 3315 2752 3388 συμμαχίας
2786 3314 3121 3379 σπουδάζων,
3151 3314 3329 3377 ποίοις
3353 3314 3421 3366 ἂν
3450 3331 3546 3365 κυ-

296 3407 486 3462 ducit:
525 3419 579 3464 et
606 3410 698 3478 qui
731 3409 846 3465 hazc
876 3409 1108 3465 firmiori
1140 3412 1347 3467 auxilio
1379 3413 1598 3468 studeat
1627 3414 1767 3484 el‘l‘ug

2068 3426 2223 3480 τερον
2258 3408 2520 3478 χρήσαιτο
2566 3406 2775 3474 λόγοις;
2825 3406 2923 3476 οὐχ
2969 3400 3050 3468 οἷς
3078 3407 3106 3458 6
3137 3405 3312 3474 μέγας
3344 3403 3544 3468 Δαδὶδ,

297 3507 460 3568 atque
491 3501 696 3556 evitare
719 3541 734 3565 ,
766 3502 965 3571 quibus
999 3503 1182 3560 verbis
1213 3505 1386 3576 magis
1414 3505 1652 3575 propriis
1683 3515 1862 3562 utere-4

295 3590 428 3645 tur?
475 3605 656 3649 annon
702 3592 901 3662 quibus
945 3592 1112 3648 David
1147 3610 1278 3651 usus
1321 3597 1450 3650 est?
1495 3596 1745 3664 Eripiar,
1777 3597 1862 3652 in-

294 3683 524 3753 quiens,
577 3701 642 3738 ea:
687 3686 806 3740 odio
857 3685 1292 3756 prosequentibus
1344 3704 1425 3743 me
1453 3689 1541 3754 ⁵¹;
1577 3696 1670 3756 et,
1703 3693 1864 3744 Aver-

296 3779 478 3826 tantur
511 3772 712 3826 inimici
746 3775 846 3827 mei
882 3784 1171 3830 retrorsum
1205 3780 1291 3844 5’;
1329 3788 1415 3847 et,
1465 3779 1549 3834 Da
1587 3783 1734 3838 nobis
1769 3801 1864 3837 au-

292 3865 482 3918 xilium
506 3881 570 3920 ea;
598 3866 933 3936 afflictione"
958 3886 970 3922 :
997 3876 1049 3922 et
1075 3885 1409 3940 quaecunque
1437 3873 1563 3926 talia
1592 3882 1738 3940 sunt,
1768 3891 1865 3944 per

297 3971 417 4025 qua:
437 3957 700 4009 auxilium
727 3955 818 4010 Dei
860 3965 1049 4011 contra
1082 3957 1423 4015 adversarios
1451 3963 1690 4017 excitare
1715 3964 1859 4019 licet.

296 4047 454 4101 Nunc
495 4062 623 4101 vero
665 4046 859 4101 modus
888 4048 1084 4102 orandi
1119 4049 1250 4117 quid
1283 4052 1570 4106 continet?
1605 4051 1860 4122 Sanctiﬁ-

294 4147 444 4192 cetur
477 4153 662 4191 nomen
697 4147 864 4191 tuum.
900 4137 955 4193 Si
990 4139 1135 4192 enim
1166 4139 1269 4194 hoc
1297 4156 1328 4195 a
1363 4156 1448 4196 me
1479 4158 1589 4197 non
1624 4144 1860 4211 dicatur,

295 4226 540 4297 nunquid
583 4226 698 4282 fieri
750 4237 961 4298 potest,
998 4237 1058 4283 ut
1096 4245 1294 4284 nomen
1335 4231 1430 4286 Dei
1470 4242 1718 4288 sanctum
1755 4249 1863 4290 non

295 4317 411 4374 sit?
441 4316 694 4371 Adveniat
727 4333 943 4387 regnum
973 4326 1142 4371 tuum.
1185 4317 1326 4384 Quid
1355 4321 1502 4374 enim
1535 4338 1565 4374 a
1599 4331 1865 4391 potestate

294 4407 391 4462 Dei
429 4408 668 4462 alienum
696 4415 781 4462 est
811 4447 826 4472 ,
868 4408 998 4478 qui,
1041 4415 1100 4463 ut
1139 4409 1314 4480 inquit
1354 4411 1524 4467 Isaias
1557 4413 1606 4444 ⁵⁸
1630 4453 1646 4479 ,
1686 4421 1860 4468 totum

295 4497 492 4552 cadum
524 4497 706 4565 palmo
742 4497 1155 4565 comprehendit
1178 4540 1193 4566 ,
1226 4500 1318 4570 qui
1368 4502 1714 4572 amplectitur
1755 4511 1864 4559 ter-

292 4599 411 4639 ram
440 4625 454 4650 ,
495 4585 589 4655 qui
631 4584 908 4638 humidam
945 4594 1198 4642 naturam
1229 4589 1286 4644 in
1327 4606 1492 4646 manu
1534 4593 1775 4649 continet
1809 4602 1864 4648 et

294 4675 752 4748 comprehendit,
805 4676 901 4744 qui
951 4691 1170 4733 omnem
1223 4682 1555 4736 mundanam
1604 4684 1766 4738 simul
1807 4692 1862 4739 et
1893 4720 1936 4774 υ

295 4768 796 4839 supramundanam
825 4777 1074 4822 naturam
1104 4771 1260 4840 quasi
1292 4772 1346 4826 in
1377 4772 1523 4828 ulnis
1551 4776 1771 4844 gestat?
1801 4774 1860 4830 Si

291 4857 458 4926 igitur
482 4870 681 4910 nomen
710 4855 804 4910 Dei
833 4872 1048 4927 semper
1080 4865 1328 4914 sanctum
1361 4869 1476 4924 est,
1507 4876 1571 4916 ac
1597 4863 1732 4917 nihil
1781 4863 1862 4919 ef-

292 4947 428 5018 fugit
456 4949 563 5002 vim
593 4947 984 5004 dominationis
1010 4947 1104 5004 Dci
1127 4989 1142 5015 ,
1195 4951 1292 5006 sed
1321 4960 1376 5006 et
1403 4953 1646 5007 omnium
1677 4969 1858 5010 rerum

293 5040 515 5108 potitur,
553 5046 608 5094 et
640 5040 789 5109 quod
823 5040 888 5094 ad
918 5040 1410 5097 sanetiﬁcationem
1445 5045 1680 5112 attinet,
1713 5047 1859 5118 adje-

290 5126 469 5180 ctione
496 5127 732 5195 amplius
755 5143 893 5198 opus
923 5143 1030 5182 non
1062 5129 1256 5195 habet,
1285 5131 1484 5202 quippe
1507 5135 1593 5189 cui
1622 5151 1719 5205 per
1742 5152 1859 5191 om-

293 5215 380 5268 nia
411 5217 546 5270 nihil
578 5217 764 5282 deest,
801 5219 896 5275 sed
941 5220 1216 5290 perfectus
1247 5230 1370 5279 est:
1416 5225 1551 5295 quid
1592 5227 1696 5282 sibi
1745 5229 1860 5283 vult

292 5306 397 5361 hoc
425 5311 668 5376 optatum
687 5352 702 5376 ,
735 5310 1107 5380 Sanctiﬁcatur
1137 5331 1324 5369 nomen
1372 5325 1520 5369 tuum
1541 5331 1561 5369 :
1611 5316 1857 5372 adveniat

298 5413 511 5467 regnum
543 5407 692 5452 tuum
719 5403 742 5454 ?
770 5403 851 5454 An
881 5402 1108 5459 forsitan
1139 5406 1243 5461 tale
1275 5407 1551 5477 quidpiam
1584 5406 1816 5463 Verbum
1838 5449 1851 5474 ,

360 5582 406 5612 “
448 5579 592 5634 Psal.
623 5596 748 5644 xxx,
788 5580 868 5634 16.
945 5583 988 5613 ⁸³
1027 5582 1165 5638 Psal.
1202 5599 1288 5648 LV,
1334 5585 1411 5640 l0.
1489 5584 1535 5615 "‘
1575 5583 1719 5639 Psal.
1757 5600 1864 5647 Lux,
1907 5584 1986 5637 15.

1976 3500 2289 3567 Ῥυσθείην
2331 3499 2400 3552 ἐκ
2451 3497 2570 3552 τῶν
2615 3498 2958 3574 μισούεςτων
3002 3513 3113 3566 με,
3169 3496 3373 3563 λέγων·
3407 3497 3508 3548 καὶ
3529 3535 3543 3559 ,

1975 3589 2534 3659 Ἀποστραερείησαν
2579 3591 2632 3642 οὶ
2668 3588 2870 3657 ἐχθροί
2907 3606 3028 3657 μου
3069 3589 3156 3653 εὶς
3202 3588 3276 3641 τὰ
3311 3587 3540 3640 ὀπίσω·

1963 3683 2090 3749 καὶ,
2140 3681 2254 3748 Δὸς
2308 3680 2454 3749 ἡμῖν
2499 3678 2792 3745 ,ϐοήθειαν
2836 3679 2905 3732 ἐκ
2952 3678 3234 3746 θλίψεως,
3291 3678 3388 3730 καὶ
3441 3678 3544 3729 ὅσα

1961 3771 2214 3834 τοιαῦτα,
2258 3769 2325 3822 δι’
2355 3763 2429 3823 ὧν
2469 3768 2582 3821 ἐστι
2627 3766 2721 3820 τοῦ
2755 3765 2889 3819 Θεοῦ
2918 3765 3018 3836 τὴν
3050 3765 3367 3836 συμμαχίαν
3399 3766 3545 3818 κατὰ

1962 3862 2068 3915 τῶν
2116 3860 2370 3915 ἐναντίων
2418 3859 2800 3928 διαναστῆσαι;
2835 3856 2973 3910 Νυνὶ
2996 3856 3054 3910 δέ
3080 3856 3134 3909 τί
3177 3873 3342 3927 φησιν
3373 3858 3403 3910 ὁ
3445 3857 3545 3924 τῆς

1964 3953 2272 4025 προσευχῆς
2305 3952 2500 4021 νόμος;
2556 3949 2912 4018 Ἁγιασθήτω
2960 3947 3024 4002 τὸ
3076 3947 3269 4017 ὄνομά
3293 3962 3436 4002 σου.
3476 3946 3544 4001 Ei

1962 4046 2070 4116 γὰρ
2105 4045 2180 4115 μὴ
2224 4043 2431 4110 λέγοιτο
2473 4041 2600 4110 παρ’
2652 4039 2787 4110 ἐμοῦ
2811 4039 3004 4105 τοῦτο,
3032 4034 3142 4110 ἆρα
3170 4039 3395 4092 δυνατόν
3425 4040 3544 4091 ἐστι

1966 4135 2047 4205 μὴ
2073 4134 2225 4202 ἆγιον
2253 4127 2392 4185 εἶναι
2421 4131 2515 4183 τοῦ
2557 4129 2692 4183 Θεοῦ
2732 4128 2792 4181 τὸ
2834 4127 3034 4199 ὅνομα;
3076 4127 3330 4181 Ἐλθέτω
3359 4127 3398 4191 ή
3426 4128 3542 4190 βα-

1962 4223 2163 4276 σιλεία
2194 4237 2330 4276 σου.
2375 4219 2439 4272 Τί
2468 4217 2576 4289 γὰρ
2625 4218 2724 4288 τῆς
2775 4214 3021 4280 ἐξουσίας
3071 4212 3166 4268 τοῦ
3210 4215 3347 4268 Θεοῦ
3379 4215 3540 4284 ἠλλο-

1962 4312 2217 4383 τρίωται,
2263 4308 2358 4363 τοῦ
2397 4307 2730 4380 διειληφότος
2766 4308 2833 4377 τῇ
2875 4305 3120 4376 σπιθαμῇ
3170 4304 3259 4358 τὸν
3311 4305 3541 4376 οὐρανὸν

1963 4404 2114 4470 ὅλον,
2166 4400 2345 4464 καθώς
2384 4415 2548 4470 φησιν
2607 4396 2859 4461 Ἡσαΐας,
2900 4394 2996 4449 τοῦ
3044 4395 3539 4466 περιδεδραγμένου

1963 4496 2061 4567 τὴν
2089 4494 2213 4565 γῆν,
2256 4491 2351 4545 τοῦ
2378 4488 2838 4562 περικρατοῦντος
2870 4489 2928 4540 ἐν
2964 4490 3030 4558 τῇ
3066 4488 3208 4557 χειρὶ
3232 4486 3332 4557 τὴν
3366 4487 3539 4556 ὑγρὰν

1964 4585 2162 4654 φύσιν,
2224 4584 2283 4645 ὃς
2346 4582 2526 4635 πᾶσαν
2589 4578 2884 4648 ἐγκόσμιόν
2924 4595 2984 4629 τε
3031 4579 3127 4630 καὶ
3169 4579 3539 4648 ὑπερκόσμιον

1964 4674 2352 4746 ἐνηγκάλισται
2392 4671 2599 4736 κτίσιν;
2637 4669 2699 4721 Ei
2737 4665 2830 4720 οὖν
2861 4667 3014 4737 ἅγιον
3053 4668 3140 4720 ἀεὶ
3185 4667 3281 4720 τοῦ
3313 4668 3449 4720 Θεοῦ
3481 4669 3540 4721 τὸ

1964 4766 2180 4837 κράτος,
2209 4765 2304 4817 καὶ
2328 4762 2480 4816 οὐδὲν
2504 4760 2810 4829 ἐκπέφευγε
2841 4759 2901 4812 τὸ
2927 4759 3126 4830 κράτος
3148 4758 3249 4829 τῆς
3273 4759 3370 4812 τοῦ
3397 4759 3534 4814 Θεοῦ

1924 4888 1938 4903 ο
1963 4857 2305 4918 δεσποτείας,
2340 4853 2476 4907 ἀλλὰ
2513 4851 2609 4906 καὶ
2640 4851 2832 4921 κρατεί
2864 4849 3100 4915 πάντων,
3148 4851 3243 4902 καὶ
3275 4852 3419 4903 κατὰ
3446 4853 3536 4904 τὸν

1965 4947 2233 5018 ἁγιασμὸν
2281 4945 2596 5017 προσθήκης
2641 4944 2742 4998 οὐκ
2765 4939 3101 5013 ἐπιδέχεται,
3124 4941 3154 4992 6
3185 4940 3273 4994 διὰ
3317 4941 3536 4995 πάντων

1966 5038 2255 5108 ἀνελλιπὴς
2296 5037 2390 5090 καὶ
2431 5035 2666 5097 τέλειος·
2709 5033 2764 5086 τί
2792 5033 3038 5102 βούλεται
3072 5033 3106 5102 ἡ
3139 5031 3292 5101 εὐχὴ,
3352 5032 3535 5102 Ἀτία-

1965 5131 2166 5197 σθήτω
2207 5127 2273 5180 τὸ
2314 5123 2502 5194 ὄνομά
2537 5137 2673 5178 σου·
2715 5124 2937 5180 ἐλθέτω
2993 5122 3349 5190 ήβασιλεία
3381 5139 3528 5188 σου,

1965 5226 2028 5277 Εἰ
2057 5223 2196 5293 τάχα
2223 5237 2273 5272 τι
2302 5216 2539 5270 τοιοῦτον
2567 5217 2595 5269 6
2618 5214 2793 5282 Λόγος
2817 5214 2874 5266 ἐν
2899 5211 2976 5284 τῷ
3003 5213 3135 5265 εἴδει
3172 5213 3273 5284 τῆς
3303 5231 3532 5284 προσευ-

1967 5316 2063 5386 χῆς
2093 5312 2434 5384 δογματίζει,
2464 5310 2545 5361 ὅτι
2579 5306 2808 5375 ἀσθενής
2847 5306 2962 5357 ἐστι
2994 5304 3127 5376 πρὸς
3155 5304 3364 5374 ἀγαθοῦ
3392 5322 3528 5370 τινος

1963 5406 2151 5475 κτῆσιν
2181 5407 2212 5473 ἡ
2263 5400 2572 5469 ἀνθρωπίνη
2622 5399 2798 5466 φύσις,
2833 5397 2924 5450 καὶ
2953 5395 3041 5450 διὰ
3066 5396 3222 5450 τοῦτο
3248 5396 3350 5450 οὐκ
3386 5398 3448 5452 ἄν
3477 5414 3529 5452 τι

2064 5584 2105 5615 ⁵⁵
2147 5582 2247 5638 lsa.
2287 5599 2371 5646 λι,
2414 5584 2492 5636 12.
