3738 5984
148 207 305 264 1255

1122 207 1213 264 DE
1243 205 1594 263 ORATIONI'I
1636 202 1990 259 DOMINICA.
2034 235 2102 247 —-
2140 203 2400 261 ORATIO
2439 206 2528 263 Ill.

3286 206 3427 265 H54

142 324 372 392 γένοιτο
398 316 508 376 τῶν
534 306 983 396 σπουδαζομένων
1012 327 1167 395 ἡμῖν,
1206 324 1280 395 μὴ
1305 325 1404 395 τῆς
1428 323 1749 394 θείαςσυμο
1779 328 1821 384 Α
1854 337 1948 391 per
1978 322 2137 377 form:

1894 338 1948 377 cr
1978 322 2211 377 formam
2239 320 2430 375 orandi
2454 321 2635 388 tradit,
2653 328 2797 397 quod
2822 343 2946 385 cttm
2969 327 3182 384 inﬁrma
3200 331 3266 385 ad
3294 328 3428 384 boni

149 416 366 487 μαχίας
413 415 476 469 τὸ
521 413 724 484 ἀγαθὸν
755 417 814 470 ὲν
838 418 968 487 ἡμῖν
999 415 1404 487 κατορθούσης;
1436 414 1655 484 ἀγαθῶν
1686 414 1747 469 δὲ

143 509 381 563 πάντων
425 508 543 561 ἐστὶ
570 508 631 562 τὺ
673 508 988 578 κεφάλαιον,
1023 508 1084 560 τὸ
1120 507 1198 577 τῷ
1224 507 1343 577 ὲμῷ
1373 507 1473 577 βίῳ
1494 506 1554 559 τὸ
1574 506 1743 576 ὄνομα

141 601 249 655 τοῦ
302 600 440 653 Θεοῦ
493 598 893 665 ἐνὼξάζεσθαι.
940 599 1154 653 Γένοιτο
1192 598 1238 651 δ’
1275 598 1341 652 ἂν
1376 601 1507 669 ἡμῖν
1537 600 1602 651 ἐκ
1646 599 1740 652 τοῦ

142 690 404 746 ἐναντίου
441 689 809 762 προτιμοτέρα
834 693 866 761 ὴ
893 692 1092 743 ἔννοια.

1852 414 2087 484 alicujus
2117 415 2539 486 acquisitionem
2572 416 2812 473 humana
2840 426 3039 474 natura
3068 419 3176 487 sit,
3222 417 3429 474 idcirco

1852 506 1989 560 nihil
2023 507 2182 563 nobis
2226 509 2548 580 contingere
2577 510 2754 580 possit
2784 525 3008 576 eorum,
3045 526 3167 582 qua:
3209 512 3431 566 allecta-

1850 613 2006 660 mus,
2041 598 2146 653 nisi
2179 600 2428 654 divinum
2461 602 2727 657 auxilium
2768 602 2975 657 bonum
3008 602 3061 657 in
3094 604 3255 659 nobis
3298 617 3431 658 con-

1851 688 2041 743 ﬁciat?
2078 689 2250 744 Porro
2279 699 2444 762 caput
2476 693 2721 748 omnium
2763 693 3035 747 bonorum
3082 701 3197 756 est,
3241 692 3287 749 si
3333 707 3431 762 per

143 798 336 838 meam
370 783 536 838 vitam
565 798 764 837 nomen
797 782 891 839 Dei
926 782 1285 855 gloriﬁcatur.
1315 780 1524 838 Poterit
1556 790 1736 837 autem
1777 783 1935 839 nobis
1964 798 2027 838 cx
2063 786 2345 840 contrario
2380 787 2597 856 planior
2629 787 2747 844 ﬁeri
2778 786 3110 844 intellectus.

226 964 483 1018 Ἤκουσά
524 981 627 1017 που
678 963 779 1034 τῆς
832 964 995 1033 ἁγίας
1037 965 1263 1036 Γραφῆς
1313 962 1746 1035 κατακρινούσης

140 1055 432 1120 ἐκείνους,
470 1055 520 1110 οἳ
568 1055 670 1127 τῆς
698 1055 839 1109 κατὰ
885 1055 981 1109 τοῦ
1013 1054 1150 1110 Θεοῦ
1194 1055 1544 1127 βλασφημίας
1578 1054 1744 1110 αἴτιοι

141 1147 419 1214 γίνονται.
465 1146 612 1200 οὐαὶ
661 1145 791 1218 γὰρ,
828 1147 993 1216 φησι,
1038 1145 1126 1201 δι’
1175 1146 1284 1212 οὓς
1309 1147 1377 1200 τὸ
1415 1146 1600 1216 ὄνομά
1624 1164 1744 1216 μου

135 1237 602 1307 ,ϐλασφημεῖται
643 1237 713 1292 ἐν
756 1237 885 1304 τοῖς
928 1238 1169 1292 Mrem!
1201 1236 1370 1291 Τοῦτο
1408 1239 1467 1292 δὲ
1502 1239 1740 1293 τοιοῦτόν

140 1330 321 1382 ἐστιν’
363 1331 425 1382 Ol
482 1330 650 1401 μήπω
703 1329 1132 1394 πεπιστευκότες
1155 1329 1232 1400 τῷ
1271 1331 1414 1401 λόγῳ
1471 1331 1571 1400 τῆς
1607 1330 1739 1400 ἀλη-

139 1420 328 1485 θείας,
380 1421 517 1490 πρὸς
559 1422 652 1475 τὸν
702 1421 817 1492 βίον
849 1421 958 1477 τῶν
991 1422 1479 1495 παραδεδεγμένων
1510 1423 1611 1493 τὴν
1639 1422 1735 1476 τοῦ

145 1510 463 1581 μυστηρίου
493 1509 676 1563 πίστιν
701 1510 1124 1565 ἀποσκοποῦσιν.
1153 1511 1323 1564 Ὅταν
1342 1511 1523 1564 τοίνυν
1548 1511 1609 1564 τὸ
1640 1511 1738 1581 μὲν

136 1600 322 1672 ὄνομα
366 1602 465 1671 τῆς
512 1601 746 1665 πίστεως
793 1600 851 1654 ἐν
878 1618 1019 1656 τισιν
1051 1596 1111 1675 ᾖ,
1140 1602 1168 1653 ὁ
1198 1599 1255 1653 δὲ
1290 1599 1406 1670 βίος
1444 1599 1737 1669 ἀντιφθέγ-

106 1688 315 1762 “mra:
354 1691 435 1763 τῷ
477 1692 732 1763 ὀνόματι,
775 1691 810 1763 ἦ
853 1692 944 1745 διὰ
972 1687 1287 1755 πλεονεξίας
1312 1688 1734 1761 είδωλολατρῶν,

138 1783 176 1853 ἢ
206 1786 271 1839 ὲν
300 1784 491 1855 μέθαις
514 1777 610 1837 καὶ
638 1782 849 1854 κώμοις
876 1782 1227 1853 ἀσχημονῶν,
1266 1782 1364 1835 καὶ
1391 1782 1469 1853 τῷ
1491 1781 1736 1853 βορϐόρῳ

137 1874 246 1944 τῆς
292 1875 531 1939 ἀσωτίας
574 1874 666 1939 ὑὸς
707 1874 864 1945 δίκην
905 1873 1421 1944 ὲγκαλινδούμενοςο
1450 1874 1738 1945 πρόχειρος

138 1966 313 2029 εὐθὺς
334 1966 487 2036 παρὰ
533 1966 641 2019 τῶν
677 1965 922 2020 ἀπίστων
953 1967 981 2019 ό
1007 1964 1197 2033 λόγος,
1228 1966 1329 2018 οὐκ
1365 1966 1445 2028 είς
1475 1968 1575 2036 τὴν
1604 1956 1738 2034 προ-

137 2055 364 2126 αίρεσιν
395 2047 505 2108 τῶν
540 2054 727 2119 κακῶς
753 2055 832 2127 τῷ
862 2055 962 2127 βίῳ
988 2055 1346 2127 κεχρημένων
1369 2055 1469 2126 τὴν
1500 2072 1736 2124 κατηγοο

138 2147 274 2217 ρίαν
297 2145 537 2217 τρέπων,
573 2147 688 2200 ἀλλ’
731 2146 807 2210 ὡς
835 2145 1063 2200 τοιαῦτα
1104 2146 1365 2218 πράττειν
1393 2146 1488 2199 τοῦ
1533 2163 1738 2216 μυστη-

142 2235 272 2306 ρίου
300 2235 646 2300 διδάσκοντος
664 2253 678 2267 ·
712 2236 787 2308 μὴ
831 2235 939 2307 γὰρ
970 2235 1039 2289 ἂν
1069 2234 1320 2304 γενέσθαι
1349 2236 1441 2288 τὸν
1470 2235 1614 2288 δεῖνα
1642 2235 1734 2288 τὸν

132 2326 211 2381 τά
243 2327 366 2381 θεῖα
396 2329 749 2399 μεμυημένον
788 2329 1085 2400 μυστήρια,
1121 2328 1154 2399 ἢ
1180 2327 1437 2399 λοίδορον,
1481 2327 1514 2398 ἢ
1545 2326 1735 2381 πλεον-

136 2419 334 2489 έκτην,
371 2418 404 2490 ἢ
442 2418 696 2490 ἅρπαγα,
744 2418 778 2489 ἢ
812 2418 940 2472 ἀλλο
982 2436 1036 2471 τι
1069 2417 1311 2472 τοιοῦτον
1337 2418 1534 2483 κακὸν,
1578 2420 1626 2471 εξ
1659 2417 1734 2489 μὴ

137 2509 376 2580 ἔννομον
397 2511 581 2574 αὐτοῖς
606 2510 665 2564 τὸ
701 2512 1035 2581 ἁμαρτάνειν
1073 2506 1163 2582 ἦν,
1189 2510 1280 2564 διὰ
1303 2509 1463 2564 τοῦτο
1492 2509 1734 2582 χαλεπὴν

142 2601 269 2663 τοῖς
295 2599 559 2664 τοιούτοις
584 2600 813 2672 ἀπειλὴν
837 2603 866 2655 ὁ
890 2600 1061 2669 Λόγος
1083 2600 1497 2656 ὲπανατείνεται
1560 2599 1738 2670 λέγων

136 2689 378 2752 ἐκείνοις
445 2684 587 2744 εἶναι
649 2689 908 2750 τὸ,οὐαὶ
963 2689 1041 2744 δι’
1087 2689 1196 2757 οὓς
1244 2678 1329 2744 ’τὸ
1379 2689 1569 2760 ὄνομὰ
1611 2706 1732 2759 μου

132 2781 597 2851 βλασφημεῖται
638 2782 708 2836 ἐν
734 2782 859 2849 τοῖς
881 2781 1146 2838 ἔθνεσιν.
1174 2784 1236 2836 El
1257 2782 1320 2852 δὴ
1351 2780 1511 2836 τοῦτο
1549 2783 1732 2855 νενόη-

134 2890 265 2937 ται,
318 2874 510 2943 καιρὸς
549 2873 615 2927 ἂν
666 2874 782 2944 εἴη,
824 2874 886 2927 τὸ
922 2875 987 2927 ὲκ
1018 2872 1114 2928 τοῦ
1159 2872 1403 2928 ἐναντίου
1443 2873 1731 2944 λεγόμενον

1894 969 2110 1048 .Audivi
2137 970 2336 1025 alicubi
2361 985 2575 1025 sacram
2598 971 2938 1041 Scripturam
2965 968 3426 1025 cundemnantem

1842 1060 1986 1126 illos,
2032 1061 2125 1131 qui
2177 1062 2230 1115 in
2270 1077 2438 1117 causa
2473 1070 2625 1127 sunt,
2677 1073 2737 1116 ut
2766 1061 2878 1116 Deo
2912 1062 3267 1117 obtrectetur.
3314 1059 3427 1125 νω,

1842 1149 2040 1220 inquit,
2068 1161 2281 1220 propter
2318 1169 2448 1223 quos
2493 1170 2681 1208 nomen
2715 1169 2888 1208 meum
2922 1156 3062 1207 male
3091 1154 3239 1207 audit
3286 1155 3427 1209 inter

1840 1251 2017 1311 gentes
2041 1243 2120 1297 I"l
2152 1243 2268 1299 Hoc
2300 1253 2482 1300 autem
2516 1245 2624 1301 tale
2638 1244 2880 1313 estzQui
2912 1246 3150 1300 nondum
3183 1246 3426 1301 sermoni

1840 1334 2088 1392 veritatis
2136 1337 2522 1403 crediderunt,
2573 1350 2765 1392 eorum
2817 1337 2911 1407 qui
2963 1336 3122 1391 ﬁdem
3183 1336 3427 1409 mysterii

1841 1434 2195 1495 acceperunt,
2244 1429 2411 1482 vitam
2452 1427 2777 1498 inspiciunt,
2822 1436 2878 1483 et
2922 1428 3237 1483 observant.
3286 1425 3424 1481 Cum

1839 1515 2009 1587 igitur
2038 1532 2237 1572 nomen
2270 1517 2491 1588 quidem
2519 1518 2643 1574 ﬁdei
2682 1518 2738 1572 in
2779 1518 3056 1588 aliquibus
3097 1517 3281 1580 fuerit,
3312 1518 3423 1572 vita

1838 1624 1969 1663 vero
1986 1611 2194 1664 nomini
2214 1611 2371 1680 quasi
2390 1610 2723 1680 obloquatur
2738 1618 2904 1680 atque
2918 1617 3204 1680 repugnet,
3220 1610 3426 1680 quippe

1839 1700 1921 1754 vel
1957 1715 2054 1770 per
2097 1700 2386 1755 avaritiam
2433 1701 2859 1757 simulacrorum
2898 1701 3068 1755 cultui
3100 1699 3302 1763 dedita,
3340 1701 3425 1757 vel

1836 1790 2163 1844 cbrielatum
2214 1798 2266 1844 et
2317 1783 2783 1846 comessationum
2814 1789 3157 1859 turpitudine
3192 1789 3421 1854 fmdata,

1836 1888 1891 1935 et
1917 1897 2069 1935 more
2117 1883 2238 1937 suis
2274 1881 2327 1935 in
2359 1881 2476 1937 luto
2507 1882 2739 1936 luxuria:
2786 1880 3084 1936 immersa:
3139 1882 3327 1936 statim
3365 1882 3422 1937 in

1839 1979 2092 2041 promptu
2137 1971 2441 2026 inﬁdelium
2493 1986 2676 2027 sermo
2705 1977 2810 2036 est,
2847 1984 2956 2025 non
2987 1971 3043 2025 in
3082 1972 3419 2027 voluntatem

1836 2066 1891 2115 et
1920 2060 2231 2117 institutum
2274 2075 2489 2125 eorum,
2525 2060 2620 2131 qui
2651 2059 2756 2115 hoc
2793 2061 3001 2117 sarculo
3034 2059 3421 2117 facultatibus-

1837 2167 1944 2222 que
1988 2153 2130 2206 male
2166 2159 2420 2218 utuntur,
2453 2150 2549 2208 sed
2581 2151 2637 2206 in
2685 2151 3030 2223 mysterium,
3071 2151 3232 2222 quasi
3288 2152 3420 2208 talia

1836 2241 2018 2297 facere
2059 2242 2272 2306 doceat,
2323 2240 2767 2296 criminationem
2798 2252 3051 2297 vertens:
3109 2256 3219 2296 non
3271 2242 3419 2299 enim

1835 2334 1988 2388 illum
2028 2340 2084 2388 et
2128 2333 2305 2401 illum,
2340 2333 2433 2403 qui
2475 2331 2680 2388 divinis
2710 2333 2992 2404 mysteriis
3032 2333 3283 2390 initiatus
3320 2336 3416 2398 sit,

1840 2423 1920 2479 vel
1947 2423 2387 2490 convitiatorem,
2422 2422 2506 2478 vel
2537 2422 2929 2491 fraudatorem.
2958 2431 3008 2479 ct
3043 2438 3293 2488 avarum,
3327 2426 3414 2480 vel

1835 2523 2131 2585 raptorem,
2168 2517 2252 2571 vel
2292 2515 2477 2586 aliquo
2506 2516 2617 2571 alio
2645 2516 2738 2570 tali
2769 2515 2903 2571 vitio
2940 2515 3241 2571 obnoxium
3272 2518 3420 2572 lutu-

1833 2620 1955 2659 rum
1988 2603 2178 2673 fuisse,
2218 2606 2324 2662 nisi
2368 2621 2599 2677 peccare
2630 2607 2840 2662 licitum
2873 2608 2953 2664 eis
2978 2615 3146 2674 esset,
3164 2618 3418 2679 prepter-

1832 2709 1895 2750 ea
1925 2710 2117 2767 graves
2156 2702 2334 2753 minas
2382 2698 2587 2753 talibus
2632 2688 2934 2768 Scriptura
2974 2699 3245 2767 intentat,
3285 2701 3416 2755 dum

1834 2784 2002 2840 dicit:
2066 2786 2155 2843 Vw
2193 2789 2328 2852 illis,
2360 2804 2453 2858 per
2484 2805 2616 2859 quos
2658 2806 2844 2843 nomen
2875 2806 3046 2843 meum
3091 2792 3232 2845 male
3267 2794 3418 2846 audit

1832 2879 1970 2933 inter
1996 2889 2191 2950 gentes.
2229 2879 2288 2934 Si
2337 2880 2502 2952 igitur
2540 2881 2643 2935 hoc
2683 2881 3018 2938 intellectum
3063 2891 3169 2946 est,
3201 2890 3418 2955 tempus

136 2961 498 3032 κατανοῆσαι.
557 2960 825 3033 Εὔχεσθαι
862 2963 971 3036 γὰρ
1007 2965 1115 3034 πρό
1155 2981 1220 3034 γε
1278 2964 1497 3019 πάντων
1565 2959 1721 3035 οἶμαι
1753 2971 1800 3035 c
1830 2961 2017 3035 'l'uerit,
2066 2971 2120 3026 id

1894 2972 2017 3035 erit,
2066 2971 2120 3026 id
2167 2972 2314 3044 quod
2356 2988 2423 3028 ex
2455 2975 2735 3029 contrario
2766 2972 2990 3038 dicitur,
3042 2973 3412 3031 considerare.

136 3052 378 3121 χρῆναι,
435 3052 528 3105 καλ⁵
568 3051 728 3105 τοῦτο
766 3053 1036 3108 ποιεῖσθαι
1073 3055 1175 3126 τῆς
1215 3056 1525 3127 προσευχῆς
1555 3055 1615 3109 τὸ
1640 3074 1732 3110 κε-

136 3141 410 3212 φάλαιον,
446 3142 507 3197 τὸ
552 3143 628 3215 μὴ
661 3144 1099 3216 βλασφημεῖσθαι
1142 3148 1201 3200 ὲν
1249 3146 1327 3218 τῷ
1366 3146 1487 3218 ἐμῷ
1515 3147 1613 3219 βίῳ
1651 3146 1733 3219 τῷ

137 3232 376 3303 ὀνόματι
415 3232 510 3286 τοῦ
557 3234 714 3301 Θεοῦ,
751 3235 885 3290 ἀλλά
913 3234 1231 3302 δοξάζεσθαι
1261 3239 1356 3292 καὶ
1385 3238 1727 3307 ἀγιάζεσθαι.

151 3325 248 3378 Ἐν
282 3324 408 3396 ἐμοὶ
439 3320 554 3392 οῦν,
608 3327 794 3399 φησιν,
839 3328 1155 3400 ἁγιασθήτω
1191 3329 1253 3383 τὸ
1304 3330 1599 3401 ὲπικληθέν
1636 3348 1727 3401 μοι

135 3415 319 3486 ὄνομα
332 3415 433 3486 τῆς
452 3415 550 3488 σῆς
573 3417 911 3483 δεσποτείας,
931 3419 1125 3485 Ὅπως
1141 3419 1353 3474 ἴδωσιν
1365 3423 1419 3473 οἱ
1434 3419 1731 3489 ἄνθρωποι

135 3504 218 3560 τὰ
246 3506 406 3560 καλὰ
435 3507 609 3577 ἔργα,
639 3509 736 3562 καὶ
776 3509 1083 3575 δοξάσωσι
1126 3509 1234 3564 τὸν
1272 3508 1505 3579 Πατέρα
1528 3510 1636 3564 τὸν
1660 3511 1731 3564 ἐν

134 3596 267 3662 τοῖς
295 3596 594 3666 οὐρανοῖς.
638 3597 736 3663 Τίς
783 3600 842 3652 δὲ
886 3599 1030 3653 οὕτω
1067 3598 1340 3672 θηριώδης
1379 3600 1475 3654 καὶ
1511 3599 1725 3669 ἄλογος,

134 3687 287 3740 ὥστε
319 3687 460 3759 ὀρῶν
483 3689 542 3742 ἐν
562 3691 675 3753 τοῖς
697 3691 1087 3744 πεπιστευκόσι
1105 3690 1225 3761 Θεῷ
1252 3691 1367 3761 βίον
1395 3690 1635 3761 καθαρὸν
1659 3691 1727 3745 δι’

138 3778 353 3851 ἀρετῆς
383 3781 835 3854 κατωρθωμένον,
870 3785 1086 3840 πάντων
1109 3784 1217 3839 τῶν
1242 3784 1302 3849 ἐξ
1323 3785 1597 3857 ἁμαρτίας
1633 3801 1729 3856 μοι

1833 3057 2035 3130 Optare
2073 3060 2216 3116 enim
2251 3068 2414 3128 atque
2446 3063 2661 3133 precari
2693 3069 2820 3118 ante
2846 3063 3027 3118 omnia
3063 3064 3284 3132 opinor,
3333 3074 3418 3121 at-

1832 3164 1939 3220 que
1966 3150 2070 3206 hoc
2099 3154 2365 3209 orationis
2394 3154 2656 3211 constitui
2686 3162 2852 3225 caput
2878 3165 3156 3225 oportere,
3187 3171 3257 3211 ne
3288 3172 3415 3227 pro-

1832 3250 1954 3311 pter
1985 3256 2161 3296 mcam
2194 3244 2361 3299 vitam
2398 3258 2597 3300 nomen
2632 3243 2727 3300 Dei
2758 3245 2898 3299 male
2926 3245 3134 3310 audiat,
3166 3245 3262 3301 sed
3293 3247 3414 3317 glo-

1832 3332 2079 3407 riﬁcetur
2103 3340 2158 3389 et
2185 3335 2580 3392 sanctiﬁcetur.
2614 3334 2672 3391 In
2701 3351 2788 3392 me
2814 3336 2982 3407 igitur
3015 3336 3412 3403 sanctiﬁcetur,

1830 3400 2030 3491 inq’uit,
2062 3437 2259 3477 nomen
2297 3431 2406 3478 tute
2433 3424 2849 3488 dominationis,
2886 3425 3032 3494 quod
3068 3439 3098 3478 a
3139 3441 3225 3481 me
3253 3427 3412 3483 invo-

1829 3520 2006 3579 catur,
2035 3522 2092 3565 ut
2122 3512 2332 3567 videant
2361 3514 2599 3568 homines
2637 3514 2775 3568 bona
2813 3531 2991 3584 opera,
3031 3525 3081 3569 et
3111 3517 3414 3586 gloriﬁcent

1831 3595 2067 3662 Patrem,
2085 3598 2269 3667 quiest
2292 3599 2347 3651 in
2368 3598 2512 3653 caelis
2529 3599 2596 3653 ⁵⁷.
2621 3597 2758 3665 Quis
2783 3608 2963 3654 autem
2987 3608 3071 3656 est
3099 3603 3236 3658 adeo
3262 3605 3412 3663 ferus

1827 3693 1882 3741 et
1914 3686 2142 3742 rationis
2171 3701 2390 3757 expers,
2424 3688 2517 3758 Qui
2551 3687 2598 3742 si
2631 3687 2777 3743 inter
2800 3703 2919 3752 eos,
2965 3691 3056 3760 qui
3094 3690 3205 3746 Deo
3231 3695 3412 3749 credi-

1827 3776 2047 3842 derunt,
2079 3777 2262 3833 videat
2291 3778 2455 3833 vitam
2488 3794 2702 3850 puram,
2731 3794 2852 3849 quae
2878 3796 2977 3851 per
3002 3781 3263 3839 virtutem
3294 3788 3411 3841 exi—

135 3869 434 3940 λυσμάτων
476 3872 879 3945 καθαρεύοντα,
913 3874 1098 3945 πάσης
1130 3874 1228 3946 τῆς
1280 3874 1416 3946 πρὸς
1457 3873 1518 3927 τὸ
1544 3875 1727 3945 χεῖρον
1829 3873 2010 3937 εθιυτ,
2047 3868 2116 3921 ab

1900 3873 2010 3935 tur,
2047 3868 2116 3921 ab
2145 3868 2401 3924 omnibus
2443 3868 2656 3939 peccati
2706 3869 3140 3940 inquinamentis
3176 3887 3409 3931 vacuam

135 3960 405 4026 ὑπονοίας
449 3962 914 4035 ἀλλοτριούμενον,
955 3964 1207 4038 λαμπρὸν
1252 3967 1320 4037 τῇ
1369 3964 1723 4039 σωφροσύνῃ,
1828 3966 1990 4028 atque
2027 3972 2137 4029 Pl":

1894 3972 1990 4028 que
2027 3972 2242 4029 puram,
2299 3959 2369 4014 ab
2407 3960 2556 4014 omni
2604 3960 2922 4031 suspicione
2973 3962 3115 4017 mala
3147 3956 3406 4033 alienam,

134 4052 345 4123 σεμνὸν
385 4055 452 4125 τῇ
495 4056 786 4126 φρονήσει,
816 4056 1073 4129 ἀνδρείας
1098 4057 1295 4129 ἔχοντα
1324 4058 1459 4130 πρὸς
1490 4058 1590 4123 τὰς
1617 4059 1725 4113 τῶν
1828 4051 2137 4120 temperanti

1894 4051 2183 4120 mperantia
2225 4051 2450 4117 claram,
2498 4051 2789 4122 prudentia
2838 4067 3083 4124 gravem,
3120 4053 3319 4112 fortem
3352 4067 3409 4115 et

132 4142 337 4197 παθῶν
379 4145 705 4216 προσϐολὰς,
733 4146 983 4218 μηδαμοῦ
1012 4152 1132 4213 ταῖς
1154 4151 1493 4220 σωματικαῖς
1518 4150 1726 4221 ἡδυπα-
1829 4141 2039 4198 ﬁrmam
2068 4143 2136 4198 ad

1897 4156 2039 4198 mam
2068 4143 2332 4199 adversus
2359 4141 2656 4199 affectuum
2686 4158 2752 4199 ac
2786 4145 3267 4215 perturbationum
3298 4146 3407 4203 im-

133 4232 319 4297 θείαις
371 4234 832 4307 μαλακιζόμενον,
893 4239 1104 4309 τρυφῆς
1180 4240 1274 4293 καὶ
1322 4238 1578 4309 βλακείας
1627 4241 1723 4294 καὶ
1757 4305 1780 4309 _
1826 4240 1986 4305 pctus
2013 4233 2137 4289 etin

1896 4240 1986 4290 tus
2013 4240 2069 4288 et
2092 4233 2368 4300 incursus,
2394 4234 2646 4304 corporis
2664 4233 3042 4304 voluptatibus
3062 4235 3216 4290 nullo
3240 4236 3408 4293 modo

132 4325 240 4395 τῆς
271 4324 413 4379 κατά
430 4325 521 4379 τὸν
547 4305 718 4396 τῦφον
740 4305 1070 4401 χαυνότητος
1082 4328 1159 4393 ὡς
1183 4328 1263 4382 ὅτι
1290 4305 1523 4399 μάλιστα
1543 4346 1718 4401 κεχω-
1752 4305 1798 4362 θ
1827 4327 2047 4383 mollem
2100 4336 2137 4383 el

1894 4327 2047 4383 ollem
2100 4333 2157 4383 et
2217 4326 2608 4390 eﬂ'eminatam,
2669 4339 2701 4380 a
2739 4324 2976 4390 deliciis,
3029 4341 3062 4380 a
3106 4335 3326 4398 torpore
3351 4340 3408 4386 et

138 4417 423 4489 ρισμένον,
460 4417 714 4473 τοσοῦτον
753 4419 1047 4490 μετέχοντα
1084 4419 1178 4473 τοῦ
1205 4419 1486 4490 βίου,ὃσον
1515 4421 1720 4476 ὲπάνα-
1825 4419 2061 4491 ignavia,
2112 4433 2137 4473 a

1894 4420 2061 4486 mavia,
2112 4433 2145 4474 a
2174 4425 2390 4474 tumore
2423 4416 2599 4473 fastus
2627 4431 2792 4487 quam
2831 4416 3070 4472 maxime
3113 4426 3404 4484 remotam,

131 4529 295 4581 γκες,
329 4512 483 4587 ἄκρῳ
525 4512 603 4584 τῷ
656 4512 774 4566 ποδὶ
803 4511 906 4581 τῆς
944 4514 1048 4583 γῆς
1102 4510 1458 4582 ὲπιψαύοντα,
1500 4511 1562 4564 οὐ
1600 4514 1718 4575 ταῖς
1823 4510 2137 4581 temporalit

1894 4510 2216 4581 mporalibus
2237 4507 2595 4565 facultatibus
2623 4514 2678 4562 et
2703 4506 2916 4577 reliquo
2940 4508 3195 4564 saeculari
3222 4510 3401 4577 cultu,

131 4603 262 4659 καθ’
308 4602 501 4674 ἡδονὴν
529 4592 862 4657 ἀπολαύσεσι
901 4602 979 4674 τῷ
1015 4602 1189 4674 γηΐνῳ
1215 4601 1391 4673 τούτῳ
1413 4600 1513 4672 βίῳ
1543 4616 1717 4655 κατα·
1823 4611 2085 4674 quantum

1899 4611 2085 4657 autum
2139 4600 2442 4657 necessitas
2498 4598 2797 4664 desideret,
2868 4607 3134 4668 utentem,
3187 4616 3403 4658 summo

131 4695 511 4767 χωννύμενον,
569 4694 684 4757 ἀλλ’
743 4694 1165 4766 ύπερανεστῶτα
1228 4686 1408 4765 πάσης
1456 4693 1555 4765 τῆς
1596 4694 1718 4746 κατ’
1815 4693 1952 4765 pede
1981 4701 2137 4749 terrai

1894 4693 1952 4751 de
1981 4701 2183 4749 terram
2210 4698 2545 4762 tangentem,
2574 4704 2699 4761 quae
2727 4688 2975 4747 fruendis
3006 4690 3401 4762 percipiendis-

132 4785 390 4857 αἴσθησιν
418 4786 717 4859 γενομένης
744 4787 983 4858 ἀπάτης,
1021 4785 1274 4857 καὶπρὸς
1298 4785 1398 4858 τὴν
1430 4784 1719 4856 ἀσώματον
1815 4798 1924 4857 que
1966 4783 2137 4855 volupl

1894 4798 1924 4841 e
1966 4783 2339 4855 voluptatibus
2377 4784 2482 4839 hoc
2512 4790 2693 4837 terreo
2722 4780 2927 4836 saeculo
2962 4796 3073 4837 non
3105 4782 3395 4847 obruatur,

132 4878 286 4950 ζωὴν
330 4878 420 4933 διὰ
453 4878 657 4950 σαρκὸς
704 4878 1116 4951 ἁμιλλώμενον,
1171 4879 1267 4933 ἕνα
1296 4878 1528 4933 πλοῦτον
1569 4879 1721 4949 νομί·
1817 4875 1912 4931 sed
1943 4887 2137 4946 supera

1894 4875 1912 4929 Ι
1943 4882 2165 4946 superet
2193 4888 2410 4929 omnem
2436 4887 2534 4943 per
2560 4886 2760 4928 sensus
2793 4869 3094 4926 adhibitam
3124 4869 3396 4938 fraudem,

132 4970 300 5034 ζοντα
342 4970 444 5040 τὴν
487 4969 589 5039 τῆς
626 4970 832 5042 ἀρετῆς
865 4970 1079 5042 κτῆσιν,
1124 4971 1254 5042 μίαν
1292 4972 1573 5041 εὐγένειαν
1615 4973 1715 5041 τὴν
1817 4981 1915 5037 per
1953 4980 2137 5023 carnel

1894 4981 1915 5021 r
1953 4980 2174 5023 carnem
2203 4980 2329 5022 cum
2362 4967 2685 5037 incorporea
2713 4964 2826 5018 vita
2852 4969 3049 5029 certet,
3081 4977 3222 5019 unas
3253 4962 3398 5019 divi-

131 5060 278 5131 πρὺς
302 5059 395 5112 τὸν
421 5059 554 5114 Θεὸν
577 5061 904 5132 οἰκειότητα,
937 5061 1064 5132 μίαν
1102 5061 1259 5128 ἀξίαν
1285 5063 1380 5116 καὶ
1400 5062 1715 5117 δυναστείαν

135 5151 297 5222 μίαν,
347 5148 410 5203 τὸ
450 5152 671 5220 κρατεῖν
711 5149 904 5205 ἑαυτοῦ
921 5190 936 5216 ,
970 5151 1063 5206 καὶ
1099 5150 1396 5206 ἀδούλωτον
1434 5146 1574 5206 εἶναι
1601 5154 1716 5217 τοῖς

129 5240 498 5312 ἀνθρωπίνοις
547 5241 895 5313 παθήμασιν,
944 5242 1244 5315 ἀχθόμενον
1286 5245 1352 5315 τῇ
1406 5244 1712 5315 παρατάσει

130 5332 229 5402 τῆς
258 5330 355 5386 τοῦ
384 5331 571 5386 ὑλικοῦ
615 5332 731 5403 βίου
771 5332 944 5404 ζωῆςο
981 5333 1275 5389 σπεύδοντα
1300 5334 1357 5389 δὲ
1381 5335 1633 5407 καθάπερ
1661 5337 1711 5389 οἱ

128 5422 217 5477 διὰ
244 5422 520 5490 πελάγους
557 5422 996 5489 κακοπαθοῦντες
1020 5425 1157 5497 πρὸς
1189 5424 1278 5482 τὸν
1301 5424 1493 5497 λιμένα
1515 5442 1715 5481 καταν-

197 5602 246 5639 ⁵⁶
291 5600 401 5658 lsa.
434 5616 528 5670 ιιι,
558 5602 611 5657 ὕ.
689 5603 732 5635 ⁵⁷
774 5600 960 5657 Matth.
993 5617 1045 5671 v,
1075 5600 1161 5657 10.

1817 5058 1920 5112 tias
1950 5057 2172 5113 virtutis
2203 5071 2338 5129 opes
2369 5057 2671 5121 existimet,
2701 5069 2866 5112 unam
2899 5053 3268 5121 nobilitatem,
3300 5070 3396 5111 ne-

1814 5148 2210 5205 cessitudinem
2265 5163 2390 5204 cum
2433 5147 2566 5212 Deo,
2623 5161 2787 5202 unam
2827 5145 3168 5217 dignitatem.
3224 5159 3392 5199 unum

1814 5246 2177 5310 potentatum,
2206 5238 2448 5310 seipsum
2477 5240 2534 5295 in
2561 5246 2835 5311 potestate
2864 5237 3087 5304 habere,
3119 5241 3175 5293 et
3208 5234 3392 5291 buma-

1816 5333 1904 5389 nis
1932 5329 2220 5387 aﬁectibus
2251 5346 2361 5386 non
2405 5332 2636 5397 servire,
2668 5346 2791 5402 quae
2823 5329 3183 5402 productione
3215 5334 3391 5385 mate-

1818 5424 1971 5480 rialis
2006 5422 2169 5484 huius
2209 5420 2394 5479 saeculi
2421 5422 2547 5478 vitae
2573 5422 2754 5479 doleat
2795 5430 2851 5479 et
2889 5428 3143 5494 angatur,
3176 5417 3391 5478 studeat
