3756 5988
353 164 486 221 “35

1571 157 1628 213 S.
1657 151 1982 211 GREGORII
2039 150 2334 207 NYSSENI

3454 141 3581 198 1156

348 292 528 332 autem
579 282 741 346 atque
788 276 1014 336 nitatur.
1063 272 1518 345 quemadmodum
1552 272 1650 336 illi,
1710 270 1803 340 qui
1859 271 1914 324 in

2117 284 2179 321 ἀι
2203 267 2302 338 τῆς
2319 264 2700 327 ἀναπαύσεως.
2722 261 2820 324 Τίς
2845 260 3022 314 τοίνυν
3048 257 3138 311 τὸν
3157 253 3402 310 τοιοῦτον
3431 253 3584 325 ὁρῶν,

350 367 485 422 mari
539 373 805 419 vexantur
857 372 1022 434 atque
1070 364 1403 434 atlliguntur,
1451 377 1647 432 capere
1701 368 1918 431 portum

349 454 636 527 requietis.
664 455 798 521 Quis
833 456 995 524 igitur
1020 455 1063 509 si
1098 454 1259 508 talem
1288 453 1487 517 videat,
1520 466 1740 512 nomen,
1777 448 1919 518 quod

350 549 418 604 ab
445 546 716 617 ejusmodi
757 546 863 600 vita
918 548 1224 606 invocetur,
1269 560 1376 598 non
1410 541 1714 612 glorificet?
1773 539 1922 606 Quo-

349 643 498 698 circa
549 641 641 710 qui
693 641 748 694 in
793 642 1043 694 oratione
1101 639 1257 702 dicit,
1315 636 1687 704 Sanctiﬁcatur
1735 649 1923 687 nomen

353 741 521 797 tuum,
553 733 606 785 vi
639 733 926 786 verborum
961 731 1076 784 hazc
1113 738 1272 784 orat:
1321 728 1524 782 Auxilii
1564 727 1636 780 tui
1673 724 1924 794 praesidio

353 831 515 892 atque
545 823 858 891 adjumento
891 822 1012 874 fiam
1054 821 1550 890 irreprehensibilis
1584 827 1637 873 et
1677 817 1922 884 inculpa-

353 924 462 976 tus.
482 916 685 982 justus,
710 915 869 984 pius:
900 915 1202 968 abstineam
1223 915 1290 966 ab
1314 913 1458 968 omni
1484 912 1625 965 malo
1650 910 1917 964 facinore:

352 1007 583 1075 loquens
632 1007 684 1060 id
731 1008 874 1076 quod
904 1022 1117 1072 verum,
1149 1005 1355 1061 faciens
1402 1004 1546 1074 quod
1571 1004 1782 1072 justum
1817 1000 1922 1056 sit:

354 1098 408 1151 in
439 1100 764 1154 rectitudine
798 1100 1106 1159 ambulans,
1161 1097 1514 1166 temperantia
1551 1095 1803 1157 illustris,
1840 1095 1926 1147 in-

356 1191 608 1260 tegritate
639 1191 946 1250 decoratus,
977 1191 1240 1260 sapientia
1271 1199 1430 1256 atque
1452 1187 1735 1257 prudentia
1765 1202 1928 1240 orna—

356 1290 466 1347 tus,
509 1284 574 1337 ad
609 1299 804 1352 supera
846 1283 1118 1351 aspirans,
1153 1290 1364 1336 terrena
1399 1279 1730 1349 despiciens,
1766 1277 1928 1331 insti-

359 1375 489 1428 tutis
541 1374 800 1441 angelicaa
837 1374 959 1425 vita:
1013 1374 1346 1426 clarescens.
1400 1368 1524 1423 llaec
1567 1380 1618 1424 et
1661 1365 1930 1435 ejusmodi

360 1463 540 1517 brevis
569 1464 685 1516 luce
736 1463 927 1531 petitio
955 1463 1221 1523 continet,
1256 1475 1377 1528 qua:
1411 1474 1505 1528 per
1535 1458 1833 1511 orationem
1864 1455 1930 1509 ad

357 1551 526 1606 Deum
564 1552 736 1605 dicit:
792 1551 1168 1619 Sanctiﬁcetttr
1207 1566 1392 1604 nomen
1423 1560 1589 1600 tuum.
1641 1548 1757 1600 Non
1787 1545 1928 1599 enim

2019 359 2078 413 οὐ
2127 359 2323 431 δοξάζῃ
2360 357 2420 410 τὸ
2458 357 2627 426 ὄνομα
2676 354 2738 407 τὸ
2777 349 3203 421 ἐπικεκλημένον
3249 345 3330 416 τῷ
3373 344 3590 413 τοιούτῳ

2024 453 2154 523 βίῳ;
2190 449 2398 504 Οὐκοῦν
2443 449 2499 500 ἐν
2549 447 2615 518 τῇ
2660 444 2934 517 προσευχῇ
2973 440 3168 508 λέγων,
3229 432 3592 504 Ἀγιασθήτω

2022 545 2090 600 τὸ
2127 541 2314 612 ὄνομά
2341 557 2478 602 σου,
2511 541 2568 593 ἐν
2591 538 2714 608 ἐμοὶ
2742 535 2916 590 ταῦτα
2952 537 3017 604 τῇ
3043 531 3268 601 δυνάμει
3296 529 3408 581 τῶν
3448 527 3592 594 λεγο-

2028 637 2202 705 μένων
2249 629 2634 703 προσεύχεται·
2673 625 2936 696 Γενοίμην
2981 625 3046 693 τῇ
3088 618 3351 692 συνεργίᾳ
3374 617 3474 686 τῆς
3501 616 3590 684 σῆς

2027 723 2308 795 βοηθείας,
2341 721 2649 792 ἄμεμπτος,
2691 717 2914 778 δίκαιος,
2951 711 3228 782 θεοσεϐὴς,
3265 706 3592 776 ἀπεχόμενος

2025 812 2134 865 ἀπὸ
2179 810 2378 872 παντὸς
2424 805 2660 879 πονηροῦ
2713 804 3068 874 πράγματος,
3112 797 3289 851 λαλῶν
3322 795 3590 864 ἀλήθειαν,

2027 903 2388 974 ἐργαζόμενος
2423 899 2793 969 δικαιοσύνην·
2835 898 2891 948 ἐν
2926 892 3179 962 εὑθύτητι
3216 887 3592 959 πορευόμενος,

2026 1001 2093 1068 τῇ
2125 994 2443 1067 σωφροσύνῃ
2492 993 2744 1063 λάμπων,
2781 991 2847 1059 τῇ
2880 985 3156 1057 ἀφθαρσίᾳ
3194 979 3594 1051 κοσμούμενος,

2027 1091 2094 1160 τῇ
2127 1088 2286 1158 σοφίᾳ
2313 1085 2407 1139 καὶ
2427 1087 2490 1154 τῇ
2523 1083 2780 1154 φρονήσει
2807 1076 3277 1145 καλλωπιζόμενος
3296 1113 3311 1135 ,
3373 1070 3445 1123 τὰ
3494 1069 3599 1122 ἀνω

2029 1179 2262 1252 φρονῶν,
2292 1177 2400 1231 τῶν
2434 1177 2638 1246 γηῖνων
2677 1170 2983 1244 ὑπερορῶν,
3011 1171 3130 1231 ταῖς
3157 1164 3476 1234 ἀγγελικαῖς
3507 1178 3601 1213 πο-

2029 1273 2255 1334 λιτείαις
2313 1266 2840 1338 ἐλλαμπρυνόμενος.
2894 1259 3078 1315 Ταῦτα
3131 1258 3223 1311 καὶ
3267 1256 3337 1308 τά
3381 1253 3602 1306 τοιαῦτα

2032 1361 2276 1434 περιέχει
2323 1363 2357 1431 ἡ
2407 1358 2632 1430 βραχεῖα
2679 1354 2891 1425 αἴτησις
2937 1351 3107 1421 αῦτη,
3154 1351 3187 1418 ἡ
3239 1347 3473 1414 λέγουσα
3523 1341 3605 1394 διὰ

2033 1455 2336 1527 προσευχῆς
2366 1452 2440 1522 τῷ
2471 1449 2618 1520 Θεῷ,
2654 1449 2734 1501 ὅτι
2759 1442 3121 1515 Ἀτιασθήτω
3148 1439 3213 1493 τό
3243 1435 3434 1505 ὄνομὰ
3467 1450 3601 1487 σου.

2034 1525 2111 1602 οι
2137 1546 2245 1616 γάρ
2274 1547 2417 1597 ἐστιν
2446 1542 2620 1603 ἄλλως
2649 1536 2871 1592 δυνατὸν
2902 1537 2960 1588 ἐν
2991 1530 3262 1602 ἀνθρώπῳ
3287 1525 3605 1594 δοξασθῆδαι

359 1642 518 1694 aliter
573 1656 670 1709 per
721 1640 998 1694 hominem
1045 1639 1186 1693 Deus
1232 1637 1520 1708 gloriﬁcari
1574 1642 1771 1705 potest,
1826 1633 1932 1686 nisi

2117 1640 2184 1702 ὃν,
2313 1636 2413 1704 τῆς
2447 1635 2564 1686 κατ’
2592 1630 2752 1685 αὑτὸν
2781 1627 2978 1699 ἀρετῆς
3007 1627 3073 1695 τῇ
3097 1623 3217 1693 θείᾳ
3245 1619 3474 1688 δυνάμει
3511 1615 3607 1685 τὴν

359 1732 537 1787 virtus
572 1733 692 1801 ejus
725 1739 976 1794 testetur,
1017 1731 1257 1785 divinam
1292 1727 1586 1798 potentiam
1634 1732 1796 1794 atque
1824 1723 1935 1777 vir-

361 1833 529 1878 tutem
562 1839 685 1878 esse
715 1838 938 1876 causam
978 1823 1267 1875 bonorum.

431 1914 563 1980 Qnte
594 1915 852 1983 deinceps
879 1914 1125 1983 sequitur
1160 1911 1368 1981 petitio,
1401 1923 1627 1978 regnum
1662 1906 1753 1960 Dei
1785 1912 1938 1975 optat

364 2005 644 2060 advenire.
684 2004 944 2074 Nunquid
991 2018 1138 2057 nunc
1169 2018 1348 2071 regem
1385 2000 1500 2054 fieri
1533 1999 1651 2052 vult
1697 1995 1937 2052 universi

363 2113 568 2167 regem,
622 2099 712 2166 qui
747 2110 962 2167 semper
1005 2105 1110 2157 est,
1159 2092 1301 2164 quod
1335 2092 1456 2146 est?
1505 2091 1594 2160 qui
1623 2090 1688 2143 ad
1721 2100 1939 2142 omnem

367 2191 728 2245 mutationem
765 2189 953 2244 ﬁrmus
982 2196 1034 2242 et
1085 2186 1376 2240 immobilis
1408 2184 1532 2238 est?
1565 2182 1656 2252 qui
1694 2196 1803 2234 non
1842 2193 1932 2249 po-

365 2288 475 2337 test
513 2283 751 2350 reperire
790 2281 983 2334 melius
1029 2279 1348 2348 quidquam,
1384 2277 1438 2329 in
1483 2275 1627 2344 quod
1660 2273 1941 2328 transeat?

280 2365 282 2367 ’
368 2372 510 2438 Quid
543 2373 710 2442 igitur
745 2371 850 2425 sibi
884 2370 1001 2424 vult
1030 2370 1261 2438 optatio,
1291 2383 1410 2437 qum
1439 2379 1665 2434 regnum
1694 2362 1788 2416 Dei
1821 2376 1944 2416 evo-

367 2462 493 2516 cat?
522 2464 599 2514 Ac
625 2475 808 2513 veram
837 2459 1055 2526 quidem
1090 2458 1255 2526 hujus
1285 2457 1360 2510 rei
1397 2457 1661 2509 rationem
1691 2451 1944 2506 noverint

368 2554 444 2606 illi
479 2553 680 2621 quibus
712 2551 938 2620 spiritus
969 2551 1218 2603 veritatis
1262 2548 1476 2602 occulta
1509 2547 1761 2616 mysteria
1792 2559 1943 2598 reve-

369 2644 446 2696 lat
476 2659 490 2695 :
521 2657 623 2696 nos
656 2653 836 2695 autem
887 2639 1153 2709 ejusmodi
1192 2639 1259 2693 de
1293 2637 1395 2690 hoc
1438 2637 1583 2690 dicto
1631 2634 1942 2704 opinionem

370 2743 537 2803 atque
572 2733 898 2789 sententiam
957 2730 1220 2784 habemus
1256 2727 1413 2782 :Una
1457 2727 1622 2779 rebus
1674 2722 1944 2777 universis

373 2826 796 2896 superimposita
833 2830 915 2876 est
943 2837 1005 2875 ac
1034 2821 1288 2891 prtesidet
1321 2835 1444 2874 vera
1479 2826 1722 2888 potestas
1754 2823 1808 2872 et
1838 2816 1946 2868 vir-

2035 1729 2212 1784 αἰτίαν
2241 1728 2348 1782 τῶν
2371 1723 2588 1794 ἀγαθῶν
2614 1717 3013 1793 μαρτυρούσης.

2117 1911 2174 1964 '0
2202 1909 2257 1961 δέ
2288 1906 2481 1976 ἐφεξῆς
2500 1904 2653 1972 λόγος
2681 1901 2778 1972 τὴν
2805 1897 3078 1970 βασιλείαν
3103 1893 3196 1948 τοῦ
3224 1891 3360 1946 Θεοῦ
3394 1891 3609 1960 εὔχεται

2042 2001 2232 2055 ἐλθεῖν.
2255 1994 2402 2068 Ἀρα
2429 1997 2522 2050 νῦν
2548 1993 2687 2058 ἀξιοῖ
2708 1990 2958 2060 γενέσθαι
2991 1985 3213 2057 βασιλέα
3238 1983 3329 2035 τὸν
3357 1982 3453 2033 τοῦ
3480 1997 3612 2031 παν-

2039 2095 2129 2156 τὸς
2155 2089 2404 2162 βασιλέα,
2431 2088 2522 2142 τὸν
2564 2086 2650 2138 ἀεὶ
2693 2083 2821 2136 ὄντα
2851 2083 2985 2150 ὅπερ
3016 2077 3163 2131 ἐστὶν
3182 2115 3196 2139 ,
3222 2074 3314 2126 τὸν
3346 2073 3486 2143 πρὸς
3513 2072 3611 2122 πεί-

2044 2202 2142 2239 σαν
2197 2179 2493 2254 μεταϐολὴν
2534 2175 2896 2246 ἀμετάθετον,
2943 2172 3034 2225 τὸν
3073 2170 3172 2222 οὐκ
3204 2167 3395 2237 ἔχοντα
3435 2164 3611 2234 εὑρεῖν

2043 2277 2286 2346 κρεῖττον
2318 2274 2396 2334 είς
2420 2270 2447 2323 ὃ
2473 2267 2867 2340 μεταϐήσεται;
2905 2261 2970 2315 Τί
2996 2257 3087 2315 οὖν
3129 2259 3374 2331 βούλεται
3409 2257 3444 2326 ἡ
3480 2254 3612 2325 εὐχὴ

2041 2365 2136 2419 τοῦ
2187 2363 2320 2418 Θεοῦ
2368 2361 2641 2433 βασιλείαν
2687 2355 3092 2425 ἐκκαλουμένη;
3157 2349 3317 2404 Ἀλλά
3367 2348 3462 2401 τὸν
3521 2346 3614 2416 μὲν

2041 2456 2216 2528 ἀληθῆ
2257 2456 2384 2526 περὶ
2412 2454 2603 2507 τούτου
2642 2450 2797 2519 λόγον
2844 2450 3018 2516 γνοῖεν
3060 2445 3145 2508 ἂν,
3193 2438 3274 2506 οἷς
3305 2441 3366 2494 τὸ
3399 2437 3615 2507 πνεῦμα

2042 2550 2141 2620 τῆς
2167 2545 2422 2617 ἀληθείας
2452 2543 2823 2598 ἀνακαλύπτει
2844 2539 2912 2592 τὰ
2934 2535 3286 2608 κεκρυμμένα
3309 2532 3587 2602 μυστήρια
3603 2545 3616 2556 ·

2044 2640 2209 2710 ἡμεῖς
2261 2638 2319 2690 δέ
2362 2635 2614 2706 τοιαύτην
2660 2633 2851 2703 ἐχομεν
2890 2630 3016 2701 περὶ
3047 2627 3139 2680 τοῦ
3175 2624 3338 2697 ῥητοῦ
3366 2623 3466 2691 τὴν
3503 2621 3619 2673 διά-

2045 2745 2218 2783 νοιαν·
2251 2726 2365 2781 Μία
2385 2725 2493 2778 τῶν
2522 2723 2736 2776 πάντων
2765 2721 3082 2790 ὑπέρκειται
3116 2718 3149 2784 ή
3180 2713 3383 2782 ἀληθὴς
3405 2710 3620 2774 ἐξουσία

2046 2821 2142 2874 καὶ
2177 2817 2403 2886 δύναμις
2423 2856 2438 2881 ,
2475 2816 2509 2886 ἡ
2533 2813 2626 2867 τοῦ
2657 2811 2855 2873 παντὸς
2881 2804 3276 2875 ἀναδεδεγμένη
3311 2801 3370 2854 τὸ
3395 2800 3619 2869 κράτος,

343 2988 345 2990 η
375 2930 485 2981 tus,
515 2933 638 2988 qua:
665 2913 1038 2970 universitatis
1063 2913 1304 2982 suscepit
1331 2912 1643 2980 imperium,
1675 2918 1727 2964 et
1757 2915 1938 2978 regnat

2117 2912 2144 2965 ,ἱ
2191 2909 2576 2981 βασιλεύουσα,
2621 2905 2681 2958 ού
2723 2903 2812 2975 βίᾳ
2856 2903 2961 2956 τινὶ
3000 2898 3094 2952 καὶ
3135 2897 3433 2966 τυραννικῇ
3468 2893 3623 2945 δυνα-

2155 3004 2167 3011 .
2321 3001 2370 3011 ,Α
2552 2999 2565 3011 ι
2628 2999 2640 3011 ι
2699 2997 2711 3011 ι
2927 2993 2941 3011 ε
2977 2986 3620 3011 γ-γ-Ἐ.Α-...2.⁹ίῳ.ιυε

373 3025 485 3064 non
537 3009 776 3061 violento
825 3003 1060 3074 quodam
1099 3013 1263 3073 atque
1318 3002 1600 3072 tyrannico
1639 3006 1945 3069 potentatu,

378 3107 440 3152 ut
467 3112 587 3166 quae
623 3108 765 3150 metu
793 3111 857 3148 ac
886 3092 1289 3146 necessitudine
1325 3091 1426 3145 sub
1455 3089 1740 3158 imperium
1770 3103 1834 3142 ac
1867 3089 1950 3140 di-

377 3193 583 3244 tionem
631 3202 784 3240 suam
829 3185 1098 3239 obnoxios
1127 3181 1492 3250 subjunxerit.
1524 3178 1773 3233 Liberam
1804 3177 1948 3233 enim

382 3296 446 3334 ac
477 3293 701 3332 vacuam
735 3277 802 3329 ab
830 3274 977 3328 omni
1003 3283 1148 3328 metu
1180 3272 1490 3340 nulliusque
1510 3269 1753 3324 dominio
1776 3268 1952 3337 subje-

379 3382 522 3425 ctam
550 3367 804 3423 convenit
833 3381 954 3422 esse
977 3366 1256 3426 virtutem,
1292 3362 1497 3417 lubenti
1526 3360 1710 3414 animo
1748 3360 1949 3413 bonum

379 3463 666 3533 eligentem
718 3466 883 3527 atque
936 3464 1276 3511 sumentem;
1339 3459 1504 3524 caput
1551 3462 1730 3506 autem
1775 3451 1952 3504 omnis

381 3555 509 3612 boni
540 3561 644 3615 est,
676 3549 903 3605 vivificee
928 3547 1182 3618 potestati
1213 3545 1490 3601 subditum
1514 3558 1657 3598 esse.
1683 3541 1952 3608 Quoniam

383 3648 549 3717 igitur
571 3645 809 3697 humana
835 3649 1030 3696 natura
1061 3655 1091 3693 a
1117 3638 1244 3694 boni
1275 3637 1484 3705 judicio
1516 3635 1704 3690 fraude
1733 3634 1954 3688 inducta

384 3738 674 3798 aberravit,
710 3742 764 3790 et
805 3734 871 3788 ad
899 3733 1237 3790 contrarium
1273 3739 1520 3785 nostrum
1557 3727 1842 3782 arbitrium
1877 3727 1957 3780 in-

385 3831 630 3893 clinavit,
687 3839 741 3883 et
789 3841 950 3881 omne
982 3826 1183 3879 malum
1218 3824 1500 3877 hominum
1533 3821 1697 3874 vitam
1733 3818 1953 3880 invasit,

383 3933 441 3980 et
493 3925 548 3976 in
594 3927 919 3991 potestatem
962 3932 1116 3972 suam
1161 3914 1398 3984 redegit:
1442 3911 1742 3967 innumeris
1784 3909 1957 3964 modis

387 4024 562 4070 morte
597 4020 803 4066 natura
842 4011 1079 4063 immista
1121 4007 1328 4078 (omnis
1367 4005 1510 4061 enim
1546 4003 1765 4057 malitiae
1794 4001 1956 4056 vitio-

392 4109 680 4171 sitatisque
723 4102 897 4156 forma
933 4109 1191 4168 tanquam
1245 4099 1328 4152 via
1377 4097 1621 4167 quaedam
1671 4102 1726 4150 et
1779 4095 1958 4148 aditus

389 4197 549 4253 morti
583 4198 872 4250 adversum
907 4207 1007 4246 nos
1041 4191 1298 4261 exsistit).
1324 4190 1590 4256 Quoniam
1617 4188 1778 4258 igitur
1808 4186 1959 4255 ejus-

2053 3004 2235 3075 στείᾳ,
2268 3001 2453 3072 φόϐοις
2480 2999 2576 3053 καὶ
2618 2997 2878 3065 ἀνάγκαις
2919 2991 3261 3055 ὑποζεύξασα
3283 2989 3350 3056 τῇ
3374 2986 3621 3052 ὑποταγῇ

2048 3095 2109 3150 τὸ
2136 3094 2394 3163 ὑπήκοον.
2437 3089 2756 3159 Ἐλευθέραν
2796 3085 2904 3156 γὰρ
2941 3079 3079 3135 εἶναι
3109 3080 3375 3151 προσήκει
3425 3075 3624 3135 παντὸς

2050 3185 2216 3255 φόϐου
2260 3183 2358 3252 τὴν
2387 3181 2589 3252 ἀρετὴν
2621 3179 2715 3232 καλ⁸
2741 3176 3054 3237 ἀδέσποτον,
3093 3171 3314 3240 ἑκουσίᾳ
3341 3166 3538 3237 γνώμῃ
3566 3166 3622 3218 τὸ

2051 3275 2253 3346 ἀγαθὸν
2280 3273 2610 3344 αἱρουμένην
2629 3287 2640 3301 ·
2682 3266 2886 3338 ἀγαθοῦ
2913 3267 2970 3318 δὲ
2995 3261 3192 3324 παντὸς
3221 3260 3280 3313 τὸ
3305 3258 3621 3328 κεφάλαιον,

2050 3369 2113 3422 τὸ
2164 3367 2267 3421 ὑπὸ
2308 3366 2406 3435 τὴν
2459 3352 2718 3428 ζωοποιδν
2769 3357 3015 3424 ἐξουσίαν
3063 3352 3341 3422 τετάχθαι.
3405 3347 3623 3417 Ἐπειδὴ

2051 3458 2230 3512 τοίνυν
2250 3457 2348 3526 τῆς
2366 3455 2460 3508 τοῦ
2486 3452 2652 3508 καλοῦ
2679 3450 2912 3523 κρίσεως
2941 3443 3294 3514 ἀπεπλανήθη
3318 3441 3385 3493 δι’
3410 3439 3628 3508 ἀπάτης

2054 3552 2088 3622 ή
2115 3547 2425 3619 ἀνθρωπίνη
2457 3544 2638 3614 φύσις,
2667 3541 2763 3596 καὶ
2791 3540 2929 3612 πρὸς
2956 3537 3018 3591 τὸ
3043 3535 3279 3590 ἐναντίον
3305 3531 3501 3600 γέγονε
3531 3529 3628 3598 τῆς

2056 3640 2430 3713 προαιρέσεως
2474 3636 2631 3708 ήμῶν
2657 3637 2692 3706 ἡ
2728 3632 2901 3706 ῥοπὴ,
2934 3630 3029 3685 καὶ
3064 3627 3226 3681 παντὶ
3255 3625 3332 3696 τῷ
3359 3623 3564 3694 χείρονι
3596 3621 3627 3690 ὴ

2056 3710 2169 3804 ζωὴ
2195 3710 2304 3786 τῶν
2328 3727 2628 3800 ἀνθρώπων
2659 3721 3038 3797 κατεκρατήθη
3058 3761 3073 3786 ,
3113 3717 3331 3789 μυρίαις
3358 3714 3501 3776 ὁδοῖς
3540 3710 3628 3764 τοῦ

2057 3801 2287 3877 θανάτου
2330 3818 2749 3891 κατακριθέντος
2778 3818 2846 3886 τῇ
2883 3813 3041 3883 φύσει
3062 3828 3076 3841 ο
3107 3811 3256 3863 πᾶσα
3283 3805 3393 3877 γάρ
3434 3801 3631 3864 κακίας

2062 3915 2175 3969 ἰδέα
2214 3909 2326 3968 οἷόν
2367 3930 2452 3976 τις
2499 3910 2618 3973 ὁδὸς
2658 3908 2736 3980 τῷ
2779 3906 2991 3976 θανάτῳ
3041 3902 3163 3958 καθ’
3207 3899 3369 3971 ἡμῶν
3403 3899 3628 3966 γίνεται.

2071 4006 2287 4077 Ἐπειδὴ
2315 4005 2492 4058 τοίνυν
2523 4005 2589 4072 τῇ
2618 3999 2840 4070 τοιαύτῃ
2877 3984 3147 4068 τυραννίδι
3177 3989 3631 4063 περιεσχέθημεν,

2059 4099 2310 4166 καθάπερ
2339 4095 2554 4166 δημίοις
2592 4094 2731 4146 τισὶν
2774 4091 2807 4160 ἢ
2837 4087 3133 4158 πολεμίοις,
3162 4087 3282 4146 ταῖς
3311 4081 3636 4154 προσϐολαῖς

2061 4192 2170 4244 τῶν
2222 4189 2559 4259 παθημάτων
2609 4185 2688 4256 τῷ
2729 4182 2941 4250 θανάτῳ
2990 4176 3375 4246 δεδουλωμένοι
3399 4190 3412 4204 ⁸
3460 4172 3638 4233 καλῶς

389 4288 532 4342 modi
565 4285 834 4356 tyrannidi
876 4283 1234 4338 circumventi
1279 4290 1440 4351 atque
1480 4280 1698 4336 obnoxii
1733 4278 1936 4332 fuimus

2117 4282 2356 4354 ιχόμεθα,
2397 4278 2490 4334 τοῦ
2537 4277 2672 4331 Θεοῦ
2702 4276 2798 4345 τὴν
2829 4271 3102 4342 βασιλείαν
3142 4268 3226 4336 ἐφ’
3257 4268 3408 4338 ἡμᾶς
3445 4265 3634 4319 ἐλθεῖν.

388 4390 645 4450 tanquam
676 4395 773 4449 per
813 4376 1098 4432 carnifices
1128 4375 1391 4444 quosdam
1425 4375 1508 4428 vel
1534 4375 1738 4432 hostes,
1775 4371 1960 4424 incur-

390 4475 543 4528 sibus
571 4471 860 4526 affectttum
887 4481 1047 4539 atque
1069 4467 1536 4537 perturbationum
1564 4465 1616 4517 in
1641 4462 1958 4517 servitutem

391 4580 421 4616 a
451 4568 624 4645 morte
647 4559 850 4614 redacti
880 4577 892 4610 :
932 4566 1078 4611 recte
1106 4571 1394 4625 precamur
1420 4567 1644 4622 regnum
1673 4550 1763 4606 Dei
1797 4565 1962 4619 super

391 4643 493 4710 nos
527 4654 731 4708 venire.
783 4649 900 4704 Non
940 4650 1086 4705 enim
1109 4650 1286 4727 .aliter
1325 4661 1548 4716 pravam
1591 4643 1961 4713 corruptionis

393 4755 716 4818 potestatem
768 4757 969 4798 exuere
1000 4750 1162 4810 atque
1209 4737 1447 4807 effugere
1481 4735 1799 4805 poterimus,
1857 4732 1962 4787 nisi

393 4842 608 4896 vivifica
646 4839 818 4894 virtus
867 4836 1100 4891 invicem
1142 4834 1196 4888 in
1237 4832 1393 4886 nobis
1443 4829 1732 4902 imperium
1772 4843 1964 4884 susce-

393 4941 554 5011 perit.
623 4938 680 4992 Si
740 4937 909 5008 igitur
971 4947 1194 5002 regnum
1254 4928 1344 4983 Dei
1411 4941 1577 4994 super
1626 4939 1728 4980 nos
1778 4925 1966 4978 venire

394 5032 785 5103 petiverimus,
842 5029 958 5082 haec
994 5026 1046 5079 vi
1089 5023 1379 5078 verborum
1421 5019 1587 5074 Deum
1641 5029 1961 5086 precamur:

392 5123 741 5195 Corruptioni
773 5128 1058 5190 exemptus
1087 5119 1212 5183 sim,
1245 5131 1274 5170 a
1329 5121 1503 5168 morte
1545 5110 1811 5165 liberatus
1839 5107 1965 5169 sim,

396 5219 578 5273 solvar
617 5231 648 5268 a
683 5214 920 5269 vinculis
965 5210 1173 5282 peccati
1205 5227 1218 5264 :
1248 5224 1317 5263 ne
1352 5205 1581 5278 posthac
1621 5209 1814 5273 regnet
1847 5217 1966 5255 am-

397 5309 540 5381 plius
575 5308 630 5361 in
671 5321 758 5361 me
788 5319 938 5359 mors
972 5321 986 5358 :
1019 5318 1088 5358 ne
1123 5301 1362 5371 amplius
1395 5298 1688 5352 adversum
1728 5308 1829 5348 nos
1857 5290 1969 5346 elli-

396 5417 496 5457 cax
534 5402 606 5457 sit
633 5400 860 5454 malitite
885 5395 1314 5463 vitiositatisque
1341 5388 1613 5462 tyrannis,
1659 5403 1729 5441 ne
1762 5393 1996 5455 praeva-‘

397 5493 506 5548 leat
535 5492 824 5547 adversum
863 5505 951 5545 me
984 5487 1180 5553 hostis,
1213 5501 1316 5540 neu
1349 5499 1444 5554 per
1476 5489 1759 5552 peccatum
1796 5475 1972 5546 capti-

398 5599 528 5642 vum
590 5597 680 5636 me
731 5583 898 5638 ducat
935 5560 1090 5636 ?sed
1135 5577 1317 5634 veniat
1371 5589 1536 5644 super
1587 5589 1673 5627 me
1741 5584 1970 5637 regnum

2067 4377 2141 4431 Οὐ
2164 4377 2272 4446 γὰρ
2298 4375 2443 4428 ἐστιν
2471 4373 2646 4433 ἄλλως
2671 4367 2888 4423 ἐκδῦναι
2912 4365 3012 4435 τὴν
3041 4361 3282 4432 πονηρὰν
3309 4359 3410 4429 τῆς
3435 4358 3639 4428 φθορᾶς

2064 4445 2402 4526 δυναστείαν,
2457 4463 2530 4534 μὴ
2579 4461 2677 4531 τῆς
2731 4456 2992 4522 ζωοποιοῦ
3036 4453 3318 4524 δυνάμεως
3353 4447 3441 4517 ἐφ’
3485 4445 3638 4518 ἡμῶν

2067 4553 2601 4627 ἀντιμεταλαϐούσης
2651 4552 2713 4604 τὸ
2739 4548 2962 4620 κράτος.
3021 4545 3145 4599 Ἐὰν
3187 4539 3282 4596 οὖν
3329 4540 3510 4593 ἐλθεῖν
3557 4535 3640 4606 ἐφ’

2069 4651 2215 4720 ἡμᾶς
2240 4647 2339 4717 τὴν
2374 4643 2646 4716 βασιλείαν
2693 4637 2785 4694 τοῦ
2832 4637 2966 4692 Θεοῦ
2993 4636 3322 4705 αἱτήσωμεν,
3357 4630 3535 4684 ταῦτα
3578 4630 3640 4697 τῇ

2068 4741 2294 4811 δυνάμει
2316 4738 2408 4790 τὸν
2435 4736 2564 4789 Θεὸν
2595 4732 2924 4802 ἱκετεύομενο
2973 4725 3370 4795 Ἀπαλλαγείην
3387 4725 3489 4794 τῆς
3520 4721 3646 4790 φθο-

2075 4835 2205 4905 ρᾶς,
2243 4828 2661 4901 ἐλευθερωθείην
2707 4825 2799 4879 τοῦ
2850 4822 3078 4876 θανάτου
3101 4861 3118 4886 ,
3149 4820 3334 4879 ἄνετος
3383 4816 3643 4884 γενοίμην

2070 4924 2177 4978 τῶν
2226 4923 2325 4992 τῆς
2367 4919 2636 4992 ἁμαρτίας
2671 4915 2916 4986 δεσμῶν·
2947 4911 3139 4986 μηκέτι
3171 4908 3504 4979 βασιλευέτω
3530 4907 3642 4959 κατ’

2073 5015 2207 5088 ἐμοῦ
2245 5015 2274 5066 ὁ
2321 5013 2580 5075 θάνατος·
2617 5009 2812 5081 μηκέτι
2840 5005 3059 5077 ἐνεργὸς
3096 5003 3236 5056 ἔστω
3266 4999 3390 5053 καθ’
3417 4998 3578 5070 ἡμῶν
3613 4998 3643 5066 ἠ

2072 5107 2326 5180 τυραννὶς
2363 5106 2462 5174 τῆς
2510 5103 2739 5165 κακίας,
2787 5100 2881 5153 καὶ
2922 5097 2998 5168 μὴ
3031 5091 3450 5163 κατακρατείτω
3495 5089 3643 5159 μοοὸ

2077 5200 2343 5269 πόλεμος,
2381 5195 2516 5267 μηδέ
2550 5194 2729 5262 ἀγέτω
2781 5208 2846 5262 με
2875 5190 2940 5242 δι’
2970 5185 3238 5258 ἁμαρτίας
3267 5181 3642 5252 αἰχμάλωτον

2076 5293 2190 5346 ἀλλ’
2219 5290 2418 5344 ἐλθέτω
2445 5288 2530 5342 ἐπ’
2559 5287 2659 5357 ἐμὲ
2682 5287 2715 5353 ἡ
2747 5282 2989 5354 βασιλεία
3026 5297 3140 5344 σου,
3177 5278 3266 5330 ἵνα
3313 5275 3645 5344 ὑποχωρήσῃ

2076 5383 2170 5438 ἀπ’
2219 5381 2383 5453 ἐμοῦ,
2439 5378 2635 5450 μᾶλλον
2674 5377 2730 5430 δέ
2775 5377 2854 5438 είς
2888 5373 2947 5427 τὸ
2987 5373 3061 5444 μὴ
3091 5369 3150 5424 ὃν
3183 5368 3556 5438 μεταχωρήσῃ
3583 5363 3644 5416 τά

2077 5475 2172 5528 νῦν
2210 5470 2606 5543 ἐπικρατοῦντα
2650 5469 2744 5521 καὶ
2785 5463 3134 5537 βασιλεύοντα
3186 5458 3355 5527 πάθη.
3414 5458 3507 5520 Ὦς
3547 5455 3645 5523 γὰρ

2079 5563 2318 5618 ἐκλείπει
2342 5559 2546 5623 καπνὸς
2567 5599 2580 5622 ,
2612 5556 2783 5618 οὕτως
2812 5553 3118 5622 ἐκλείψουσι
3138 5567 3154 5582 ο
3195 5549 3289 5604 καὶ
3316 5546 3393 5608 ὡς
3427 5547 3646 5614 τήκεται
