3756 5988
88 218 228 271 1157

1054 209 1140 266 DE
1173 208 1524 268 ORATIONE
1560 206 1909 265 DOMINICA.
1950 237 2023 250 -—
2056 206 2319 264 ORATIO
2359 204 2442 262 ΠΙ.

3225 207 3360 263 “58

81 330 260 400 κηρὸς
284 329 395 382 ἀπὸ
418 328 713 400 προσώπου
743 327 935 399 πυρὸς,
961 325 1136 391 οὕτως
1163 328 1510 384 ἀπολοῦνται.
1537 329 1564 382 C

1884 342 1956 390 m,
1992 334 2052 381 ut
2094 327 2353 381 recedant
2384 334 2438 380 et
2465 331 2852 380 removeantur
2891 339 2920 378 a
2951 338 3061 388 me,
3089 322 3202 380 imo
3229 341 3360 380 vero

83 421 300 484 καπνὸς
327 419 611 490 ἀναχεθεὶς
637 421 717 483 εἰς
743 421 833 472 τὸν
861 422 1020 491 ἀέρα,
1061 421 1286 492 σημεῖόν
1322 438 1374 475 τι
1414 424 1512 492 τῆς
1536 421 1673 482 ἰδίας

84 509 448 563 ὑπολείπεται
476 509 722 576 φύσεως,
768 507 890 562 οὕτε
931 509 1098 580 κηρὸς
1130 511 1187 562 ἐν
1217 511 1350 580 πυρὶ
1387 508 1674 577 γενόμενος

85 601 166 654 ἔτι
198 601 552 672 εὑρίσκεται·
584 598 719 653 ἀλλά
753 601 843 653 καὶ
875 595 1028 664 οὗτος
1057 601 1154 672 τὴν
1181 601 1354 670 φλόγα
1380 601 1446 655 δι’
1480 599 1674 655 ἑαυτοῦ

86 690 322 761 θρέψας,
351 692 431 752 είς
451 690 620 761 ἀτμὸν
650 691 744 744 καὶ
767 690 904 762 ἀέρα
933 691 1284 763 μετεποιήθη,
1312 692 1406 744 καὶ
1428 690 1676 754 ὁκαπνὸς

88 785 168 846 είς
201 782 446 852 παντελῆ
485 784 790 853 ἀφανισμὸν
833 782 1247 854 μετεχώρησεν·
1303 784 1474 848 οὕτως
1508 785 1601 838 ἐὰν
1640 785 1675 856 ὴ

92 873 343 942 βασιλεία
371 874 465 926 τοῦ
497 874 632 926 Θεοῦ
665 874 750 942 ἐφ’
780 876 925 944 ἡμᾶς
962 875 1111 946 ἔλθῃ,
1140 876 1319 930 πάντα
1346 876 1414 930 τά
1436 875 1531 929 νῦν
1561 877 1680 928 ἐπι-

91 964 436 1036 κρατοῦντα,
489 966 569 1027 είς
619 966 927 1035 ἀφανισμὸν
988 967 1394 1037 περιστήσεται.
1449 966 1524 1020 Οὐ
1569 965 1678 1037 γὰρ

92 1057 363 1126 ὑπομένει
408 1055 468 1107 τὸ
506 1055 694 1117 σκότος
729 1055 827 1126 τὴν
875 1055 970 1108 τοῦ
1015 1055 1193 1123 φωτὸς
1243 1055 1576 1127 παρουσίαν·
1615 1055 1676 1108 οὐ

89 1148 247 1209 νόσος
299 1146 487 1214 ὑγείας
532 1146 897 1218 ἐπιλαϐούσης
926 1147 1159 1199 ἵσταται·
1208 1147 1309 1201 οὐκ
1357 1149 1570 1218 ἐνεργεῖ
1610 1145 1678 1199 τὰ

89 1239 242 1310 πάθη
290 1239 400 1308 τῆς
447 1237 712 1301 ἀπαθείας
755 1238 1056 1310 παρούσης,
1103 1238 1329 1310 φροῦδος
1360 1240 1388 1292 6
1419 1239 1676 1305 θάνατος,

89 1332 309 1402 ἀφανὴς
342 1333 375 1401 ἠ
423 1331 620 1402 φθορὰ,
659 1332 786 1384 ὅταν
817 1333 851 1402 ἡ
876 1331 988 1400 ζωὴ
1012 1333 1070 1385 ὲν
1108 1333 1238 1401 ἡμῖν
1266 1330 1555 1403 βασιλεύῃ,
1585 1331 1680 1384 καὶ

89 1425 382 1494 ἁφθαρσία
410 1425 470 1476 τὸ
503 1424 702 1495 κράτος
731 1424 849 1496 ἔχῃ.
893 1424 1138 1478 Ἐλθέτω
1161 1427 1200 1492 ἡ
1225 1425 1514 1489 ,Βασιλεία
1539 1439 1676 1479 σου.

101 1515 160 1567 'll
192 1515 420 1582 γλυκεῖα
451 1516 635 1585 φωνή·
665 1513 730 1566 δι’
769 1507 836 1584 ἦς
876 1512 1078 1582 ταύτην
1107 1513 1365 1583 ἄντικρυς
1409 1511 1682 1581 προσάγο-

93 1622 194 1671 μεν
235 1603 314 1674 τῷ
351 1602 470 1671 Θεῷ
501 1601 596 1673 τὴν
624 1602 808 1671 δέησιν
827 1617 840 1630 ⁸
872 1601 1246 1670 Καταλυθήτω
1267 1603 1300 1671 ἠ
1329 1601 1675 1671 ἀντικειμένη

91 1672 436 1767 παράταξις·
476 1672 826 1763 ἀφανισθήτω
861 1691 970 1744 τῶν
1010 1690 1322 1760 ἀλλοφύλων
1357 1693 1390 1762 ἠ
1429 1691 1672 1760 φάλαγξ¹,
1710 1672 1752 1727 Β

91 1786 440 1857 ἀναιρεθήτω
474 1785 574 1854 τῆς
601 1783 811 1856 σαρκὸς
855 1785 882 1836 6
921 1782 1066 1837 κατά
1108 1782 1203 1836 τοῦ
1236 1783 1546 1854 πνεύματος
1578 1783 1677 1836 πό-

90 1883 289 1952 λεμος·
337 1882 413 1952 μὴ
457 1880 598 1933 ἔστω
637 1880 698 1932 τὸ
739 1879 896 1950 σῶμα
934 1879 1028 1932 τοῦ
1071 1878 1326 1949 πολεμίου
1359 1880 1459 1949 τῆς
1498 1879 1676 1949 ψυχῆς

93 1974 468 2046 ὁρμητήριον,
510 1972 826 2042 ὲπιφανήτω
860 1989 948 2042 μοι
983 1971 1233 2042 βασιλικὴ
1274 1971 1592 2034 δυναστεία,
1637 1973 1671 2042 ἡ

96 2067 368 2134 ἁγγελικὴ
399 2065 541 2135 χεὶρ,
565 2066 617 2117 αί
649 2063 886 2134 χιλιάδες
904 2062 1012 2115 τῶν
1037 2062 1385 2126 εὐθυνόντων,
1422 2064 1454 2131 ἡ
1480 2061 1678 2133 μυριὰς

93 2158 204 2211 τῶν
242 2157 388 2211 κατά
424 2157 486 2210 τδ
517 2155 688 2222 δεξιὸν
717 2154 1163 2224 παρισταμένων,
1206 2153 1292 2206 ἵνα
1323 2152 1463 2226 πέσῃ
1492 2155 1556 2206 ὲκ
1584 2150 1677 2206 τοῦ

96 2249 488 2319 ἀντικειμένου
536 2246 751 2310 κλίτους
789 2248 822 2316 ἡ
874 2244 1053 2315 χιλιὰς
1100 2243 1208 2297 τῶν
1263 2243 1675 2314 πολεμούντων·

92 2345 265 2405 πολὺς
294 2344 321 2394 6
345 2340 637 2403 ἀντίπαλος
658 2379 671 2399 ,
707 2338 841 2391 ἀλλά
873 2339 987 2400 τοῖς
1021 2337 1248 2407 ἐρήμοις
1272 2335 1374 2406 τῆς
1417 2336 1516 2405 σῆς
1544 2353 1681 2405 συμ-

97 2433 304 2505 μαχίας
317 2431 488 2494 δεινός
511 2448 570 2483 τε
592 2430 684 2484 καὶ
706 2429 1148 2498 ἁκαταμάχητος,
1173 2425 1285 2480 ἀλλ’
1313 2425 1417 2487 ἕως
1433 2423 1497 2478 ἂν
1522 2424 1679 2494 μόνος

93 2529 121 2579 ὁ
166 2523 578 2593 πολεμούμενος
718 2519 936 2574 ὲπειδάν
967 2519 1023 2572 δὲ
1051 2521 1083 2590 ή
1115 2518 1181 2589 σὴ
1214 2516 1459 2588 βασιλεία
1498 2518 1639 2586 φανῇ
1661 2558 1676 2582 ,

96 2615 314 2684 ἀπέδρα
356 2612 500 2683 λύπη
545 2613 638 2665 καὶ
665 2610 966 2680 στεναγμός
987 2624 1000 2637 ·
1029 2607 1432 2678 ἀντεισέρχεται
1460 2606 1516 2660 δὲ
1542 2605 1676 2677 ζωὴ,

97 2705 190 2756 καί
213 2704 429 2772 εἰρήνη,
454 2701 546 2753 καὶ
572 2699 904 2770 ἀγαλλίαμα.

1775 419 1844 475 ad
1887 417 2118 472 nihilum
2151 418 2493 489 redigantur,
2524 433 2646 486 quae
2668 431 2816 470 nunc
2847 416 3136 485 imperium
3173 425 3359 470 tenent

1772 517 1826 565 et
1861 516 2095 578 regnant
2143 511 2298 572 vitia,
2348 516 2513 579 atque
2559 505 2810 582 alfectus.
2864 504 2933 560 Ut
2983 507 3128 561 enim
3177 505 3361 561 deﬁcit

1774 602 1980 664 fumus,
2031 600 2106 654 ita
2158 599 2438 664 deficient,
2485 607 2538 654 et
2583 606 2641 652 ut
2691 598 2949 667 liquescit
3001 613 3126 652 cera
3172 612 3357 651 coram

1775 692 1921 762 igne,
1961 691 2038 746 ita
2088 691 2370 761 peribunt.
2408 690 2593 760 Neque
2625 692 2771 746 enim
2821 691 3007 744 fumus
3049 691 3269 744 refusus
3304 691 3358 743 in

1778 799 1959 839 aerem
2012 785 2231 856 signum
2264 784 2485 852 aliquod
2535 799 2647 838 sua:
2678 783 2939 852 relinquit
2990 791 3222 845 natura),
3266 798 3360 836 ne-

1776 889 1884 945 que
1915 890 2065 941 cera,
2099 891 2222 946 quae
2251 876 2305 928 iu
2334 876 2460 945 igne
2500 875 2623 939 fuit,
2658 875 2894 944 amplius
2919 874 3232 944 reperitur:
3263 872 3360 928 sed

1777 974 1832 1019 et
1871 965 1985 1018 hac
2020 982 2146 1020 cum
2197 966 2473 1019 ﬂammam
2522 981 2623 1020 suo
2651 967 3010 1020 nutrimento
3041 967 3258 1030 aluerit,
3303 966 3360 1020 in

1778 1069 2034 1125 vaporem
2078 1064 2132 1110 et
2162 1071 2340 1110 aerem
2372 1054 2801 1118 transfunditur,
2853 1063 2909 1108 ει
2930 1054 3114 1109 lumus
3148 1059 3212 1108 ad
3249 1056 3362 1124 ple-

1779 1161 1904 1201 nam
1949 1147 2306 1201 abolitionem
2366 1147 2634 1216 redigitur
2669 1146 2782 1200 :ita
2832 1147 2876 1201 si
2929 1162 3093 1214 super
3129 1163 3227 1200 nos
3276 1163 3362 1202 rc—

1779 1254 1944 1309 gnum
1991 1238 2086 1292 Dei
2126 1238 2360 1300 venerit,
2416 1238 2625 1301 omnia,
2668 1253 2788 1307 quae
2823 1253 2969 1291 nunc
3002 1238 3361 1292 dominantur

1782 1345 1847 1384 ac
1895 1329 2262 1399 principatum
2307 1337 2514 1396 tenent,
2566 1330 2632 1384 ad
2685 1329 2966 1384 interitum
3021 1331 3359 1400 redigentur.

1779 1420 1900 1474 Non
1920 1420 2072 1474 ’enim
2100 1420 2341 1474 tenebrae
2373 1421 2718 1490 praesentiam
2745 1420 2884 1475 lucis
2918 1421 3194 1478 sustinent
3217 1440 3230 1476 :
3253 1437 3362 1476 non

1782 1511 2011 1566 morbus
2054 1511 2292 1565 sanitate
2327 1511 2746 1580 superveniente
2784 1511 3039 1566 consistit
3071 1526 3217 1566 :non
3253 1513 3362 1567 vim

1787 1618 1942 1658 suam
1976 1601 2203 1657 alfectus
2241 1609 2296 1657 et
2332 1602 2779 1672 perturbationes
2819 1610 3097 1670 exercent,
3141 1604 3363 1674 impati-

1781 1695 1992 1749 bilitate
2045 1702 2099 1748 et
2150 1695 2346 1747 horum
2395 1695 2668 1748 malorum
2721 1695 2996 1750 vacuitate
3047 1706 3363 1766 praesente:

1781 1799 1924 1838 vana
1968 1793 2134 1854 atque
2174 1783 2392 1840 deserta
2443 1800 2594 1841 mors
2641 1794 2749 1850 est,
2789 1803 2818 1840 ε
2854 1786 3036 1841 medio
3083 1790 3365 1858 corruptio

1781 1876 2042 1940 excessit,
2084 1892 2210 1930 cum
2255 1877 2363 1930 vita
2401 1877 2456 1930 in
2505 1877 2664 1932 nobis
2698 1886 2908 1946 regnat,
2945 1889 3000 1934 et
3031 1879 3365 1950 incorrupti-

1781 1967 1970 2023 bilitas
2033 1967 2322 2036 imperium
2381 1975 2551 2022 tenet.
2614 1967 2867 2022 Adveniat
2919 1986 3134 2040 regnum
3194 1980 3362 2026 tuum.

1785 2059 1974 2112 Dulcis
2001 2059 2144 2112 vox‘:
2176 2073 2274 2127 per
2299 2072 2462 2128 quam
2501 2058 2643 2112 hanc
2677 2061 2834 2129 plane
2857 2061 3227 2129 precationem
3255 2061 3365 2118 Deo

1786 2149 2066 2206 offerimus
2120 2169 2134 2203 :
2191 2147 2496 2219 Rumpatur
2563 2151 2709 2206 acies
2764 2152 3068 2221 opposita:
3118 2154 3365 2210 deleatur

1788 2241 2220 2310 alienigenarum
2275 2241 2538 2311 phalanx,
2590 2242 2884 2297 dirimatur
2930 2243 3131 2298 bellum
3179 2247 3366 2302 carnis

1788 2332 2054 2388 adversus
2087 2333 2339 2403 spiritum
2373 2351 2387 2389 :
2416 2349 2485 2389 ne
2523 2349 2726 2405 corpus
2758 2335 2953 2390 animae
2979 2336 3158 2393 hostis
3191 2354 3286 2392 arx
3313 2349 3368 2393 et

1786 2423 2198 2491 receptaculum
2225 2423 2330 2489 sit;
2359 2434 2620 2494 appareat
2642 2426 2773 2480 mihi
2807 2427 2993 2497 regius
3018 2438 3359 2498 potentatus,

1786 2513 2033 2584 angelica
2095 2528 2331 2576 manus,
2383 2514 2638 2570 cohortes
2702 2517 3007 2586 regentium
3066 2537 3080 2572 :
3137 2519 3280 2590 legio
3336 2536 3368 2574 a

1785 2603 2000 2658 dextris
2034 2604 2435 2671 assistentium,
2485 2614 2545 2660 ut
2583 2606 2780 2661 cadant
2809 2623 2874 2662 ex
2911 2611 3161 2678 opposita
3215 2620 3370 2682 parte

1794 2696 2156 2766 pugnantium
2205 2697 2391 2751 decem
2449 2698 2662 2752 millia:
2698 2715 2928 2754 numero
2957 2702 3121 2771 pollet
3168 2719 3232 2758 ac
3275 2721 3368 2758 ve-

97 2797 327 2850 ltemens
359 2802 443 2848 est
476 2792 844 2854 adversarius,
891 2791 986 2846 sed
1020 2796 1118 2845 tuo
1160 2789 1364 2843 auxilio
1395 2786 1672 2844 destitutis
1711 2801 1838 2844 acer
1881 2799 1934 2844 et
1990 2790 2252 2858 invictus,
2291 2791 2387 2846 sed
2452 2791 2697 2862 quandiu
2752 2793 2902 2849 solus
2957 2794 3121 2850 fuerit
3156 2797 3224 2863 is,
3275 2799 3369 2867 qui

99 2886 241 2940 bello
274 2891 530 2954 petatur:
566 2898 687 2937 cum
763 2890 944 2937 autem
1018 2891 1170 2936 tuum
1231 2895 1460 2952 regnum
1528 2880 1864 2949 apparuerit,
1915 2880 2124 2936 recedit
2167 2881 2348 2949 dolor,
2395 2883 2642 2948 tristitia,
2687 2893 2741 2939 et
2774 2885 3010 2956 gemitus
3045 2903 3060 2939 :
3097 2896 3262 2956 atque
3311 2889 3367 2941 in

98 2996 291 3038 eorum
331 2981 509 3034 locum
541 2979 672 3044 vita,
700 2993 831 3049 pax,
871 2985 926 3034 et
964 2977 1258 3033 exsultatio
1287 2975 1610 3033 succedunt.

165 3067 242 3128 Ἦ
277 3071 458 3135 καθὼς
495 3073 628 3143 ἡμῖν
660 3071 763 3125 ὑπὸ
792 3070 886 3124 τοῦ
925 3073 1109 3125 Λουκᾶ
1139 3070 1199 3124 τὸ
1224 3070 1356 3123 αὐτὸ
1379 3069 1554 3140 νόημα
1586 3086 1648 3121 σα

1888 3084 1936 3122 ιη
1982 3066 2240 3134 forsitan,
2277 3073 2338 3121 ut
2377 3082 2408 3122 a
2451 3065 2600 3122 Luca
2645 3068 2806 3123 nobis
2856 3067 3000 3124 idem
3058 3069 3371 3129 intellectus

99 3167 366 3237 σέστερον
402 3163 780 3237 ἑρμηνεύεται,
811 3166 838 3218 6
864 3164 961 3236 τὴν
992 3163 1266 3235 βασιλείαν
1295 3161 1467 3216 ἐλθεῖν
1496 3161 1682 3228 ἀξιῶν,

100 3259 199 3327 τὴν
253 3256 350 3310 τοῦ
403 3257 556 3324 ἁγίου
617 3255 929 3326 Πνεύματος
1003 3255 1319 3325 συμμαχίαν
1367 3254 1682 3320 ὲπιϐοᾶται;

103 3349 295 3411 υῦτως
340 3347 449 3418 γὰρ
487 3341 544 3400 ὲν
585 3347 778 3418 ἐκείνῳ
834 3345 1153 3418 Εὐαγγελίῳ
1204 3347 1388 3419 φησιν,
1422 3347 1543 3400 ἀντ)⁵
1591 3345 1685 3399 τοῦ

113 3439 370 3494 Ἐλθέτω
390 3440 426 3507 ἡ
446 3439 732 3503 ,βασιλεία
760 3454 902 3504 σου,
937 3438 1208 3502 Ἐλθέτω,
1249 3438 1402 3518 φησι,
1425 3437 1490 3490 τὸ
1516 3436 1688 3507 ἅγιον·

102 3532 347 3602 Πνεῦμά
381 3547 498 3585 σου
525 3532 615 3600 ἐφ’
649 3530 826 3601 ἡμᾶς,
856 3531 953 3586 καὶ
994 3533 1368 3601 καθαρισάτω
1404 3529 1580 3599 ἡμᾶς.
1621 3529 1687 3582 Τί

105 3624 321 3692 ἐροῦσιν
369 3624 416 3675 οξ
447 3621 948 3694 θρασυστομοῦντες
1003 3624 1142 3694 πρὸς
1191 3622 1362 3675 ταῦτα
1410 3621 1550 3675 κατά
1591 3621 1686 3674 τοῦ

106 3714 424 3784 Πνεύματος
450 3711 544 3765 τοῦ
576 3712 760 3780 ἀγίου;
791 3713 910 3766 Τίνι
941 3713 1146 3784 διανοίᾳ
1167 3712 1264 3786 τὴν
1287 3713 1386 3783 τῆς
1415 3712 1690 3783 βασιλείας

104 3805 262 3870 ἀξίαν
311 3805 391 3866 είς
441 3803 802 3874 ταπεινότητα
855 3803 1098 3866 δουλείας
1149 3801 1686 3875 μετασκευάζουσιν;

109 3898 173 3947 '0
202 3895 314 3965 γὰρ
343 3895 558 3955 Λουκᾶς
607 3893 706 3963 μὲν
737 3894 962 3964 Πνεῦμα
1001 3894 1155 3963 ἅγιον
1203 3895 1372 3962 λέγει,
1412 3894 1690 3956 Ματθαῖος

102 3985 156 4039 δὲ
185 3985 466 4056 βασιλείαν
492 3984 764 4054 ὠνόμασε,
795 3985 912 4048 πῶς
941 3987 1021 4048 είς
1046 3984 1146 4056 τὴν
1174 3985 1481 4056 ὑποχείριον
1513 3985 1690 4038 κτίσιν

105 4071 464 4125 κατασπῶσιν
496 4073 545 4123 οἱ
587 4070 868 4143 θεομάχοι,
913 4074 1032 4126 ἀντὶ
1067 4074 1166 4142 τῆς
1203 4073 1589 4146 βασιλευούσης
1622 4077 1689 4145 τῇ

107 4162 500 4235 βασιλευομένῃ
557 4164 1092 4230 συγκατατάσσοντες
1149 4165 1339 4233 φύσει;
1402 4167 1467 4220 Ἠ
1516 4166 1692 4231 κτίσις

105 4251 370 4313 δουλεύει,
418 4254 452 4320 ἡ
500 4251 556 4303 δὲ
608 4251 819 4304 δουλεία
881 4250 1125 4320 βασιλεία
1159 4253 1258 4306 οὐκ
1304 4251 1470 4306 ἔστιν.
1517 4253 1590 4304 Τὸ
1634 4251 1692 4306 δὲ

105 4343 336 4413 Πνεῦμα
364 4343 425 4396 τὸ
473 4343 624 4412 ἆγιον
673 4344 922 4414 βασιλεία
947 4346 1110 4398 ἐστίν.
1150 4343 1360 4398 Οὐκοῦν
1404 4343 1506 4412 τῆς
1553 4343 1693 4397 κατά

1787 3159 2005 3230 planius
2050 3158 2379 3229 explicatur,
2431 3158 2479 3213 is
2517 3158 2609 3229 qui
2656 3165 2798 3222 orat,
2839 3166 2899 3213 ut
2945 3177 3172 3231 regnum
3212 3164 3371 3218 adve—

1788 3252 1923 3313 niat,
1961 3250 2227 3305 auxilium
2279 3250 2455 3306 sancti
2489 3249 2730 3320 Spiritus
2770 3251 3066 3321 implorat?
3126 3252 3262 3308 Nam
3325 3259 3371 3311 is

1788 3339 1845 3393 in
1886 3339 1981 3393 illo
2016 3337 2334 3410 Evangelio,
2373 3354 2471 3409 pro
2500 3353 2586 3404 eo,
2628 3338 2774 3408 quod
2807 3347 2911 3400 est,
2939 3334 3126 3393 Veniat
3151 3359 3367 3412 regnum

1790 3439 1936 3484 tuum
1958 3469 1973 3496 ,
2013 3429 2275 3485 Adveniat
2297 3472 2312 3496 ,
2347 3429 2564 3499 inquit,
2615 3440 2825 3484 sanctus
2858 3428 3092 3497 Spiritus
3132 3441 3251 3486 tuus
3281 3451 3372 3488 eu-

1787 3536 1880 3589 per
1919 3537 2045 3587 nos,
2091 3529 2140 3574 et
2169 3520 2412 3588 puriﬁcet
2460 3535 2575 3572 nos.
2632 3517 2771 3584 Quid
2819 3521 3124 3574 temerariae
3172 3523 3371 3592 linguae

1791 3611 2044 3667 homines
2093 3611 2163 3665 ad
2213 3611 2329 3665 haec
2387 3609 2575 3664 dicent
2627 3609 2695 3665 de
2744 3609 2953 3679 Spiritu
3006 3615 3369 3685 sancto?qua

1789 3712 1991 3767 mente,
2022 3718 2134 3773 qua
2171 3703 2465 3766 sententia,
2493 3716 2672 3771 quove
2717 3703 2996 3758 intellectu
3045 3706 3249 3775 regiam
3287 3709 3372 3762 di-

1791 3797 2050 3866 gnitatem
2088 3795 2157 3850 ad
2191 3794 2554 3849 humilitatem
2580 3794 2832 3850 servilem
2863 3795 3194 3852 traducunt?
3233 3799 3368 3855 Nam

1790 3885 2069 3957 quomodo
2095 3885 2287 3942 hostes
2317 3885 2413 3942 Dei
2440 3885 2516 3949 id,
2546 3886 2695 3956 quod
2732 3885 2912 3942 Lucas
2939 3888 3160 3958 quidem
3198 3891 3374 3962 Spiri-

1791 3989 1908 4035 tum
1951 3991 2202 4036 sanctum
2243 3979 2396 4047 dicit,
2447 3982 2731 4039 Matthaaus
2763 3991 2947 4040 autem
2997 3999 3226 4056 regnum
3267 4003 3373 4043 no-

1792 4072 2040 4136 minavit,
2076 4073 2144 4128 ad
2181 4073 2460 4128 subditam
2491 4081 2743 4130 naturam
2787 4075 3106 4144 detrahunt,
3141 4079 3258 4134 vice
3285 4094 3372 4134 re-

1792 4167 2014 4236 gnantis
2072 4180 2196 4220 cum
2253 4181 2336 4230 ea,
2389 4181 2511 4236 quae
2562 4182 2735 4238 regno
2786 4169 3006 4224 subdita
3055 4177 3139 4225 est
3177 4181 3372 4227 natura

1794 4257 2166 4312 collocantes?
2203 4257 2468 4311 Creatura
2517 4261 2710 4322 servit,
2757 4268 2813 4314 at
2855 4261 3095 4317 servitus
3143 4278 3373 4333 regnum

1795 4363 1901 4402 non
1952 4357 2055 4403 est.
2115 4346 2356 4418 Spiritus
2404 4357 2586 4405 autem
2633 4359 2861 4407 sanctus
2900 4367 3128 4422 regnum
3175 4363 3282 4409 est.
3329 4357 3374 4410 Α

105 4432 199 4503 τὴν
235 4432 416 4485 κτίσιν
448 4434 728 4498 κοινωνίας
773 4433 1118 4505 κεχώρισται.
1162 4436 1226 4487 Ὃ
1261 4434 1368 4506 γὰρ
1394 4435 1588 4504 βασιλει

1892 4439 2190 4494 nmunione
2225 4440 2394 4509 igitur
2421 4449 2587 4511 atque
2619 4443 2882 4498 societate
2917 4454 3184 4500 creatura:
3215 4461 3375 4516 sepa-

106 4525 162 4576 ού
215 4523 591 4594 βασιλεύεται·
623 4525 650 4578 ὃ
696 4525 751 4577 δὲ
803 4525 876 4596 μὴ
931 4524 1296 4595 βασιλεύεται,
1344 4525 1464 4578 οὐδὲ
1513 4526 1688 4590 κτίσις

108 4617 276 4670 ἐστίν.
311 4615 473 4668 Ἰδιον
507 4615 614 4687 γὰρ
643 4616 742 4687 τῆς
772 4617 1005 4679 κτίσεως
1031 4615 1092 4668 τὸ
1119 4616 1389 4670 δουλεύειν
1428 4617 1600 4673 ἐστίν.
1626 4619 1690 4671 Ei

107 4705 199 4762 οὖν
226 4708 477 4779 βασιλεία
507 4708 568 4762 τὸ
599 4709 844 4780 Πνεῦμα,
890 4709 1007 4773 πῶς
1043 4710 1142 4780 οὐχ
1179 4710 1569 4781 ὁμολογήσουσι
1592 4710 1691 4780 τὴν

108 4800 449 4864 δεσποτείαν,
477 4802 525 4854 οἱ
558 4801 693 4873 μηδὲ
738 4800 1134 4872 προσεύχεσθαι
1179 4801 1398 4856 πώποτε
1441 4802 1690 4874 μεμαθη-

110 4892 298 4958 κάτες;
325 4893 388 4945 Οἱ
423 4892 558 4963 μηδὲ
590 4893 810 4957 εἰδότες,
838 4893 922 4957 τίς
949 4894 979 4946 6
1017 4893 1326 4965 καθαρίζων
1345 4895 1406 4948 τὸ
1439 4911 1694 4949 κεκοινω-

115 4986 312 5055 μένονς
345 4984 441 5045 Τίς
463 4984 519 5036 δὲ
549 4985 578 5036 6
604 4985 704 5056 τῆς
733 4985 1006 5056 βασιλείας
1032 4986 1400 5057 ἐξηρτημένος
1421 4987 1516 5058 τὴν
1544 4988 1694 5055 ὲξου-

114 5072 266 5137 σίαν;
303 5071 557 5126 Ἐλθέτω
575 5073 641 5126 τὸ
666 5072 838 5143 ἅγιον
856 5072 1100 5142 Πνεῦμά
1119 5089 1254 5136 σου,
1286 5076 1438 5143 φησι,
1469 5075 1566 5128 καί
1596 5093 1696 5130 κα-

113 5164 411 5235 θαρισάτω
447 5165 620 5236 ἡμᾶς.
656 5165 866 5220 Οὐκοῦν
903 5167 1008 5221 ίδία
1041 5184 1100 5219 τε
1149 5167 1244 5220 καὶ⁵
1284 5166 1560 5238 ἐξαίρετος
1601 5167 1696 5221 τοῦ

113 5258 270 5326 ἁγίου
310 5255 628 5328 Πνεύματος
650 5257 877 5328 δύναμίς
898 5276 958 5311 τε
997 5259 1093 5314 καὶ
1129 5259 1402 5329 ἐνέργεια.
1423 5260 1484 5313 τὸ
1507 5260 1699 5314 καθαί-

119 5365 230 5417 ρειν
258 5363 319 5400 τε
350 5347 446 5400 καὶ
476 5349 694 5416 ἀφιέναι
725 5349 826 5412 τὰς
856 5349 1151 5420 ἁμαρτίας,
1179 5350 1255 5412 ὡς
1283 5351 1312 5403 6
1347 5350 1697 5418 εύαγγελικὸς

119 5439 272 5507 λόγος
301 5439 656 5510 μαρτύρεται.
682 5439 889 5493 Οὐκοῦν
917 5443 945 5495 ό
961 5440 1060 5512 τὴν
1081 5442 1310 5512 δύναμιν
1331 5441 1428 5513 τῆς
1452 5441 1697 5509 ἀφέσεως

117 5532 266 5603 αὐτῷ
318 5533 427 5585 τῶν
477 5533 761 5603 ἁμαρτιῶν
809 5533 1192 5606 μαρτυρήσας,
1249 5534 1696 5606 συνεμαρτύρησε

118 5629 336 5689 πάντως
362 5623 512 5696 αὐτῷ
538 5625 639 5694 τὴν
661 5623 905 5695 θεότητα.
938 5625 1010 5678 Τὸ
1027 5625 1083 5677 δὲ
1115 5627 1244 5680 αὐτὸ
1269 5625 1424 5680 τοῦτο
1452 5626 1544 5680 καὶ
1571 5628 1695 5696 περὶ

1797 4535 1952 4582 ratus
1980 4536 2085 4582 est.
2122 4527 2276 4593 Quod
2311 4529 2456 4584 enim
2496 4537 2709 4600 regnat,
2743 4545 2911 4602 regno
2939 4532 3219 4589 subditum
3264 4551 3374 4590 non

1796 4627 1881 4674 est
1919 4635 1933 4673 :
1969 4617 2118 4688 quod
2171 4628 2356 4675 autem
2416 4635 2587 4691 regno
2636 4622 2918 4678 subditum
2973 4641 3083 4680 non
3145 4637 3248 4692 est,
3308 4645 3377 4685 ne

1797 4720 2054 4766 creatura
2107 4711 2324 4781 quidem
2373 4721 2478 4768 est.
2513 4711 2651 4768 Nam
2691 4716 2910 4772 .servire
2951 4726 3216 4773 creaturae
3248 4734 3378 4787 pro-

1798 4800 1981 4870 prium
2011 4809 2116 4858 est.
2153 4801 2210 4855 Si
2250 4802 2418 4872 igitur
2453 4801 2695 4872 Spiritus
2739 4812 2966 4862 sanctus
2997 4822 3223 4878 regnum
3269 4817 3377 4872 est,

1799 4892 1894 4962 qui
1930 4892 2008 4957 fit,
2039 4903 2100 4947 ut
2147 4908 2257 4948 non
2291 4894 2659 4950 conﬁteantur
2685 4896 3138 4963 dominationem,
3167 4900 3260 4970 qui
3307 4915 3376 4955 ne

1801 4999 1959 5040 orare
1987 4985 2212 5055 quidem
2248 5000 2490 5056 unquam
2540 4985 2884 5043 didicerunt?
2915 4989 3012 5059 qui
3059 5004 3128 5043 ne
3177 4999 3380 5044 norunt

1801 5074 2023 5144 quidem
2072 5074 2199 5144 quis
2249 5075 2323 5130 sit
2376 5075 2472 5144 qui
2529 5076 2781 5146 purificet
2833 5078 3214 5147 inquinatum?
3255 5082 3381 5151 quis

1802 5164 1936 5219 item
1983 5164 2032 5219 is
2073 5177 2104 5217 a
2155 5179 2266 5234 quo
2315 5165 2551 5235 pendeat
2587 5167 2743 5238 regni
2792 5168 3075 5237 potestas?
3119 5169 3380 5226 Adveniet

1804 5265 2018 5310 sanctus
2049 5256 2284 5324 Spiritus
2315 5267 2458 5320 tuus,
2487 5257 2687 5326 inquit,
2722 5269 2773 5313 et
2810 5261 3055 5330 puriﬁcet
3088 5278 3204 5316 nos.
3237 5261 3381 5334 Ergo

1805 5350 2026 5419 propria
2091 5350 2298 5418 pariter
2359 5359 2414 5403 et
2481 5349 2683 5404 eximia
2743 5351 3150 5422 peculiarisque
3205 5358 3380 5410 sancti

1807 5441 2050 5511 Spiritus
2096 5440 2274 5496 virtus
2307 5447 2361 5496 et
2409 5439 2650 5496 efﬁcacia
2686 5451 2788 5506 est.
2829 5451 2892 5498 ut
2935 5452 2990 5498 et
3023 5444 3293 5513 puriﬁcet,
3328 5454 3384 5502 et

1805 5533 2052 5588 remittat
2075 5541 2298 5603 peccata
2317 5551 2329 5586 :
2349 5533 2810 5604 quemadmodum
2829 5537 3176 5608 evangelicus
3201 5553 3382 5594 sermo

1804 5632 2058 5681 testatur.
2099 5625 2368 5691 Quocirca
2409 5626 2503 5696 qui
2550 5633 2780 5682 testatur
2819 5642 2945 5684 eum
2983 5627 3185 5686 habere
3223 5636 3382 5698 pote-
