3756 5988
408 191 540 249 1159

1629 184 1686 240 S.
1719 183 2039 240 GREGOBII
2079 185 2374 241 NYSSENI

3462 191 3601 247 “69

403 312 594 358 statem
649 301 955 358 remittendi
1009 308 1264 370 peccata,
1309 298 1470 354 simul
1513 300 1674 353 ctiam
1729 315 1950 368 prorsus

2067 298 2141 352 τοῦ
2172 300 2504 364 Μονογενοῦς
2531 316 2694 369 φησιν
2722 302 2750 352 ὁ
2795 301 3127 364 ’Δπόστολος,
3157 301 3238 354 ὅτι
3268 300 3604 371 καθαρισμὸν

399 409 522 447 cum
554 393 805 446 deitatem
857 393 1057 445 habere
1102 399 1350 445 testatur.
1404 391 1578 458 Atque
1623 390 1726 443 hoc
1772 390 1947 460 ipsum

294 549 302 562 ί
400 483 563 535 etiam
588 482 653 534 de
684 480 969 549 Unigenito
987 481 1060 534 ait
1087 481 1400 550 Apostolus,
1428 481 1568 550 quod
1602 490 1950 550 posteaquam

403 571 836 640 puriﬁcationem
889 581 1231 640 peccatorum
1287 571 1602 636 confecerit,
1649 570 1835 624 sedeat
1882 569 1949 623 ad

402 665 674 716 dexteram
716 662 1015 730 majestatis
1038 660 1236 715 Patris.
1271 659 1446 713 Unum
1479 660 1643 728 igitur
1668 660 1949 713 amborum

403 763 485 806 est
539 767 676 820 opus
735 760 789 806 et
844 747 1180 818 puriﬁcantis
1229 755 1509 816 peccaturo
1575 743 1836 815 Spiritus,
1899 753 1952 800 et

403 843 625 902 Christi,
675 841 764 908 qui
821 847 1158 908 peccatorum
1207 837 1630 907 puriﬁcationem
1683 837 1948 906 prmstitit.

411 932 530 1003 [(a)
584 931 824 996 Quorum
879 935 1060 983 autem
1111 942 1219 981 una
1265 927 1548 982 efﬁcientia
1595 934 1708 990 est,
1763 941 1950 981 eorum

409 1024 569 1077 etiam
610 1031 801 1076 natura
837 1035 1060 1088 prorsus
1087 1019 1273 1074 eadem
1302 1027 1403 1071 est.
1429 1015 1615 1071 Omnis
1643 1018 1784 1072 enim
1814 1018 1954 1070 actio

409 1111 685 1165 facultatis
714 1110 936 1164 effectus
973 1116 1076 1164 est.
1111 1107 1469 1172 Quamobrem
1507 1106 1553 1160 si
1603 1106 1747 1158 actio
1793 1111 1846 1158 ct
1876 1104 1956 1157 fa-

405 1203 586 1255 cultas
614 1208 696 1254 est
722 1214 850 1264 una,
883 1199 1153 1268 quomodo
1181 1207 1387 1250 natura:
1407 1194 1694 1249 diversitas
1727 1194 1952 1263 intelligi

405 1297 581 1360 potest
624 1289 676 1342 in
724 1290 854 1355 illis,
886 1291 936 1342 in
983 1288 1182 1357 quibus
1225 1287 1430 1340 nullum
1472 1284 1744 1339 facultatis
1789 1285 1956 1338 actio-

407 1382 599 1449 nisque
651 1379 943 1433 discrimen
1001 1375 1495 1446 deprehendimus?
1567 1373 1630 1428 Ut
1688 1374 1833 1428 enim
1889 1389 1952 1426 ex

407 1471 548 1538 ignis
575 1469 1015 1539 proprietatibus,
1063 1482 1184 1520 cum
1233 1464 1355 1518 dua:
1398 1464 1530 1526 sint,
1577 1461 1721 1533 quod
1756 1462 1956 1514 illumi-

407 1569 516 1621 net,
551 1568 604 1613 ct
650 1558 792 1627 quod
827 1557 1098 1620 incendat,
1141 1570 1250 1608 non
1300 1555 1425 1606 licet
1463 1553 1693 1620 subjecti
1732 1551 1955 1605 diversi-

2053 390 2160 444 τῶν
2187 391 2464 461 ἁμαρτιῶν
2506 392 2888 460 ποιησάμενος,
2937 391 3184 443 ἐκάθισεν
3237 394 3294 444 ἐν
3325 391 3468 461 δεξιᾷ
3509 392 3606 459 τῆς

2058 480 2423 550 μεγαλοσύνης
2472 479 2567 532 τοῦ
2614 480 2843 550 Πατρός.
2879 481 2973 532 Ἓν
3015 480 3191 534 τοίνυν
3223 481 3498 550 ἑκατέρων
3551 484 3608 533 τὸ

2053 572 2232 642 ἔργον,
2261 571 2354 624 τοῦ
2398 589 2456 623 τε
2501 571 2880 642 καθαρίζοντος
2911 572 3008 641 τὴν
3046 573 3320 642 ἁμαρτίαν
3355 572 3606 641 Πνεῦμα-

2053 680 2163 726 τος,
2187 663 2280 715 καὶ
2303 661 2396 714 τοῦ
2421 662 2512 714 τὸν
2535 663 2870 732 καθαρισμὸν
2887 663 2994 717 τῶν
3017 663 3300 732 ἁμαρτιῶν
3328 663 3608 732 πεποιηκό-

2055 767 2145 813 τος
2191 749 2444 819 Χριστοῦ.
2474 744 2575 802 Ὧν
2610 749 2665 802 δέ
2707 753 2740 820 ἡ
2776 751 3023 822 ἐνέργεια
3082 751 3201 820 μία,
3242 752 3336 803 καὶ
3386 750 3417 820 ἡ
3453 750 3609 817 φύσις

2057 840 2336 908 πάντωςή
2385 840 2522 909 αὑτὴ
2565 839 2766 892 τούτων
2819 842 2983 894 ἐστίν.
3018 842 3174 894 Πᾶσα
3205 829 3313 910 γὰρ
3363 839 3608 908 ἐνέργεια

2056 927 2332 997 δυνάμεώς
2362 930 2507 982 ἐστιν
2535 929 2896 1000 ἀποτέλεσμα.
2920 932 2984 983 El
3011 926 3104 983 οῦν
3133 931 3226 983 καὶ
3245 929 3493 999 ἐνέργεια
3521 932 3610 980 καὶ

2055 1017 2280 1087 δύναμις
2311 1018 2429 1087 μία,
2457 1018 2572 1081 πῶς
2595 1019 2738 1074 ἔστιν
2767 1019 3056 1090 ἑτερότητα
3077 1018 3284 1087 φύσεως
3311 1018 3525 1086 νοῆσαι,
3556 1019 3610 1068 ἐν

2057 1103 2138 1170 οἷς
2168 1107 2420 1176 οὐδεμίαν
2452 1109 2592 1160 κατὰ
2619 1109 2718 1178 τὴν
2747 1109 2971 1179 δύναμίν
2992 1127 3049 1162 τε
3080 1111 3174 1162 καὶ
3201 1109 3481 1180 ἐνέργειαν
3503 1108 3611 1159 δια-

2059 1197 2225 1267 φορὰν
2259 1197 2669 1268 ἐξευρίσκομεν;
2715 1199 2800 1262 Ὠς
2838 1199 2946 1268 γὰρ
2975 1200 3072 1252 οὐκ
3105 1199 3248 1251 ἔστιν
3277 1201 3337 1250 ἐν
3371 1200 3484 1260 τοῖς
3519 1196 3611 1248 τοῦ

2057 1286 2228 1355 πυρὸς
2267 1285 2566 1355 ίδιώμασιν,
2613 1288 2741 1340 ὅταν
2767 1287 2879 1352 δύο,
2923 1288 2984 1339 τὸ
3032 1287 3260 1356 φωτίζον
3306 1305 3365 1340 τε
3410 1288 3506 1339 καὶ
3553 1287 3612 1338 τὸ

2059 1374 2208 1426 καῖόν
2253 1375 2387 1438 ἐστι,
2426 1375 2486 1427 τὸ
2536 1377 2808 1429 κοινωνεῖν
2857 1377 3074 1447 νομίσαι
3118 1375 3212 1429 τοῦ
3251 1376 3610 1446 προκειμένου

2060 1462 2401 1531 ύπαλλαγήνο
2432 1461 2602 1524 οὕτως
2646 1462 2746 1514 ούκ
2772 1462 2834 1514 ἄν
2864 1480 2949 1526 τις
2988 1462 3260 1531 εύφρονῶν
3308 1462 3437 1530 μίαν
3465 1459 3614 1528 ἐνέρ-

2060 1569 2212 1619 γειαν
2248 1555 2312 1604 ἐκ
2353 1553 2453 1620 τῆς
2492 1551 2714 1622 Γραφῆς
2763 1553 3027 1622 διδαχθεὶς
3074 1551 3166 1605 τοῦ
3211 1551 3342 1604 Υἱοῦ
3382 1549 3479 1602 καὶ
3519 1547 3607 1602 τοῦ

407 1658 564 1702 tatem
596 1647 796 1701 inferre
825 1665 838 1698 :
865 1647 937 1698 ita
969 1659 1067 1699 nec
1106 1638 1270 1708 ullus,
1303 1643 1394 1712 qui
1422 1641 1661 1710 prudens
1707 1641 1799 1702 sit,
1833 1654 1954 1692 cum

2067 1641 2387 1710 Πνεύματος,
2418 1642 2676 1712 διαφοράν
2706 1659 2826 1694 τινα
2859 1641 3070 1711 φύσεως
3107 1643 3344 1695 ὑπονοεῖ.

417 1754 480 1794 ex
498 1754 560 1794 ea
585 1739 1309 1811 Scripturadidiceritunam
1332 1752 1453 1791 esse
1494 1735 1617 1789 Filii
1661 1741 1717 1790 et
1770 1734 2006 1804 Spiritus
2057 1735 2394 1791 cﬁicientiam
2421 1775 2436 1799 ,
2499 1745 2708 1791 natura:
2751 1737 3044 1792 discrimen
3106 1735 3326 1806 aliquod
3371 1732 3613 1802 suspica-

407 1829 602 1900 bitur.]

474 1919 591 1974 Jam
624 1933 752 1974 vero
790 1917 1217 1974 demonstratum
1271 1926 1353 1971 est
1388 1927 1544 1971 antca
1579 1917 1791 1986 piorum
1827 1934 1954 1975 sen-

408 2009 608 2070 tentiis,
643 2008 884 2064 eamdem
915 2024 1035 2064 esse
1080 2007 1134 2062 in
1184 2007 1342 2063 Patre
1382 2016 1434 2062 et
1489 2007 1624 2062 Filio
1684 2017 1956 2074 naturam,

407 2113 581 2166 neque
619 2097 730 2151 ﬁeri
761 2111 940 2166 posse,
973 2104 1030 2151 ut
1059 2112 1179 2167 quae
1207 2096 1406 2150 diversi
1435 2107 1562 2150 sunt
1591 2098 1832 2166 generis,
1865 2096 1956 2150 Dei

408 2185 628 2238 nomine
651 2185 1500 2255 appellentur:quemadmodum
1557 2185 1690 2240 fabri
1749 2185 1961 2255 lignarii

409 2275 550 2330 ﬁlius
576 2290 683 2329 non
713 2275 912 2329 dicitur
942 2290 1243 2339 scamnum,
1301 2291 1476 2344 neque
1524 2276 1764 2345 prudens
1820 2276 1962 2330 ullus

408 2364 604 2418 dixerit
639 2364 706 2418 ab
744 2365 1042 2418 architecto
1067 2365 1232 2419 ﬁlium
1267 2380 1388 2419 esse
1429 2372 1825 2428 construCtum,
1865 2364 1960 2420 sed

415 2453 532 2519 ipsa
566 2452 658 2506 ﬁlii
681 2461 734 2507 et
761 2455 929 2522 patris
955 2455 1312 2524 appellatione
1340 2453 1486 2524 quod
1535 2455 1832 2510 secundum
1863 2469 1962 2509 na-

410 2550 588 2595 turam
645 2543 993 2613 coniunctum
1049 2553 1153 2609 est,
1213 2545 1565 2616 designatur;
1602 2560 1829 2601 necesse
1879 2553 1963 2602 est

412 2633 566 2701 plane
592 2647 714 2686 cum
749 2633 856 2687 duo
887 2643 1014 2689 sunt
1038 2633 1438 2689 necessitudine
1459 2635 1650 2704 juncta
1681 2651 1800 2690 cum
1831 2649 1958 2701 uno,

412 2736 584 2790 neque
617 2720 756 2774 inter
781 2737 840 2776 se
865 2721 1140 2788 differunt,
1174 2724 1219 2778 si
1243 2739 1366 2777 cum
1394 2723 1554 2778 Patre
1582 2723 1752 2781 Filius
1772 2735 1960 2780 natura

412 2812 596 2866 unitus
624 2818 728 2876 est,
770 2813 1010 2866 eamdem
1052 2829 1214 2883 porro
1269 2812 1533 2883 Spiritum
1573 2822 1824 2868 sanctum
1863 2815 1962 2868 ha-

412 2905 540 2960 bere
573 2921 696 2960 cum
735 2903 872 2960 Filio
899 2915 1148 2961 naturam
1199 2923 1265 2962 ex
1305 2908 1711 2977 operationibus
1743 2910 1962 2963 demon-
1991 2934 2037 2994 ο

413 3003 641 3050 stratum
675 3004 796 3051 est:
833 2998 1106 3067 colligitur
1127 2997 1249 3052 inde
1283 3013 1447 3051 unam
1499 3005 1702 3052 sancta:
1731 2997 1966 3052 Trinita-

414 3086 485 3138 tis
513 3083 939 3139 demonstratam
973 3101 1093 3140 esse
1129 3095 1376 3139 naturam
1421 3086 1626 3154 absque
1656 3087 1963 3156 proprieta-

415 3179 528 3227 tum
559 3172 900 3236 confusione,
923 3189 1040 3245 qua:
1065 3175 1332 3244 prmcipue
1354 3175 1408 3228 in
1439 3174 1666 3245 singulis
1720 3184 1968 3245 spectan-

415 3269 507 3314 tur
531 3261 798 3330 personis,
825 3276 927 3317 nec
975 3262 1272 3317 immutatis
1304 3262 1519 3317 indiciis
1570 3262 1771 3332 quibus
1825 3278 1856 3318 a
1911 3279 1970 3321 se

419 3349 649 3402 invicem
678 3349 1082 3403 discernuntur.
1113 3350 1244 3414 Quis
1275 3349 1439 3420 igitur
1473 3349 1627 3404 furor
1655 3359 1967 3419 esteorum,

415 3438 507 3506 qui
532 3435 792 3507 Spiritum
823 3446 1066 3493 sanctum
1091 3449 1420 3510 oppugnant,
1445 3443 1650 3497 servire
1684 3441 1968 3497 Dominum

417 3529 788 3582 tradentium?
816 3529 1013 3598 quibus
1048 3545 1113 3583 ne
1141 3529 1339 3586 Paulus
1391 3533 1628 3601 quidem,
1683 3534 1774 3587 cui
1814 3535 1969 3588 ﬁdem

420 3618 676 3679 habeant,
704 3618 836 3671 satis
867 3617 1096 3674 idoneus
1129 3621 1280 3673 testis
1310 3628 1413 3683 est,
1446 3623 1537 3690 qui
1566 3622 1679 3676 ait:
1719 3622 1970 3677 Dominus

420 3715 590 3758 autem
637 3706 870 3769 Spiritus
909 3717 985 3760 est
1009 3707 1078 3758 ⁸⁸.
1141 3707 1223 3760 An
1262 3709 1487 3763 forsitan
1516 3709 1827 3778 dictionem,
1861 3712 1973 3765 Ad-

419 3795 612 3856 eem‘at,
639 3795 745 3847 vim
785 3795 1006 3849 tollendi
1040 3795 1356 3864 dignitatem
1391 3799 1590 3855 habere
1619 3803 1973 3856 existimant?

418 3889 472 3934 et
503 3898 606 3936 non
635 3881 862 3936 audiunt
891 3899 1141 3951 magnum
1175 3884 1426 3940 Davideni
1453 3890 1614 3942 etiam
1649 3889 1864 3945 Patrem
1904 3889 1970 3943 ad

422 3988 480 4027 sc
510 3975 807 4028 trahentem
834 3995 847 4029 :
877 3985 950 4038 et,
993 3975 1120 4029 Veni
1146 3978 1214 4030 ad
1258 3981 1567 4034 servandum
1590 3999 1706 4050 nos,
1735 3984 1973 4036 claman-

422 4064 566 4117 tem?
601 4063 655 4115 Si
693 4065 856 4132 igitur
895 4065 945 4118 in
979 4065 1134 4120 Patre
1166 4068 1350 4122 venire
1407 4070 1646 4125 salutare
1675 4080 1787 4135 est,
1833 4087 1972 4140 quo-

423 4153 582 4205 modo
611 4153 661 4205 in
695 4153 897 4222 Spiritu
937 4154 1121 4208 venire
1170 4157 1491 4223 probrosum
1525 4167 1579 4212 et
1620 4159 1974 4212 Contumelio-

2143 1914 2300 1968 Ἀλλὰ
2329 1913 2430 1976 ,νῦν
2469 1914 2936 1984 προαποδέδεικται
2975 1917 3092 1977 ταῖς
3118 1914 3225 1967 τῶν
3260 1915 3499 1969 εὐσεϐῶν
3525 1918 3608 1970 δό-

2063 2003 2311 2074 ξαις,τὴν
2327 2003 2491 2072 αὐτὴν
2519 2005 2610 2056 ἐπὶ
2639 2006 2848 2074 Πατρὸς
2882 2006 2972 2057 καὶ
2996 2004 3124 2058 Υἱοῦ
3149 2005 3310 2072 φύσιν
3345 2005 3506 2069 εἶναι,
3541 2010 3609 2077 μὴ

2061 2088 2198 2144 εἶναι
2219 2091 2437 2144 δυνατὸν
2465 2091 2532 2144 τά
2557 2093 2839 2162 ἑτερογενῆ
2867 2096 2933 2163 τῇ
2969 2095 3058 2145 τοῦ
3099 2092 3232 2146 Θεοῦ
3261 2095 3452 2164 κλήσει
3483 2115 3610 2150 κατο

2062 2180 2442 2250 ονομάζεσθαι·
2481 2180 2554 2244 ὡς
2585 2183 2643 2234 οὐ
2683 2183 2891 2251 λέγεται
2946 2183 3140 2253 βάθρον
3175 2185 3288 2248 υίὸς
3345 2187 3609 2248 τέκτονος.

2068 2272 2188 2342 μηδ’
2233 2273 2298 2326 ἄν
2332 2290 2413 2335 τις
2449 2273 2587 2326 εἴποι
2619 2274 2726 2327 τῶν
2779 2274 3178 2345 εὑφρονούντων
3214 2279 3295 2329 ὅτι
3339 2277 3613 2344 οίκοδᾴηος

2063 2361 2177 2414 υἱὸν
2233 2363 2693 2428 κατεσκευάσατο⁹
2741 2365 2875 2418 ἀλλὰ
2926 2369 2993 2437 τῇ
3051 2365 3145 2417 τοῦ
3211 2365 3328 2417 υἱοῦ
3381 2366 3475 2416 καὶ
3523 2366 3612 2418 τοῦ

2064 2450 2272 2522 πατρὸς
2332 2450 2670 2523 προσηγορίᾳ
2734 2449 2796 2502 τὸ
2847 2452 2992 2507 κατὰ
3031 2449 3128 2520 τὴν
3154 2450 3313 2518 φύσιν
3345 2454 3613 2523 συνημμέ-

2065 2554 2152 2590 νον
2181 2537 2593 2606 ἐπισημαίνεται
2614 2553 2628 2568 °
2658 2535 2866 2608 ἀνάγκη
2897 2539 3067 2600 πᾶσα,
3094 2540 3220 2592 ὅταν
3256 2540 3326 2592 τά
3361 2541 3455 2594 δύο
3484 2544 3613 2611 πρὸς

2065 2628 2125 2680 τὸ
2163 2628 2220 2680 ἓν
2247 2628 2457 2689 οἰκείως
2485 2626 2600 2697 ἔχῃ,
2633 2626 2728 2679 καὶ
2763 2626 2894 2697 μηδὲ
2936 2627 3071 2698 πρὸς
3111 2629 3312 2698 ἄλληλα
3348 2631 3614 2702 διαφόρως

2064 2717 2194 2788 ἔχει,
2221 2715 2295 2785 τῷ
2332 2717 2506 2786 Πατρὶ
2540 2715 2682 2768 κατὰ
2714 2715 2812 2786 τὴν
2844 2715 3001 2784 φύσιν
3037 2719 3064 2769 ὁ
3105 2718 3230 2781 Υίὸς
3255 2720 3486 2787 ἥνωταιο
3523 2725 3614 2791 τῆς

2063 2810 2122 2862 δέ
2151 2808 2242 2861 τοῦ
2278 2805 2403 2860 Υίοῦ
2451 2804 2662 2874 φύσεως
2696 2805 2782 2858 διὰ
2819 2805 2925 2859 τῶν
2959 2809 3247 2877 ἐνεργειῶν
3294 2811 3618 2881 ταυτότητος

2065 2901 2163 2951 οὐκ
2200 2898 2472 2968 ἀλλότριον
2520 2895 2809 2966 ἀπεδείχθη
2841 2896 2901 2950 τὸ
2938 2897 3159 2967 Πνεῦμα
3190 2899 3251 2951 τὸ
3297 2900 3484 2967 ἅγιον·
3523 2902 3618 2970 μία

2068 2991 2205 3044 κατά
2239 2990 2300 3043 τὸ
2347 2987 2634 3042 ἀκόλουθον
2666 2988 3035 3042 ἀποδέδεικται
3072 2989 3170 3058 τῆς
3202 2991 3359 3057 ἁγίας
3394 2991 3621 3061 Τριάδος

2065 3084 2098 3151 ἡ
2137 3080 2318 3150 φύσις,
2373 3080 2432 3132 οὗ
2466 3079 2796 3149 συγχεομένη
2831 3080 2914 3148 ἐφ’
2949 3079 3185 3150 ἑκάστης
3229 3081 3328 3150 τῆς
3380 3082 3522 3134 κατὰ
3565 3083 3622 3134 τὺ

2068 3170 2340 3242 ἐξαίρετον
2386 3169 2856 3241 ἐπιθεωρουμένης
2915 3171 3107 3232 αὐταῖς
3168 3171 3447 3240 ἰδιότητος,
3503 3171 3622 3224 οὐδὲ

2067 3261 2174 3314 τῶν
2219 3259 2608 3332 γνωρισμάτων
2651 3262 2708 3312 ἐν
2758 3258 3006 3328 ἀλλήλοις
3049 3259 3482 3327 ἀλλασσομένων.
3530 3261 3623 3321 Τίς

2069 3346 2159 3403 οῦν
2189 3351 2222 3420 ή
2255 3349 2419 3420 μανία
2445 3349 2551 3401 τῶν
2596 3347 3206 3418 πνευματομαχούντων,
3235 3348 3509 3401 δουλεύειν
3537 3350 3622 3402 τὸν

2070 3441 2272 3511 Κύριον
2299 3439 2753 3508 δογματιζὸντων;
2784 3431 2879 3500 Οἷς
2918 3437 3038 3489 οὐδὲ
3075 3437 3282 3500 Παῦλος
3324 3438 3620 3509 διαμαρτυο

2075 3531 2295 3601 ρόμενὸς
2328 3531 2474 3582 ἐστιν
2515 3529 2843 3595 ἀξιόπιστος,
2876 3528 2936 3590 ὃς
2965 3544 3160 3596 φησιν’
3204 3527 3265 3580 '0
3310 3527 3378 3580 δὲ
3416 3532 3624 3594 Κύριος

2071 3621 2136 3674 τὸ
2162 3613 2405 3684 Πνεῦμά
2424 3618 2608 3670 ἐστιν.
2644 3618 2717 3670 Ἢ
2757 3616 2896 3686 τάχα
2923 3616 3002 3681 τὸ,
3035 3616 3296 3679 Ἐλθέτω,
3320 3616 3622 3686 καθαιρετι-

2071 3711 2165 3765 κδν
2191 3710 2288 3778 τῆς
2319 3709 2473 3774 ἀξίας
2516 3704 2859 3777 νομίζουσιν;
2902 3705 3032 3760 Εἶτα
3077 3708 3176 3761 οὐκ
3215 3708 3504 3760 ἁκούουσιν
3536 3708 3622 3760 τοῦ

2075 3798 2304 3870 μεγάλου
2337 3796 2519 3859 Δαόὶδ,
2547 3797 2641 3849 καλ⁸
2677 3796 2766 3848 τὸν
2805 3796 3022 3865 Πατέρα
3049 3797 3183 3866 πρὸς
3217 3797 3408 3849 ἐαυτὸν
3445 3797 3623 3848 ἕλκον-

2070 3905 2182 3950 τος,
2213 3887 2326 3948 καὶ,
2361 3885 2528 3940 Ἐλθὲ
2549 3889 2633 3951 είς
2654 3886 2720 3939 τὸ
2741 3885 2937 3938 σῶσαι
2966 3884 3139 3954 ἡμᾶς,
3163 3885 3420 3954 βοῶντος;
3455 3889 3515 3940 Εἰ
3539 3884 3623 3939 οὖν

2075 3979 2166 4030 ἐπὶ
2207 3977 2300 4029 τοῦ
2338 3977 2548 4047 Πατρὸς
2595 3977 2654 4028 τὸ
2708 3975 2878 4028 ἐλθεῖν
2906 3977 3190 4046 σωτήριον,
3234 3976 3348 4039 πῶς
3403 3977 3500 4029 ἐπὶ
3539 3975 3624 4028 τοῦ

2074 4067 2387 4136 Πνεύματος
2417 4067 2475 4118 τὸ
2517 4065 2687 4118 ἐλθεῖν
2733 4066 3121 4129 ἐπονείδιστον;
3150 4067 3217 4117 Ἢ
3250 4065 3309 4116 τὸ
3354 4065 3626 4135 καθαίρειν

2073 4156 2180 4208 τῶν
2208 4157 2506 4226 ἁμαρτιῶν,
2533 4157 2753 4223 σημεῖον
2776 4155 3051 4207 ποιοῦνται
3075 4155 3173 4223 τῆς
3191 4154 3330 4206 κατὰ
3353 4156 3452 4222 τὴν
3479 4155 3629 4220 ἀξίαν

423 4258 542 4296 sum
564 4243 692 4296 est?
721 4256 786 4294 an
823 4256 851 4294 a
888 4247 1124 4311 peccatis
1156 4260 1387 4313 purgare
1417 4247 1630 4316 signum
1655 4263 1778 4302 esse
1809 4248 1963 4301 dimi-

2073 4246 2345 4314 ύφέσεωςς
2398 4245 2505 4296 Καὶ
2559 4244 2662 4312 μὴν
2718 4243 2878 4296 ἄκουε
2921 4244 3030 4296 τῶν
3071 4246 3314 4296 ἀπίστων
3369 4245 3631 4297 Ἰουδαίων

423 4341 564 4384 nuta:
591 4330 870 4399 dignitatis
893 4331 1200 4385 existimant
1223 4333 1247 4385 ?
1273 4334 1436 4404 Atqui
1477 4335 1600 4388 audi
1667 4335 1974 4390 incredulos

423 4419 634 4474 Judaeos
667 4421 991 4483 clamantes.
1033 4422 1178 4491 quod
1217 4426 1490 4478 remittere
1531 4432 1750 4492 peccata
1805 4426 1973 4479 solius

427 4509 498 4561 sit
527 4507 639 4569 Dei,
677 4521 798 4558 cum
830 4508 897 4562 de
925 4507 1083 4564 Patre
1116 4512 1217 4566 hoc
1255 4513 1475 4566 verbum
1520 4512 1760 4567 dicerent
1788 4532 1801 4567 :
1835 4513 1974 4579 Quid

427 4597 531 4660 hic,
582 4597 853 4664 inquiunt,
911 4598 1144 4668 loquitur
1209 4602 1602 4669 blasphemias?
1641 4605 1755 4670 quis
1807 4615 1972 4672 potest

427 4688 690 4740 remittere
714 4698 946 4754 peccata,
979 4691 1080 4742 nisi
1127 4693 1271 4744 solus
1308 4691 1444 4744 Deus
1467 4692 1512 4722 "
1535 4690 1558 4742 ?
1585 4691 1640 4745 Si
1673 4693 1833 4762 igitur
1874 4694 1969 4748 Pa-

430 4788 511 4834 ter
537 4779 749 4847 quidem
782 4789 1000 4849 peccata
1032 4782 1276 4845 remittit,
1313 4781 1482 4836 Filius
1529 4798 1660 4836 vero
1694 4792 1973 4852 peccatum

431 4869 616 4923 mundi
650 4870 822 4924 tollit:
846 4871 1097 4939 puriﬁcat
1127 4871 1249 4924 item
1279 4871 1514 4939 Spiritus
1545 4883 1764 4928 sanctus
1793 4890 1822 4928 a
1847 4891 1974 4943 pec-

429 4960 532 5013 cati
561 4959 982 5029 inquinamentis
1011 4975 1129 5022 eos,
1171 4961 1222 5013 in
1254 4962 1454 5029 quibus
1485 4961 1646 5016 fuerit
1676 4980 1687 5014 :
1725 4967 1853 5033 quid
1889 4967 1975 5019 di-

429 5057 572 5110 cent,
601 5051 690 5118 qui
718 5065 871 5104 suam
894 5051 1058 5103 vitam
1076 5052 1431 5121 ,oppugnant?
1469 5051 1573 5106 Sed
1609 5057 1784 5109 veniat
1810 5072 1976 5126 super

432 5153 534 5192 nos
581 5138 811 5208 Spiritus
864 5151 1103 5206 sanctus,
1136 5152 1188 5195 et
1221 5141 1470 5210 puriﬁcet
1503 5158 1620 5207 nos,
1655 5154 1706 5198 et
1749 5160 1976 5215 capaces

500 5277 544 5307 "
590 5275 630 5328 ll
661 5275 788 5331 Cur.
821 5293 914 5342 ιιι,
946 5277 1034 5334 l7.
1107 5278 1153 5308 δ’
1192 5278 1357 5331 Marc.
1392 5293 1427 5331 ιι
1451 5319 1464 5344 ,
1500 5279 1552 5336 7.

2076 4335 2335 4405 βοώντων,
2365 4336 2445 4387 ὅτι
2469 4335 2528 4386 τὸ
2565 4334 2820 4402 Ἀφιέναι
2852 4335 3136 4402 ἁμαρτίας
3152 4337 3342 4405 μόνου
3370 4336 3504 4389 ἐστὶ
3533 4337 3631 4388 τοῦ

2077 4424 2255 4478 Θεοῦ·
2293 4425 2420 4494 περὶ
2457 4423 2550 4475 τοῦ
2581 4424 2791 4494 Πατρὸς
2837 4425 3114 4490 λέγοντες·
3156 4426 3217 4477 Τί
3247 4419 3449 4490 οὗτος,
3484 4427 3628 4494 φησὶ.

2072 4516 2682 4584 λαλεῖβ.1ασφημίας;
2708 4517 2802 4580 Τίς
2823 4517 3067 4569 δύναται
3093 4515 3326 4583 ἀφιέναι
3351 4517 3636 4582 ἁμαρτίας

2073 4609 2124 4660 εί
2152 4607 2237 4674 μὴ
2258 4608 2443 4674 μόνος
2469 4609 2500 4658 ὁ
2530 4607 2702 4670 Θεός;
2731 4605 2791 4658 Ei
2823 4600 2914 4657 οὖν
2952 4605 3141 4674 ἀφίησι
3177 4604 3274 4673 μὲν
3309 4604 3583 4673 ἁμαρτίας
3610 4606 3637 4654 ὁ

2076 4697 2283 4766 Πατὴρ,
2323 4697 2462 4765 αἴρει
2497 4695 2553 4748 δέ
2596 4698 2624 4749 ὁ
2656 4697 2780 4758 Υἱὸς
2812 4695 2903 4748 τοῦ
2938 4695 3141 4763 κόσμου
3183 4695 3282 4762 τὴν
3322 4694 3600 4763 ἁμαρτίαν
3621 4733 3635 4752 ,

2077 4786 2358 4857 καθαρίζει
2377 4787 2433 4838 δέ
2452 4785 2513 4838 τὸ
2534 4785 2755 4855 Πνεῦμα
2771 4785 2832 4836 τὸ
2855 4784 3004 4849 ἅγιον
3025 4787 3088 4836 ἐκ
3107 4784 3214 4836 τῶν
3237 4783 3336 4851 τῆς
3363 4784 3634 4853 ἁμαρτίας

2081 4876 2433 4946 μολυσμάτων
2471 4871 2551 4937 οἷς
2585 4876 2650 4928 ἂν
2678 4876 2962 4945 ἐγγένηται
2985 4892 2998 4904 ο
3025 4875 3076 4926 τί
3116 4871 3329 4944 ἐροῦσιν
3355 4874 3402 4924 οί
3439 4875 3506 4942 τῇ
3541 4873 3634 4938 lii;

2080 4967 2576 5039 προσπολεμοῦντες
2634 4966 2783 5037 ζωῇς
2841 4966 2976 5017 Ἀλλ’
3015 4963 3212 5017 ἐλθέτω
3261 4963 3345 5030 ἐφ’
3384 4964 3533 5033 ἡμᾶς
3580 4963 3634 5010 τὸ

2078 5059 2300 5128 Πνεῦμα
2337 5060 2396 5111 τὸ
2434 5061 2608 5127 ᾰγιον,
2648 5059 2741 5110 καὶ
2778 5055 3123 5126 καθαρισάτω
3158 5055 3327 5124 ἡμᾶς,
3366 5054 3464 5106 καὶ
3494 5055 3632 5118 ποιή-

2082 5165 2189 5200 σειε
2217 5149 2495 5211 δεκτικοὺς
2517 5148 2624 5201 τῶν
2653 5147 2870 5217 ὑψηλῶν
2894 5163 2951 5198 τε
2983 5145 3076 5199 καὶ
3097 5143 3417 5214 θεοπρεπῶν
3442 5142 3630 5212 νοημά-

505 5423 579 5501 (ﬁ)
620 5425 739 5480 lla‘c
793 5430 950 5482 uncis
984 5429 1185 5483 inclusa
1219 5429 1286 5483 ab
1317 5430 1608 5500 intrrprctc
1641 5429 1866 5491 omissa,
1930 5442 2050 5497 qua:
2089 5427 2330 5482 citantur
2368 5431 2436 5484 ab
2477 5428 2790 5500 Euthymio,
2831 5433 2883 5486 in
2929 5433 3217 5501 Panoplia,
3255 5433 3339 5488 tit.
3381 5436 3464 5500 19.,
3497 5447 3623 5487 nunc

437 5490 704 5546 addimus.
