3738 5984
120 179 271 234 1161

1072 189 1158 244 DE
1204 192 1552 248 ()R.\TIONE
1594 195 1938 253 DOMl-NICA.
1981 229 2049 243 κ
2079 200 2336 260 ORATIO
2394 207 2483 262 IV.

3242 224 3380 278 H62

112 314 262 360 των,
297 298 407 351 τῶν
440 299 526 353 διὰ
546 300 647 371 τῆς
673 307 978 377 προσευχῆς
1011 310 1140 379 ἡμῖν
1172 314 1320 383 παρὰ
1351 313 1449 383 τῆς
1475 315 1568 368 τοῦ
1598 309 1712 369 Σωὲ-
1746 326 1784 377 Λ
1819 319 1896 372 far

1854 319 1980 372 tciat
2006 321 2316 378 sublimium
2346 328 2620 394 pariterac
2643 329 2950 387 divinorum
2979 336 3373 402 intellectuum,

113 392 299 458 τῆρος
350 391 816 463 ὑποδεικνυμένων
871 399 1072 470 φωνῆς,
1112 396 1156 469 ᾧ
1201 405 1232 472 ἡ
1281 404 1406 468 δόξα
1463 406 1540 467 εἰς
1589 408 1708 469 τοὺς

114 479 338 544 αἰῶνας
368 482 475 534 τῶν
506 485 734 540 αἰώνων.
785 487 975 558 Ἀμήν.

760 601 977 654 ΛΟΓΟΣ
1013 603 1089 655 Δ’.

117 708 452 775 Γενηθήτω
485 711 547 762 τὸ
581 711 807 778 θέληλιιά
833 729 977 772 σου,
1002 714 1090 783 ὡς
1125 715 1194 767 ἑν
1219 719 1449 783 οὐρανῷ
1489 721 1583 771 2m}
1612 721 1706 771 ἐπί

198 780 311 848 τῆς
351 779 480 864 γῆς.
530 781 640 834 Τὸν
678 782 1068 850 ἄρτονῄμῶν
1112 786 1218 838 τὸν
1259 779 1570 842 ἑζτιούοἰον
1607 789 1710 854 δέ·

201 850 347 914 ἡμῖν
373 850 660 918 σήμερον.

199 942 455 996 Ἦκουσά
504 959 647 1006 τινος
703 943 945 1014 ἰατρικοῦ
992 946 1252 1015 τεχνικῶς
1297 950 1395 1018 τῆς
1440 948 1579 1001 κατὰ
1609 954 1706 1019 τὴν

114 1034 317 1100 ὑγείαν
345 1034 509 1096 ἕξεως
542 1034 1142 1104 ιρυσιολογοῦντος,τσως
1186 1037 1230 1091 δ’
1254 1038 1319 1092 ἂν
1343 1038 1551 1105 γένοιτο
1577 1041 1706 1109 ἡμῖν

113 1127 215 1179 καὶ
260 1127 403 1197 πρὸς
431 1128 528 1196 τὴν
566 1127 664 1198 τῆς
692 1129 870 1199 ψυχῆς
897 1129 1110 1193 εὐεξίαν
1137 1131 1235 1182 οὑκ
1275 1131 1381 1183 ἀπὸ
1408 1132 1609 1183 σκοποῦ
1647 1132 1706 1184 τὸ

112 1219 435 1287 λεγόμενον.
465 1219 573 1288 Τὴν
603 1219 710 1290 γὰρ
739 1223 802 1274 ἐκ
828 1221 921 1274 τοῦ
960 1222 1175 1294 μετρίου
1210 1225 1568 1294 παρατροπὴν
1599 1225 1704 1276 τῶν

112 1312 176 1361 ὲν
209 1307 346 1378 ἡμῖν
389 1311 664 1380 στοιχείων
692 1312 857 1375 τινὸς,
895 1314 1067 1384 ἀρχὴν
1105 1312 1198 1366 καὶ
1220 1314 1398 1367 αἰτίαν
1428 1315 1526 1383 τῆς
1562 1317 1704 1368 κατὰ

115 1400 179 1451 το
214 1400 389 1461 πάθος
420 1401 730 1464 συστάσεως
758 1402 1070 1474 διωρίζετο·
1101 1403 1193 1455 καὶ
1227 1404 1290 1456 ἐκ
1335 1405 1425 1456 τοῦ
1460 1406 1701 1458 ἐναντίου

114 1494 308 1554 πὰἳιν,
335 1493 430 1562 τὴν
454 1495 543 1545 ἐπὶ
563 1495 620 1546 τὸ
641 1497 837 1547 οἰκεῖόν
857 1493 915 1547 τε
938 1496 1029 1548 καὶ
1055 1496 1195 1548 κατὰ
1217 1495 1376 1564 φύσιν
1398 1497 1505 1550 τῶν
1527 1498 1703 1568 πλημ-

116 1584 305 1652 μελῶς
347 1587 829 1655 παρακινηθέντων
869 1587 1368 1650 ἀποκαταστασίαν,
1405 1587 1700 1659 θεραπείαν

113 1672 362 1738 ἕςαςκεν
415 1676 512 1743 τῆς
545 1675 806 1738 νοσώδους
850 1677 1026 1739 αἰτίας
1073 1674 1231 1732 εἶναι.
1274 1679 1382 1731 Καὶ
1411 1677 1499 1731 διὰ
1544 1674 1700 1732 τοῦτο

112 1769 348 1817 σκοπεῖν
379 1766 514 1835 ᾤετο
547 1767 673 1826 δεῖν,
697 1771 776 1820 ὅτι
812 1769 1045 1838 μάλιστα
1084 1769 1191 1821 τῶν
1215 1772 1271 1822 ὲν
1306 1772 1440 1840 ἡμῖν
1482 1773 1539 1822 ὲν
1572 1773 1700 1824 ἀτα-

115 1852 209 1926 ξίᾳ
252 1859 588 1925 κινουμένων
609 1859 692 1911 διὰ
730 1856 827 1929 τῆς
877 1860 1012 1924 ἰδίας
1047 1863 1456 1932 ἐπικρατήσεως
1513 1865 1701 1917 ἄτονον

112 1953 296 2000 ποιεῖν
324 1949 415 2001 τοῦ
451 1951 930 2020 ἀντιστοιχοῦντος,
951 1953 1049 2023 τὴν
1081 1955 1216 2025 πρὸς
1239 1957 1336 2027 τὴν
1360 1942 1545 2024 ὑγείαν
1575 1975 1692 2009 συν-

113 2043 417 2111 ειτφοράν*
471 2043 544 2104 ὡς
588 2045 634 2095 εί
688 2044 783 2113 μὲν
817 2045 874 2096 τὸ
917 2045 1116 2115 θερμὸν
1161 2047 1448 2117 ἐπικρατῇ,
1480 2065 1699 2116 συμμα-

113 2132 244 2200 χίαν
287 2135 381 2185 καὶ
416 2134 492 2204 τῷ
541 2134 982 2205 δυναστευομένῳ
1017 2141 1334 2206 παρασχεῖν,
1372 2139 1466 2190 καὶ
1505 2139 1698 2191 ὑπονο-

111 2222 290 2285 τίζειν
317 2221 378 2273 τὸ
408 2220 468 2291 ξη
481 2223 815 2292 ραινόμενον.
849 2224 940 2294 Μή
983 2241 1084 2276 που
1113 2224 1211 2294 τῆς
1238 2224 1369 2295 ὑλης
1403 2225 1699 2279 ὑπολιπού-

118 2327 248 2382 σης,
292 2313 590 2384 μῖαρανθείη
641 2315 858 2378 τελείως
902 2317 995 2368 καὶ
1027 2317 1390 2388 ἀποσϐεσθείη
1434 2319 1491 2370 ὲν
1527 2319 1701 2388 ἑαυτῷ

115 2403 179 2454 τδ
213 2402 436 2473 θερμὸν,
465 2405 594 2457 αὐτὸ
623 2407 749 2476 περὶ
783 2403 960 2478 ἑαυτῷ
993 2406 1377 2478 δαπανώμενον
1400 2425 1412 2439 ο
1441 2409 1700 2473 ὡσαύτως

113 2495 214 2546 καὶ
266 2495 320 2548 εἴ
355 2510 408 2546 τι
451 2496 555 2547 τῶν
583 2497 755 2548 ἄλλων
783 2497 890 2550 τῶν
935 2498 1074 2551 κατὰ
1121 2498 1180 2550 τὸ
1213 2501 1450 2553 ἐναντίον
1479 2502 1536 2553 ἐν
1569 2502 1700 2571 ἡμῖν

114 2591 512 2661 Θεωρουμὲνων
554 2593 790 2645 ἐκδαίνοε
831 2588 922 2646 τὸν
953 2594 1096 2664 ὅρον,
1128 2593 1262 2664 πρὸς
1305 2595 1363 2646 τδ
1409 2593 1698 2658 πλεονάζον

116 2681 396 2745 ἵστασθαι,
426 2683 501 2753 τῷ
543 2684 916 2754 ἐλαττουμένῳ
946 2684 1041 2755 τὴν
1072 2685 1177 2738 ἀπὸ
1210 2685 1308 2754 τῆς
1335 2685 1527 2757 τέχνης
1559 2705 1690 2757 συμ-

117 2773 327 2843 μαχίαν
365 2775 687 2842 ἐπάγοντας.
722 2773 937 2827 Τοὺτων
969 2772 1025 2828 δὲ
1055 2777 1377 2844 γενομένων,
1418 2777 1509 2830 καὶ
1541 2777 1699 2848 μηδε-

115 2864 210 2926 νὸς
241 2864 341 2925 τῆς
368 2863 493 2914 οτῶν
535 2864 811 2933 στοιχείων
846 2865 1119 2934 ἰσονομίας
1172 2865 1566 2934 ἐμποδίζοντος,
1600 2869 1698 2918 ἐττ-

1816 411 1908 477 qui
1938 425 2032 478 per
2061 415 2357 468 orationem
2413 417 2570 471 nobis
2616 422 2978 477 ostenduntur
3021 441 3046 478 a
3081 442 3210 482 voce
3246 428 3374 484 Ser-

1816 503 2039 565 vatoris,
2084 505 2169 557 cui
2204 506 2372 574 gloria
2407 507 2458 560 in
2488 511 2681 562 sreeula
2707 515 3048 568 sreeulorum.
3082 520 3268 572 Amen.

2390 618 2645 675 ORATIO
2675 622 2760 676 IV.

1815 720 1943 775 Fiat
1975 723 2217 776 voluntas
2249 735 2360 792 tua,
2392 731 2526 783 sicut
2568 732 2618 784 in
2648 734 2774 786 male
2805 746 2850 787 el
2889 738 2939 788 in
2980 745 3138 792 terra.
3181 736 3374 796 Panem

2044 806 2282 848 nostrum
2313 801 2674 867 quotidianum
2703 804 2770 856 du
2802 805 2947 859 nobis
2973 808 3143 862 Itmlie.

1881 945 2077 1000 Audivi
2109 951 2393 1017 quemdam
2439 953 2719 1009 medicina:
2753 960 2982 1026 peritum
3035 968 3374 1023 naturalibus

1810 1037 2116 1095 rationibus
2143 1041 2419 1106 adductis,
2448 1047 2722 1113 quomodo
2749 1066 2868 1104 sese
2895 1055 3101 1109 sanitas
3129 1062 3374 1130 corporis

1811 1125 1950 1182 bene
1977 1129 2060 1183 vel
2086 1145 2245 1186 secus
2277 1133 2520 1194 haberet,
2557 1138 2852 1193 artificiose
2880 1125 3332 1201 sermocinantem
3358 1168 3372 1203 :

1808 1233 1871 1273 ac
1896 1219 2146 1276 fortassis
2183 1223 2234 1276 id
2267 1225 2407 1293 quod
2440 1226 2640 1281 dicitur
2669 1231 2831 1284 etiam
2865 1233 3025 1286 nobis
3079 1235 3144 1288 ad
3180 1236 3374 1292 bonam

1807 1311 2003 1366 anima:
2033 1313 2399 1371 valetudinem
2437 1319 2693 1372 tuendam
2728 1321 2868 1374 haud
2903 1324 3137 1378 alienum
3186 1327 3369 1382 luerit.

1808 1400 2005 1455 Eorum
2041 1403 2184 1458 enim
2230 1419 2350 1474 quae
2382 1405 2434 1460 in
2480 1409 2634 1464 nobis
2680 1421 2807 1464 sunt
2838 1413 3228 1469 elementorum
3268 1419 3372 1470 ali.

1806 1492 1963 1560 cujus
1997 1507 2027 1546 a
2060 1495 2404 1550 convenienti
2442 1499 2604 1551 modo
2635 1499 2994 1556 deflexionem
3048 1507 3372 1576 principTum

1806 1593 1855 1635 et
1904 1599 2128 1639 causam
2164 1602 2284 1642 esse
2316 1591 2608 1662 statuebat,
2642 1607 2706 1646 ex
2749 1608 2854 1663 qua
2906 1597 3127 1652 morbus
3174 1599 3374 1652 COuﬂn-

1806 1683 1994 1739 retur;
2041 1685 2093 1731 et
2129 1695 2194 1732 ex
2244 1682 2522 1735 contrario
2581 1699 2772 1739 rursus
2819 1701 3006 1740 eorum
3061 1704 3182 1757 quae
3237 1695 3377 1744 male

1803 1784 1864 1820 ac
1899 1769 2026 1822 vitio
2055 1778 2199 1823 mota
2243 1782 2406 1842 atque
2460 1781 2666 1828 mutata
2714 1787 2899 1831 essent
2943 1778 2995 1832 in
3049 1783 3374 1836 convenien-

1803 1865 1910 1911 tem
1960 1868 2013 1913 et
2070 1863 2372 1917 naturalem
2431 1865 2651 1918 modum
2706 1868 3144 1932 restitutionem,
3199 1873 3372 1926 morbi

1802 1963 1982 2004 causa:
2031 1954 2376 2007 curationem
2414 1964 2577 2025 atque
2622 1960 3015 2013 correctionem
3047 1975 3169 2015 esse
3223 1962 3370 2015 dice.-

1801 2037 1892 2092 bat
1920 2058 1931 2092 :
1962 2047 2125 2110 atque
2155 2042 2361 2096 idcirco
2391 2046 2742 2102 considerare
2776 2055 2940 2116 atque
2971 2049 3238 2120 dispicere
3271 2072 3369 2120 pu-

1801 2131 1951 2184 tahat
1982 2140 2252 2201 oportere,
2285 2136 2413 2204 quid
2447 2138 2679 2192 maxime
2712 2139 2765 2192 in
2797 2139 2885 2203 iis,
2925 2156 3044 2209 quae
3080 2158 3360 2211 perperam

1803 2223 1857 2276 in
1891 2224 2049 2278 nobis
2079 2233 2133 2280 et
2166 2226 2470 2282 inordinate
2500 2241 2868 2298 moverentur,
2895 2234 2978 2287 sui
3013 2237 3358 2304 praevalentia

1800 2316 2036 2384 oppositi
2069 2318 2321 2372 elementi
2359 2321 2487 2383 vim,
2533 2339 2694 2392 quam
2729 2325 2795 2378 ad
2845 2328 3135 2382 sanitatem
3196 2330 3357 2384 simul

1802 2406 2045 2469 inferret.
2095 2410 2409 2480 infringeret
2466 2422 2629 2484 atque
2662 2416 3008 2474 debilitaret:
3044 2427 3103 2473 ut
3133 2421 3177 2476 si
3238 2425 3362 2492 qui-

1799 2495 1922 2550 dem
1957 2497 2106 2551 calor
2129 2501 2462 2568 praevaleret,
2501 2505 2762 2560 auxilium
2815 2507 2864 2561 ei
2913 2509 3059 2577 quod
3087 2512 3363 2580 opprime.

1801 2595 1949 2643 retur
1991 2591 2314 2658 prarbeatur,
2343 2602 2395 2646 et
2425 2593 2676 2664 irrigetur
2716 2597 2765 2652 id
2796 2599 2942 2668 quod
2969 2601 3277 2656 exsiccetur
3313 2613 3366 2656 et

1801 2693 2039 2749 arescat,
2077 2700 2145 2740 ne
2185 2685 2321 2741 forte
2369 2691 2590 2745 materia
2639 2693 2855 2746 tandem
2887 2694 3196 2764 deficiente,
3237 2714 3368 2751 cva-

1798 2781 1985 2826 nescat
2019 2777 2232 2843 penitus
2260 2786 2311 2829 et
2346 2780 2724 2849 exstinguatur
2756 2783 2807 2835 in
2847 2800 2968 2839 sese
3027 2787 3198 2847 calor,
3236 2789 3364 2841 dmn

1799 2861 1916 2932 ipse
1946 2865 2091 2919 circa
2127 2884 2248 2924 sese
2285 2870 2630 2926 absumitur:
2663 2874 2914 2929 similiter
2953 2877 3113 2931 etiam
3149 2879 3193 2932 si
3231 2880 3361 2948 quid

115 2954 417 3021 ανάγεσθαι
442 2954 538 3023 τὴν
565 2953 752 3023 ὑγείαν
880 2955 1110 3024 σώματι,
1148 2956 1340 3025 μηκέτι
1362 2960 1459 3026 τῆς
1486 2953 1696 3024 φύ³εο)ς
1727 2976 1766 3032 C
1800 2969 1865 3008 ex

1854 2970 1865 3007 ι
1910 2957 2032 3012 aliis
2071 2975 2191 3027 quae
2237 2977 2331 3030 per
2363 2967 2694 3019 contrarium
2735 2967 2786 3020 in
2820 2969 2975 3024 nobis
3013 2971 3371 3026 consideran-

116 3047 264 3100 κατὰ
296 3047 393 3117 τὴν
440 3049 635 3117 κράσιν
676 3047 1083 3117 ἁνωμαλοὺσης.
1121 3046 1185 3098 Τί
1215 3047 1406 3126 δήομοι
1455 3043 1696 3116 βοὺλεται

114 3138 182 3189 τὸ
216 3137 428 3208 μακρὸν
455 3138 610 3191 τοῦτο
637 3137 729 3190 τοῦ
765 3138 922 3204 λόγου
951 3138 1230 3207 προοίμιον
1255 3156 1267 3204 ;
1299 3139 1448 3208 Τάχα
1469 3138 1568 3190 οὑκ
1593 3137 1699 3191 ἀπὶ)

119 3227 330 3281 σκοποῦ
362 3229 423 3280 τὸ
457 3227 737 3299 θεώρημα,
775 3227 891 3280 οὐδὲ
923 3230 1109 3299 πόρρω
1147 3242 1248 3280 που
1279 3228 1377 3295 τῆς
1407 3233 1671 3300 προκειμέ

114 3335 218 3386 νης
276 3317 583 3379 ὑποθέσεως
635 3317 1058 3385 άπεσχοίνισται.
1109 3317 1401 3386 Πρόκειται
1460 3319 1569 3390 γὰρ
1622 3322 1700 3381 είς

117 3405 356 3476 θεωρίαν
387 3409 513 3476 ἡμῖν
543 3407 624 3467 τὸ,
648 3408 963 3474 Γενηθήτω
998 3408 1061 3459 τὸ
1096 3406 1322 3476 θέλημά
1361 3425 1496 3460 σου.
1537 3410 1698 3461 ’Ὁτου

112 3499 173 3550 ει
203 3498 364 3568 χάριν
393 3499 745 3568 ἐμνήσθημεν
775 3497 868 3549 τοῦ
902 3497 1040 3550 κατά
1077 3497 1172 3567 τὴν
1205 3497 1451 3568 ἰατρικὴν
1489 3497 1695 3569 θεωρη-

114 3606 313 3659 ματος,
347 3589 433 3642 διὰ
465 3591 570 3642 τῶν
595 3589 790 3658 ἐφεξῆς
821 3589 1202 3658 σαφηνίσομεν.

1807 3053 1896 3099 tur
1924 3051 2142 3105 modum
2178 3055 2242 3106 ad
2273 3055 2689 3112 redundantiam
2730 3061 2999 3129 vergendo
3024 3065 3269 3126 excolat,
3313 3073 3370 3117 ut

1804 3141 1855 3195 id
1883 3143 2141 3197 auxilium
2173 3145 2240 3199 ab
2277 3155 2392 3201 arte
2424 3150 2563 3218 parti
2599 3165 2720 3218 qua:
2764 3154 3088 3209 succumbat
3123 3155 3368 3218 ferendo,

1804 3234 2032 3289 sistatur
2057 3250 2122 3290 ac
2165 3237 2511 3306 reprimatur.
2567 3241 2698 3307 Quae
2749 3244 2795 3298 si
2863 3243 3003 3298 facta
3063 3245 3282 3310 fuerint,
3318 3259 3372 3304 et

1803 3326 1938 3379 nihil
1989 3329 2240 3396 aequabili
2308 3331 2701 3388 elementorum
2782 3335 3152 3394 distributioni
3207 3349 3371 3410 atque

1801 3419 2168 3486 atquilibritali
2203 3421 2423 3487 officiat,
2459 3427 2642 3480 reduci
2703 3437 2867 3496 atque
2901 3432 3112 3485 restitui
3153 3436 3370 3503 corpori

1801 3507 2112 3566 sanitatem.
2144 3511 2232 3562 ubi
2260 3520 2754 3583 uatura,quantum
2781 3520 2972 3572 attinet
3001 3523 3065 3574 ad
3101 3529 3370 3591 tempera-

1802 3605 2067 3656 mentum,
2127 3615 2236 3654 non
2272 3603 2506 3671 amplius
2535 3605 2692 3658 fuerit
2746 3607 3047 3676 inaequalis.
3095 3609 3367 3675 Quorsum

113 3689 290 3758 igitur
319 3695 525 3754 spectat
581 3685 710 3739 mihi
764 3685 867 3739 hoc
917 3685 1133 3754 longum
1175 3682 1439 3736 orationis
1491 3683 1865 3753 principium?
1923 3689 2176 3748 Fortasse
2210 3711 2318 3749 non
2357 3692 2529 3750 aliena
2596 3701 2943 3778 speculatio,_
2976 3719 3148 3772 neque
3211 3704 3369 3772 longe

111 3799 143 3834 τι
177 3779 458 3849 proposito
497 3785 816 3846 argumento
855 3775 1100 3841 seiuncta
1127 3773 1532 3843 atqueldiversa
1566 3782 1686 3839 est;
1732 3781 2066 3847 propositum
2095 3785 2238 3838 enim
2277 3788 2433 3842 nobis
2492 3797 2576 3843 est
2631 3790 2697 3843 ad
2727 3773 3359 3864 considerandum,quid

109 3872 224 3927 sibi
267 3867 850 3938 velil,quo1dicitur:
901 3864 1027 3919 Fiat
1056 3867 1296 3920 voluntas
1347 3874 1459 3920 tua.
1508 3864 1678 3935 Cujus
1718 3878 1897 3924 autem
1966 3875 2042 3928 rei
2116 3877 2294 3946 gratia
2349 3881 2546 3935 medici
2603 3884 2999 3953 spcculamenti
3049 3890 3366 3943 memineri-

109 3975 262 4021 mus,
303 3959 559 4024 deinceps
595 3956 994 4010 dcclarabimus
1033 3963 1086 4009 et
1119 3957 1446 4024 aperiemus.

188 4044 300 4100 Ἷῐν
328 4050 384 4100 ὲν
413 4048 570 4116 ὑγεία
597 4046 723 4098 ποτὲ
759 4045 817 4098 τὸ
850 4046 1036 4114 νοητὸν
1081 4047 1436 4118 ἀνθρώπινον,
1471 4043 1579 4102 οἶόν
1609 4065 1688 4099 τι-

108 4158 225 4195 νων
252 4139 548 4209 στοιχείων.
574 4137 680 4190 τῶν
708 4139 802 4206 τῆς
819 4137 996 4207 ψυχῆς
1021 4139 1161 4206 λέγω
1187 4142 1520 4211 κινημάτων,
1549 4141 1689 4194 κατὰ

1867 4047 1995 4103 Erat
2023 4051 2316 4132 aliquando
2373 4057 2425 4110 in
2469 4061 2702 4117 sanitate
2739 4069 2920 4119 mente
2958 4070 3367 4138 comprehensi-

1796 4140 2090 4206 bilegenus
2125 4138 2446 4212 humanum,
2482 4157 2742 4222 tanquam
2797 4155 3082 4214 elementis
3130 4163 3362 4231 quibus-

107 4230 209 4285 τὸν
237 4231 336 4300 τῆς
363 4230 562 4301 ἀρετῆς
603 4229 757 4298 λόγον
811 4231 1106 4302 ίσοκρατῶς
1146 4234 1202 4284 ὲν
1235 4236 1366 4302 ἡμῖν
1417 4233 1686 4304 κεκραμὲ-
1727 4258 1766 4309 D
1796 4235 1896 4286 dan

1854 4247 1940 4296 im,
1968 4237 2180 4302 animae,
2215 4239 2458 4308 inquam,
2511 4245 2749 4299 motibus
2782 4249 3083 4304 secundum
3143 4257 3362 4312 virtutis

109 4341 244 4377 νων.
291 4324 444 4375 Ἐπεὶ
482 4323 537 4374 δὲ
585 4321 679 4374 τοῦ
726 4321 1120 4391 ἐπιθυμητικοῦ
1167 4323 1611 4392 κατισχύσαντος,
1654 4327 1685 4394 ἡ

110 4410 284 4465 αὑτοῦ
318 4411 558 4462 ἐναντίου
587 4411 845 4481 νοουμένη
888 4411 1182 4482 διάθεσιςή
1223 4413 1516 4482 ἐγκράτεια
1563 4432 1690 4467 κατ·

111 4501 396 4573 εκρατήθη
433 4501 511 4570 τῷ
539 4500 900 4565 πλεονάζοντι,
935 4501 1026 4554 καὶ
1057 4503 1155 4567 τὴν
1185 4501 1419 4575 ἄμετρον
1457 4506 1553 4574 τῆς
1575 4508 1692 4556 επι-

112 4591 319 4660 θυμίας
349 4593 436 4643 ἐπὶ
461 4591 527 4642 τὰ
557 4591 631 4662 μὴ
663 4592 848 4644 δέοντα
891 4593 1104 4663 κίνησιν
1138 4592 1197 4644 τὺ
1225 4593 1430 4646 κωλῦον
1460 4595 1559 4648 οὑκ
1587 4591 1653 4666 ἦν
1674 4611 1686 4624 ’

112 4680 181 4728 ἐκ
208 4677 398 4730 τούτου
438 4677 497 4730 τὸ
529 4680 872 4733 ὲπιθανάτιον
913 4680 1123 4751 νόσημα
1163 4682 1194 4750 ἡ
1227 4683 1469 4753 ἁμαρτία
1501 4686 1567 4754 τῇ
1600 4685 1686 4737 ἀν-

114 4771 376 4840 πρωπίνῃ
428 4771 654 4841 συνέστη
697 4771 875 4838 φύσει.
932 4773 988 4824 '0
1035 4773 1212 4826 τοίνυν
1261 4775 1442 4845 ίατρος
1487 4776 1691 4847 ἀληθὴς

109 4861 226 4912 τῶν
249 4864 350 4930 τῆς
378 4861 552 4932 ψυχῆς
601 4863 954 4932 παθημάτων,
989 4866 1017 4916 ὁ
1049 4863 1137 4916 διὰ
1165 4867 1288 4928 τοὺς
1327 4867 1511 4930 κακῶς
1543 4868 1691 4938 ἕχον-

112 4971 212 5015 τας
243 4954 300 5004 ὲν
335 4955 398 5022 τῇ
432 4951 542 5023 ζωῇ
575 4954 682 5006 τῶν
717 4954 1018 5024 ἀνθρώπων
1048 4956 1353 5026 γενόμενος,
1385 4961 1498 5021 τοῖς
1536 4961 1593 5012 ἐν
1621 4963 1686 5030 τῇ

114 5048 390 5116 προσευχῇ
439 5048 724 5115 νοήμασιν,
758 5046 819 5099 τὸ
859 5045 1133 5100 νοσοποιδν
1167 5048 1336 5102 αίτιον
1384 5049 1686 5113 ὑπεκλύων,

113 5139 379 5205 ἐπανάγει
427 5139 574 5207 ἡμᾶς
608 5138 699 5189 ἐπὶ
737 5137 834 5208 τὴν
879 5139 1074 5210 νοητὴν
1127 5140 1356 5208 ὑγίειαν.
1400 5142 1587 5209 Ὑγεία
1633 5143 1688 5196 δέ,

114 5229 230 5280 ἐστι
255 5228 354 5296 τῆς
373 5228 571 5296 ψυχῆς,
595 5229 626 5297 ἡ
653 5227 744 5278 τοῦ
767 5227 909 5280 θείου
935 5229 1234 5298 θελήματος
1259 5231 1437 5284 εὑοδία
1458 5249 1470 5260 ο
1502 5231 1688 5304 ὥσπερ

111 5319 174 5390 δὴ
208 5321 368 5374 πάλιν
400 5320 460 5372 τὸ
507 5321 755 5373 ἐκπεσεῖν
801 5321 890 5374 τοῦ
933 5320 1136 5388 ἀγαθοῦ
1189 5321 1488 5392 θελήματος
1537 5325 1689 5388 νόσος

113 5411 230 5464 ἐστὶ
261 5411 438 5484 ψυχῆς
467 5411 806 5482 τελευτώσης
838 5414 916 5474 εἰς
949 5414 1192 5466 θάνατον,
1231 5414 1384 5465 Ἐπεὶ
1407 5409 1498 5466 οῦν
1530 5415 1690 5483 ἠσθεο

112 5503 482 5574 νήσαμεν,τὴν
512 5502 720 5574 ἀγαθὴν
748 5504 805 5554 ὲν
837 5503 915 5571 τῷ
946 5504 1252 5574 παραδείσῳ
1287 5504 1492 5556 δίαιταν
1523 5523 1686 5559 κατα-

109 5595 380 5654 λιπόντες,
415 5594 503 5644 ὃτε
538 5593 628 5645 τοῦ
670 5594 994 5664 δηλητηρίου
1054 5596 1148 5665 τῆς
1204 5599 1485 5668 παρακοῆς
1517 5601 1686 5672 ἄρδην

349 5689 623 5747 I’ATROL.
663 5690 776 5746 (in.
822 5689 1039 5749 XLIV.

1797 4326 2058 4382 rationem
2115 4331 2460 4398 aequabiliter
2518 4335 2570 4387 in
2635 4337 2793 4389 nobis
2857 4344 3194 4408 temperatis.
3255 4347 3360 4400 Sed

1795 4427 2146 4487 posteaquam
2200 4423 2525 4489 praevalente
2577 4424 2627 4475 vi
2682 4429 3050 4498 concupitiva,
3110 4450 3230 4503 quae
3295 4453 3365 4490 ex

1792 4511 2074 4564 contrario
2103 4511 2445 4580 intelligitur,
2476 4513 2708 4580 affectio,
2751 4521 3088 4577 continentia
3140 4542 3356 4596 nempe,

1792 4599 1860 4651 ab
1886 4615 1951 4654 eo
1983 4602 2128 4670 quod
2161 4603 2388 4656 nimium
2413 4611 2465 4657 et
2489 4606 2799 4662 redundans
2823 4620 2960 4673 erat,
2993 4615 3216 4669 subacta
3239 4626 3321 4671 est
3347 4635 3360 4677 ;

1789 4708 1913 4746 cum
1948 4709 2057 4748 non
2094 4703 2240 4750 esset
2269 4698 2411 4767 quod
2451 4698 2859 4754 immoderatam
2899 4707 3254 4772 cupiditatem
3309 4709 3360 4761 in

1792 4799 1879 4838 res
1908 4787 2283 4842 incommodas
2323 4795 2376 4842 et
2409 4788 2696 4846 indecoras
2738 4802 2983 4848 ruentem
3015 4798 3357 4864 reprimeret,

1791 4882 1846 4928 et
1885 4874 2178 4941 inhiberet;
2215 4878 2412 4933 exinde
2451 4880 2630 4935 letalis
2663 4883 2884 4936 morbus
2914 4894 3192 4954 peccatmn
3252 4889 3354 4943 htt-

1791 4977 1963 5014 manae
2001 4972 2210 5018 natura;
2235 4968 2524 5022 conflatum
2567 4977 2667 5024 est.
2714 4969 2888 5026 Verus
2947 4975 3112 5042 igitur
3164 4979 3359 5032 animae

1791 5053 2047 5106 vitiorum
2085 5064 2136 5108 et
2179 5058 2493 5112 morborum
2531 5061 2800 5126 medicus,
2831 5063 2922 5132 qui
2960 5075 3181 5135 propter
3219 5069 3359 5122 male

1793 5145 2056 5200 habentes
2088 5148 2140 5199 in
2175 5149 2283 5200 vita
2314 5148 2596 5204 hominum
2633 5162 2880 5208 versatus
2913 5166 3014 5220 est,
3049 5158 3357 5212 rationibus

1751 5254 1754 5258 ·
1791 5240 1858 5292 iis
1887 5254 2006 5305 quae
2043 5238 2097 5291 in
2128 5240 2375 5294 oratione
2403 5241 2903 5312 deprehenduntur,
2927 5263 3148 5303 causam
3183 5251 3356 5302 morbi

1788 5327 2106 5381 efficientem
2137 5328 2352 5391 tollens,
2377 5331 2613 5386 restituit
2650 5351 2748 5390 nos
2782 5337 2833 5389 in
2869 5354 2986 5392 eam
3019 5355 3138 5408 quae
3178 5348 3360 5393 mente

1791 5419 2089 5489 percipitur
2146 5417 2740 5483 sanitatem.,-Sanitas
2799 5440 2976 5483 autem
3036 5432 3230 5485 anima:
3274 5438 3360 5485 est

1790 5511 1986 5566 divinae
2018 5509 2316 5564 voluntatis
2351 5525 2577 5580 prosper
2634 5530 2946 5581 successus,
3001 5523 3357 5590 quemadmo—

1792 5603 1921 5657 dum
1951 5601 2118 5656 etiam
2149 5616 2214 5657 ex
2247 5601 2549 5663 contrario,
2581 5606 2850 5660 excidisse
2886 5610 3025 5662 bona
3060 5611 3352 5668 voluntate,

2925 5707 3001 5764 3'1
