3738 5984
382 189 519 245 Ηϐὖ

1653 188 1708 240 S.
1751 183 2077 241 GREGORll
2114 184 2397 242 NYSSENI

3511 189 3663 245 1161

381 305 609 362 morbus
643 306 837 360 anim:e
863 313 947 360 est
980 305 1033 359 in
1063 315 1292 360 mortem
1327 305 1646 361 desinentis.
1679 304 1857 371 Quoni

2185 306 2483 377 ορήθημεν,
2526 303 2620 359 καὶ
2659 304 2746 359 διὰ
2776 303 2931 357 τοῦτο
2970 304 3048 374 τῷ
3087 305 3308 376 πονηρῷ
3334 304 3511 375 τούτῳ
3552 309 3661 362 καὶ

382 401 548 470 igitur
576 400 717 454 bona
753 399 930 454 victus
967 398 1179 453 ratione
1206 406 1368 468 atque
1413 397 1733 452 habitudine
1766 398 1819 450 in
1854 410 1948 466 pa-

376 492 561 546 radiso
592 491 779 545 relicta
819 490 1228 559 aegrotavimus,
1284 504 1406 543 cum
1447 489 1513 542 de
1568 486 1950 542 inobedientiaa

376 597 589 638 veneno
622 583 849 652 largiter
890 582 1251 650 sumpsimus.
1292 588 1347 633 ct
1390 580 1597 634 idcirco
1652 579 1753 632 hoc
1792 576 1943 649 gravi

374 680 540 742 atque
574 672 720 726 letali
760 670 952 724 morbo
979 677 1168 723 natura
1196 669 1488 722 succubuit
1530 674 1695 735 atque
1727 664 1943 719 devicta

371 772 477 827 est,
511 763 661 817 venit
696 762 939 816 medicus
987 776 1173 823 verus,
1221 760 1377 829 juxta
1416 758 1791 829 praescriptum
1831 770 1943 809 mc-

371 854 509 909 dicae
538 855 674 908 artis
706 868 800 923 per
830 851 1106 907 contraria
1131 851 1335 904 malum
1366 858 1570 904 sanans
1598 865 1611 913 ;
1643 856 1807 917 atque
1848 861 1944 901 eos

370 945 462 1015 qui
500 944 705 1000 idcirco
753 944 809 998 in
852 943 1100 997 morbum
1161 941 1486 1001 inciderant,
1519 940 1663 1009 quod
1696 953 1724 992 a
1759 937 1942 991 divina

368 1038 653 1092 voluntate
703 1041 1065 1099 recesserant,
1127 1046 1322 1086 rursus
1373 1030 1761 1097 conjunctione
1816 1043 1940 1083 cum

367 1131 650 1186 voluntate
683 1129 865 1183 divina
896 1120 1147 1182 a'morbo
1180 1126 1394 1181 liberat.
1429 1124 1562 1178 Nam
1614 1123 1777 1176 verba
1812 1135 1941 1174 ora-

260 1213 270 1221 ’
370 1224 539 1279 tionis
575 1221 748 1276 morbi
782 1221 978 1274 anima:
1004 1219 1323 1273 inhaerentis
1350 1217 1560 1273 curatio
1608 1224 1755 1271 sunt.
1810 1214 1943 1270 Pre-

368 1323 527 1368 catur
583 1312 727 1367 enim
791 1311 946 1380 quasi
1009 1309 1337 1380 quibusdam
1393 1308 1681 1363 doloribus
1746 1308 1942 1361 anima:

302 1431 311 1441 ι
368 1417 614 1474 pressus,
648 1401 738 1471 qni
772 1399 925 1462 dicit,
954 1397 1077 1452 Fiat
1100 1398 1342 1452 voluntas
1384 1407 1495 1449 tua.
1544 1394 1810 1449 Voluntas
1844 1408 1941 1446 au-

369 1501 476 1548 tem
536 1490 630 1545 Dei
681 1490 832 1543 salus
889 1488 1169 1541 hominum
1222 1495 1327 1540 est.
1383 1484 1518 1539 Cum
1549 1484 1714 1553 igitur
1745 1484 1797 1537 in
1835 1484 1940 1537 hoc

368 1582 747 1643 consistimus,
786 1587 842 1633 ut
877 1579 942 1633 ad
992 1578 1162 1631 Deum
1188 1577 1463 1642 dicamus,
1504 1575 1625 1629 Fiat
1679 1574 1842 1631 etiam
1883 1575 1937 1629 in

2057 393 2390 465 ὲπιθανατίῳ
2419 396 2684 465 νοσήματι
2713 395 3095 465 κατεκρατήθη
3123 397 3157 466 ή
3185 396 3347 465 φύσις
3366 413 3382 427 ·
3419 393 3602 468 ἦλθεν
3628 402 3661 453 ὸ

2055 485 2308 556 ἀληθινὸς
2359 486 2561 559 ἰατρὸς,
2592 485 2732 539 κατὰ
2778 485 2868 538 τὸν
2912 485 3072 557 νόμον
3116 485 3217 556 τῆς
3253 488 3508 560 ἰατρικῆς
3559 488 3658 543 διὰ

2054 576 2163 629 τῶν
2186 576 2440 629 ὲναντίων
2465 575 2526 629 τὸ
2546 575 2713 630 κακὸν
2747 574 3042 647 ἐξιώμενος
3059 594 3073 607 °
3102 578 3342 640 καὶτοὺς
3363 578 3452 633 διὰ
3480 578 3656 632 τοῦτο

2053 669 2119 737 τῇ
2155 668 2437 738 ἀρρωστίᾳ
2461 667 2896 737 συνενεχθέντας,
2935 668 3016 720 ὅτι
3036 668 3130 721 τοῦ
3160 668 3307 737 θείου
3329 669 3652 742 θελήματος

2054 757 2451 829 ἐχωρίσθησαν.
2493 758 2657 817 πάλιν
2705 758 2978 830 ἐλευθεροῖ
3031 759 3126 813 τοῦ
3183 762 3517 831 νοσήματος,
3578 766 3648 832 τῇ

2053 849 2189 919 πρὸς
2225 848 2284 902 τὸ
2333 849 2578 919 βούλημα
2632 848 2726 902 τοῦ
2765 847 2899 902 Θεοῦ
2951 850 3233 923 συναφείᾳ.
3266 852 3348 905 Τὰ
3377 853 3491 923 γάρ
3542 853 3651 922 τῆς

2052 942 2359 1011 προσευχῆς
2399 940 2640 1010 ῥήματα,
2674 940 2941 1010 Θεραπεία
2972 942 3089 995 ἐστὶ
3132 942 3232 1011 τῆς
3274 944 3649 1013 ἐγγινομένης

2048 1033 2115 1101 τῇ
2144 1030 2288 1101 ψυχῇ
2318 1031 2647 1103 ἀρρωστίας.
2680 1030 2913 1102 Εὕχεται
2951 1032 3060 1103 γὰρ
3100 1029 3213 1086 οἷόν
3240 1051 3380 1088 τισιν
3415 1034 3650 1097 ὀδύναις

2048 1119 2147 1191 τὴν
2178 1120 2354 1191 ψυχὴν
2387 1120 2739 1191 συνεχόμενος
2768 1122 2798 1175 ὁ
2840 1121 3043 1190 λέγων·
3074 1122 3390 1191 Γενηθήτω
3436 1124 3516 1177 τὸ
3546 1123 3648 1177 θέ-

2048 1211 2211 1281 λημά
2255 1229 2392 1268 σου.
2421 1213 2644 1285 Θέλημα
2667 1214 2726 1267 δὲ
2763 1213 2898 1267 Θεοῦ
2928 1216 2962 1285 ή
2996 1214 3238 1286 σωτηρία
3269 1214 3377 1269 τῶν
3416 1215 3649 1287 ἀνθρὼ-

2049 1321 2165 1358 πων
2198 1304 2363 1358 ὲστίν.
2403 1306 2653 1360 Ἐπειδὰν
2691 1306 2870 1361 τοίνυν
2908 1309 2990 1370 είς
3023 1306 3181 1360 τοῦτο
3220 1306 3456 1377 στῶμεν,
3482 1306 3647 1361 -ὤστε

2048 1395 2220 1445 εἰπεῖν
2247 1393 2324 1463 τῷ
2355 1394 2494 1465 Θεῷ,
2521 1395 2602 1447 ὅτι
2639 1395 2928 1468 Γενηθήτω
2958 1396 3052 1451 καὶ
3073 1398 3131 1449 ὲν
3176 1397 3299 1467 ἐμοὶ
3324 1397 3385 1450 τὸ
3410 1396 3647 1469 θέλημα

2049 1499 2142 1536 σου
2167 1522 2182 1547 ,
2216 1483 2427 1554 ἀνάγκη
2469 1486 2619 1539 πᾶσα
2655 1486 2922 1559 πρότερον
2963 1491 3245 1542 κατειπεῖν
3288 1488 3507 1542 ἐκείνου
3540 1488 3644 1543 τοῦ

2049 1570 2186 1641 βίου,
2216 1572 2276 1636 ὃς
2308 1572 2412 1637 ἔξω
2440 1574 2532 1628 τοῦ
2576 1574 2721 1628 θείου
2755 1575 3090 1647 βουλήματος
3117 1573 3205 1648 ἦν,
3237 1577 3332 1631 καὶ
3355 1578 3542 1631 ταῦτα
3581 1578 3644 1631 ἐν

366 1690 455 1729 me
484 1674 736 1729 voluntas
763 1679 886 1735 tua,
921 1674 1147 1725 omnino
1184 1683 1413 1724 necesse
1458 1675 1545 1722 est
1599 1667 1751 1736 prius
1796 1666 1842 1720 ill

2163 1663 2488 1736 ξαγορεύσει
2520 1666 2835 1730 διεξελθεῖν·
2857 1669 2938 1723 ὅτι
2960 1668 3176 1744 Ἐπειδὴ
3247 1670 3434 1733 κακῶς
3465 1671 3639 1741 ἐνήρ-

366 1768 532 1818 vitam
587 1764 839 1820 incusare
893 1776 1015 1832 quae
1066 1760 1305 1815 divinam
1360 1759 1696 1814 voluntatem
1759 1764 1938 1812 trans-

366 1873 552 1929 gressa
583 1864 722 1922 erat,
754 1863 916 1924 atque
949 1853 1063 1908 haec
1107 1867 1203 1923 per
1253 1850 1655 1907 confessionem
1700 1865 1939 1905 comme-

367 1947 903 2015 morare:Quoniam
935 1961 1032 2016 per
1077 1946 1416 2016 superiorem
1470 1944 1635 1997 vitam
1687 1944 1828 1997 male
1881 1943 1934 1995 in

366 2056 453 2096 me
485 2048 707 2111 operata
741 2046 824 2095 est
852 2038 1101 2109 Opposita
1137 2036 1525 2105 contrariaque
1550 2035 1828 2098 voluntas,
1876 2042 1936 2089 et

365 2133 597 2204 improbi
639 2132 852 2204 tyranni
907 2130 1157 2185 minister
1207 2128 1307 2193 fui,
1367 2136 1627 2198 tanquam
1686 2123 1931 2180 carnifex

365 2226 585 2296 quidam
610 2239 917 2295 exsequens
959 2223 1223 2278 adversus
1273 2220 1542 2290 meipsum
1603 2217 1931 2273 sententiam

364 2318 591 2383 inimici,
619 2317 846 2383 idcirco,
875 2330 1008 2370 mea;
1036 2313 1353 2384 perditionis
1388 2313 1668 2375 misertus,
1694 2308 1934 2365 conced'e

365 2418 424 2463 ut
454 2407 671 2463 tandem
705 2405 998 2477 aliquando
1029 2406 1192 2458 etiam
1227 2403 1280 2457 in
1309 2417 1395 2457 me
1422 2401 1514 2455 flat
1541 2400 1796 2456 voluntas
1812 2405 1930 2453 tua.

366 2499 436 2553 Ut
461 2497 604 2553 enim
635 2497 688 2551 in
723 2495 1000 2566 speluncis
1027 2494 1281 2548 obscuris
1334 2492 1485 2547 illato
1538 2490 1745 2545 lumine
1782 2497 1931 2544 tene-

363 2590 472 2644 brat
500 2595 855 2652 evanescunt,
909 2593 963 2641 et
994 2585 1168 2654 caligo
1230 2582 1463 2638 rec-edit:
1488 2583 1561 2635 ita
1602 2581 1647 2637 si
1708 2587 1800 2634 tua
1835 2593 1933 2633 vo-

360 2681 544 2734 luntas
582 2678 637 2732 in
670 2693 755 2732 me
795 2677 977 2742 fuerit,
1032 2675 1211 2729 omnis
1250 2688 1449 2743 pravus
1486 2679 1540 2727 et
1586 2672 1932 2740 importunus
2010 2742 2013 2745 ν

361 2771 525 2825 animi
569 2769 830 2841 propositi
869 2776 1048 2822 motus
1090 2766 1155 2819 ad
1197 2766 1425 2820 nihilum
1459 2764 1753 2833 redigetur.
1796 2760 1928 2815 Nam

361 2863 631 2921 sobrietas
661 2867 716 2915 et
750 2858 1014 2913 modestia
1047 2857 1307 2912 lascivum
1342 2864 1395 2909 et
1422 2853 1682 2907 vitiosum
1732 2852 1932 2907 mentis

360 2954 659 3026 appetitum
695 2952 1024 3019 exstinguet,
1064 2948 1228 3002 animi
1271 2946 1530 3001 demissio
1577 2946 1779 3002 fastum
1835 2942 1930 2996 ab-

2045 1769 2213 1823 γησεν
2237 1756 2295 1809 ἐν
2328 1756 2453 1827 ἐμοὶ
2493 1756 2580 1810 διὰ
2609 1756 2701 1811 τοῦ
2732 1758 3034 1826 φθάσαντος
3066 1760 3182 1830 βίου
3220 1759 3281 1813 τὸ
3309 1761 3641 1830 ἀντικείμε-

2044 1861 2133 1899 νον
2156 1844 2386 1917 θέλημα,
2414 1848 2508 1900 καὶ
2536 1847 2815 1919 ὑπηρέτης
2847 1850 3116 1923 ἐγενόμην
3142 1851 3236 1904 τοῦ
3270 1852 3519 1922 πονηροῦ
3551 1871 3642 1905 τυο

2045 1933 2409 2005 ράννου,ὀῖόν
2459 1955 2543 2000 τις
2587 1939 2778 2009 δήμιος
2818 1939 2914 2011 τὴν
2954 1941 3048 1992 τοῦ
3093 1940 3286 2012 ἐχθροῦ
3334 1943 3527 2013 ψῆφον
3557 1946 3638 2009 εἰς

2043 2027 2216 2098 πέρας
2245 2030 2365 2082 κατ’
2397 2030 2634 2100 ἐμαυτοῦ
2669 2030 2877 2101 φέρων·
2909 2032 3101 2086 τούτου
3130 2034 3286 2105 χάριν
3314 2030 3506 2088 οἶκτον
3532 2035 3635 2090 λα-

2041 2116 2151 2170 ϐὼν
2187 2117 2283 2188 τῆς
2326 2119 2598 2181 ἀπωλείας
2634 2137 2757 2189 μου,
2792 2121 2880 2185 δός
2923 2139 3050 2175 ποτε
3077 2123 3259 2176 καὶτὸ
3287 2123 3378 2177 σὺν
3405 2124 3637 2197 θέλημα

2040 2209 2293 2278 γενέσθαι
2321 2212 2377 2264 ὲν
2417 2210 2563 2281 ἐμοί.
2593 2210 2801 2283 Ὥσπερ
2830 2211 2938 2282 γὰρ
2971 2213 3028 2264 ἐν
3071 2214 3180 2276 τοῖς
3209 2211 3481 2282 ζοφώδεσι
3519 2216 3635 2267 τῶν

2040 2300 2319 2371 σπηλαίων
2349 2301 2524 2371 φωτὸς
2556 2302 2992 2373 είσκομισϐέντος
3021 2305 3049 2356 ό
3070 2303 3232 2374 ζόφος
3256 2306 3628 2374 ἀφανίζεται·

2038 2390 2180 2445 οὕτω
2220 2391 2313 2445 τοῦ
2361 2391 2454 2445 σοῦ
2502 2392 2803 2464 θελήματος
2843 2395 2901 2447 ὲν
2949 2395 3074 2464 ἐμοὶ
3111 2396 3428 2465 γενομένου,
3475 2400 3635 2451 πᾶσα

2039 2482 2249 2554 πονηρὰ
2279 2485 2372 2537 καὶ
2410 2484 2609 2549 ἄτοπος
2646 2486 2746 2554 τῆς
2782 2486 3155 2558 προαιρέσεως
3201 2487 3415 2558 κίνησις
3449 2491 3537 2553 εἰς
3569 2489 3633 2542 τὸ

2042 2574 2116 2646 μὴ
2161 2575 2221 2628 ὃν
2252 2575 2617 2645 περιΐσταται.
2661 2575 2724 2629 Ἡ
2771 2576 2879 2649 γὰρ
2932 2577 3254 2650 σωφροσύνη
3300 2580 3492 2633 σϐέσει
3529 2581 3631 2653 τὴν

2038 2664 2329 2718 ἀκόλαστον
2350 2667 2442 2719 καὶ
2457 2666 2676 2737 ἐμπαθῆ
2701 2668 2800 2737 τῆς
2827 2668 3060 2732 διανοίας
3084 2670 3261 2742 ὁρμήν
3279 2687 3293 2700 ’
3322 2673 3631 2742 ήταπεινο-

2039 2758 2277 2833 φροσιξνη
2307 2757 2672 2811 καταναλώσει
2697 2760 2787 2811 τὸν
2804 2759 2998 2826 τῦφον·
3021 2762 3055 2831 ἡ
3088 2762 3377 2833 μετριότης
3411 2764 3627 2818 ἰάσεται

2035 2848 2136 2917 τῆς
2163 2848 2532 2918 ὑπερηφανίας
2572 2850 2669 2919 τὴν
2698 2850 2850 2903 νόσον
2872 2866 2884 2878 ·
2917 2850 2978 2904 τὸ
3008 2851 3065 2904 δὲ
3089 2853 3186 2923 τῆς
3234 2854 3463 2926 ἀγάπης
3490 2857 3627 2924 ἀγα-

2039 2938 2129 2991 θὸν
2159 2940 2325 2993 πολὺν
2371 2940 2667 3008 κατάλογον
2700 2941 2807 2994 τῶν
2859 2942 3250 3013 ἀντικειμένων
3296 2947 3493 3000 κακῶν
3528 2949 3625 3018 τῆς

361 3021 576 3104 sumet:
604 3042 911 3099 moderatio
947 3041 1216 3109 superbia:
1266 3039 1512 3091 morbum
1566 3039 1817 3092 sanabit:

2148 3030 2212 3098 ἧς
2269 3029 2563 3084 ﬁmus“.
2611 3030 2814 3102 ταύτην
2854 3032 2964 3103 γὰρ
3018 3033 3293 3104 ὑποχωρεῖ
3322 3036 3386 3089 τὸ
3444 3042 3620 3107 μῖσος,

360 3134 614 3190 lectionis
644 3145 776 3186 vero
803 3130 1005 3185 bonum
1033 3143 1287 3197 magnum
1322 3142 1608 3180 numerum
1659 3127 1932 3196 ορμομίιο-

362 3241 483 3282 rum
520 3224 793 3278 malorum
834 3236 898 3276 ex
929 3218 1109 3273 anima
1142 3219 1375 3287 expellet
1403 3236 1414 3270 :
1447 3217 1575 3271 huic
1606 3217 1751 3271 enim
1788 3218 1933 3272 cedit

361 3316 571 3379 odium,
607 3313 830 3375 invidia,
863 3310 1135 3372 simultas,
1170 3310 1263 3363 ira:
1314 3315 1527 3370 motus,
1562 3308 1806 3363 animosa
1852 3307 1932 3361 af-

359 3404 545 3471 fectio,
579 3402 809 3465 insidia,
843 3399 1140 3461 simulatio,
1190 3398 1564 3452 molestiarum
1612 3408 1665 3453 et
1701 3397 1932 3468 injuria-

358 3509 482 3549 rum
510 3492 793 3555 memoria,
825 3488 1077 3544 vindicta:
1106 3487 1325 3556 cupido,
1362 3486 1770 3542 effervescentis
1801 3502 1931 3542 san-

355 3584 540 3659 guinis
573 3583 717 3638 circa
770 3596 890 3646 cor,
928 3580 1161 3634 acerbus
1213 3589 1266 3634 et
1321 3579 1663 3633 truculentus
1714 3579 1930 3643 oculus,

357 3676 538 3733 omnis
567 3675 755 3728 talium
794 3672 1049 3727 vitiorum
1086 3686 1215 3741 grex
1267 3669 1580 3725 dilectionis
1639 3669 1929 3723 affectione

358 3768 579 3840 pellitur
604 3767 728 3821 :‘ita
761 3764 1031 3835 duplicem
1070 3762 1489 3837 simulacrorum
1518 3762 1724 3816 cultum
1781 3760 1928 3829 ejicit

358 3858 595 3913 ellicacia
621 3856 818 3911 divinae
846 3852 1142 3908 voluntatis
1169 3871 1184 3919 ;
1219 3852 1515 3922 duplicem,
1538 3853 1779 3920 inquam,
1812 3858 1925 3904 tum

358 3949 505 4003 circa
544 3946 858 4006 simulacra,
902 3950 1014 3996 tum
1077 3941 1225 4017 circa
1280 3948 1562 4010 argentum
1601 3948 1655 3994 et
1711 3954 1924 4001 aurum,

358 4037 628 4094 insaniam
659 4043 821 4103 atque
846 4032 1131 4086 furorem:
1179 4046 1300 4101 quae
1338 4047 1519 4087 sermo
1576 4030 1927 4100 preplieticus

359 4129 654 4186 simulacra
681 4126 927 4197 gentium
970 4123 1272 4177 nominavit
1293 4123 1358 4177 “.
1382 4120 1503 4175 Fiat
1534 4122 1697 4192 igitur
1734 4121 1927 4175 volun-

355 4232 439 4277 tas
460 4230 574 4284 ttta,
600 4226 657 4272 ut
689 4214 891 4271 diaboli
919 4214 1173 4267 voluntas
1190 4212 1590 4280 exstinguatur.
1621 4209 1725 4265 Sed
1748 4225 1927 4279 quare

353 4325 643 4383 precamur
675 4317 734 4363 ut
767 4323 797 4361 a
845 4306 951 4361 Deo
1010 4305 1211 4360 bonum
1254 4303 1415 4358 nobis
1451 4301 1617 4357 animi
1670 4301 1924 4371 proposi~

351 4412 468 4457 tum
494 4399 819 4470 contingat?
844 4398 970 4468 quia
995 4397 1208 4452 infirma
1237 4395 1301 4449 ad
1337 4395 1536 4449 bonum
1567 4402 1652 4449 est
1683 4394 1919 4448 humana

351 4500 940 4562 natura,posteaquam
971 4489 1136 4544 semel
1166 4504 1259 4557 per
1292 4487 1638 4541 vitiositatcm
1652 4494 1921 4539 enervata

352 4592 471 4640 est:
499 4598 606 4639 non
640 4583 786 4637 enim
818 4581 891 4634 ita
929 4579 1089 4635 facile
1126 4595 1158 4634 a
1190 4580 1334 4633 male
1366 4593 1560 4633 rursus
1600 4577 1666 4632 ad
1717 4577 1919 4632 bonum

351 4675 516 4729 homo
552 4673 865 4734 revertitur,
912 4680 973 4725 ut
1008 4684 1038 4723 a
1074 4670 1218 4725 bono
1276 4670 1341 4724 ad
1389 4669 1591 4723 malum
1651 4669 1917 4734 accessit;

349 4764 806 4837 quemadmodum
866 4763 1030 4817 etiam
1096 4762 1152 4814 in
1211 4761 1536 4830 corporibus
1595 4762 1718 4817 talis
1782 4761 1920 4816 ratio

349 4856 707 4913 animadverti
738 4862 936 4924 potest,
980 4853 1122 4922 quod
1155 4867 1263 4908 non
1313 4853 1505 4917 simili,
1545 4870 1723 4923 neque
1767 4867 1921 4924 atque

347 4948 634 5004 commoda
691 4962 757 4999 ac
816 4943 959 4998 facili
1028 4943 1240 4998 ratione
1306 4953 1420 4997 tum
1462 4959 1656 5000 sanum
1717 4960 1920 5015 corpus

347 5041 542 5095 morbo
572 5037 870 5092 obnoxium
902 5034 982 5102 ﬁt,
1011 5043 1123 5088 tum
1152 5034 1294 5103 quod
1330 5034 1521 5089 morbo
1550 5036 1878 5090 laboraverit
1899 5074 1914 5099 ,

346 5140 591 5185 sanatur.
623 5127 757 5181 Nam
790 5126 881 5195 qui
916 5125 1078 5196 paulo
1113 5135 1240 5180 ante
1274 5126 1326 5180 in
1377 5126 1611 5181 sanitate
1662 5124 1913 5196 degebat,

346 5224 430 5278 vel
465 5238 561 5293 per
597 5236 765 5275 unum
815 5220 1018 5274 vulnus
1056 5219 1205 5273 venit
1243 5219 1297 5272 in
1338 5217 1640 5287 periculum
1683 5219 1912 5273 mortis:

353 5320 520 5391 atque
552 5325 697 5364 unus
728 5308 966 5363 ambitus
1004 5316 1098 5361 aut
1128 5308 1373 5362 accessio
1416 5304 1582 5361 febris
1628 5305 1914 5360 firmitudi-

347 5416 473 5456 nem
519 5415 734 5454 omnem
785 5399 1032 5467 corporis
1084 5412 1147 5454 ac
1176 5398 1414 5470 vigorem
1467 5396 1667 5452 solvit:
1702 5405 1755 5452 et
1799 5401 1913 5454 exi-

420 5576 462 5607 "
502 5573 648 5630 Psal.
686 5588 852 5639 cxttt,
889 5574 943 5630 4.

2032 3122 2062 3173 ὁ
2090 3120 2299 3187 φθόνος,
2330 3123 2362 3192 ὴ
2396 3120 2632 3193 μῆνις,ή
2667 3123 2786 3176 κατ’
2819 3122 2986 3194 ὀργὴν
3021 3125 3255 3196 κίνησις,
3286 3130 3323 3197 η
3360 3127 3622 3200 θυμώδης

2032 3212 2291 3278 διάθεσις,
2322 3216 2356 3283 ὴ
2408 3214 2687 3285 ἐπιϐουλὴ,
2719 3217 2751 3284 ἡ
2798 3216 3107 3286 ὑπόκρισις,
3137 3220 3169 3290 ἡ
3214 3219 3325 3272 τῶν
3356 3220 3623 3292 λυπηρῶν

2035 3308 2241 3377 μνήμη,
2272 3308 2306 3376 η
2349 3307 2445 3376 τῆς
2489 3307 2895 3377 ἀντιλυπήσεως
2942 3309 3143 3378 δρεξις.
3182 3311 3215 3381 ἠ
3262 3313 3621 3384 περικάρδιος

2030 3397 2123 3449 τοῦ
2150 3396 2379 3467 αἵματος
2413 3396 2579 3461 ζέσις,
2614 3399 2642 3449 ὁ
2681 3398 2873 3467 πικρὸς
2900 3398 3196 3468 ὀφθαλμός.
3224 3399 3417 3453 Ταῦτα
3446 3403 3482 3472 ἡ
3511 3419 3619 3455 toto

2030 3487 2201 3541 ούτων
2233 3488 2419 3542 κακῶν
2448 3489 2616 3560 ἀγέλη
2647 3493 2713 3561 τῇ
2749 3491 3063 3562 ἁγαπητικῇ
3096 3490 3335 3545 διαθέσει
3362 3493 3619 3563 ἐξαφανί-

2031 3579 2199 3643 ζεται.
2238 3577 2423 3641 Οὕτως
2450 3579 2698 3633 ἐκϐάλλει
2734 3579 2828 3650 τὴν
2854 3580 3265 3652 εἰδωλολατρίαν
3298 3583 3333 3651 ἠ
3362 3584 3616 3654 ἐνέργεια

2028 3670 2122 3723 τοῦ
2155 3669 2289 3723 Θεοῦ
2326 3669 2660 3741 βουλήματος
2683 3685 2696 3698 ·
2731 3670 2922 3739 διπλῆν
2950 3670 3008 3723 δέ
3051 3688 3216 3742 φημι,
3246 3674 3348 3743 τήν
3392 3690 3455 3726 τε
3490 3677 3615 3743 περὶ

2028 3760 2097 3813 τὰ
2140 3761 2352 3824 εἴδωλα,
2404 3760 2499 3814 καὶ
2548 3760 2646 3831 τὴν
2690 3761 2817 3830 περὶ
2846 3760 2906 3812 τὸ
2936 3759 3198 3830 ἀργύριον
3251 3762 3348 3814 καὶ
3393 3763 3613 3835 χρυσίον

2032 3853 2249 3924 μανίαν,
2285 3851 2426 3921 ἅπερ
2475 3851 2669 3905 εἴδωλα
2710 3852 2818 3906 τῶν
2864 3852 3033 3906 ἐθνῶν
3070 3852 3100 3905 ὁ
3130 3856 3231 3925 τῆς
3272 3840 3607 3925 προξητείας

2028 3942 2279 4012 ὠνόμασε
2303 3941 2479 4010 λόγος.
2514 3941 2800 4012 Γενηθήτω
2826 3941 3005 3995 τοίνυν
3041 3942 3103 3995 τὺ
3136 3942 3354 4015 θέλημά
3383 3963 3505 4013 σου,
3528 3947 3603 3999 ἴνα

2030 4032 2229 4104 σϐεσθῇ
2262 4031 2355 4085 τοῦ
2386 4031 2630 4085 διαϐόλου
2664 4031 2723 4084 τὸ
2751 4031 2983 4102 θέλημα.
3018 4030 3120 4084 Διὰ
3144 4033 3198 4085 τί
3242 4032 3300 4086 δὲ
3330 4033 3433 4105 τὴν
3462 4034 3603 4104 παρὰ

2025 4123 2120 4176 τοῦ
2144 4123 2278 4177 Θεοῦ
2306 4123 2558 4192 γενέσθαι
2576 4122 2673 4194 τὴν
2697 4123 2906 4193 ἀγαθὴν
2940 4126 3072 4194 ἡμῖν
3094 4126 3420 4197 προαίρεσιν
3447 4128 3600 4180 ἐπευ-

2025 4216 2263 4287 χόμεθα;
2308 4216 2429 4270 Ὀτι
2472 4215 2704 4284 ἀσθενὴς
2743 4220 2773 4285 ὴ
2811 4215 3125 4287 ἀνθρωπίνη
3177 4217 3341 4286 φύσις
3386 4220 3524 4291 πρὸς
3549 4221 3602 4271 τὸ

2027 4307 2228 4375 ἀγαθόν
2275 4309 2444 4371 ἐστιν,
2494 4306 2644 4371 ἅπαξ
2687 4306 2774 4359 διὰ
2814 4306 3013 4371 κακίας
3048 4308 3486 4378 ὲκνευρισθεῖσα.
3531 4312 3598 4363 Οὐ

2024 4399 2133 4471 γὰρ
2166 4397 2305 4469 μετὰ
2333 4400 2429 4469 τῆς
2467 4399 2635 4468 αὐτῆς
2683 4398 2950 4462 εὐκολίας,
2986 4393 3053 4470 ἦς
3091 4398 3228 4470 πρὸς
3273 4400 3338 4453 τὸ
3377 4402 3540 4456 κακὸν
3573 4405 3599 4455 ὁ

2025 4489 2307 4562 ἄνθρωπος
2337 4489 2577 4560 ἔρχεται,
2609 4490 2704 4543 καὶ
2732 4489 2839 4543 άπὸ
2862 4490 3051 4542 τούτου
3086 4490 3249 4544 πάλιν
3279 4493 3376 4545 ἐπὶ
3398 4494 3460 4548 τὸ
3480 4496 3599 4562 ἀγα-

2025 4580 2117 4636 θὸν
2152 4580 2511 4651 ἐπανέρχεται
2532 4599 2545 4612 ·
2571 4580 2762 4651 ῶσπερ
2800 4580 2895 4633 καὶ
2925 4581 3019 4633 ἐπὶ
3043 4580 3150 4634 τῶν
3186 4584 3459 4653 σωμάτων
3496 4586 3597 4638 ἔστι

2024 4672 2354 4741 κατανοῆσαι
2382 4672 2473 4725 τὸν
2504 4671 2743 4726 τοιοῦτον
2776 4673 2951 4741 λόγον,
2978 4674 3061 4726 ὅτι
3093 4674 3191 4743 οὐχ
3229 4674 3458 4744 ὁμοίως,
3485 4677 3597 4729 οὐδὲ

2026 4761 2163 4833 μετὰ
2190 4762 2289 4832 τῆς
2319 4762 2439 4833 ίσης
2471 4761 2773 4835 ῥᾳστώνης,
2807 4763 2871 4816 τό
2904 4781 2963 4817 τε
2987 4764 3229 4833 ὑγιαῖνον
3262 4767 3323 4818 ὲν
3347 4767 3490 4837 νόσῳ
3516 4769 3596 4836 γί-

2025 4870 2194 4916 νεται,
2232 4854 2327 4906 καὶ
2353 4852 2413 4906 τὸ
2445 4854 2732 4924 νενοσηκλς
2774 4855 3073 4923 ὑγιάζεται.
3116 4856 3174 4908 ’0
3211 4857 3322 4929 γὰρ
3351 4858 3412 4911 ὲν
3444 4859 3595 4930 ὑγεία

2023 4944 2159 5008 τέως
2186 4944 2403 5012 διάγων,
2436 4946 2528 4998 καὶ
2552 4946 2619 4999 δι’
2651 4946 2765 5009 ἐνὸς
2791 4946 3047 5011 πολλάκις
3070 4946 3389 5019 τραύματος
3411 4952 3488 5013 είς
3511 4950 3593 5003 τὸν

2023 5036 2152 5106 περὶ
2181 5035 2289 5088 τῶν
2314 5037 2559 5105 ἐσχάτων
2589 5036 2831 5091 κίνδυνον
2874 5033 3006 5108 ἦλθε
3033 5054 3048 5071 ·
3083 5038 3176 5092 καὶ
3211 5040 3313 5110 μία
3359 5042 3590 5114 περίοδος

2022 5125 2054 5194 ἦ
2095 5123 2365 5194 καταϐολὴ
2402 5124 2637 5195 πυρετοῦ
2679 5126 2854 5179 πάντα
2885 5126 2977 5180 τὸν
3022 5126 3115 5180 τοῦ
3160 5127 3420 5199 σώματος
3452 5131 3589 5184 τόνον

2020 5215 2282 5280 διέλυσεν,
2310 5213 2405 5267 καὶ
2443 5213 2669 5285 βραχεῖα
2719 5215 3043 5288 δηλητηρίοῦ
3093 5217 3304 5284 γεῦσις,
3341 5220 3377 5290 η
3410 5237 3589 5274 παντί.
3660 5240 3661 5253 ι

2017 5306 2124 5370 λῶς
2157 5304 2481 5377 διέφθειρεν,
2513 5305 2545 5376 ἢ
2595 5307 2724 5378 παρ’
2757 5306 2935 5377 ὀλίγον
2983 5308 3141 5362 τοῦτο
3186 5310 3479 5382 ἐποίησεν
3507 5312 3588 5365 καὶ

2016 5399 2252 5469 δήγματι
2283 5396 2535 5471 ἑρπετοῦ,
2562 5396 2595 5468 ἢ
2631 5397 2842 5471 κέντρῳ
2874 5401 2980 5455 τινι
3008 5399 3117 5455 τῶν
3144 5400 3395 5468 ἰοϐόλων,
3433 5402 3468 5477 ἢ
3492 5399 3585 5456 61t-
