3738 5984
152 248 181 301 1
204 241 306 304 t65

1101 244 1190 304 tua
1216 236 1567 306 ORATIONE
1606 244 1953 322 DoMIthA.
1975 277 2046 288 -
2072 230 2329 303 ORATIO
2362 245 2451 302 tv.

3271 242 3410 300 “66

155 365 426 436 σθήματι,
466 354 1006 436 ἧκαταπτῶματι,ἢ
1056 365 1259 419 πλείονι
1314 366 1410 436 τῆς
1452 366 1732 457 δυνάμεως

1913 378 1998 417 um
2033 377 2096 419 ac
2121 377 2348 433 parvum
2383 361 2574 416 veneni
2606 367 2907 432 gustatum,
2946 362 3032 418 vel
3070 361 3291 433 penitus
3314 363 3402 416 in«

152 454 461 527 ἀδηφαγίᾳ,
487 455 519 525 ἢ
546 455 691 527 ἄλλῳ
722 456 826 509 τινὶ
856 453 1102 526 τοιούτῳ,
1139 456 1343 521 εὐθέως
1372 453 1741 526 ἐπηκολούθη-

156 561 257 597 σεν
295 542 330 615 ἢ
378 545 552 607 νόσος.
604 544 637 614 ἢ
691 543 1013 614 θάνατο;·ή
1062 545 1119 597 δὲ
1169 545 1263 598 τοῦ
1313 547 1741 617 ἁρῥωστήματος

156 633 474 705 ἀπαλλαγὴ,
505 634 721 698 πολλαῖς
752 634 1014 698 ἐπινοίαις
1038 637 1264 702 γίνεται,
1296 637 1392 689 καὶ
1413 637 1738 699 δυσκολίαις.

158 725 258 778 καὶ
290 726 509 795 τέχναις
558 727 848 795 ἰατρικαῖς,
900 726 994 779 ἐὰν
1046 728 1153 797 ἄρα
1205 727 1300 781 καὶ
1351 729 1594 797 γένηται.
1646 728 1740 783 Διὰ

156 818 324 872 τοῦτο
354 819 491 889 πρὸς
525 819 625 888 μὲν
655 819 715 871 τὸ
740 821 906 873 κακὸν
937 823 1064 890 ἡμῖν
1092 822 1187 890 τῆς
1217 821 1395 891 ὁρμῆς
1426 821 1737 891 γενομένης,

155 910 224 962 οὐ
252 910 414 979 χρεία
460 908 551 961 τοῦ
586 910 992 981 συνεργοῦντος,
1040 911 1359 981 αὐτομάτως
1390 913 1447 963 ὲν
1478 912 1556 982 τῷ
1584 912 1741 982 θελή-

162 1012 298 1070 ματι
327 1001 481 1071 ἡμῶν
510 992 608 1071 τῆς
629 1001 826 1065 κακίας
857 1002 1055 1073 ἑαυτὴν
1078 1002 1388 1073 τελειούσης
1408 1020 1422 1034 ’
1455 1004 1581 1055 εἰδὲ
1607 1003 1740 1072 πρὸς

153 1090 223 1147 τὸ
262 1096 511 1164 κρεῖττον
532 1093 740 1162 γένοιτο
768 1096 800 1163 ἡ
837 1093 994 1164 ῥοπὴ,
1029 1093 1122 1147 τοῦ
1165 1094 1299 1147 Θεοῦ
1329 1095 1486 1165 χρεία
1514 1094 1609 1148 τοῦ
1642 1095 1739 1165 τὴν

155 1184 462 1254 ἐπιθυμίαν
487 1186 567 1248 είς
597 1184 756 1253 ἔργον
797 1186 1041 1253 ἄγοντος.
1075 1186 1173 1239 Διὰ
1214 1185 1371 1240 τοῦτό
1412 1196 1623 1257 φαμεν·
1659 1188 1739 1240 ὅτι

159 1276 388 1347 Ἐπειδὴ
413 1275 619 1348 θέλημά
651 1286 742 1334 σου
766 1276 913 1332 ἐστὶν
940 1281 970 1346 ἡ
1002 1278 1340 1349 σωφροσύνη,
1374 1277 1484 1347 ἐγὼ
1524 1279 1578 1333 δὲ
1612 1280 1742 1352 σάρ-

158 1366 321 1428 κινός
371 1366 489 1435 εἰμι
537 1367 886 1437 πεπραμένος
917 1368 1022 1421 ὑπὸ
1062 1368 1159 1440 τὴν
1207 1370 1616 1441 ἁμαρτίανδ’τῇ
1672 1372 1737 1439 σῇ

158 1453 397 1524 δυνάμει
450 1453 813 1526 κατορθωθείη
852 1468 941 1525 μοι
985 1456 1046 1509 τὸ
1079 1457 1280 1525 ἀγαθὸν
1303 1456 1462 1511 τοῦτο
1491 1456 1701 1528 θέλημα
1723 1475 1738 1490 ·
1776 1448 1793 1461 ⁸

156 1542 341 1605 οὕτως
372 1542 405 1612 ή
445 1542 780 1612 δικαιοσύνη,
823 1545 857 1612 ἡ
904 1544 1169 1610 εὐσέϐεια,
1199 1548 1232 1617 ὴ
1267 1545 1375 1599 τῶν
1418 1547 1606 1601 παθῶν
1643 1546 1742 1600 ἁλε-

157 1632 469 1703 λοτρίωσις.
511 1633 577 1686 Ἠ
603 1632 713 1704 γὰρ
743 1633 838 1686 τοῦ
866 1633 1167 1705 θελήματος
1198 1635 1368 1706 φωνὴ,
1400 1637 1578 1701 πάσας
1597 1648 1741 1706 γενι-

155 1721 281 1785 κῶς
328 1721 792 1793 ἐμπεριλαμϐάνει
836 1722 937 1785 τὰς
969 1724 1188 1795 ἀρετὰς,
1221 1728 1313 1779 καὶ
1356 1726 1426 1780 τὰ
1466 1726 1585 1780 καθ’
1608 1728 1739 1780 ἔκα-

157 1828 297 1866 στον
326 1812 434 1866 τῶν
470 1816 527 1866 ὲν
563 1812 641 1883 τῷ
677 1814 866 1884 ἀγαθῴ
909 1816 1232 1887 νοουμένων,
1269 1821 1327 1873 ἐν
1359 1818 1436 1888 τῷ
1474 1813 1739 1891 θελήματι

156 1904 260 1959 τοῦ
296 1905 429 1959 Θεοῦ
461 1906 763 1974 θεωρεῖταιε

1843 450 2061 515 ten-ficit,
2093 452 2177 507 vel
2203 451 2334 521 quin
2361 451 2411 505 id
2437 450 2621 515 faciat,
2648 466 2839 521 parum
2865 453 3018 508 abest
3042 469 3057 507 :
3081 459 3135 508 et
3162 466 3405 506 morsum

1841 543 2133 613 serpentis,
2174 550 2269 597 aut
2310 543 2559 597 aculeum
2582 544 2833 597 venenati
2861 543 3094 613 alicujus
3126 543 3403 603 animalis.

1836 642 1933 687 aut
1964 635 2197 704 lapsum,
2234 642 2327 687 aut
2367 633 2618 698 ruinam,
2657 641 2752 686 aut
2815 633 3014 704 largius
3051 649 3213 704 quam
3260 635 3406 689 vires

1842 724 1984 780 ferre
2032 726 2242 797 possint
2290 733 2564 795 sumptum
2612 726 2814 787 cibum,
2855 734 2949 779 aut
3012 725 3214 795 aliquid
3258 724 3403 779 aliud

1841 817 2138 886 ejusmodi,
2169 816 2350 872 statim
2382 816 2463 869 vel
2490 815 2712 869 morbus
2751 816 3020 883 sequitur,
3074 814 3157 869 vel
3209 826 3356 868 mors
3388 830 3404 866 ι

1843 916 1897 962 at
1937 908 2113 961 morbi
2169 906 2479 977 proﬂigatio
2523 906 2710 961 multis
2751 905 3046 961 solertibus
3079 905 3318 959 inventis
3351 912 3408 957 et

1842 998 2152 1054 rationibus
2199 996 2545 1067 excogitatis,
2578 995 2744 1049 multa
2782 1012 2903 1050 cum
2964 995 3297 1058 dillicultate,
3350 1004 3408 1048 et

1842 1091 2054 1144 artibus
2093 1088 2323 1144 medicis
2368 1086 2680 1150 conficitur,
2743 1086 2788 1141 si
2822 1085 2962 1140 forte
2992 1086 3156 1141 etiam
3212 1084 3406 1140 confici

1844 1183 2039 1252 possit.
2068 1180 2277 1236 Idcirco
2304 1194 2427 1234 cum
2456 1178 2524 1232 ad
2558 1176 2760 1231 malum
2798 1176 3018 1246 quidem
3049 1190 3114 1230 ac
3140 1175 3326 1229 vitium
3350 1174 3406 1228 in

1842 1272 2002 1326 nobis
2032 1272 2144 1325 ruit
2170 1271 2461 1340 appetitus,
2488 1283 2594 1321 non
2630 1281 2771 1335 opus
2795 1276 2881 1322 est
2907 1266 3179 1335 adiutore,
3208 1265 3411 1339 quippe

1843 1363 1897 1417 in
1930 1363 2212 1417 voluntate
2240 1369 2426 1415 nostra
2455 1359 2753 1414 vitiositate
2782 1359 3018 1427 seipsaut
3070 1358 3216 1411 ultro
3245 1354 3411 1427 perli-

1842 1455 2060 1519 ciente;
2090 1452 2233 1522 quod
2269 1452 2313 1508 si
2343 1453 2398 1505 in
2428 1451 2624 1506 melius
2665 1449 2946 1504 inclinatio
2975 1448 3082 1509 fiat,
3109 1447 3223 1503 Deo
3272 1456 3412 1517 opus

1841 1554 1946 1608 est,
1990 1546 2085 1615 qui
2120 1544 2362 1599 studium
2392 1550 2446 1596 et
2474 1541 2808 1598 desiderium
2840 1541 2907 1596 ad
2942 1556 3082 1610 opus
3128 1538 3408 1609 perducat.

1843 1635 2136 1704 Propterea
2164 1633 2437 1689 dicimus:
2470 1631 2736 1698 Quoniam
2785 1631 3043 1686 voluntas
3080 1637 3172 1684 tua
3208 1636 3412 1697 tempe-

1844 1727 2018 1781 rantia
2058 1734 2164 1789 est,
2211 1738 2312 1793 ego
2358 1738 2488 1778 vero
2532 1737 2766 1777 carneus
2814 1736 2960 1787 sum,
3019 1718 3274 1774 venditus
3308 1715 3415 1772 sub

1847 1828 2155 1891 peccatum,
2207 1815 2408 1871 virtute
2452 1821 2546 1868 tua
2603 1816 2719 1869 haec
2774 1813 2917 1868 bona
2973 1812 3106 1866 mihi
3158 1811 3411 1865 voluntas

1851 1909 2137 1978 contingat
2169 1925 2182 1961 :
2217 1906 2295 1960 ita
2338 1904 2575 1974 iustitia,
2620 1904 2814 1975 pietas,
2866 1918 2899 1957 a
2931 1903 3078 1958 vitiis
3133 1900 3411 1957 alienatio.

156 1998 302 2053 Nam
371 1999 664 2054 voluntatis
724 1994 1047 2055 vocabulum
1100 1994 1427 2071 generaliter
1491 2016 1679 2060 omnes
1730 2004 1960 2059 virtutes
2014 2003 2067 2056 in
2107 2015 2166 2058 se
2217 1999 2666 2071 comprehendit,
2714 2012 2779 2053 ac
2811 2012 2933 2068 quae
2978 1995 3290 2067 singulatim
3353 1993 3413 2050 in

158 2094 313 2148 bono
339 2093 730 2163 intelliguntur,
769 2093 823 2147 in
864 2095 1145 2150 voluntate
1184 2094 1276 2149 Dei
1312 2097 1494 2151 omnia
1522 2098 2051 2152 animadvertuntur.

250 2181 412 2235 Ἀλλὰ
439 2181 495 2234 τί
528 2180 772 2251 βούλεται
806 2184 839 2251 ἡ
875 2182 1157 2253 προσθήκη
1197 2183 1291 2237 τοῦ
1334 2183 1515 2254 λόγου,
1557 2186 1739 2252 Ὠς-ἐν

152 2270 401 2341 οὐρανῷ
428 2273 526 2325 καὶ
552 2271 652 2325 ἐπὶ
675 2273 782 2339 τῆς
800 2273 946 2343 γῆς;
975 2273 1129 2344 Τάχα
1157 2284 1246 2345 μοι
1272 2276 1418 2329 δοκεῖ
1440 2277 1547 2329 τῶν
1575 2276 1738 2347 βαθυ-

152 2365 219 2420 τέ
229 2381 340 2435 ρων
361 2381 414 2416 τι
430 2363 714 2434 δογμάτων
734 2365 1123 2436 ὑποσημαίνειν
1146 2369 1173 2419 ὁ
1187 2366 1363 2435 λόγος,
1381 2366 1473 2421 καί
1486 2385 1606 2422 τινα
1624 2383 1741 2422 ποι·-

151 2456 347 2509 εἰσθαι
390 2454 734 2509 διδασκαλίαν
759 2454 1092 2527 θεοπρεποῦς
1114 2457 1348 2523 διανοίας
1370 2460 1426 2512 ἐν
1447 2462 1512 2531 τῇ
1541 2459 1742 2531 θεωρίᾳ

154 2549 268 2618 τῆς
279 2547 606 2611 κτίσεως.⁴“0
617 2547 672 2599 δὲ
684 2547 828 2616 λέγω
837 2548 1076 2602 τοιοῦτόν
1092 2553 1226 2604 ἐστι’
1240 2551 1579 2622 Μεμέρισται
1592 2553 1741 2607 πᾶσα

153 2644 193 2714 ἡ
222 2641 420 2712 λογικὴ
451 2641 646 2705 κτίσις,
671 2640 749 2705 εἷς
775 2657 837 2694 τε
866 2641 964 2710 τὴν
989 2640 1278 2711 ἀσώματον
1322 2643 1413 2694 καὶ
1449 2640 1546 2712 τὴν
1576 2641 1742 2696 ἐνσώ-

160 2748 343 2804 ματον
356 2732 537 2802 φύσιν.
564 2733 718 2785 Ἐστι
740 2731 795 2784 δὲ
816 2731 1077 2802 ἀγγελικὴ
1101 2732 1196 2801 μὲν
1217 2733 1249 2802 ἡ
1272 2731 1556 2802 ἀσώματος
1572 2751 1587 2764 ο
1609 2733 1668 2785 τὸ
1685 2733 1742 2786 δὲ

155 2824 255 2875 Ere
265 2839 356 2892 ρον
378 2819 516 2885 εἶδος
537 2824 696 2892 ἡμεῖς
724 2823 773 2873 οἱ
797 2821 892 2875 ἄνθ
903 2829 1089 2891 ρωποι.
1126 2820 1184 2872 'H
1206 2820 1305 2892 μὲν
1327 2818 1419 2874 οὖν
1438 2822 1621 2891 νοητὴι,
1643 2824 1740 2877 ἆτε

155 2915 229 2985 δὴ
255 2913 350 2966 τοῦ
383 2913 671 2984 βαροῦντος
693 2913 1064 2983 κεχωρισμένη
1095 2910 1343 2982 σώματος
1359 2913 1567 2984 (τούτου
1599 2914 1742 2982 λέγω

156 3004 261 3057 τοῦ
301 3003 596 3057 ἀντιτύπου
633 3019 693 3055 τε
739 3003 832 3056 καὶ
872 3004 951 3067 εἰς
994 3004 1093 3073 γῆν
1132 3002 1438 3075 βρίθοντος)
1488 3005 1584 3076 τὴν
1630 3004 1740 3058 ἄνω

158 3095 321 3165 λῆξιν
362 3092 765 3165 ἐπιπορεύεται,
809 3096 921 3154 τοῖς
958 3094 1180 3161 κούφοις
1206 3094 1263 3146 τε
1289 3096 1378 3148 καὶ
1407 3095 1742 3167 αἰθεριώδεσι
1771 3078 1813 3134 C

155 3192 355 3252 τόποις
376 3187 805 3258 ἐνδιατρίϐουσα,
833 3187 890 3238 ὲν
919 3187 1130 3257 ἐλαφρᾷ
1160 3204 1220 3239 τε
1261 3191 1352 3242 καὶ
1382 3190 1649 3260 εὐκινήτῳ
1675 3193 1740 3261 τῇ

157 3278 331 3350 φύσει
354 3295 368 3309 '
402 3281 435 3350 ἡ
460 3278 516 3332 δὲ
540 3278 701 3348 ἑτέρα
726 3277 815 3331 διὰ
841 3277 939 3330 τὴν
961 3278 1053 3331 τοῦ
1079 3279 1327 3350 σώματος
1354 3280 1510 3351 ἡμῶν
1532 3282 1665 3354 πρὸς
1683 3283 1745 3335 τὸ

159 3370 372 3440 γεῶδες
400 3369 742 3439 συγγένειαν,
767 3363 877 3423 οἷόν
902 3382 1021 3424 τινα
1058 3371 1199 3435 ἰλύος
1231 3373 1602 3442 ὑποστάθμην,
1624 3373 1742 3427 κατ’

162 3466 416 3537 ἀνάγκην
444 3466 535 3519 τὸν
566 3464 842 3537 περίγειον
869 3466 1058 3520 τοῦτον
1088 3467 1270 3538 εἴληχε
1306 3468 1438 3537 βίον.
1489 3469 1603 3521 υύκ
1627 3463 1745 3521 οῖδα.

165 3559 272 3630 μὲν
297 3558 325 3612 ὃ
343 3574 395 3611 τι
413 3556 506 3611 τοῦ
531 3555 675 3614 θείου
708 3559 867 3628 βουλή
877 3568 1044 3629 ματος
1063 3558 1151 3611 διὰ
1172 3558 1377 3612 τούτων
1403 3558 1745 3629 οἰκονομοῦν-

160 3656 281 3711 τος,
322 3644 432 3700 εἴτε
460 3648 641 3699 πᾶσαν
669 3646 803 3718 πρὸς
828 3647 1020 3718 ἑαυτὴν
1061 3647 1384 3711 οίκειοῦντος
1420 3647 1517 3718 τὴν
1546 3649 1741 3710 κτίσιν,

159 3739 247 3801 ὡς
280 3740 348 3793 ἂν
392 3738 526 3810 μήτε
555 3737 666 3791 τῶν
696 3738 957 3809 οὐρανίων
1007 3738 1311 3809 ὑψωμάτων
1338 3738 1373 3808 ἡ
1420 3739 1569 3800 κάτω
1593 3738 1744 3809 λῆξις

159 3832 512 3901 ἀμοιρήσειὲ,
560 3831 697 3901 μήτε
739 3831 768 3882 ὁ
793 3830 1018 3901 οὐρανὸς
1070 3823 1295 3883 καθόλου
1325 3829 1434 3883 τῶν
1475 3829 1615 3883 κατὰ
1644 3830 1743 3901 τὴν

161 3919 276 3987 γῆν
314 3919 681 3989 ἀμοιρήσειεν,
724 3919 800 3982 ὡς
842 3918 908 3972 ἂν
951 3914 1155 3988 γένοιτό
1186 3932 1267 3983 τις
1293 3920 1380 3975 διὰ
1408 3919 1502 3973 τοῦ
1533 3921 1741 3992 ἀνθρω-

161 4010 329 4062 πίνου
363 4009 681 4078 πλάσματος
718 4008 961 4079 ἐκατέρῳ
1009 4009 1116 4063 τῶν
1158 4009 1435 4079 στοιχείων
1488 4006 1743 4079 μετουσία

161 4098 280 4151 τῶν
318 4082 374 4150 ἐν
405 4097 618 4169 θατέρῳ
644 4098 967 4168 νοουμένων,
999 4099 1091 4152 τοῦ
1120 4116 1179 4151 τε
1213 4099 1398 4170 νοερού
1420 4100 1519 4170 τῆς
1543 4099 1739 4171 ψυχῆς,

164 4191 309 4260 ὅπερ
333 4189 481 4243 δοκεῖ
509 4189 774 4258 συγγενές
799 4206 858 4242 τε
890 4190 983 4243 καὶ
1010 4189 1276 4259 ὁμόφυλον
1296 4190 1404 4244 τῶν
1431 4191 1551 4244 κατ’
1577 4191 1743 4261 οὐρα-

164 4282 280 4336 νῶν
317 4276 453 4335 εἶναι
485 4280 786 4351 δυνάμεων,
812 4284 922 4347 τοῖς
955 4282 1163 4352 τηῖνοις
1193 4281 1439 4352 σώμασιν
1471 4281 1742 4335 ἐνοικοῦν-

1913 2187 2019 2243 Sed
2051 2185 2181 2257 quid
2213 2184 2319 2240 sibi
2345 2184 2459 2239 vult
2487 2182 2723 2253 adjectio
2755 2181 2923 2248 verbi,
2966 2172 3117 2236 Sicut
3174 2180 3229 2234 in
3282 2181 3416 2237 mlo

1840 2290 1889 2334 et
1920 2280 1971 2332 in
2003 2280 2183 2333 terra?
2216 2275 2440 2332 Videtur
2468 2275 2599 2331 mihi
2647 2289 2828 2331 sermo
2882 2274 3134 2351 aliquanl
3182 2271 3413 2328 fortasse

1842 2370 2253 2442 profundiorem
2278 2368 2521 2423 indicare
2541 2366 2893 2430 sententiam,
2919 2372 2974 2420 et
3002 2363 3291 2434 quamdam
3317 2373 3415 2432 per

1844 2459 2356 2530 contemplationem
2386 2465 2653 2512 creatura:
2684 2456 2855 2511 divini
2893 2455 3201 2510 intellectus
3230 2453 3412 2509 trade-

1842 2563 1903 2607 re
1960 2551 2286 2607 doctrinam.
2339 2548 2494 2616 Quod
2549 2559 2729 2604 autem
2776 2548 2922 2611 dico,
2957 2546 3063 2602 tale
3088 2544 3414 2602 est:0mnis

1845 2648 2095 2695 creatura
2129 2640 2410 2695 rationalis
2440 2639 2638 2709 partim
2671 2638 2725 2691 in
2758 2638 3153 2707 incorporeatu,
3211 2635 3409 2705 partim

1848 2733 1901 2787 in
1937 2742 2257 2802 corpoream
2282 2741 2532 2785 naturam
2564 2730 2739 2784 divisa
2762 2740 2865 2785 est.
2895 2729 2991 2785 Est
3010 2736 3198 2784 autem
3244 2742 3410 2798 ange-

1848 2824 1951 2877 lica
1979 2821 2194 2891 quidem
2253 2823 2622 2891 incorporea:
2679 2822 2847 2875 altera
2896 2835 3025 2875 vero
3079 2819 3260 2890 specie
3310 2833 3415 2873 nos

1846 2914 2095 2968 homines
2124 2925 2332 2968 sumus.
2361 2914 2537 2982 Atque
2562 2913 2652 2983 illa
2680 2912 2895 2980 quidem
2919 2927 3059 2981 quae,
3094 2911 3412 2980 incorporea

1846 3022 1968 3061 cum
2002 3007 2093 3073 sit,
2123 3006 2237 3061 sola
2266 3012 2444 3059 mente
2469 3003 2966 3073 comprehenditur,
2999 3013 3060 3059 ut
3101 3018 3223 3073 quae
3248 3001 3412 3056 nimia

1846 3114 1967 3152 rum
1993 3113 2023 3152 a
2055 3104 2314 3168 gravante
2333 3110 2560 3166 corpore
2592 3103 2800 3150 remota
2853 3103 3015 3166 atque
3056 3094 3301 3164 seiuncta
3343 3093 3415 3149 sit

1845 3192 1933 3253 (de
1956 3191 2059 3245 hoc
2087 3191 2280 3260 loquor
2301 3189 2458 3255 duro,
2513 3189 2787 3252 renitenti,
2818 3200 2884 3243 ac
2915 3188 3155 3259 pondere
3201 3202 3303 3243 suo
3344 3187 3412 3241 ad

1844 3291 2045 3338 terram
2074 3290 2330 3350 vergente
2360 3281 2737 3350 corpore),per
2779 3294 3031 3351 superam
3067 3288 3273 3349 partem
3312 3279 3411 3332 ob-

1846 3380 2094 3429 versatur
2119 3373 2174 3427 in
2199 3373 2408 3427 levibus
2430 3378 2485 3426 et
2510 3372 2761 3427 aethereis
2804 3372 2962 3434 locis,
3016 3372 3314 3426 immorans
3356 3370 3413 3424 in

1846 3463 1970 3534 agili
1987 3473 2042 3518 et
2061 3462 2310 3532 espedita
2331 3470 2558 3528 natura;
2579 3463 2747 3516 altera
2768 3475 2896 3516 vero
2923 3468 3149 3530 propter
3162 3461 3412 3530 corporis

1843 3554 2019 3609 nostri
2045 3567 2171 3607 cum
2212 3558 2389 3606 terrea
2441 3560 2634 3605 natura
2694 3551 3095 3621 cognationem,
3154 3557 3411 3619 tanquam

1845 3644 1959 3698 limi
1989 3651 2042 3697 et
2082 3642 2229 3697 faecis
2277 3641 2548 3711 quoddam
2613 3640 2998 3703 sedimentum,
3047 3639 3185 3694 hanc
3243 3647 3414 3694 terre-

1845 3744 2011 3791 strem
2036 3734 2200 3788 vitam
2228 3733 2556 3787 necessitate
2583 3731 2780 3786 sortita
2819 3736 2920 3785 est.
2975 3729 3126 3784 Haud
3158 3730 3410 3799 equidem

1844 3825 1958 3879 scio
2016 3822 2147 3892 quid
2190 3834 2287 3892 per
2323 3821 2436 3876 haec
2474 3821 2656 3875 divina
2690 3822 2941 3875 voluntas
2979 3820 3311 3890 disposuerit
3347 3836 3413 3874 ao

1843 3916 2214 3979 destinaverit,
2249 3915 2363 3972 sive
2387 3929 2602 3969 omnem
2627 3912 2731 3967 sibi
2761 3921 3066 3967 creaturam
3093 3911 3412 3966 consociare

1842 4014 2004 4078 alque
2023 4006 2318 4062 conciliare
2347 4004 2637 4066 studuerit,
2665 4010 2723 4057 ut
2749 4018 2924 4072 neque
2956 4000 3168 4058 inferna
3215 4000 3409 4056 natura

1843 4099 2147 4155 cmlestium
2180 4098 2549 4163 altitudinum,-
2581 4108 2761 4164 neque
2815 4094 3013 4148 coelum
3074 4103 3409 4148 terrenarum

1844 4204 2025 4246 rerum
2061 4190 2275 4258 penitus
2301 4201 2495 4257 expers
2525 4192 2689 4249 esset,
2717 4192 2778 4239 ut
2808 4199 2905 4253 per
2936 4184 3172 4239 hominis
3209 4182 3413 4239 forma~

1846 4279 2047 4334 tionem
2078 4284 2242 4345 atque
2268 4274 2633 4329 conditionem
2666 4272 2883 4342 utrique
2934 4273 3201 4328 elemento
3257 4273 3411 4329 fieret

163 4388 286 4434 τος,
317 4371 415 4441 τῆς
456 4370 514 4424 δὲ
541 4371 747 4442 γεηρᾶς
786 4369 986 4441 ταύτης
1018 4371 1219 4441 σαρκὸς
1266 4371 1324 4423 ὲν
1367 4373 1432 4441 τῇ
1466 4372 1739 4425 ἀποκατα-

1913 4372 2027 4438 iqua
2060 4364 2402 4436 participatio
2442 4378 2632 4418 eorum
2661 4377 2782 4431 qua:
2819 4362 2872 4415 in
2919 4362 3183 4417 alterutro
3212 4363 3412 4418 intelli—

170 4462 364 4516 στάσει
400 4460 508 4514 τῶν
537 4461 754 4514 πάντων
794 4463 875 4525 είς
906 4462 994 4515 τὸν
1022 4462 1271 4531 οὐράνιον
1296 4461 1471 4532 χῶρον
1498 4465 1563 4533 τῇ
1596 4462 1739 4533 ψυχῇ

170 4553 757 4624 συμμετοικιζομένης.
827 4553 1314 4622 Ἀρπαγησόμεθα
1362 4556 1505 4624 γάρ,
1564 4548 1746 4616 καθώς

171 4661 340 4716 φησιν
372 4641 398 4698 δ
445 4644 780 4706 Ἀπάστολοςι
827 4645 898 4698 ἐν
934 4644 1235 4713 νεφέλαις,
1275 4647 1364 4711 sic
1406 4643 1747 4710 ἀπάντησιν

167 4734 284 4791 τοῦ
324 4734 579 4803 Κυρίου,
625 4737 714 4801 εὶς
742 4734 917 4803 ἀέρα,
951 4735 1046 4789 καὶ
1102 4735 1284 4801 οὕτως
1329 4734 1587 4789 πάντοτε
1623 4733 1746 4788 σὺν

169 4825 373 4894 Κυρίῳ
396 4827 672 4894 ἐσόμεθα.
713 4824 838 4878 Εἴτε
859 4818 952 4878 οὖν
976 4823 1149 4889 τοῦτο,
1179 4824 1287 4879 εἴτε
1307 4837 1359 4880 τι
1390 4824 1576 4895 ἕτερον
1597 4821 1746 4893 παρὰ

168 4917 335 4971 τοῦτο
361 4917 462 4987 τῆς
492 4916 586 4970 τοῦ
618 4916 752 4971 Θεοῦ
800 4917 991 4985 σοφίας
1028 4917 1432 4988 οἱκονομούσης,
1476 4920 1534 4971 ἐν
1559 4918 1625 4988 τῇ
1669 4914 1747 4968 δι-

170 5008 284 5080 πλῇ
319 5001 490 5078 ταύτῃ
520 5007 632 5078 ζωῇ
674 5007 987 5079 μερισθεῖσα
1019 5008 1170 5061 πᾶσα
1203 5003 1237 5078 ἡ
1271 5007 1461 5079 λογικὴ
1495 5007 1746 5078 διῄρηται

173 5097 358 5169 φύσις,
388 5100 422 5168 ἡ
454 5098 551 5168 μὲν
581 5097 869 5168 ἀσώματος
891 5097 990 5169 τὴν
1021 5098 1269 5168 οὐράνιον
1301 5098 1537 5168 λαχοῦσα
1569 5114 1746 5168 μακα-

175 5187 401 5258 ριότητα
427 5203 441 5216 ·
489 5188 522 5257 η
545 5186 602 5239 δὲ
626 5185 714 5239 διὰ
736 5187 935 5258 σαρκὸς
954 5189 1034 5251 είς
1054 5187 1158 5258 γῆν
1184 5186 1639 5259 ἐπιστρεφομένη,
1661 5185 1748 5239 διὰ

171 5276 275 5347 τὴν
300 5274 440 5346 πρὸς
480 5274 647 5346 αὐτὴν
676 5275 1001 5345 οἰκειότητα.
1045 5276 1112 5329 Ἥ
1137 5275 1235 5346 μέν
1255 5292 1338 5329 τοι
1367 5275 1460 5329 τοῦ
1485 5273 1652 5331 καλοῦ
1681 5291 1739 5328 τε

171 5367 267 5420 καὶ
291 5363 498 5434 ἀγαθοῦ
528 5365 806 5436 ἐπιθυμία,
838 5365 1113 5436 ὀμοτίμως
1145 5367 1381 5438 ἑκατέρᾳ
1410 5364 1741 5437 συνουσιὼθη

165 5460 236 5529 τῇ
263 5456 445 5526 φύσει,
478 5455 659 5510 καὶτὸ
688 5456 1018 5529 αὐτοκρατές
1040 5475 1100 5511 τι
1137 5459 1231 5512 καὶ
1260 5456 1622 5524 αὐτεξούσιον,
1650 5460 1743 5512 καὶ

243 5639 292 5669 ⁸²
326 5636 353 5691 l
393 5631 590 5691 Thess.
621 5648 694 5702 tv,
735 5604 822 5689 ιδζ

1844 4464 2082 4525 guntur;
2119 4467 2242 4507 cum
2272 4459 2326 4506 et
2356 4451 2557 4512 anima,
2600 4463 2722 4518 qua:
2773 4456 2954 4504 mente
2994 4456 3233 4514 constat,
3289 4464 3412 4520 quin

1842 4556 1998 4597 mens
2047 4538 2226 4594 affinis
2257 4545 2313 4593 et
2361 4544 2589 4607 cognata
2621 4537 2922 4591 cmlestium
2985 4537 3246 4593 virtutum
3292 4553 3413 4593 esse

1842 4631 2079 4692 videtur,
2135 4629 2366 4684 terrenis
2420 4627 2745 4697 corporibus
2819 4629 3105 4695 inhabitet,
3172 4637 3227 4685 et
3297 4630 3413 4684 hanc

1844 4728 2025 4776 terrea
2043 4732 2170 4775 caro
2200 4721 2254 4775 in
2280 4720 2623 4774 restitutione
2641 4718 3018 4773 universorum
3046 4720 3100 4775 in
3132 4721 3408 4776 ccelestem

1844 4813 2025 4869 locum
2090 4826 2198 4865 una
2253 4826 2377 4866 cum
2428 4809 2611 4863 anima
2669 4809 3038 4877 transmigret.
3093 4808 3412 4878 (Rapiemur

1842 4905 2010 4967 enim,
2050 4910 2110 4957 ut
2140 4903 2317 4973 inquit
2343 4901 2657 4971 Apostolus,
2684 4900 2738 4953 in
2767 4898 3012 4962 nubibus,
3042 4901 3098 4953 in
3133 4916 3409 4955 occursum

1843 4996 2075 5054 Domini.
2099 4997 2151 5048 in
2167 5010 2359 5056 aerem,
2373 5002 2423 5048 et
2443 4993 2520 5048 sio
2537 5006 2737 5057 semper
2749 5006 2866 5044 cum
2881 4990 3106 5044 Domino
3120 4990 3409 5061 erimus“.)

1846 5088 1973 5143 Sive
2003 5086 2172 5155 igitur
2193 5086 2315 5148 hoc,
2350 5084 2466 5140 sive
2493 5082 2698 5153 aliquid
2739 5081 2885 5137 aliud
2912 5093 3108 5151 praeter
3136 5081 3242 5137 hoc
3265 5080 3408 5137 divi-

1845 5195 1914 5235 na
1942 5177 2212 5248 sapientia
2263 5175 2603 5246 disponente,
2648 5176 2703 5231 in
2731 5177 2872 5231 hanc
2922 5174 3193 5244 duplicem
3242 5174 3409 5228 vitam

1848 5282 1994 5328 secta
2021 5268 2204 5325 omnis
2235 5276 2426 5322 natura
2453 5268 2737 5323 rationalis
2766 5275 2930 5337 atque
2966 5266 3142 5323 divisa
3171 5272 3277 5333 est,
3303 5280 3411 5321 una

1846 5363 2064 5433 quidem
2120 5361 2468 5428 incorporea,
2513 5373 2635 5428 quae
2691 5360 2969 5418 C(elestem
3028 5357 3413 5414 beatitudinem

1848 5452 2038 5512 sortita
2074 5462 2159 5508 est
2233 5449 2402 5503 altera
2455 5462 2610 5514 vero,
2657 5464 2777 5518 quae
2832 5457 3052 5521 propter
3103 5447 3416 5503 afﬁnitatem
