3738 5984
357 215 489 271 “67

1619 209 1676 267 S.
1719 208 2047 267 GBEGORII
2088 211 2375 270 NYSSENI

3482 222 3611 274 1163

349 347 511 406 quam
544 348 671 387 eum
704 346 765 387 ea
801 332 984 397 habet,
1018 332 1071 386 in
1100 340 1245 387 terra
1278 347 1374 403 per
1409 348 1630 388 carnem
1669 349 1825 404 occul

2137 352 2215 407 ςης
2229 337 2476 406 ἀνάγκης
2494 334 2776 407 ἐλεύθερον
2796 336 2906 387 ἴσον
2929 335 3015 388 ἐπ’
3030 335 3230 406 ἀμφοῖν
3248 338 3276 388 ὁ
3294 336 3388 389 τοῦ
3412 337 3613 400 παντὸς

348 432 469 479 est:
498 429 867 479 verumtamen
896 424 1019 478 boni
1052 432 1107 477 et
1133 423 1343 479 honesti
1378 425 1618 481 studium
1648 426 1930 496 aequaliter

352 518 639 588 utriusque
671 525 882 572 naturae
911 518 1166 573 essentia:
1194 518 1357 571 simul
1391 519 1613 573 insitum
1658 528 1713 574 et
1771 518 1929 571 attri-

349 609 541 663 butum
570 617 674 671 est,
694 608 1017 679 plenamque
1043 609 1168 663 item
1201 624 1265 662 ac
1294 625 1560 665 summam
1597 608 1650 665 in
1676 625 1797 665 sese
1831 625 1929 679 po-

348 708 626 765 testatem,
646 708 700 754 et
732 700 799 754 ab
817 701 963 754 omni
1000 701 1324 755 necessitate
1344 700 1568 754 liberam
1593 702 1926 755 voluntatem

345 792 401 844 in
437 791 689 860 utrisque
718 805 901 860 parem
933 806 1114 845 rerum
1153 790 1531 845 universarum
1562 807 1764 862 praeses
1796 792 1928 846 effe-

347 881 443 945 cit,
500 891 559 934 ttt
589 880 754 934 animi
806 881 978 936 libero
1008 880 1242 950 quodam
1275 881 1500 936 arbitrio
1531 891 1695 951 atque
1727 898 1928 950 propo-

349 973 456 1027 sito
486 979 704 1042 regatur
735 971 1001 1041 quidquid
1035 971 1247 1024 ratione
1290 972 1493 1039 pariter
1524 987 1589 1025 ac
1617 979 1797 1027 mente
1831 972 1927 1025 ho-

347 1074 600 1117 noratum
642 1070 748 1119 est.
783 1061 887 1118 Sed
916 1077 1154 1132 superna
1189 1061 1407 1132 quidem
1456 1062 1562 1115 vita
1624 1063 1843 1133 penitus
1894 1079 1923 1118 a

347 1153 592 1222 nequitia
621 1160 788 1222 atque
825 1153 1124 1209 vitiositate
1152 1168 1290 1222 pura
1319 1161 1421 1217 est,
1469 1168 1534 1206 ac
1589 1153 1722 1208 nihil
1766 1154 1928 1224 quid-

345 1259 508 1314 quam
541 1259 609 1297 ex
638 1243 707 1299 iis
757 1258 880 1313 quae
930 1259 994 1297 ex
1031 1244 1311 1297 contrario
1362 1243 1739 1314 intelliguntur
1797 1260 1921 1298 cum

344 1336 434 1388 illa
460 1335 569 1388 vita
598 1341 958 1390 conversatur
1013 1342 1175 1403 atque
1246 1336 1687 1389 communionem
1738 1335 1922 1400 habet,

343 1427 440 1482 sed
472 1427 654 1483 omnis
700 1428 933 1483 vitiosus
976 1428 1434 1497 perturbatumque
1469 1437 1650 1482 motus
1697 1436 1751 1483 et
1795 1427 1924 1483 alle-
1960 1432 1985 1453 '

343 1529 486 1585 ctus,
514 1520 717 1589 quibus
746 1520 910 1575 rebus
939 1535 1111 1589 genus
1144 1519 1439 1573 humanum
1475 1519 1769 1575 obnoxium
1815 1528 1919 1584 est,

344 1627 439 1684 per
492 1612 761 1669 infernam
813 1613 976 1665 vitam
1035 1620 1264 1681 vagatur
1313 1619 1366 1666 et
1425 1610 1664 1667 oberrat.
1721 1613 1919 1679 Quam-

339 1706 527 1758 obrem
560 1717 679 1758 eam
713 1719 833 1773 qum
878 1704 931 1756 in
967 1702 1123 1756 caelis
1168 1710 1253 1756 est
1293 1711 1606 1756 sanctarum
1650 1704 1916 1759 virtutum

339 1796 504 1849 vitam
557 1809 586 1848 a
635 1794 874 1864 nequitia
908 1803 1071 1864 atque
1118 1796 1417 1850 vitiositate
1464 1810 1690 1851 vacuam
1736 1798 1919 1851 et-ab

340 1886 488 1941 omni
519 1893 869 1956 peccatorum
900 1887 1111 1941 macula
1148 1887 1414 1958 integram
1451 1903 1514 1942 ac
1555 1903 1744 1958 puram
1795 1904 1919 1945 esse

340 1981 491 2035 novit
519 1980 778 2035 divinitus
810 1979 1064 2048 praedicta
1088 1976 1395 2049 Scriptura.
1429 1978 1703 2049 Quidquid
1732 1987 1916 2034 autem

337 2083 491 2129 extra
518 2072 721 2127 bonum
747 2086 840 2140 per
871 2071 1043 2140 ipsam
1077 2070 1145 2124 ab
1186 2086 1253 2124 eo
1299 2071 1663 2125 secessionem
1713 2071 1914 2123 malum

337 2164 503 2220 subiit
532 2170 692 2231 atquc
715 2161 977 2231 suscepit,
1010 2161 1155 2214 circa
1180 2172 1476 2215 concavam
1506 2171 1666 2231 atque
1699 2162 1914 2230 depres-

337 2256 625 2311 sam-hanc
645 2253 837 2314 vitam,
875 2253 1035 2307 sicuti
1067 2251 1318 2320 quaedam
1352 2250 1452 2305 faex
1501 2259 1554 2306 et
1589 2251 1751 2306 limus
1785 2266 1919 2305 con-

336 2344 514 2411 ﬂuxit,
572 2359 680 2415 qua
738 2344 949 2397 ratione
1002 2341 1319 2411 inquinatur
1376 2357 1548 2412 genus
1594 2341 1912 2408 humanum,

335 2451 444 2507 quo
468 2437 651 2492 minus
679 2435 928 2490 divinum
964 2434 1144 2488 lumen
1178 2433 1426 2491 veritatis
1471 2433 1768 2496 intueatur,
1820 2448 1917 2502 per

335 2527 606 2596 ejusmodi
660 2527 915 2581 tenebras
961 2524 1300 2593 impeditum.
1361 2520 1417 2576 Si
1477 2522 1642 2591 igitur
1677 2537 1915 2592 superna

336 2620 550 2689 quidem
583 2619 691 2671 vita
723 2616 1103 2672 abuﬂ'cctibus
1149 2625 1204 2670 et
1256 2614 1404 2669 vitiis
1456 2630 1649 2679 vacua,
1703 2615 1913 2684 integra

336 2721 495 2781 atque
526 2712 839 2781 incorrupta
890 2718 1014 2774 est;
1065 2708 1230 2762 variis
1292 2714 1472 2762 autem
1515 2707 1801 2762 aﬂ‘ectibus
1858 2716 1913 2763 et

336 2801 594 2856 arumnis
651 2801 899 2855 demersa
929 2809 1013 2853 est
1043 2798 1207 2867 hujus
1237 2806 1466 2852 terrena:
1500 2797 1622 2851 vitae
1667 2798 1910 2860 miseria,

336 2891 684 2948 manifestum
726 2892 890 2947 fuerit
925 2891 1070 2961 quod
1103 2903 1338 2960 superna
1378 2889 1599 2959 quidem
1654 2892 1784 2950 vita.
1821 2899 1912 2944 u-t-

336 2987 461 3049 pote
490 2983 559 3034 ab
599 2981 746 3035 omni
785 2980 928 3033 malo
972 2995 1130 3049 pura,
1172 2995 1267 3049 per
1320 2979 1518 3035 bonam
1576 2980 1908 3034 voluntatem
1938 3002 1980 3058 ε

336 3067 430 3123 Dei
484 3082 744 3138 prospere
793 3068 1044 3137 exigatur
1088 3078 1248 3137 atque
1318 3077 1556 3137 regatur.
1614 3068 1714 3124 Ubi
1765 3070 1910 3124 enim

335 3159 537 3214 malmn
563 3174 671 3213 non
699 3168 805 3223 est,
835 3159 1037 3214 bonum
1090 3174 1315 3229 prorsus
1343 3174 1468 3216 esse
1516 3145 1743 3216 necesse
1792 3171 1908 3217 est:

334 3261 522 3308 nostra
551 3260 730 3306 autem
763 3251 893 3315 vita,
918 3266 1040 3305 cum
1074 3252 1460 3307 communione
1491 3259 1545 3307 et
1580 3269 1682 3308 usu
1743 3254 1913 3308 bono-

335 3358 457 3397 rum
484 3342 768 3408 exciderit,
793 3341 957 3396 simul
981 3342 1144 3397 etiam
1168 3341 1371 3396 excidit
1404 3342 1586 3397 divina
1611 3343 1909 3399 voluntate.

335 3433 547 3488 Idcirco
575 3448 670 3504 per
696 3431 999 3487 orationem
1027 3432 1311 3495 docemur,
1360 3432 1436 3486 ita
1468 3447 1498 3485 a
1550 3434 1692 3487 malo
1752 3433 1910 3488 vitam

335 3533 579 3580 nostram
603 3539 928 3595 expurgare,
966 3532 1026 3578 nt
1083 3522 1152 3578 ad
1201 3523 1616 3579 similitudinem
1670 3525 1912 3583 ctelestis

334 3617 461 3672 vitae
507 3616 767 3683 instituti,
798 3617 964 3672 etiam
998 3616 1053 3670 in
1082 3615 1242 3670 nobis
1263 3615 1471 3685 absque
1523 3617 1633 3672 ullo
1682 3617 1912 3687 impedi-

334 3721 518 3764 mento
549 3708 800 3763 voluntas
831 3705 927 3762 Dei
959 3714 1301 3769 exerceatur,
1349 3704 1573 3775 perinde
1602 3691 1737 3763 ac‘si
1787 3707 1912 3777 quis

333 3797 507 3852 dicat:
540 3795 1008 3864 Quemadmodum
1043 3795 1099 3849 in
1157 3795 1372 3850 thronis
1400 3802 1453 3851 et
1487 3795 1907 3866 principatibus,

331 3896 387 3945 et
408 3890 792 3960 potestatibus,
838 3897 893 3943 et
914 3886 1403 3950 dominationibus,
1433 3893 1487 3941 et
1534 3888 1682 3942 omni
1714 3902 1910 3958 supra-

334 3980 610 4035 mundano
630 3979 872 4035 exercitu
906 3978 965 4033 tit
991 3978 1244 4032 voluntas
1266 3985 1379 4043 tua,
1407 3977 1610 4031 malitia
1642 3986 1805 4048 atque
1834 3980 1911 4033 vi-

331 4072 575 4127 tiositate
620 4085 890 4141 nusquam
919 4069 1048 4124 boni
1101 4069 1373 4124 actionem
1425 4070 1789 4138 impediente:
1828 4072 1907 4126 ita

1979 1972 1984 1977 ’
2019 1979 2192 2049 ζωῆς·
2225 1978 2383 2048 δῆλον
2413 1980 2479 2033 ἂν
2525 1979 2634 2050 εἴη,
2679 1980 2760 2032 ὅτι
2793 1981 2824 2048 ὴ
2857 1978 2954 2049 μὲν
2998 1979 3111 2032 ἄνω
3154 1978 3421 2041 πολιτεία,

2030 425 2327 496 ἐπιστάτης
2372 427 2645 495 ἐποίησεν,
2689 425 2765 488 ὡς
2812 425 3093 496 αὐτονόμῳ
3138 426 3244 479 τινὶ
3294 426 3613 496 προαιρέσει

2028 516 2428 587 οἰκονομεῖσθαι
2466 518 2579 570 πᾶν
2609 517 2731 569 ὅσον
2761 515 2902 585 λόγῳ
2930 532 2988 568 τε
3020 516 3115 569 καὶ
3148 515 3358 587 διανοίᾳ
3383 514 3611 587 τετίμη-

2028 624 2119 660 ται
2148 625 2161 638 ·
2204 608 2313 661 ἀλλ’
2348 610 2383 679 ἡ
2410 609 2508 678 μὲν
2540 608 2651 661 ἄνω
2683 607 2818 679 ζωὴ,
2855 606 3147 677 καθαρεύει
3181 608 3354 678 πάντη
3385 607 3609 668 κακίας,

2030 699 2123 752 καὶ
2149 699 2268 752 οὐδὲ
2312 698 2371 752 ἒν
2399 700 2583 771 ἐκείνῃ
2630 698 2737 752 τῶν
2780 699 2844 751 ὲκ
2892 697 2986 751 τοῦ
3033 698 3272 752 ἐναντίου
3302 698 3609 768 νοουμένων

2031 790 2517 860 συμπολιτεύεται·
2569 793 2718 845 πᾶσα
2765 790 2822 844 δὲ
2861 790 3111 860 ἐμπαθὴς
3158 791 3367 860 κίνησίς
3405 808 3475 844 τε
3521 792 3609 844 καὶ

2027 881 2288 946 διάθεσις,
2331 883 2430 952 τὴν
2466 882 2617 935 κάτω
2649 880 2793 952 ζωὴν
2836 882 3137 951 περιπολεῖ,
3189 883 3245 933 ὲν
3271 878 3353 945 οἷς
3381 886 3509 936 ἐστι
3552 884 3609 935 τδ

2027 973 2384 1044 ἀνθρώπινον.
2438 974 2538 1027 Διὰ
2570 974 2727 1027 τοῦτο
2753 974 2853 1044 τὴν
2889 976 2946 1026 ἐν
2990 974 3235 1044 οὐρανοῖς
3279 973 3387 1026 τῶν
3435 973 3608 1041 ἁγίων

2026 1063 2306 1134 δυνάμεων
2341 1063 2610 1116 πολιτείαν
2648 1063 2825 1132 ἀμιγῆ
2869 1061 3085 1125 κακίας,
3135 1062 3228 1115 καὶ
3272 1062 3486 1122 παντὸς
3519 1061 3609 1116 τοῦ

2026 1154 2085 1220 ἐξ
2118 1156 2390 1225 ἁμαρτίας
2431 1155 2708 1225 μολυσμοῦ
2740 1154 3166 1225 καθαρεύουσαν,
3190 1155 3218 1207 ὁ
3249 1153 3610 1217 θεόπνευστος

2027 1245 2521 1323 ὲπίσταταιλόγος.
2588 1246 2701 1299 Πᾶν
2729 1244 2785 1297 δὲ
2814 1245 2936 1298 ὅσον
2976 1244 3133 1308 ἐκτὸς
3176 1244 3270 1297 τοῦ
3300 1243 3517 1313 ἀγαθοῦ
3545 1244 3608 1297 δι’

2026 1335 2196 1405 αὐτῆς
2236 1337 2334 1408 τῆς
2381 1338 2776 1409 ἀναχωρήσεως
2818 1336 2981 1390 αὑτοῦ
3033 1337 3356 1408 παρυπέστη
3408 1337 3608 1401 κακὸν,

2026 1429 2154 1498 περὶ
2188 1429 2287 1499 τὴν
2320 1429 2504 1498 κοίλην
2528 1430 2729 1500 ταύτην
2758 1427 2924 1498 ζωὴν,
2948 1422 3059 1482 οἷόν
3085 1446 3170 1492 τις
3201 1430 3397 1499 τρυγία
3424 1447 3493 1482 τε
3517 1429 3608 1482 καὶ
3700 1440 3706 1451 ⁴

2029 1520 2141 1582 lib;
2178 1520 2471 1591 συνερρύη,
2570 1520 2855 1591 μολύνεται
2888 1521 2949 1575 τὸ
2973 1521 3330 1592 ἀνθρώπινον,
3369 1523 3521 1595 πρὸς
3553 1524 3610 1576 τὸ

2025 1610 2258 1665 κατιδεῖν
2293 1612 2354 1664 τὸ
2383 1611 2523 1665 θεῖον
2559 1613 2655 1682 τῆς
2686 1611 2941 1679 ἀληθείας
2973 1612 3086 1681 φῶς
3116 1613 3202 1667 διά
3232 1614 3324 1666 τοῦ
3352 1615 3606 1667 τοιούτου

2026 1703 2248 1767 σκότους
2268 1705 2292 1755 ὲ
2302 1702 2709 1774 μποδιζόμενον.
2738 1705 2798 1758 Εἰ
2820 1705 2995 1758 τοίνυν
3019 1706 3233 1775 ἀπαθὴς
3259 1706 3356 1777 μὲν
3376 1709 3413 1777 ἡ
3443 1709 3607 1777 {amp-

2021 1796 2250 1867 κειμένη
2288 1795 2400 1867 ζωὴ
2431 1798 2523 1851 καὶ
2559 1798 2852 1868 ἀκήρατος,
2884 1798 3156 1861 παντοίοις
3180 1797 3238 1851 δὲ
3279 1798 3488 1852 πάθεσι
3516 1800 3608 1852 καὶ

2019 1886 2412 1957 ταλαιπωρίαις
2446 1888 2942 1941 καταϐεϐάπτισται
2981 1890 3012 1960 ή
3063 1888 3315 1959 ἀθλιότης
3348 1889 3455 1959 τῆς
3505 1884 3605 1942 ὦδε

3513 1980 3605 2034 ἇτε

2020 2063 2219 2134 παντὸς
2250 2070 2421 2126 κακοῦ
2461 2070 2860 2142 καθαρεύουσα,
2900 2072 2956 2124 ἐν
3000 2069 3078 2140 τῷ
3109 2070 3298 2140 ἀγαθῴ
3326 2071 3601 2141 θελήματι

2016 2161 2110 2215 τοῦ
2149 2162 2283 2215 Θεοῦ
2331 2162 2725 2233 κατορθοῦται·
2776 2162 2903 2216 ἔνθα
2940 2163 3046 2234 γὰρ
3097 2162 3264 2216 κακὸν
3300 2163 3404 2215 οῦκ
3437 2163 3603 2224 ἔστιν,

2018 2253 2230 2323 ἀνάγκη
2266 2254 2414 2307 πᾶσα
2441 2253 2642 2321 ἀγαθὸν
2666 2249 2803 2307 εἶναι
2824 2270 2835 2281 ·
2890 2256 2922 2323 ὴ
2954 2253 3012 2305 δὲ
3035 2252 3156 2305 καθ’
3180 2253 3330 2323 ἡμᾶς
3364 2252 3487 2324 ζωὴ
3511 2253 3607 2321 τῆς

2016 2344 2123 2398 τῶν
2155 2344 2372 2413 ἀγαθιῖιν
2400 2346 2685 2412 μετουσίας
2705 2347 3110 2407 ὲκπεπτωκυῖα,
3142 2344 3606 2399 συνεκπέπτλωκεν

2018 2438 2111 2489 καὶ
2136 2438 2229 2489 τοῦ
2251 2437 2392 2490 θείου
2426 2436 2783 2507 βουλήματος.
2836 2438 2935 2491 Διά
2958 2437 3114 2491 τοῦτο
3136 2438 3192 2490 ὲν
3221 2440 3289 2509 τῇ
3321 2442 3602 2510 προσευχῇ

2014 2528 2409 2599 διδασκόμεθα,
2452 2528 2624 2592 οὕτως
2664 2528 2821 2600 ἡμῶν
2860 2528 2954 2581 τοῦ
2997 2527 3168 2585 κακοῦ
3207 2529 3309 2599 τὴν
3339 2530 3494 2602 ζωὴν
3522 2532 3605 2583 ὲκ-

2006 2619 2383 2691 καοαρθῆναι,
2441 2619 2517 2682 ὡς
2571 2619 2691 2673 καθ’
2736 2620 3028 2690 ὁμοιότητα
3073 2619 3173 2690 τῆς
3212 2619 3480 2688 οὐρανίου
3523 2622 3599 2673 6:-

2015 2711 2269 2780 ἀγωγῆς,
2301 2711 2393 2765 καὶ
2436 2712 2497 2763 ὲν
2536 2713 2667 2781 ήμῖν
2708 2710 3118 2781 ἀνεμποδίστως
3146 2710 3207 2763 τὸ
3246 2710 3470 2781 θέλημα
3518 2711 3601 2765 τοῦ

2014 2801 2149 2854 Θεοῦ
2198 2801 2643 2863 πολιτεύσασθαι,
2684 2800 2758 2864 ὡς
2783 2801 2847 2855 ἄν
2878 2818 2960 2860 τις
2987 2800 3135 2869 λέγοι
3163 2817 3175 2830 ·
3222 2800 3307 2853 ὅτι
3332 2800 3601 2870 Καθάπερ

2014 2893 2071 2945 ὲν
2125 2892 2333 2964 θρόνοις
2382 2892 2475 2946 καὶ
2524 2892 2749 2964 ἀρχαῖς,
2808 2893 2903 2947 καὶ
2934 2892 3233 2957 ἐξουσίαις,
3290 2892 3389 2944 καὶ
3421 2899 3605 2960 κυριό-

2013 2997 2159 3052 τησι,
2198 2982 2291 3037 καὶ
2317 2982 2464 3054 πάσῃ
2497 2985 2562 3052 τῇ
2606 2982 2959 3053 ὑπερκοσμίῳ
2995 2983 3223 3050 δυνάμει
3259 2982 3483 3049 γίνεταί
3509 3001 3599 3038 σου

2015 3074 2077 3127 τὸ
2142 3073 2373 3144 θέλημα,
2426 3072 2674 3145 μηδαμοῦ
2726 3073 2924 3136 κακίας
2974 3073 3464 3144 παραποδιζούσης
3511 3074 3602 3127 τοῦ

2018 3163 2223 3233 ἀγαθοῦ
2251 3166 2349 3235 τὴν
2386 3164 2663 3235 ἐνέργειαν
2685 3180 2696 3193 ·
2753 3163 2895 3219 οὕτω
2922 3164 3017 3218 καὶ
3056 3165 3113 3217 ὲν
3137 3168 3270 3235 ἡμῖν
3307 3166 3373 3219 τὸ
3394 3167 3601 3230 ἀγαθὸν

2015 3256 2347 3327 τελειωθείη.
2388 3258 2473 3311 ἵνα
2513 3257 2692 3327 πάσης
2742 3257 2939 3319 κακίας
2983 3256 3224 3309 ἐκποδὼν
3267 3259 3600 3328 γενομένης,

2016 3349 2106 3403 διὰ
2135 3349 2350 3404 πάντων
2381 3343 2415 3423 ᾖ
2441 3349 2503 3403 τὸ
2531 3348 2746 3420 θέλημά
2777 3365 2870 3401 σου
2894 3351 3017 3412 ταῖς
3047 3347 3244 3418 ψυχαῖς
3279 3348 3445 3418 ἡμῶν
3474 3368 3605 3404 κατ·

2015 3437 2387 3509 ευοδούμενον.
2463 3437 2601 3491 Ἀλλ’
2645 3438 2721 3502 ὡς
2765 3436 3257 3507 ἀνθυπενεγκόντος
3286 3439 3435 3502 τινός
3456 3454 3470 3467 ·
3498 3440 3605 3493 Καὶ

2017 3530 2134 3591 πῶς
2179 3532 2294 3583 ἐστι
2331 3530 2553 3584 δυνατὸν
2588 3530 2686 3602 τὴν
2721 3532 2779 3583 ὲν
2812 3533 2932 3595 ταῖς
2986 3531 3299 3601 ἀσωμάτοις
3332 3532 3602 3604 δυνάμεσι

2015 3620 2383 3692 καθαρότητα,
2413 3624 2524 3685 τοῖς
2555 3621 2641 3675 διὰ
2673 3620 2871 3692 σαρκὸς
2900 3621 2996 3693 τὴν
3025 3621 3167 3693 ζωὴν
3201 3622 3449 3693 εἰληχόσι
3479 3642 3604 3677 κατ-

2012 3712 2336 3788 ορθωθῆναι,
2379 3714 2436 3765 ὲν
2475 3714 2693 3785 μυρίαις
2727 3712 2972 3785 φροντίσι
3017 3713 3107 3767 διὰ
3143 3713 3242 3778 τὰς
3273 3716 3601 3784 σωματικὰς

2013 3804 2201 3874 χρείας
2218 3804 2318 3873 τῆς
2344 3804 2522 3874 ψυχῆς
2543 3804 2985 3875 ὲμϐαθυνούσηςς
3006 3804 3105 3858 Διά
3134 3805 3295 3859 τοῦτο
3313 3823 3405 3876 μοι
3428 3806 3596 3870 δοκεῖ,

2014 3888 2258 3961 καθάπερ
2287 3888 2428 3943 λύων
2450 3891 2547 3962 τὴν
2571 3891 2824 3962 τοιαύτην
2844 3893 3176 3965 ἀμηχανίαν,
3199 3893 3279 3965 τῷ
3299 3894 3432 3963 ἑξῆς
3453 3894 3595 3965 λόγῳ

2011 3981 2072 4034 τὸ
2115 3982 2302 4036 δοκοῦν
2335 3982 2592 4054 δυσχερὲς
2641 3983 2775 4057 πρὸς
2823 3985 2920 4057 τὴν
2957 3985 3325 4057 προκειμένην
3356 3985 3596 4058 σπουδὴν

2013 4073 2331 4128 ὑπεκλῦσαι.

332 4165 537 4219 bonum
559 4164 722 4219 etiam
754 4165 807 4217 in
837 4163 995 4219 nobis
1028 4161 1348 4232 perﬁciatur
1372 4172 1427 4217 et
1476 4162 1813 4229 absolvatur,
1883 4174 1943 4220 ut
1981 4181 2010 4221 e
2034 4166 2213 4222 medio
2245 4167 2458 4222 sublata
2490 4166 2640 4221 omni
2696 4167 2902 4222 malitia
2953 4179 3118 4239 atque
3175 4171 3454 4240 nequitia,
3502 4184 3596 4225 vos

332 4260 515 4314 luntas
542 4266 633 4313 tua
658 4259 712 4312 in
743 4257 942 4312 animis
996 4255 1202 4310 nostris
1261 4270 1356 4324 per
1405 4256 1592 4309 omnia
1646 4270 1907 4326 prospere
1945 4259 2225 4313 succedat.
2260 4260 2366 4314 Sed
2396 4260 2554 4328 quasi
2579 4259 2782 4328 aliquis
2821 4276 2888 4316 ex
2955 4261 3188 4315 adverso
3244 4259 3595 4329 subjiriendo

332 4360 494 4423 atque
545 4348 869 4421 Opponendo
905 4346 1168 4402 dixisset:
1225 4344 1292 4399 Et
1328 4345 1419 4415 qui
1466 4345 1608 4399 tit-rit
1658 4355 1839 4416 potest
1890 4359 1949 4402 ut
1990 4349 2063 4402 illi
2099 4350 2300 4418 quibus
2353 4364 2416 4404 ea
2462 4364 2582 4404 sors
2611 4349 2823 4420 obtigit,
2882 4359 2938 4403 ut
2992 4349 3161 4424 vitam
3217 4364 3314 4419 per
3370 4363 3594 4404 carnem

330 4447 582 4517 exigant,
632 4458 752 4498 eam
797 4454 919 4512 quae
965 4440 1021 4496 in
1061 4439 1398 4511 incorporeis
1445 4439 1743 4496 virtutibus
1795 4449 1879 4496 est
1936 4442 2229 4511 puritatem
2274 4452 2658 4512 assequuntur,
2708 4458 2854 4506 cum,
2910 4450 3131 4511 propter
3184 4443 3444 4511 corporis
3500 4457 3593 4497 ne-

330 4537 603 4594 cessarios
632 4548 767 4590 usus
805 4533 986 4587 anima
1013 4532 1319 4588 innumeris
1347 4532 1496 4588 curis
1563 4532 1812 4587 demersa
1883 4534 2000 4590 sit?
2033 4533 2241 4588 Idcirco
2269 4535 2399 4588 mihi
2433 4533 2643 4589 videtur
2693 4543 2951 4604 tanquam
2982 4534 3291 4590 discutiens
3317 4535 3592 4604 ejusmodi

331 4626 763 4702 perplexitatem,
789 4623 842 4679 id
872 4624 1015 4694 quod
1041 4622 1108 4676 ad
1138 4623 1474 4694 propositum
1502 4621 1741 4678 studium
1767 4622 1986 4679 ditIicile
2009 4622 2314 4688 videbatur,
2345 4625 2593 4693 sequenti
2616 4625 2864 4679 oratione
2892 4625 3230 4681 dissolvisse.

400 4718 618 4775 Certam
643 4716 788 4773 enim
820 4715 1179 4784 stabilemque
1208 4713 1534 4769 sententiam
1564 4713 1762 4782 opinor
1784 4728 1876 4768 eur

2124 4717 2268 4787 όγμα
2290 4717 2399 4786 γὰρ
2424 4712 2576 4786 οἶμαι
2597 4715 2685 4769 διά
2705 4716 2909 4769 τούτων
2930 4716 3038 4769 τῶν
3054 4715 3229 4784 λόγων
3249 4718 3389 4787 ἡμῖν
3408 4718 3596 4771 ὑποτί-

330 4812 489 4869 nobis
532 4826 630 4883 per
663 4810 779 4865 hac
808 4809 973 4864 verba
1016 4806 1253 4872 tradere,
1291 4807 1492 4876 quibus
1532 4805 1806 4876 quotidian

2118 4807 2215 4871 lat,
2234 4810 2290 4862 ὲν
2302 4808 2380 4877 τῷ
2399 4808 2487 4862 τὸν
2504 4809 2776 4878 ἐφήμερον
2799 4806 2962 4877 ἄρτον
2979 4809 3148 4861 αἰτεῖν
3166 4808 3494 4878 προστάξαι,
3512 4810 3594 4862 ὅτι

330 4916 526 4978 panem
563 4913 748 4975 petere
777 4917 880 4957 nos
909 4901 1102 4972 jubet:
1134 4900 1278 4970 quod
1323 4898 1583 4953 nimirum
1625 4897 1806 4968 frugal

2118 4897 2339 4951 ὶνενδεεῖ
2365 4897 2507 4952 κατά
2529 4899 2626 4968 τὴν
2649 4897 2830 4964 φύσιν,
2860 4896 2922 4950 τὸ
2951 4897 3240 4967 ὀλιγαρκὲς
3265 4914 3325 4950 τε
3362 4898 3461 4951 καὶ
3496 4898 3594 4969 μέο

328 5002 384 5050 et
429 4992 807 5056 mediocritas,
859 4996 1125 5061 quantum
1162 4989 1356 5043 attinet
1391 4989 1459 5043 ad
1494 4987 1765 5042 rationem

2114 5006 2152 5041 ιν
2190 4988 2334 5042 κατὰ
2358 4989 2451 5042 τὸν
2478 4989 2576 5057 τῆς
2602 4987 2869 5052 ἀπαθείας
2895 4988 3051 5055 λόγον
3078 4985 3476 5053 συνεξισοῦται.
3516 4991 3590 5044 Οὐ

327 5085 553 5142 cuitatis
597 5080 890 5140 aﬂectuum
941 5089 996 5136 et
1034 5082 1311 5144 vitiorum,
1354 5080 1690 5151 obsequetur
1735 5079 1783 5135 ei

2134 5066 2276 5134 αἰτεῖ
2300 5080 2392 5136 τὸν
2420 5080 2552 5134 Θεὸν
2589 5084 2647 5135 ὲν
2675 5083 2797 5144 ταῖς
2827 5084 3154 5164 προσευχαῖς
3184 5084 3215 5135 ὁ
3239 5081 3476 5150 ἄγγελος
3494 5084 3593 5155 τὴν

329 5176 517 5231 cultati
559 5175 647 5230 cui
695 5181 893 5228 natura
937 5170 1070 5226 nihil
1122 5172 1294 5228 (lceat.
1336 5170 1456 5226 Non
1497 5171 1643 5226 enim
1679 5169 1904 5240 angelus

330 5268 387 5323 in
437 5267 796 5323 orationibus
829 5280 860 5320 a
910 5264 1023 5319 Deo
1057 5264 1191 5335 petit
1240 5264 1343 5320 sibi
1398 5276 1591 5335 panem
1633 5264 1904 5319 submini-

329 5360 517 5423 strari,
540 5358 799 5430 quoniam
830 5355 1092 5427 praeditus
1119 5364 1203 5412 est
1242 5363 1436 5410 natura
1478 5369 1600 5426 qua:
1641 5355 1779 5409 nihil
1812 5369 1905 5409 ea-

328 5463 453 5505 rum
487 5465 670 5504 rerum
701 5448 933 5518 amplius
964 5464 1105 5518 opus
1135 5448 1355 5514 habeat,
1401 5447 1502 5527 sed.
1528 5447 1691 5502 homo
1721 5454 1904 5517 petere

326 5538 571 5610 jubetur,
617 5546 907 5608 propterea
963 5539 1108 5608 quod
1166 5540 1221 5594 id
1278 5539 1424 5609 quod
1484 5545 1784 5593 evacuatur
1836 5553 1903 5593 eo

331 5629 480 5698 quod
525 5628 728 5701 repleat
762 5627 987 5686 omnino
1025 5643 1164 5699 opus
1202 5628 1437 5698 habeat;
1470 5644 1598 5685 nam
1639 5627 1782 5685 ﬂuxa
1816 5635 1903 5683 at-

2010 5172 2270 5243 χορηγίαν
2292 5172 2384 5228 τοῦ
2412 5172 2596 5244 ἄρτου,
2635 5173 2717 5226 ὅτι
2748 5173 3020 5244 ἀπροσδεῆ
3049 5173 3312 5245 κέκτηται
3342 5173 3455 5228 τῶν
3483 5190 3595 5229 τοι·

2008 5261 2181 5317 ούτων
2207 5261 2304 5334 τὴν
2335 5261 2498 5332 φύσιν
2516 5279 2531 5294 ’
2573 5264 2744 5317 αἰτεῖν
2769 5261 2826 5315 δὲ
2848 5262 3189 5334 προσετάχθη
3223 5264 3253 5316 ὁ
3276 5262 3590 5336 ἄνθρωπος,

2009 5354 2141 5408 διότι
2170 5354 2232 5408 τὸ
2269 5354 2592 5426 κενούμενον
2622 5354 2830 5418 ὲπιδεὲς
2865 5353 2958 5408 τοῦ
2993 5355 3437 5427 ἀναπληροῦντος
3460 5357 3596 5411 πάν·

2008 5463 2116 5510 τως
2143 5445 2278 5499 ἐστί.
2327 5445 2560 5514 Ῥοώδης
2597 5444 2655 5499 δὲ
2693 5445 2789 5499 καὶ
2820 5444 3088 5518 παροδικὴ
3115 5444 3214 5515 τῆς
3240 5444 3596 5516 ἀνθρωπίνης

2010 5532 2157 5604 ζωῆς
2176 5536 2322 5587 ἐστιν
2344 5537 2376 5606 ἡ
2405 5534 2685 5598 σύστασις,
2703 5535 2824 5588 ἀντὶ⁵
2846 5535 2940 5589 τοῦ
2963 5536 3346 5606 ὲκποιηθέντος
3371 5537 3435 5589 τὸ
3465 5537 3597 5590 ἀναο

1954 5625 1957 5628 ⁴
2010 5626 2198 5691 νεάζον
2227 5626 2577 5699 ἐπιζητοῦσα.
2615 5629 2673 5682 '0
2703 5624 2798 5682 οῦν
2833 5629 2968 5701 πρὸς
2991 5628 3089 5699 τὴν
3109 5628 3211 5698 τῆς
3244 5627 3597 5700 φύσεωςδῦπ-
