3738 5984
325 319 455 375 ΗἨ

1564 317 1622 373 S.
1677 316 2004 374 GREGORil
2056 317 2344 373 NYSSENI

3455 310 3599 364 1179

396 434 650 489 Forsrtan
697 432 969 505 ejusmodi
1011 433 1289 504 quidpiam
1340 433 1502 489 etiam
1545 435 1759 507 Moyses
1809 451 1871 503 pc

2127 434 2232 505 άχα
2263 451 2351 506 μοι
2374 433 2520 487 δοκεί
2545 431 2785 488 τοιοῦτόν
2814 448 2866 485 τι
2893 431 2987 484 καὶ
3023 431 3049 483 ό
3077 429 3317 498 Minari;
3356 428 3425 482 δι’
3451 430 3601 481 αίνισ

323 527 614 598 a'nigmata
651 532 816 596 atque
863 526 1145 582 involucra
1198 526 1490 582 verborum
1527 527 1903 598 philosophari

323 621 456 674 mihi
491 619 730 683 videiur,
776 619 870 689 qui
903 619 1219 689 voluptatis,
1258 635 1381 690 qua:
1413 629 1633 690 gustatu
1670 619 1906 689 percipi-

328 722 439 779 tur,
485 718 795 782 serpentem
849 711 971 767 Eva:
1014 728 1297 769 suasorem
1354 712 1684 767 adhibuerit.
1737 712 1905 767 Aiunt

326 805 470 859 enim
518 804 662 859 hanc
694 804 949 871 bestiam,
1001 808 1333 876 serpentem,
1384 806 1628 873 inquam,
1676 805 1719 859 si
1755 821 1906 859 com-

328 896 454 966 pagi
481 906 643 965 atque
674 896 1075 960 commissurae,
1111 913 1206 967 per
1237 913 1399 968 quam
1434 913 1625 968 repere
1653 905 1902 963 conetur,

331 996 493 1055 caput
541 986 863 1041 subduxerit
910 995 1074 1057 atque
1128 988 1448 1058 perpulerit,
1485 987 1628 1042 haud
1683 987 1837 1042 l‘..eile
1874 1002 1903 1041 a

330 1078 619 1147 posteriori
667 1088 823 1149 parte
853 1078 922 1132 ab
955 1079 1330 1140 obniteutibus
1369 1094 1529 1149 posse
1577 1078 1776 1132 retrahi
1811 1093 1907 1148 per

327 1170 576 1231 dorsum,
614 1184 841 1239 squama
888 1171 1213 1225 naturaliter
1247 1170 1299 1223 in
1331 1170 1671 1223 contrarium
1713 1168 1907 1223 adver-

329 1276 425 1316 sus
455 1262 562 1315 vim
590 1262 980 1316 attrahentium
1014 1262 1305 1316 resistente
1333 1277 1346 1316 :
1380 1263 1525 1331 quod
1581 1261 1761 1317 facere
1796 1278 1904 1315 non

330 1354 650 1424 prohibetur
676 1355 743 1409 ab
772 1354 1044 1408 anteriore
1070 1364 1220 1424 parte
1253 1355 1393 1409 elabi
1428 1364 1592 1424 atque
1620 1362 1908 1424 penetrare

329 1445 530 1519 nitens,
584 1447 805 1502 levitate
860 1463 1102 1521 squama:
1136 1447 1373 1513 labente,
1424 1448 1485 1501 id-
1530 1462 1558 1500 a
1606 1446 1909 1516 posteriore

333 1546 486 1607 parte
516 1538 791 1593 resolvere
833 1547 997 1608 atque
1030 1538 1309 1593 retrahere
1357 1546 1597 1602 tentans,
1626 1536 1909 1592 obnitente

332 1625 384 1681 vi
451 1642 828 1697 squamarum,
876 1630 1092 1698 assequi
1143 1645 1249 1683 non
1302 1635 1524 1699 potest:
1559 1627 1904 1690 ostendente,

330 1719 548 1789 opinor,
585 1718 888 1788 Scriptura,
939 1719 1086 1790 quod
1130 1721 1461 1790 voluptatem
1515 1719 1905 1781 introeuntem,

332 1819 385 1865 et
438 1812 633 1865 animm
689 1810 856 1867 dorso
912 1813 1264 1881 obrepentem
1321 1828 1513 1867 cavere
1569 1821 1804 1882 oportet,
1855 1824 1908 1866 et

334 1918 498 1973 quam
553 1903 784 1958 maxime
835 1902 950 1958 lieri
1003 1911 1202 1973 potest,
1232 1905 1357 1958 vita:
1408 1919 1699 1973 compages
1744 1903 1907 1957 obtu—

333 2010 494 2061 rare;
525 1994 595 2047 ita
629 1994 771 2049 enim
821 2008 849 2047 a
896 1996 1295 2051 consuetudine
1327 1996 1622 2051 bestiarum
1667 1996 1771 2049 vita
1811 1996 1912 2048 hu-

334 2102 495 2141 mana
527 2102 661 2158 pura
688 2089 892 2143 servari
927 2089 1121 2158 possit.
1157 2088 1311 2154 Quod
1346 2090 1391 2143 si
1427 2090 1664 2158 aliquem
1701 2088 1909 2142 aditum

333 2180 624 2239 adversum
661 2195 759 2235 nos
795 2188 990 2234 nactus
1024 2179 1209 2244 fuerit,
1263 2180 1371 2234 vita
1411 2180 1715 2251 composita
1752 2180 1912 2233 nimi-

334 2285 453 2324 rum
486 2272 540 2323 in
571 2270 728 2325 nobis
756 2269 1046 2335 dissoluta,
1078 2271 1313 2324 latitabit
1348 2286 1444 2341 per
1483 2271 1583 2329 luas
1618 2286 1910 2341 compages

332 2362 631 2416 dissolutas
675 2377 900 2431 serpens
950 2363 1267 2432 voluptatis,
1321 2378 1420 2417 nec
1476 2373 1695 2433 propter
1746 2379 1913 2433 squa-

334 2466 450 2504 mas
485 2466 548 2504 ex
599 2453 797 2507 mentis
843 2452 1151 2507 recessibus
1201 2468 1264 2507 ac
1307 2453 1530 2508 latebris
1582 2452 1740 2509 facile
1786 2454 1909 2524 ejici

332 2540 552 2609 poterit.
593 2538 763 2595 Porro
811 2559 1070 2614 squamas
1102 2559 1226 2599 cum
1258 2545 1437 2610 audis,
1471 2544 1800 2614 multiplices
1847 2560 1912 2599 ac

332 2629 514 2683 Varias
544 2630 881 2701 voluptatum
917 2636 1175 2690 materias
1216 2644 1267 2691 et
1298 2636 1621 2692 occasiones
1651 2653 1747 2706 per
1780 2637 1912 2691 teni-

333 2738 455 2789 guia
498 2733 663 2792 atque
717 2725 1059 2781 involucrum
1097 2728 1246 2783 verbi
1293 2729 1559 2799 intelligo.
1602 2727 1717 2782 Una
1765 2730 1910 2784 enim

335 2815 576 2880 generali
630 2817 799 2871 verbo
840 2818 1017 2873 bestia
1056 2828 1138 2875 est
1173 2820 1469 2892 voluptatis
1516 2820 1785 2877 allectus:
1817 2820 1911 2876 sed

337 2907 501 2961 varia:
548 2908 987 2980 multiplicesque
1036 2913 1376 2983 voluptatum
1408 2913 1615 2979 forum,
1652 2915 1772 2969 vitm
1811 2915 1913 2969 hu-

338 3014 512 3053 mana:
572 3016 666 3069 per
710 3016 907 3055 sensus
941 3004 1195 3058 immista:
1245 3015 1411 3075 atque
1466 3007 1910 3073 inhaerescentes,

339 3090 420 3144 Ine
478 3105 720 3161 squamae
772 3095 1045 3162 serpentis
1095 3104 1243 3160 sunt,
1297 3098 1559 3152 varietate
1619 3098 1909 3153 alIeetnum
1940 3128 1981 3185 ο

337 3184 497 3252 quasi
552 3184 783 3240 maculis
834 3185 1127 3241 distinctae.
1190 3187 1245 3241 Si
1303 3188 1466 3259 igitur
1531 3190 1671 3260 fugis
1727 3190 1914 3245 bestia:

338 3274 759 3329 contubernium
810 3286 975 3347 atque
1018 3278 1502 3348 cohabitationem,
1547 3297 1680 3337 eave
1726 3291 1911 3352 caput,

341 3366 446 3429 hoc
479 3373 585 3432 est,
634 3367 865 3437 primum
919 3370 1043 3424 mali
1075 3370 1336 3440 impetum
1384 3379 1437 3427 et
1484 3372 1766 3427 incursum
1802 3391 1814 3429 ε
1848 3375 1914 3429 ad

340 3458 443 3519 boc
472 3458 616 3513 enim
652 3460 906 3531 praecepti
959 3460 1170 3517 Domini
1209 3464 1444 3533 pertinet
1480 3465 1826 3522 involucrum
1863 3476 1916 3524 et

338 3548 601 3620 teni'gma:
624 3546 747 3619 Ipse
780 3550 1075 3606 observabit
1109 3554 1414 3609 calcaneum
1446 3565 1617 3620 tunin,
1652 3567 1699 3610 et
1731 3567 1785 3610 tu
1827 3558 1919 3611 0!:-

338 3637 574 3693 servabis
621 3649 778 3708 caput
818 3640 932 3709 ejus
956 3642 1022 3696 ⁸⁸.
1060 3640 1139 3697 Ne
1191 3644 1290 3699 des
1335 3644 1540 3699 aditum
1579 3649 1815 3717 serpenti
1849 3648 1915 3701 ad

340 3731 599 3786 interiora
649 3732 935 3803 irrepenti,
987 3740 1042 3789 et
1093 3750 1121 3788 a
1170 3736 1345 3805 primo
1374 3737 1527 3792 initio
1558 3753 1719 3794 omne
1756 3755 1914 3794 suum

339 3822 596 3877 volumen
628 3823 791 3878 simul
840 3823 1097 3879 inferenti
1132 3844 1143 3880 :
1179 3841 1339 3883 mane
1375 3836 1539 3897 atque
1581 3830 1826 3884 consiste
1862 3832 1916 3883 in

341 3926 443 3968 usu
477 3913 788 3969 necessario
816 3932 829 3967 :
857 3914 1126 3970 terminus
1167 3925 1287 3971 esto
1319 3918 1413 3972 tibi
1447 3920 1570 3973 vita:
1593 3921 1919 3974 sollicitudi-

340 4004 453 4066 nis,
502 4020 598 4074 per
651 4019 739 4059 res
779 4006 972 4061 obvias
1003 4014 1056 4059 ct
1108 4008 1381 4076 parabiles
1432 4012 1729 4066 necessarii
1786 4029 1918 4068 usus

341 4106 506 4168 atque
562 4097 812 4153 defectus
861 4099 1121 4169 expletio.
1166 4100 1319 4167 Quod
1368 4103 1412 4158 si
1468 4111 1644 4158 tecum
1702 4121 1920 4175 quoque

340 4188 694 4247 consiliarius
726 4188 848 4244 Eva:
874 4192 1275 4246 sermocinetur
1317 4193 1385 4248 de
1425 4210 1490 4248 eo
1527 4196 1668 4264 quod
1692 4205 1919 4266 aspectu

340 4277 653 4349 pulchrum,
700 4286 920 4349 gustatu
951 4294 1118 4334 suave
1153 4280 1244 4343 sit,
1280 4289 1334 4334 ct
1367 4290 1562 4351 prmter
1589 4297 1783 4353 panem
1816 4284 1920 4339 tale

340 4369 630 4424 obsonium
689 4370 1004 4440 talibusque
1057 4369 1422 4427 condimentis
1469 4381 1719 4442 paratum
1770 4390 1921 4445 qua:-

2005 526 2234 596 τμάτων
2263 525 2711 601 φιλοσοφεῖν,τῆς
2737 523 2878 578 κατά
2908 521 3003 594 τὴν
3023 522 3208 591 γεῦσιν
3225 521 3421 591 ἡδονῆς
3454 518 3600 589 σύμ-

2006 618 2195 672 ϐουλον
2209 619 2299 671 τὸν
2311 619 2432 687 ὅφιν
2450 618 2807 690 παραστήσας
2820 619 2887 687 τῇ
2904 613 3037 685 Εὕα.
3052 614 3185 667 Φασὶ
3203 613 3307 682 γὰρ
3324 614 3384 666 τὸ
3399 612 3603 683 θηρίον

2004 709 2164 764 τοῦτο
2192 709 2281 763 τὸν
2300 710 2443 779 ὅφιν,
2466 710 2514 762 εἰ
2560 710 2659 780 τὴν
2688 707 2925 779 κεφαλὴν
2946 708 3208 777 ἀπαγάγῃ
3233 708 3295 777 τῇ
3315 705 3566 777 ἁρμονίᾳ
3584 745 3599 768 ,

2008 804 2086 865 εἰς
2104 802 2171 873 ἦν
2200 800 2555 868 παραδύεται,
2588 800 2662 876 μὴ
2683 801 2748 854 ἂν
2776 802 2840 853 ἐκ
2856 799 2949 853 τοῦ
2964 799 3182 871 οὐραίου
3217 799 3416 870 ῥαδίως
3441 800 3601 870 παρὰ

2005 893 2115 947 τῶν
2156 893 2538 948 ἀντισπώντων
2556 892 2970 963 ἀνελκυσθῆναι,
2995 893 3094 961 τῆς
3122 892 3315 962 ῥαχίας
3340 891 3599 958 φυσικῶς
3624 904 3647 955 ι

2006 988 2106 1055 τῆς
2128 985 2335 1055 φολίδος
2367 987 2446 1048 είς
2461 986 2521 1040 τὸ
2542 985 2775 1057 ἔμπαλιν
2795 972 2928 1057 πρὸς
2949 987 3047 1055 τὴν
3064 986 3169 1038 τῶν
3205 984 3600 1054 ἐφελκομένων

2011 1077 2131 1148 βίαν
2157 1076 2566 1146 ἀντιόαινούσης
2588 1095 2600 1106 ·
2635 1077 2727 1131 καὶ
2754 1073 2815 1131 οὗ
2837 1077 2981 1131 κατὰ
3012 1077 3073 1130 τὸ
3098 1076 3407 1148 ἔμπροσθεν
3441 1075 3603 1129 ἀχώ-

2008 1169 2165 1233 λυτός
2199 1171 2397 1241 ἐστινὴ
2434 1169 2693 1234 διάδυσις,
2725 1169 2803 1240 τῷ
2831 1170 2956 1239 λείῳ
2986 1171 3083 1241 τῆς
3113 1169 3319 1240 φολίδος
3347 1167 3605 1221 ὀλισθαι-

2009 1260 2224 1331 νούσης,
2250 1261 2441 1315 τούτου
2474 1263 2803 1333 ἀμήχανοςή
2830 1264 2891 1315 ἐκ
2918 1262 3025 1314 τῶν
3047 1262 3270 1315 κατόπιν
3298 1262 3598 1322 ἀνάλυσις,

2010 1356 2127 1416 ταῖς
2152 1352 2260 1405 τῶν
2284 1351 2513 1407 λεπίδων
2536 1354 2860 1424 προσϐολαῖς
2888 1354 3266 1424 ἀντισπωμένη
3298 1371 3311 1384 ·
3344 1354 3605 1406 δεικνύνο

2009 1461 2121 1507 τος,
2155 1439 2327 1514 οἶμαι,
2361 1443 2453 1497 τοῦ
2505 1441 2687 1514 λόγου,
2735 1445 2817 1497 ὅτι
2840 1445 2940 1516 τὴν
2974 1444 3165 1515 ἡδονὴν
3192 1444 3475 1498 εἰσιοῦσαν
3509 1446 3606 1498 καὶ

2014 1533 2429 1606 παραδυομένην
2447 1537 2510 1605 τῇ
2539 1535 2635 1606 τῆς
2663 1535 2841 1606 ψυχῆς
2865 1535 3047 1607 ραχία,
3070 1535 3434 1604 φυλάττεσθαι
3469 1555 3504 1605 χ
3511 1536 3602 1607 {ﬁt}.

1960 1664 1965 1673 .
2013 1628 2107 1679 καὶ
2135 1628 2503 1697 ἀποφράττειν
2538 1627 2613 1689 ὡς
2656 1627 2733 1680 ἔνι
2777 1626 3011 1696 μάλιστα
3044 1628 3144 1691 τὰς
3184 1628 3458 1699 ἁρμονίας
3510 1628 3605 1681 τού

2016 1717 2150 1788 βίου.
2207 1716 2362 1771 Οὕτω
2401 1718 2510 1788 γὰρ
2534 1718 2599 1773 ἂν
2646 1718 2858 1789 καθαρά
2893 1720 3188 1790 φυλαχθείη
3219 1721 3317 1790 τῆς
3346 1720 3467 1772 τῶν
3510 1720 3610 1789 θη-

2016 1809 2146 1880 ρίων
2177 1808 2455 1879 ἐπιμιξίας
2483 1813 2514 1882 ἡ
2544 1810 2853 1884 ἀνθρωπίνη
2880 1812 3010 1883 ζωή.
3051 1811 3111 1865 Et
3133 1812 3187 1864 δέ
3207 1830 3329 1866 τινα
3359 1812 3608 1884 πάροδον

2014 1899 2135 1953 καθ’
2168 1900 2323 1970 ἡμῶν
2349 1899 2520 1964 λάϐοι,
2549 1900 2965 1972 διαλυθείσηςὲν
2989 1903 3117 1972 ἡμῖν
3148 1903 3245 1973 τῆς
3272 1903 3607 1974 ἐναρμονίου

2015 1991 2182 2062 ζωῆς,
2214 1990 2554 2061 ἐμφωλεύσει
2579 1991 2666 2045 διὰ
2692 1992 2894 2047 τούτων
2915 1996 2943 2047 ὁ
2972 1996 3068 2065 τῆς
3090 1994 3283 2066 ἠδοιῆς
3314 1995 3463 2063 ὄφις,
3495 1998 3609 2058 τοῖς

2012 2085 2111 2155 τῆς
2144 2083 2379 2147 διανοίας
2401 2086 2548 2156 χωρή
2559 2101 2689 2154 μασι
2716 2084 3077 2159 δυσέκκλητος
3103 2086 3190 2140 διά
3218 2086 3325 2140 τῶν
3363 2087 3610 2155 φολίδων

2012 2174 2315 2244 γινόμενος.
2365 2176 2585 2239 Φολίδας
2609 2175 2663 2229 δὲ
2698 2176 2929 2242 ἀκούων,
2965 2178 3063 2241 τὰς
3090 2179 3476 2255 πολυτρόπους
3500 2181 3609 2234 τῶν

2013 2267 2213 2338 ἡδονῶν
2241 2269 2494 2339 ἀφορμὰς
2516 2268 2603 2322 διὰ
2633 2270 2726 2323 τοῦ
2761 2270 3079 2340 αἰνίγματος
3109 2272 3321 2341 νόησον.
3367 2274 3476 2325 Ἐν
3503 2275 3611 2345 γὰρ

2014 2359 2200 2430 θηρίον
2226 2359 2300 2430 τῷ
2330 2360 2530 2432 γενικῷ
2559 2361 2724 2432 λόγῳ,
2760 2363 2820 2415 τὸ
2854 2362 2975 2415 καθ’
3011 2363 3205 2435 ἡδονήν
3235 2366 3351 2419 ἐστι
3387 2365 3605 2430 πάθος·

2013 2451 2151 2504 αἰδὲ
2195 2452 2436 2505 ποικίλαι
2477 2453 2568 2506 καὶ
2613 2454 2935 2524 πολύτροποι
2974 2454 3081 2507 τῶν
3116 2455 3321 2525 ἡδονῶν
3353 2455 3526 2515 ἰδέαι.
3554 2459 3605 2511 αἱ

2014 2543 2101 2597 διὰ
2128 2543 2233 2596 τῶν
2269 2544 2571 2616 αἰσθήσεων
2609 2545 2956 2617 ἐμμιχθεῖσαι
2987 2550 3054 2617 τῇ
3096 2547 3419 2619 ἀνθρωπίνῃ
3474 2548 3607 2621 ζωῇ,

2016 2628 2174 2687 αὗταί
2221 2636 2355 2688 εἰσιν
2388 2637 2443 2689 αἱ
2480 2637 2606 2708 περὶ
2646 2638 2736 2690 τὸν
2783 2638 2906 2706 ὅφιν
2946 2639 3178 2707 φολίδες,
3235 2642 3303 2711 τῇ
3362 2641 3611 2715 ποικιλία

2013 2727 2119 2779 τῶν
2141 2728 2475 2799 παθημάτων
2504 2730 2870 2784 κατάστικτοι.
2904 2732 2964 2784 Εἰ
2993 2727 3087 2785 οὖν
3116 2731 3341 2802 φεύγεις
3381 2733 3494 2803 τὴν
3516 2736 3607 2788 τοῦ

2016 2819 2203 2893 θηρίου
2248 2823 2577 2894 συνοίκησιν,
2607 2823 2834 2893 φύλαξαι
2886 2825 2983 2894 τὴν
3029 2824 3294 2894 κεφαλὴν,
3320 2825 3604 2889 τουτέστι,

2014 2912 2110 2985 τὴν
2143 2911 2363 2984 πρώτην
2394 2912 2486 2966 τοῦ
2511 2913 2674 2967 κακοῦ
2704 2914 3009 2985 προσϐολήν
3032 2932 3044 2944 ·
3074 2916 3151 2979 εἰς
3174 2914 3337 2968 τούτο
3368 2915 3490 2986 γὰρ
3521 2917 3613 2985 φέ-

2017 3023 2100 3077 ρει
2146 3005 2245 3070 τῆς
2269 3004 2486 3075 ἐντολῆς
2538 3004 2627 3058 τοῦ
2659 3004 2862 3076 Κυρίου
2891 3004 2951 3057 τὸ
2982 3004 3231 3075 αἴνιγμαο
3262 3006 3472 3073 Αὐτός
3495 3024 3611 3060 σου

2016 3095 2260 3164 τηρήσει
2277 3095 2556 3164 πτέρναν,
2580 3096 2770 3148 καὶσὺ
2789 3095 3069 3164 τηρήσεις
3084 3114 3120 3149 (ι
3130 3095 3269 3149 ἰιτοῦ
3301 3099 3608 3165 κεφαλήν

2020 3190 2094 3260 μὴ
2138 3187 2242 3257 δῷς
2269 3186 2499 3258 πάροδον
2539 3186 2613 3257 τῷ
2641 3188 2880 3259 ἑρπυστῇ
2928 3187 3061 3263 πρὸς
3090 3186 3151 3240 τὸ
3180 3186 3470 3258 ἐνδότερον
3497 3192 3608 3244 είσ-

2018 3280 2254 3348 ἐρποντι,
2300 3279 2394 3332 καὶ
2422 3278 2526 3331 ἀπὸ
2551 3278 2648 3347 τῆς
2683 3277 2903 3349 πρώτης
2931 3279 3107 3349 ἀρχῆς
3137 3278 3254 3335 ὅλον
3282 3279 3488 3337 ἑαυτοῦ
3522 3279 3610 3334 τὸν

2016 3370 2172 3422 ὁλκὸν
2212 3367 2634 3440 συνεισφέροντι.
2687 3369 2885 3421 Μεῖνον
2916 3367 3008 3420 ἐπὶ
3051 3369 3148 3438 τῆς
3188 3367 3385 3437 χρείας
3410 3385 3427 3398 ·
3483 3370 3607 3438 ἔαρος

2017 3460 2156 3513 ἔστω
2201 3477 2281 3513 σοι
2326 3459 2424 3526 τῆς
2472 3457 2563 3511 τοῦ
2597 3457 2695 3529 ζῇν
2723 3460 3029 3530 φροντίδος,
3082 3458 3230 3529 ήδιά
3264 3458 3373 3512 τῶν
3424 3462 3612 3512 ἐπιτυ-

2018 3555 2218 3626 χόντων
2266 3550 2360 3604 τοῦ
2412 3550 2682 3613 ἐνδέοντος
2730 3550 3028 3621 πλήρωσις.
3093 3551 3155 3603 Εἰ
3198 3550 3253 3602 δὲ
3307 3552 3405 3603 καί
3454 3568 3536 3604 σοι
3583 3553 3609 3604 ό

2016 3648 2114 3716 τῆς
2150 3643 2294 3707 Εὔας
2324 3643 2623 3713 σύμϐουλος
2665 3642 2965 3708 διαλέγοιτο
3007 3643 3134 3714 περὶ
3181 3641 3275 3695 τοῦ
3326 3643 3471 3695 κατά
3511 3643 3609 3712 τὴν

2018 3737 2139 3806 ὅψιν
2195 3733 2397 3797 καλοῦ,
2460 3734 2554 3787 καὶ
2608 3731 2705 3802 τὴν
2753 3731 2939 3800 γεῦσ.ν
2985 3731 3174 3802 ἡδέος,
3245 3732 3609 3808 καὶσζητοίης

2019 3830 2110 3881 ἐπὶ
2149 3827 2224 3897 τῷ
2270 3827 2420 3897 ἄρτῳ
2467 3826 2526 3879 τὸ
2573 3825 2701 3894 ὄψον
2744 3824 2805 3876 τὸ
2858 3823 3085 3889 τοιόνδε,
3144 3824 3237 3877 καὶ
3282 3824 3343 3877 τὸ
3378 3824 3472 3877 διὰ

2019 3919 2235 3973 τοιῶνδε
2284 3918 2610 3989 ἡδυσμάτων
2658 3914 3115 3987 ὀψοποιούμενον,
3169 3912 3288 3969 εἶτα
3333 3916 3425 3969 διὰ
3475 3916 3596 3969 τού-

2019 4030 2125 4081 των
2158 4010 2261 4076 ἔξω
2306 4010 2412 4062 τῶν
2444 4009 2754 4076 ἀναγκαίων
2786 4009 2926 4077 ὅρων
2958 4010 3056 4079 τὴν
3090 4007 3388 4078 ἐπιθυμίαν
3424 4008 3599 4076 ἄγοις,

2020 4104 2139 4156 τότε
2180 4102 2313 4171 ﬁgat.
2370 4101 2457 4153 τὸν
2512 4100 2787 4171 ὲρπυστὴν
2844 4098 2984 4152 κατά
3040 4098 3102 4151 τὸ
3170 4098 3400 4167 λεληθὸς
3468 4100 3601 4169 1:90;

2021 4193 2333 4256 πλεονεξίαν
2376 4190 2683 4253 ἀκολούθως
2736 4189 3096 4260 μεθέρποντα.
3158 4188 3293 4241 ’Λπὺ
3338 4188 3451 4262 γὰρ
3505 4191 3601 4257 τῆς

2021 4286 2323 4355 ἀναγκαίας
2360 4283 2586 4355 τροφῆς,
2628 4281 2717 4337 ἐπὶ
2755 4280 2851 4353 τὴν
2889 4278 3190 4348 ὀψοφαγίαν
3215 4278 3420 4350 ἓρψας,
3466 4280 3600 4348 πρὸς

2021 4378 2082 4431 τὸ
2133 4378 2187 4429 ἐν
2231 4374 2527 4444 ὀφθαλμοῖς
2562 4372 2658 4443 ἡδὺ
2710 4371 3094 4441 μεταδήσεται.
3148 4370 3317 4441 σκεύη
3374 4370 3602 4443 λαμπρὰ

341 4474 469 4525 vas;
508 4458 707 4514 deinde
737 4475 834 4529 per
865 4460 980 4515 haec
1015 4461 1325 4532 cupidinem
1356 4470 1409 4517 et
1430 4465 1730 4533 appetitum
1761 4481 1817 4527 ea

2127 4469 2223 4531 ὧν,
2267 4467 2361 4521 καὶ
2398 4464 2675 4535 ὑπηρέτας
2727 4461 2927 4533 ἁδροὺς
2974 4461 3066 4514 καὶ
3102 4461 3291 4524 κλίνας
3334 4463 3599 4533 ἀργυρᾶς,

341 4551 643 4607 necessarii
699 4568 832 4608 usus
886 4554 1151 4610 terminos
1208 4555 1449 4618 educas,
1520 4562 1650 4609 tunc
1703 4555 1915 4613 videbis

342 4652 652 4715 serpentem
694 4645 926 4699 latenter
981 4645 1046 4699 ad
1083 4646 1370 4699 araritiam
1405 4646 1664 4716 deinceps
1700 4662 1919 4717 proser-

340 4744 578 4806 pentem.
609 4736 745 4792 Cum
774 4738 920 4793 enim
955 4753 983 4791 a
1015 4739 1332 4793 necessario
1369 4740 1490 4795 cibo
1521 4738 1586 4793 ad
1623 4740 1917 4810 ingluviem

341 4830 626 4900 serpscrit,
662 4829 730 4883 ad
761 4830 817 4884 id
846 4829 993 4900 quod
1025 4839 1249 4900 aspectu
1287 4831 1591 4907 jucundum
1619 4842 1702 4887 est
1738 4842 1921 4889 trans-

340 4922 462 4985 ibit,
494 4936 622 4977 vasa
660 4922 947 4991 splendida
984 4930 1147 4991 atque
1191 4924 1461 4994 elegantia
1493 4940 1765 4993 quaerens,
1815 4925 1919 4978 mi-

342 5013 549 5075 nistros
599 5014 729 5069 item
758 5020 1024 5069 venustos
1070 5029 1135 5068 ac
1170 5015 1452 5082 delicatos,
1506 5017 1679 5072 lectos
1721 5033 1917 5087 argen-

342 5115 486 5175 teos,
544 5114 717 5162 strata
786 5107 992 5169 mollia,
1058 5114 1369 5177 tegumenta
1431 5109 1698 5180 pellucida
1752 5121 1916 5180 atque

341 5215 479 5253 auro
520 5200 837 5261 intertexta,
882 5199 1041 5262 solia,
1105 5199 1381 5268 tripodas.
1442 5184 1666 5257 balneas
1704 5210 1757 5257 et
1786 5218 1916 5255 vasa

342 5293 408 5344 ad
447 5292 761 5357 lavandum,
797 5291 970 5357 labra,
1000 5302 1269 5359 crateras,
1298 5294 1546 5358 haustra,
1583 5303 1747 5365 atque
1777 5304 1918 5366 ryta,

343 5390 624 5452 psycteras
682 5392 737 5439 et
802 5384 1234 5454 reirigeratoria,
1302 5388 1552 5457 cyathos,
1616 5389 1919 5460 gutturnia,

345 5470 697 5536 candelabra,
750 5486 994 5535 acerras,
1047 5475 1541 5544 atque'ejusmodi
1604 5493 1690 5532 res
1740 5476 1925 5545 requi-

346 5578 473 5621 rens
506 5578 519 5615 :
558 5576 652 5630 per
706 5562 821 5615 hzec
869 5564 1014 5618 enim
1064 5581 1175 5621 rem
1230 5583 1385 5623 suam
1434 5569 1676 5639 qualibet
1716 5574 1923 5628 ratione

437 5740 481 5773 ε’
526 5738 664 5797 Gen.
707 5753 803 5805 nt,
845 5741 925 5794 ιδ.

2028 4557 2314 4632 στρωμνὰς
2356 4556 2618 4627 μαλακὰς,
2656 4551 2987 4623 καλύμματα
3010 4552 3240 4623 διαρανῆ
3276 4553 3373 4607 καὶ
3416 4554 3604 4625 χρυσό-

2028 4668 2228 4709 παστα.
2254 4649 2495 4722 θρόνους,
2518 4645 2795 4716 τρίποδας,
2827 4643 3081 4707 πλυνοὺς,
3108 4645 3418 4716 κρατῆρας,
3452 4645 3603 4716 ῥυτά,

2025 4744 2332 4815 ψυκτῆρας,
2379 4737 2638 4811 οἰνοχοάς,
2687 4736 2932 4807 χέρνιϐα,
2974 4735 3216 4806 λυχνίας.
3271 4736 3608 4809 θυμιατήρια

2028 4836 2122 4889 καὶ
2155 4834 2223 4886 τὰ
2251 4832 2475 4885 τοιαῦτα
2504 4830 2792 4900 ἐπιζητῶν.
2831 4827 2929 4881 Διά
2956 4828 3113 4881 τοῦτο
3140 4828 3248 4899 γὰρ
3280 4831 3315 4901 ἡ
3345 4830 3606 4900 ἐπιθυμα

2024 4926 2123 4995 τῆς
2141 4921 2448 4988 πλεονεξίας
2469 4921 2790 4991 εἰσέρχεται.
2819 4920 2936 4973 Ἵνα
2956 4916 3064 4989 γὰρ
3088 4919 3120 4987 ἡ
3141 4917 3276 4987 πρὸς
3294 4917 3365 4969 τὰ
3388 4918 3606 4969 τοιαῦτα

2027 5016 2100 5089 μὴ
2121 5016 2266 5068 λίποι
2293 5013 2637 5085 παρασκευὴ,
2654 5010 2927 5082 προσόδων
2951 5008 3127 5081 χρεία.
3151 5008 3218 5062 δι’
3242 5002 3319 5062 ὧν
3346 5026 3605 5082 συμπορι-

2025 5110 2280 5180 σθήσεται
2300 5107 2367 5160 τὰ
2384 5104 2708 5177 ζητούμενα.
2728 5102 2936 5157 υύκοῦν
2953 5100 3185 5155 κλαῦσαι
3204 5100 3311 5172 χρὴ
3328 5100 3425 5154 τὸν
3442 5103 3600 5161 δεῖνα.

2022 5201 2117 5255 καὶ
2142 5198 2372 5270 οἰμῶξαι
2396 5197 2487 5250 τὸν
2512 5195 2776 5255 σύνοικον,
2802 5194 2896 5247 καὶ
2918 5194 3142 5256 πολλοὺς
3164 5192 3440 5257 ἐλεεινοὺς
3458 5194 3603 5261 γενέ-

2022 5291 2145 5344 σθαι
2163 5289 2269 5343 τῶν
2288 5288 2436 5342 ἰδίων
2458 5286 2841 5346 ἐκπίπτοντας,
2863 5283 2952 5336 ἴνα
2969 5282 3055 5335 διὰ
3071 5283 3177 5333 τῶν
3194 5281 3451 5350 δακρύων
3473 5282 3605 5335 Exsi-

2019 5385 2171 5453 νωνὴ
2189 5399 2255 5434 πε
2264 5383 2314 5453 pl.
2334 5379 2431 5451 τὴν
2447 5376 2723 5451 τράπεζαν
2738 5375 2909 5445 τούτῳ
2924 5373 3198 5446 τραγῳδία
3213 5374 3283 5427 λα
3289 5374 3600 5445 μπρύνοιτο.

2031 5474 2280 5531 Ἐπειδὰν
2318 5475 2374 5527 δὲ
2425 5473 2517 5526 καὶ
2542 5470 2751 5533 τούτοις
2784 5472 2812 5521 ό
2851 5468 2974 5538 ὄφις
3016 5466 3206 5521 ἐαυτδν
3246 5466 3499 5537 ἐπιλλίζῃ
3523 5468 3607 5521 ιαὶ

2022 5570 2202 5641 πλήσῃ
2222 5566 2317 5639 τὴν
2335 5564 2572 5637 γαστέρα
2592 5563 2699 5617 τῶν
2718 5562 2855 5618 κατά
2874 5560 3116 5634 γνώμην,
3137 5560 3454 5625 ἀκολούθως
3476 5560 3606 5632 μετὰ
