3738 5984
98 327 250 383 1173

1018 330 1107 387 DE
1136 331 1491 391 ORATIONE
1530 337 1877 396 DOMINICA.
1918 370 1988 381 —
2020 340 2277 398 ORATIO
2316 342 2398 398 IV.

3234 348 3368 402 1174

95 442 205 507 τὰς
242 440 564 514 πλησμονὰς
604 444 696 498 ἐπὶ
739 444 847 515 τῆν’
876 446 1173 504 ἀκόλαστον
1202 449 1409 505 λύσσαν
1449 451 1571 506 ίλυσι

1896 455 2044 510 εηάἰ·
2080 456 2356 526 cupiditas
2405 456 2735 528 ingreditur.
2806 457 2942 513 Nam
2994 474 3062 514 ne
3114 466 3369 528 sumptus

100 550 273 601 μενος
308 533 695 606 κατασύρεται,
724 536 881 591 τοῦτο
906 538 963 592 δέ
992 542 1106 593 ἐστι
1129 536 1193 594 διδ
1218 540 1441 612 ἔσχατον
1472 542 1580 597 τῶν
1601 546 1690 598 ἀν-

94 622 397 695 θρωπίνων
417 626 625 681 κακῶν.
653 628 741 690 Ὠς
762 628 829 682 ἂν
849 625 941 683 οὖν
967 630 1134 701 μηδὲν
1161 632 1370 701 γένοιτο
1385 634 1686 707 τούτων,τῇ

94 714 340 786 εὐπορίᾳ
365 714 463 768 τοῦ
493 716 659 786 ἄρτου
694 717 793 788 τὴν
833 718 978 790 ζωὴν
1012 721 1403 792 περιορίζεται,
1434 724 1564 793 ὄψον
1593 725 1689 797 ζηο
1714 740 1735 749 δ

94 804 213 857 τῶν
245 806 310 858 τὺ
354 809 484 878 παρ’
523 807 694 878 αὐτῆς
730 807 1149 881 ὀψοποιούμενόν
1196 829 1277 867 σοι
1303 815 1401 885 τῆς
1451 814 1688 884 φύσεως.

97 896 282 950 Τοῦτο
321 897 380 951 δέ
412 900 549 962 ἐστι,
583 898 820 969 μάλιστα
853 901 951 972 μὲν
995 903 1027 973 ἡ
1063 903 1242 975 ἀγαθὴ
1276 905 1601 976 συνείδησις,
1627 908 1694 977 τῇ

95 988 294 1060 δικαίᾳ
333 990 631 1061 μεταλήψει
661 990 752 1044 τὸν
781 992 943 1063 ἄρτον
972 991 1256 1063 ἡδύνουσα.
1294 996 1357 1047 Et
1391 994 1448 1048 δὲ
1477 996 1570 1048 καὶ
1600 994 1695 1067 τὴν

96 1078 247 1132 κατά
292 1083 385 1133 τὸν
426 1079 620 1151 λαιμὸν
647 1080 898 1149 αἴσθησιν
937 1081 1160 1151 ἥδεσθαι
1207 1081 1401 1147 θέλοις,
1452 1083 1581 1152 δψον
1609 1100 1692 1138 σοι

94 1167 349 1234 γενέσθω
380 1170 412 1239 ἠ
439 1169 640 1232 ἔνδεια,
672 1171 767 1223 καὶ
790 1170 852 1222 τὸ
881 1171 957 1242 μὴ
986 1172 1264 1225 ἐπιϐαλεῖν
1298 1174 1460 1245 κόρον
1489 1174 1566 1246 τῷ
1598 1175 1691 1228 κό-

98 1274 204 1329 ρῳ,
242 1260 381 1329 μηδὲ
420 1259 777 1331 ἀπαμόλῦναι
795 1264 863 1331 τῇ
893 1264 1172 1336 κραιπάλῃ
1192 1264 1290 1335 τὴν
1308 1263 1488 1335 δρεξιν
1506 1282 1520 1297 ·
1549 1267 1685 1321 ἀλλὰ

94 1348 558 1420 προηγείσθωσὼ
592 1368 672 1405 σοι
696 1353 794 1423 τῆς
818 1355 1025 1425 τροφῆς
1053 1354 1162 1406 τῶν
1193 1354 1419 1408 ἐντολῶν
1441 1357 1489 1409 oi
1526 1357 1685 1429 ἱδρῶ-

93 1456 210 1503 τες.
272 1441 368 1493 Ἑν
399 1440 595 1509 ἱδρῶτι
628 1444 725 1497 καὶ
765 1446 931 1511 πόνῳ
976 1446 1137 1514 φάγῃ
1176 1445 1293 1499 τὸν
1323 1446 1509 1514 ἄρτον
1541 1462 1679 1503 σου.

107 1529 281 1599 Ὀρᾷς
308 1530 409 1600 τὴν
441 1530 663 1601 πρώτην
699 1532 983 1600 ὀψοποιίαν
1014 1532 1108 1585 τοῦ
1146 1532 1342 1598 Λόγου.

1795 545 2103 601 subsidium
2148 554 2201 602 et
2252 556 2550 617 apparatus
2613 549 2681 602 ad
2738 548 3009 618 ejusmodi
3063 564 3153 605 res
3204 548 3375 621 desit,

1794 633 2060 690 reditibus
2103 651 2242 706 opus
2285 648 2387 703 est,
2420 653 2518 710 per
2548 654 2689 708 quos
2734 639 3096 694 conﬁciantur
3133 648 3188 695 et
3221 653 3369 694 como

1794 734 2058 793 parentur
2083 741 2144 779 ea
2180 743 2300 795 qua:
2327 729 2710 783 desiderantur
2739 738 2793 785 et
2824 729 3198 799 requiruntur.
3231 730 3371 797 Ergo

1796 814 1925 869 ﬂere
1953 815 2108 870 illum
2140 826 2194 872 et
2230 818 2380 872 illum
2414 830 2651 890 oportet,
2681 828 2734 876 et
2765 822 2980 890 plorare
3012 819 3371 875 contuberna-

1794 902 1922 971 lem,
1952 906 2285 976 multosque,
2316 908 2419 977 qui‘
2457 909 2573 964 suis
2618 910 2783 965 rebus
2813 910 3097 974 excidunt,
3134 911 3360 964 misera-

1794 992 1932 1049 biles
2004 995 2143 1060 ﬁeri,
2180 1004 2239 1049 ut
2273 1013 2369 1066 per
2402 997 2619 1051 illorum
2671 998 2942 1070 lacrymas
2983 998 3112 1052 huic
3151 999 3371 1068 magni-

1793 1084 2006 1137 ﬁcentia
2043 1097 2205 1154 atque
2247 1088 2542 1140 ostentatio
2577 1102 2779 1141 mensae
2829 1087 3199 1156 splendescat.
3233 1088 3368 1141 Cum

1790 1184 1966 1228 autem
1995 1175 2153 1228 etiam
2191 1176 2274 1227 bis
2306 1193 2363 1230 se
2409 1192 2636 1246 serpens
2667 1177 2957 1231 invol‘vcrit
2989 1187 3152 1246 atque
3187 1176 3370 1246 impli-

1791 1266 1984 1330 cuerit,
2043 1273 2099 1319 et
2144 1275 2385 1320 ventrem
2445 1268 2571 1321 cibo
2626 1279 2866 1338 potaque
2910 1269 2976 1323 ad
3035 1268 3367 1322 voluntatem

1790 1356 2063 1424 exquisito
2106 1357 2428 1427 impleverit,
2472 1366 2594 1427 post
2646 1359 3127 1430 ingurgitationem
3184 1372 3248 1411 ac
3283 1374 3369 1410 re-

1791 1446 2105 1513 pletiouem,
2148 1447 2408 1517 deinceps
2454 1448 2518 1502 ad
2561 1448 2906 1503 libidinosam
2941 1448 3145 1502 rabiem
3186 1446 3368 1501 invol-

1793 1537 1964 1590 vendo
1990 1554 2109 1592 sese
2154 1538 2460 1593 dt-labetur.
2492 1539 2543 1593 Id
2586 1547 2765 1593 autem
2806 1551 3108 1594 extremum
3141 1546 3223 1593 est
3259 1538 3359 1589 hu-

96 1635 393 1675 triariorum
428 1623 720 1678 malorum.
755 1621 825 1677 Ut
861 1625 1025 1693 igitur
1091 1623 1226 1677 nilil
1293 1623 1485 1677 borum
1510 1624 1743 1689 accidat,
1787 1623 2044 1683 facultate
2106 1632 2258 1698 panis
2323 1632 2483 1682 Vitam
2556 1630 2996 1694 circumscribit,
3070 1629 3360 1683 obsonium

92 1728 356 1780 quaerens
395 1715 538 1785 quod
583 1716 651 1771 ab
722 1716 837 1786 ipsa
882 1727 1077 1770 natura
1149 1716 1247 1770 tibi
1313 1724 1557 1786 paratur.
1625 1717 1685 1771 Id
1735 1728 1914 1775 autem
1983 1723 2328 1790 potissimum
2388 1723 2605 1793 quidem
2664 1723 2805 1777 bona
2855 1724 3192 1778 conscientia
3250 1730 3369 1786 est,

94 1803 254 1871 justo
291 1820 393 1861 usu
434 1820 626 1875 panem
698 1806 971 1862 condiens.
1044 1806 1201 1873 Quod
1232 1807 1278 1862 si
1318 1807 1482 1860 etiam
1516 1823 1736 1863 sensum
1776 1812 1914 1878 gula:
1951 1812 2247 1867 demulccri
2277 1814 2378 1877 vis,
2408 1814 2699 1867 obsonium
2734 1813 2829 1867 tibi
2860 1821 2979 1868 esto
3047 1808 3368 1881 indigentia.

94 1910 179 1964 et,
231 1907 294 1953 ut
334 1915 403 1966 ne
447 1899 670 1954 satietas
718 1899 956 1954 satietati
996 1899 1250 1963 addatur,
1309 1916 1413 1954 neu
1495 1903 1719 1970 crapula
1796 1903 2131 1972 infringatur
2156 1915 2205 1958 et
2238 1905 2523 1959 hebetetur
2550 1892 2847 1973 appetitus,
2877 1904 2973 1959 sed
3005 1903 3186 1958 cibum
3216 1912 3369 1958 tuum

98 1990 419 2064 praecedant
465 1998 856 2061 praeceptorum
890 1991 1138 2045 sudores.
1220 1988 1286 2044 In
1329 1990 1523 2046 sudore
1592 2002 1642 2045 et
1711 1992 1890 2048 labore
1960 1996 2180 2049 vesceris
2227 2012 2361 2064 pane
2405 1994 2581 2051 tuo“.
2624 1993 2786 2050 Vides
2821 1992 3102 2050 Sermonis
3134 1993 3368 2065 primam

96 2085 321 2142 obsonii
357 2084 757 2140 coniectionem
774 2084 811 2139 ?‘

187 2178 378 2248 ’Δρκεῖ
424 2193 505 2230 σοι
540 2177 600 2230 τὸ
645 2176 806 2249 μέχρι
846 2177 944 2247 τῆς
967 2176 1157 2247 χρείας
1188 2178 1394 2251 ταύτης
1434 2179 1663 2249 ἀσχολεῖτ

1890 2176 2080 2231 Sufﬁcit
2116 2175 2215 2230 tibi
2259 2176 2325 2230 ad
2355 2177 2501 2231 hunc
2531 2192 2895 2246 usumusqne
2925 2182 3106 2231 mente
3130 2189 3366 2245 occupa-

96 2267 203 2337 τὴν
239 2266 479 2320 διάνοιαν
499 2281 513 2295 ·
543 2265 743 2335 μᾶλλον
766 2266 823 2318 δὲ
850 2267 1009 2337 μέχρι
1026 2266 1218 2320 τούτου
1247 2268 1345 2338 τὴν
1375 2268 1551 2339 ψυχὴν
1572 2274 1689 2334 ταῖς

98 2360 239 2429 περὶ
259 2355 351 2410 τοῦ
385 2356 550 2426 ἄρτου
582 2356 875 2427 μερίμναις
902 2357 1131 2428 ὲνδήσῃς
1155 2372 1168 2385 ·
1202 2357 1315 2410 ἀλλ’
1349 2358 1471 2411 εἰπὲ
1498 2357 1575 2429 τῷ
1601 2359 1691 2411 τὸν

101 2445 274 2517 ἄρτον
302 2447 368 2498 ἐκ
394 2445 499 2515 γῆς
533 2444 779 2514 ἐξάγοντι
805 2462 817 2476 ⁸
869 2448 988 2500 είπέ
1022 2447 1100 2518 τῷ
1136 2448 1263 2511 τοὺς
1302 2449 1542 2519 κόρακας
1570 2449 1693 2521 τρέ-

100 2552 286 2604 φοντι,
325 2534 404 2606 τῷ
430 2535 623 2589 διδόντι
662 2536 867 2608 τροφὴν
904 2540 1051 2610 πάσῃ
1085 2539 1269 2609 σαρκὶ,
1315 2539 1393 2609 τῷ
1424 2540 1692 2607 ἀνοίγοντι

99 2630 206 2699 τὴν
256 2629 434 2700 χεῖρα,
480 2627 575 2680 καί
625 2626 921 2700 πληροῦντι
977 2631 1084 2682 πᾶν
1116 2629 1253 2694 ζῶον
1281 2632 1562 2694 εὐδοκίας·
1612 2634 1693 2685 ὅτι

105 2720 267 2792 Παρά
289 2719 383 2773 σοῦ
411 2718 547 2790 μοιή
603 2716 714 2790 ζωή
742 2736 755 2750 ·
802 2720 956 2792 παρά
982 2721 1073 2773 σοῦ
1102 2721 1345 2790 γενέσθω
1369 2722 1465 2775 καὶ
1491 2725 1523 2793 ἠ
1564 2722 1695 2793 πρὸς

102 2811 207 2880 τὴν
238 2809 384 2882 ζωὴν
406 2811 627 2882 ἀφορμή
651 2829 664 2841 '
690 2810 776 2865 σὺ
805 2811 912 2879 δὸς
931 2812 1039 2865 τὸν
1061 2812 1264 2881 ἄρτον,
1298 2815 1594 2881 τουτέστιν,
1630 2818 1693 2868 ἐκ

104 2901 335 2955 δικαίων
363 2902 540 2955 πόνων
582 2901 680 2973 τὴν
708 2903 916 2973 τροφὴν
951 2904 1160 2976 σχοίηνο
1209 2906 1402 2978 Ειγὰρ
1446 2908 1473 2958 ὁ
1498 2907 1628 2971 Θεδς
1658 2908 1696 2978 ἡ.

104 2993 425 3064 δικαιοσύνη
458 2993 633 3060 ἐστὶν,
676 2996 776 3048 οὐκ
810 2994 924 3066 ἔχει
965 2997 1117 3069 παρὰ
1154 2997 1289 3051 Θεοῦ
1316 2999 1405 3051 τὸν
1438 3001 1621 3069 ἄρτον,
1663 3000 1700 3051 6'

106 3087 174 3138 ἐκ
202 3084 518 3152 πλεονεξίας
552 3086 650 3156 τὴν
678 3088 885 3157 τροφὴν
912 3088 1048 3157 ἔχων
1067 3111 1078 3123 ·
1111 3090 1272 3153 αὐτὸς
1301 3091 1485 3161 κύριος
1514 3089 1564 3145 εἷ
1585 3092 1690 3161 τῆς

105 3174 297 3247 ιύχῆς,
338 3178 388 3229 εί
416 3175 489 3246 μὴ
516 3176 575 3241 ἐξ
603 3177 897 3250 ἀλλοτρίων
927 3181 960 3251 ἡ
992 3180 1221 3253 εὐπορία
1242 3223 1255 3245 ,
1294 3184 1340 3234 εί
1372 3181 1446 3253 μὴ
1493 3185 1558 3235 ἐκ
1593 3182 1691 3235 δα-

107 3267 296 3341 κρύων
335 3269 371 3339 ἠ
406 3268 684 3339 πρόσοδος,
725 3272 774 3323 εί
801 3270 972 3334 οὐδεὶς
1004 3273 1095 3324 ἐπὶ
1139 3271 1219 3344 τῷ
1249 3272 1326 3343 σῷ
1364 3274 1511 3344 κόρῳ
1545 3274 1693 3326 ἐπείὲ

104 3376 292 3423 νασεν,
320 3361 369 3412 εί
397 3358 571 3423 οὐδεὶς
596 3359 691 3412 ἐπὶ
713 3364 779 3433 τῇ
807 3361 1099 3433 πλησμονῇ
1124 3380 1216 3415 σου
1238 3363 1539 3430 ἐστέναξεν,
1556 3363 1703 3417 Θεοῦ

106 3450 278 3521 ἄρτος
312 3448 549 3519 μάλιστα
581 3451 609 3503 6
636 3451 876 3515 τοιοῦτός
912 3454 1050 3518 ἐστι,
1082 3451 1427 3523 δικαιοσύνης
1457 3452 1690 3521 καρπὸς,

1795 2268 1863 2330 ri,
1897 2268 2008 2321 imo
2033 2282 2163 2322 vero
2190 2267 2299 2323 huc
2325 2283 2496 2337 usque
2521 2269 2756 2322 animam
2789 2265 3253 2321 sollicitudinibus
3271 2280 3366 2336 pa-

1791 2360 1880 2414 nis
1910 2360 2085 2428 illiges
2128 2378 2141 2414 :
2175 2375 2239 2414 ac
2269 2360 2358 2415 dic
2399 2360 2449 2415 ei
2494 2361 2587 2431 qui
2623 2360 2808 2415 educit
2841 2375 3037 2430 panem
3068 2359 3138 2415 de
3165 2369 3313 2414 terra
3348 2375 3365 2415 :

1791 2446 1879 2500 dic
1923 2462 2117 2502 corvos
2161 2449 2426 2517 pascenti,
2480 2450 2572 2518 qui
2626 2450 2785 2504 omni
2813 2451 2966 2505 carni
3014 2449 3195 2505 cibum
3245 2448 3362 2515 dat,

1791 2536 1881 2607 qui
1914 2552 2132 2592 manum
2166 2539 2362 2608 operit,
2399 2546 2453 2593 et
2478 2556 2640 2595 omne
2679 2542 2880 2595 animal
2902 2542 3368 2597 'bona.voluntate

1794 2626 1964 2695 replet
1995 2625 2041 2657 "
2067 2647 2081 2684 :
2108 2629 2223 2684 Ate
2263 2628 2395 2682 mihi
2430 2628 2538 2683 vita
2563 2640 2667 2694 est,
2699 2645 2729 2682 a
2761 2640 2814 2686 te
2836 2647 3056 2702 quoque
3085 2633 3217 2688 mibi
3243 2634 3369 2690 vita:

1794 2715 2094 2772 subsidium
2129 2718 2409 2788 contingat
2437 2738 2450 2775 :
2506 2727 2561 2772 tu
2590 2720 2658 2775 da
2685 2738 2873 2791 partem
2953 2722 3154 2797 idest,
3188 2740 3254 2780 ex
3279 2726 3369 2795 ju~

1793 2806 1895 2861 stis
1930 2806 2211 2860 laboribus
2237 2806 2417 2860 cibum
2450 2807 2749 2878 adipiscar.
2786 2808 2922 2865 Nam
2962 2817 3010 2866 si
3033 2810 3175 2869 Deus
3199 2814 3364 2884 justi-

1793 2899 1865 2953 tia
1895 2907 1998 2964 est,
2033 2914 2140 2952 non
2166 2899 2328 2953 habet
2360 2913 2391 2953 a
2423 2897 2531 2955 Deo
2557 2916 2773 2971 panem,
2814 2903 2905 2972 qui
2942 2919 3009 2959 ex
3044 2920 3103 2960 re
3137 2904 3369 2960 fraudu-

1793 2989 1966 3044 lenter
1994 2996 2050 3043 et
2083 2986 2284 3058 injuste
2315 2997 2467 3058 parta
2514 2990 2695 3044 cibum
2726 2991 2890 3047 habet
2920 3009 2936 3058 ;
2979 2994 3094 3063 ipse
3135 3008 3364 3064 compos

1792 3079 1900 3134 voti
1928 3094 2008 3144 es,
2036 3079 2143 3133 nisi
2201 3094 2265 3133 ex
2308 3079 2502 3134 alienis
2538 3080 2693 3150 copia
2731 3089 2899 3152 atque
2949 3082 3206 3149 facultas,
3252 3085 3362 3141 nisi

1790 3187 1854 3227 ex
1888 3172 2142 3243 Iacry‘mis
2173 3171 2402 3239 reditus,
2426 3173 2471 3228 si
2509 3187 2671 3229 nemo
2702 3183 2925 3244 propter
2964 3182 3113 3229 tuam
3144 3175 3368 3231 satieta-

1791 3270 1900 3318 tem
1938 3263 2151 3327 esuriit,
2196 3263 2242 3318 si
2298 3264 2483 3319 nullus
2525 3263 2595 3318 ob
2638 3264 3186 3334 tuam_repletionem
3216 3265 3367 3334 inge-

1793 3356 1950 3419 muit,
1996 3353 2087 3409 Dei
2118 3355 2275 3425 panis
2305 3357 2538 3409 maxime
2575 3355 2699 3409 talis
2733 3363 2839 3419 est,
2874 3355 3108 3425 justitia:
3131 3355 3381 3431 fructus,.

1800 3447 1950 3516 pacis
1989 3448 2163 3515 spica,
2199 3462 2307 3499 non
2348 3447 2609 3515 permista
2638 3462 2817 3517 neque
2852 3448 3137 3517 inquinata
3170 3448 3381 3504 zizani’t

106 3542 341 3613 εἰρήνης
376 3543 404 3595 6
434 3540 693 3613 ἄσταχυς,
736 3543 977 3611 ἄμικτος
994 3545 1088 3597 καὶ
1133 3543 1426 3613 ἀμόλυντος
1454 3544 1561 3596 τῶν

1886 3536 2119 3592 ninibus.
2154 3535 2310 3601 Quod
2339 3536 2385 3591 si
2416 3551 2578 3591 arens
2600 3542 2655 3591 et
2695 3537 2884 3594 colens
2911 3537 3109 3604 aliena,
3137 3547 3193 3594 et
3216 3541 3362 3610 inju—

109 3632 359 3698 ζιζανίου
404 3634 754 3707 σπερμάτων.
812 3636 876 3688 Ei
919 3636 975 3687 δὲ
1021 3635 1279 3707 γεωργῶν
1316 3634 1382 3686 τὰ
1420 3633 1691 3704 ἀλλότρια,

109 3724 211 3777 καὶ
232 3724 291 3776 ἐν
312 3722 609 3795 ὀφθαλμοῖς
631 3722 767 3794 ἔχων
800 3723 899 3796 τὴν
927 3724 1161 3789 ἀδικίαν,
1185 3726 1276 3778 καὶ
1297 3725 1693 3798 γραμματείοις

109 3812 392 3885 κρατύνας
416 3815 517 3883 τὴν
545 3814 726 3868 ἄδικον
756 3814 946 3885 κτῆσιν
970 3834 983 3847 ·
1014 3815 1205 3870 ἔπειτα
1241 3816 1317 3886 τῷ
1344 3817 1463 3888 Θεῷ
1492 3817 1694 3886 λέγοις,

108 3902 227 3968 Δὸς
252 3903 361 3956 τὸν
385 3901 568 3971 ἄρτον
600 3920 611 3933 ’
647 3904 803 3969 ἄλλος
831 3906 859 3958 6
878 3905 1090 3959 ἀκούων
1118 3906 1217 3976 τῆς
1240 3907 1425 3976 φωνῆς
1447 3923 1537 3959 σου
1563 3907 1693 3959 ταύ-

108 4011 217 4065 της
246 3994 416 4060 ἐστὶν,
447 3993 545 4065 οὐχ
583 3995 610 4048 6
631 3994 783 4055 Θεός.
839 3995 943 4048 Τὸν
988 3995 1098 4067 γὰρ
1128 3996 1189 4062 ἐξ
1222 3997 1436 4062 ἀδικίας
1489 3997 1697 4069 καρπὸν

111 4091 159 4158 ήο
180 4085 529 4158 ἀντικειμένη
572 4087 914 4157 καρποφορεῖ
952 4086 1113 4155 φύσις
1138 4104 1151 4117 ·
1205 4089 1233 4140 6
1257 4086 1573 4153 σπουδάζων
1602 4085 1713 4158 τὴνο

110 4175 499 4247 δικαιοσύνην,
550 4175 733 4239 θεόθεν
765 4176 856 4228 τὸν
906 4177 1071 4247 ἄρτον
1121 4177 1332 4248 δέχεται
1362 4196 1378 4210 ο
1427 4180 1459 4232 6
1504 4177 1560 4231 δὲ
1601 4176 1699 4250 τὴν

112 4263 333 4317 ἀδικίαν
368 4262 650 4335 γεωργῶν,
702 4262 851 4334 παρά
898 4263 992 4316 τοῦ
1034 4264 1320 4336 εὐεργέτου
1357 4266 1458 4336 τῆς
1490 4265 1699 4330 ἀδικίας

116 4354 404 4418 σιτίζεται.
451 4353 596 4426 Πρὸς
619 4348 712 4408 οὖν
748 4353 847 4425 τὴν
884 4354 1185 4425 συνείδησιν
1212 4356 1312 4425 τὴν
1342 4356 1534 4410 ἑαυτοῦ
1575 4356 1698 4427 βλέ-

115 4461 259 4507 πων,
292 4445 535 4516 πρόσαγε
572 4444 671 4517 τὴν
700 4445 794 4499 τοῦ
826 4447 992 4516 ἄρτου
1030 4447 1246 4515 αἴτησιν
1278 4445 1354 4516 τῷ
1383 4447 1521 4517 Θεῷ,
1545 4446 1701 4511 εἰδὼς

114 4538 203 4590 ὅτι
228 4536 329 4590 οὐκ
352 4535 467 4589 ἔστι
494 4536 745 4591 κοινωνία
774 4535 995 4608 Χριστῷ
1024 4538 1159 4606 πρὸς
1185 4537 1397 4591 Βελιάλ.
1444 4538 1564 4592 Κᾶν
1592 4539 1695 4593 δω-

119 4630 363 4699 ροφορῇς
398 4628 459 4695 ἐξ
511 4627 745 4693 ἀδικίας,
791 4627 1044 4698 ἄλλαγμα
1092 4627 1251 4691 κυνὸς
1296 4628 1391 4682 καὶ
1444 4628 1702 4700 μίσθωμα

116 4717 327 4789 πόρνης
353 4716 425 4771 τὸ
444 4716 616 4789 δῶρόν
648 4718 764 4771 ἐστι
785 4733 801 4751 ο
833 4715 936 4771 κᾶν
974 4717 1298 4790 λαμπρύνῃς
1323 4721 1390 4790 τῇ
1424 4720 1701 4793 φιλοτιμίᾳ

115 4808 220 4871 τάς
247 4806 537 4871 ἐπιδόσεις,
576 4805 784 4877 ἀκούσῃ
830 4804 925 4859 τοῦ
959 4807 1247 4877 Προφήτου
1276 4807 1694 4881 βδελυσσομένου

117 4901 219 4973 τὴν
245 4899 352 4953 ἀπὸ
377 4899 486 4953 τῶν
517 4897 772 4953 τοιούτων
808 4899 1185 4968 συνεισφοράν.
1240 4901 1311 4953 Τι’
1320 4917 1423 4969 μοι
1463 4902 1707 4971 πλῆθος·

118 4989 245 5045 τῶν
266 4989 530 5054 θυσιῶν;
563 4987 986 5058 λέγειοΚύριος·
1003 4989 1241 5057 πλήρης
1267 4993 1383 5060 εἰμί
1439 4996 1697 5049 ὁλοκαυ-

118 5081 404 5151 τωμάτων
417 5077 617 5148 κριῶν,
630 5078 923 5148 καίστέαρ
943 5078 1163 5147 ἀρνῶν,
1193 5081 1288 5133 καὶ
1303 5073 1449 5152 αἷμα
1465 5084 1698 5153 ταύρων

122 5173 224 5227 καὶ
246 5172 478 5243 τράγων
497 5172 570 5225 οὐ
580 5171 898 5241 ,ϐούλομαν
914 5171 1195 5241 θυμίαμα,
1212 5189 1285 5242 φη
1295 5176 1369 5237 σι,
1382 5173 1697 5245 βδέλυγμά

116 5265 227 5336 μοι
254 5265 442 5320 ἐστιν.
487 5263 746 5337 Ἑτέρωθι
770 5265 860 5317 τὸν
879 5264 1074 5319 θύοντα
1100 5265 1297 5336 μόσχον
1324 5268 1444 5321 ἀντὶ
1480 5268 1571 5321 τοῦ
1598 5271 1693 5322 ἀνι

123 5354 407 5428 αιροῦντος
441 5353 582 5408 κύνα
614 5354 938 5423 λελόγισται.
999 5355 1124 5409 Ἐἀν
1169 5353 1262 5410 οὖν
1295 5358 1460 5429 ’παρά
1490 5360 1692 5429 Κυρίου

123 5444 217 5497 τὸν
242 5444 406 5515 ἄρτον
438 5442 589 5514 ἔχῃς,
619 5442 913 5507 τουτέστιν,
943 5445 1007 5498 ἐκ
1035 5446 1256 5500 δικαίων
1292 5446 1487 5509 πόνων,
1520 5447 1706 5513 ἔξεστί·

129 5552 211 5589 σοι
236 5535 333 5589 καὶ
376 5534 710 5605 ἀπέρχεσθαι
743 5534 889 5607 αὐτῷ
924 5537 1029 5589 ἀπὸ
1063 5539 1169 5591 τῶν
1216 5540 1444 5608 καρπῶν
1476 5541 1577 5611 τῆς
1620 5542 1697 5594 δι-

128 5625 442 5695 καιοσύνης.

1798 3627 2004 3681 stitiam
2051 3625 2106 3679 in
2146 3625 2322 3680 oculis
2360 3626 2588 3688 habens,
2626 3626 2830 3681 tabulis
2870 3626 3097 3697 insuper
3140 3627 3378 3698 scriptis.

1798 3716 2054 3786 injustam
2084 3716 2497 3787 acquisitionem
2530 3716 2877 3772 roboraveris
2918 3725 2975 3773 et
3002 3717 3365 3775 conﬁrmave-

1798 3808 1896 3870 ris,
1939 3807 2133 3863 deinde
2167 3807 2245 3861 ad-
2278 3806 2445 3862 Deum
2473 3806 2647 3874 dicas,
2688 3806 2772 3863 Da
2802 3825 2989 3878 panem
3020 3824 3039 3861 :
3082 3808 3224 3864 alius
3265 3810 3381 3865 erit

1798 3898 1891 3967 qui
1913 3898 2052 3953 lianc
2077 3912 2263 3953 vocem
2295 3904 2444 3951 tuam
2478 3898 2683 3961 audiat,
2732 3914 2837 3954 non
2877 3897 3039 3955 Deus.
3088 3896 3223 3952 Nam
3251 3897 3368 3953 fru-

1799 3997 1946 4044 ctum
1983 3988 2077 4059 qui
2109 4005 2177 4044 ex
2213 3988 2483 4059 injustitia
2515 3990 2818 4061 percipitur
2854 3989 3130 4045 contraria
3173 3996 3373 4044 natura

1798 4079 2051 4149 producit
2076 4096 2091 4145 ;
2124 4079 2214 4149 qui
2240 4078 2424 4135 studet
2445 4078 2693 4149 justitite,
2721 4094 2752 4133 a
2774 4079 2884 4135 Deo
2914 4095 3107 4151 panem
3125 4079 3367 4150 accipit:

1800 4172 1958 4243 atqui
1986 4173 2116 4228 colit
2132 4173 2479 4244 injustitiam,
2499 4172 2567 4227 ab
2593 4173 2876 4244 injustitia:
2893 4174 3175 4229 inventore
3194 4173 3372 4228 nutri-

1800 4272 1889 4319 tur
1911 4271 2075 4334 atque
2091 4264 2323 4319 cibatur.
2341 4262 2751 4318 Conscientiam
2773 4265 2939 4335 igitur
2952 4273 3104 4318 tuam
3124 4264 3368 4329 intuens,

1800 4355 1872 4409 ita
1920 4354 2075 4425 panis
2124 4354 2440 4424 petitionem
2472 4352 2580 4409 Deo
2629 4352 2783 4418 olfer,
2844 4353 3046 4416 sciens,
3080 4353 3227 4424 quod
3259 4368 3387 4409 non.

1800 4457 1885 4501 est
1912 4448 2153 4502 societas
2184 4444 2409 4499 Christo
2448 4459 2570 4500 cum
2602 4443 2789 4499 Belial.
2823 4443 2888 4496 Et
2927 4444 2971 4499 si
2997 4444 3139 4499 dona
3172 4442 3369 4499 oﬂ'eras

1799 4553 1864 4592 ex
1891 4537 2181 4607 injustitia,
2207 4534 2590 4606 compensatio
2608 4542 2772 4604 atque
2800 4536 3173 4590 remuneratio
3193 4535 3367 4600 canis,

1799 4635 1854 4685 et
1889 4643 2100 4684 merces
2133 4628 2438 4683 meretricis
2468 4626 2671 4681 donum
2698 4633 2783 4682 est
2798 4644 2821 4681 λε
2875 4628 3086 4683 etiamsi
3128 4626 3371 4699 splendi-

1800 4718 1922 4785 das,
1952 4718 2279 4773 ambitiosas
2334 4723 2389 4771 et
2439 4714 2754 4787 magniﬁcas
2806 4716 3125 4787 largitiones
3175 4715 3368 4781 facias,

1802 4807 1991 4863 audies
2020 4807 2346 4878 Prophetam
2373 4814 2427 4862 et
2451 4806 2857 4861 abominantem
2886 4822 2951 4860 ex
2977 4807 3177 4861 talibus
3207 4806 3370 4861 bonis

1802 4899 2147 4953 collationem
2180 4907 2235 4953 et
2264 4898 2752 4979 contributiopem.
2790 4895 2877 4949 Ad
2916 4897 3042 4966 quid
3075 4895 3205 4950 mihi
3235 4895 3371 4950 mul-

1803 4991 1975 5043 titudo
2036 4991 2371 5045 victimarum
2441 4991 2787 5047 vestrarum?
2857 4988 2986 5042 dicit
3061 4987 3368 5042 Dominus:

1799 5082 1982 5150 plenus
2021 5098 2138 5136 sum
2185 5082 2508 5137 holocaustis
2553 5083 2802 5142 arietum,
2852 5089 2900 5133 et
2950 5077 3153 5146 adipem
3200 5092 3368 5147 agno-

1800 5190 1919 5227 rum
1962 5182 2011 5226 et
2057 5175 2367 5243 sanguinem
2401 5183 2676 5227 taurorum
2706 5181 2755 5226 et
2790 5171 3060 5224 hircorum
3081 5184 3184 5222 non
3211 5167 3325 5221 volo
3346 5181 3366 5219 :

1798 5267 2107 5331 incensum,
2162 5264 2357 5334 inquit,
2412 5264 2733 5319 abominatio
2790 5264 2919 5317 mihi
2971 5272 3047 5317 est
3080 5260 3156 5314 ⁸⁸.
3218 5259 3365 5314 Alibi

1799 5356 2168 5412 immolantem
2187 5356 2414 5409 vitulum
2434 5370 2533 5425 pro
2554 5371 2742 5409 canem
2773 5360 3045 5409 mactante
3060 5357 3276 5421 reputat
3291 5349 3362 5405 ⁶⁹.

1801 5449 1866 5502 Si”
1883 5449 2045 5518 igitur
2074 5462 2102 5499 a
2135 5445 2363 5499 Domino
2388 5461 2582 5516 panem
2611 5445 2887 5509 habueris,
2915 5444 2967 5498 id
2989 5454 3094 5507 est,
3114 5457 3177 5497 ex
3195 5443 3363 5511 justis

1802 5537 2103 5600 laboribus,
2143 5536 2269 5591 licet
2298 5537 2393 5591 tibi
2430 5536 2592 5591 etiam
2624 5535 2675 5591 ei
2718 5535 2992 5605 primitias
3022 5533 3089 5589 de
3136 5531 3360 5601 justitize

1808 5628 2077 5685 fructibus
2107 5622 2323 5683 oii'erre.

196 5741 244 5776 "
280 5739 416 5796 Gen.
454 5754 546 5802 Ill,
588 5740 668 5795 l9.
746 5741 791 5775 υ
817 5739 962 5795 Psal.
1002 5753 1178 5804 CXLVI,
1214 5741 1298 5796 16.
1376 5742 1422 5775 ⁸⁸
1459 5739 1562 5797 lsa.
1600 5756 1636 5805 ι,

823 5739 962 5795 Psal.
1002 5753 1178 5804 οκινι,
1214 5741 1298 5796 16.
1376 5742 1422 5775 ⁸⁸
1459 5739 1562 5797 lsa.
1600 5756 1636 5805 ι,
1678 5742 1756 5794 11.
1834 5744 1877 5774 ⁶⁹
1919 5741 2018 5795 lsa.
2060 5758 2213 5805 ωτι,
2248 5744 2299 5797 '5.
