3738 5984
369 260 512 339 ms

1629 265 1685 320 S.
1714 263 2040 322 GREGORll
2081 267 2120 320 Ν
2135 267 2376 321 Υδδιίλι

3485 267 3618 319 tm

444 382 676 438 l’ulcltt‘a
707 393 885 439 autem
914 392 997 438 est
1028 384 1154 439 item
1193 384 1427 454 adjectio
1458 384 1716 444 dictionis
1749 388 1920 443 hodie.

2141 388 2259 460 ζαλὴ
2289 389 2343 442 δὲ
2367 388 2459 442 καὶ
2486 390 2518 459 ὴ
2540 387 2823 460 προσθήκη
2846 387 2940 441 τοῦ
2973 359 3257 454 σήμερον.
3294 386 3409 439 Τὸν
3436 384 3505 450 ἁλί
3517 401 3617 437 τίν

367 474 572 529 Panem
609 474 775 537 enim,
829 474 1028 544 inquit,
1083 475 1451 545 quotidianum
1511 476 1581 530 da
1635 477 1783 531 nobis
1839 479 1933 533 Ito-

364 566 449 619 die
478 605 491 618 .
545 565 662 618 Alia
707 565 1051 635 philosophia
1106 566 1193 620 hic
1256 582 1436 622 sermo
1477 578 1595 636 est,
1650 580 1708 623 ut
1750 570 1934 626 discas

366 671 462 727 per
496 670 559 711 ea
593 671 714 727 quae
756 656 933 721 dicis,
985 657 1129 728 quod
1163 658 1336 712 diaria
1381 674 1445 713 ac
1498 661 1818 729 quotidiana
1863 663 1933 716 sit

364 747 478 801 vita
526 746 785 803 humana.
836 748 894 801 Id
943 749 1090 818 quod
1139 764 1378 818 praesens
1427 758 1513 805 est
1553 751 1753 821 cuique
1806 767 1934 820 pro-

367 839 546 908 prium
580 836 853 901 duntaxat
876 847 1004 905 est;
1046 838 1215 892 futuri
1265 855 1393 894 vero
1443 856 1569 910 spes
1619 842 1673 895 in
1724 843 1935 897 incerto

366 938 590 995 manet;
624 930 900 984 nescimus
924 930 1069 984 enim
1102 930 1232 997 quid
1267 930 1510 1000 paritura
1534 931 1606 985 sit
1636 932 1933 1001 insequens

364 1017 482 1073 dies
502 1018 572 1069 7°.
594 1019 704 1073 Cur
739 1020 936 1075 misere
963 1020 1177 1075 solliciti
1209 1037 1398 1076 sumus
1429 1021 1496 1077 de
1538 1023 1805 1078 incertis?
1836 1038 1935 1078 cur

365 1110 515 1163 curis
547 1108 855 1164 futurarum
896 1126 1078 1165 rerum
1110 1110 1401 1180 aﬂligimur
1438 1121 1603 1182 atque
1631 1116 1936 1171 vexamur?

365 1197 586 1268 Sufﬁcit,
647 1200 858 1270 inquit,
909 1200 1014 1256 diei
1054 1218 1153 1255 sua
1204 1201 1459 1275 amictio:
1514 1204 1710 1258 κακίαν
1750 1206 1933 1277 (quod

366 1297 544 1356 sonat,
579 1291 890 1363 malitiam),
933 1292 1200 1345 malorum
1252 1292 1564 1361 passionem
1617 1296 1928 1353 nominans.

364 1380 506 1446 Quid
554 1381 776 1436 solliciti
809 1397 1000 1438 sumus
1046 1382 1112 1439 de
1157 1385 1440 1439 crastino?
1482 1385 1688 1440 idcirco
1736 1403 1831 1457 per
1878 1388 1931 1443 id

363 1469 515 1539 quod
544 1470 707 1525 hodie
736 1471 919 1541 jubet,
950 1472 1232 1527 interdicit
1267 1474 1365 1528 tibi
1400 1489 1531 1529 cura
1568 1475 1636 1530 de
1665 1477 1929 1543 crastino,

365 1560 760 1630 propemodum
815 1561 929 1615 haec
972 1562 1070 1616 tibi
1121 1577 1217 1632 per
1269 1563 1370 1617 hoc
1410 1564 1638 1619 verbum
1694 1565 1928 1622 dicens:

364 1649 466 1721 Qui
494 1652 638 1706 diem
665 1651 761 1707 tibi
789 1653 900 1716 dat,
932 1654 1094 1715 etiam
1122 1669 1185 1708 ea
1221 1669 1339 1723 qua!
1380 1655 1447 1709 ad
1486 1655 1628 1709 diem
1657 1657 1931 1726 pertinent

365 1745 478 1815 dat.
516 1742 651 1809 Quis
678 1742 858 1809 ellicit,
908 1750 968 1797 ut
1014 1744 1097 1798 sol
1131 1745 1386 1799 oriatur?
1431 1746 1558 1815 quis
1603 1762 1841 1802 evanescl

2145 1743 2394 1811 περιάγει
2414 1741 2503 1794 τὸν
2525 1740 2770 1813 οὐρανὸν,
2785 1738 2925 1793 ὥστε
2955 1739 3092 1809 ὑπὲρ
3116 1738 3216 1808 γῆς
3231 1736 3327 1789 τὸν
3349 1735 3618 1805 φωστῆρα

371 1833 501 1887 facit
532 1840 586 1886 et
609 1833 760 1906 fugat
791 1833 1045 1890 tenebras
1097 1835 1317 1888 noctis?
1363 1835 1490 1905 quis
1544 1836 1786 1890 ostendit
1837 1837 1930 1891 tibi

364 1921 576 1977 radium
610 1922 796 1978 lucis?
834 1925 958 1994 quis
1004 1922 1327 1993 circumagit
1374 1930 1429 1978 et
1481 1935 1663 1979 versat
1707 1925 1930 1991 etelum,

361 2024 422 2070 ut
452 2030 617 2084 supra
663 2025 865 2070 terram
931 2015 1202 2071 luminare
1258 2015 1377 2070 sit?
1428 2016 1530 2082 Qui
1587 2018 1699 2071 inec
1750 2018 1846 2072 tibi
1877 2026 1933 2074 ct

362 2117 511 2161 tanta
570 2107 682 2173 dat,
718 2108 987 2178 numquid
1041 2117 1134 2161 tuo
1182 2123 1320 2177 opus
1370 2107 1536 2162 habet
1591 2108 1818 2172 auxilio,
1854 2118 1932 2164 ~ut

359 2204 582 2268 prmstet
618 2198 772 2252 carni
822 2205 929 2252 tua:
980 2196 1033 2251 id
1086 2198 1229 2267 quod
1287 2200 1593 2253 necessitas
1657 2200 1933 2268 requirit?

363 2275 508 2367 quod
552 2272 973 2345 aii'eitistuilium
1020 2291 1230 2343 ratione
1276 2290 1576 2344 carentium
1613 2305 1676 2344 ac
1725 2292 1931 2346 bruto—

361 2395 483 2450 rutn
517 2380 833 2433 animalium
868 2387 1063 2433 natura
1094 2379 1158 2432 ad
1196 2395 1352 2434 suam
1381 2380 1591 2433 vitam?
1635 2397 1756 2450 quae
1804 2397 1931 2435 cor-

361 2485 554 2523 verum
591 2485 718 2524 arva
750 2471 924 2526 sunt?
953 2487 1073 2540 quae
1103 2471 1409 2540 aquilarum
1469 2472 1662 2527 horrea
1685 2474 1708 2526 ?
1735 2474 1928 2528 Annon

362 2576 471 2614 una
502 2562 756 2619 omnibus
784 2563 991 2617 victum
1050 2563 1361 2632 suppeditat
1414 2562 1596 2616 divina
1649 2565 1927 2626 voluntas.

359 2666 482 2721 quae
537 2667 623 2706 res
670 2653 956 2708 universas
1003 2654 1251 2707 continet
1299 2661 1462 2723 atque
1510 2654 1930 2723 complectitur?

338 2737 423 2795 Ἐι
459 2743 559 2796 bos
590 2741 808 2810 quidem
842 2751 896 2796 et
924 2744 1134 2808 asinus,
1170 2751 1264 2798 aut
1299 2744 1516 2813 aliquod
1547 2745 1694 2799 aliud
1725 2746 1928 2798 animal

359 2833 703 2900 irrationale,
735 2844 930 2905 suapte
966 2844 1161 2889 natura
1196 2836 1601 2906 philosophiam
1650 2837 1926 2904 cognitam

360 2923 522 2976 habet
565 2934 726 2992 atque
758 2923 1011 2977 edoctum
1069 2931 1193 2989 est;
1252 2930 1414 2991 atque
1475 2923 1526 2977 id
1573 2922 1722 2993 quod
1773 2921 1928 2978 adest

358 3010 489 3067 boni
515 3013 773 3075 consulit,
830 3013 1174 3083 insequentia
1207 3028 1341 3069 vero
1388 3013 1523 3069 nihil
1570 3019 1768 3066 curat:
1824 3028 1926 3068 nos

358 3104 904 3159 autemconsiliariis
935 3119 1073 3172 opus
1126 3103 1412 3164 habemus,
1447 3112 1504 3156 ut
1553 3102 1926 3173 intelligamus

359 3190 603 3262 fragilem
636 3203 801 3261 atque
830 3193 1093 3245 caducam
1120 3193 1260 3245 hanc
1288 3201 1340 3246 et
1369 3191 1601 3245 diariam
1632 3194 1776 3256 vitae,
1807 3208 1926 3263 qua:

355 3296 451 3350 per
478 3295 694 3334 carnem
736 3282 1079 3352 transigitur,
1111 3279 1522 3334 conditionem?
1572 3294 1641 3333 an
1682 3295 1790 3333 non
1828 3280 1926 3334 do~-

355 3387 545 3433 cemur
569 3371 799 3423 aliorum
832 3371 1054 3424 casibus
1077 3370 1099 3423 ?
1121 3384 1188 3425 an
1220 3386 1327 3423 non
1358 3369 1423 3423 ad
1450 3369 1727 3439 pr0priam
1756 3371 1923 3424 vitam

353 3461 760 3520 emendamur?
797 3459 934 3533 Quid
975 3460 1129 3513 diviti
1164 3462 1239 3513 illi
1277 3460 1483 3529 profuit
1538 3461 1741 3517 multus
1774 3476 1926 3516 com-

353 3560 568 3608 meatus
602 3561 656 3627 et
697 3553 1041 3621 apparatus?
1067 3552 1160 3620 qui
1191 3566 1344 3606 vana:
1377 3552 1491 3620 spei
1525 3551 1728 3605 frustra
1756 3552 1925 3605 iulia:-

356 3644 626 3710 t'cscebat,
661 3652 714 3697 et
748 3642 1018 3708 inhiabat,
1049 3643 1297 3711 diruens,
1340 3643 1619 3699 anliiicans
1643 3636 1665 3697 :7
1696 3657 1924 3713 congre-

352 3752 510 3811 gans,
554 3736 718 3806 genio
759 3736 1066 3807 indulgens,
1117 3737 1309 3806 longos
1358 3751 1630 3789 annorum
1684 3736 1924 3790 ambitus

351 3828 468 3895 spei
498 3827 736 3883 vanitate
767 3827 819 3881 in
853 3827 1068 3883 horreis
1103 3827 1266 3883 simul
1304 3828 1691 3883 concludens?
1739 3845 1920 3883 annon

350 3934 459 3995 una
488 3911 591 3973 nox
634 3919 782 3972 illam
823 3921 1151 3975 somniatam
1190 3935 1339 3989 spem
1383 3920 1713 3984 confutavit,
1761 3923 1918 3990 quasi

250 4034 258 4043 -
350 4024 548 4063 vanum
587 4008 861 4077 quoddam
909 4008 1243 4062 insomnium
1284 4024 1452 4077 super
1486 4025 1543 4063 re
1587 4024 1723 4063 vana
1753 4010 1922 4063 centi-

349 4099 540 4161 ctum?
569 4099 846 4168 Corporea
899 4100 1008 4152 vita
1043 4100 1325 4167 prmsentis
1353 4100 1621 4155 duntaxat
1655 4103 1920 4170 temporis

348 4198 471 4247 est;
505 4201 559 4266 at
594 4206 714 4262 qtne
751 4207 845 4262 per
875 4207 1023 4261 spem
1059 4192 1298 4261 reposita
1332 4200 1436 4254 est,
1473 4192 1667 4246 anima:
1697 4194 1917 4263 prepria

348 4290 433 4338 est
458 4302 470 4336 :
493 4283 587 4338 sed
609 4284 895 4337 hominum
913 4284 1152 4337 amentia
1178 4284 1325 4336 circa
1341 4282 1607 4350 judicium
1632 4284 1918 4354 utriusque

347 4375 575 4449 fallitur,
612 4390 931 4445 corpoream
964 4374 1186 4444 quidem
1232 4373 1397 4427 vitam
1434 4389 1532 4444 spe
1583 4374 1912 4443 producens,

346 4466 543 4520 animae
583 4481 712 4518 vero
744 4465 907 4518 vitam
943 4464 1008 4517 ad
1043 4465 1389 4534 praesentium
1444 4465 1726 4520 attraltens
1757 4481 1913 4519 usum

344 4566 510 4631 atque
541 4554 852 4610 fruitionem
882 4574 894 4608 :
935 4565 1220 4626 propterea
1269 4556 1451 4611 anima
1504 4558 1815 4623 necessario
1845 4558 1914 4612 ab

342 4662 407 4701 ca
460 4662 580 4719 quae
636 4654 689 4699 et
739 4653 823 4701 est
868 4654 923 4700 et
980 4646 1237 4702 subsistit
1284 4661 1402 4716 spe,
1456 4647 1605 4700 circa
1658 4647 1710 4702 id
1765 4648 1910 4719 quod

340 4746 567 4810 apparet
620 4746 888 4808 occupata
949 4738 1261 4792 alienatur:
1317 4738 1665 4793 instabilibus
1727 4750 1907 4795 autem

339 4846 437 4901 per
466 4844 615 4903 Spem
637 4830 897 4895 innitens,
926 4845 1107 4898 neque
1137 4829 1302 4899 hujus
1334 4843 1560 4901 compos
1593 4828 1671 4894 llt,
1696 4840 1749 4884 et
1770 4829 1903 4884 illud

337 4936 448 4995 non
481 4921 660 4995 habet.
695 4920 995 4979 Doceamur
1018 4920 1185 4989 igitur
1211 4937 1306 4989 per
1329 4906 1566 4990 praesens
1591 4919 1906 4988 consilium,

337 5011 475 5085 quid
507 5012 673 5085 hodie
699 5013 940 5082 quidem,
972 5014 1101 5082 quid
1132 5015 1259 5067 item
1304 5016 1357 5067 in
1399 5024 1677 5084 posterum
1723 5024 1909 5085 petere

336 5114 609 5174 oporteat.
642 5104 812 5158 Panis
852 5104 1129 5159 hodierna:
1160 5106 1507 5160 necessitatis
1534 5111 1588 5160 et
1621 5120 1754 5162 usus
1780 5112 1865 5161 est
1891 5124 1906 5173 ;

335 5210 586 5265 regnum,
621 5193 977 5251 beatitudinis
1017 5211 1138 5265 quae
1186 5204 1457 5265 speratur.
1488 5195 1686 5251 Panem
1728 5206 1909 5252 autem

335 5299 462 5337 cum
502 5285 658 5351 dicit,
713 5285 922 5351 omnia,
972 5300 1093 5356 quae
1141 5288 1358 5357 corpori
1412 5288 1728 5343 necessaria
1756 5296 1905 5352 sunt,

333 5375 771 5440 comprehcndit.
808 5374 865 5430 Si
894 5377 1007 5432 haec
1039 5386 1308 5448 petamus,
1340 5382 1689 5449 perspicuum
1730 5380 1901 5435 menti

332 5458 549 5511 orantis
585 5460 688 5512 erit
725 5462 869 5527 quod
904 5463 1050 5516 circa
1086 5480 1199 5521 rem
1237 5465 1615 5540 quotidianam
1655 5484 1897 5541 occupa~

401 5633 449 5664 "
488 5630 650 5686 l’rov.
687 5648 868 5698 xxvii,
900 5638 949 5695 1..

2035 479 2161 549 Ἱοὰρ,
2191 481 2341 549 φησὶ,
2363 480 2468 533 τὸν
2493 479 2805 533 ἐπιούσιον
2823 479 2929 544 δὸς
2952 478 3098 546 ἡμῖν
3116 475 3405 544 σήμερον.
3448 476 3615 541 Ἃϋῆ

2036 567 2321 637 φιλοποσία
2352 562 2505 630 οὗτος
2531 570 2558 621 ὁ
2594 568 2750 636 λόγος
2797 567 2975 629 ἐστὶν,
3016 565 3090 627 ὡς
3131 563 3197 617 ἂν
3220 563 3417 633 μάθοις
3443 563 3512 615 δι’
3545 557 3616 616 ὧν

2033 660 2228 728 λέγοις,
2280 661 2361 712 ὅτι
2405 660 2680 730 ἐφήμερος
2719 661 2865 711 ἐστιν
2905 659 2938 728 ἡ
2981 656 3296 728 ἀνθρωπίνη
3339 657 3489 726 ζωή.
3548 658 3615 709 Τὶι

2035 751 2206 821 παρὸν
2237 750 2363 804 ἴδιον
2390 750 2603 821 ἑκάστῳ
2639 749 2795 819 μόνον
2821 764 2834 775 ·
2867 749 2899 817 ἡ
2929 746 2985 801 δὲ
3021 745 3115 799 τοῦ
3148 746 3441 816 μέλλοντος
3464 744 3615 808 ἐλπὶς

2033 842 2088 893 ὲν
2108 841 2282 912 ἀδήλῳ
2304 841 2479 911 μένει·
2503 841 2602 894 οὐκ
2618 840 2836 909 οἴδαμεν
2857 839 2964 910 γὰρ
2987 837 3041 892 τί
3061 837 3271 903 τέξεται
3293 839 3327 906 ἡ
3358 835 3610 889 ἐπιοῦσα.

2033 931 2098 982 Τί
2140 929 2726 1001 προσταλαιπωροῦμεν
2769 929 2908 999 ὑπὲρ
2957 927 3065 979 τῶν
3114 925 3423 996 μελλόντων
3458 939 3616 994 φρον-

2032 1021 2170 1073 τίσιν
2194 1037 2209 1085 ;
2243 1018 2453 1088 Ἀρκεῖ,
2478 1021 2660 1090 φησιν,
2694 1017 2769 1087 τῇ
2797 1019 2983 1087 ἡμέρᾳ
3005 1018 3042 1084 ἠ
3064 1016 3241 1069 κακία
3262 1012 3489 1082 αὐτῆς,
3520 1030 3615 1064 κα-

2035 1109 2158 1162 κίαν
2197 1109 2293 1180 τὴν
2331 1109 2698 1162 κακοπάθειαν
2737 1108 2928 1176 λέγων.
2982 1107 3047 1159 Τί
3084 1103 3453 1183 μεριμνῶμεν
3494 1102 3618 1169 περὶ

2031 1200 2131 1271 τῆς
2164 1199 2387 1273 αὖριον;
2423 1199 2521 1253 Διὰ
2562 1198 2742 1265 τοῦτο,
2782 1198 2850 1251 δι’
2877 1191 2950 1251 ὧν
2987 1198 3047 1251 τὸ
3090 1198 3331 1268 σήμερον
3376 1193 3616 1255 κελεύει,

2032 1291 2362 1362 ἀπαγορεύει
2404 1306 2485 1343 σοι
2526 1288 2623 1359 τὴν
2652 1289 2780 1360 περὶ
2818 1289 2912 1342 τοῦ
2960 1287 3144 1359 αὔριον
3175 1286 3476 1358 φροντίδα,
3529 1301 3619 1354 μο·

2032 1383 2242 1452 νονουχὶ
2269 1380 2436 1434 ταῦτά
2464 1399 2544 1434 σοι
2571 1380 2659 1435 διὰ
2691 1379 2783 1434 τοῦ
2819 1380 3061 1451 ῥήματος
3090 1377 3294 1446 λέγων·
3322 1379 3409 1430 ὅτι
3444 1374 3504 1428 '0
3525 1374 3618 1443 τὴν

2004 1463 2243 1541 ’ἡμέραν
2269 1488 2349 1524 σοι
2379 1472 2574 1540 διδοὺς,
2604 1473 2699 1524 καὶ
2724 1470 2791 1525 τὰ
2824 1472 2903 1534 είς
2923 1470 3022 1540 τὴν
3046 1468 3255 1540 ἡμέραν
3285 1484 3372 1519 σοι
3399 1465 3616 1529 atem;

2031 1562 2128 1622 Τίς
2167 1561 2442 1615 ἀνατέλλει
2484 1565 2572 1615 τὸν
2598 1560 2779 1632 ήλιονς
2820 1560 2916 1623 Τίς
2936 1558 3248 1628 ὲξαφανίζει
3281 1557 3387 1626 τῆς
3423 1558 3620 1618 νυκτὸς

2029 1651 2090 1703 τὸ
2131 1653 2314 1716 σκότος
2341 1669 2356 1717 ;
2411 1651 2506 1716 Τίς
2538 1668 2617 1705 σοι
2646 1649 2882 1704 δείκνυσι
2910 1648 3004 1702 τοῦ
3041 1647 3217 1716 φωτὸς
3244 1645 3346 1717 τὴν
3375 1646 3619 1707 dative;

3552 1821 3578 1837 4

2033 1835 2318 1904 γενέσθαι;
2364 1837 2392 1889 ὁ
2417 1834 2591 1889 ταῦτά
2626 1850 2705 1887 σοι
2732 1834 2825 1886 καὶ
2846 1831 2914 1885 τὰ
2944 1830 3246 1902 τηλικαῦτα
3275 1828 3484 1892 διδοὺς,
3516 1828 3619 1895 τῆς

2035 1931 2133 2001 σῆς
2165 1930 2271 2003 ἄρα
2315 1928 2506 2000 χρῄζει
2550 1926 2897 1998 συνεργείας,
2948 1924 3083 1996 πρὸς
3123 1924 3184 1977 τὸ
3213 1921 3515 1993 πληρῶσαι
3550 1924 3617 1991 τῇ

2035 2023 2197 2094 σαρκί
2238 2038 2329 2074 σου
2364 2021 2424 2071 τὸ
2470 2019 2645 2072 ὲνδὲον
2691 2020 2785 2088 τῆς
2808 2019 3029 2088 χρείας;
3091 2016 3257 2070 Ποίαν
3293 2014 3617 2085 εἰσφέρεται

2034 2112 2268 2185 σπουδὴν
2300 2113 2334 2180 ἡ
2374 2110 2482 2164 τῶν
2507 2110 2713 2177 ἀλόγων
2759 2108 2918 2178 φύσις
2960 2107 3092 2177 πρὸς
3117 2106 3214 2177 τὴν
3252 2104 3396 2158 ἰδίαν
3432 2104 3618 2174 (toﬁs;

2032 2207 2187 2258 Ποίαι
2216 2202 2323 2256 τῶν
2354 2201 2603 2272 κοράκων
2644 2199 2779 2271 ἄρου
2791 2215 2878 2270 ραι
2904 2214 2918 2263 ;
2952 2199 3106 2251 Ποῒαι
3134 2195 3242 2249 τῶν
3270 2193 3455 2248 ἀετῶν
3476 2195 3616 2246 εἰσιν

2032 2298 2086 2350 αἱ
2117 2294 2426 2362 ἀποθῆκαι;
2463 2292 2523 2345 οὐ
2557 2291 2652 2362 μία
2682 2288 2844 2343 πᾶσίν
2872 2291 3015 2341 ἐστιν
3057 2290 3091 2359 ἡ
3123 2287 3217 2340 τοῦ
3248 2284 3351 2352 ζῇν
3373 2285 3619 2357 χορηγία

2034 2387 2092 2439 τὺ
2121 2385 2262 2439 θεῖον
2296 2384 2560 2455 βούλημα,
2593 2375 2637 2450 ᾧ
2663 2383 3073 2453 περικρατεῖται
3103 2378 3170 2431 τὰ
3208 2376 3391 2430 πάντα
3420 2394 3438 2442 ;
3479 2371 3617 2428 Εἶτα

2034 2479 2157 2549 βοῦς
2189 2478 2305 2548 μὲν,
2336 2477 2369 2547 ἢ
2403 2476 2541 2539 ὄνος,
2573 2475 2605 2544 ἢ
2634 2474 2759 2529 ἄλλο
2778 2490 2829 2526 τι
2857 2472 2961 2524 τῶν
2989 2471 3195 2537 ἀλόγων
3222 2468 3617 2522 αὐτοδίδακτον

2029 2570 2125 2638 τὴν
2157 2566 2230 2620 éx’
2243 2567 2455 2635 φύσεως
2476 2565 2587 2635 ἕχει
2620 2561 2959 2632 φιλοσοφίαν·
2990 2562 3084 2614 καὶ
3115 2560 3176 2612 τὸ
3198 2557 3374 2628 παρὸν
3403 2552 3464 2610 εὖ
3495 2558 3615 2610 δια-

2029 2660 2259 2722 τίθεταις
2298 2655 2406 2710 τῶν
2445 2656 2500 2708 δὲ
2528 2657 2607 2718 εἰς
2644 2654 2705 2706 τὸ
2749 2653 2874 2722 ἑξῆς
2914 2651 3061 2721 αύτῷ
3095 2650 3315 2721 φροντὶς
3345 2649 3611 2718 οὐδεμία·

2028 2754 2186 2824 ἡμεῖς
2226 2751 2281 2804 δὲ
2305 2746 2621 2818 συμϐούλων
2648 2746 2878 2816 δεόμεθα
2904 2745 3037 2814 πρὸς
3052 2743 3112 2794 τὸ
3144 2740 3385 2795 συνιέναι
3410 2742 3474 2794 τὸ
3492 2742 3616 2799 ἐπί,-

2030 2858 2199 2912 κηρον
2230 2839 2387 2893 τοῦτο
2424 2838 2518 2890 καὶ
2558 2837 2830 2906 ἐφήμερον
2880 2833 2978 2902 τῆς
3018 2830 3161 2885 κατὰ
3200 2832 3383 2902 σάρκα
3428 2830 3615 2900 (orig:

2030 2934 2105 2988 Ού
2147 2930 2515 3000 παιδευόμεθα
2551 2930 2662 2990 τοῖς
2697 2925 2995 2996 ἀλλοτρίοις
3034 2922 3479 2992 συμπτώμασιν;
3538 2923 3614 2975 Οὐ

2032 3022 2167 3095 πρὸς
2194 3023 2285 3075 τὸν
2309 3020 2436 3073 ἴδιον
2461 3015 2902 3088 σωφρονιζόμεθα
2929 3016 3039 3084 βίον
3066 3031 3081 3079 ;
3117 3015 3183 3067 Τί
3212 3012 3477 3067 ἀπώνατο
3511 3014 3613 3083 τῆς

2033 3115 2230 3184 πολλῆς
2264 3113 2612 3183 παρασκευῆς
2652 3111 2855 3170 ἐκεῖνος
2891 3109 2918 3159 ὁ
2955 3105 3233 3168 πλούσιος.
3283 3106 3312 3157 ὁ
3343 3108 3465 3168 ταῖς
3514 3107 3615 3158 ἀν-

2028 3205 2350 3265 υποστάτοις
2390 3202 2599 3254 ἐλπίσιν
2653 3196 3060 3268 ἐμματαιάζων,
3110 3195 3409 3261 καθαιρῶν,
3461 3198 3614 3248 οἰκο-

2026 3292 2223 3363 δομῶν,
2281 3291 2547 3358 συνάγων,
2598 3286 2835 3356 τρυφῶν,
2880 3287 3095 3355 μακρὰς
3141 3284 3277 3337 ὲτῶν
3319 3284 3615 3352 περιόδους

2029 3389 2085 3441 ὲν
2119 3383 2437 3455 ματαιότητι
2470 3380 2574 3433 τῶν
2615 3378 2842 3431 ἐλπίδων
2869 3378 2988 3437 ταῖς
3023 3369 3326 3445 ἀποθήκαις
3363 3391 3613 3427 συναπος

2027 3477 2219 3530 κλείων
2248 3492 2261 3540 ;
2295 3474 2427 3543 Οὐχὶ
2460 3473 2554 3541 μία
2588 3467 2684 3533 νὺξ
2714 3469 2891 3521 πᾶσαν
2925 3466 3138 3536 ἐκείνην
3169 3466 3269 3534 τὴν
3316 3467 3610 3535 ὀνειροπο-

2026 3562 2292 3632 λουμένην
2338 3558 2525 3612 ἐλπίδα
2558 3555 2854 3627 διήλεγξεν,
2900 3556 2975 3619 ὡς
3013 3555 3236 3626 μάταιόν
3266 3572 3319 3611 τι
3345 3555 3613 3607 ἐνύπνιον

2026 3655 2118 3707 ἐπὶ
2153 3653 2364 3724 ματαίῳ
2396 3647 2918 3719 συμπεπλασμένονς
2945 3648 3008 3699 Ἡ
3030 3646 3170 3700 κατά
3190 3646 3251 3698 τὸ
3280 3645 3441 3717 σῶμα
3461 3645 3609 3717 ζωὴ,

2024 3747 2115 3800 τοῦ
2138 3746 2421 3807 ὲνεστῶτός
2446 3746 2559 3797 ἐστι
2579 3742 2757 3812 μόνου·
2793 3743 2826 3810 ἡ
2844 3739 2900 3793 δὲ
2924 3740 2990 3792 δι’
3007 3737 3218 3801 ἐλπίδος
3234 3739 3604 3809 ἀποκειμένη,

2024 3838 2122 3907 τῆς
2145 3837 2321 3908 ψυχῆς
2355 3837 2499 3886 ἐστιν
2542 3834 2645 3886 ίδία
2675 3851 2690 3865 ·
2747 3831 2859 3886 ἀλλ’
2902 3832 2936 3902 ἡ
2978 3829 3085 3883 τῶν
3111 3828 3415 3897 ἀνθρώπων
3446 3829 3607 3885 ἄνοια

2023 3925 2376 3994 διαμαρτάνει
2409 3922 2534 3991 περὶ
2571 3920 2667 3991 τὴν
2701 3920 2961 3992 ἐκατέρου
2996 3919 3207 3991 χρῆσιν,
3237 3917 3336 3990 τὴν
3368 3919 3471 3987 μὲν
3500 3936 3604 3973 σω-

2027 4016 2258 4086 ματικὴν
2287 4014 2429 4086 ζωὴν
2453 4017 2572 4076 ταῖς
2601 4013 2776 4066 ἐλπίσι
2815 4011 3209 4080 παρατείνουσα
3234 4027 3247 4041 ·
3281 4010 3382 4080 τὴν
3416 4011 3474 4065 δὲ
3504 4011 3604 4082 τῆς

2020 4105 2197 4174 ψυχῆς
2239 4103 2374 4175 πρὸς
2408 4103 2506 4173 τὴν
2543 4101 2651 4155 τῶν
2698 4101 2978 4171 παρόντων
3026 4100 3322 4154 ἀπόλαυσιν
3367 4099 3602 4168 ἐφελκο-

2024 4196 2193 4266 μένη·
2247 4194 2333 4247 διὰ
2379 4192 2533 4249 τοῦτο
2576 4193 2694 4246 κατ’
2737 4192 2984 4263 ἀνάγκην
3030 4191 3131 4264 τῆς
3166 4188 3335 4260 οὔσης
3390 4207 3453 4244 τε
3507 4191 3600 4244 καὶ

2021 4283 2338 4356 ὑφεστώσης
2367 4283 2577 4347 ἐλπίδος
2604 4285 2636 4353 ἠ
2663 4281 2808 4353 ψυχὴ
2833 4282 2961 4352 περὶ
2990 4281 3054 4337 τὸ
3078 4280 3405 4351 φαινόμενον
3429 4282 3598 4353 ἀσχο-

2020 4375 2109 4429 λου
2118 4375 2252 4446 μένη
2277 4372 2649 4444 ἀλλοτριοῦται
2669 4388 2681 4402 ·
2706 4375 2816 4434 τοῖς
2838 4370 2896 4423 δὲ
2916 4369 3169 4432 ἀστατοις
3189 4368 3278 4421 διὰ
3305 4370 3416 4423 τῶν
3440 4369 3598 4424 ἐλπί-

2022 4467 2127 4520 δων
2159 4463 2565 4535 ἐπερειδομένη,
2599 4461 2721 4515 οὔτε
2762 4460 2950 4514 τούτου
2992 4458 3327 4530 περικρατὴς
3357 4458 3592 4525 γίνεται,

2021 4559 2116 4611 καὶ
2142 4560 2316 4610 ἐκεῖνο
2341 4558 2440 4609 οὐκ
2468 4556 2601 4626 ἔχει.
2630 4553 2974 4623 Διδαχθῶμεν
3009 4552 3186 4605 τοίνυν
3207 4549 3297 4604 διὰ
3320 4550 3423 4623 τῆς
3447 4568 3592 4621 παρ-

2018 4650 2182 4720 ούσης
2213 4647 2538 4718 συμϐουλῆς,
2577 4644 2631 4698 τί
2662 4646 2762 4715 μὲν,
2802 4646 3036 4714 σήμερον
3070 4643 3237 4697 αἰτεῖν
3285 4641 3415 4713 χρὴ,
3443 4643 3500 4693 τί
3532 4641 3589 4694 δὴ

2016 4721 2093 4805 είς
2125 4741 2368 4812 ὕστερον.
2430 4740 2490 4792 '0
2525 4737 2687 4807 ἄρτος
2723 4736 2820 4807 τῆς
2856 4733 3153 4805 σημερινῆς
3176 4732 3362 4803 χρείας
3392 4734 3542 4787 ἐστίν
3570 4752 3584 4765 ·

2014 4835 2049 4905 ἡ
2084 4832 2327 4903 βασιλεία
2356 4830 2453 4901 τῆς
2480 4826 2838 4898 ἐλπιζομένης
2876 4825 3270 4896 μακαριότητος
3289 4840 3303 4853 ·
3339 4822 3505 4893 ἄρτον
3529 4825 3588 4879 δὲ

2013 4923 2205 4988 εἰπὼν,
2236 4922 2414 4976 πᾶσαν
2447 4919 2544 4991 τὴν
2588 4916 2901 4989 σωματικὴν
2934 4914 3324 4989 περιλαμϐάνει
3369 4914 3583 4985 χρείαν.

2025 5015 2149 5079 Ἐὰν
2168 5013 2340 5075 ταῦτα
2366 5009 2788 5081 αίτῶημεν,δῆλον
2806 5008 2958 5063 ἔσται
2983 5008 3048 5079 τῇ
3071 5004 3279 5078 διανοίᾳ
3298 5005 3394 5060 τοῦ
3418 5024 3586 5079 προσ.

2009 5106 2328 5177 ευχομένου,
2359 5103 2439 5155 ὅτι
2488 5100 2618 5171 περὶ
2664 5100 2723 5153 τὸ
2766 5097 3038 5169 ἐφήμερὸν
3066 5098 3212 5149 ἐστιν
3253 5098 3289 5166 ἡ
3315 5097 3579 5168 ἀσχολία·

2010 5196 2105 5249 ἐὰν
2131 5195 2187 5250 δέ
2209 5212 2261 5247 τι
2296 5193 2404 5247 τῶν
2440 5191 2540 5261 τῆς
2572 5190 2749 5269 ψυχῆς
2775 5186 3017 5256 ἀγαθῶν,
3047 5188 3129 5240 ὅτι
3156 5187 3293 5258 πρὸς
3316 5188 3378 5245 τὸ
3407 5189 3583 5259 sim.

2008 5286 2102 5349 κές
2124 5303 2182 5338 τε
2216 5286 2309 5339 καὶ
2336 5282 2686 5352 ἀτελεύτητον
2714 5283 2747 5348 ἡ
2780 5278 2994 5348 αἴτησις
3021 5277 3229 5348 βλέπει,
3260 5277 3399 5351 πρὸς
3424 5279 3453 5333 ὃ
3478 5282 3584 5351 μά.

2006 5378 2162 5431 λιστα
2194 5376 2404 5430 κελεύει
2434 5376 2559 5436 τοὺς
2585 5370 2910 5443 εὐχομένους
2942 5371 3072 5441 ὁρᾷν
3091 5386 3105 5400 ·
3155 5371 3231 5435 ὼς
3260 5369 3340 5442 τῷ
3371 5371 3580 5443 μείζονι

2007 5470 2099 5524 καὶ
2137 5468 2236 5539 τῆς
2262 5466 2484 5538 πρώτης
2518 5460 3059 5537 συγκατορθουμένης
3082 5460 3293 5538 χρείας.
3342 5460 3586 5525 Αἰτεῖτε,
