3756 5988
110 206 287 289 tu":
1085 229 1173 282 ne
1209 228 1558 284 ouxnoxa
1599 227 1947 282 l)l).\ll.‘\'ll2.\.
1981 259 2044 268 —
2085 228 2339 283 onmo
2384 206 2445 282 γ.
2600 240 2624 253 ~
3258 224 3398 281 me

111 346 304 417 φησι,
347 342 458 413 τὴν
503 343 840 407 βασιλείαν,
893 341 987 395 καί
1028 340 1128 411 τὴν
1188 340 1594 407 δικαιοσύνην,
1631 341 1725 393 καὶ

1882 356 1907 391 o
1933 342 2042 395 sit:
2076 342 2160 395 sin
2194 350 2375 397 autem
2407 341 2626 410 aliquod
2659 341 2852 395 anima:
2886 340 3402 412 bonutn,intellige-

113 436 338 489 ταῦτα
385 434 582 488 πάντα
644 429 1113 502 προστεθήσεται
1161 430 1336 499 ὑμῖν,
1403 431 1459 481 ἐν
1509 429 1726 499 Χριστῷ

1882 447 1924 483 II‘
1973 433 2119 502 quod
2166 434 2354 503 petilio
2387 433 2657 503 pertineat.
2706 433 2772 485 ad
2820 447 2931 487 rem
2983 440 3298 500 perpetuam
3344 440 3400 486 et

116 526 331 596 Ἰησοῦ
361 524 440 597 τῷ
470 523 657 596 Κυρίῳ
687 522 862 594 ἡμῶν,
980 524 1012 594 ἡ
1043 521 1168 587 δόξα
1194 523 1287 574 καὶ
1314 521 1372 575 τὸ
1407 520 1622 592 κράτος,
1648 522 1726 585 είς

1882 520 2144 579 ¹ίῖ¹¹ίιί¹ῐηε
2210 544 2320 597 (lito
2383 533 2731 601 potissimum
2799 540 3049 601 spectare
3111 540 3400 601 precantes

117 616 267 678 τοὺς
300 613 510 675 αἰῶνας
537 611 644 673 τῶν
670 609 898 667 αἰώνων.
944 610 1136 679 Ἀμήν.

1882 614 1979 667 ιιιει
2014 633 2024 667 :
2061 621 2215 686 quasi
2247 637 2351 676 una
2379 639 2501 678 cum
2533 625 2725 695 majori
2760 627 2936 694 prima
2961 639 3177 694 qunque
3208 638 3400 677 neces-

124 708 282 761 sitas
336 713 393 758 et.
445 719 578 758 usus
648 700 987 756 conﬁciatur.
1046 698 1236 762 Petite,
1285 697 1497 789 inquit,
1533 711 1748 789 regnum
1785 711 1833 754 et
1885 704 2184 772 justitiam,
2217 721 2266 765 ει
2297 713 2406 768 [δατ
2450 717 2625 768 omnia
2657 716 2972 785 adjiciam,
3006 716 3149 770 vobis
3184 720 3251 789 τι,
3305 710 3412 788 ρετ,

126 798 435 851 Christum
464 790 650 848 Iesum
689 790 975 845 Dominum
1010 798 1276 851 nostrum,
1307 787 1395 840 cui
1450 784 1626 856 gloria
1674 796 1727 840 et
1764 789 2075 860 imperium,
2110 797 2162 851 in
2193 803 2389 855 saecula
2415 784 2761 860 szeculorum.
2789 805 2982 857 Amen.

778 929 996 984 ΛΟΓΟΣ
1037 929 1112 982 Ε’.

135 1049 338 1114 Ἀξιες
360 1040 512 1114 ἡμῖν
530 1043 599 1098 τὰ
625 1044 988 1114 ὀφειλήματα
1010 1039 1206 1114 ἡμῶν,
1223 1038 1422 1114 καθώς.
1436 1039 1543 1114 καὶ·
1561 1035 1729 1114 ἡμεῖς

213 1108 484 1183 agitatis?
536 1108 674 1183 τοῖς(
710 1108 1041 1181 ὀφειλέταις
1082 1109 1272 1183 mulir.
1298 1110 1440 1183 ,Καὶ
1475 1108 1560 1177 μὴ
1590 1109 1725 1183 sto:-

213 1176 483 1254 εἱοέηνιῃς
508 1176 666 1250 ἡμᾶς·
687 1176 781 1254 εὶξῇ
799 1176 1148 1248 πειρασμόν.
1166 1176 1548 1247 Ἀλλὰρὗαι
1571 1176 1728 1245 ἡμᾶς

216 1251 348 1308 ἀ.τῶ
384 1251 488 1307 τοῦ
520 1251 807 1320 πονηροῦ.

213 1340 401 1399 Ἶνίλθε
422 1344 622 1415 προῖὼν
643 1345 671 1395 6
702 1342 856 1410 λόγος
877 1341 962 1395 ἐπ’
988 1341 1118 1394 αὐτὸ
1134 1341 1234 1411 τῆς
1257 1339 1456 1410 ἀρετῆς
1474 1338 1534 1392 τὸ
1563 1336 1730 1409 ἀκρό-

138 1453 319 1490 τατον
341 1453 352 1465 ·
384 1434 690 1505 ὑπογράφει
715 1434 823 1503 γὰρ
851 1432 937 1491 διά
964 1431 1070 1483 τῶν
1098 1431 1196 1499 τῆς
1225 1427 1532 1499 προσευχῆς
1556 1424 1731 1497 pws.

140 1545 283 1589 των,
318 1521 429 1579 οἷον
458 1521 596 1580 εἶναι
629 1523 871 1594 βούλεται
905 1521 995 1574 τὸν
1023 1520 1101 1590 τῷ
1135 1520 1252 1590 Θεῷ
1278 1518 1728 1590 προσερχόμενον,

2430 938 2689 995 ORATIO
2735 939 2801 994 ν.

1829 1038 2053 1115 Remitte
2078 1046 2223 1115 nobis
2255 1047 2429 1101 debita
2461 1060 2643 1103 nostra
2663 1093 2677 1115 ,
2707 1052 2843 1103 sicut
2876 1059 2924 1103 et
2954 1066 3046 1103 nos
3080 1051 3395 1104 remittimus

1898 1111 2220 1168 debitoribus
2256 1121 2469 1171 uostris.
2501 1119 2566 1172 Et
2593 1111 2779 1173 ne'uos
2808 1119 3028 1173 inducas
3059 1120 3113 1173 in
3148 1120 3397 1173 tentatio-

1901 1198 2037 1236 nem.
2077 1183 2181 1238 Sed
2209 1186 2374 1242 libera
2408 1206 2500 1242 uos
2532 1206 2564 1243 a
2598 1192 2761 1244 malo.

1900 1335 2263 1410 Progrediens
2327 1359 2503 1399 sermo
2551 1346 2698 1400 venit
2746 1344 2815 1400 ad
2870 1346 3047 1415 ipsum
3092 1355 3395 1402 extremum

1832 1440 2094 1498 punctum
2128 1434 2384 1499 virtutis;
2422 1437 2727 1506 prtescribit
2759 1437 2909 1493 enim
2943 1453 3039 1506 per
3074 1439 3235 1493 verba
3268 1453 3395 1492 ora-

1831 1522 1995 1578 tionis
2028 1524 2244 1593 qualem
2291 1526 2421 1582 velit
2461 1542 2586 1582 esse
2633 1542 2758 1583 eum
2800 1529 2892 1596 qui
2921 1528 2988 1582 ad
3020 1527 3184 1582 Deum
3214 1544 3400 1584 acces-

141 1618 241 1670 τὸν
294 1616 481 1670 οὐκέτι
509 1615 688 1685 σχεδὸν
723 1616 777 1665 ὲν
811 1611 1157 1682 ἀνθρωπίνης
1196 1610 1405 1677 φύσεως
1442 1609 1588 1678 ὅροις
1620 1606 1731 1659 δει-

1882 1629 1995 1669 trus
2016 1616 2115 1678 sit,
2136 1616 2228 1686 qui
2253 1619 2641 1689 propemodum
2666 1633 2776 1673 non
2801 1619 3035 1690 amplius
3061 1618 3200 1673 intra
3222 1624 3401 1673 termi-

148 1709 249 1763 δινὺ
260 1725 446 1778 μενον,
474 1706 587 1759 ἀλλ’
618 1704 764 1774 αὑτῴ
792 1703 868 1773 τῷ
894 1702 1012 1771 Θεῲ
1046 1701 1133 1753 διὰ
1162 1701 1259 1771 τῆς
1289 1701 1485 1770 ἀρετῆς
1516 1696 1731 1768 ὁμοιού-

1882 1722 1936 1760 os
1968 1707 2220 1781 humanae
2253 1688 2463 1766 natura:
2490 1688 3007 1781 conspiciaturrsed
3037 1709 3138 1777 ipsi
3167 1707 3274 1763 Deo
3305 1723 3402 1777 per

151 1817 322 1871 μενον
348 1816 361 1829 ⁸
392 1798 532 1851 ὥστε
565 1796 739 1849 δοκεῖν
762 1794 917 1849 ἀλλον
948 1795 1169 1846 ’ἐκεῖνον
1197 1788 1335 1845 εἶναι
1362 1791 1419 1842 ὲν
1460 1789 1539 1859 τῷ
1563 1788 1733 1842 ταῦτα

148 1892 331 1943 ποιεῖν
356 1927 372 1951 ,
409 1887 444 1942 ἃ
478 1886 571 1941 τοῦ
602 1886 734 1938 Θεοῦ
770 1885 930 1959 μόνου
978 1882 1093 1936 ἐστὶ
1133 1885 1321 1935 ποιεῖν.
1358 1880 1422 1933 Ἥ
1467 1880 1574 1951 γάρ
1624 1878 1732 1932 τῶν

147 1979 489 2051 ὀφλημάτων
514 1979 704 2045 ἄφεσις
726 2019 741 2043 ,
770 1977 897 2050 ἴδιόν
926 1978 1040 2028 ἐστι
1075 1973 1168 2027 τοῦ
1210 1972 1343 2026 Θεοῦ
1387 1971 1480 2026 καὶ
1527 1971 1735 2042 ἐξαίρε-

148 2087 246 2123 τον
281 2085 295 2098 ·
351 2069 567 2141 εἴρηται
619 2068 764 2140 γὰρ,
820 2069 899 2120 ὅτι
957 2065 1166 2130 Οὐδεὶς
1202 2063 1449 2117 δύναται
1498 2062 1734 2131 ἀφιέναι

150 2160 451 2230 ἁμαρτίας
477 2202 490 2224 ,
524 2162 576 2212 ει
619 2159 704 2228 μὴ
732 2160 921 2227 μόνος
952 2161 985 2211 ὁ
1032 2160 1195 2222 Θεός.
1244 2156 1307 2208 Εἰ
1355 2154 1530 2207 τοίνυν
1561 2171 1643 2217 τις
1675 2153 1734 2204 ὲν

152 2251 235 2323 τῷ
269 2251 391 2322 ἰδίῳ
418 2250 517 2320 βίῳ
553 2252 847 2321 μιμήσαιτο
882 2252 979 2320 τῆς
1015 2247 1159 2311 θείας
1196 2245 1410 2318 φύσεως
1439 2246 1505 2299 τὰ
1538 2245 1736 2316 γνωρί-

157 2359 346 2413 σματα
368 2381 384 2404 ,
412 2343 584 2395 ἐκεῖνο
623 2343 827 2409 γίνεται
872 2340 1071 2411 τρόπον
1099 2337 1219 2391 τινὰ
1244 2380 1257 2397 ,
1284 2331 1343 2391 οὗ
1376 2336 1472 2407 τὴν
1505 2336 1734 2407 μίμησιν

157 2433 411 2505 ἐναργῶς
436 2433 750 2499 ἐνεδείξατο.
784 2433 849 2484 Τί
882 2429 972 2487 οὖν
1004 2432 1241 2485 διδάσκει
1276 2432 1304 2484 6
1331 2430 1538 2498 Λόγος;
1574 2428 1734 2500 Πρῶ-

160 2543 249 2581 τον
278 2525 370 2578 διὰ
389 2523 498 2577 τῶν
529 2524 702 2594 ἔργων
732 2523 827 2595 τὴν
858 2522 1164 2597 παρρησίαν
1197 2522 1378 2575 λαΰεῖν
1398 2562 1412 2585 ,
1451 2521 1542 2574 καὶ
1565 2520 1736 2585 οὕτως

161 2615 499 2686 ἀμνηστείαν
535 2616 623 2668 διὰ
648 2614 755 2668 τῶν
806 2632 934 2668 ποτε
979 2614 1459 2685 πλημμελημάτων
1507 2613 1733 2684 αἰτήσα-

164 2706 310 2761 σθαι.
340 2703 525 2757 Ταῦτα
568 2703 676 2776 γὰρ
704 2704 958 2775 ἄντικρυς
1008 2705 1137 2773 ἡμῖν
1166 2702 1468 2771 διαλέγεται
1498 2705 1565 2773 τῇ
1597 2717 1736 2772 παρ-

161 2796 299 2867 ούσῃ
348 2797 496 2865 φωνῇ
517 2834 530 2854 .
574 2796 653 2847 ὅτι
683 2796 710 2846 6
736 2793 813 2864 τῷ
840 2794 1103 2867 εὐεργέτῃ
1138 2791 1377 2865 προσιὼν
1396 2833 1411 2857 ,
1439 2793 1736 2863 εὐεργέτης

163 2890 305 2943 ἔστω
323 2902 339 2917 ⁸
375 2889 403 2940 ὁ
431 2887 509 2956 τῷ
538 2885 723 2956 ἀγαθῷ
742 2926 755 2950 ,
787 2884 984 2954 ἀγαθός
1003 2901 1036 2960 ο.
1056 2887 1084 2938 6
1116 2886 1193 2956 τῷ
1239 2884 1430 2955 δικαίῳ
1450 2925 1463 2945 ,
1494 2883 1696 2946 δίκαιος
1717 2899 1731 2913 ·

1835 1794 2090 1852 virtutem
2134 1798 2492 1866 assimiletur,
2532 1809 2586 1856 ut
2625 1801 2768 1856 alius
2811 1799 2900 1855 ille
2941 1800 3055 1867 ipse
3098 1798 3234 1855 deus
3276 1814 3401 1857 esse

1832 1883 2102 1950 videatur,
2134 1886 2263 1941 dum
2308 1887 2440 1943 facit
2480 1903 2543 1943 ea
2581 1904 2703 1959 qua:
2741 1888 2835 1943 Dei
2872 1888 3044 1943 solius
3074 1897 3158 1943 est
3196 1886 3396 1942 facere.

1837 1973 2150 2030 Debitorum
2195 1979 2337 2032 enim
2389 1979 2640 2034 remissio
2686 1979 2966 2049 proprium
3019 1992 3083 2032 ac
3129 1977 3403 2047 peculiare

1836 2061 1927 2118 Dei
1962 2082 2161 2122 munus
2190 2075 2244 2122 et
2274 2067 2510 2123 ollicium
2538 2077 2622 2123 est
2647 2087 2660 2123 :
2693 2067 2900 2121 dictant
2927 2075 3011 2122 est
3043 2067 3188 2121 enim
3208 2106 3222 2131 ,
3248 2065 3400 2135 .quod

1836 2155 2005 2212 Nemo
2032 2167 2201 2226 potest
2231 2160 2493 2214 remittere
2518 2169 2753 2230 peccata,
2781 2160 2885 2214 nisi
2911 2160 3055 2213 solus
3082 2159 3222 2213 Deus
3249 2160 3315 2213 ".
3342 2158 3401 2212 Si

1835 2250 1959 2331 quis
1987 2248 2152 2318 igitur
2186 2248 2240 2302 in
2274 2264 2374 2304 sua
2409 2250 2518 2303 vita
2547 2248 2743 2303 divina:
2769 2259 2979 2303 naturae
3005 2246 3242 2318 insignia
3275 2245 3403 2300 imi-

1838 2348 2002 2404 tetur,
2041 2340 2173 2394 illud
2208 2342 2385 2410 ipsum
2427 2341 2830 2412 quodanunodo
2884 2340 2978 2406 lit,
3028 2339 3187 2408 cujus
3235 2340 3288 2392 in
3344 2352 3403 2393 se

1835 2429 2103 2486 evidentia
2139 2432 2430 2485 simulacra
2479 2439 2643 2501 atque
2687 2430 3024 2483 imitamenta
3074 2427 3400 2484 ostenderit.

1836 2520 1975 2587 Quid
2008 2522 2171 2592 igitur
2202 2522 2391 2577 Sermo
2425 2521 2626 2576 docet?
2657 2529 2714 2574 ut
2746 2520 2980 2590 primum
3015 2536 3109 2590 per
3141 2534 3306 2590 opera
3339 2522 3402 2571 li-

1836 2614 2051 2667 dueiam
2102 2630 2423 2678 sumamus,
2468 2622 2633 2685 atque
2683 2613 2757 2666 ita
2805 2611 3153 2665 abolitionem
3199 2619 3253 2667 et
3300 2612 3401 2663 im-

1837 2707 2134 2776 punitatem
2207 2720 2395 2759 eorum
2457 2720 2579 2776 quae
2635 2704 2928 2774 aliquando
2992 2703 3405 2779 peccaverimus

1839 2808 2104 2868 petamus.
2144 2796 2266 2851 llaec
2292 2798 2441 2852 enim
2474 2799 2634 2866 plane
2664 2797 2948 2852 nobiscum
2987 2794 3243 2864 praesenti
3271 2810 3339 2847 vo
3375 2811 3407 2847 e

1839 2890 2100 2960 loquitur,
2150 2890 2411 2944 nimirum
2444 2889 2537 2960 qui
2586 2890 2653 2943 ad
2703 2888 3102 2944 benefactorem
3156 2884 3402 2944 accedit.

165 2976 488 3044 ἁνεξίκακός
523 2993 582 3029 τε
625 2976 702 3046 τῷ
751 2975 1084 3046 ἀνεξικάκῳο
1118 2977 1210 3030 καὶ
1250 2973 1329 3047 τῷ
1370 2973 1735 3045 φιλανθρώπῳ

1882 2980 2156 3035 enel‘actor
2187 2990 2353 3047 esto:
2391 2981 2485 3051 qui
2534 2981 2601 3034 ad
2649 2981 2886 3044 bonum,
2935 2979 3147 3041 bonus,
3195 2975 3287 3047 qui
3337 2974 3405 3029 ad

165 3066 547 3143 φιλάνθρωπος
570 3083 583 3097 ο
617 3068 707 3121 καὶ
732 3067 802 3120 τὰ
826 3066 958 3120 ἄλλα
989 3066 1163 3119 πάντα
1185 3066 1461 3131 ὡσαύτως,
1496 3066 1574 3137 τῷ
1601 3083 1735 3136 χρη-

1882 3081 2074 3141 istum,
2103 3073 2288 3143 justus
2308 3113 2323 3137 ,
2353 3074 2566 3143 patiens
2597 3073 2723 3128 item
2758 3087 2822 3126 ac
2855 3072 2995 3126 lenis
3015 3110 3028 3133 .
3079 3069 3172 3139 qui
3196 3068 3283 3139 .ad
3333 3069 3409 3120 le-

66 3218 69 3219 .
168 3159 277 3231 στῷ
317 3176 378 3212 τε
426 3160 520 3212 καὶ
563 3161 792 3212 ἐπιεικεῖ
840 3159 933 3211 καὶ
993 3158 1326 3229 μεταδοτικῷ
1359 3157 1466 3211 τῶν
1491 3157 1733 3226 ἀγαθῶν,

165 3256 260 3306 καὶ
293 3253 459 3305 παντὶ
490 3251 580 3304 τὸν
604 3250 749 3303 ἔλεον
784 3250 1032 3321 νέμοντι,
1064 3251 1156 3303 καὶ
1184 3249 1239 3301 εἴ
1264 3267 1316 3302 τι
1346 3251 1476 3321 περὶ
1504 3249 1564 3301 τὸ
1585 3248 1736 3301 Θείον

165 3349 382 3418 ὁρᾶται,
411 3344 545 3414 πρὸς
574 3342 800 3395 ἕκαστον
824 3342 909 3395 διὰ
937 3344 1034 3412 τῆς
1060 3337 1430 3411 προαιρέσεως
1452 3338 1737 3409 ὁμοιούμε-

168 3455 298 3503 νος,
348 3430 732 3505 οὕτως’ὲαυτῷ
781 3433 880 3505 τὴν
931 3436 1028 3504 τῆς
1075 3433 1379 3502 προσευχῆς
1428 3428 1737 3500 παρρησίαν

172 3526 576 3601 περιποιείσθω.
607 3526 695 3588 Ὠς
720 3521 812 3577 οὖν
841 3525 941 3578 οὐκ
967 3524 1110 3577 ἐστιν
1134 3522 1257 3577 οὔτε
1288 3522 1521 3593 πονηρὸν
1550 3519 1739 3591 ἀγαθῷ

172 3617 687 3691 προσοικειωθῆναι,
724 3614 845 3670 οὔτε
873 3616 964 3671 τὸν
994 3618 1050 3668 ὲν
1095 3614 1421 3685 ἀκαθάρτοις
1464 3612 1739 3682 λογισμοῖς

172 3709 581 3779 κυλινδούμενον
625 3707 760 3779 πρὸς
790 3709 881 3763 τὸν
914 3705 1151 3778 καθαρὸν
1190 3705 1283 3759 καὶ
1323 3705 1594 3775 ἀκήρατον
1628 3720 1740 3757 κοι-

172 3804 367 3863 νωνίαν
404 3803 545 3873 ἔχειν
569 3819 585 3835 ο
630 3804 772 3858 οὕτω
796 3802 1019 3874 χωρίζει
1055 3801 1153 3871 τῆς
1196 3796 1601 3871 φιλανθρωπίας
1642 3794 1738 3850 τοῦ

174 3896 309 3950 θεοῦ
334 3935 354 3959 ,
376 3895 471 3948 τοῦ
518 3895 831 3966 προσιόντος
854 3896 1087 3965 ἀπήνεια
1122 3891 1337 3962 ἑαυτήν.
1383 3890 1440 3943 '0
1462 3888 1639 3942 τοίνυν
1683 3889 1741 3941 ὲν

178 3987 371 4059 πικρίᾳ
407 3987 649 4057 κατέχων
676 3986 817 4058 ὑπὲρ
847 3985 955 4038 τῶν
991 3981 1368 4053 ὀφειλημάτων
1393 3980 1483 4034 τὸν
1523 3979 1740 4050 ὑποχεί-

180 4099 325 4153 ριον,
355 4079 445 4133 διά
485 4073 578 4132 τοῦ
613 4078 741 4132 ἰδίου
775 4078 971 4150 τρόπον
1014 4079 1112 4147 τῆς
1154 4074 1304 4136 Θείας
1334 4072 1742 4145 φιλανθρωπίας

177 4171 365 4227 ἑαυτὸν
393 4169 755 4241 ἀπεσχοινισε.
790 4168 887 4231 Τίς
934 4166 1042 4236 γὰρ
1071 4164 1322 4219 κοινωνία
1367 4163 1742 4236 φιλανθρωπίᾳ

175 4279 234 4316 τε
268 4261 364 4315 καὶ
385 4261 647 4332 ὠμότητι,
669 4260 763 4314 καὶ
789 4260 1100 4331 ἀγαπητικῇ
1129 4258 1365 4313 διαθέσει
1394 4258 1530 4329 πρὸς
1549 4258 1739 4330 ἀγριό-

1837 3179 1959 3218 nem
2005 3179 2068 3217 ac
2116 3164 2412 3233 patientem
2455 3176 2781 3219 accessurus
2827 3162 2942 3227 sit;
2990 3160 3054 3215 ad
3110 3161 3405 3214 humanum

1839 3242 2109 3310 humanus
2138 3274 2151 3311 :
2182 3265 2237 3311 et
2268 3256 2457 3311 itidem
2491 3256 2544 3309 in
2576 3256 2789 3311 caeteris
2824 3255 3116 3317 omnibus,
3153 3251 3218 3305 ad
3255 3251 3408 3304 beni-

1836 3362 2001 3416 gnum
2024 3387 2039 3410 ,
2071 3347 2136 3401 ad
2169 3347 2397 3417 probum
2429 3357 2479 3401 el
2512 3347 2844 3409 humanum,
2874 3359 3088 3414 aequum
3112 3383 3126 3408 ,
3161 3342 3411 3396 lubenter

1838 3437 1967 3490 item
1997 3437 2135 3489 bona
2161 3434 2651 3489 communicantem
2678 3443 2732 3489 et
2756 3434 3154 3503 impertientem
3177 3470 3191 3495 ,
3218 3440 3270 3486 et
3293 3432 3410 3483 cui-

1839 3526 1969 3581 libet
2016 3525 2452 3580 miserieordiam
2498 3526 2861 3589 tribuentem,
2902 3531 2955 3577 et
2995 3524 3042 3578 si
3082 3522 3211 3592 quid
3259 3521 3407 3573 aliud

1778 3692 1791 3697 _
1840 3617 1985 3671 circa
2017 3615 2227 3670 Numen
2263 3616 2508 3671 divinum
2544 3616 2809 3678 cernitur,
2846 3612 2911 3667 ad
2944 3628 3112 3667 unum
3148 3610 3408 3684 quodque

1840 3709 2005 3763 animi
2039 3708 2123 3764 sui
2156 3708 2433 3778 proposito
2480 3722 2601 3763 sese
2649 3705 2963 3762 assimilans
3005 3711 3060 3759 et
3097 3716 3409 3758 accommo-

1840 3799 1979 3853 dans
2000 3837 2015 3861 ,
2048 3799 2121 3852 ita
2152 3797 2255 3852 sibi
2283 3798 2490 3852 aditum
2516 3807 2681 3867 atque
2710 3795 2962 3850 ﬁduciam
2991 3793 3259 3849 orationis
3285 3810 3412 3848 con-

1840 3892 2008 3948 ﬁciat.
2046 3891 2110 3946 Ut
2136 3892 2302 3961 igitur
2332 3891 2446 3946 ﬁeri
2478 3906 2586 3945 non
2616 3896 2791 3960 potest
2828 3882 2887 3942 ut
2928 3887 3012 3942 vel
3059 3886 3235 3942 malus
3265 3885 3413 3940 bono

1840 3984 2186 4047 concilietur,
2205 3982 2362 4052 velis
2390 3981 2482 4053 qui
2514 3982 2569 4036 in
2602 3981 2830 4052 impuris
2850 3977 3270 4051 cogitationibus
3293 3992 3411 4031 ver-

1842 4083 1995 4130 satur
2031 4089 2155 4129 cum
2195 4088 2331 4144 puro
2378 4082 2543 4143 atque
2576 4073 2787 4144 integro
2817 4069 3268 4126 consuetudinem
3314 4067 3412 4121 lia-

1843 4168 2003 4222 beat:
2039 4167 2113 4221 ita
2143 4165 2353 4221 saevitia
2377 4146 2948 4234 accedentis'seipsam
2976 4163 3045 4218 ab
3076 4160 3415 4216 humanitate

1844 4257 1937 4313 Dei
1965 4258 2221 4330 seiungit.
2253 4256 2356 4324 Qui
2385 4273 2516 4329 ergo
2542 4258 2845 4313 debitorum
2873 4255 3091 4309 nomine
3116 4251 3407 4307 obnoxium

176 4370 311 4423 τητα
337 4370 352 4419 ;
375 4354 469 4406 καὶ
492 4353 562 4410 τὰ
599 4350 760 4407 λοιπὰ
787 4352 887 4405 ὅσα
916 4352 980 4404 ὲκ
1007 4352 1099 4403 τοῦ
1136 4351 1377 4405 ἐναντίου
1417 4354 1483 4423 τῇ
1519 4351 1654 4423 πρὸς
1681 4351 1735 4405 τὸ

1882 4349 2221 4418 tobligatum
2252 4348 2447 4411 acerbe
2490 4346 2731 4410 detinet,
2765 4343 2882 4398 suis
2929 4340 3173 4395 moribus
3214 4352 3278 4391 ac
3321 4352 3411 4391 ra-

178 4443 341 4501 κακὸν
383 4442 651 4498 ἀντιθέσει
681 4444 878 4496 νοεῖται
904 4479 919 4505 ,
951 4434 1025 4495 ὧν
1064 4441 1291 4513 ἄμικτος
1321 4443 1354 4513 ὴ
1384 4441 1690 4511 ἐναντιότης
1722 4457 1737 4473 ο

179 4535 261 4603 ἐφ’
282 4527 357 4587 ὧν
379 4533 409 4585 6
428 4533 504 4604 τῷ
536 4534 617 4587 ἐνὶ
642 4532 1074 4604 κατειλημμένος
1095 4573 1110 4597 ,
1144 4532 1239 4587 τοῦ
1261 4533 1502 4587 ἐναντίου
1524 4533 1742 4596 πάντως

180 4624 496 4696 ἀφώρισται.
541 4623 629 4686 ὀς
674 4623 782 4693 γὰρ
812 4625 841 4676 6
873 4626 931 4677 ὲν
963 4622 1041 4694 τῷ
1076 4622 1289 4694 θανάτῳ
1328 4623 1615 4693 γενόμενος
1636 4664 1651 4687 ,
1681 4624 1740 4679 ἐν

182 4714 286 4785 ζωῇ
312 4714 411 4767 οὐκ
438 4712 584 4767 ἐστιν
608 4728 621 4742 ·
650 4713 743 4765 καὶ
764 4712 794 4770 6
819 4711 919 4782 τῆς
951 4712 1096 4782 ζωῆς
1127 4712 1368 4783 μετέχων
1393 4711 1487 4766 τοῦ
1509 4712 1739 4773 θανάτου

182 4805 499 4877 κεχώρισται
522 4821 537 4837 ·
565 4803 738 4867 οὕτως
766 4803 977 4874 ἀνάγκη
1025 4805 1172 4857 πᾶσα
1197 4804 1288 4858 τὸν
1327 4806 1394 4876 τῇ
1440 4803 1743 4876 φιλανθρω-

184 4899 277 4969 πίᾳ
302 4894 393 4952 τοῦ
423 4894 555 4950 Θεοῦ
591 4896 903 4969 προσιόντα,
936 4895 1120 4966 πάσης
1149 4896 1411 4964 ἁπηνείας
1445 4896 1599 4959 ἐκτὸς
1646 4912 1741 4965 γε·

182 4988 378 5043 νέσθαι.
420 4987 479 5040 ’0
521 4987 578 5041 δὲ
625 4988 780 5051 ἐκτὸς
814 4987 1031 5041 πάντων
1059 4985 1165 5041 τῶν
1221 4988 1278 5039 ὲν
1311 4987 1479 5058 κακίᾳ
1524 4987 1745 5056 νοουμέ-

186 5096 283 5135 νων
315 5077 601 5150 γενόμενος
627 5116 644 5143 ,
675 5078 806 5143 Θεὸς
853 5078 1053 5149 τρόπον
1083 5078 1203 5131 τινά
1240 5077 1327 5130 διὰ
1352 5081 1451 5147 τῆς
1491 5078 1743 5150 τοιαύτης

184 5168 336 5234 ἕξεως
369 5167 595 5236 γίνεται,
624 5169 799 5222 ἐκεῖνο
820 5166 1170 5239 κατορθώσας
1192 5166 1391 5237 ἑαυτῷ,
1424 5167 1453 5221 ὃ
1482 5167 1610 5239 περὶ
1642 5168 1739 5238 τὴν

185 5258 324 5311 θείαν
350 5256 511 5326 φύσιν
537 5260 566 5311 6
613 5256 769 5326 λόγος
816 5256 1021 5329 βλέπει.
1062 5257 1225 5328 Ὁρᾷς
1252 5259 1331 5321 είς
1358 5257 1480 5311 ὅσον
1515 5257 1741 5327 μέγεθος

186 5351 300 5419 ὑψοῖ
321 5352 444 5415 τοὺς
468 5350 765 5414 ἀκούοντας
789 5352 877 5407 διὰ
899 5351 1006 5405 τῶν
1027 5352 1128 5424 τῆς
1150 5352 1456 5424 προσευχῆς
1483 5351 1742 5422 ῥημάτων

186 5445 214 5499 ὀ
242 5441 467 5514 Κύριος,
503 5441 821 5497 μεταϐαλὼν
864 5443 1063 5515 τρόπον
1103 5444 1225 5499 τινὰ
1252 5440 1355 5511 τὴν
1391 5442 1734 5515 ἀνθρωπίνην

253 5619 291 5650 ⁷³
331 5617 520 5673 Μλιιίιι.
561 5637 647 5686 τι,
686 5598 795 5686 55’;
833 5619 962 5674 Luc.
1001 5636 1106 5685 xu,
1141 5621 1228 5674 3|.
1307 5623 1349 5653 ⁷³
1391 5621 1522 5677 an.
1560 5638 1608 5685 ν,
1640 5622 1729 5674 2|.

1842 4442 1989 4499 tione
2037 4440 2163 4495 lacti
2201 4439 2321 4503 sui,
2355 4439 2424 4494 ab
2456 4437 2792 4491 humanitate
2822 4434 3006 4489 divina
3044 4432 3284 4502 seipsum
3317 4444 3408 4491 se:

1842 4542 2000 4606 parat
2022 4541 2186 4604 atque
2208 4531 2464 4603 seiungit.
2489 4529 2618 4596 Qua:
2639 4530 2785 4584 enim
2816 4526 3053 4584 societas
3079 4521 3412 4579 humanitati

1841 4610 1964 4684 cum
1996 4625 2355 4693 crudelitate,
2385 4632 2439 4679 et
2469 4622 2780 4678 dilectionis
2814 4617 3091 4674 aﬂ‘ectioni
3124 4631 3247 4670 cum
3282 4613 3411 4667 l‘cri-

1841 4726 1949 4785 tate
1971 4718 2151 4774 ?item
2182 4718 2237 4772 in
2267 4715 2490 4786 reliquis
2515 4752 2531 4776 ,
2561 4726 2682 4782 qua?
2726 4727 2792 4766 ex
2836 4707 3117 4764 contrario
3140 4744 3154 4770 ,
3198 4702 3410 4774 opposi-

1842 4812 1989 4875 tione
2041 4809 2171 4875 mali
2223 4807 2402 4873 facta,
2455 4803 2874 4874 intelliguntur:
2930 4812 3162 4869 quarum
3222 4809 3407 4848 rerum

1841 4882 2205 4961 contrarietas
2254 4898 2592 4957 insociabilis
2639 4903 2756 4959 est,
2786 4907 3019 4964 quarum
3066 4902 3173 4942 uua
3224 4884 3405 4956 aliqua

1840 5000 2125 5063 correptus
2167 5006 2196 5044 a
2245 4988 2518 5045 contraria
2563 5000 2789 5058 prorsus
2830 4986 3146 5052 segregatus
3187 4983 3295 5031 est.
3341 4971 3407 5028 Ut

1841 5083 1986 5138 enim
2034 5083 2123 5137 ille
2162 5081 2256 5151 qui
2296 5089 2525 5135 mortem
2558 5076 2693 5139 obiit
2722 5078 2776 5130 in
2808 5080 2918 5128 vita
2946 5085 3054 5124 non
3078 5074 3161 5121 est
3186 5084 3199 5120 :
3229 5071 3285 5119 et
3313 5064 3407 5133 qui

1847 5176 1968 5230 vitae
1996 5173 2264 5244 particeps
2291 5180 2406 5237 est,
2438 5185 2469 5223 a
2501 5176 2673 5224 morte
2703 5172 2944 5221 remotus
2971 5169 3024 5215 ct
3051 5158 3259 5213 alienus
3285 5161 3369 5209 est
3390 5192 3408 5219 ,

1847 5266 1921 5321 ita
1974 5264 2197 5320 omnino
2226 5277 2453 5318 necesse
2497 5267 2581 5316 est
2625 5273 2749 5314 eum
2783 5253 2877 5326 qui
2911 5252 2978 5308 ad
3013 5248 3407 5305 humanitatem

1850 5357 1940 5414 l‘ci
1967 5370 2292 5413 accessurus
2320 5353 2391 5410 sit
2410 5392 2426 5423 ι
2455 5353 2523 5408 ab
2552 5350 2700 5407 oumi
2738 5347 2945 5404 saevitia
2977 5344 3213 5399 alienum
3262 5353 3404 5393 esse.

1845 5449 2026 5520 Atqui
2055 5446 2295 5503 outnium
2322 5459 2506 5499 carum
2540 5457 2718 5496 rerum
2755 5454 2874 5511 qua:
2914 5449 3006 5508 per
3054 5432 3314 5501 malitiam
3344 5444 3408 5482 ac
