3738 5984
272 222 291 239 θ
354 274 492 330 H79

1718 294 2043 353 CREtiORll
2083 298 2373 357 NYSSEM

3469 315 3604 368 “80

351 392 699 447 vitiositatem
740 394 1118 469 lliltrlllglllillll‘
1148 417 1343 472 expers
1380 404 1576 470 luerit,
1610 407 1744 462 deus
1778 426 1908 480 quo-

2102 433 2183 469 σιν
2222 417 2357 487 πρὸς
2388 416 2451 472 τὸ
2500 418 2803 492 θειότερον,
2839 421 2933 476 καὶ
2988 422 3142 488 θεοὺς
3188 425 3443 493 γῐνεσθαι
3482 429 3609 493 τοὺς

350 477 643 534 dummodo
693 497 790 553 per
835 485 1105 553 ejusmodi
1160 491 1407 545 habitum
1461 494 1683 552 evadit:
1718 477 1916 569 quippe

349 581 474 623 cum
508 569 641 625 illud
673 575 774 627 sibi
817 577 1150 645 confecerit,
1182 582 1326 651 quod
1371 583 1519 638 circa
1554 595 1803 642 naturam
1834 590 1917 643 di-

348 662 532 714 vinam
579 664 720 717 ratio
764 666 960 720 cernit.
1018 667 1179 724 Vides
1213 670 1281 724 ad
1311 679 1571 741 quantam
1604 676 1915 746 amplitudi-

350 765 476 804 nem
529 766 625 820 per
685 756 843 808 verba
895 759 1163 814 orationis
1224 759 1486 818 Dominus
1548 764 1913 836 intelligentes

348 841 560 907 evehat,
592 841 885 898 humanam
920 858 1169 903 naturam
1195 852 1507 908 conditione
1548 854 1731 910 divina
1776 873 1914 927 quo-

347 929 638 986 dammodo
686 946 934 1000 mutans,
970 948 1024 993 et
1070 948 1127 993 ut
1172 941 1247 996 dii
1290 943 1456 1007 liant,
1496 945 1589 1014 qui
1634 947 1699 1001 ad
1747 946 1912 1003 Demn

347 1022 619 1076 accessuri
654 1024 795 1091 sint,
831 1030 1082 1084 sanciens
1105 1030 1127 1084 ?
1152 1035 1288 1094 Cur,
1332 1036 1542 1104 inquit,
1576 1038 1824 1093 servilem
1860 1041 1911 1092 in

347 1114 567 1168 modum
612 1124 757 1171 metu
817 1120 1094 1186 trepidans
1140 1133 1195 1177 et
1250 1126 1585 1180 conscientia
1628 1135 1718 1182 tua
1773 1129 1915 1185 ictus

344 1217 407 1256 ac
445 1202 740 1274 llagellatus
779 1212 843 1263 ad
880 1210 1043 1266 Deum
1091 1215 1346 1269 accedis?
1386 1231 1487 1269 cur
1525 1218 1772 1274 excludis
1820 1223 1911 1275 llltl

343 1293 595 1350 ﬁduciam
632 1299 684 1352 in
722 1300 970 1356 libertate
1007 1305 1201 1358 anitum
1240 1307 1655 1374 consistentem,
1692 1328 1812 1380 quin
1846 1315 1913 1367 ab

343 1384 500 1438 initio
526 1388 687 1443 simul
717 1404 841 1444 cum
877 1404 1069 1446 natura
1101 1394 1153 1446 in
1187 1411 1311 1450 esse
1346 1397 1607 1467 producta
1630 1402 1755 1455 est?
1779 1404 1908 1471 quid

342 1475 583 1531 adularis
611 1481 788 1535 verbis
828 1483 877 1536 ei
917 1484 1009 1552 qui
1055 1486 1517 1545 assentationibus
1555 1490 1665 1544 falli
1701 1496 1909 1563 nequit,

342 1574 506 1634 atque
538 1569 720 1623 deludi
753 1587 859 1625 non
890 1575 1046 1629 vult?
1074 1591 1172 1630 cur
1201 1576 1438 1633 ofﬁciosa
1468 1590 1632 1651 atque
1662 1597 1910 1639 assenta-

342 1660 483 1712 toria
505 1663 668 1714 verba
692 1663 853 1719 aﬂers
886 1667 953 1719 ad
996 1682 1117 1720 eum
1154 1670 1244 1737 qui
1270 1684 1433 1739 opera
1474 1672 1750 1729 intuetur?
1788 1676 1931 1731 licet'

2018 506 2095 577 τῷ
2144 507 2263 578 Θεῷ
2318 510 2641 579 προσιόντας
2679 511 3025 582 νομοθετῶνς
3078 514 3142 567 Τί
3191 516 3605 589 δουλοπρεπῶς,

2020 599 2202 667 φησιν,
2237 601 2294 652 ὲν
2322 600 2472 672 φόϐῳ
2501 603 2860 675 κατεπτηχὼς
2883 644 2898 668 ,
2934 607 3029 659 καὶ¹
3072 607 3151 678 τῷ
3207 610 3481 663 συνειδότι
3529 611 3605 681 τῷ

2019 689 2211 743 ἑαυτοῦ
2260 692 2649 763 μαστιςόμενος
2681 696 2960 771 προσέρχῃ
2985 698 3137 770 Θεῷ;
3173 701 3237 753 Τί
3286 702 3606 769 ἀποκλείεις

2020 780 2230 852 σεαυτῷ
2263 782 2360 855 τὴν
2394 785 2704 857 παρρησίαν
2725 827 2740 851 ,
2771 788 2870 860 τὴν
2917 793 2980 861 τῇ
3017 790 3299 864 ἐλευθερίᾳ
3344 795 3455 867 τῆς
3499 795 3604 865 ψυ·

2018 872 2121 941 χῆς
2144 874 2587 947 ἐνυπάρχουσαν,
2628 879 2726 950 τὴν
2755 880 2814 944 ἐξ
2838 881 3013 952 ἀρχῆς
3042 885 3493 958 συνουσιωμὲνην
3537 889 3601 960 τῇ

2019 961 2217 1030 quasi;
2250 964 2315 1018 Ti
2340 967 2657 1032 κολακεύεις
2689 971 2745 1023 ὲν
2778 971 2987 1040 ῥήμασι
3017 974 3107 1027 τὸν
3147 974 3512 1043 ἀθώπευτον;
3541 978 3604 1032 Τί

2017 1056 2315 1125 προσάγεις
2342 1058 2467 1122 τοὺς
2515 1059 2941 1130 θεραπευτικούς
2989 1082 3048 1118 τε
3091 1068 3185 1119 καὶ
3222 1067 3617 1133 θωπευτικοίις

2016 1140 2204 1210 λόγους
2240 1143 2317 1215 τῷ
2364 1146 2499 1215 πρὸς
2529 1148 2596 1200 τὸ.
2624 1148 2761 1219 ἔργα
2795 1149 3041 1219 βλέποντι
3069 1171 3084 1219 ;
3113 1155 3332 1221 Ἔξεστί
3365 1174 3457 1210 σοι
3498 1160 3606 1211 πᾶν

2014 1233 2095 1285 ὅτι
2132 1232 2235 1304 πέρ
2268 1237 2413 1289 ἐστιν
2460 1239 2524 1291 ἐκ
2561 1239 2695 1294 Θεοῦ
2726 1244 2980 1314 χρηστὸν,
3012 1248 3131 1299 κατ’
3163 1247 3421 1313 ἐξουσίαν
3463 1248 3607 1318 ἔχειν

2016 1324 2445 1396 ἐλευθεριάζοντι
2479 1329 2557 1400 τῷ
2601 1335 2908 1405 φρονήματι
2932 1353 2944 1364 ·
2977 1337 3135 1401 αὐτὸς
3175 1339 3339 1406 γενοῦ
3388 1341 3607 1411 σεαυτῷ

2014 1415 2274 1487 δικαστής
2297 1434 2309 1448 ’
2340 1418 2429 1482 δὸς
2459 1422 2669 1494 σεαυτῷ
2693 1423 2790 1495 τὴν
2823 1424 3101 1491 σώζουσαν
3127 1428 3308 1499 ψῆφον
3328 1447 3343 1462 ο
3390 1430 3607 1505 ἀφεθῆ-

2015 1504 2104 1557 ναί
2130 1522 2213 1558 σοι
2231 1505 2416 1578 ζητεῖς
2440 1511 2591 1582 παρά
2619 1513 2712 1565 τοῦ
2725 1514 2860 1568 Θεοῦ
2889 1515 2956 1569 τὰ
2983 1517 3312 1589 ὀφλήματας
3353 1518 3420 1574 σὺ
3445 1519 3611 1589 ἄφες,
3634 1574 3635 1577 η

2015 1597 2109 1650 καὶ
2160 1599 2188 1650 6
2215 1598 2346 1664 Θεὸς
2376 1602 2681 1679 ιὲψήφισεν.
2731 1607 2794 1658 Ἠ
2832 1607 2942 1677 γὰρ
2991 1608 3132 1680 ὑπὲρ
3168 1609 3261 1662 τοῦ
3319 1610 3606 1681 ὁμοφύλου

2016 1687 2217 1758 κρίσις,
2254 1689 2319 1743 σὺ
2351 1691 2572 1765 κύριος,
2609 1694 2697 1767 ἴση
2729 1696 2939 1765 γίνεται
2970 1684 3149 1770 ψῆῖρος
3170 1738 3186 1764 ,
3218 1701 3307 1753 οἶα
3334 1701 3385 1753 δ’
3425 1701 3496 1756 ἂν
3530 1699 3605 1775 ᾗο

341 1750 439 1802 tibi
471 1751 733 1821 quidquid
763 1769 828 1810 ex
876 1755 985 1811 Deo
1027 1761 1374 1817 commodum
1416 1770 1500 1817 est
1542 1766 1726 1819 animo
1768 1769 1908 1838 inge-

2178 1750 2212 1754 --
2425 1750 2437 1765 ι
2519 1750 2571 1759 -ν
2685 1750 2806 1767 ιιί
2890 1750 2897 1751 ί
2984 1750 3359 1770 air-v""‘
3426 1750 3565 1775 ’νει

2097 1778 2191 1850 γὰρ
2242 1781 2335 1834 ἐπὶ
2387 1785 2614 1839 σεαυτοῦ
2649 1787 2827 1859 γνῷς,
2859 1790 3033 1845 ταῦτά
3062 1809 3144 1845 σοι
3195 1793 3288 1848 διὰ
3313 1795 3418 1866 τῆς
3454 1795 3613 1858 θείας

341 1855 450 1895 nuo
478 1851 643 1914 atque
671 1845 845 1902 libero
874 1849 939 1903 ad
968 1851 1251 1905 arbitrium
1283 1852 1521 1908 habere:
1554 1856 1667 1924 ipse
1696 1860 1791 1912 tibi
1827 1861 1905 1915 sis

2013 1867 2246 1936 κρίσεως
2281 1872 2625 1944 ἑπεκυριῦθη.

335 1934 502 2005 judex
524 1976 540 2002 ,
576 1938 690 2007 ipse
723 1948 772 1994 te
805 1947 896 1993 tua
926 1943 1196 1997 sententia
1227 1943 1447 2000 absolve
1486 1962 1549 1999 ac
1591 1963 1744 2003 serva
1772 1968 1785 2003 :
1818 1952 2017 2006 remitti
2050 1934 2147 2010 tibi
2196 1974 2222 2012 a
2275 1959 2380 2016 Deo
2444 1934 2625 2019 debita
2690 1966 3006 2026 desiderans
3030 2011 3045 2034 ,
3115 1982 3172 2026 ιιι
3220 1973 3486 2040 dimitte,
3552 1987 3617 2034 et.

342 2028 485 2083 Deus
515 2029 816 2086 decreverit
843 2044 1005 2101 atque
1036 2037 1358 2090 sententiam
1395 2040 1598 2093 tulerit.
1630 2038 1763 2094 Nam
1791 2042 2000 2111 judicio
2027 2049 2094 2102 de
2124 2053 2402 2121 proximo,
2442 2057 2587 2127 quod
2660 2060 2715 2114 in
2784 2069 2894 2114 tua‘
2938 2028 3208 2131 potestate
3250 2076 3382 2131 est,
3420 2028 3609 2138 quale-

338 2135 557 2190 cunque
586 2120 782 2185 fuerit,
824 2126 1090 2179 sententia
1126 2143 1223 2196 par
1267 2130 1370 2182 erit
1413 2137 1466 2183 et
1515 2133 1903 2201 respondebit:
1947 2154 2067 2208 qua:
2098 2145 2241 2196 enim
2274 2148 2413 2216 apud
2451 2120 2503 2203 te
2534 2153 2826 2218 statueris,
2863 2120 2975 2210 haec
3009 2156 3105 2211 tibi
3180 2174 3278 2228 per
3346 2120 3606 2215 divinum

340 2207 579 2228 ευμεν
642 2225 685 2228 η
742 2210 768 2228 η
899 2215 909 2228 .
1016 2226 1022 2228 Α

333 2207 601 2278 judicium
631 2210 1112 2269 conﬁrmabuntur.

410 2299 515 2355 Sed
546 2302 639 2372 qui
672 2306 844 2372 possit
873 2306 1069 2376 aliquis
1100 2323 1196 2377 pro
1229 2310 1493 2380 dignitate
1522 2316 1797 2385 explicare
1826 2318 1908 2374 di-

335 2396 480 2452 vina:
506 2399 655 2452 vocis
703 2401 1161 2469 amplitudinem?
1192 2401 1425 2473 Superat
1466 2406 1519 2460 id
1567 2408 1713 2476 quod
1747 2410 1907 2464 intel-

336 2489 519 2559 ligitur
565 2505 685 2544 eam
750 2506 873 2561 qua:
925 2495 1106 2549 verbis
1171 2494 1286 2550 ﬁeri
1351 2497 1525 2565 possit
1591 2500 1909 2568 explicatio-

335 2596 481 2635 nem.
508 2577 730 2635 Remitte
761 2582 909 2635 nobis
938 2583 1114 2637 debila
1140 2588 1488 2644 uostra,sicut
1517 2598 1565 2641 et
1598 2606 1692 2642 nos
1726 2592 1906 2644 remit-

336 2671 497 2725 timus
521 2670 847 2726 debitoribus
876 2676 1091 2729 nostris.
1124 2674 1256 2729 Nam
1296 2691 1418 2746 quae
1444 2676 1511 2732 de
1539 2677 1641 2731 hoc
1667 2680 1907 2734 animum

334 2778 513 2818 meum
547 2763 695 2819 subit
728 2765 993 2834 cogitare,
1044 2766 1389 2821 temerarium
1435 2768 1654 2839 quidem
1695 2779 1779 2825 est
1824 2772 1908 2826 vel

337 2863 518 2909 mente
566 2857 895 2925 concipere,
951 2860 1302 2912 temerarium
1348 2860 1477 2915 item
1534 2861 1618 2916 vel
1662 2863 1912 2917 oratione

335 2944 714 3012 cogitationem
741 2954 794 2999 et
823 2948 1021 3001 meut's
1047 2956 1373 3017 conceptum
1404 2947 1714 3018 patefacere
1744 2939 1926 3021 atque.

334 3036 564 3103 aperire.
609 3034 748 3101 Quid
778 3038 920 3089 enim
955 3045 1037 3091 cst
1067 3040 1211 3108 quod
1255 3040 1502 3094 dicitur?
1548 3040 1913 3106 Quemadmo-

2097 2320 2257 2375 Ἀλλά
2294 2323 2408 2387 πῶς
2437 2324 2502 2377 ἄν
2534 2342 2616 2389 τις
2649 2327 2783 2399 πρὸς
2808 2327 2963 2393 ἀξίαν
3006 2330 3067 2383 τὸ
3120 2331 3468 2401 μεγαλοφυὲς
3502 2338 3604 2405 τῆς

2015 2408 2161 2473 θείας
2200 2414 2382 2482 φωνῆς
2417 2414 2807 2485 ἐκκαλύψειενς
2850 2418 3198 2489 ’Υπερϐαίνει
3247 2422 3350 2491 τὴν
3392 2424 3460 2476 ἐκ
3492 2425 3608 2478 τῶν

2013 2499 2184 2569 λόγων
2223 2502 2517 2574 ἑρμηνείαν
2564 2506 2624 2558 τὸ
2663 2506 2858 2577 ὄνομα·
2898 2510 3082 2578 ’Ἄφες
3135 2509 3276 2579 ἡμῖν
3331 2512 3407 2567 τὰ
3437 2514 3603 2583 ὀρει-

2014 2591 2252 2662 λήματα
2283 2594 2470 2662 ἡμῶν,
2501 2596 2582 2662 ὡς
2610 2597 2707 2650 καὶ
2740 2598 2910 2668 ἡμεῖς
2938 2599 3253 2670 ἀφήκαμεν
3282 2602 3415 2668 τοῖς
3440 2605 3599 2673 ὀφεί-

2014 2685 2237 2735 λουσιν
2273 2675 2437 2752 ἡμῖν-ξ
2475 2686 2540 2736 Ἃ
2585 2686 2692 2757 γὰρ
2745 2687 3032 2759 ἐπέρχεταί
3065 2708 3154 2759 μοι
3215 2691 3346 2762 περὶ
3402 2693 3606 2747 τούτου

2016 2772 2153 2822 νοεῖν
2173 2812 2186 2837 ,
2228 2771 2497 2842 τολμηρὸν
2521 2773 2621 2843 μέν
2650 2777 2765 2827 ἐστι
2792 2778 2887 2829 καὶ
2918 2777 2996 2846 τῷ
3027 2778 3102 2848 νῷ
3134 2777 3319 2831 λαϐεῖν
3340 2822 3354 2844 ,
3388 2781 3606 2853 τολμη-

2023 2857 2110 2926 ρὸν
2138 2858 2194 2911 δὲ
2221 2860 2313 2912 καὶ
2347 2860 2486 2932 λόγῳ
2528 2862 2854 2933 διακαλύψαι
2887 2865 2948 2917 τὸ
2983 2866 3179 2937 νόημα.
3222 2868 3287 2921 Τί
3334 2871 3450 2940 γάρ
3478 2874 3615 2924 ἐστι

2016 2945 2076 2997 τὸ
2100 2945 2385 3017 λεγόμενον
2412 2965 2425 3013 ;
2459 2950 2667 3021 ’Ὠσπερ
2695 2953 2879 3017 ὀ-Θεὸς
2907 2955 3193 3027 πρόκειται
3222 2962 3334 3023 τοῖς
3360 2960 3425 3012 τὸ
3449 2963 3601 3028 ἀγα-

2019 3037 2109 3088 θὸν
2140 3039 2493 3109 κατορθοῦσιν
2527 3043 2608 3105 είς
2643 3043 2873 3115 μίμησιν
2895 3085 2910 3110 ,
2962 3045 3142 3111 καθὼς
3175 3046 3327 3103 εἶπεν
3364 3053 3397 3105 6
3438 3054 3603 3107 Ἀπύ-

333 3127 461 3179 dum
495 3125 639 3180 Deus
668 3128 805 3182 bene
836 3144 899 3180 ac
942 3136 1087 3183 recte
1132 3131 1422 3199 agentibus
1471 3133 1537 3185 ad
1585 3133 1907 3188 imitandum

2097 3129 2200 3193 ιλος
2222 3146 2235 3158 ·
2270 3132 2531 3200 Μιμητίιί
2572 3151 2693 3202 μου
2732 3140 2971 3205 γίνεσθε
2995 3178 3010 3201 ,
3043 3138 3235 3206 καθὼς
3264 3141 3432 3210 κάγὼ
3462 3146 3601 3213 Χριο

333 3220 644 3288 propositus
671 3226 791 3281 est,
843 3220 983 3274 sicut
1016 3221 1152 3275 dixit
1194 3222 1489 3291 Apostolus
1534 3243 1547 3278 :
1596 3222 1908 3281 lmilatores

333 3309 434 3362 mei
465 3318 663 3373 estote,
700 3311 834 3363 sicut
861 3320 909 3364 et
939 3328 1030 3382 ego
1061 3311 1262 3367 Christi
1296 3314 1342 3345 ⁷³
1374 3334 1386 3369 :
1438 3315 1510 3368 ita
1544 3317 1662 3371 vice
1712 3333 1868 3372 versa
1893 3359 1907 3383 ,

333 3408 480 3450 tuam
527 3398 864 3454 all'ectionem
918 3400 1025 3456 Deo
1055 3402 1119 3456 ad
1152 3404 1351 3463 bonum
1384 3422 1480 3476 pro
1511 3410 1757 3480 exemplo
1791 3426 1912 3465 esse

331 3488 483 3554 vult,
512 3495 675 3559 atque
704 3490 840 3544 ordo
863 3493 1264 3560 quodammodo
1295 3495 1599 3561 invenitur,
1630 3507 1687 3553 ut
1711 3501 1910 3554 audea-

330 3594 486 3642 mus,
536 3581 995 3650 quemadmodum
1046 3584 1246 3647 bonum
1299 3586 1353 3641 in
1405 3588 1562 3644 nobis
1608 3589 1910 3646 imitatione

329 3668 502 3723 divini
539 3672 777 3726 numinis
819 3674 1121 3742 perficitur,
1168 3676 1241 3730 ita
1284 3693 1504 3746 sperare
1542 3677 1819 3746 futurum,
1853 3689 1910 3733 ut

332 3757 478 3814 Deus
506 3768 698 3827 nostra
729 3761 872 3817 facta
920 3765 1185 3830 imitetur,
1232 3781 1354 3822 cum
1388 3767 1592 3837 aliquid
1622 3769 1750 3823 boni
1778 3784 1911 3824 con-

332 3851 657 3916 fecerimus,
692 3863 749 3907 ut
799 3865 854 3911 tu
909 3858 1034 3911 item
1084 3859 1151 3912 ad
1205 3857 1371 3913 Deum
1407 3860 1591 3926 dicas,
1622 3859 1777 3926 Quod
1807 3876 1908 3932 ego

329 3940 456 4017 l‘eci,
489 3943 612 4011 fac;
651 3947 863 4002 imitare
902 3964 1118 4003 servum
1160 3958 1342 4015 tuum,
1383 3962 1439 4005 tu
1480 3951 1735 4016 Domine,
1769 3968 1903 4022 pau-

330 4048 516 4104 perem
545 4045 599 4089 et
633 4052 862 4107 egenum
885 4079 900 4104 ,
926 4040 1021 4108 qui
1059 4055 1286 4111 regnum
1315 4043 1694 4097 universarum
1725 4058 1907 4097 rerum

329 4123 588 4180 obtines:
622 4128 806 4180 remisi
837 4128 1016 4182 debita
1046 4129 1157 4202 [ne
1184 4140 1241 4185 tu
1272 4133 1492 4202 quidem
1520 4135 1708 4205 exigas
1734 4154 1747 4190 :
1780 4151 1908 4205 sup-

327 4214 523 4285 plicem
559 4217 823 4286 repellere
856 4221 1062 4276 veritus
1097 4222 1298 4295 sum],
1336 4240 1404 4278 ne
1435 4232 1492 4279 tu
1523 4226 1741 4296 quidem
1775 4242 1906 4297 sup-

327 4305 618 4374 plicantem
647 4308 972 4365 submoveas
998 4319 1162 4382 atque
1190 4314 1457 4383 repellas:
1499 4315 1678 4369 laetum
1708 4325 1764 4371 et
1794 4318 1908 4371 ala-

328 4412 476 4452 erem
506 4399 692 4455 dimisi
726 4417 905 4457 meum
933 4404 1233 4460 debitorem
1260 4445 1276 4471 ,
1309 4408 1433 4463 talis
1462 4409 1589 4461 item
1623 4417 1748 4463 tuus
1775 4411 1868 4463 liat
1888 4450 1903 4474 ,

2013 3220 2190 3272 (ποῦ’
2228 3220 2399 3285 οὕτως
2420 3224 2477 3275 τὸ
2508 3223 2740 3293 ἔμπαλιν
2772 3226 2870 3300 τὴν
2897 3226 2995 3299 σὴν
3026 3229 3259 3284 διάθεσιν
3285 3232 3600 3307 ὑπόδειγμα

2012 3309 2086 3380 τῷ
2109 3310 2225 3382 Θεῷ
2259 3313 2392 3381 πρὸς
2421 3314 2481 3367 τὸ
2508 3316 2707 3383 ἀγαθὸν
2729 3318 2976 3384 γενέσθαι
3022 3316 3299 3391 βούλεται,
3327 3327 3594 3397 ἀντιμεθο

2015 3397 2221 3454 ίσταται
2259 3404 2458 3473 τρόπον
2487 3404 2605 3458 τινὰ
2645 3407 2678 3476 ἡ
2716 3407 2868 3472 τάξις
2894 3447 2911 3471 ,
2950 3407 3091 3463 ὥστε
3143 3411 3452 3484 τολμῆσαι,
3496 3434 3598 3470 κα-

2013 3490 2188 3559 θάπερ
2224 3496 2281 3545 ὲν
2330 3495 2460 3564 ἡμῖν
2503 3495 2563 3548 τὸ
2621 3497 2823 3566 ἀγαθὸν
2868 3501 3194 3556 ἐπιτελεῖται
3225 3507 3291 3575 τῇ
3339 3507 3479 3576 7:96;
3537 3510 3603 3562 τὸ

2014 3583 2165 3638 Θεῐον
2202 3586 2462 3655 μιμήσει,
2515 3586 2688 3651 οὕτως
2741 3590 2957 3643 ἐλπίσαι
3011 3595 3293 3664 μιμεῖσθαι
3332 3597 3424 3649 τὸν
3457 3599 3602 3651 Θεὸν

2010 3672 2077 3726 τὰ
2108 3673 2370 3744 ἡμέτερα,
2395 3676 2521 3728 ὅταν
2548 3692 2602 3728 τι
2633 3677 2739 3730 τῶν
2768 3680 2986 3746 ἀγαθῶν
3018 3683 3478 3754 κατορθώσωμεν,
3508 3690 3600 3740 ἵνα

2011 3764 2170 3836 εἴπῃς
2220 3766 2313 3819 καὶ
2340 3767 2403 3820 σὺ
2435 3767 2513 3840 τῷ
2541 3768 2680 3839 Θεῷ,
2714 3771 2794 3822 ὅτι
2828 3773 2891 3825 Ὂ
2924 3771 3032 3841 ἐγὼ
3082 3776 3362 3846 πεποίηκα
3383 3817 3399 3839 ,
3436 3780 3601 3849 ποίη-

2012 3873 2102 3910 σον
2127 3872 2140 3887 ο
2179 3857 2414 3929 μίμησαι
2442 3860 2534 3912 τὸν
2570 3859 2754 3914 δοῦλόν
2783 3877 2901 3928 σου,
2933 3865 2963 3916 6
2991 3863 3215 3935 Κύριος,
3246 3866 3338 3920 τὸν
3376 3871 3603 3939 πτωχὲῑν

2010 3948 2103 4000 καὶ
2151 3946 2398 4018 πένητα,
2430 3950 2458 4001 6
2510 3949 2602 4004 τοῦ
2649 3951 2847 4015 παντὸς
2901 3952 3231 4023 βασιλεύων,
3284 3957 3478 4027 ἀφῆκα
3529 3960 3598 4013 τὶ

2008 4039 2369 4110 ὀφειλήματα.
2415 4043 2550 4112 μηδὲ
2590 4044 2653 4096 σὺ
2694 4044 2889 4117 ἀπὼσῃ
2936 4046 3024 4099 τὸν
3057 4047 3369 4103 ἱκετεύοντα
3400 4067 3416 4082 ο
3468 4069 3597 4119 φαι-

2009 4131 2130 4201 δρὶν
2159 4131 2459 4203 ἀπέπεμψα
2495 4134 2586 4187 τὸν
2624 4137 2754 4205 ἐμὸν
2786 4138 3066 4208 ὀφειλέτην
3091 4181 3106 4205 ,
3148 4140 3389 4205 τοιοῦτος
3426 4145 3525 4196 καὶ
3566 4145 3597 4194 6

2012 4225 2100 4286 σὸς
2122 4210 2360 4291 γενέσθω
2385 4243 2397 4256 .
2426 4226 2501 4298 μὴ
2531 4229 2760 4298 ποιήσῃς
2782 4228 2873 4280 τον
2903 4229 2993 4282 σὸν
3022 4229 3303 4301 χρεώστην
3328 4232 3425 4286 τοῦ
3453 4236 3595 4304 ἐμοῦ

2012 4317 2489 4389 σκυθρωπότερον·
2522 4320 2651 4383 ἴσως
2680 4323 2728 4373 ot
2754 4320 2848 4374 δύο
2875 4324 2987 4385 τοῖς
3012 4322 3332 4377 ἀπαιτοῦσιν
3370 4326 3596 4396 εὐχαρι-

2012 4409 2305 4463 στείτωσαν
2329 4428 2343 4441 ·
2379 4412 2465 4482 ἴση
2498 4416 2626 4484 παρ’
2657 4413 2977 4483 ἀμφοτέρων
3000 4416 3304 4486 κυρωθήτω
3328 4420 3443 4479 τοίσς
3470 4434 3593 4470 ουν·

327 4491 397 4541 tie
421 4494 572 4541 tuum
595 4485 898 4545 debitorem
924 4508 1043 4547 meo
1062 4492 1307 4550 debitore
1338 4498 1635 4551 tristiorem
1664 4497 1860 4553 reddas
1888 4516 1901 4551 :

2097 4502 2303 4565 .ἀκταις
2359 4504 2391 4574 ἡ
2430 4503 2620 4572 ἄφεσις
2645 4547 2660 4569 ,
2710 4505 2786 4576 τῷ
2828 4505 2948 4576 ὲμῷ
2982 4505 3179 4577 καὶτῷ
3364 4508 3422 4561 ὐ
3457 4509 3590 4579 spe;

326 4577 487 4632 ambo
510 4579 715 4647 pariter
735 4589 786 4634 et
807 4582 1089 4651 atqualiter
1110 4585 1451 4656 exigentibus
1475 4587 1679 4657 gratias
1701 4596 1897 4659 agant:

325 4682 427 4740 par
455 4669 723 4726 ambobus
747 4672 1001 4728 remissio
1024 4673 1371 4740 decernatur,
1393 4683 1487 4730 tuo
1510 4678 1674 4732 simul
1702 4686 1756 4734 et
1781 4695 1903 4735 meo

236 4824 245 4832 '
324 4759 591 4815 debitori:
622 4761 709 4817 ille
732 4778 884 4819 meus
907 4773 991 4821 est
1015 4764 1249 4830 debitor,
1280 4775 1411 4824 tuus
1437 4777 1616 4823 autem
1640 4786 1768 4841 ego:
1794 4788 1903 4841 quo

325 4848 511 4903 animo
536 4865 636 4922 ego
663 4850 739 4905 fui
770 4853 1035 4909 adversus
1065 4855 1243 4921 hunc,
1276 4871 1549 4927 quamque
1576 4857 1644 4913 de
1674 4874 1742 4914 eo
1772 4876 1899 4915 sen-

324 4940 550 4994 tentiam
588 4953 811 4999 secutus
856 4959 976 4999 sum
999 4984 1014 5010 ,
1049 4945 1163 4999 haec
1192 4947 1321 5001 item
1355 4949 1497 5017 apud
1532 4957 1584 5005 te
1612 4950 1896 5006 obtineat:

324 5031 481 5095 solvi,
513 5034 698 5089 solve:
728 5035 933 5112 dimisi,
964 5038 1212 5093 dimitte:
1245 5036 1492 5110 magnam
1519 5057 1618 5112 ego
1645 5046 1897 5112 proximo

322 5122 544 5177 exhibui
562 5110 1027 5183 misericordiam:
1052 5130 1284 5200 imitare,
1308 5141 1366 5186 tu
1386 5133 1629 5201 Domine,
1651 5137 1792 5191 servi
1821 5137 1897 5191 tui

325 5213 741 5272 humanitatem.
775 5220 843 5272 At
868 5223 1119 5290 graviora
1153 5240 1268 5279 mea
1297 5224 1350 5279 in
1380 5235 1431 5281 te
1458 5236 1701 5297 peccata,
1733 5244 1896 5298 quam

324 5321 447 5375 quae
475 5308 564 5362 hic
591 5310 878 5366 adversum
912 5331 998 5371 me
1026 5319 1300 5373 commisit
1332 5335 1346 5372 :
1383 5320 1437 5375 id
1468 5335 1568 5392 ego
1596 5337 1705 5375 non
1739 5338 1898 5392 nego,

324 5405 491 5466 atque
519 5399 621 5455 hoc
650 5412 841 5472 reputa
859 5444 873 5470 ,
901 5417 1169 5479 quantum
1195 5411 1431 5468 excellas
1461 5412 1516 5466 in
1542 5414 1689 5467 omni
1718 5414 1859 5469 bono
1883 5429 1897 5467 :

326 5504 543 5557 aequum
598 5500 681 5546 est
723 5497 867 5552 enim
924 5508 985 5555 ut
1042 5502 1236 5558 virium
1268 5506 1514 5561 “tuarum
1561 5506 1900 5563 excellentiae

409 5667 503 5723 ⁷³1
539 5669 662 5724 Cor.
701 5685 773 5734 tv,
810 5670 894 5726 l6.

2007 4590 2287 4661 ὀφειλέτης
2320 4595 2348 4645 ὀ
2375 4592 2541 4657 δεῖνα,
2581 4596 2608 4647 6
2637 4592 2726 4657 σὸς
2757 4595 2813 4647 δὲ
2867 4594 3011 4665 ἐγώ·
3054 4597 3120 4666 ἣν
3153 4597 3309 4667 ἔσχον
3344 4600 3437 4651 ἐπὶ
3468 4602 3590 4653 τού-

2006 4670 2099 4733 του
2128 4681 2351 4751 γνώμην
2382 4683 2508 4750 ἐγὼ,
2551 4682 2686 4755 αὕτη
2720 4685 2869 4755 παρὰ
2892 4687 2974 4738 σοὶ
3004 4687 3363 4756 κρατησάτω·
3398 4688 3585 4749 ἔλυσα.

2007 4770 2199 4825 λῦσονο
2248 4774 2436 4843 ἀφῆκα
2465 4817 2478 4839 ,
2520 4774 2653 4842 ἄφες
2680 4792 2692 4804 ’
2725 4776 2890 4828 πολὺν
2946 4777 3307 4848 ἐπεδειξάμην
3351 4779 3465 4847 ἐγὼ
3508 4788 3586 4851 τῷ

2004 4865 2258 4936 ὁμοφύλῳ
2281 4866 2373 4919 τὸν
2398 4867 2543 4921 ἔλεον
2565 4888 2577 4900 -
2605 4868 2839 4938 μίμησαι
2870 4867 2966 4938 τὴν
2992 4868 3085 4920 τοῦ
3111 4868 3298 4923 δούλου
3330 4887 3427 4922 σου
3459 4872 3585 4940 φιλ-

2008 4954 2390 5025 ανθρωπίαν,ὁ
2443 4959 2664 5028 Κύριος.
2714 4959 2874 5011 ’Λλλά
2909 4958 3182 5029 βαρύτερά
3242 4977 3344 5029 μου
3395 4962 3465 5015 τά
3507 4965 3585 5027 εὶς

2009 5047 2068 5100 σὲ
2098 5047 2541 5119 πλημμελήματα
2567 5049 2676 5101 τῶν
2714 5051 2794 5113 είς
2817 5050 2917 5120 ἐμὲ
2947 5050 3097 5120 παρά
3128 5051 3319 5104 τούτου
3352 5069 3584 5123 γεγενη-

2012 5141 2186 5212 μένων
2211 5158 2225 5172 ο
2261 5142 2403 5211 φημὶ
2442 5139 2596 5208 κάγὼ
2620 5182 2634 5203 ,
2671 5142 2765 5193 καὶ
2818 5141 2976 5194 τοῦτο
3014 5142 3225 5209 λόγισαι
3263 5144 3390 5196 ὅσον
3421 5146 3584 5217 ὑπερ-

2007 5231 2149 5301 έχεις
2197 5232 2253 5283 ὲν
2286 5230 2448 5283 παντὶ
2478 5229 2670 5301 ἀγαθῷ
2696 5244 2708 5258 ·
2742 5229 2945 5292 δίκαιος
2982 5231 3091 5301 γὰρ
3123 5229 3172 5283 εἰ
3212 5234 3276 5301 τῇ
3307 5233 3581 5305 ὑπερὸολῇ

2006 5323 2103 5392 τῆς
2135 5323 2232 5393 σῆς
2275 5320 2554 5391 δυνάμεως
2588 5319 2955 5389 ἀναλογοῦντα
3002 5324 3133 5390 ἡμῖν
3182 5323 3293 5385 τοῖς
3325 5324 3580 5397 ἡμαρτη-

2006 5415 2126 5467 κόσι
2151 5413 2241 5466 τὸν
2273 5413 2419 5466 ἔλεον
2446 5412 2770 5485 δωρεῖσθαι·
2801 5411 2988 5481 ὀλίγην
3032 5411 3131 5485 τὴν
3170 5413 3581 5487 φιλανθρωπίαι

2007 5504 2368 5577 ἐπεδειξάμην
2417 5503 2528 5575 ἐγώ
2549 5521 2562 5536 ·
2595 5504 2654 5558 οὐ
2686 5502 2793 5576 γάρ
2819 5504 3014 5576 ἐχώρει
3044 5504 3103 5559 τὸ
3141 5505 3304 5563 πλέον
3337 5510 3373 5580 ἠ
3398 5508 3575 5581 φύσις·
