3756 5988
134 239 291 294 ιιδι

963 310 989 319 _
1072 202 1176 301 οε
1220 247 1568 306 omnem;
1608 246 1953 307 0031mm.
1998 283 2061 294 -
2103 253 2362 309 ORATIO
2396 253 2465 310 ν.

3277 257 3412 312 H82

134 354 213 405 σὺ
246 352 311 407 δὲ
341 353 467 408 ὅσον
500 353 709 421 ἐθέλεις
733 398 745 419 ,
782 358 842 412 οὗ
872 360 1069 415 κωλύει
1116 364 1214 435 τὴν
1245 366 1617 440 μεγαλοδωρεά

1930 370 2250 425 tvenicntem
2283 369 2714 427 misericordiam
2744 370 2900 425 nobis
2931 370 3284 441 peccantibus
3311 374 3413 427 tri-

132 442 411 515 δύναμις.
474 448 632 502 Ἀλλά
687 450 1190 526 φιλανθρωπότερον
1227 456 1324 529 τὴν
1376 461 1740 533 προκειμένην

136 534 253 601 τῆς
296 539 612 606 προσευχῆς
647 537 803 609 ῥῆσιν
833 543 1274 615 κατανοήσωμεν,
1313 546 1368 598 εἴ
1390 564 1507 610 πως
1532 548 1739 616 γένοιτό

138 640 241 686 τις
270 625 377 678 καὶ
399 628 529 697 ημῖν
567 629 653 682 διά
679 633 780 700 τῆς
808 629 902 684 τοῦ
942 637 1209 703 νοήματος
1231 636 1461 709 θεωρίας
1489 640 1622 711 πρὸς
1647 643 1738 697 τὸν

143 715 373 785 ὑψηλὸν
430 716 543 787 βίον
573 723 931 792 χειραγωγία.
987 726 1358 798 Ἐξετάσωμεν
1385 732 1565 785 τοίνυν
1610 735 1734 787 ποῖα

151 806 263 875 μέν
296 808 452 861 ἐστιν
481 804 562 872 οἷς
593 813 923 886 ὑπόχρεωςή
952 816 1263 889 ἀνθρωπίνη
1300 819 1460 889 φύσις
1480 838 1495 851 ’
1529 826 1654 877 ποῖα
1682 824 1739 877 δὲ

146 898 331 951 πάλιν
360 900 542 954 ἐκεῖνα
568 941 583 965 ,
630 896 705 957 ὧν
746 907 904 975 ήμείς
929 909 1097 977 ἐσμεν
1143 913 1239 982 τῆς
1268 912 1511 980 ἀφέσεως
1538 914 1739 987 κύριοι.

161 988 268 1042 Ἐκ
321 989 434 1062 γὰρ
460 991 554 1045 τοῦ
596 992 767 1047 ταῦτα
818 997 1054 1064 γνῶναι,
1115 1001 1312 1068 γένοιτ’
1348 1002 1414 1055 ἂν
1467 1006 1598 1075 ἡμῖν
1641 1006 1741 1075 τῆς

146 1078 472 1153 ὑπερϐολῆς
499 1084 607 1137 τῶν
640 1084 795 1139 θείων
848 1087 1066 1156 ἀγαθῶν
1108 1093 1302 1163 μετρία
1349 1111 1431 1157 τις
1484 1096 1741 1167 κατανόη-

149 1185 267 1232 σις.
306 1171 517 1226 Οὐκοῦν
554 1174 800 1228 ἐντεῦθεν
854 1176 1204 1249 ποιησώμεθα
1248 1181 1353 1234 τῶν
1383 1183 1736 1254 ἀνθρωπίνων

150 1262 302 1332 πρὸς
329 1262 422 1315 τὸν
449 1264 578 1318 θεὸν
612 1265 1100 1337 πλημμελημάτων
1137 1270 1233 1341 τὴν
1260 1273 1658 1344 ἀπαρίθμησιν.

1847 460 2012 525 buas;
2036 462 2286 531 exiguam
2312 460 2700 516 humanitatem
2725 475 2826 531 ego
2847 462 3065 517 exhibui
3088 502 3104 525 ,
3129 478 3234 516 non
3262 463 3409 517 enim

1845 551 2078 619 amplius
2133 553 2383 621 capiebat
2443 560 2673 616 natura,
2727 559 2818 606 tua
2870 567 2996 607 vero
3042 552 3410 607 munificentia

1843 641 2137 710 exiguitate
2170 644 2423 712 potentiae
2464 657 2572 698 non
2617 643 2936 713 prohibetur
2974 645 3105 713 qttin
3146 656 3410 714 quantum

1844 733 2000 792 velis,
2029 742 2235 786 tantum
2259 734 2524 805 largiaris.
2554 732 2750 789 Verum
2775 734 3092 806 diligentius
3113 735 3412 807 perpenda-

1845 840 1966 878 mus
2002 825 2336 895 propositam
2367 826 2633 882 orationis
2662 826 2992 893 dictionem,
3025 828 3074 882 si
3106 842 3216 898 quo
3250 826 3414 881 tnodo

1844 916 2003 971 nobis
2036 917 2199 971 etiam
2243 932 2342 987 per
2375 918 2659 973 sententiae
2691 918 3217 981 considerationem,
3251 918 3409 988 quasi

1843 1006 2192 1063 manuductis
2223 1008 2289 1062 ad
2329 1009 2616 1064 sublimem
2657 1009 2826 1062 vitam
2867 1006 3085 1078 aliquod
3124 1007 3412 1078 adiumen-

1843 1103 1956 1148 tum
1991 1095 2306 1161 contingere
2335 1096 2526 1166 possit.
2576 1096 2898 1153 Scrutemur
2938 1097 3104 1167 igitur
3133 1110 3255 1166 quae
3301 1096 3413 1150 sint

1842 1200 1903 1240 ea
1957 1185 2176 1253 quidem
2238 1186 2438 1256 quibus
2496 1186 2883 1252 praestantibus
2941 1187 3176 1240 humana
3220 1193 3412 1239 natura

1838 1277 2073 1331 obnoxia
2107 1279 2178 1331 sit
2219 1295 2233 1331 :
2265 1264 2393 1347 quae
2417 1277 2544 1332 item
2594 1277 2684 1331 illa
2730 1286 2939 1333 contra.
2964 1292 3195 1348 quorum
3225 1277 3414 1332 remit-

150 1353 454 1407 tendorum
495 1370 597 1410 nos
631 1364 955 1426 potestatem
1002 1358 1282 1416 habemus.
1326 1361 1459 1417 Nam
1516 1380 1582 1419 ex
1643 1364 1836 1420 harum
1889 1382 2070 1421 rermn
2125 1366 2595 1421 animadversione
2633 1366 2925 1421 mediocris
2975 1367 3222 1436 quaedam
3258 1364 3415 1418 nobis

150 1442 499 1499 excellentiae
523 1445 830 1501 divinorum
859 1447 1127 1503 bonorum
1194 1452 1433 1522 cognitio
1490 1456 1804 1526 contingere
1846 1452 2042 1527 possit.
2094 1459 2425 1528 Incipiamus
2472 1457 2636 1528 igitur
2682 1458 2811 1512 hinc
2863 1467 3083 1527 peccata
3130 1455 3413 1511 hominum

152 1533 431 1589 adversus
461 1534 629 1589 Deum
661 1540 954 1594 commissa
982 1556 1329 1598 enumerare.

226 1629 464 1702 Πρώτην
490 1630 737 1703 ὤφλησεν
780 1635 859 1706 τῷ
887 1635 1006 1707 Θεῷ
1041 1638 1306 1710 τιμωρίαν
1355 1640 1383 1691 6
1422 1639 1709 1713 ,ἄνθρωπος

1933 1637 2155 1689 Primum
2188 1633 2296 1689 Deo
2316 1632 2644 1704 supplicium
2678 1631 2839 1686 homo
2855 1631 3063 1699 debuit,
3086 1634 3231 1704 quod
3251 1636 3322 1691 ab
3346 1651 3416 1694 eo

154 1721 240 1775 δτι
264 1723 578 1793 ἀπέστησεν
619 1726 809 1779 ἑαυτὸν
836 1727 929 1780 τοῦ
958 1731 1311 1798 ποιήσαντος,
1344 1732 1436 1784 καὶ
1464 1732 1598 1803 πρὸς
1642 1732 1732 1785 τὸν

155 1815 404 1868 ἐναντίον
434 1816 907 1890 ἀπηυτομόλησεν,
944 1819 1219 1890 δραπέτης
1243 1820 1337 1874 τοῦ
1386 1823 1529 1875 κατά
1573 1821 1734 1891 φύσιν

154 1904 422 1959 δεσπότου
449 1905 543 1959 καὶ
567 1907 876 1978 ἀποστάτης
903 1911 1230 1981 γενόμενος’·
1262 1912 1512 1984 δεύτερον
1534 1915 1614 1968 ὅτι
1636 1916 1735 1986 τὴν

155 1994 408 2065 πονηρὰν
426 1996 524 2065 τῆς
543 1996 814 2067 ἁμαρτίας
837 1999 1100 2064 δουλείαν,
1119 2002 1238 2054 ἀντὶ
1266 2003 1365 2072 τῆς
1390 2003 1734 2070 αὑτεξουσίου

157 2086 475 2160 ἐλευθερίας
529 2088 793 2158 ἠλλάξατο
815 2130 830 2154 ,
866 2092 959 2144 καὶ
994 2093 1325 2163 προετίμησε
1372 2094 1464 2147 τοῦ
1499 2099 1736 2150 συνεῖναι

157 2179 320 2250 Θεῷ,
370 2180 435 2233 τὺ
485 2181 861 2251 τυραννεῖσθαι
908 2184 1058 2254 παρὰ
1110 2184 1211 2253 τῆς
1270 2186 1738 2260 καταφθειρούσης

159 2271 466 2341 δυνάμεως.
515 2272 672 2325 Ἀλλά
705 2274 796 2326 καὶ
821 2274 881 2326 τὸ
926 2274 998 2345 μὴ
1032 2274 1167 2345 πρὸς
1195 2275 1255 2328 τὸ
1288 2276 1481 2339 κάλλος
1505 2277 1598 2331 τοῦ
1639 2295 1737 2331 πε-

161 2363 458 2431 ποιηκότος
487 2362 702 2433 βλέπειν
729 2405 743 2428 ,
777 2365 912 2434 πρὸς
941 2366 996 2418 δὲ
1031 2366 1091 2418 τὸ
1122 2363 1307 2435 αἶσχος
1339 2370 1439 2439 τῆς
1469 2369 1739 2441 ἁμαρτίας

162 2453 488 2525 ἐπιστρέψαι
517 2454 579 2507 τὸ
600 2455 887 2525 πρόσωπον
911 2497 925 2519 ,
968 2456 1110 2521 τίνος
1133 2458 1200 2512 ἀν
1229 2458 1478 2531 δεύτερον
1507 2461 1612 2514 τῶν
1642 2479 1741 2516 κα-

166 2543 279 2599 κῶν
306 2544 564 2616 κριθείη;
600 2545 673 2597 Ἦ
710 2562 767 2599 τε
791 2548 897 2599 τῶν
938 2547 1098 2601 θείων
1164 2550 1384 2618 ἀγαθῶν
1445 2551 1737 2624 ὑπεροψία,

166 2636 259 2689 καὶ
288 2635 400 2688 τῶν
427 2635 521 2687 τοῦ
567 2636 803 2706 πονηροῦ
846 2637 1225 2708 δελεασμάτων
1269 2640 1629 2714 προτίμησις,
1662 2644 1743 2707 εἰς

167 2726 320 2777 ποῖον
357 2723 523 2795 μέρος
564 2725 832 2795 τιμωρίας
859 2727 1122 2798 ταχθείη;
1158 2730 1228 2784 Ὃ
1275 2748 1334 2784 τε
1387 2732 1490 2802 τῆς
1535 2733 1743 2797 εἰκόνος

166 2812 477 2882 ἀφανισμὺς
499 2857 513 2879 ,
544 2814 636 2867 καὶ
662 2817 694 2885 ἡ
724 2814 867 2887 λύμη
907 2816 1001 2870 τοῦ
1035 2819 1180 2873 θείου
1225 2825 1571 2894 χαρακτῆρος
1594 2864 1611 2891 ,
1646 2823 1742 2878 τοῦ

166 2902 320 2973 παρὰ
348 2903 448 2974 τὴν
476 2903 697 2975 πρώτην
734 2907 909 2959 κτίσιν
946 2910 1004 2960 ἐν
1034 2911 1164 2980 ἡμῖν
1193 2910 1571 2982 μορφωθὲντος
1594 2954 1610 2979 ,
1645 2914 1742 2968 καὶ

1833 1726 2084 1789 descivit,
2108 1741 2137 1778 a
2171 1741 2280 1796 quo
2311 1726 2487 1780 factus
2514 1734 2631 1779 erat
2652 1734 2703 1778 et
2734 1724 2800 1778 ad
2835 1724 3204 1780 adversarium
3234 1720 3410 1785 transl

1835 1818 1918 1879 iit,
1959 1816 2221 1870 naturalis
2265 1813 2472 1869 domini
2519 1813 2779 1883 fugitivus
2819 1821 2874 1868 et
2906 1814 3154 1870 desertor
3190 1815 3408 1875 factus:

1838 1909 2036 1964 deinde
2066 1908 2209 1978 quod
2242 1908 2549 1962 libertatem
2589 1907 2785 1975 suique
2823 1916 3146 1977 potestatem
3191 1924 3254 1964 ac
3287 1925 3407 1978 pro-

1838 1999 2009 2068 priam
2051 1998 2385 2052 voluntatem
2440 2011 2565 2050 cum
2617 1997 2767 2066 gravi
2820 2012 2885 2051 ac
2939 1998 3101 2052 noxia
3149 2000 3409 2056 servitute

1837 2089 2045 2159 peccati
2079 2088 2464 2152 commutavit,
2515 2096 2570 2141 et
2608 2088 2710 2143 sub
2741 2091 3139 2157 corrumpentis
3172 2097 3410 2159 potestat-

1838 2183 1907 2236 tis
1954 2181 2240 2251 tyrannide
2287 2194 2450 2249 quam
2490 2194 2613 2233 cum
2669 2177 2777 2233 Deo
2838 2194 2962 2235 esse
3002 2179 3216 2234 maluit.
3265 2179 3406 2247 Quin

1837 2272 1999 2325 etiam
2030 2269 2177 2338 quod
2207 2283 2317 2323 non
2352 2269 2583 2322 intuitus
2613 2277 2697 2322 est
2741 2267 3201 2337 pulchritudinem
3236 2271 3415 2323 fat-tu-

1838 2361 1936 2425 ris,
1970 2360 2065 2414 sed
2105 2360 2172 2413 ad
2205 2360 2594 2429 turpitudinem
2627 2360 2836 2428 peccati
2889 2360 3080 2413 faciem
3112 2363 3404 2428 convertit,

1839 2454 1927 2507 cui
1968 2453 2111 2507 malo
2144 2450 2445 2507 secundum
2475 2450 2862 2521 iudicabitur?
2914 2452 3224 2508 divinorum
3270 2454 3404 2509 item

1841 2543 2105 2596 bonorum
2152 2538 2532 2610 despicientia,
2578 2548 2634 2594 et
2682 2539 2915 2610 improbi
2967 2540 3113 2597 illius
3156 2554 3409 2597 escarum

1840 2632 2203 2703 praeferentia,
2251 2632 2306 2685 in
2359 2646 2468 2701 qua
2516 2636 2668 2701 parte
2719 2631 2971 2701 supplicii
3007 2631 3411 2689 collocabitur?

1842 2723 2098 2793 imaginis
2129 2724 2257 2778 item
2290 2722 2537 2785 abolitio,
2583 2721 2863 2792 divinique
2890 2722 3055 2793 signi,
3095 2722 3243 2793 quod
3272 2733 3410 2779 tem-

1840 2832 1972 2888 pore
2000 2818 2187 2887 primae
2207 2814 2504 2870 creationis
2536 2813 2592 2868 in
2611 2814 2772 2869 nobis
2802 2815 3126 2885 impressum
3154 2822 3260 2880 est,
3282 2830 3412 2871 cor-

1842 2907 2061 2977 ruptio;
2095 2905 2164 2960 ad
2198 2906 2313 2960 haec
2341 2904 2617 2960 drachma:
2648 2904 2895 2970 amissio,
2930 2913 2987 2959 et
3027 2920 3059 2959 a
3104 2921 3291 2961 mensa
3313 2921 3412 2976 pa-

164 2996 203 3063 ἠ
248 2994 349 3064 τῆς
378 2994 628 3066 δραχμῆς
662 2996 905 3051 ἀπώλεια
934 3038 948 3061 ,
984 3000 1078 3053 καὶ
1124 3004 1156 3072 ή
1193 3002 1292 3073 τῆς
1339 3005 1617 3079 τραπέζης
1646 3032 1647 3035 η

1943 3012 2246 3061 trecessus,
2280 3004 2334 3051 et
2367 2997 2433 3051 ad
2463 2995 2682 3050 fetitlam
2710 3010 2999 3066 porcorum
3030 2996 3195 3051 vitam
3223 3010 3426 3053 acces-'

165 3085 373 3156 πατρὸς
417 3086 796 3158 ἀναχώρησις,
847 3091 943 3143 καὶ
992 3092 1025 3162 η
1071 3092 1206 3163 πρὸς
1247 3094 1338 3147 τὸν
1378 3096 1586 3170 δυσώδη
1630 3098 1741 3153 τῶν

163 3178 368 3249 χοίρων
406 3177 520 3248 βίον
567 3180 871 3244 οἰκείωσις,
903 3181 996 3237 καὶ
1043 3183 1077 3253 ἡ
1132 3182 1228 3237 τοῦ
1275 3185 1456 3255 τιμίου
1506 3187 1737 3241 πλούτου

161 3265 460 3338 διαφθορὰ,
492 3268 585 3321 καί¹
623 3268 721 3321 ὅσα
750 3270 970 3324 τοιαῦτα
1014 3270 1104 3325 διά
1143 3289 1203 3324 τε
1251 3276 1348 3345 τῆς
1378 3276 1600 3348 Γραφῆς
1647 3278 1741 3331 καὶ

161 3357 274 3411 τῶν
299 3358 574 3430 λογισμῶν
615 3360 739 3414 ἰδεῖν
777 3358 889 3415 ἔστι
920 3362 1383 3436 πλημμελήματα.
1418 3368 1502 3430 τίς
1547 3368 1612 3421 ἂν
1648 3369 1739 3435 ἐξ·

163 3449 531 3522 αριθμήσαιτο
577 3451 728 3520 λόγος
757 3468 772 3517 ;
815 3454 1028 3526 Ἐπειδὴ
1045 3455 1220 3510 τοίνυν
1247 3459 1303 3509 ἐν
1324 3456 1581 3521 τοιούτοις
1603 3459 1738 3513 ὑπό-

164 3540 314 3593 δικόν
338 3541 452 3594 ἐστι
482 3540 618 3611 πρὸς
643 3544 911 3612 τιμωρίας
934 3543 1142 3599 ἔκτισιν
1176 3545 1236 3599 τὸ
1285 3547 1623 3619 ἀνθρώπινον
1661 3549 1739 3620 τῷ

164 3629 307 3701 Θεῷ,
333 3629 423 3684 διὰ
447 3626 609 3685 τοῦτό
630 3649 724 3702 μοι
743 3632 889 3686 δοκεί
912 3635 1186 3689 παιδεύειν
1210 3638 1357 3707 ἡμᾶς
1389 3641 1454 3709 τῇ
1486 3638 1739 3693 διδασκα-

165 3719 257 3790 λίᾳ
275 3721 374 3790 τῆς
402 3723 706 3794 προσευχῆς
730 3725 757 3776 6
795 3722 970 3793 λόγος,
1005 3728 1267 3799 μηδαμῶς
1289 3731 1347 3782 έν
1366 3732 1432 3801 τῇ
1456 3732 1590 3801 πρὸς
1608 3731 1739 3785 Θεὸν

167 3812 403 3877 ἐντεύξει
426 3853 442 3876 ,
471 3813 546 3878 ὡς
567 3815 661 3868 ἐπὶ
707 3816 931 3889 καθαρῷ
957 3818 1037 3890 τῷ
1080 3822 1339 3893 συνειδότι
1369 3822 1740 3894 παρρησιάζε-

170 3905 315 3964 σθαι.
347 3905 453 3959 κᾶν
491 3907 573 3959 ὅτι
627 3907 859 3978 μάλιστα
903 3909 1011 3963 τῶν
1041 3910 1393 3983 ἀνθρωπίνων
1423 3914 1740 3987 πλημμελη-

171 3997 356 4067 μάτων
384 3998 787 4070 κεχωρισμένος
820 4018 903 4063 τις
1032 4003 1190 4066 Ἴσως
1216 4004 1324 4075 γάρ
1355 4022 1441 4069 τις
1480 4008 1619 4061 κατά
1648 4007 1738 4061 τὸν

168 4087 384 4142 νεανίαν
427 4089 633 4142 ἐκεῖνον
677 4090 769 4142 τὸν
817 4091 1198 4163 πολυκτήμονα
1231 4098 1350 4159 ταῖς
1375 4097 1613 4162 ἐντολαῖς
1638 4099 1737 4171 τὴν

170 4178 312 4250 ζωὴν
362 4179 555 4233 ἑαυτοῦ
607 4180 1028 4253 παιδαγωγήσας
1049 4225 1063 4244 ,
1107 4184 1218 4256 ἔχει
1277 4187 1337 4240 τὺ
1364 4188 1606 4244 τοιοῦτον
1645 4192 1737 4245 ἐπὶ

168 4269 260 4323 τοῦ
284 4269 415 4323 ἰδίου
444 4271 820 4343 καυχήσασθαι
862 4272 997 4343 βίου,
1030 4274 1123 4327 καὶ
1150 4278 1325 4329 εἰπεῖν
1343 4276 1421 4348 τῷ
1451 4279 1588 4350 Θεῷ,
1648 4279 1732 4332 ὅτι

177 4358 362 4414 Ταῦτα
379 4356 577 4414 πάντα
614 4362 1008 4432 ἐφυλαξάμην
1043 4365 1112 4418 ἐκ
1155 4368 1435 4436 νεότητός
1464 4387 1620 4438 μου,
1644 4372 1738 4425 καὶ

172 4446 521 4517 ὑπηλειφὲναι
573 4449 754 4520 αὐτῷ,
805 4450 892 4504 διὰ
932 4451 993 4505 τὺ
1049 4452 1212 4524 μηδὲν
1254 4456 1333 4519 εἰς
1377 4456 1476 4520 τὰς
1520 4458 1738 4524 ἐντολὰς

174 4538 579 4610 πλημμελῆσαι,
606 4541 680 4612 μὴ
701 4541 821 4595 λίαν
844 4542 1104 4614 ἁρμόζειν
1139 4544 1237 4617 τὴν
1264 4546 1407 4618 ὑπὲρ
1432 4547 1540 4601 τῶν
1568 4548 1735 4621 ὀφλη-

178 4630 357 4700 μάτων
379 4629 727 4703 παραίτησιν,
744 4632 820 4693 ὡς
843 4633 1024 4702 μόνοις
1049 4626 1159 4699 τοῖς
1188 4636 1623 4709 ἐξημαρτηκόσιν
1645 4642 1737 4712 ἀρ-

180 4720 460 4789 μόζουσαν.
488 4720 597 4774 Καί
626 4738 758 4792 φησι
790 4722 868 4792 τῷ
898 4723 1209 4794 μολυνθέντι
1238 4726 1323 4779 διὰ
1354 4729 1606 4799 πορνείας
1638 4732 1738 4803 τὴν

175 4807 423 4879 τοιαύτην
450 4810 679 4880 πρέπειν
703 4811 884 4883 φωνὴν
908 4853 924 4875 ,
956 4812 989 4885 ἢ
1019 4814 1097 4886 τῷ
1124 4815 1212 4870 διὰ
1249 4816 1560 4887 πλεονεξίας
1590 4822 1741 4877 είδω-

175 4900 593 4972 λολατρήσαντι,
641 4903 943 4972 ἀναγκαίαν
981 4904 1079 4976 τὴν
1112 4907 1326 4979 αἴτησιν
1358 4912 1456 4982 τῆς
1495 4914 1739 4983 συγγνώ-

181 5014 281 5067 μης
302 4989 462 5061 εῖναι,
492 5000 587 5052 καὶ
627 5000 786 5052 παντὶ
813 4999 949 5064 ὅλως
976 4998 1053 5070 τῷ
1083 4999 1173 5054 διά
1195 5018 1337 5065 τινος
1365 5004 1741 5076 πλημμελείας

175 5090 233 5142 τὸ
257 5090 489 5153 συνειδὸς
507 5089 607 5161 τῆς
627 5089 806 5160 ψυχῆς
829 5089 1232 5156 καταστίξαντι,
1256 5092 1417 5146 καλὸν
1440 5096 1531 5148 καὶ
1565 5098 1739 5168 ἁρμό-

178 5179 283 5233 διον
317 5175 457 5233 εἷναι
495 5179 557 5233 τὸ
603 5184 936 5246 καταφυγεῖν
976 5181 1111 5253 πρὸς
1148 5181 1313 5236 ἔλεον.
1358 5184 1421 5237 Εἰ
1462 5185 1517 5238 δὲ
1561 5187 1742 5252 Ἦλίας

179 5266 375 5330 ἐκεῖνος
417 5268 446 5321 6
480 5267 646 5330 πολὺς
687 5267 809 5339 εἰη,
841 5268 873 5340 ἢ
912 5271 940 5323 6
980 5271 1038 5323 ὲν
1082 5269 1348 5341 πνεύματι
1392 5274 1484 5328 καὶ
1516 5274 1743 5348 δυνάμει

193 5359 364 5417 Ἠλίου
396 5359 427 5412 6
472 5358 573 5429 μὲν
618 5360 676 5413 ὲν
719 5363 998 5431 γεννητοῖς
1030 5362 1335 5431 γυναικῶν,
1364 5364 1397 5436 ἢ
1436 5366 1671 5438 Πέτρος,
1706 5370 1738 5441 ἢ

183 5449 413 5514 Παῦλος,
445 5450 478 5521 ἢ
506 5450 784 5522 Ἰωάννης,
818 5451 852 5522 ἡ
877 5469 959 5517 τις
994 5453 1150 5520 ἀλλος
1174 5455 1283 5512 τῶν
1316 5457 1449 5530 πρὸς
1471 5459 1532 5513 τὸ
1563 5464 1744 5533 κρεῖτ-

247 5626 288 5658 "‘
328 5621 458 5680 Luc.
503 5639 666 5689 xvttt,
696 5623 788 5679 2|.

1842 3105 1958 3152 sus,
1987 3096 2043 3144 et
2065 3086 2497 3157 expetendarum
2515 3086 2831 3143 divitiarum
2865 3087 3169 3158 corruptio,
3186 3094 3241 3143 et
3269 3103 3415 3157 qna:-

1839 3195 2054 3250 ctutque
2087 3181 2221 3235 talia
2251 3179 2610 3243 delicta,tum
2641 3195 2738 3249 per
2772 3177 3137 3250 Scripturam,
3167 3189 3278 3232 ttnn
3311 3193 3409 3249 per

1839 3270 2206 3339 cogitationes
2266 3283 2494 3324 cernere
2560 3268 2708 3333 licet,
2757 3283 3009 3338 quaenam
3080 3282 3405 3323 enumerare

1839 3361 2017 3415 oratio
2046 3359 2264 3430 possit?
2309 3358 2581 3424 Quoniam
2636 3359 2800 3427 igitur
2836 3359 2908 3413 ob
2940 3367 3022 3413 tot
3055 3366 3110 3414 et
3139 3360 3267 3414 talia
3306 3359 3402 3413 de-

1840 3451 1965 3504 licta
1998 3450 2218 3504 nomine
2268 3463 2439 3516 poenae
2496 3447 2795 3517 pendendae
2841 3447 2950 3504 Deo
2983 3449 3278 3503 obnoxium
3325 3460 3411 3505 est

1838 3556 2012 3611 genus
2050 3540 2374 3602 humanum,
2408 3537 2616 3592 idcirco
2672 3537 2805 3592 mibi
2852 3554 3032 3593 sermo
3063 3554 3160 3607 per
3203 3539 3401 3593 dot-tri-

1839 3648 1964 3685 nam
1998 3629 2263 3685 orationis
2300 3644 2401 3685 nos
2455 3630 2677 3685 erudire
2720 3638 2885 3701 atque
2923 3631 3215 3685 instituere
3263 3630 3407 3684 tide-

1840 3731 1948 3786 tur,
1997 3729 2054 3776 ut
2098 3735 2444 3791 nequaquam
2497 3721 2641 3803 dum,
2682 3735 2807 3776 cum
2856 3719 2964 3776 Deo
3016 3720 3405 3790 colloquimur,

1839 3813 1993 3884 quasi
2026 3828 2159 3882 pura
2191 3813 2526 3868 conscientia
2570 3812 2777 3883 praediti
2808 3810 3142 3867 conﬁdenter
3170 3819 3224 3866 et
3247 3826 3407 3864 arro-

1839 3914 2030 3976 ganter
2079 3906 2385 3974 loquamur,
2432 3904 2649 3959 etiamsi
2703 3918 2865 3973 quam
2907 3901 3139 3957 maxime
3172 3901 3296 3971 quis
3338 3901 3411 3954 ab

1839 3996 2111 4056 humanis
2149 3997 2363 4053 delictis
2427 3995 2617 4066 procul
2666 3996 2832 4050 absit.
2877 3992 3129 4048 Forsitan
3166 3993 3309 4048 enim
3361 3996 3407 4050 si

1837 4090 1982 4159 quis,
2046 4088 2187 4144 sicut
2225 4087 2543 4142 adolescens
2591 4086 2681 4141 ille
2734 4085 3062 4157 locuples”,
3120 4086 3411 4157 przeceptis

1837 4181 2003 4236 vitam
2027 4195 2182 4236 suam
2211 4179 2525 4234 moderatus
2556 4178 2661 4239 sit,
2694 4177 2900 4247 aliquid
2932 4178 3037 4232 tale
3063 4178 3132 4231 de
3170 4178 3275 4232 vita
3308 4193 3407 4233 sua

1770 4321 1812 4377 D
1840 4273 2084 4342 gloriari,
2119 4269 2352 4345 et,ch
2383 4270 2564 4324 omnia
2592 4272 2793 4324 servavi
2824 4286 2857 4322 a
2878 4269 3149 4336 juventute
3181 4284 3317 4333 mea,
3340 4272 3407 4322 ad

1844 4365 2013 4422 Deum
2053 4365 2232 4420 dicere
2256 4371 2454 4434 potest,
2478 4368 2532 4418 et
2562 4375 2889 4431 persuasum
2907 4359 3127 4424 habere,
3148 4359 3408 4429 quoniant

1842 4458 1979 4512 nihil
2016 4459 2069 4512 in
2125 4463 2392 4526 praecepta
2441 4453 2752 4522 deliquerit,
2807 4451 2910 4507 sibi
2955 4467 3061 4505 non
3113 4451 3406 4507 admodum

1842 4549 2133 4603 convenire
2193 4547 2499 4601 debitorum
2551 4545 2772 4599 nomine
2824 4543 3290 4614 deprecationem,
3351 4552 3409 4599 ut

1841 4658 1962 4713 qua:
1990 4641 2123 4697 solis
2161 4642 2229 4696 iis
2264 4638 2357 4710 qui
2392 4636 2739 4710 peccaverint
2780 4645 3077 4709 congruat;
3106 4646 3161 4693 et
3183 4639 3260 4693 ait
3282 4654 3409 4694 eum

1839 4736 1931 4806 qui
1964 4750 2062 4806 per
2094 4737 2484 4791 scortationem
2529 4730 2851 4800 inquinatus
2887 4731 2981 4793 sit,
3004 4729 3275 4799 ejusmodi
3315 4746 3410 4784 νος

1837 4843 1954 4883 cem
1989 4829 2219 4892 decere;
2271 4825 2356 4880 vel
2405 4825 2455 4879 ei
2509 4822 2602 4893 qui
2647 4837 2745 4893 per
2780 4822 3064 4876 avaritiam
3117 4822 3408 4878 simulacra

1839 4916 2088 4981 coluerit,
2110 4914 2477 4971 necessariam
2503 4927 2628 4968 esse
2658 4910 2827 4967 veniae
2843 4910 3180 4979 petitionem,
3202 4918 3255 4964 et
3283 4910 3406 4964 cui-

1836 5008 1939 5071 vis,
1968 5008 2021 5060 in
2052 5021 2287 5068 summa,
2305 5006 2397 5075 qui
2416 5008 2517 5074 per
2537 5001 2753 5073 aliquod
2775 5000 3033 5057 delictum
3056 5000 3248 5055 anima:
3272 5015 3405 5056 con-

1843 5097 2125 5152 scientiam
2166 5095 2669 5158 commaculaverit,
2716 5093 2919 5147 bonum
2966 5101 3021 5147 et
3062 5081 3404 5150 commodum

1842 5205 1972 5245 esse
2018 5188 2086 5243 ad
2130 5186 2561 5242 misericordiam
2610 5183 2903 5255 confugere
2938 5202 2953 5248 ;
2984 5185 3129 5255 quod
3180 5186 3225 5241 si
3262 5185 3409 5243 Elius

1846 5279 2155 5352 praeclarus
2207 5275 2390 5339 fuerit,
2431 5283 2526 5329 aut
2581 5275 2635 5328 in
2683 5273 2879 5343 spiritu
2938 5282 2992 5328 et
3044 5278 3239 5329 virtut:
3277 5274 3407 5331 Elim

1845 5381 2077 5438 magnus
2126 5364 2216 5420 ille
2254 5363 2396 5418 inter
2428 5364 2571 5419 filios
2602 5363 2915 5429 tnulierum,
2939 5369 3030 5416 aut
3073 5362 3285 5428 Petrus,
3314 5373 3407 5420 aut

1845 5459 2079 5526 Paulus,
2137 5466 2231 5515 aut
2259 5455 2529 5542 Joannes,
2570 5464 2665 5513 aut
2708 5456 2907 5529 aliquis
2950 5458 3091 5514 alius
3135 5473 3200 5514 ex
3237 5459 3305 5514 iis
3341 5459 3413 5517 de
