3756 5988
82 208 235 269 1185

1056 211 1146 268 DE
1192 210 1547 268 ΟΒΑΤΙΟΝΕ
1583 207 1930 266 DOMINICA.
1977 241 2045 253 —-
2108 210 2367 268 ORATIO
2423 214 2483 269 ι’.

3236 213 3376 269 “80

170 327 408 398 Ἐπειδὴ
434 326 574 399 γὰρ,
606 326 790 393 καθώς
818 345 983 401 φησιν
1017 332 1045 383 ὁ
1090 329 1444 395 ’Δπόστολος,
1478 331 1550 383 ἐν
1604 330 1653 381 τι

1893 327 2132 392 Quoniam
2164 329 2333 392 enim,
2384 338 2442 383 ut
2480 330 2658 399 inquit
2713 327 3028 399 Apostolus,
3079 343 3260 383 omnes
3283 343 3376 398 per

96 422 297 492 Ἀδὰμ
330 419 557 487 πάντες
588 420 1061 490 ἀποθνήσκομεν
1085 461 1100 486 ,
1146 418 1284 476 εἶναι
1313 425 1579 494 προσήκει
1614 420 1692 491 τῷ

97 516 286 587 Ἀδὰμ
320 515 413 569 ἐπὶ
567 515 829 587 μετανοίᾳ
887 514 1202 586 πρέπουσαν
1255 513 1437 585 φωνὴν
1475 514 1692 568 πάντων

84 608 206 662 τῶν
256 608 458 678 ἐκείνῳ
489 606 928 679 συντεθνηκότων
953 646 967 671 ,
1007 606 1081 671 ῶς
1137 607 1203 661 ἂν
1249 610 1349 677 τῆς
1386 606 1691 678 ἀμνηστίας

89 703 236 770 ἡμῖν
268 699 381 754 τῶν
430 699 916 771 πλημμελημάτων
949 699 1229 772 δοθείσης,
1288 701 1469 771 χάριτι
1531 699 1692 754 πάλιν

92 792 209 845 ὑπὸ
232 792 332 846 τοῦ
363 793 570 863 Κυρίου
608 790 934 863 σωθείημεν,
964 791 1144 856 καθώς
1175 809 1336 863 φησιν
1369 793 1398 845 ὁ
1436 792 1691 845 Ἀπόστο-

96 883 213 947 λος.
251 884 416 938 Ἀλλά
450 882 620 938 ταῦτα
649 883 747 955 μὲν
793 883 1005 955 εἴρηται
1027 924 1041 949 ,
1074 883 1149 946 ὡς
1187 883 1253 937 ἄν
1274 901 1357 947 τις
1394 874 1484 937 τὸν
1519 883 1692 938 κοινό-

98 990 263 1045 τερον
294 974 612 1028 ἐπισκοπῶν
643 974 802 1043 λόγον
820 1016 834 1039 ,
862 973 923 1027 τὸ
961 973 1320 1046 προκείμενον
1344 972 1689 1044 θεωρήσειεν.

100 1069 166 1120 Εἰ
189 1066 249 1119 δέ
280 1082 370 1130 τις
398 1052 498 1139 τὴν
533 1066 706 1137 ἀληθῆ
751 1065 844 1119 τοῦ
898 1066 1141 1136 ῥήματος
1192 1064 1379 1136 ζητοίη
1415 1065 1688 1119 διάνοιαν

94 1158 203 1210 οὐκ
230 1153 388 1228 οἶμαι
418 1156 607 1229 χρείαν
637 1157 723 1228 ἐφ’
754 1159 886 1230 ἡμῖν
916 1153 1054 1212 εἶναι
1078 1200 1093 1224 ,
1135 1158 1269 1229 πρὸς
1300 1158 1362 1211 τὸ
1391 1157 1566 1212 κοινὸν
1595 1159 1693 1229 τῆς

100 1248 327 1316 φύσεως
359 1248 649 1319 ἀναφέρειν
692 1249 792 1319 τὴν
831 1248 1039 1303 ἔννοιαν
1063 1268 1077 1284 ο
1112 1249 1269 1320 ἱκανὴ
1300 1248 1410 1319 γὰρ
1443 1248 1476 1318 ή
1514 1247 1694 1301 συνεί-

98 1341 262 1412 δησις
303 1342 366 1395 ὲκ
394 1342 505 1395 τῶν
549 1340 764 1414 ἑκάστῳ
812 1340 1160 1413 βεόιωμένων
1196 1342 1501 1411 ἀναγκαίαν
1540 1343 1695 1413 ποιή-

102 1432 311 1488 σασθαι
339 1433 435 1486 τοῦ
478 1432 629 1486 ἐλέου
656 1434 754 1505 τὴν
782 1432 1018 1505 αἴτησιν.
1066 1434 1368 1498 Πολυειδῶς
1403 1434 1510 1508 γάρ
1552 1433 1693 1488 κατὰ

99 1525 197 1577 τὸν
244 1524 361 1595 βίον
394 1523 580 1578 τοῦτον
614 1526 712 1594 τῆς
750 1524 894 1596 ζωῆς
940 1526 1074 1597 ἡμῖν
1109 1527 1552 1600 ἐνεργουμένης’
1594 1528 1695 1599 τῆς

104 1616 211 1687 μὲν
239 1615 384 1669 κατὰ
403 1615 579 1688 ψυχὴν
608 1618 701 1670 καὶ
722 1617 982 1681 διάνοιαν,
1004 1618 1103 1690 τῆς
1127 1618 1185 1672 δὲ
1206 1618 1347 1673 κατά
1377 1619 1477 1683 τὰς
1499 1621 1692 1692 αἰσθή-

107 1724 225 1772 σεις
278 1708 374 1761 τοῦ
425 1707 676 1779 σώματος
708 1725 722 1738 ·
776 1708 1053 1777 δύσκολον,
1114 1710 1146 1782 ἢ
1204 1710 1299 1765 καὶ
1345 1712 1690 1767 παντάπασιν

105 1803 392 1873 ἀμήχανον
433 1792 609 1864 εἶναι,
649 1802 723 1873 μὴ
774 1801 854 1855 ἑνί
890 1820 997 1856 τινι
1038 1802 1177 1874 πρὸς
1222 1804 1495 1875 ἁμαρτίαν
1529 1804 1690 1860 πάθει

107 1891 519 1962 συνενεχθῆναι,
545 1886 656 1944 οἷόν
688 1908 740 1945 τι
777 1890 950 1960 λέγω·
982 1890 1094 1963 Τῆς
1124 1893 1528 1967 ἀπολαυστικῆς
1564 1895 1693 1950 ταύ-

103 1997 210 2051 της
246 1979 348 2051 τῆς
381 1981 532 2051 κατὰ,
556 1981 614 2035 τὸ
649 1981 807 2052 σῶμα
842 1982 987 2054 ζωῆς
1032 1982 1492 2057 ἐπιμεριζομένης
1532 1986 1692 2057 ήμῶν

104 2079 230 2139 ταῖς
259 2075 566 2147 αἰσθήσεσι,
608 2078 708 2148 τῆς
738 2075 795 2130 δὲ
823 2077 965 2132 κατά
996 2076 1195 2150 ψυχὴν,
1237 2080 1295 2132 ὲν
1330 2082 1393 2152 τῇ
1441 2082 1541 2152 τῆς
1576 2081 1691 2135 δια-

105 2166 259 2231 νοίας
293 2168 438 2241 ὁρμῇ
483 2165 899 2239 θεωρουμένης,
938 2169 1032 2223 καὶ
1089 2172 1147 2221 ὲν
1197 2172 1263 2242 τῇ
1330 2158 1541 2244 κινήσέι
1593 2175 1692 2246 τῆς

108 2260 525 2331 προαιρέσεῳς-
556 2260 641 2325 τίς
692 2255 1076 2334 οὗτοςύψηλός
1113 2281 1171 2316 τε
1215 2266 1307 2318 καὶ
1348 2266 1694 2337 μεγαλοφυὴς

106 2349 190 2419 τῷ
221 2349 552 2420 φρονήματι,
597 2349 674 2412 ὡς
717 2350 782 2404 δι’
821 2351 1146 2422 ἀμφοτέρων
1182 2351 1287 2419 ἔξω
1318 2355 1568 2422 γενέσθαι
1597 2356 1691 2409 τοῦ

108 2439 254 2493 κατὰ
303 2438 502 2493 κακίαν
538 2439 919 2510 μολύσματος;
968 2443 1062 2507 Τίς
1106 2444 1247 2497 κατά
1296 2445 1384 2498 τὸν
1416 2446 1693 2518 ὀφθαλμὸν

107 2529 639 2601 ἀναμάρτητοςςτίς
671 2532 813 2585 κατὰ
839 2534 937 2604 τὴν
971 2533 1140 2603 ἀκοὴν
1164 2535 1565 2603 άνυπεύθυνος;
1598 2538 1693 2601 Τίς

106 2624 209 2692 τῆς
237 2622 694 2694 βοσκηματὼδους
723 2625 929 2697 ταύτης
973 2627 1114 2681 κατὰ
1149 2627 1239 2681 τὸν
1278 2628 1472 2699 λαιμὸν
1499 2631 1694 2703 ἡδονῆς

109 2715 427 2786 ἀλλότριοςς
459 2716 556 2779 Τίς
593 2719 659 2786 τῇ
694 2717 805 2788 ἁφῇ
834 2718 934 2788 τῆς
982 2720 1124 2773 κατὰ
1147 2719 1244 2790 τὴν
1292 2721 1564 2793 ἁμαρτίαν
1595 2724 1692 2776 λα-

111 2806 217 2875 ΰῆς
247 2805 580 2877 καθαρεύεις
613 2807 710 2871 Τίς
751 2809 851 2861 οὐκ
881 2803 1020 2862 οἶδεν
1055 2809 1116 2861 τὸ
1154 2810 1380 2881 αἴνιγμα
1410 2813 1508 2882 τῆς
1554 2814 1695 2884 Γρα-

112 2896 222 2967 φῆς
240 2896 509 2968 λεγούσης
524 2914 541 2930 ⁸
560 2898 663 2953 Διὰ
682 2898 800 2953 τῶν
826 2899 1084 2968 θυρίδων
1102 2903 1565 2971 εἰσεληλυθέναι
1588 2905 1696 2958 τὸν

1798 420 2065 474 Adamnm
2117 423 2379 477 morimur
2406 423 2475 488 ⁷⁵,
2511 422 2770 476 convenit
2829 434 2950 475 eam
3005 435 3195 477 vocem
3252 437 3378 493 qua:

1794 507 2065 562 Adamnm
2114 512 2336 567 nomine
2393 511 2731 583 pmnitentize
2783 510 2964 574 decet,
3014 524 3371 567 communem

1795 613 1919 655 esse
1949 601 2195 655 omnium
2223 602 2318 671 qui
2354 617 2478 656 cum
2509 602 2602 655 illo
2635 600 2837 656 mortui
2871 609 3037 665 sunt,
3068 610 3150 666 ut,
3178 617 3374 669 quema

1795 691 2092 747 admodum
2138 694 2214 748 ait
2247 693 2566 764 Apostolus.
2620 693 2919 749 abolitione
2959 702 3015 749 et
3051 693 3374 763 impunitate

1795 782 2122 838 delictorum
2161 788 2320 842 nobis
2351 802 2636 850 concessa,
2685 801 2782 856 per
2814 784 3046 855 gratiam
3104 802 3301 842 rursus
3342 801 3374 841 a

1801 874 2033 931 Domino
2064 893 2364 933 serventur.
2411 878 2517 934 Sed
2552 880 2666 934 haec
2700 880 2920 950 quidem
2964 878 3190 951 perinde
3227 880 3374 933 dicta

1795 976 1949 1036 sunt,
1975 984 2038 1025 ac
2068 970 2113 1024 si
2143 971 2270 1040 qu’is
2297 972 2562 1026 rationem
2597 973 2772 1042 magis
2814 985 3162 1028 communem
3198 971 3371 1041 inspi-

1779 1060 1965 1127 'ciens,
1988 1064 2327 1133 propositam
2349 1079 2464 1119 rem
2487 1062 2802 1119 consideret
2833 1078 2846 1117 :
2874 1062 3020 1134 quod
3063 1062 3109 1117 si
3139 1061 3267 1133 quis
3282 1076 3375 1116 ve-

1795 1165 1912 1206 ram
1946 1154 2097 1209 verbi
2116 1155 2448 1209 sententiam
2483 1155 2705 1225 quzerit,
2729 1169 2839 1209 non
2867 1154 3065 1225 opinor
3093 1168 3228 1223 epos
3251 1168 3376 1208 esse

1795 1244 1851 1299 in
1880 1245 2035 1301 nobis
2066 1246 2131 1300 ad
2164 1260 2507 1301 communem
2544 1254 2796 1301 naturam
2831 1244 3039 1301 referre
3088 1244 3377 1314 cogitatio-

1798 1338 2341 1407 nem:potcslenim
2388 1352 2487 1393 sua
2537 1339 2811 1409 cujusque
2857 1338 2984 1393 vitae
3034 1335 3377 1392 conscientia

1798 1430 2169 1485 necessariam
2211 1427 2391 1485 facere
2425 1432 2821 1490 misericordiae
2851 1436 3191 1505 petitionem.
3237 1433 3375 1489 Cum

1797 1518 1944 1574 enim
1975 1519 2085 1573 vita
2108 1533 2136 1572 a
2173 1518 2335 1575 nobis
2367 1521 2420 1575 in
2452 1522 2555 1576 hoc
2591 1526 2794 1577 saeculo
2815 1523 2968 1579 varie
3011 1520 3375 1577 multiformi—

1798 1616 1994 1679 terque
2047 1611 2330 1681 exigatur;
2391 1613 2496 1667 alia
2551 1613 2769 1684 quidem
2823 1614 2979 1684 juxta
3034 1615 3276 1670 animum
3322 1620 3378 1670 et

1798 1709 2057 1764 mentem,
2080 1703 2187 1758 alia
2209 1718 2338 1759 vero
2367 1705 2672 1761 secundum
2713 1723 2911 1763 sensus
2945 1709 3234 1778 corporis:
3261 1707 3373 1763 dif—

1797 1791 2132 1857 ficulter,aut
2154 1797 2316 1851 etiam
2344 1799 2568 1852 omnino
2588 1798 2702 1852 ﬁeri
2735 1814 2841 1854 non
2867 1800 3298 1870 possearbitror,
3316 1810 3378 1855 ut

1798 1900 1909 1942 non
1929 1901 2052 1942 cum
2086 1903 2194 1942 uno
2221 1887 2402 1959 aliquo
2421 1890 2613 1945 affectu
2634 1892 2755 1962 quis
2775 1893 2827 1947 in
2849 1898 3126 1962 peccatum
3150 1892 3377 1955 labatur,

1798 1979 1960 2047 quale
1987 1979 2117 2049 quid
2148 1980 2381 2050 exempli
2416 1982 2591 2051 gratia
2641 1982 2809 2037 alfero
2848 1984 2901 2038 in
2936 1985 3173 2039 medium
3203 1984 3375 2038 :Cum

1798 2069 1916 2125 haec
1960 2073 2069 2127 vita
2116 2088 2223 2143 qua
2270 2088 2365 2142 per
2402 2089 2604 2144 corpus
2647 2074 2884 2130 fruimur
2934 2074 2988 2131 in
3045 2091 3243 2132 sensus
3286 2093 3379 2131 no-

1799 2172 1947 2219 stros
2000 2164 2297 2229 dividatur,
2351 2179 2415 2220 ea
2463 2181 2591 2221 vero
2626 2174 2749 2237 qua!
2784 2169 3085 2222 secundum
3131 2171 3376 2223 animum

1798 2256 2038 2325 exigitur
2078 2255 2131 2310 in
2175 2257 2378 2313 mentis
2416 2259 2623 2328 impetu
2656 2267 2711 2313 et
2746 2269 2895 2313 motu
2945 2259 3134 2315 liberte
3175 2261 3377 2315 volun-

1801 2347 1932 2399 tatis
1962 2345 2371 2409 consideretnr,
2415 2347 2543 2416 quis
2573 2346 2711 2401 adeo
2748 2362 2944 2419 magno
2971 2355 3134 2419 atque
3159 2351 3379 2405 excetso

1800 2435 2004 2498 animo,
2030 2435 2158 2505 quis
2189 2444 2340 2490 tanta
2390 2437 2683 2506 prudentia
2739 2439 3021 2507 praeditus,
3069 2441 3197 2508 quis
3240 2441 3379 2494 tanti

1800 2527 2029 2598 spiritus
2059 2534 2166 2591 est,
2226 2535 2285 2581 ut
2319 2543 2416 2597 per
2450 2541 2739 2600 utramque
2764 2532 2888 2584 vita:
2909 2532 3179 2586 rationem
3220 2533 3381 2586 vitio-

1801 2618 1980 2673 sitatis
2037 2632 2102 2673 ac
2147 2619 2368 2675 malitia:
2411 2622 2792 2691 contagionem
2839 2630 2894 2678 et
2947 2622 3377 2693 inquinationem

1800 2710 2053 2782 effugiat?
2087 2711 2231 2779 quis,
2267 2711 2409 2783 quod
2437 2715 2502 2767 ad
2533 2714 2752 2768 oculum
2779 2714 2995 2781 attinet,
3023 2731 3224 2786 expers
3252 2733 3380 2787 pec-

1801 2805 1906 2858 cati
1949 2803 2392 2875 est?quis,quod
2423 2805 2487 2860 ad
2521 2805 2769 2861 auditum
2816 2808 3033 2872 attinet,
3079 2809 3380 2865 innoxius?

1802 2899 1927 2969 quis
1951 2899 2017 2953 ab
2055 2897 2157 2953 hac
2205 2897 2423 2953 bestiali
2471 2898 2611 2969 gula}
2644 2900 2924 2970 voluptate
2954 2901 3208 2956 alienus?
3257 2903 3383 2972 quis

112 2989 414 3054 θάνατονς
447 2989 558 3054 Τὰς
594 2990 704 3062 γὰρ
730 2991 1011 3063 αἰσθήσεις
1034 3034 1050 3059 ,
1078 2993 1145 3047 δι’
1187 2987 1262 3047 ὧν
1292 2995 1595 3050 έκπίπτουσ

1899 2999 1950 3045 tu
1986 3006 2158 3060 purus
2187 3000 2239 3045 et
2272 3006 2481 3045 vacuus
2517 2991 2586 3045 ab
2619 2993 2911 3048 occasione
2948 2993 3195 3062 peccati?
3245 2992 3382 3059 Quis

109 3082 258 3153 ψυχὴ
291 3081 430 3153 πρὸς
454 3081 521 3135 τὰ
549 3081 748 3146 ἔξωθεν
777 3084 1078 3154 πράγματα
1130 3085 1238 3139 τῶν
1285 3088 1427 3142 κατά
1471 3089 1592 3158 γνώ,

1897 3086 1976 3137 .cit
2006 3083 2349 3138 involucrum
2386 3090 2441 3139 et
2492 3086 2725 3156 aenigma
2785 3083 3083 3155 Scriptura:
3120 3085 3380 3155 dicentis,

110 3171 604 3243 ἀντιλαμϐάνεται,
644 3172 864 3243 θυρίδας
919 3176 952 3246 ἠ
1001 3175 1192 3247 Γραφὴ
1232 3183 1695 3250 προσηγόρευσεν,

110 3267 177 3330 ἃς
205 3265 475 3320 ὁδοποιεῖν
500 3264 577 3336 τῷ
621 3263 836 3336 θανάτῳ
882 3266 983 3336 τὴν
1021 3267 1224 3321 εἴσοδον
1268 3269 1503 3339 δ’Λόγος
1544 3270 1696 3341 φησι.

109 3358 202 3430 Τῷ
233 3358 355 3412 ὄντι
386 3356 495 3427 γὰρ
517 3356 723 3411 πολλῶν
758 3357 1002 3413 θανάτων
1028 3360 1232 3424 εἴσοδος
1251 3362 1460 3431 γίνεται
1500 3365 1699 3420 πολλά-

110 3470 198 3518 κις
227 3453 259 3505 δ
282 3450 560 3523 ὀφθαλμὸς
579 3492 595 3516 ,
622 3454 650 3505 ὁ
689 3451 1030 3523 θυμούμενον
1057 3453 1270 3525 βλέπων
1293 3497 1308 3517 .
1345 3458 1439 3512 καὶ
1474 3460 1609 3530 πρὸς
1637 3461 1698 3514 τὸ

111 3543 231 3597 tam
288 3539 465 3605 πάθος
518 3540 998 3613 ἁντεγειρόμενος·
1059 3543 1093 3616 ἢ
1135 3545 1515 3618 εὐημεροῦντα
1567 3551 1698 3622 παρ’

108 3632 295 3700 ἀξίαν,
325 3630 421 3684 καὶ
444 3631 524 3696 είς
556 3628 749 3699 φθόνον
778 3630 1107 3703 φλεγόμενος
1134 3649 1148 3663 ο
1242 3635 1697 3709 ὑπερηφανούμε-

107 3744 224 3789 νον,
266 3724 363 3779 καὶ
411 3723 545 3795 πρὸς
591 3726 745 3795 μῖσος
788 3725 1168 3798 ἐκπίπτωνσῆ
1213 3744 1338 3782 τινα
1368 3731 1699 3802 εὐχροοῡσαν

109 3820 286 3891 ὓλην,
328 3817 363 3887 ἢ
405 3816 497 3870 ἐπὶ
541 3816 757 3888 μορφῆς
802 3817 1172 3890 εὐφυεστέραν
1223 3819 1548 3886 διάπλασιν,
1605 3824 1700 3877 καὶ

110 3911 236 3973 ὅλος
266 3908 406 3980 πρὸς
440 3907 539 3980 τὴν
572 3906 666 3960 τοῦ
699 3907 993 3979 ἁρέσαντος
1022 3908 1318 3980 ἐπιθυμίαν
1353 3912 1698 3968 κατολισθαί-

111 4019 244 4057 νων.
282 3998 472 4063 Οὕτως
498 3999 703 4067 ἀνοίγει
740 3997 818 4070 τῷ
851 3998 1066 4071 θανάτῳ
1094 4000 1191 4065 τὰς
1221 4001 1441 4075 θυρίδας
1477 4003 1539 4058 τὸ
1583 4001 1697 4073 οὖς,

111 4095 182 4148 δι’
206 4086 287 4147 ὧν
315 4089 505 4145 ἀκούει
524 4132 539 4157 ,
561 4089 734 4143 πολλά
773 4090 919 4163 πάθη
946 4092 1039 4145 ἐπὶ
1062 4093 1160 4164 τὴν
1195 4092 1374 4165 ψυχὴν
1404 4098 1703 4170 παραδέχε-

111 4203 206 4239 ται
227 4223 246 4248 ,
270 4181 437 4252 φόϐον
460 4223 475 4248 ,
509 4180 707 4253 λύπην,
731 4180 901 4252 θυμὸν
925 4222 940 4248 ,
969 4183 1182 4254 ἡδονὴν,
1210 4185 1508 4258 ἐπιθυμίαν
1533 4228 1549 4254 ,
1581 4191 1701 4247 διά-

114 4294 279 4349 χυσιν
309 4274 545 4344 γέλωτος
563 4313 578 4338 ,
610 4275 703 4327 καὶ
727 4274 796 4328 τὰ
824 4273 1068 4329 τοιαῦτα.
1106 4276 1170 4329 Ἢ
1205 4277 1262 4330 δὲ
1292 4280 1435 4334 κατά
1456 4281 1554 4353 τὴν
1582 4283 1704 4353 γεῦ.

1800 3177 1945 3249 quod
1995 3193 2091 3248 per
2145 3175 2414 3233 fenestras
2463 3193 2611 3234 mors
2672 3179 2921 3249 ingressa
2956 3178 3132 3234 sit“?
3177 3180 3385 3236 Sensus

1799 3271 1968 3333 enim,
2000 3285 2095 3340 per
2128 3286 2267 3340 quos
2297 3270 2515 3324 animus
2572 3269 2821 3326 eminens
2849 3280 2903 3327 et
2956 3271 3024 3326 ad
3059 3286 3146 3326 res
3203 3279 3385 3327 exter—

1801 3380 1902 3419 nas
1939 3379 2062 3419 sese
2103 3378 2366 3418 exercens
2412 3378 2475 3416 ea
2525 3378 2648 3432 qua:
2697 3363 2918 3433 placent
2957 3365 3153 3435 arripit
3197 3374 3252 3420 et
3287 3381 3385 3436 ap-

1799 3453 2105 3523 prehendit,
2182 3452 2454 3507 fenestras
2516 3449 2800 3521 Scriptura
2856 3455 3169 3523 ap;:ellavit,
3244 3473 3384 3526 quas

1803 3545 1996 3601 Sermo
2009 3544 2167 3600 morti
2183 3544 2387 3598 aditum
2406 3541 2711 3613 patefacere
2727 3545 3017 3601 dicit.Nam
3036 3562 3222 3603 revera
3246 3550 3386 3603 mul-

1800 3638 1874 3694 tis
1902 3653 2044 3709 szepe
2075 3636 2345 3691 mortibus
2371 3635 2684 3700 introeundi
2731 3637 2886 3691 locus
2915 3637 3112 3694 oculus
3143 3639 3384 3702 exsistit,

1800 3731 1929 3787 dum
1955 3730 2038 3786 vel
2065 3730 2393 3785 irascentem
2443 3729 2613 3796 videt,
2675 3737 2731 3785 et
2781 3728 2850 3784 ad
2891 3729 3139 3785 eamdem
3193 3740 3385 3788 contra

1800 3822 2266 3896 perturbationem
2328 3821 2612 3886 incitatur,
2692 3822 2774 3875 vel
2838 3837 3099 3892 prospera
3166 3820 3384 3880 fortuna

1801 3923 1997 3987 praeter
2026 3914 2277 3969 meritum
2330 3922 2592 3979 utentem,
2648 3922 2701 3968 et
2742 3914 2796 3968 in
2851 3913 3112 3968 invidiam
3152 3915 3387 3971 exarde-

1802 4009 1906 4063 scit
1940 4006 2062 4063 :vel
2096 4006 2520 4078 superbientem,
2557 4018 2610 4063 et
2636 4008 2689 4061 in
2715 4005 2901 4061 odium
2938 4007 3083 4069 ruit;
3137 4007 3221 4063 vel
3280 4009 3385 4062 ali-

1801 4116 1966 4171 quam
2026 4100 2309 4154 materiam
2341 4099 2472 4155 boni
2509 4101 2733 4167 coloris,
2790 4099 3225 4156 dexteriorcmve
3268 4100 3386 4157 oris

1803 4208 1867 4247 ac
1901 4189 2089 4246 forma:
2118 4191 2370 4260 ﬁguram,
2411 4199 2465 4246 et
2514 4201 2662 4248 totus
2698 4191 2765 4246 ad
2790 4193 3293 4262 concupiscendum
3334 4193 3386 4247 id

1806 4283 1949 4353 quod
1978 4282 2243 4353 placuerit
2278 4280 2570 4338 delabitur.
2605 4282 2679 4336 lta
2721 4283 2871 4336 auris
2918 4283 3081 4336 morti
3117 4281 3387 4339 fenestras

88 4385 209 4422 -σιν
243 4364 548 4428 ἀπόλαυσις
571 4405 587 4431 ,
625 4366 807 4437 μήτηρ
827 4405 845 4430 ,
882 4365 958 4431 ὡς
989 4366 1056 4421 ἂν
1084 4366 1227 4422 εἴποι
1270 4386 1354 4434 τις
1373 4410 1388 4435 ,
1428 4371 1537 4425 τῶν

1904 4377 2007 4441 :rit,
2038 4384 2092 4431 et
2120 4392 2216 4447 per
2248 4391 2309 4431 ea
2346 4392 2468 4447 quae
2500 4377 2651 4430 audit
2679 4375 2882 4429 multas
2916 4368 3144 4429 affectus
3170 4373 3236 4429 ad
3268 4376 3387 4428 ani-

118 4457 360 4516 ικαστόν
385 4459 501 4511 ἐστι
521 4458 707 4511 κακῶν
730 4475 745 4489 ’
772 4457 856 4522 τίς
877 4457 986 4529 γὰρ
1012 4459 1115 4514 οὐκ
1140 4456 1300 4527 οἶδεν,
1321 4464 1402 4517 ὅτι
1426 4465 1551 4537 ῥίζα
1580 4485 1704 4539 σχε-

115 4555 210 4608 δόν
242 4554 362 4606 in:
388 4550 495 4604 τῶν
518 4551 648 4622 περὶ
670 4551 762 4605 τὸν
802 4551 915 4621 βίον
944 4551 1430 4626 πλημμελημάτων
1453 4598 1468 4622 ,
1496 4562 1528 4631 ή
1576 4564 1703 4635 περὶ

115 4645 212 4700 τδν
237 4642 437 4713 λαιμὸν
458 4642 717 4714 ἀσχολία;
745 4643 962 4715 Ταύτης
989 4644 1099 4717 γὰρ
1121 4645 1469 4723 ἐξήρτηταιή
1498 4654 1700 4728 τρυφὴν

117 4736 152 4804 ἡ
205 4731 380 4804 μέθη.
408 4731 442 4802 ἡ
476 4732 887 4803 γαστριμαργία
908 4772 923 4797 ,
957 4734 990 4804 ή
1020 4735 1149 4807 περὶ
1177 4737 1278 4807 τὴν
1305 4738 1513 4794 δίαιταν
1555 4744 1700 4798 ἀσω-

116 4825 250 4888 τία,
296 4824 335 4893 ἡ
382 4821 642 4893 πληθώρα
667 4863 681 4885 ,
721 4823 751 4875 ὁ
791 4823 986 4893 κόρος,
1025 4826 1054 4878 ὀ
1081 4826 1303 4897 κῶμος,
1364 4832 1397 4900 ἡ
1429 4833 1709 4906 κτηνώδης

122 4915 224 4969 καὶ
268 4910 465 4981 ἄλογος
498 4914 626 4984 περὶ
681 4913 749 4966 τά
799 4912 947 4985 πάθη
997 4916 1095 4986 τῆς
1144 4916 1370 4989 ἀτιμίας
1403 4926 1707 4998 καταφορὰ.

133 5005 375 5076 Ὁμοίως
400 5006 433 5075 ή
460 5005 601 5059 κατὰ
630 5005 728 5075 τὴν
749 5005 895 5077 ἁφὴν
929 5006 1178 5079 αἴσθησις
1197 5050 1213 5072 ,
1238 5010 1454 5067 πάντων
1483 5015 1709 5087 ἔσχατον

119 5097 235 5152 τῶν
270 5096 733 5167 ἁμαρτανομένων
767 5096 884 5151 ὲστί
907 5114 919 5127 °
956 5098 1136 5154 πάντα
1171 5101 1280 5172 γάρ
1332 5104 1433 5158 ὅσα
1479 5106 1557 5177 τῷ
1605 5108 1711 5163 adi.

125 5206 265 5261 ματι
302 5188 454 5260 καρά
484 5187 593 5242 τῶν
623 5189 921 5258 φιληδόνων
954 5190 1332 5262 ἐπιτηδεύεται
1352 5235 1367 5257 ,
1418 5197 1519 5269 τῆς
1559 5201 1737 5261 ἀντιο,

121 5280 346 5353 λήψεως
378 5279 476 5351 τῆς
529 5281 766 5351 άπτικῆς
811 5282 957 5336 ἐστιν
1017 5283 1463 5356 ἀρρωστήματα,
1516 5282 1592 5344 ὦν
1623 5293 1709 5348 ,τὰ

124 5371 257 5429 καθ’
288 5370 518 5426 ἕκαστον
562 5372 867 5444 διηγεῖσθαι
903 5374 1114 5445 μακρὸν
1167 5373 1235 5429 ἂν
1276 5376 1389 5446 εἴη·
1443 5382 1535 5434 καὶ
1586 5384 1708 5438 οὐδὲ

127 5466 346 5538 πρέπον
400 5464 516 5535 ἅμα
570 5467 683 5528 τοῖς
740 5466 1085 5539 σεμνοτέροις
1134 5471 1244 5520 τῶν
1298 5467 1472 5538 λόγων
1531 5491 1709 5547 παρα-

131 5553 409 5629 μιγνύειν,
438 5556 538 5609 ὅσα
558 5555 658 5626 τῆς
688 5556 833 5627 ἁφῆς
868 5556 984 5610 ἐστι
1010 5561 1459 5633 κατηγορήματα.

203 5670 252 5704 ⁷⁸
291 5668 313 5726 1
351 5667 479 5725 Cor.
514 5684 602 5743 xv,
633 5669 726 5726 22.
800 5669 848 5706 ⁸⁸
883 5667 994 5727 Jer.
1030 5685 1081 5724 Ix
1106 5708 1121 5736 ,
1148 5671 1239 5726 2|.

1810 4483 1959 4523 mum
1987 4467 2327 4532 transmittit,
2366 4474 2593 4532 metum,
2623 4465 2925 4532 tristitiam,
2952 4465 3109 4528 iram,
3141 4467 3389 4536 volupta-

1811 4568 1942 4625 tem,
2003 4557 2377 4625 cupiditatem,
2435 4557 2605 4612 risum
2661 4555 2918 4622 effusum,
2988 4567 3042 4612 et
3098 4558 3385 4628 ejusmodi.

1811 4650 1983 4706 Porro
2008 4650 2257 4721 gustatus
2294 4649 2564 4720 voluptas,
2605 4659 2797 4715 mater,
2843 4658 2901 4706 nt
2930 4650 3128 4705 dixerit
3161 4652 3385 4722 aliquis,

1811 4741 2146 4813 singulorum
2169 4741 2433 4794 malorum
2460 4746 2542 4793 est
2576 4738 2741 4808 :qnis
2795 4740 2939 4793 enim
2983 4739 3195 4810 ignorat
3241 4742 3385 4811 quod

1805 4834 1944 4904 gula:
1973 4833 2214 4888 studium
2243 4831 2396 4886 radix
2417 4830 2808 4902 prepemodum
2844 4830 2917 4885 sit
2959 4846 3149 4887 eorum
3190 4847 3389 4902 pecca-

1805 4932 1984 4980 torum
2024 4940 2145 4996 qnae
2184 4925 2239 4979 in
2289 4925 2395 4979 vita
2441 4923 2900 4979 cetumittuntur?
2951 4923 3035 4979 Ab
3094 4923 3197 4977 hac
3238 4924 3385 4979 enim

1808 5016 2047 5089 pendent
2103 5012 2265 5073 luxus
2296 5026 2460 5086 atque
2505 5015 2733 5080 deliciae,
2779 5013 3040 5079 ebrietas,
3096 5015 3385 5087 ingluvies,

1811 5109 1865 5164 in
1899 5108 2043 5163 victu
2094 5109 2450 5178 prodigalitas
2497 5117 2662 5178 atque
2694 5106 2962 5177 profusio,
3032 5107 3385 5173 abundantia,

1813 5200 2058 5265 satietas,
2116 5199 2465 5263 comessatio,
2514 5199 2763 5255 bestialis
2819 5207 2873 5253 et
2928 5198 3140 5253 ratione
3189 5213 3387 5255 carens

1815 5293 2049 5362 impetus
2101 5291 2169 5346 ad
2198 5292 2326 5346 vitia
2383 5290 2761 5362 ignominiosa.
2821 5289 3086 5347 Similiter
3132 5293 3387 5363 tangendi

1813 5399 2009 5441 sensus
2038 5383 2280 5438 omnium
2308 5391 2653 5454 peccatorum
2682 5391 2985 5440 extremum
3032 5392 3117 5439 est
3155 5403 3168 5438 :
3205 5372 3387 5439 omnia

1812 5475 1957 5531 enim
1991 5490 2114 5546 qua:
2143 5490 2375 5546 corpore
2397 5482 2725 5530 exercentur
2764 5489 2793 5528 a
2835 5472 3203 5531 sectaturibns
3243 5475 3392 5532 volu-

1817 5568 2013 5641 ptatis,
2048 5568 2502 5641 apprehensionis
2544 5584 2667 5641 qua:
2713 5575 2862 5624 tactu
2912 5567 2968 5621 fit
3004 5567 3180 5624 morbi
3225 5573 3389 5637 sunt,
