3738 5984
396 168 535 226 H81

1620 175 1681 232 S.
1712 174 2041 233 GBEGORII
2065 175 2362 232 NYSSEM

3541 182 3657 239 HS!

393 297 517 351 qua:
539 279 851 352 singulatim
877 294 1151 351 exponere
1194 281 1412 352 longum
1448 285 1610 339 luerit
1642 304 1655 340 :
1693 285 1856 340 simul
1907 300 1975 339 ae
2013 286 2269 339 decorum
2303 286 2395 355 qui
2422 288 2520 340 Tem
2581 295 2664 342 est
2703 280 3009 338 immiscere
3045 289 3394 358 gravioribus
3475 308 3664 348 scrnzo-
3712 298 3713 307 ‘

394 378 556 432 nibus
584 390 925 447 quaecunque
958 384 1136 432 tactus
1164 378 1395 432 crimina
1428 389 1578 433 sunt.

464 468 632 522 Porro
673 467 1072 523 multitudinem
1114 480 1459 539 peccatorum
1499 487 1619 542 quae
1655 471 1838 525 animo
1877 486 1916 540 p:

2143 467 2265 520 Τῶν
2302 467 2359 520 δὲ
2396 468 2537 554 κατὰ
2570 468 2669 539 τὴν
2707 464 2888 540 ψυχήν
2914 483 2975 541 τε
3016 470 3109 523 καὶ
3134 472 3467 546 προαίρεσιν
3495 477 3658 551 πλημ-

389 558 527 613 riter
555 572 619 611 ac
668 557 944 612 destinata
1004 559 1288 614 voluntate
1325 562 1763 625 committuntur,
1822 575 1971 630 quae.

396 665 523 702 nam
550 651 725 704 oratio
755 666 1079 706 enumerare
1111 652 1325 721 possit?
1353 653 1429 707 Ex
1475 654 1853 720 interioribus,
1886 653 1971 707 in-

392 744 531 808 quit,
576 742 996 811 proliciscuntur
1047 743 1306 813 improba:
1349 746 1748 815 cogitationes:
1805 754 1969 814 atque

386 833 580 899 adjecit
655 848 847 887 earum
908 836 1297 905 cogitationum
1355 837 1558 906 quibus
1617 837 1968 906 inquinamur

391 924 881 979 enumerationem.
916 925 971 980 Si
1011 927 1175 997 igitur
1209 928 1279 982 ab
1307 929 1564 984 omnibus
1615 929 1750 982 adeo
1798 927 1967 997 parti-

386 1015 489 1068 l-us
523 1023 870 1083 peccatorum
914 1016 1052 1071 retia
1106 1016 1268 1072 nobis
1323 1016 1657 1072 circumfusa
1686 1025 1838 1080 sunt,
1870 1032 1966 1086 per

382 1106 568 1160 omnia
598 1122 857 1162 sensuum
891 1107 1279 1173 instrumenta,
1311 1125 1406 1179 per
1433 1109 1662 1163 intimos
1692 1117 1746 1162 et
1780 1110 1963 1164 occul-

381 1204 490 1259 tos,
524 1211 587 1250 ac
616 1197 773 1266 quasi
807 1197 860 1250 in
897 1198 1060 1252 corde
1096 1198 1325 1252 latentes
1356 1199 1523 1251 animi
1579 1207 1780 1262 motus,
1839 1200 1962 1268 quis

381 1288 726 1355 gloriabitur,
759 1299 813 1343 ut
847 1288 1026 1357 inquit
1063 1290 1365 1360 Sapientia,
1396 1305 1456 1346 se
1508 1306 1705 1360 purum
1763 1290 1963 1346 habere

380 1393 476 1432 cor
503 1377 548 1410 ⁸¹
572 1379 595 1431 ?
621 1379 744 1446 quis
795 1395 823 1432 a
853 1379 1113 1435 sordibus
1147 1390 1485 1451 expurgatus
1532 1383 1661 1437 est?
1694 1382 1958 1452 quemad-

381 1469 599 1524 modum
626 1468 727 1524 Job
753 1478 988 1526 testatur
1008 1473 1053 1504 ⁸³
1082 1491 1095 1525 ;
1133 1471 1338 1527 Sordes
1382 1482 1513 1527 sunt
1557 1473 1753 1527 animm
1811 1473 1960 1543 puri-

381 1557 507 1613 tatis
545 1559 812 1627 voluptas,
867 1575 987 1629 qum
1026 1561 1382 1615 multifariam
1442 1564 1735 1633 multisque
1784 1564 1958 1619 modis

381 1648 633 1701 humanm
662 1649 787 1703 vitae
822 1651 1233 1715 commiscetur,
1271 1668 1366 1721 per
1389 1652 1632 1706 animum
1663 1654 1865 1722 pariter
1893 1669 1957 1709 ac

378 1751 599 1805 corpus,
624 1752 720 1805 per
746 1738 1125 1806 cogitationes,
1162 1756 1258 1809 per
1291 1757 1506 1804 sensus,
1543 1758 1638 1811 per
1680 1750 1857 1799 motus
1890 1758 1952 1798 ex

2076 556 2419 627 μελουμένων
2453 551 2546 610 τίον
2577 558 2764 628 ἐσμὸν,
2790 553 2880 621 τίς
2906 555 2971 609 ἂν
2998 557 3438 631 ἐξαριθμήσαιτο
3476 564 3655 634 λόγος
3712 551 3713 633 l

2075 646 2341 715 Ἔσωθεν,
2372 649 2559 717 φησὶν,
2586 649 2976 720 ἐκπορεύονται
3011 649 3351 722 διαλογισμοὶ
3387 660 3653 727 πονηροί·
3712 654 3713 677 ἶ

2071 739 2164 791 καὶ
2190 739 2495 810 προσέθηκε
2516 739 2624 792 τῶν
2650 739 3004 810 ἐνθυμήσεων
3028 740 3135 793 τῶν
3163 743 3501 798 κοινούντων
3523 750 3655 818 ἡμεῖς

2068 829 2159 882 τὸν
2188 830 2507 899 κατάλογον.
2540 832 2603 884 Εἰ
2637 832 2817 885 τοίνυν
2847 831 2987 886 οὕτω
3035 834 3376 904 πανταχόθεν
3422 840 3563 908 ἡμῖν
3598 842 3655 897 τὰ
3712 864 3713 917 γ

2066 921 2174 974 τῶν
2200 922 2489 992 ἁμαρτιῶν
2522 920 2714 976 δίκτυα
2756 924 3112 995 περικέχυται
3137 921 3160 989 ,‘
3186 925 3274 978 διὰ
3303 926 3539 983 πᾶντων
3560 933 3654 984 τῶν

2067 1012 2454 1085 αἰσθητηρίων,
2488 1013 2574 1067 διὰ
2600 1015 2707 1067 τῶν
2738 1016 3040 1087 ἐγκαρδίων
3070 1018 3172 1087 τῆς
3202 1016 3392 1089 ψυχῆς
3425 1025 3654 1092 κινημά-

2065 1121 2171 1159 των
2198 1122 2209 1133 ·
2239 1105 2320 1168 τίς
2350 1106 2712 1175 καυχήσεται,
2754 1107 2936 1173 καθὼς
2963 1109 2996 1179 η
3036 1108 3207 1178 Σοφία
3246 1113 3458 1181 φησὶν,
3492 1114 3653 1185 ἁγνήν

2065 1193 2208 1265 ἔχειν
2238 1196 2502 1267 καρδίαν;
2538 1199 2634 1262 Τίς
2663 1200 3053 1270 κεκαθάρισται
3099 1203 3206 1255 ἀπὸ
3239 1202 3427 1273 ῥύπου
3458 1221 3474 1269 ;
3527 1209 3600 1269 ὠς
3630 1199 3653 1259 ὁ

2076 1282 2196 1337 Ἰὼϐ
2217 1284 2278 1338 τὸ
2305 1284 2543 1340 τοιοῦτον
2575 1289 2933 1361 μαρτύρεται.
2991 1291 3186 1356 Ῥύπος
3217 1294 3337 1346 ἐστὶ
3373 1296 3484 1365 τῆς
3523 1300 3651 1352 acati
3712 1282 3713 1331 ί

2061 1370 2239 1444 ψυχὴν
2268 1376 2633 1448 καθαρότητος
2667 1379 2698 1450 ή
2727 1379 2884 1450 ἡδονὴ
2929 1383 2961 1450 ἡ
2993 1382 3316 1455 πολυμερῶς
3350 1385 3459 1438 καὶ
3498 1388 3651 1440 πολυ-

2061 1465 2278 1533 τρόπως
2301 1466 2376 1537 τῷ
2407 1465 2731 1540 ἀνθρωπίνῳ
2758 1472 3203 1546 καταμιγνυμένη
3248 1475 3353 1546 βίῳ
3386 1518 3404 1540 ,
3438 1477 3531 1530 διὰ
3561 1478 3650 1548 ειν·
3712 1486 3713 1535 l

2061 1555 2163 1624 χῆς
2190 1574 2249 1609 τε
2283 1557 2375 1610 καὶ
2407 1556 2684 1630 σώματος,
2707 1556 2773 1614 δι’
2810 1558 3181 1633 ἐνθυμήσεων,
3211 1564 3279 1618 δι’
3311 1567 3648 1638 αἰσθήσεων,

2057 1644 2145 1697 διὰ
2170 1645 2275 1698 τῶν
2306 1652 2445 1701 κατὰ
2471 1649 2726 1720 πρόθεσιν
2760 1652 3106 1723 κινημάτων,
3141 1655 3228 1708 διὰ
3267 1656 3384 1709 τῶν
3417 1676 3653 1729 σωματι-
3712 1670 3713 1729 l

2136 1696 2141 1697 ν
2477 1696 2719 1720 --μη-η
2763 1696 3106 1723 .....,,.....ν..,
3142 1696 3228 1708 ν...
3278 1696 3382 1709 ..μ-
3417 1696 3653 1729 ..ηιμ-..-

2058 1735 2171 1787 κῶν
2201 1738 2283 1789 ἐνε
2295 1739 2611 1809 ργημάτων.
2637 1741 2734 1806 Τίς
2759 1737 2850 1796 οὖν
2872 1743 3117 1816 καθαρὰν
3150 1748 3250 1816 τῆς
3277 1748 3511 1819 κηλῖδος
3536 1746 3650 1803 cani-

379 1829 661 1896 proposito
708 1829 1107 1896 procedentes,
1162 1846 1257 1899 per
1311 1831 1558 1900 corporis
1612 1833 1916 1902 operationi-

2091 1845 2157 1897 ης
2188 1830 2285 1900 τὴν
2328 1830 2504 1903 ψυχὴν
2538 1834 2686 1904 ἔχει;
2739 1834 2864 1899 Πῶς
2914 1837 3013 1890 οὐκ
3057 1837 3273 1911 ἐπλήγη
3323 1836 3413 1910 τῷ
3463 1837 3644 1912 τύφῳς

375 1927 430 1971 et
462 1918 708 1973 eﬂ'ectus.
741 1919 877 1985 Quis
907 1935 1036 1988 ergo
1085 1936 1276 1990 puram
1331 1922 1399 1974 ab
1453 1921 1555 1975 hac
1596 1923 1803 1975 macula
1839 1924 1955 1975 atti-

373 2025 518 2066 mam
555 2010 875 2081 liabet?qui
941 2011 1058 2066 ﬁeri
1096 2012 1301 2082 potuit,
1363 1994 1433 2067 ut
1477 2012 1619 2067 fastu
1663 2029 1956 2082 percussus

374 2118 483 2158 non
515 2103 587 2158 sit
612 2104 635 2157 ’ἒ
660 2104 752 2173 qui
784 2104 964 2174 potuit
1000 2120 1106 2158 non
1145 2120 1268 2160 esse
1312 2104 1579 2174 superbia:
1611 2104 1744 2174 pede
1773 2107 1953 2161 calca-

375 2195 505 2251 tus?
532 2210 693 2264 quem
728 2209 923 2251 manus
961 2195 1236 2265 peccatrix
1270 2211 1377 2250 non
1421 2196 1756 2250 commovit?
1796 2197 1953 2266 cujus

372 2301 468 2354 pes
499 2284 566 2343 ad
616 2286 915 2356 nequitiam
944 2295 998 2341 et
1029 2287 1289 2340 malitiam
1329 2304 1437 2341 non
1461 2290 1747 2343 cucurrit?
1792 2307 1951 2359 quem

371 2379 573 2434 oculus
629 2377 991 2433 immodestus
1067 2393 1176 2432 non
1246 2378 1553 2448 inquinavit
1616 2387 1670 2434 et
1729 2381 1952 2436 auditus

370 2467 606 2524 stolidus
625 2476 679 2523 et
712 2469 1000 2539 imperitus
1033 2483 1140 2522 non
1163 2470 1580 2534 contaminavit,
1609 2479 1662 2525 et
1697 2482 1950 2541 gustatus

370 2560 439 2614 ad
502 2575 625 2616 sese
676 2577 783 2613 non
849 2561 1146 2624 convertit,
1207 2569 1260 2615 et
1314 2569 1641 2630 occupatum
1677 2562 1954 2618 detinuit?

369 2651 531 2720 cujus
564 2666 661 2705 cor
689 2649 755 2704 ad
791 2666 961 2706 vanos
1005 2659 1187 2706 motus
1239 2651 1372 2706 rude
1428 2660 1482 2706 et
1535 2654 1947 2708 inexercitatum

370 2740 610 2795 mansit?
641 2739 910 2805 Quoniam
946 2740 1113 2810 igitur
1144 2739 1259 2794 tunc
1291 2741 1439 2795 circa
1472 2757 1573 2795 nos
1604 2750 1733 2796 sunt
1765 2744 1949 2813 pejora

365 2830 588 2901 quidem
618 2839 783 2898 atque
821 2830 1094 2885 atrociora
1133 2831 1200 2885 iis
1238 2832 1329 2900 qui
1368 2832 1423 2885 in
1466 2831 1746 2886 bestialem
1779 2833 1949 2903 magis

369 2930 622 2977 naturam
659 2922 1012 2992 degenerant,
1044 2920 1429 2993 [moderatiora
1461 2931 1638 2976 autent
1674 2933 1835 2992 atque
1868 2933 1951 2977 to-

369 3016 680 3070 lerabiliora
710 3014 1142 3086 attentioribus,]
1178 3016 1391 3085 penitus
1431 3026 1610 3070 autem
1647 3026 1699 3071 et
1726 3035 1948 3086 prorsus

366 3111 646 3172 omnibus,
674 3110 876 3178 quibus
922 3110 1232 3171 communis
1262 3119 1345 3165 est
1382 3119 1597 3174 natura,
1635 3112 1944 3165 communia

365 3215 588 3271 quoque
614 3201 810 3255 delicta
852 3208 1060 3255 naturae
1112 3210 1278 3256 sunt;
1326 3202 1530 3256 idcirco
1571 3197 1677 3256 Deo
1708 3218 1801 3272 per
1828 3218 1946 3256 ora-

365 3295 575 3348 tionem
604 3293 1000 3362 supplicantes,
1044 3303 1103 3348 ut
1159 3294 1502 3347 dimittantur
1552 3293 1709 3347 nobis
1763 3293 1941 3347 debita

365 3399 607 3440 oramus.
633 3384 738 3438 Sed
773 3386 926 3439 irrita
957 3393 1121 3455 atque
1147 3386 1388 3440 ineilicax
1414 3393 1496 3439 est
1521 3383 1787 3453 ejusmodi
1816 3401 1939 3448 vox,

362 3486 416 3533 et
445 3478 511 3531 ad
552 3491 717 3532 aures
753 3477 968 3532 divinas
1003 3494 1111 3532 non
1145 3478 1377 3547 pertinet
1407 3494 1470 3531 ac
1513 3487 1778 3548 penetrat,
1836 3479 1940 3534 nisi

361 3569 707 3624 conscientia
745 3584 854 3623 una
899 3570 1185 3625 nobiscum
1236 3570 1454 3631 clamet,
1511 3567 1654 3639 quod
1708 3579 1938 3633 rectum,

365 3663 595 3723 bonum,
644 3671 699 3716 et
731 3661 990 3716 decorum
1031 3660 1103 3715 sit
1154 3660 1586 3716 misericordiam
1648 3660 1936 3729 impertiri.

359 3749 496 3806 Nam
537 3751 630 3821 qui
662 3751 873 3820 judicat
925 3746 1316 3806 humanitatem
1351 3748 1518 3805 Deum
1570 3747 1763 3805 decere
1792 3750 1939 3820 (nisi

358 3843 505 3898 enim
540 3844 733 3897 decere
766 3834 1002 3912 putaret,
1046 3857 1160 3895 rem
1217 3841 1528 3896 iudet-oram
1574 3851 1628 3896 et
1663 3856 1772 3896 non
1806 3858 1941 3896 con-

1972 3169 2014 3224 C

262 3984 271 3993 ,
362 3936 667 3991 venientem
699 3933 1059 4003 aggredieum
1084 3942 1243 4002 atque
1270 3935 1550 4004 suscipere
1595 3949 1701 3989 non
1718 3936 1938 4006 oraret),

357 4037 482 4076 eum
533 4035 750 4088 mquam
783 4020 947 4075 fuerit
1001 4023 1117 4077 suis
1164 4022 1322 4077 factis
1369 4023 1642 4091 judicium
1696 4024 1763 4079 de
1793 4025 1936 4079 bono

357 4118 523 4180 atque
563 4109 766 4164 decoro
806 4109 1050 4164 stabilire
1080 4119 1241 4179 atque
1259 4110 1606 4174 conﬁrmare,
1641 4127 1712 4166 ne
1741 4112 1935 4181 ajusto

349 4202 535 4270 judice
564 4196 833 4271 ejusmodi
854 4198 983 4269 quid
1011 4201 1197 4254 audiat
1223 4217 1237 4254 :
1273 4198 1498 4263 Medica,
1531 4218 1661 4254 cura
1688 4193 1931 4272 teip'sum,

359 4311 445 4350 me
478 4294 543 4350 ad
583 4293 980 4349 humanitatem
1024 4293 1282 4357 hortaris,
1319 4309 1482 4363 quam
1542 4304 1599 4348 tu
1667 4294 1933 4363 proximis

321 4452 325 4456 ι
357 4403 465 4440 non
500 4384 837 4457 impcrtiris:
879 4385 1261 4441 remissionem
1298 4385 1605 4440 debitorum
1639 4385 1801 4454 petis,
1836 4386 1929 4454 qui

358 4483 414 4529 lit
438 4492 568 4546 ergo
614 4484 672 4529 ut
715 4488 771 4531 tu
801 4476 1035 4532 sulloces
1080 4477 1375 4532 obaeratum
1405 4474 1428 4531 ?
1460 4476 1628 4532 deleri
1664 4475 1763 4531 tibi
1807 4476 1929 4530 chi-
1962 4498 2004 4553 ο

355 4570 683 4639 rographum
715 4569 978 4626 adversus
1006 4579 1061 4624 te
1101 4567 1365 4638 scriptum
1397 4567 1660 4638 precaris,
1718 4565 1810 4637 qui
1844 4568 1929 4621 di-

354 4663 582 4728 ligenter
610 4676 797 4716 servas
813 4661 1175 4715 obnoxiorum
1208 4666 1366 4730 pacta
1384 4667 1548 4728 atque
1575 4668 1920 4713 contractus:

350 4751 563 4806 tabulas
600 4767 768 4807 novas
818 4760 871 4807 et
919 4750 1268 4807 abolitionem
1325 4757 1488 4820 atque
1539 4749 1917 4805 remissionem

347 4843 655 4898 debitorum
687 4842 847 4913 petis,
878 4842 973 4912 qui
1007 4857 1104 4912 per
1131 4854 1329 4896 usuras
1356 4853 1431 4894 tes
1461 4837 1698 4893 alienum
1744 4836 1924 4891 nutris

345 4946 400 4989 et
428 4951 634 5006 auges;
667 4942 796 4990 tuus
845 4932 1060 4988 debitor
1117 4939 1202 4986 est
1238 4930 1292 4984 in
1356 4942 1599 4995 carcere,
1636 4934 1692 4983 et
1748 4934 1808 4982 tu
1868 4927 1919 4981 in

2057 1921 2182 1985 Πῶς
2229 1923 2326 1975 οὐκ
2357 1924 2603 1996 ἐπατήθη
2642 1925 2719 1996 τῷ
2762 1927 2882 1979 ποδὶ
2907 1929 3003 2000 τῆς
3050 1931 3445 2001 ὑπερηφανίας
3470 1973 3486 1994 ,
3531 1928 3646 2004 ὂνή

2057 2012 2351 2087 ἀμαρτωλὴ
2398 2018 2520 2088 χεὶρ
2552 2018 2651 2071 οὐκ
2690 2019 3019 2085 ἐσάλευσεν;
3054 2015 3127 2074 Οὖ
3160 2023 3188 2074 ὁ
3231 2022 3379 2086 ποῦς
3436 2026 3525 2088 εἰς
3565 2042 3647 2076 κα-
3712 2076 3713 2088 ,

2056 2105 2180 2159 κίαν
2210 2108 2307 2161 οὐκ
2341 2096 2608 2180 ἔδραμεν;
2645 2111 2740 2165 Ὃν
2771 2111 3047 2183 ὀφθαλμὸς
3095 2114 3350 2167 ἀτακτῶν
3387 2116 3495 2169 οὐκ
3536 2114 3647 2186 ἐμό-

2053 2196 2209 2251 λυνεν
2232 2239 2247 2262 ,
2279 2201 2371 2253 καὶ
2412 2202 2732 2266 ἀπαίδευτος
2762 2204 2898 2273 ἀκοὴ
2948 2205 3046 2256 οὐκ
3077 2205 3408 2277 ἑρῤύπωσεν
3432 2249 3448 2267 ,
3488 2210 3585 2260 καὶ
3618 2205 3643 2277 ἡ

2054 2287 2253 2357 γεῦσις.
2290 2290 2425 2361 πρὸς
2471 2290 2668 2363 ἑαυτὴν
2711 2293 2810 2345 οὐκ
2846 2294 3179 2363 ὴσχόλησεν,
3223 2295 3320 2347 καὶ
3378 2297 3413 2365 ἡ
3449 2296 3645 2366 καρδία

2059 2380 2194 2447 πρὸς
2247 2380 2479 2450 ματαίας
2522 2384 2764 2452 κινήσεις
2812 2382 3168 2454 ἁνενέργητος
3206 2381 3453 2452 ἔμεινεν.
3490 2385 3646 2439 Ἐπεὶ

2056 2466 2148 2524 οὖν
2192 2471 2258 2524 τὰ
2301 2473 2429 2543 περὶ
2471 2471 2619 2542 ἡμᾶς
2673 2472 2841 2543 χείρω
2886 2473 2985 2544 μέν
3032 2474 3127 2527 καὶ
3181 2473 3645 2546 χαλεπωδέστεριι

2052 2563 2164 2624 τοῖς
2189 2562 2668 2632 κτηνωδεστέροις’
2711 2563 2886 2632 πάντη
2916 2562 2970 2615 δὲ
3004 2562 3097 2616 καὶ
3129 2564 3351 2627 πάντως
3405 2567 3468 2617 ἐν
3518 2568 3644 2619 πᾶσι

2050 2653 2163 2717 τοῖς
2186 2654 2501 2706 κοινωνοῦσι
2524 2654 2625 2722 τῆς
2656 2651 2869 2722 φύσεώς
2891 2656 3005 2707 ἐστι
3044 2656 3137 2707 καὶ
3170 2657 3202 2725 ἡ
3232 2657 3508 2709 κοινωνία
3543 2657 3644 2709 τῶν

2052 2743 2536 2815 πλημμελημάτων
2565 2744 2663 2814 τῆς
2693 2744 2932 2812 φύσεωςσ
2963 2744 3047 2798 διὰ
3076 2746 3234 2798 τοῦτο
3261 2749 3644 2814 «posuit-nov.

2050 2850 2144 2897 τες
2176 2832 2263 2886 διὰ
2286 2832 2591 2904 προσευχῆς
2616 2833 2693 2903 τῷ
2717 2831 2834 2903 Θεῷ
2855 2834 3120 2903 ἀφεθῆναι
3151 2837 3284 2905 ἡμῖν
3308 2836 3385 2889 τὰ
3422 2838 3644 2906 ὀφειλή-

2053 2941 2198 2994 ματα
2224 2923 2668 2996 παρακαλοῦμεν.
2705 2924 2846 2978 Ἀλλ’
2871 2924 3147 2996 ἄπρακτός
3171 2929 3320 2981 ἐστιν
3354 2928 3390 3000 ἢ
3413 2932 3643 3001 τοιαύτη

2051 3014 2222 3086 φωνὴ,
2254 3013 2347 3067 καὶ
2386 3016 2463 3078 εἰς
2497 3014 2663 3078 ἀκοὰς
2693 3015 2842 3078 θείας
2876 3015 3182 3083 φθάνουσα,
3219 3016 3294 3088 μὴ
3325 3019 3431 3086 τῆς
3469 3036 3645 3074 συνει-

2049 3105 2254 3176 δήσεως
2284 3106 2413 3177 ἡμῖν
2443 3105 2784 3177 συμϐοώσης,
2807 3107 2887 3159 ὅτι
2910 3109 3071 3160 καλόν
3091 3110 3236 3160 ἐστιν
3261 3110 3295 3178 ὴ
3322 3110 3423 3162 τοῦ
3453 3111 3642 3176 ἐλέους

2052 3196 2355 3266 μετάδοσις.
2395 3196 2453 3249 Ὀ
2481 3195 2589 3268 γὰρ
2626 3196 2747 3268 Θεῷ
2795 3200 3023 3268 πρέπειν
3065 3198 3162 3269 τὴν
3213 3199 3641 3272 φιλανθρωπίαν

2048 3288 2279 3360 κρίνων·
2312 3289 2371 3341 οὐ
2426 3288 2533 3359 γὰρ
2579 3287 2644 3341 ἂν
2689 3291 2738 3341 εί
2784 3288 2859 3360 μὴ
2916 3289 3145 3359 πρέπειν
3190 3284 3366 3361 ᾤετο,
3403 3295 3552 3365 7:96;
3584 3292 3641 3347 τὸ

2046 3379 2292 3450 ἀπρεπές
2318 3397 2377 3431 τε
2403 3380 2497 3433 καὶ
2528 3380 2868 3450 ἀνάρμοστον
2899 3380 3071 3433 ἐλθεῖν
3101 3380 3254 3449 ἠξίου
3273 3394 3286 3409 ·
3322 3380 3553 3446 δίκαιος
3578 3384 3638 3436 ἂν

2045 3472 2127 3542 εἴη
2160 3471 2271 3533 τοῖς
2299 3466 2449 3534 ἰδίοις
2476 3469 2656 3541 ἔργοις
2682 3469 2778 3539 τὴν
2806 3466 2935 3541 περὶ
2978 3470 3071 3523 τοῦ
3125 3470 3291 3523 καλοῦ
3325 3471 3638 3540 βεϐαιῶσαι

2044 3560 2225 3633 κρίσιν
2249 3603 2265 3628 ,
2300 3559 2375 3625 ὡς
2414 3562 2479 3616 ἂν
2518 3561 2592 3632 μὴ
2629 3561 2691 3614 τὸ
2714 3560 2952 3614 τοιοῦτον
2994 3562 3278 3616 ἀκούσειεν
3326 3565 3495 3634 παρὰ
3545 3565 3636 3618 τοῦ

2042 3651 2251 3723 κριτοῦ,
2287 3655 2367 3706 ὅτι
2400 3652 2598 3720 Ἰατρέ,
2630 3653 3006 3720 θεράπευσον
3034 3655 3323 3707 σεαυτόν-⁸
3357 3656 3466 3724 ἐμὲ
3499 3657 3639 3726 πρὸς

2042 3743 2451 3814 φιλανθρωπίαν
2498 3743 2862 3812 παρακαλεῖς,
2910 3738 2978 3814 ἧς
3018 3747 3129 3807 τοῖς
3166 3742 3339 3808 πέλας
3368 3747 3544 3811 αὐτος
3573 3749 3634 3799 οὒ

2045 3833 2390 3903 μετέδωκας;
2439 3833 2665 3901 Ἀφεσιν
2725 3831 3054 3902 ὀφλημάτων
3104 3834 3310 3895 αίτεῖς“
3364 3833 3497 3897 πῶς
3542 3832 3633 3888 οὖν

2041 3925 2334 3994 κατάγχεις
2362 3924 2425 3977 σὺ
2459 3924 2546 3977 τὸν
2575 3924 2891 3995 ὑπόχρεωνς
2937 3920 3354 3994 Ἐξαλειφθῆναι
3390 3924 3460 3976 τὸ
3492 3928 3632 3977 mi

2042 4015 2134 4067 σοῦ
2160 4011 2518 4085 χειρόγραφον
2541 4013 2675 4086 εὔχῃ
2698 4054 2712 4077 ,
2742 4016 2769 4067 ὀ
2794 4011 2859 4066 δι’
2888 4013 3202 4081 ἐπιμελείας
3232 4014 3540 4080 φυλάσσων
3563 4016 3630 4068 τὰ

2036 4105 2145 4159 τῶν
2176 4102 2486 4159 ὑπευθύνων
2517 4102 2820 4175 συμϐόλαια
2843 4121 2856 4134 ·
2889 4104 3065 4173 χρεῶν
3092 4106 3265 4168 αἰτεῖς
3302 4106 3629 4168 ἀποκοπὰς,

2036 4200 2064 4252 ὁ
2088 4197 2300 4268 τρέφων
2332 4197 2420 4250 διὰ
2463 4196 2571 4249 τῶν
2594 4195 2766 4250 τόκων
2793 4195 2853 4248 τὸ
2885 4196 3090 4248 δάνειον
3111 4212 3124 4225 ·
3153 4198 3182 4248 ὁ
3212 4196 3303 4258 σὸς
3331 4198 3629 4266 ὀφειλέτης

2037 4290 2094 4343 ἐν
2137 4288 2531 4359 δεσμωτηρίῳ,
2582 4288 2677 4340 καὶ
2730 4289 2794 4340 σὺ
2830 4290 2886 4340 ἐν
2918 4286 3190 4357 εὐκτηρίῳ
3217 4303 3230 4316 ·
3270 4289 3487 4352 ἐκεῖνος
3533 4290 3627 4339 ἐπὶ

2034 4382 2147 4444 τοῖς
2199 4375 2505 4449 ὀφλήμασιν
2550 4374 2832 4431 ὀδυνᾶται⁴
2862 4378 2957 4430 καὶ
2995 4377 3060 4429 σὺ
3092 4375 3364 4445 ἀφεθῆναί
3408 4394 3498 4429 σοι
3528 4377 3626 4447 τὴν

2036 4470 2254 4541 ὀφειλὴν
2282 4470 2483 4536 ἀξιοῖςο
2528 4469 2756 4539 ἀνήκοός
2785 4467 2902 4521 ἐστί
2937 4485 3029 4520 σου
3066 4468 3099 4538 ή
3130 4466 3434 4537 προσευχὴ,
3455 4468 3626 4537 ὕπερ-

2034 4564 2160 4635 ηχεῖ
2189 4562 2348 4632 γὰρὴ
2387 4560 2480 4614 τοῦ
2502 4559 2844 4631 ὀδυνωμένου
2875 4559 3025 4626 φωνή
3050 4575 3064 4589 ·
3103 4556 3199 4610 ἐὰν
3226 4556 3399 4629 λύσῃς
3421 4559 3486 4612 τὸ
3516 4577 3624 4611 συ-

2037 4651 2265 4720 ματικὸν
2290 4649 2449 4721 χρέος
2471 4689 2485 4713 ,
2513 4648 2802 4719 λυθήσεταί
2836 4663 2918 4700 σοι
2959 4647 3057 4715 τῆς
3089 4645 3266 4717 ψυχῆς
3298 4650 3369 4701 τὰ
3390 4648 3573 4719 δεσμὲ
3600 4666 3617 4680 ·

2030 4744 2125 4797 ἐὰν
2152 4742 2534 4813 συγχωρήσῃς,
2567 4738 3052 4812 συγχωρηθήσεται
3068 4751 3083 4769 ⁶
3108 4737 3323 4808 σεαυτῷ
3348 4739 3619 4805 δικάσεις,

2030 4834 2240 4905 σεαυτῷ
2281 4832 2704 4904 νομοθετήσεις,
2768 4833 2833 4902 τῇ
2897 4830 3034 4901 πρὸς
3084 4830 3179 4884 τὸν
3244 4831 3618 4904 ὑποκείμενον

2024 4924 2260 4979 διαθέσει
2307 4925 2406 4994 τὴν
2439 4922 2642 4977 ἄνωθεν
2665 4921 2844 4994 ψῆφον
2874 4922 2968 4975 ἐπὶ
3002 4922 3232 4976 σεαυτοῦ
3260 4925 3473 4993 φέρων.

345 5029 630 5093 oratorio;
660 5025 753 5081 ille
777 5023 846 5080 ob
879 5025 1063 5080 debita
1091 5024 1392 5086 cruciatur,
1421 5030 1474 5077 et
1502 5029 1560 5075 tu
1589 5020 1795 5075 remitti
1825 5019 1920 5073 tibi
1958 5017 2201 5073 debitum
2230 5016 2315 5072 vis
2342 5032 2354 5068 :
2397 5016 2644 5070 exaudiri
2677 5016 2856 5070 oratio
2892 5023 2986 5069 tua
3046 5029 3155 5069 non
3184 5024 3387 5086 potest,
3454 5028 3619 5087 supe—

316 5114 430 5176 ‘rat
468 5124 614 5177 enim
652 5136 823 5178 sonus
861 5127 916 5175 et
951 5120 1215 5191 strepitus
1260 5119 1416 5174 vocis
1452 5118 1572 5189 ejus
1616 5118 1709 5188 qui
1755 5118 2037 5173 cruciatur
2087 5130 2099 5170 :

2157 5117 2202 5171 si
2252 5124 2308 5170 tu
2349 5115 2637 5185 corporale
2671 5115 2913 5170 debitum
2960 5113 3260 5174 dimiseris,
3327 5114 3617 5168 solventur

344 5214 444 5268 tibi
475 5218 672 5269 animae
706 5215 955 5268 vincula:
986 5213 1031 5269 si
1068 5212 1493 5295 condonaveris,
1519 5210 1923 5266 condonabitur
1961 5210 2098 5266 tibi:
2138 5209 2256 5281 ipse
2320 5209 2486 5279 judex
2531 5209 2663 5272 eris,
2740 5208 2857 5279 ipse
2900 5207 2998 5262 tibi
3055 5208 3228 5278 legem
3274 5203 3449 5272 feres,
3485 5205 3617 5259 alie-

345 5305 549 5368 ctione,
578 5321 683 5373 qua
719 5312 775 5358 tu
806 5307 1103 5361 obnoxium
1155 5314 1481 5376 prosccutus
1515 5304 1705 5371 fueris,
1748 5321 2003 5376 superam
2035 5305 2363 5363 sententiam
2395 5320 2490 5374 per
2530 5312 2584 5359 te
2612 5303 2814 5359 ferens.

416 5389 548 5446 Tale
586 5394 870 5474 quidpiam
911 5395 1043 5447 mibi
1082 5393 1294 5448 videtur
1326 5393 1591 5450 Dominus
1634 5392 1801 5452 etiam
1862 5394 1916 5448 in

428 5565 471 5596 "
512 5539 772 5618 Provfu
796 5607 811 5627 ,
840 5566 894 5620 9.
966 5568 1010 5600 "
1047 5565 1148 5621 Job
1177 5585 1287 5638 xw,
1317 5569 1349 5621 4
1377 5569 1528 5637 juxta
1554 5566 1710 5621 LXX.

2094 5394 2345 5449 Τοιοῦτόν
2370 5393 2421 5447 τί
2454 5406 2542 5466 μοι
2576 5394 2724 5448 δοκεῖ
2753 5395 2845 5447 καὶ
2875 5392 2934 5447 ἐν
2959 5390 3037 5464 τῷ
3068 5391 3242 5463 ἑτέρῳ
3282 5390 3436 5463 λόγῳ
3465 5389 3615 5444 διδά-
