3756 5988
144 159 306 218 ιιεθ
990 176 994 181 ’
1144 170 1233 225 DE
1270 171 1625 229 ORATIONE
1662 172 2013 228 DOMINICA.
2043 203 2114 215 -—
2149 176 2410 236 ORATIO
2445 178 2509 236 Υ.
3302 185 3445 242 ιιιιο

145 294 320 332 σκειν
350 281 381 333 ό
409 280 613 354 Κύριος
640 283 1051 357 διηγηματικῶς
1085 290 1146 344 τδ
1176 290 1354 363 δόγμα
1391 292 1552 347 τοῦτο
1576 311 1628 347 π‹

2004 307 2258 351 sermone
2287 298 2507 360 docere,
2541 312 2636 368 per
2662 299 2882 354 modum
2922 298 3259 356 narrationis
3293 303 3437 356 hanc
3467 312 3473 317 '

142 370 480 444 τιθέμενος,
502 375 631 429 ἔνθα
666 376 917 448 βασιλεύς
955 380 1037 445 τίς
1062 383 1209 437 ἐστιν
1237 385 1294 438 ὲν
1316 384 1396 454 τῷ
1431 385 1625 457 διηγήμ

1961 386 2188 440 tentiam
2228 385 2282 441 in
2313 388 2552 445 medium
2585 387 2817 445 efferens
2852 408 2867 445 :
2920 391 3011 446 ubi
3062 407 3158 447 rex
3209 390 3436 461 quidam

140 464 418 536 φοϐερῶς
439 471 876 543 προκαθήμενος
897 490 910 503 ·
939 477 1034 529 καὶ
1062 479 1189 541 τοὺς
1221 480 1438 544 οἰκέτας
1462 484 1542 545 είς
1568 500 1623 554 κε

1955 478 2274 535 narratione
2302 480 2677 537 introducitur
2706 483 3020 537 terribiliter
3045 500 3143 553 pro
3170 484 3434 539 tribunali

139 558 309 625 ἄγων
337 602 350 623 ,
415 562 512 614 καὶ
561 562 669 615 τῶν
714 566 1177 637 οἰκονομηοέντων
1207 574 1336 642 παρ’
1379 573 1606 627 ἑκάστου

1948 583 2081 633 ens,
2121 578 2173 623 et
2219 586 2410 625 servos
2445 572 2513 626 ad
2552 573 2822 642 judicium
2874 588 3097 644 cogens.
3143 583 3198 630 et
3240 590 3431 630 eorum

140 650 366 718 γνῶσιν
419 653 714 725 ἐπιζητῶν.
743 657 1154 729 Προσαχθέντος
1188 661 1245 715 δέ
1282 680 1424 726 τινος
1476 666 1584 719 τῶν
1622 688 1623 691 η

1949 673 1972 712 e
2030 662 2410 731 unusquisque
2462 664 2910 722 administrasset
2955 669 3327 738 cognitionem
3376 677 3432 724 et

142 742 476 810 ωφειλετῶν
502 784 517 809 ,
566 747 661 799 καὶ
700 747 1108 819 φιλανθρωπίας
1139 755 1494 826 τετυχηκότος
1517 799 1532 824 ,
1558 761 1625 812 ἐπ

1946 753 2209 808 estionem
2241 754 2540 811 instituens
2562 758 2630 811 ⁸³.
2661 757 2799 812 Cum
2833 768 3014 813 autem
3049 759 3272 829 quidam
3330 759 3429 817 de-

142 836 494 906 προσπεσὼν
548 841 669 894 ἀντὶ
696 843 794 912 τῆς
837 842 947 897 τῶν
996 847 1294 917 χρημάτων
1344 850 1604 917 ἑκτίσεως

1945 858 1996 897 ιι·
2025 843 2316 908 adductus,
2350 859 2414 899 ac
2437 848 2696 915 quoniam
2728 849 2795 905 ad
2823 865 3000 920 genua
3022 852 3279 909 accidens
3306 854 3428 911 loco

142 927 442 999 ἱκετηρίαν
468 930 836 1001 προσήγαγεν,
866 928 984 987 εἷτα
1011 935 1152 989 κατὰ
1179 937 1273 991 τοῦ
1306 940 1594 1010 ὁμοδούλου
1627 944 1746 997 ὲπι-

144 1019 368 1090 μετρίῳ
393 1020 663 1091 όφλήματι
686 1023 895 1092 πικρῶς
926 1042 984 1078 τε
1017 1028 1110 1079 καὶ
1137 1028 1361 1100 ἀπηνῶς
1386 1029 1739 1100 διατεθέντος,

139 1110 517 1183 ὀργιζόμενον
546 1114 767 1184 ἐποίησε
803 1118 869 1186 τῇ
903 1117 1041 1188 πρὸς
1068 1120 1161 1172 τὸν
1191 1120 1475 1191 ὁμόδουλον
1505 1124 1740 1197 ἀπηνείᾳ

139 1202 240 1254 τὸν
276 1202 533 1274 βασιλέα·
574 1206 667 1259 καὶ
703 1208 1003 1279 προσέταξε
1030 1212 1143 1275 τοῖς
1171 1210 1522 1291 βασανισταῖς
1557 1216 1738 1289 πάγχυ

138 1293 322 1347 αὐτὸν
350 1296 452 1366 τῆς
480 1296 572 1350 τοῦ
604 1296 867 1367 βασιλέως
892 1300 1069 1366 οίκίας
1119 1302 1499 1375 ἀλλοτριῶσαι,
1532 1309 1624 1361 ἐπὶ
1650 1326 1738 1362 το-

1846 936 2241 1005 persolutionis
2275 940 2652 1008 pecuniarum,
2686 942 2985 1011 supplicem
3034 943 3277 1000 libellum
3325 946 3428 1000 ob-

1843 1026 2067 1093 tulerat,
2115 1028 2512 1085 humanitatem
2548 1041 2884 1088 consecutus
2932 1043 3098 1099 esset,
3131 1036 3329 1092 deinde
3356 1038 3429 1094 ob

1845 1118 2121 1173 modicum
2149 1120 2397 1176 debitum
2422 1122 2686 1180 adversus
2717 1138 3046 1179 conservum
3072 1127 3270 1182 acerbe
3304 1143 3431 1185 sese

1841 1216 1896 1263 et
1932 1210 2308 1268 inhumaniter
2332 1212 2616 1280 gessisset,
2653 1231 2722 1270 ex
2764 1216 3170 1273 inhumanitate
3232 1219 3426 1274 adver-

1839 1316 1935 1356 sus
1967 1317 2293 1358 conservum
2315 1306 2449 1358 iram
2481 1306 2625 1376 regis
2662 1310 2977 1376 provocavit
3006 1324 3019 1361 :
3046 1310 3139 1379 qui
3167 1312 3426 1380 quaesito-

144 1387 346 1442 σοῦτόν
371 1406 433 1442 τε
458 1392 777 1461 παρατεῖναι
803 1391 904 1464 τὴν
936 1392 1173 1460 κόλασιν,
1215 1396 1318 1461 ἓως
1356 1396 1422 1450 ἂν
1453 1397 1551 1468 τὴν
1581 1398 1737 1464 ἀξίαν

140 1479 430 1551 τιμωρίαν
457 1481 937 1555 άναποπληρώσῃ.”
957 1484 1198 1555 Ἀληθῶς
1246 1486 1356 1560 γὰρ
1387 1488 1561 1543 ὀϐολοί
1593 1509 1623 1543 τ

1937 1497 2002 1536 no
2031 1484 2176 1554 regis
2202 1475 2527 1551 alienarent,
2556 1494 2719 1557 atque
2743 1503 2809 1543 eo
2865 1504 3040 1559 usque
3095 1490 3420 1559 supplicium

142 1575 290 1626 εἰσιν
327 1573 538 1638 ἀτελεῖς
574 1593 633 1629 τε
669 1577 764 1631 καὶ
791 1577 1147 1652 εὐαρίθμητοι
1176 1580 1312 1652 πρὸς
1343 1583 1606 1653 μυριάδας

1937 1583 2213 1642 rogarent,
2247 1575 2428 1644 quoad
2461 1577 2687 1633 meritas
2738 1593 2929 1648 poenas
2987 1579 3249 1634 dedisset.
3282 1579 3420 1635 Nam

140 1662 363 1718 λάντων
413 1666 853 1738 παρατιθέμενοι,
903 1668 974 1723 τὰ
1011 1669 1117 1723 τῶν
1167 1670 1410 1741 ἀδελφῶν
1449 1672 1602 1744 ήμῶν

1939 1665 1981 1719 ιιί
2011 1666 2231 1734 quidem
2262 1683 2455 1723 revera
2490 1669 2627 1724 viles
2648 1680 2702 1725 et
2732 1680 3020 1726 numeratu
3048 1671 3233 1728 faciles
3268 1682 3422 1742 sunt,

145 1759 302 1827 ἡμᾶς
341 1758 632 1829 ὀφλήματα
680 1749 963 1833 συγκρίσει
991 1763 1082 1816 τὸν
1125 1763 1255 1817 Θεὸν
1301 1765 1409 1818 τῶν
1453 1767 1621 1838 ήμετέ

1936 1771 1959 1807 ιι
1991 1755 2295 1813 innumeris
2326 1757 2547 1814 talentis
2601 1760 2927 1829 comparati,
2964 1759 3256 1814 adversum
3315 1774 3419 1815 nos

144 1849 664 1922 πλημμελημάτων.
729 1853 909 1923 Ζημία
971 1854 1187 1919 πάντως
1241 1857 1391 1909 ἐστὶν
1439 1858 1471 1926 ἡ
1525 1857 1626 1927 ὓὸρ

1936 1847 2015 1900 ita
2057 1845 2310 1911 fratrum,
2347 1849 2392 1903 si
2424 1865 2549 1904 cum
2583 1851 2793 1906 nostris
2821 1850 3091 1906 adversus
3123 1850 3291 1905 Deum
3323 1850 3419 1906 de-

142 1940 379 2014 ἀφορμὴ
415 1944 566 2015 παρά
597 1960 739 2008 τινος
770 1946 1109 2016 γεγενημένη
1133 1986 1147 2008 ,
1175 1946 1208 2017 ἢ
1239 1948 1452 2001 οἰκέτου
1481 1949 1625 2003 κακίι

1934 1936 1979 1991 is
2007 1938 2386 1994 conferantur.
2425 1939 2697 1997 Damnosa
2727 1957 2956 2012 prorsus
2984 1950 3069 1997 est
3093 1942 3174 1997 vel
3202 1941 3417 2013 injurias

144 2034 244 2088 καὶ
283 2036 368 2098 είς
417 2036 729 2106 σωματικὸν
771 2036 998 2091 θάνατον
1030 2038 1315 2110 ἐπιϐουλή·
1348 2036 1466 2093 εἶτα
1498 2043 1563 2095 σὺ
1598 2061 1627 2093 τ

1933 2030 2051 2083 asio
2072 2031 2148 2085 ab
2179 2031 2366 2101 aliquo
2408 2033 2657 2102 praebita,
2713 2034 2795 2088 vel
2848 2035 2993 2090 servi
3020 2034 3291 2105 nequitia,
3327 2036 3416 2091 vel

141 2126 246 2197 τὴν
282 2127 496 2198 ἄμυναν
527 2128 733 2184 τούτων
762 2132 825 2185 ὲν
858 2130 1132 2203 φλεγμονῇ
1168 2133 1391 2203 καρδίας
1417 2134 1623 2204 ὲξερεθί

1932 2136 1993 2173 im
2023 2121 2236 2177 insidiae
2268 2124 2392 2178 vitae
2424 2126 2699 2194 corporali
2765 2132 3008 2188 structa,
3040 2134 3095 2180 et
3127 2134 3186 2181 tu
3221 2126 3287 2180 ad
3332 2128 3415 2181 ul-

144 2217 242 2270 καὶ
293 2219 478 2272 πᾶσαν
515 2219 614 2291 τὴν
655 2219 897 2274 ἐπίνοιαν
955 2222 1034 2284 είς
1085 2221 1183 2293 τὴν
1220 2221 1328 2276 τῶν
1383 2223 1627 2293 προλελυτ

1930 2213 2150 2268 tendum
2176 2215 2446 2283 ejusmodi
2492 2216 2839 2271 incommoda
2878 2232 2973 2286 per
3024 2215 3413 2274 inﬂammatio-

142 2303 324 2357 πότων
354 2306 623 2378 τιμωρίαν
653 2307 957 2380 ἀναζητεῖς,
998 2309 1058 2363 οὐ
1093 2309 1302 2383 λογίζῃο
1355 2313 1404 2364 εί
1453 2314 1549 2382 μὲν
1596 2332 1625 2366 τ

1929 2320 1953 2358 ιι
1986 2304 2170 2362 cordis
2210 2308 2529 2363 accendet-is
2589 2316 2644 2362 et
2706 2308 2961 2372 irritaris,
3001 2315 3056 2362 et
3114 2308 3250 2363 nihil
3302 2325 3412 2365 non

142 2396 368 2466 οἰκέτην
419 2398 449 2450 ὁ
499 2397 668 2467 θυμὸς
699 2399 1055 2469 φλεγμαίνοιο
1104 2402 1185 2455 ὅτι
1234 2404 1294 2456 οὐ
1342 2404 1534 2473 φύσις,
1591 2406 1625 2458 ἀ

1928 2396 2267 2453 nminiseeris
2307 2405 2361 2453 et
2390 2400 2691 2469 exeugitas,
2736 2415 2846 2469 quo
2890 2399 3177 2455 ulciscaris
3231 2415 3327 2456 eos
3381 2415 3411 2455 a

143 2488 433 2540 δυναστεία
477 2488 612 2559 πρὸς
654 2488 899 2543 δουλείαν
947 2507 1007 2544 τε
1044 2493 1138 2547 καὶ
1178 2495 1472 2565 κυριότητα
1527 2496 1587 2549 τὸ

1929 2486 2031 2542 bus
2059 2487 2262 2557 injuria
2292 2489 2583 2545 lacessitus
2613 2490 2691 2545 sis
2713 2530 2728 2554 ,
2770 2504 2878 2544 non
2930 2492 3141 2562 cogitas
3175 2491 3264 2563 (si
3317 2492 3412 2547 ad-

1839 1390 1992 1446 ribus
2033 1399 2088 1446 et
2152 1394 2452 1449 tortoribus
2512 1396 2772 1466 praecepit
2827 1408 2885 1451 ut
2937 1413 3063 1453 eum
3120 1400 3340 1469 penitus
3392 1416 3423 1456 a

144 2576 423 2647 θρὼπινον
470 2577 719 2648 ἔσχισενς
760 2579 850 2651 Τῷ
900 2580 1007 2653 γὰρ
1061 2582 1330 2655 ἀνθρώπῳ
1380 2584 1650 2638 δουλεύειν
1699 2587 1728 2639 ὁ

142 2665 240 2720 τοῦ
274 2667 477 2732 παντὸς
504 2669 783 2741 οἰκονόμος
808 2670 907 2741 τὴν
933 2671 1125 2741 ἄγονον
1151 2674 1312 2741 φύσιν
1338 2676 1504 2746 μόνην
1538 2678 1727 2747 ἐνομο-

145 2754 364 2826 θέτησε,
388 2755 569 2820 καθώς
597 2774 760 2828 φησιν
783 2759 812 2811 ὁ
840 2761 1151 2830 Προφήτης,
1179 2763 1260 2816 ὃτι
1290 2762 1492 2817 Πάντα
1517 2764 1628 2818 ὐπέ

1924 2778 1950 2815 ιι
1983 2778 2155 2832 genus
2207 2765 2507 2819 humanum
2575 2764 2747 2821 scidit.
2800 2775 2965 2835 atque
2996 2765 3223 2820 divisit?
3274 2764 3407 2820 Nam

144 2847 256 2914 ξας
285 2847 563 2903 ὑποκάτω
583 2848 704 2904 τῶν
722 2850 924 2905 ποδῶν
941 2853 1146 2912 αὐτοῦ.
1172 2855 1436 2922 πρόϐατα
1454 2856 1549 2909 καί
1568 2857 1627 2920 ,ϐε

1922 2854 2030 2909 ιιἰηί
2078 2856 2287 2911 servire
2320 2872 2484 2911 unam
2549 2857 2780 2911 rationis
2815 2865 3091 2926 expertem
3130 2865 3405 2921 naturam,

142 2941 390 3007 ἁπάσας
410 2981 426 3004 ,
458 2942 556 2995 καί
599 2941 672 2995 τὰ
699 2945 939 2997 πετεινὰ
970 2943 1067 2997 καὶ
1108 2946 1181 3000 τὰ
1212 2945 1424 3015 κτήνη,
1455 2947 1556 3002 καί
1581 2965 1625 3001 τι

1928 2960 2013 2996 um
2066 2945 2446 3001 universarum
2503 2944 2920 3000 administrator
2974 2946 3089 3015 lege
3122 2945 3408 3000 constituit

142 3028 379 3099 ἰχθύας.
418 3031 604 3087 Ταῦτά
630 3050 690 3086 τε
721 3035 814 3087 καὶ
839 3033 1002 3088 δοῦλα
1032 3036 1445 3106 προσαγορεύει,
1474 3037 1622 3109 φησά

1927 3036 2107 3100 .anxit,
2140 3046 2200 3090 ιιι
2226 3037 2405 3108 inquit
2431 3036 2702 3106 Propheta
2731 3052 2743 3088 :
2771 3037 2965 3092 Omnia
2987 3036 3259 3106 subjetistt'
3285 3035 3410 3090 sub-

142 3121 373 3192 ὲτέρωθι
385 3122 486 3192 τῆς
500 3123 1083 3194 προφητείαςοδιδόντι
1096 3125 1221 3192 τοῖς
1235 3127 1481 3194 κτήνεσι
1497 3146 1625 3197 τρος

1951 3126 2105 3194 pedes
2135 3127 2271 3196 ejus,
2308 3144 2426 3183 oves
2469 3137 2519 3182 et
2553 3127 2702 3183 bores
2736 3132 3045 3189 universas,
3086 3127 3322 3183 volucres
3354 3134 3407 3183 ct

143 3211 365 3273 αὐτῶν,
384 3213 478 3266 καί
499 3216 694 3282 χλόην
710 3213 787 3283 τῇ
806 3215 1053 3284 δουλείᾳ
1072 3216 1189 3270 τῶν
1202 3219 1543 3287 ἀνθρώπων.
1553 3222 1623 3274 Τὸ

1921 3228 2083 3283 tanta,
2104 3230 2152 3272 et
2190 3219 2357 3286 pisces
2381 3218 2449 3275 ιι.
2490 3220 2664 3289 Atque
2731 3218 2844 3274 lucc
2883 3218 3051 3274 etiam
3109 3233 3271 3273 serva
3307 3233 3404 3286 ap-

142 3304 432 3375 ἄνθρωπον
460 3308 523 3375 τῇ
550 3306 870 3377 αὐτεξουσίᾳ
889 3308 1072 3380 χάριτι
1099 3309 1529 3382 κατεκόσμησεν.
1562 3313 1625 3363 ’Ὠ

1924 3310 2007 3371 lat,
2045 3324 2170 3363 cum
2225 3310 2278 3363 in
2346 3308 2453 3362 alio
2511 3309 2634 3364 loco
2685 3307 2960 3377 Propheta
3000 3308 3184 3363 dicat:
3241 3307 3407 3362 θαηιὶ

149 3393 215 3447 τὺ
240 3393 360 3448 ἴσον
386 3395 499 3465 ἔχει
532 3412 616 3449 σοι
642 3394 719 3467 τῷ
745 3396 844 3467 τῆς
876 3398 1089 3466 φύσεως
1120 3398 1409 3470 ἀξιώματι,
1439 3403 1468 3454 ὁ
1493 3403 1632 3467 ὑπεζ

1919 3399 2107 3452 roribus
2139 3399 2450 3452 alimentum
2504 3399 2763 3467 ipsorum,
2826 3408 2876 3452 et
2932 3398 3150 3452 herbam
3191 3400 3402 3454 servitio

144 3486 343 3556 γμένος
382 3486 638 3561 συνηθείᾳ
665 3488 760 3541 καὶ
789 3488 957 3560 νόμῳ,
989 3490 1112 3543 οὔτε
1159 3491 1307 3561 παρὰ
1355 3491 1449 3545 σοῦ
1472 3493 1717 3561 γέγονεν,

144 3576 267 3632 οὔτε
285 3578 345 3630 ἐν
372 3579 456 3631 σοι
475 3579 565 3650 ζῇ,
595 3578 720 3634 οὔτε
732 3578 833 3643 τὰς
852 3581 1165 3650 σωματικάς
1181 3598 1240 3633 τε
1256 3582 1350 3635 καὶ
1377 3582 1474 3645 τὰς
1485 3582 1723 3654 ψυχικὰς

142 3672 242 3743 τῆς
257 3671 435 3743 ψυχῆς
458 3672 736 3743 ἐνεργείας
762 3673 913 3744 παρά
942 3672 1036 3727 σοῦ
1053 3672 1235 3727 λαϐὼν
1264 3674 1396 3745 ἔχει.
1426 3676 1491 3728 Τί
1515 3671 1610 3730 οὖν
1640 3694 1724 3731 το-

146 3763 332 3817 σοῦτον
353 3764 592 3829 ὲπιζέεις
612 3767 729 3818 κατ’
755 3764 919 3818 αὐτοῦ
932 3765 1007 3836 τῷ
1023 3765 1200 3836 θυμῷ,
1215 3766 1631 3838 ρᾳθυμήσαντός
1646 3785 1723 3822 τι-

144 3869 249 3917 νος,
270 3855 305 3925 ἢ
330 3854 758 3926 ἀποστήσαντος,
782 3855 970 3926 ἢτάχα
993 3857 1394 3928 καταφρόνησιν
1421 3858 1719 3931 ἐνδειξαμέ-

142 3963 235 4000 νου
255 3962 337 3999 σοι
357 3945 499 3999 κατά
521 3945 833 4018 πρόσωπον;
855 3947 984 4000 Δέον
999 3948 1134 4018 πρὸς
1150 3949 1340 4002 ἑαυτὸν
1360 3948 1596 4019 βλέπειν,
1609 3944 1721 4015 οἷος

1828 2595 2022 2647 versus
2046 2595 2263 2635 servum
2305 2582 2562 2636 nimirum
2609 2585 2682 2636 ita
2721 2583 3039 2650 exarseris)
3093 2584 3240 2653 quod
3296 2598 3409 2639 non

1828 2680 2046 2735 natura,
2081 2674 2177 2729 sed
2209 2675 2292 2730 vis
2319 2674 2372 2729 in
2404 2676 2720 2731 servitutem
2759 2676 2966 2746 pariter
2991 2685 3044 2730 et
3072 2676 3408 2731 dominatio-

1823 3488 2094 3542 hominum
2128 3489 2196 3554 ⁸¹¹⁵;
2235 3489 2509 3544 hominem
2550 3504 2678 3543 vero
2725 3490 2959 3558 propria:
2990 3503 3057 3544 ac
3086 3490 3270 3545 libera!
3305 3505 3402 3545 vo-

1822 3580 2049 3636 luntatis
2074 3581 2245 3649 gratia
2293 3596 2357 3635 ac
2390 3581 2537 3635 dono
2562 3580 2861 3635 decoravit.
2908 3580 3096 3651 Itaque
3136 3590 3400 3653 quantum

1821 3669 1891 3724 ad
1916 3679 2125 3724 naturae
2154 3669 2470 3740 dignitatem
2491 3670 2705 3732 attinet,
2727 3668 2974 3738 ejusdem
3004 3677 3184 3723 tecum
3208 3671 3401 3726 condi-

1820 3761 1988 3817 tionis
2016 3762 2064 3817 is
2090 3770 2196 3822 est,
2236 3763 2330 3831 qui
2358 3762 2474 3831 lege
2496 3768 2660 3831 atque
2685 3740 3084 3835 consu‘etu‘dine
3135 3762 3235 3816 tibi
3266 3762 3400 3819 sub-

1819 3852 1973 3909 ditus
2007 3861 2113 3915 est,
2137 3868 2314 3923 neque
2337 3868 2367 3917 ξι
2398 3861 2449 3908 te
2480 3852 2658 3908 factus
2682 3861 2787 3916 est,
2816 3868 2993 3923 neque
3023 3868 3118 3923 per
3142 3861 3195 3908 te
3226 3854 3400 3923 vivit;

1816 3960 1999 4015 neque
2032 3944 2281 4014 corporis
2313 3946 2517 4014 pariter
2568 3953 2623 3999 et
2656 3943 2825 3999 animi
2879 3942 3150 3999 etlicarias
3194 3943 3294 3999 abs
3346 3952 3401 3998 te

143 4040 205 4092 σὺ
252 4037 485 4106 γέγονας
527 4036 607 4107 τῷ
649 4038 894 4112 Δεσπότῃ
920 4037 998 4109 τῷ
1038 4039 1303 4094 πλάσαντι
1344 4058 1404 4095 σε
1448 4042 1542 4097 καὶ
1579 4061 1626 4097 πε

1915 4044 1983 4091 tet
2013 4043 2287 4106 acceptas.
2321 4034 2465 4102 Quid
2497 4035 2664 4105 igitur
2698 4034 2966 4092 adversus
3012 4049 3137 4093 eum
3174 4026 3398 4090 iracun-

137 4120 402 4199 αγαγόντι
444 4130 532 4183 διὰ
570 4128 839 4197 γενέσεως
857 4171 873 4195 ,
923 4132 1018 4184 καὶ
1049 4133 1300 4187 κοινωνόν
1331 4150 1389 4187 σε
1416 4134 1523 4187 τῶν
1556 4136 1614 4188 ὲν

1941 4137 2227 4199 tantOpere
2270 4128 2608 4193 effervescis,
2668 4128 2714 4184 si
2748 4128 2872 4199 quis
2938 4127 3303 4199 negligentior
3343 4135 3399 4184 et

141 4224 330 4294 κόσμῳ
360 4221 658 4293 θαυμάτων
690 4225 1011 4295 ποιήσαντι;
1043 4223 1134 4295 Τῷ
1163 4224 1418 4296 προθέντι
1447 4226 1538 4280 τὸν
1566 4227 1624 4299 ἦ)

1911 4221 2129 4277 nissiori
2162 4222 2369 4283 animo,
2426 4230 2523 4276 aut
2559 4221 2825 4291 fugitivus
2855 4219 3041 4284 fuerit,
3074 4220 3158 4275 vel
3216 4219 3394 4290 palam

140 4317 217 4379 εἰς
260 4313 582 4380 ἀπόλαυσιν,
630 4316 725 4370 καὶ
770 4316 948 4379 πάσας
982 4315 1081 4379 τὰς
1105 4315 1199 4370 τοῦ
1243 4315 1343 4388 ζῇν
1370 4318 1623 4390 ἀφορμὰς

1913 4315 2072 4370 lassis
2104 4313 2372 4370 adversus
2393 4323 2445 4369 te
2468 4312 2929 4368 contumaciorem
2961 4326 3022 4366 se
3048 4310 3396 4376 exhibuerit,

139 4408 244 4461 τῶν
294 4406 575 4478 στοιχείων
621 4406 995 4479 χαρισαμένῳ,
1042 4409 1107 4461 ὲκ
1139 4409 1242 4479 γῆς
1272 4426 1332 4462 τε
1380 4410 1472 4463 καὶ
1514 4428 1622 4483 πυρ

1913 4422 1943 4459 ιι
1975 4414 2029 4462 te
2047 4407 2237 4476 ipsum
2271 4406 2546 4475 inspicere
2578 4410 2862 4474 oporteat,
2892 4403 3072 4473 qualis
3103 4409 3162 4457 ιιι
3206 4401 3396 4458 adver-

140 4501 232 4555 καὶ
258 4501 440 4572 ἀέρος,
463 4501 557 4555 καλ⁵
586 4500 804 4568 ὕδατος;
832 4499 922 4571 Τῷ
949 4502 1347 4572 παρασχομένῳ
1373 4501 1472 4573 τὴν
1497 4502 1623 4557 διανι

1941 4495 2230 4551 Dominum
2267 4494 2471 4556 fueris,
2504 4493 2597 4563 qui
2630 4503 2683 4549 te
2734 4491 3010 4556 formavit,
3067 4491 3162 4563 qui
3192 4498 3246 4548 te
3300 4506 3395 4561 per

136 4592 293 4666 τικήν
319 4593 501 4665 χάριν,
533 4592 633 4663 τὴν
662 4593 1056 4666 ἀντιληπτικὴν
1088 4593 1359 4665 αἴσθησιν,
1387 4594 1484 4665 τὴν
1507 4594 1619 4649 διακ

1912 4590 2155 4644 ivitatem
2191 4588 2473 4660 produxit,
2511 4594 2565 4644 et
2610 4587 3003 4642 miraculorum
3048 4585 3237 4640 mundi
3269 4600 3395 4654 par-

135 4683 294 4756 τικὴν
316 4682 483 4738 καλοῦ
506 4701 567 4737 τε
595 4684 687 4738 καὶ
711 4684 953 4756 χείρονος
979 4685 1315 4755 ἐπιστήμηνς
1342 4683 1467 4748 Πῶς
1490 4686 1553 4739 σὺ
1576 4702 1618 4739 π

1912 4695 2032 4750 pem
2062 4680 2231 4747 fecit;
2278 4681 2372 4751 qui
2421 4679 2590 4755 solem
2633 4677 2701 4732 ad
2747 4677 3041 4734 fruendum
3107 4675 3392 4747 proposuit

136 4773 226 4826 τὸν
275 4772 515 4848 τοιοίξτον
557 4773 833 4845 Δεσπότην
883 4773 979 4844 έση
1018 4774 1354 4844 καταπειθὴς
1401 4776 1495 4828 καὶ
1533 4775 1619 4841 ἁπη

1904 4787 1967 4827 ex
2001 4772 2291 4827 elementis
2319 4771 2503 4826 omnia
2549 4769 2765 4824 vivendi
2821 4767 3070 4824 subsidia
3136 4765 3387 4837 praebuit,

1811 4877 1876 4918 ex
1919 4871 2085 4925 terra,
2116 4877 2184 4918 ex
2222 4862 2359 4933 igni,
2394 4878 2463 4917 ex
2517 4876 2665 4926 aere,
2699 4868 2752 4915 et
2787 4874 2965 4929 aqua;
3036 4861 3129 4928 qui
3185 4857 3389 4912 donum

136 4972 329 5019 τευσας
356 4955 492 5027 πρὸς
531 4957 627 5028 τὴν
656 4957 962 5027 ἁμαρτίανς
995 4957 1109 5010 Οὐκ
1137 4955 1450 5026 ἀντηλλάξω
1475 4957 1573 5028 τὴν
1611 4976 1619 5007 ε

1903 4954 2111 5023 ςίιειιιιιὶ,
2147 4953 2619 5012 animadvertendi
2648 4950 3103 5022 intelligendique
3127 4949 3349 5019 praebuit
3374 4966 3386 5015 ;

144 5045 304 5118 ιηρέω
339 5045 694 5111 ossam-dav;
731 5047 804 5099 Οὐ
836 5045 898 5099 τό
923 5062 987 5115 γε
1004 5030 1112 5135 ’ἐπὶ
1143 5045 1224 5099 σοι
1254 5046 1459 5118 ἔρημον
1483 5046 1580 5117 τὴν
1612 5065 1627 5098 -.

1940 5047 2383 5118 apprehendendi
2414 5056 2471 5104 et
2511 5045 2841 5135 defendendi
2882 5059 3128 5135 sensum,
3160 5043 3254 5135 qui
3283 5043 3408 5135 in...

136 5135 404 5190 Δεσπότω
434 5136 720 5200 κατέλιπες
742 5137 940 5198 οἰκίαν,
970 5137 1029 5188 ὲν
1052 5128 1096 5203 ᾧ
1120 5133 1352 5206 ἐτάχθης
1379 5134 1617 5207 ἐργάζεσ

1903 5154 1941 5193 n
1970 5155 2002 5193 a
2035 5138 2179 5194 malo
2210 5137 2557 5195 discernendi
2586 5128 2872 5195 scientiam
2912 5134 3105 5190 dedit?
3129 5134 3223 5204 qui
3271 5133 3386 5189 fieri

136 5231 226 5283 καὶ
256 5226 568 5295 φυλάσσειν,
596 5228 786 5281 τούτου
818 5227 1222 5299 ἀπεφοίτησαςς
1265 5227 1346 5281 Τὰ
1375 5227 1435 5281 δὲ
1475 5228 1619 5282 κατα

1909 5245 1975 5284 ur
2004 5236 2189 5300 potest
2232 5238 2291 5283 ut
2335 5238 2394 5284 tu
2433 5228 2708 5300 ejusmodi
2749 5226 2981 5284 Domino
3018 5225 3265 5289 obedias,
3331 5233 3388 5280 ut

135 5319 370 5390 λεγμένα
418 5318 893 5391 πλημμελήματα,
924 5318 1022 5391 οὑχ
1060 5318 1167 5372 ὑπὸ
1200 5318 1438 5397 μάρτυρι
1477 5318 1557 5391 τῷ
1588 5320 1618 5373 6

1908 5337 1932 5377 [ι
1966 5337 2075 5378 non
2101 5320 2391 5378 offendas?
2420 5335 2489 5377 an
2521 5336 2632 5377 non
2681 5335 2713 5376 a
2743 5320 3027 5377 dominatu
3067 5318 3344 5377 descivisti
3365 5319 3391 5371 7

132 5409 212 5482 τῷ
240 5410 511 5481 πανταχοῦ
543 5411 681 5475 όντι,
713 5414 809 5466 καὶ
838 5412 1013 5466 πάντα
1042 5411 1327 5484 ὲφορῶντι,
1356 5411 1390 5483 ἦ
1422 5412 1615 5483 πράττε

1911 5429 2022 5471 non
2055 5412 2125 5470 ad
2154 5422 2444 5488 peccatum
2470 5413 2811 5495 profugisti?
2842 5430 2911 5470 an
2945 5428 3057 5469 non
3080 5412 3386 5486 improbqu

139 4880 367 4928 σκοπτος
391 4880 407 4930 ;
432 4865 545 4918 Οὐκ
565 4866 807 4935 ἀπέστης
829 4865 929 4935 τῆς
948 4865 1265 4928 δεσποτείας
1284 4881 1299 4929 ;
1332 4867 1448 4920 Οὐκ
1479 4865 1711 4938 ὲδραπέ·

204 5593 250 5626 “
286 5591 478 5647 Matth.
508 5607 644 5649 xvu.
722 5592 770 5624 “
805 5591 955 5649 Psal.
984 5609 1118 5661 vin,
1152 5591 1205 5649 8.
1265 5592 1310 5627 "
1352 5593 1497 5650 Psal.
1532 5607 1766 5661 ειιγιιι,
1796 5595 1850 5660 8.
