3756 5988
345 180 477 240 H3!

1578 171 1637 227 S.
1663 167 1991 225 GliEGUllll
2030 168 2319 226 NYSSENI

3482 168 3614 223 “92

342 298 626 355 dominum
657 309 755 366 pro
782 295 928 351 bono
951 306 1237 363 amplexus
1266 289 1363 347 es?
1392 304 1460 344 au
1491 302 1623 354 non,
1655 293 1921 361 quantum

2092 286 2297 355 λέγεις,
2342 286 2375 355 ἢ
2416 285 2631 354 φρονεῖς
2678 284 2745 337 τὰ
2799 283 2872 354 μὴ
2920 282 3145 350 ῑέονσας
3193 278 3331 336 Εἶτα
3378 282 3615 347 τοιοῦτος

343 393 399 447 in
432 401 484 447 te
520 389 645 452 fuit.
677 388 954 446 desertam
985 385 1203 441 Domini
1226 384 1448 439 domum
1477 380 1771 450 reliquisti,
1795 394 1922 433 cum

343 484 435 538 ubi
463 484 767 538 collocatus
790 495 915 536 eras
938 479 1005 534 ad
1034 475 1370 549 onerandum
1393 482 1447 530 et
1475 471 1922 536 custodiendum,

344 575 473 630 inde
499 573 808 630 discessisti
835 574 858 627 ?
889 579 1053 642 atque
1081 576 1402 625 enumerata
1436 567 1657 631 delicta,
1712 580 1780 618 an
1815 578 1923 616 nou

347 668 463 724 Deo
496 678 653 733 teste,
694 669 788 739 qui
823 667 1024 736 ubique
1058 672 1162 730 est,
1201 674 1253 718 et
1278 663 1462 718 omnia
1529 660 1926 722 intuetur,,aut

348 761 671 825 committis,
710 770 802 815 aut
842 759 1001 819 dicis.
1041 765 1136 811 aut
1182 757 1394 828 Cogitas
1442 770 1504 809 ea
1564 767 1684 822 qua:
1741 749 1927 803 animo

348 856 640 924 concipere
674 868 782 908 non
826 852 1085 923 Oportet?
1116 849 1181 902 Et
1231 849 1354 903 talis
1407 862 1532 901 cum
1594 845 1695 908 sis,
1729 850 1783 896 et
1846 846 1924 894 tot

347 947 667 1001 nominibus
726 946 1035 1007 obnoxius,
1087 954 1342 1011 magnum
1396 937 1603 1006 aliquid
1655 947 1922 989 censervo

347 1040 534 1111 largiri
566 1048 618 1095 te
646 1054 826 1110 putas.
865 1039 909 1093 si
950 1038 1017 1091 ad
1047 1033 1268 1105 aliquod
1301 1032 1420 1102 ejus
1450 1032 1504 1084 in
1556 1033 1919 1097 te.pccratum

2029 378 2127 444 ὢν,
2154 396 2250 433 και
2268 377 2542 441 τοσούτοις
2564 377 2868 448 ὑπόχρεως,
2897 375 3040 446 μέγα
3065 393 3118 429 τι
3138 375 3227 449 οἴῃ
3246 375 3325 446 τῷ
3343 374 3617 447 ὁμοδούλῳ

2031 470 2387 544 χαρίζεσθαι,
2429 471 2483 525 εἴ
2509 485 2564 522 τι
2590 469 2697 523 τῶν
2731 471 2810 532 είς
2851 468 2912 521 σὲ
2943 467 3447 539 πλημμεληθέντων
3481 481 3619 539 stap-

2034 567 2193 632 ίδοις;
2241 566 2303 618 Εἰ
2344 564 2521 618 τοίνυν
2566 562 2854 633 μέλλοιμεν
2904 562 3203 631 προσάγειν
3249 559 3329 630 τῷ
3368 560 3489 631 Θεῷ
3522 559 3617 630 τὴν

2033 661 2173 731 ὑπὲρ
2203 658 2299 713 τοῦ
2325 657 2506 721 ἐλέους
2530 656 2622 710 καὶ
2643 656 2742 727 τῆς
2766 656 3096 725 συγγνώμης
3125 653 3492 727 παράκλησιν.
3519 673 3619 709 πα-

2027 753 2455 824 ρασκευάσωμεν
2500 749 2579 820 τῷ
2623 746 2885 801 συνειδότι
2933 748 3028 818 τὴν
3058 746 3394 819 παρρησίαν,
3424 746 3498 808 ὡς
3527 746 3619 800 τὸν

2026 844 2140 912 βίον
2192 843 2494 912 συνήγορον
2541 841 2641 910 τῆς
2688 841 2872 910 φωνῆς
2917 839 3121 908 ταύτης
3166 836 3616 910 προστήσασθαι,

2023 930 2118 984 καὶ
2171 931 2347 984 εἰπεῖν
2393 930 2629 1001 ἀληθῶς·
2680 931 2762 985 ὃτι
2803 933 2914 986 Καὶ
2952 933 3116 1004 ἡμεῖς
3164 930 3460 1001 ἀφήκαμεν
3510 928 3621 989 τοῖς
3720 952 3721 981 1

2023 1021 2330 1089 ὀφείλουσιν
2364 1024 2520 1092 ἡμῖν.

344 1132 610 1187 exanimi
661 1132 886 1184 lenitate
941 1126 1283 1183 conniveas?
1342 1123 1398 1178 Si
1432 1123 1597 1190 igitur
1659 1119 1766 1172 Deo
1831 1130 1931 1186 pro
1974 1113 2354 1168 misericordia
2429 1122 2591 1184 atque
2640 1116 2794 1170 venia
2870 1132 3060 1187 preces
3122 1116 3367 1170 oblatnri
3425 1115 3619 1177 simus,

347 1224 689 1282 Conscientia
721 1222 976 1276 fiduciam
1009 1220 1171 1274 nobis
1211 1231 1486 1288 paremus,
1524 1222 1581 1267 ut
1614 1213 1777 1265 vitam
1835 1215 2075 1260 nostram
2112 1207 2431 1260 advocatam
2494 1215 2549 1261 et
2591 1217 2877 1276 patronam
2958 1210 3086 1263 huic
3161 1210 3281 1264 vovi
3361 1207 3625 1278 prmliria—

349 1335 492 1381 mus,
529 1326 583 1373 et
611 1331 737 1371 vere
765 1315 1014 1370 dicamus
1040 1332 1053 1368 :
1099 1313 1162 1367 Et
1204 1327 1305 1367 nos
1341 1310 1652 1365 remisimus
1682 1301 2004 1358 debentibus
2034 1301 2211 1354 nobis.
2539 1284 2546 1293 ’
3576 1281 3589 1292 ’

422 1409 526 1466 Sed
560 1407 689 1480 quid
720 1407 823 1463 sibi
871 1408 985 1460 vult
1026 1405 1079 1460 id
1117 1405 1262 1476 quod
1320 1401 1482 1457 modo
1521 1401 1684 1455 dictis
1741 1398 1928 1452 statim

351 1503 626 1571 adjectum
663 1498 792 1553 est?
824 1498 1199 1552 necessarium
1240 1494 1497 1550 eximimo
1537 1507 1606 1545 ne
1658 1491 1760 1543 hoc
1810 1488 1931 1556 qui-

2107 1396 2150 1447 Τ
2156 1394 2172 1448 ί
2207 1395 2455 1466 βούλεται
2493 1396 2554 1450 τὸ
2587 1396 2784 1467 ἑφεξῆς
2809 1389 2925 1461 τοῖς
2950 1395 3261 1469 εἰρημένοις
3283 1395 3615 1464 προσκεέμεο

2035 1502 2157 1549 νονζ
2204 1486 2542 1554 Ἀναγκαίως
2586 1482 2765 1556 οἶμαι,
2819 1485 2955 1557 μηδὲ
3028 1483 3186 1537 τοῦτο
3242 1482 3618 1552 παραδραμεῖν

352 1594 474 1649 dem
537 1589 816 1660 praeterire
874 1589 1226 1642 inexcussum
1286 1594 1340 1639 et
1388 1581 1822 1650 inexplicatum,
1879 1587 1928 1630 ut

2089 1577 2369 1648 ὶεώρητον,
2401 1578 2476 1641 ὼς
2502 1576 2568 1631 ἂν
2590 1555 2789 1642 εἰδότες
2808 1571 2852 1645 ᾧ
2882 1555 3318 1649 προσευχόμεθα,
3356 1574 3498 1642 ψυχῇ
3528 1572 3618 1623 καὶ

353 1688 594 1743 scientes
627 1684 891 1753 quidnam
922 1692 1165 1743 oremus,
1199 1693 1306 1732 non
1339 1688 1588 1745 corpore,
1622 1671 1715 1726 sed
1749 1670 1931 1722 auium

355 1776 812 1848 supplicationem
856 1771 1152 1826 offeramus
1183 1788 1196 1824 :
1242 1767 1324 1822 Ne
1351 1784 1446 1822 nos
1490 1765 1715 1818 inducas
1747 1762 1801 1813 in
1828 1768 1939 1813 ten-

357 1869 630 1929 talionem,
660 1862 749 1918 sed
780 1861 950 1917 libera
987 1876 1082 1913 nos
1125 1875 1157 1912 a
1188 1857 1351 1911 malo.
1393 1855 1675 1922 Quaenam,
1717 1850 1935 1911 fratres,

355 1954 554 2013 horum
595 1956 887 2010 verborum
932 1952 1014 2006 vis
1044 1950 1176 2005 est?
1214 1947 1441 2002 Videtur
1477 1945 1609 1998 mihi
1676 1940 1938 1994 Dominus

358 2033 542 2106 multis
567 2060 631 2103 ac
652 2046 886 2101 diversis
910 2042 1196 2100 vocabulis
1222 2040 1427 2094 malum
1456 2039 1605 2091 illum
1632 2034 1938 2093 nominare,

357 2144 509 2207 dum,
536 2140 692 2211 juxta
723 2137 1083 2194 ditiorentiatn
1121 2147 1412 2206 pravarum
1444 2129 1853 2186 eﬂicientiarum
1886 2132 1940 2178 et

359 2232 740 2303 improborum
768 2226 1183 2286 exercitiorum,
1218 2223 1408 2278 multis
1444 2218 1761 2274 nominibus
1813 2229 1938 2269 eum

360 2325 621 2395 appellat,
651 2319 963 2383 Diabolum,
994 2316 1304 2378 Beelzebul,
1349 2312 1739 2371 Mammonam,
1790 2306 1940 2377 prin-

361 2421 535 2487 cipem
573 2413 784 2478 mundi,
809 2410 1159 2471 homicidam,
1192 2406 1528 2476 improbum,
1558 2408 1769 2474 patrem
1795 2412 1943 2452 men-

361 2509 526 2572 dacii,
558 2506 792 2576 aliisque
820 2502 1115 2558 similibus.
1156 2497 1409 2553 Forsitan
1442 2496 1608 2566 igitur
1641 2508 1808 2547 unum
1844 2491 1940 2543 ali-

363 2597 509 2669 quod
549 2613 614 2652 ex
658 2598 725 2650 iis
760 2609 881 2665 qua:
923 2592 1073 2646 circa
1118 2604 1241 2643 eum
1281 2586 1668 2654 intelliguntur
1708 2578 1941 2633 nomini-

364 2667 468 2745 bus
496 2694 580 2744 est
611 2688 776 2742 etiam
805 2683 1055 2743 teutatio,
1091 2694 1155 2733 ac
1174 2676 1462 2733 conﬁrmat
1491 2672 1649 2727 nobis
1672 2667 1941 2738 ejusmodi

364 2781 679 2851 opinionem
711 2772 1107 2830 conrordantia
1145 2781 1311 2838 atque
1340 2763 1721 2822 convenientia
1763 2760 1942 2815 dicto-

367 2888 510 2928 rum.
547 2872 680 2925 Cum
723 2867 956 2922 dixisset
987 2866 1159 2924 enim,
1200 2859 1283 2916 Ne
1305 2859 1527 2915 inducas
1556 2872 1650 2910 nos
1673 2856 1729 2908 in
1768 2861 1937 2907 tenta-

368 2966 562 3019 lionem
583 2978 600 3015 :
625 2958 934 3029 subjunxit,
956 2954 1193 3009 Liberari
1220 2969 1252 3005 a
1275 2950 1417 3004 maio
1433 2965 1451 3013 ;
1469 2946 1625 3017 quasi
1648 2959 1734 2999 res
1755 2943 1941 2996 eadem

368 3070 465 3126 per
495 3061 788 3120 utrumque
824 3063 1023 3103 nomen
1079 3043 1440 3114 signiﬁcetur.
1499 3036 1634 3091 Nam
1681 3035 1724 3088 si
1766 3036 1813 3088 is
1849 3031 1942 3101 qui

302 3154 305 3157 '
371 3154 478 3200 non
516 3145 810 3213 ingressus
856 3146 942 3192 est
997 3137 1052 3190 in
1107 3135 1462 3189 tentationem
1525 3140 1756 3196 prorsus
1790 3134 1944 3177 extra

370 3208 731 3295 inalumvest,
790 3241 952 3299 atque
997 3229 1043 3282 is
1096 3225 1189 3297 qui
1241 3224 1295 3277 in
1353 3221 1709 3276 tentationem
1757 3208 1948 3268 incidit

373 3326 428 3379 in
496 3318 640 3377 malo
704 3319 1020 3375 necessario
1085 3321 1378 3377 versatur,
1452 3312 1637 3380 utique
1715 3304 1949 3360 tentatio

369 3424 426 3472 et
502 3415 680 3469 malus
759 3409 1159 3482 signiﬁcatione
1245 3418 1411 3459 unum
1498 3400 1717 3472 quidem
1797 3403 1948 3451 sunt.

370 3506 451 3563 Ad
495 3505 624 3575 quid
671 3504 838 3574 igitur
896 3516 994 3555 nos
1039 3498 1308 3570 ejusmodi
1372 3492 1640 3550 orationis
1698 3490 1951 3545 doctrina

370 3597 665 3654 hortatur?
723 3593 793 3651 Ut
873 3593 1142 3648 evitemus
1208 3602 1271 3645 ac
1344 3588 1618 3657 lugiamus
1696 3596 1791 3637 eas
1865 3591 1951 3632 res

370 3703 494 3759 quae
589 3701 683 3756 per
765 3685 910 3738 hunc
1001 3681 1264 3735 mundum
1349 3683 1702 3745 spectantur,
1768 3672 1954 3736 quem-

373 3755 669 3833 aduiodum
712 3774 838 3827 alibi
877 3771 1011 3825 dicit
1039 3770 1104 3823 ad
1145 3769 1482 3837 discipulos:
1519 3761 1680 3816 Totus
1724 3755 1948 3811 mundus

372 3873 426 3924 iu
449 3869 590 3923 malo
611 3868 746 3921 situs
774 3875 847 3919 est
870 3863 937 3918 ".
968 3861 1108 3931 Ergo
1139 3859 1230 3930 qui
1259 3865 1414 3912 extra
1447 3855 1647 3909 malum
1671 3866 1794 3907 esse
1812 3848 1950 3908 vult,

376 3959 693 4024 necessario
726 3971 847 4013 sese
877 3970 905 4008 a
939 3952 1145 4007 inundo
1168 3948 1496 4022 segregabit.
1526 3944 1644 4000 Non
1693 3943 1838 3999 enim
1876 3940 1950 3992 lo~

375 4070 501 4110 cum
535 4054 695 4107 habet
723 4047 953 4105 teutatio
996 4045 1234 4101 animam
1291 4039 1614 4111 attingendi,
1672 4036 1777 4091 nisi
1834 4041 1952 4086 tau-

376 4160 539 4217 quam
569 4157 751 4198 escam
778 4137 1070 4210 quamdam
1097 4137 1238 4190 hanc
1270 4133 1607 4187 mundanam
1636 4127 1954 4196 occupatio-

2041 1672 2116 1743 μὴ
2165 1671 2376 1742 σώματι
2423 1671 2627 1724 ἱκεσίαν
2672 1670 3064 1742 προσάγωμεν·
3125 1665 3222 1734 Μὴ
3271 1663 3617 1732 εἰσενέγκῃς

2038 1762 2200 1832 ἡμᾶς
2253 1765 2339 1828 είς
2376 1762 2730 1831 πειρασμόν
2772 1762 2934 1815 ἀλλὰ
2955 1761 3142 1827 ῥῦσαι
3186 1756 3338 1825 ἡμᾶς
3374 1758 3486 1809 άπὲ
3515 1754 3616 1807 τοῦ

2039 1855 2330 1923 πονηροῦ.
2365 1854 2482 1918 Τίς,
2519 1852 2759 1921 ἀδελφοὶ,
2796 1851 2903 1907 τῶν
2954 1852 3261 1922 εἰρημένων
3292 1851 3325 1921 ή
3356 1848 3612 1918 δύναμιςς

2041 1949 2331 2016 Δοκεῖ’μοι
2383 1946 2734 2017 πολυτρόπως
2781 1962 2839 1998 τε
2880 1946 2973 1998 καὶ
3018 1943 3294 2015 διαφόρως
3339 1944 3367 1995 6
3417 1941 3615 2012 Ktiptt;

2039 2039 2131 2092 τὸν
2162 2038 2328 2092 κακὸν
2361 2037 2668 2107 ὀνομάζειν,
2716 2036 2853 2090 κατὰ
2891 2036 2989 2098 τὰς
3026 2035 3134 2088 τῶν
3168 2033 3422 2104 πονηρῶν
3464 2034 3616 2101 ἐνερ-

2041 2131 2205 2199 γειῶν
2240 2132 2500 2200 διαφορὰς
2539 2129 2909 2198 πολυωνύμως
2954 2128 3115 2182 αὑτὸν
3153 2127 3469 2188 ἀποκαλῶν,
3508 2126 3617 2178 διά-

2042 2220 2219 2283 ϐολον,
2250 2220 2596 2285 Βεελζεϐοὺλ,
2628 2220 2975 2290 Μαμμωνὰν,
3001 2220 3235 2290 ἄρχοντα
3264 2217 3360 2271 τοῦ
3390 2217 3613 2285 κόσμου,

2042 2312 2506 2385 ἀνθρωποκτόνον,
2542 2310 2797 2382 πονηρὸν,
2835 2309 3049 2379 πατέρα
3079 2308 3328 2379 ψεύδους,
3360 2308 3453 2359 καὶ
3484 2307 3616 2359 ἄλλα

2042 2402 2287 2459 τοιαῦτα.
2330 2402 2484 2473 Τάχα
2515 2390 2694 2455 τοίνυν
2725 2400 2781 2453 ἓν
2814 2400 2924 2453 τῶν
2951 2401 3079 2471 περὶ
3109 2398 3273 2451 αὐτὸν
3315 2398 3617 2468 νοουμένων

2041 2494 2214 2565 ὄνομά
2269 2493 2321 2548 τί
2378 2496 2493 2547 ἐστι
2541 2485 2634 2547 καὶ
2682 2493 2711 2543 6
2751 2488 3088 2561 πειρασμὸς,
3136 2488 3230 2543 καὶ
3272 2488 3480 2557 βεϐαιοῖ
3526 2485 3617 2557 τὴν

2041 2582 2295 2649 τοιαύτην
2347 2583 2478 2653 ἡμῖν
2521 2580 2773 2635 ὑπόνοιαν
2818 2582 2851 2649 ἡ
2911 2580 3016 2632 τῶν
3063 2579 3368 2650 εἰρημένων
3422 2576 3617 2629 σύστα-

2046 2691 2149 2741 σις.
2201 2675 2383 2729 Εἰπὼν
2455 2673 2586 2743 γὰρ,
2640 2671 2736 2738 Μὴ
2779 2671 3130 2740 εἰσενέγκῃς
3171 2666 3332 2739 ἡμᾶς
3365 2671 3454 2734 εἰς
3494 2683 3619 2720 πει.

2036 2766 2297 2837 ρασμὸν,
2320 2767 2598 2835 ἐπήγαγεν
2626 2763 2687 2817 τὸ
2723 2760 3049 2831 Ῥυσθοῆναι
3069 2763 3187 2816 ἀπὸ
3204 2761 3311 2814 τοῦ
3333 2760 3615 2829 πονηροῦ.

2058 2862 2144 2924 Ὠς
2167 2859 2261 2914 τοῦ
2284 2856 2448 2912 αὐτοῦ
2490 2859 2555 2912 δι’
2590 2856 2868 2928 ἑκατέρων
2896 2855 3005 2909 τῶν
3034 2854 3315 2925 ὀνομάτων
3366 2871 3621 2926 σημαινο-

2053 2951 2231 3023 μένου.
2266 2950 2330 3007 Ei
2363 2949 2470 3022 γὰρ
2507 2951 2536 3002 6
2604 2948 2678 3019 μὴ
2727 2944 2983 3001 εἰσελθὼν
3016 2947 3095 3008 εἰς
3138 2944 3463 3015 πειρασμὸν,
3518 2944 3620 3010 ἔξω

2050 3046 2267 3109 πάντως
2296 3044 2414 3096 ἐστὶ⁸
2443 3040 2536 3096 τοῦ
2569 3040 2826 3112 πονηροῦ
2859 3040 2953 3093 καὶ
2974 3042 3002 3093 ὁ
3033 3040 3090 3091 ἐν
3105 3038 3185 3109 τῷ
3209 3038 3501 3109 πειρασμῴ
3532 3054 3621 3102 γε-

2048 3139 2303 3208 νόμενος,
2332 3136 2391 3187 ὲν
2425 3132 2503 3205 τῷ
2540 3132 2759 3202 πονηρῷ
2789 3132 2907 3184 κατ’
2946 3130 3189 3199 ἀνάγκην
3221 3128 3430 3198 γίνεται
3467 3140 3481 3156 ⁸
3521 3129 3619 3198 ἄρα

2048 3231 2077 3282 6
2106 3224 2405 3295 πειρασμὸς
2429 3240 2486 3276 τε
2515 3223 2610 3276 καὶ
2645 3224 2673 3274 6
2701 3221 2938 3292 πονηρὸς
2963 3220 3021 3273 ’ἐν
3046 3237 3099 3272 τι
3129 3219 3270 3272 κατὰ
3304 3219 3402 3289 τὴν
3443 3233 3617 3287 σημα-

2052 3316 2172 3371 σῖαν
2192 3315 2329 3369 ἐστί.
2353 3314 2416 3367 Τί
2439 3310 2530 3368 οὖν
2558 3315 2689 3383 ἡμῖν
2711 3312 2983 3382 ἡτοιαύτη
3000 3308 3313 3363 διδασκαλία
3337 3307 3437 3377 τῆς
3460 3325 3621 3378 aps:-

2048 3407 2217 3478 ευχῆς
2265 3403 2645 3475 ὲγκελεύεται;
2679 3401 2752 3454 Τὸ
2791 3401 2896 3468 ἔξω
2925 3400 3170 3470 γίνεσθαι
3210 3399 3319 3453 τῶν
3362 3398 3503 3454 κατὰ
3534 3398 3619 3451 τὸν

2052 3503 2255 3572 κόσμον
2298 3497 2486 3552 τοῦτον
2520 3490 2927 3565 θεωρουμένων,
2978 3489 3161 3554 καθώς
3201 3507 3369 3562 φησιν
3399 3488 3620 3561 ἑτέρωίδι

2053 3594 2187 3664 πρὸς
2211 3592 2338 3654 τοὺς
2375 3586 2638 3659 μαθητάς·
2677 3585 2759 3638 ὃτι
2798 3585 2980 3646 Ὅλος
3009 3584 3042 3636 ό
3065 3582 3293 3651 κόσμος
3328 3581 3398 3635 ἐν
3418 3580 3499 3646 τῷ
3522 3593 3622 3633 πο-

2051 3682 2213 3754 νηρῷ
2240 3680 2446 3736 κεῖται.
2487 3675 2693 3732 Οὐκοῦν
2720 3677 2749 3729 6
2791 3674 2947 3737 ἐκτὸς
2978 3673 3231 3743 γενέσθαι
3270 3671 3363 3726 τοῦ
3390 3668 3621 3743 πονηροῦ

2054 3776 2241 3838 θέλων,
2283 3771 2343 3837 ὲξ
2391 3771 2635 3839 ἀνάγκης
2685 3766 2780 3822 τοῦ
2823 3767 3027 3837 κόσμου
3080 3764 3273 3819 ἑαυτὸν
3328 3764 3618 3816 ἀποικίσει.

2052 3869 2129 3922 Οὐ
2158 3866 2267 3936 γὰρ
2294 3865 2406 3935 ἔχει
2440 3860 2624 3933 χώραν
2654 3861 2683 3913 6
2707 3855 3011 3929 πειρασμὸς
3039 3855 3141 3925 τῆς
3166 3854 3343 3925 ψυχῆς
3369 3853 3621 3923 ἅψασθαι,

2055 3963 2103 4013 εί
2136 3958 2210 4031 μὴ
2238 3946 2492 4026 καθάπερ
2514 3970 2567 4007 τι
2600 3951 2790 4021 δέλεαρ
2822 3950 2921 4019 τὴν
2946 3946 3218 4018 κοσμικὴν
3239 3945 3449 4018 ταύτην
3473 3948 3625 4015 ἀσχο-

2054 4052 2173 4105 λίαν
2212 4050 2291 4120 τῷ
2330 4044 2552 4117 πονηρῷ
2599 4043 2877 4114 ἀγκίστρῳ
2896 4043 3007 4106 τοῖς
3025 4038 3359 4112 λιχνοτέροις
3388 4039 3626 4108 προέτει-

2057 4163 2167 4198 νεν.
2215 4142 2431 4198 Μᾶλλον
2471 4140 2529 4193 δὲ
2573 4136 2898 4207 σαφέστερον
2935 4132 3001 4187 ἂν
3030 4132 3166 4202 ἡμῖν
3182 4129 3250 4182 δι’
3282 4128 3488 4199 ἑτέρων
3505 4129 3625 4181 ύποέ

376 4252 502 4294 nem
554 4248 721 4306 pravo
752 4230 914 4287 hamo
937 4228 1275 4283 avidioribus
1308 4225 1627 4297 porrigeret.
1670 4219 1784 4274 lmo
1828 4234 1928 4271 ver:

2090 4234 2366 4305 ειγμάτων
2400 4230 2461 4283 τὺ
2499 4229 2677 4298 νόημα
2713 4226 2942 4295 γένοιτο.
2986 4219 3212 4291 Χαλεπὴ
3265 4218 3526 4282 πολλάκις
3568 4219 3625 4270 ἐκ

379 4335 554 4407 magis
586 4338 771 4401 aperta
814 4328 973 4384 nobis
1010 4324 1279 4382 sententia
1312 4337 1408 4393 per
1450 4321 1586 4373 alias
1640 4313 1954 4372 similitudi-

381 4432 480 4483 ries'
515 4422 626 4480 iicri
662 4423 878 4494 poterit.
924 4418 1136 4474 Saevum
1159 4427 1214 4471 et
1240 4414 1500 4469 infestum
1531 4425 1595 4466 ex
1633 4415 1954 4471 tempestate

381 4528 548 4587 atque
581 4515 833 4580 procellis
864 4524 1239 4581 sapenumero
1268 4521 1418 4560 mare
1441 4511 1566 4569 est;
1600 4508 1654 4554 at
1689 4515 1795 4553 non
1838 4494 1956 4566 pro-

380 4614 468 4670 cui
494 4611 561 4664 ab
592 4625 657 4664 eo
687 4607 932 4663 remotis.
962 4603 1078 4657 Vim
1114 4598 1535 4669 absumptricem
1578 4594 1740 4647 habet
1778 4588 1953 4663 ignis,

382 4704 475 4762 sed
517 4702 777 4770 Stlitjrclm
806 4698 1065 4751 materize.
1105 4694 1291 4748 Dirum
1326 4703 1379 4745 et
1417 4697 1573 4743 atrox
1604 4686 1802 4741 bellum
1836 4693 1952 4739 est:

382 4795 477 4852 sed
512 4795 645 4850 solis
688 4793 755 4846 iis
797 4791 888 4859 qui
950 4787 1119 4858 prasiii
1178 4783 1472 4855 participes
1504 4790 1651 4834 sunt.
1685 4778 1959 4843 Ouenad-

384 4886 606 4943 modum
644 4885 809 4953 igitur
840 4883 885 4937 is
915 4880 1007 4950 qui
1032 4877 1372 4939 mlaiuitates
1421 4872 1740 4926 bellicorum
1783 4869 1955 4922 malo-

384 4993 504 5034 rum
541 4974 700 5044 i‘ugit,
743 4979 1000 5043 precatur
1048 4961 1117 5020 ne
1145 4962 1349 5018 incidat
1389 4962 1443 5017 in
1485 4962 1731 5027 bellum;
1777 4965 1831 5013 et
1861 4957 1953 5027 qui

384 5071 564 5141 ignem
593 5068 767 5129 timet,
792 5079 861 5119 ne
888 5063 941 5116 in
970 5062 1096 5130 igne
1126 5062 1409 5123 versetur;
1444 5062 1498 5109 et
1516 5053 1608 5123 qui
1648 5065 1806 5131 mare
1830 5050 1957 5104 hor-

385 5140 572 5225 rescit,
611 5172 680 5212 ne
717 5151 1007 5224 navigandi
1060 5149 1364 5206 necessitas
1395 5145 1712 5200 incumbat:
1750 5141 1825 5197 ita
1865 5140 1957 5211 qui

389 5253 515 5306 mali
540 5253 798 5320 impetum
835 5254 890 5301 et
937 5245 1218 5299 incursum
1259 5244 1469 5305 metuit,
1501 5242 1755 5309 precetur
1793 5250 1859 5290 ne
1907 5235 1961 5289 in

388 5360 512 5401 eum
540 5340 766 5397 incidat.
802 5337 1071 5405 Quoniam
1103 5344 1306 5398 autem,
1343 5346 1402 5389 ut
1431 5343 1557 5387 ante
1584 5328 1846 5391 diximus,
1907 5327 1961 5382 in

394 5439 535 5493 nato
564 5434 728 5487 situm
759 5446 882 5486 esse
923 5428 1185 5483 mundum
1238 5426 1443 5481 Sermo
1470 5423 1642 5485 dicit.
1695 5431 1856 5490 atque
1911 5419 1962 5472 in

464 5603 508 5634 "
548 5600 563 5652 Ι
595 5597 751 5654 Joan.
784 5616 837 5661 ν,
866 5597 950 5652 l9.

2056 4324 2349 4398 τρικυμίας
2386 4323 2531 4375 ἐστὶν
2568 4321 2602 4390 ἠ
2636 4318 2899 4374 θάλασσα·
2932 4314 3045 4368 ἀλλ’
3075 4313 3196 4383 οὐχὶ
3229 4313 3323 4365 καὶ
3355 4313 3468 4375 τοίς
3501 4310 3624 4380 περ.

2063 4418 2232 4493 ρωθεν
2256 4410 2689 4482 ἁποικιζομένοις
2714 4408 2900 4477 αὐτῆς.
2929 4403 3229 4475 Φθαρτικὸν
3259 4402 3318 4455 τὸ
3343 4401 3476 4473 πῦρ,
3504 4399 3625 4454 alii

2058 4489 2156 4580 τῆς
2185 4508 2560 4573 ὑποπεσούσης
2590 4500 2743 4571 ὕλης.
2783 4497 2962 4558 Δεινὸς
2987 4498 3015 4549 6
3049 4494 3316 4563 πόλεμος,
3353 4492 3493 4546 ἀλλὰ
3543 4489 3627 4560 μέ.

2061 4618 2171 4665 νοις
2212 4603 2324 4663 τοῖς
2366 4593 2679 4651 κοινωνοῦσι
2715 4591 2812 4661 τῆς
2855 4587 3228 4658 παρατάξεως.
3286 4584 3497 4655 Ὥσπερ
3526 4581 3628 4634 δὲὸ

2062 4696 2162 4757 τὰς
2197 4689 2479 4761 συμφορὰς
2511 4686 2620 4739 τῶν
2667 4684 2732 4736 ὲκ
2776 4679 2869 4734 τοῦ
2902 4680 3136 4748 πολέμου
3179 4673 3403 4744 φεύγων
3431 4672 3627 4735 κακῶν,

2066 4783 2284 4853 εὔχεται
2319 4777 2391 4849 μὴ
2421 4776 2672 4828 ἐκπεσεῖν
2700 4770 2937 4839 πολέμῳ·
2967 4768 3061 4820 καὶ
3105 4765 3131 4816 ὁ
3159 4764 3219 4816 τὸ
3249 4761 3365 4832 πῦρ
3390 4760 3631 4822 δεδοικὼς

2064 4876 2125 4930 τὸ
2159 4875 2232 4946 μὴ
2261 4874 2318 4925 ἐν
2354 4868 2503 4939 αὐτῷ
2535 4862 2787 4935 γενέσθαι
2807 4879 2818 4892 ·
2861 4861 2955 4914 καὶ
2983 4861 3012 4911 6
3039 4857 3276 4927 φρίττων
3315 4847 3415 4925 τ’ὴν
3441 4852 3630 4907 θάλασ-

2001 4961 2009 4971 ’
2064 4941 2183 5025 σαν,
2215 4941 2276 5016 τὸ
2305 4961 2377 5032 μὴ
2407 4960 2486 5020 εἰς
2511 4957 2754 5024 ἀνάγκην
2779 4949 3054 5009 ναυτιλίας
3082 4946 3277 5000 ἐλθεῖν⁸
3314 4943 3463 4998 οὕτω
3497 4941 3630 4996 καὶό

2062 5058 2156 5111 τοῦ
2180 5052 2414 5124 πονηροῦ
2440 5050 2539 5120 τὴν
2574 5042 2877 5118 προσϐολὴν
2905 5037 3175 5101 δεδοικὼς,
3209 5035 3456 5107 εὐχέσθω
3483 5035 3541 5087 τὸ
3565 5033 3629 5103 μὴ

2067 5151 2124 5202 ὲν
2156 5143 2303 5213 αὐτῷ
2325 5137 2596 5211 γενέσθαι.
2642 5132 2859 5202 Ἐπειδὴ
2887 5130 2963 5190 δὲ,
2994 5126 3173 5189 καθὼς
3205 5126 3627 5197 προειρήκαμεν,

2072 5240 2129 5290 ὲν
2162 5233 2238 5304 τῷ
2269 5227 2491 5301 πονηρῷ
2526 5224 2736 5280 κεῖσθαι
2753 5222 2844 5275 τὸν
2881 5220 3081 5290 κόσμον
3122 5218 3151 5270 ὁ
3186 5217 3346 5284 λόγος
3375 5217 3558 5286 φησιν,
3581 5217 3629 5266 ὲν

2059 5324 2116 5378 δὲ
2140 5322 2252 5383 τοῖς
2272 5317 2554 5388 κοσμικοῖς
2577 5312 2897 5382 πράγμασιν
2914 5310 2969 5362 αἱ
2990 5307 3100 5360 τῶν
3126 5306 3459 5377 πειρασμῶν
3479 5307 3630 5376 ἀφορο

2066 5415 2182 5488 μαί·
2219 5409 2400 5474 καλῶς
2425 5406 2517 5462 καὶ
2551 5401 2837 5477 προσηνῶς
2863 5403 2890 5454 6
2916 5401 2982 5471 ῥυ
2994 5399 3177 5471 σθῆναι
3210 5396 3322 5451 ἀπὸ
3353 5398 3452 5451 τοῦ
3480 5412 3626 5467 πονη-
