3756 5988
125 310 265 363 1193

1228 311 1313 365 DE
1339 308 1724 367 BEATITUDII

1881 311 1936 365 S.
1970 307 2231 366 ORATIO
2261 312 2301 366 1.
3259 304 3395 365 1196

129 427 225 495 poi}
254 427 548 498 εὐχόμενος
569 468 583 491 ,
616 428 721 493 ἔξω
755 428 863 481 τῶν
901 432 1220 500 πειρασμῶν
1261 431 1513 496 γενέσθαι
1542 449 1715 504 παρα·

1881 430 2110 485 undanis
2129 426 2361 499 negotiis
2378 424 2738 481 tcntationum
2761 423 3080 480 occasiones
3099 421 3396 486 exsistunt,

123 520 304 573 καλεῖ.
349 521 423 573 Οὐ
476 519 586 592 γὰρ
635 520 702 574 ἄν
751 536 836 584 τις
879 524 1123 595 καταπίῃ
1165 523 1225 577 τὸ
1271 525 1583 596 ἄγκιστρον,
1637 526 1710 594 μὴ

1881 529 1968 575 cte
1996 527 2051 574 et
2079 518 2475 575 convenienter
2499 516 2590 586 qui
2627 530 2658 570 a
2687 515 2835 571 malo
2858 516 3084 572 liberari
3116 521 3394 586 precatur,

124 610 490 674 κατασπάσας
518 613 576 664 ὲν
601 611 811 683 λιχνείᾳ
833 612 895 666 τὸ
923 612 1138 684 δέλεαρ.
1180 614 1316 667 Ἀλλ’
1348 613 1589 686 εἴπωμεν
1619 616 1715 670 καὶ

1881 628 1887 663 ι
1924 611 2323 666 tentationibus
2352 608 2647 675 eximatur,
2673 618 2814 662 orat.
2856 605 2976 661 Non
2998 606 3145 663 enim
3194 605 3397 676 aliquis

125 703 291 773 ἡμεῖς
311 703 642 767 ἀναστάντες
674 702 751 774 τῷ
777 703 917 774 Θεῷ,
950 705 1031 758 ὅτι
1065 705 1161 773 Μὴ
1182 707 1530 776 εἰσενέγκῃς
1559 705 1718 777 ἡμᾶς

1881 714 2048 755 mium
2078 699 2448 765 devoraverit,
2478 698 2582 755 nisi
2615 713 2713 769 per
2755 697 3051 769 ingluviem
3089 711 3269 753 escam
3311 704 3397 751 at-

124 796 213 860 εις
250 795 591 864 πειρασμὸν
628 796 947 866 (τουτέστιν,
998 799 1078 862 είς
1126 798 1193 853 τὰ
1228 797 1323 852 τοῦ
1364 798 1479 869 βίου
1522 800 1714 870 κακὰ),

1882 791 2077 846 axerit.
2111 789 2315 846 Verum
2373 797 2663 861 surgentes
2713 788 2962 844 dicamus
2994 787 3160 843 etiam
3192 799 3296 841 nos
3327 784 3396 840 ad

123 887 294 942 ἀλλὰ
328 887 516 956 ῥῦσαι
558 886 717 957 ἡμᾶς
767 888 885 943 ἀπὸ
927 889 1034 944 τοῦ
1086 891 1371 958 πονηροῦ,
1408 889 1502 944 τοῦ
1541 893 1599 946 ὲν
1642 891 1721 962 τῷ

1881 898 1996 938 eum
2025 903 2039 938 :
2075 882 2160 938 Ne
2189 898 2285 938 nos
2318 882 2541 937 inducas
2575 883 2630 937 in
2670 882 3035 941 tentationem,
3068 879 3172 934 hoc
3208 884 3295 934 est
3340 876 3397 932 in

125 978 324 1048 κόσμῳ
348 978 526 1050 τούτῳ
570 979 669 1051 τὴν
703 981 855 1050 ἰσχὺν
895 981 1257 1052 κεκτημένου,
1286 977 1347 1036 οὗ
1380 981 1719 1054 ῥυσθείημεν

1884 974 1968 1029 ala
1997 975 2221 1032 sazculi:
2274 974 2365 1030 sed
2417 974 2582 1030 libera
2604 991 2698 1030 nos
2735 991 2768 1028 a
2825 973 2990 1039 malo,
3040 971 3133 1044 qui
3184 970 3239 1025 in
3293 968 3398 1024 hoc

122 1070 312 1141 χάριτι
340 1069 436 1123 τοῦ
468 1070 726 1142 Χριστοῦ,
772 1073 853 1125 ὄτι
891 1072 1040 1143 αὐτῷ
1067 1074 1099 1144 ή
1124 1073 1352 1145 δύναμις
1390 1076 1483 1130 καὶ
1508 1079 1542 1148 ἡ
1567 1075 1714 1143 δόξα,

1881 1068 2031 1124 unde
2055 1069 2204 1124 vires
2233 1068 2419 1136 habet,
2451 1083 2480 1122 a
2502 1082 2613 1140 quo
2646 1068 2942 1124 liberemur
2964 1064 3143 1137 gratia
3160 1061 3393 1126 Christi,

121 1161 245 1231 ἅμα
284 1161 365 1233 τῷ
391 1162 584 1234 Πατρὶ,
627 1163 724 1215 καὶ
766 1161 843 1233 τῷ
872 1163 1011 1233 ἁγίῳ
1035 1164 1331 1237 Πνεύματι,
1360 1166 1452 1220 νῦν
1487 1168 1582 1220 καὶ
1609 1166 1715 1234 ἀεὶ,

1881 1162 1911 1216 ιί
1947 1162 2186 1233 potentia
2226 1171 2283 1217 et
2329 1161 2502 1232 gloria
2560 1177 2669 1217 una
2717 1176 2840 1217 cum
2872 1159 3037 1214 Patre
3071 1165 3127 1214 et
3184 1154 3396 1228 Spiritu

124 1252 219 1303 καὶ
259 1252 340 1315 είς
369 1253 496 1315 τοὺς
528 1251 729 1316 αἰῶνας
755 1253 864 1306 τῶν
895 1251 1128 1308 αίώνων.
1178 1255 1369 1327 Ἀμήν.

1886 1260 2033 1316 ncto,
2073 1267 2221 1308 nunc
2250 1258 2306 1308 et
2330 1266 2567 1324 semper,
2597 1261 2653 1309 et
2675 1253 2731 1308 in
2786 1251 2985 1309 saecula
3045 1247 3393 1307 seculorum.

1820 1344 2013 1399 Amen.

139 1544 858 1556 m*m

1511 1743 1649 1798 Tor
1684 1744 1775 1798 EN
1808 1744 2032 1797 ΑΓιοιΣ
2076 1728 2086 1738 ”

1203 1925 1824 2012 ΓΡΗΓΟΡΙΟΥ
1894 1926 2325 2013 ΝΥΣΣΗΣ

756 2149 1025 2290 ,ΕΙΣ
1115 2104 1543 2266 ΤΟΥΣ
1614 2105 2762 2270 ΜΑΚΑΡΙΣΜΟΥΣ.

1088 2582 1182 2677 S.
1239 2580 1818 2677 GREGOBII
1890 2580 2399 2673 NYSSENI

938 2818 1130 2930 DE
1204 2813 2587 2944 BEATITUDINIBUS.

1410 3065 1609 3120 Eodem
1638 3065 1827 3136 Sifano
1849 3067 2145 3138 interprete.

1726 3268 1795 3279 ιιι-ν

778 3438 996 3492 ΛΟΓΟΣ
1032 3439 1110 3492 A'.

148 3531 335 3588 Ἰδὼν
379 3529 449 3584 δὲ
486 3529 628 3596 τοὺς
673 3529 920 3599 ὄχλους,
961 3529 1144 3600 ἀνέϐη
1180 3530 1271 3597 εἰς
1317 3531 1384 3585 τὸ
1430 3533 1586 3600 ὄρος·
1623 3534 1720 3586 καὶ

212 3603 588 3671 καθίσαντος
610 3600 817 3671 αὐτοῦ,
843 3599 1196 3671 προσῆλθον
1213 3601 1372 3667 αὑτῷ
1398 3599 1723 3671 οὶίμαθηταὶ

216 3671 432 3726 αὐτοῦ-
468 3670 564 3723 καὶ
596 3669 844 3738 ἀνοίξας
864 3668 929 3738 τὸ
951 3670 1142 3738 στόμα
1163 3671 1369 3733 αὐτοῦ,
1402 3668 1726 3727 ἐδίδασκεν

209 3740 460 3803 αὐτοὺς,
493 3738 711 3809 λέγων·
742 3737 1067 3809 Μακάριοι
1088 3742 1142 3793 οἱ
1181 3741 1402 3809 πτωχοὶ
1426 3740 1504 3806 τῷ
1542 3744 1725 3796 πνεύο

203 3826 378 3881 ματι,
403 3809 490 3861 ὅτι
515 3806 712 3862 αὐτῶν
726 3808 896 3863 ἐστιν
924 3810 963 3876 ἠ
985 3809 1273 3871 ,βασιλεία
1294 3806 1412 3864 τῶν
1433 3811 1723 3880 οὐρανῶν.

1753 3475 1794 3528 Β
2443 3439 2703 3495 ORATIO
2734 3441 2771 3495 Ι.

1836 3536 1975 3590 Visis
2006 3543 2180 3590 autem
2216 3530 2385 3587 turbis
2415 3533 2654 3587 ascendit
2683 3534 2736 3586 in
2776 3540 3024 3597 montem,
3047 3541 3096 3588 et
3123 3549 3239 3588 cum
3276 3553 3391 3592 cono

1895 3607 2132 3668 sedisset,
2187 3612 2519 3674 accesserunt
2566 3602 2636 3655 a'd
2682 3602 2834 3674 illum
2878 3603 3129 3674 discipuli
3168 3605 3305 3674 ejus,
3350 3617 3401 3661 et

1896 3686 2078 3744 aperta
2109 3692 2196 3730 ore
2225 3690 2321 3728 suo
2340 3672 2559 3726 docebat
2587 3688 2695 3735 eos,
2726 3673 2904 3727 dicens
2922 3689 2940 3725 :
2962 3672 3113 3744 Beati
3145 3672 3400 3743 pndperes

1896 3743 2110 3815 spiritu,
2135 3744 2383 3815 quoniam
2399 3758 2581 3797 eorum
2615 3752 2692 3796 est
2720 3758 2932 3812 regnum
2966 3743 3291 3799 cartorum".

209 3901 312 3963 Τίς
339 3900 446 3970 ἄρα
483 3897 719 3963 τοιοῦτός
747 3901 896 3952 ἐστιν
927 3900 985 3952 ὲν
1015 3902 1127 3963 τοῖς
1165 3900 1620 3973 συνειλεγμένοις,
1652 3902 1727 3965 ὡς

137 3993 400 4066 μαθητής
419 4008 479 4044 τε
510 3986 646 4045 εἶναι
675 3990 769 4044 τοῦ
803 3991 975 4059 Λόγου
1000 4010 1015 4056 ;
1044 3992 1136 4044 ml
1174 3993 1537 4065 συναναϐῆναι
1574 3992 1725 4063 αὐτῷ

131 4083 406 4157 χαμόθεν,
428 4081 538 4135 ἀπὸ
559 4081 667 4134 τῶν
695 4081 889 4135 κοίλων
909 4098 968 4134 τε
995 4082 1088 4135 καὶ
1115 4083 1386 4138 ταπεινῶν
1412 4086 1724 4157 νοημάτων,

132 4178 220 4238 εἰς
244 4173 308 4225 τὸ
338 4170 703 4241 πνευματικὸν
730 4169 854 4240 ὅρος
869 4172 968 4241 τῆς
995 4169 1207 4241 ὑψηλῆς
1232 4170 1500 4242 θεωρίαςς
1532 4172 1597 4225 Ὃ
1622 4172 1729 4224 πᾶ-

136 4282 245 4319 σαν
272 4264 373 4336 μὲν
403 4262 560 4315 σκιὰν
587 4262 685 4332 τὴν
717 4262 782 4314 ἐκ
824 4261 932 4314 τῶν
969 4261 1482 4331 ύπερανεστηκὸτων
1504 4262 1604 4332 τῆς
1631 4279 1731 4316 κα-

135 4355 271 4416 κίας
318 4351 608 4421 γεωλόφων
655 4350 1015 4419 ἐκπέφευγεν,
1042 4351 1419 4423 ἁπανταχόθεν
1447 4352 1504 4405 δὲ
1532 4354 1598 4423 τῇ
1633 4350 1728 4405 τοῦ

135 4440 404 4514 ἀληθινοῦ
426 4441 601 4512 φωτὸς
621 4442 800 4494 ἀκτῖνι
821 4441 1322 4513 περιλαμπόμενον,
1347 4444 1404 4495 ἐν
1424 4440 1641 4512 καθαρᾷ
1662 4443 1728 4512 τῇ

136 4536 246 4606 τῆς
270 4532 532 4603 ἀληθείας
548 4532 732 4604 αἰθρίᾳ
752 4533 929 4586 πάντα
954 4533 1168 4587 δίδωσιν
1198 4535 1261 4587 ἐκ
1292 4533 1576 4604 περιωπῆς
1603 4532 1731 4586 καθ-

136 4626 303 4695 ορᾷν,
318 4624 418 4677 ὅσα
436 4626 545 4686 τοῖς
563 4623 620 4676 ἐν
639 4624 713 4694 τῷ
726 4623 890 4694 κοίλῳ
905 4623 1317 4697 καθειργμένοις
1331 4625 1480 4678 ἐστὶν
1500 4623 1723 4678 ἀθέατα.

138 4718 229 4769 Τὰ
257 4715 314 4767 δὲ
340 4714 448 4767 ἀπὸ
473 4712 565 4767 τοῦ
597 4713 762 4784 ὕψους
791 4715 980 4768 τούτου
1006 4715 1472 4786 κατοπτευόμενα,
1518 4709 1606 4769 οἷα
1635 4715 1729 4768 καὶ

1898 3895 2032 3963 Quis
2059 3897 2225 3967 igitur
2249 3896 2303 3950 in
2334 3895 2439 3950 hoc
2457 3900 2601 3949 coetu
2630 3893 2757 3950 talis
2787 3902 2891 3960 est,
2923 3895 3018 3966 qui
3045 3904 3099 3952 et
3121 3896 3400 3956 Sermonis

1827 3987 2129 4058 discipulus
2157 3986 2250 4050 sit,
2279 3993 2333 4041 et
2358 4001 2481 4040 cum
2503 4001 2588 4053 eo,
2622 4003 2652 4043 a
2678 3988 2912 4045 terrenis
2949 3989 3317 4061 concavisque
3337 4005 3401 4047 ac

1828 4078 2127 4133 humilibus
2148 4076 2570 4149 cogitationibus
2598 4078 3036 4135 etintellecﬁbus
3060 4080 3322 4136 ascendat
3343 4081 3399 4136 in

1829 4167 2166 4239 spiritualem
2192 4175 2431 4224 montem
2453 4168 2574 4224 altae
2601 4170 3221 4243 contemplationisiqui
3243 4186 3401 4229 mons

1830 4274 2046 4315 omnem
2077 4258 2297 4329 quidem
2332 4260 2582 4315 umbram
2626 4277 2694 4317 ex
2742 4261 3111 4318 eminentibus
3142 4263 3403 4333 nequitiae

1829 4351 2055 4421 Vitiique
2089 4350 2314 4405 tumulis
2345 4359 2654 4420 porrectam
2685 4350 2891 4423 eﬂ‘ugit,
2928 4367 2996 4408 ex
3026 4353 3284 4411 omnibus
3309 4370 3402 4411 au-

1830 4449 1938 4497 tem
1967 4442 2217 4515 partibus
2242 4456 2386 4497 verae
2411 4442 2553 4496 lucis
2578 4442 2733 4497 radio
2759 4443 3136 4511 collustratus,
3177 4445 3233 4500 in
3261 4461 3401 4518 pura

1831 4533 2080 4589 veritatis
2130 4533 2425 4589 serenitate
2460 4533 2643 4586 omnia
2692 4548 3032 4605 quaecunque
3064 4535 3122 4592 in
3155 4551 3402 4593 concavo

1831 4624 2194 4679 coercitorum
2231 4632 2285 4678 et
2313 4624 2703 4678 conclusorum
2748 4626 2924 4683 oculis
2953 4627 3224 4683 subducta
3251 4637 3400 4690 sunt.

1830 4726 1893 4771 ex
1922 4716 2145 4786 specula
2176 4717 2562 4787 conspicienda
2589 4718 2810 4787 praebet.
2845 4719 2977 4785 Quae
3001 4731 3181 4777 autem
3208 4722 3277 4777 ab
3299 4722 3403 4776 bac

136 4810 247 4862 ὅσα
270 4805 441 4868 ἐστὶν,
476 4806 634 4869 αὐτὸς
669 4806 698 4858 ὁ
729 4806 859 4869 Θεὸς
882 4808 1070 4874 Λόγος,
1103 4808 1420 4878 μακαρίζων
1446 4808 1571 4870 τοὺς
1606 4814 1724 4859 συν-

1881 4807 2125 4863 titudine
2158 4808 2592 4878 conspiciuntur,
2639 4816 2774 4878 quot
2797 4819 2852 4865 et
2884 4811 3068 4880 qualia
3110 4811 3243 4878 sint,
3284 4813 3401 4881 ipse

137 4894 457 4959 ἀναϐάντας
502 4897 651 4967 αὐτῷ
684 4897 1037 4969 διεξέρχεται,
1063 4892 1171 4951 οἷον
1200 4897 1444 4969 δακτύλῳ
1479 4899 1585 4951 τινὶ
1615 4898 1723 4951 δει-

134 4990 299 5050 κνὺς,
325 4985 477 5038 ἔνθεν
511 4987 609 5057 μὲν
640 4988 735 5059 τὴν
779 4988 885 5041 τῶν
912 4987 1155 5059 οὐρανῶν
1196 4988 1491 5057 βασιλείαν,
1524 4988 1724 5059 ἐτέρω-

134 5078 238 5131 θεν
275 5075 353 5140 δὲ,
394 5077 494 5146 τῆς
532 5076 644 5130 ἂνω
683 5080 786 5149 γῆς
834 5080 934 5151 τὴν
979 5078 1369 5151 κληρονομίαν·
1407 5078 1525 5133 εἶτα
1557 5080 1724 5143 ἔλεον,

134 5168 241 5221 καὶ
266 5166 635 5237 δικαιοσύνην,
687 5169 781 5222 καὶ
808 5169 1175 5241 παράκλησιν,
1219 5170 1313 5222 καὶ
1339 5169 1438 5241 τὴν
1468 5171 1604 5242 πρὸς
1634 5172 1727 5224 τὸν

132 5258 279 5313 Θεὸν
310 5258 419 5311 τῶν
441 5259 575 5311 ὅλων
600 5261 887 5333 γινομένην
917 5263 1255 5330 συγγένειαν·
1282 5262 1380 5315 καὶ
1410 5262 1499 5315 τὸν
1530 5265 1594 5316 ὲκ
1618 5262 1727 5316 τῶν

132 5346 403 5419 διωγμῶν
435 5348 663 5420 καρπὸν,
703 5350 732 5402 ὅ
776 5352 890 5403 ἐστι
920 5351 980 5404 τὸ
1009 5352 1251 5407 σύνοικον
1288 5351 1424 5404 Θεοῦ
1453 5352 1725 5420 γενέσθαι’

134 5439 243 5494 καὶ
268 5440 371 5493 ὃσα
395 5439 530 5493 ἄλλα
574 5441 801 5508 πάρεστι
831 5441 963 5511 πρὸς
1002 5444 1211 5507 τούτοις
1248 5443 1490 5514 βλέπειν,
1518 5444 1725 5499 ἄνωθεν

133 5533 205 5587 ἐκ
239 5530 337 5585 τοῦ
382 5531 542 5603 ὅρους
579 5532 1140 5599 δακτυλώεικτοῦντος
1165 5535 1261 5590 τοῦ
1307 5537 1502 5607 Λόγου,
1542 5540 1606 5592 ὲκ
1628 5538 1728 5611 τῆς

217 5708 268 5740 ⁸⁷
309 5703 503 5762 Matth.
536 5724 590 5770 ν.
626 5709 649 5761 1
693 5724 815 5778 sqq.
1118 5732 1121 5737 ·

434 5800 706 5863 Ps'rnOL.
752 5804 867 5862 Gn.
896 5801 1107 5864 XLlV.

1833 4898 1979 4956 Deus
2010 4899 2274 4966 Verbum,
2313 4915 2499 4956 eorum
2531 4901 2627 4971 qui
2668 4916 2775 4955 una
2802 4916 2987 4957 secum
3032 4904 3400 4959 ascenderunt

1831 4991 2225 5047 beatitudinem
2269 4992 2593 5061 explicando
2626 4993 2998 5062 prosequitur,
3029 5004 3288 5063 tanquam
3319 4996 3395 5049 di-

1784 5158 1789 5163 ‘
1831 5083 1943 5153 gito
1981 5083 2217 5154 quodam
2246 5082 2560 5150 ostendens,
2606 5083 2733 5137 hinc
2765 5083 2983 5153 quidem
3036 5099 3263 5154 regnum
3292 5100 3404 5140 cu:-

1835 5167 2036 5237 lorum,
2070 5189 2136 5228 ex
2180 5174 2352 5228 altera
2379 5188 2510 5228 vero
2540 5180 2714 5243 parte,
2760 5188 3011 5243 superna:
3038 5183 3198 5230 terrae
3232 5175 3409 5232 luere-

1833 5262 2058 5317 ditatem
2096 5279 2109 5314 :
2144 5260 2342 5314 deinde
2393 5259 2852 5328 misericordiam,
2907 5269 2961 5318 et
3003 5261 3298 5333 justitiam,
3354 5272 3406 5321 et

1835 5350 2290 5412 consolationem,
2339 5356 2503 5417 atque
2541 5362 2683 5416 eam,
2737 5363 2859 5417 quae
2907 5364 3033 5405 cum
3066 5350 3176 5407 Deo
3220 5368 3406 5409 rerum

1837 5445 2215 5499 universarum
2240 5439 2476 5507 exsistit,
2509 5441 2895 5511 cognationem
2934 5461 2949 5498 :
2986 5453 3040 5499 et
3065 5443 3302 5500 fructum
3342 5460 3406 5501 ex

1836 5531 2336 5607 persecutionibus,
2368 5528 2515 5602 quod
2539 5535 2622 5587 est
2650 5531 3102 5591 contubernalem
3126 5533 3220 5593 Dei
3257 5534 3377 5593 ﬁeri
3392 5553 3408 5605 ς

2972 5804 3053 5868 38
