3738 5984
345 284 483 343 H95
540 337 544 341 .

1599 277 1658 332 5.
1700 275 2027 332 GREGORII
2069 274 2359 329 NYSSENI

3465 275 3600 331 H96

344 413 407 453 ac
454 409 810 468 quacumque
856 393 960 448 alia
1015 401 1274 463 praeterea
1321 394 1366 448 si
1400 394 1523 462 quis
1577 408 1640 448 ex
1685 392 1903 448 sublimi

2085 390 2217 461 ηλῆς
2281 388 2510 453 σκοπιᾶς
2563 388 2650 442 διά
2706 388 2811 442 τῶν
2859 388 3087 443 ἐλπίδων
3130 386 3602 459 ἀποϐλεπόμενον.

342 488 561 559 specula
592 501 687 558 per
724 500 875 556 spem
906 484 1195 556 despiciat,
1228 499 1465 555 superne
1499 484 1567 539 de
1605 493 1789 540 monte
1827 484 1911 538 di-

341 580 452 651 gito
497 586 835 633 monstrante
885 576 1082 644 Verbo,
1140 578 1198 632 in
1248 583 1504 647 promptu
1562 584 1647 632 cst
1701 576 1908 631 videre.

341 669 611 737 Quoniam
646 669 811 740 igitur
841 668 1086 725 ascendit
1113 666 1376 722 Dominus
1413 668 1467 722 in
1500 677 1758 730 montem,
1813 681 1912 721 au-

341 760 561 814 diamus
594 759 784 813 Isaiam
834 758 1194 813 clamantem:
1242 756 1440 821 Venite,
1483 758 1829 813 accendamus
1859 758 1915 811 in

341 855 566 901 montem
595 845 804 900 Domini
824 845 902 910 ⁸⁸.
935 852 1101 917 atque
1127 847 1341 904 etiamsi
1365 846 1674 903 laboramus
1702 861 1767 902 ex
1788 860 1916 916 pec-

345 945 491 999 cato,
534 935 906 991 confortemus
929 943 983 991 et
1020 936 1427 1003 conﬁrmemus,
1457 936 1914 1007 quemadmodum

341 1027 623 1097 prophetia
672 1027 996 1096 praescribit,
1055 1043 1253 1084 manus
1289 1027 1578 1100 languidas
1625 1042 1691 1084 ac
1737 1042 1914 1098 genua

339 1118 626 1175 dissoluta.
660 1115 797 1170 Nam
831 1117 879 1173 si
920 1118 973 1172 in
1014 1132 1288 1173 summum
1332 1116 1525 1188 jugum
1554 1117 1913 1182 evaserimus,

340 1209 684 1266 inveniemus
726 1210 819 1279 qui
869 1206 1154 1264 medeatur
1195 1208 1344 1263 omni
1391 1210 1607 1277 morbo,
1657 1208 1917 1280 omnique

342 1302 628 1372 languori,
697 1314 890 1370 nempe
941 1314 1065 1355 eum
1128 1301 1225 1370 qui
1280 1299 1629 1358 infirmitates
1694 1314 1917 1360 nostras

343 1392 593 1460 suscipit,
633 1400 686 1445 et
731 1389 950 1444 morbos
1001 1395 1183 1459 portat
1205 1389 1268 1441 ⁸⁸.
1327 1388 1593 1455 Quocirca
1631 1405 1917 1446 curramus

342 1484 507 1540 etiam
557 1498 658 1539 uos
707 1480 775 1537 ad
815 1494 1128 1545 ascensum,
1159 1487 1219 1534 ut
1249 1495 1375 1535 cum
1419 1479 1558 1537 Isaia
1605 1482 1661 1537 in
1705 1498 1919 1539 summo

340 1574 472 1646 jugo
497 1574 613 1645 spei
639 1570 921 1628 constituti
953 1572 1385 1641 contemplemur
1435 1588 1499 1628 ex
1529 1575 1750 1644 specula
1777 1575 1918 1630 bona

344 1666 435 1720 illa
470 1679 591 1735 quae
645 1663 850 1720 secutis
895 1663 951 1717 in
1006 1661 1348 1717 altitudinem
1377 1661 1615 1718 Verbum
1644 1660 1916 1733 ostendit;

2026 479 2243 550 Ἐπειδὴ
2259 475 2352 532 οὖν
2372 478 2648 533 ἀναόαίνει
2672 479 2751 542 είς
2765 479 2824 532 τὸ
2840 479 2962 549 ὅρος
2987 481 3017 532 6
3034 480 3256 550 Κύριος,
3274 478 3607 550 ἀκούσωμεν

2025 570 2244 623 Ἡσαΐου
2282 569 2530 639 βοῶντος·
2554 567 2749 634 Δεῦτε,
2771 569 3081 638 ἀναδῶμεν
3109 572 3198 635 εὶς
3226 572 3291 623 τὸ
3323 568 3475 637 ὅρος
3505 568 3607 623 τοῦ

2011 664 2254 729 Κυρίου·
2290 660 2392 715 κᾶν
2432 658 2744 730 ἀσθενῶμεν
2792 658 2851 724 ἐξ
2882 660 3174 731 ἁμαρτίας,
3203 660 3605 730 ἐνισχύσωμεν,

2014 749 2193 814 καθὼς
2214 750 2499 819 ὑφηγεῖται
2520 750 2554 819 ἡ
2576 749 2907 821 προφητεία,
2930 752 3116 821 χεῖρας
3140 749 3493 820 παρειμένας
3514 749 3606 801 καὶ

2014 841 2216 909 γόνατα
2245 838 2682 911 παραλελυμένα.
2717 840 2781 891 EI
2817 837 2926 911 γὰρ
2963 839 3057 891 ἐπὶ
3088 837 3182 891 τοῦ
3218 839 3398 909 ἀκρου
3427 837 3605 905 γενοί-

2018 931 2189 1001 μεθα,
2229 931 2531 1003 εὑρήσομεν
2559 928 2652 984 τὸν
2689 929 2914 1001 ἰώμενον
2945 931 3128 984 πᾶσαν
3164 931 3322 983 νόσον
3358 931 3463 983 καί
3496 931 3603 983 πᾶ-
3631 966 3639 977 .

2016 1040 2116 1077 σαν
2170 1022 2458 1093 μαλακίαν,
2493 1022 2584 1077 τὸν
2620 1020 2718 1085 τὰς
2760 1020 3044 1084 ἀσθενείας
3082 1020 3237 1091 ἡμῶν
3281 1020 3602 1090 άναλαμϐά-
3636 1026 3643 1066 :

2015 1132 2210 1182 νοντα,
2260 1115 2355 1169 καὶ
2401 1113 2498 1178 τάς
2545 1114 2734 1176 νόσους
2778 1111 3136 1183 βαστάζοντα.
3195 1110 3411 1164 Οὐκοῦν
3472 1098 3646 1180 δράο’

2019 1223 2205 1277 μωμεν
2232 1206 2325 1260 καὶ
2348 1206 2509 1277 ἡμεῖς
2547 1205 2683 1276 πρὸς
2711 1203 2813 1274 τὴν
2845 1202 3048 1265 ἄνοδον,
3085 1202 3171 1256 ἵνα
3205 1201 3345 1272 μετά
3376 1201 3605 1255 Ἡσαΐου

2016 1297 2157 1351 κατά
2190 1300 2290 1369 τὴν
2321 1295 2630 1370 ἀκρώρειαν
2660 1295 2760 1365 τῆς
2787 1294 3000 1358 ἐλπίδος
3045 1293 3354 1363 γενόμενοι,
3401 1291 3601 1362 ἴδωμεν

2016 1390 2080 1443 ἐκ
2114 1389 2395 1461 περιωπῆς
2426 1388 2495 1443 τὰ
2542 1387 2723 1456 ἀγαθά
2762 1388 2979 1448 ἐκεῖνα,
3006 1387 3108 1440 ὅσα
3145 1387 3257 1448 τοῖς
3301 1383 3605 1454 ἀκολουθή-

2018 1498 2174 1536 σασιν
2207 1482 2299 1535 ἐπὶ
2332 1481 2393 1534 τὸ
2420 1479 2551 1549 ὕψος
2574 1481 2603 1532 6
2628 1478 2798 1548 Λόγος
2828 1478 3119 1532 δείκνυσιν.
3163 1476 3303 1530 Ἀλλ’
3332 1473 3607 1540 ἀνοιξάτω

2021 1575 2114 1627 καὶ
2146 1575 2275 1645 ἡμῖν
2304 1574 2332 1625 6
2355 1570 2485 1634 Θεὸς
2518 1570 2688 1638 Λόγος
2715 1569 2776 1622 τὸ
2811 1568 2999 1639 στόμα,
3044 1568 3138 1620 καὶ
3162 1564 3431 1632 διδαξάτω
3454 1567 3606 1636 ἡμᾶς

2016 1667 2228 1729 ἐκεῖνα,
2271 1658 2347 1719 ὧν
2393 1665 2429 1735 ἡ
2472 1662 2734 1733 ἀκρόασις
2777 1659 3113 1731 μακαριότης
3155 1661 3326 1713 ἐστίν·
3357 1656 3607 1727 γενέσθω

342 1771 529 1811 verum
581 1753 745 1809 etiam
799 1753 957 1807 nobis
986 1750 1131 1807 Deus
1172 1749 1409 1807 Verbum
1463 1768 1526 1810 os
1563 1757 1794 1825 aperiat,
1852 1770 1912 1810 ac

2117 1755 2276 1828 ἡμῶν
2313 1755 2457 1826 ἀρχὴ
2503 1753 2603 1823 τῆς
2646 1751 2900 1823 θεωρίας,
2942 1750 3113 1822 ἡτῶν
3154 1749 3467 1820 εἰρημένων
3505 1747 3604 1818 τῆς

341 1846 533 1901 doceat
571 1861 673 1900 nos
718 1860 783 1900 ea
826 1859 1057 1914 quorum
1115 1843 1322 1898 auditio
1362 1844 1638 1900 beatitudo
1670 1857 1772 1903 est.
1810 1846 1916 1901 Su-

345 1944 521 1990 matur
569 1942 746 1989 autem
781 1951 811 1988 a
843 1934 1001 1989 nobis
1050 1933 1262 1989 initium
1313 1938 1812 2005 contemplationis,
1854 1946 1909 1993 et
1946 1938 2441 2003 eommentationis,
2501 1937 2642 1992 unde

343 2029 526 2101 coepit.

412 2121 589 2186 Beati,
630 2117 826 2189 inquit,
874 2132 1126 2186 pauperes
1176 2119 1389 2187 spiritu,
1444 2120 1694 2188 quoniam
1731 2136 1912 2175 eorum

340 2221 417 2267 est
448 2226 660 2281 regnum
695 2209 965 2263 caelorum.
1009 2205 1066 2262 Si
1098 2208 1224 2278 quis
1253 2223 1451 2263 avarus
1477 2207 1686 2262 incidat
1725 2209 1781 2263 in
1828 2218 1911 2263 ta-

342 2302 498 2358 bulas
543 2301 856 2355 thesaurum
917 2298 1116 2352 alicubi
1163 2296 1542 2353 absconditum
1583 2297 1909 2363 iudicantes,

343 2395 390 2446 is
420 2400 602 2445 autem
646 2390 821 2452 locus,
868 2388 960 2457 qui
995 2389 1310 2442 thesaurum
1343 2389 1638 2452 contineat,
1679 2389 1910 2443 multum

341 2482 595 2539 sudorem
655 2489 709 2536 et
771 2480 1011 2534 laborem
1073 2477 1449 2548 aspirantibus
1513 2477 1580 2531 ad
1635 2494 1730 2534 eas
1781 2494 1927 2548 opes

340 2573 634 2636 ostendat,
687 2571 931 2641 nunquid
964 2570 1030 2624 ad
1072 2569 1287 2626 labores
1321 2570 1731 2640 oblanguescet,
1770 2581 1823 2626 et
1858 2570 1913 2623 in

342 2667 497 2720 lucro
526 2662 820 2734 quan-endo
849 2660 1033 2734 segnis
1060 2662 1189 2726 erit,
1226 2663 1551 2733 nullumque
1588 2678 1699 2734 pra
1730 2661 1915 2719 studio

339 2755 580 2810 laborem
630 2768 846 2809 sumere
874 2762 1037 2823 atque
1068 2751 1511 2823 defatigationem
1560 2753 1747 2809 subire
1775 2753 1914 2808 divi—

341 2844 434 2900 tiis
464 2842 680 2899 dulcius
725 2850 780 2898 et
812 2842 1111 2912 jucundius
1158 2842 1538 2899 existimabit?
1574 2841 1693 2897 Non
1740 2843 1816 2899 ita
1856 2858 1916 2899 se

340 2948 432 2989 res
459 2932 652 2987 habet:
684 2947 793 2986 non
826 2933 901 2987 ita
931 2939 1050 2999 est;
1092 2933 1187 2988 sed
1227 2946 1418 2987 omnes
1457 2933 1677 3003 quidem
1714 2932 1782 2987 ad
1813 2933 1916 2987 hoc

342 3021 629 3076 advocabit
658 3022 896 3089 amicos;
948 3037 1011 3076 ex
1053 3022 1309 3079 omnibus
1342 3023 1470 3078 item
1523 3023 1793 3094 partibus,
1847 3038 1913 3078 ex

2021 1846 2366 1912 διδασκαλίας
2388 1844 2553 1916 ἀρχή.

2715 1934 2978 1989 doctrinae
3050 1932 3322 1989 dictorum
3376 1929 3605 1984 initium

2085 2117 2393 2187 Μακάριοι,
2438 2118 2635 2187 φησὶν,
2673 2118 2727 2169 οι
2774 2111 2994 2185 πτωχοὶ
3032 2109 3111 2176 τῷ
3150 2108 3446 2175 πνεύματι
3469 2145 3487 2168 ,
3515 2102 3607 2157 ὅτι

2015 2207 2216 2264 αὐτῶν
2246 2209 2416 2263 ἐστιν
2444 2209 2486 2275 ἠ
2511 2207 2798 2273 ,Βασιλεία
2827 2204 2945 2259 τῶν
2967 2199 3255 2270 οὐρανῶν.
3279 2198 3350 2251 Et
3374 2214 3460 2259 τις
3496 2194 3607 2249 τῶν

2015 2300 2353 2373 φιλοχρύσων
2404 2298 2726 2370 γράμμασιν
2777 2296 2986 2366 ἐντύχοι
3015 2290 3285 2364 θησαυρὸν
3333 2291 3397 2341 ἐν
3447 2286 3610 2357 τόπῳ

2014 2390 2452 2461 καταμηνύουσιν
2483 2403 2498 2417 '
2533 2390 2561 2441 6
2595 2386 2650 2439 δέ
2690 2385 2954 2458 περιέχων
2980 2383 3073 2436 τὸν
3108 2378 3385 2450 θησαυρὸν
3410 2376 3607 2441 τόπος,

2016 2483 2181 2537 πολὺν
2238 2480 2436 2550 ἱδρῶτα
2491 2478 2585 2532 καὶ
2642 2476 2801 2530 πόνον
2843 2472 3181 2526 ὑποδεικνύοι
3236 2472 3346 2533 τοῖς
3409 2467 3611 2521 ἐπιθυ-

2021 2573 2180 2645 μοῦσι
2214 2570 2310 2625 τοῦ
2339 2572 2643 2640 κτήματος*
2672 2563 2781 2637 ἆρα
2809 2562 3273 2637 μαλακισθήσεται
3300 2559 3443 2630 πρὸς
3476 2558 3610 2622 τοὺς

2018 2663 2230 2726 πόνους,
2260 2660 2353 2714 καὶ
2373 2655 2822 2729 καταρᾳθυμήσει
2859 2652 2951 2712 τοῦ
2985 2651 3231 2722 κέρδους,
3260 2650 3358 2704 καὶ
3399 2649 3466 2703 τὸ
3496 2665 3608 2721 μη-

2015 2755 2141 2810 δένα
2169 2751 2412 2823 κάματον
2442 2749 2546 2803 ὑπὸ
2574 2748 2673 2819 τῆς
2720 2746 2955 2818 σπουδῆς
2999 2742 3438 2811 εἰσενέγκασθαι,
3470 2741 3607 2809 γλυ-

2016 2844 2245 2915 κύτερον
2292 2841 2387 2896 τοῦ
2433 2839 2660 2895 πλούτου
2712 2840 3035 2910 ποιήσεται;
3077 2836 3191 2889 υὺκ
3232 2834 3351 2887 ἐστι
3402 2832 3605 2896 ταῦτα,

2019 2938 2120 2990 οὐκ
2147 2935 2290 2988 ἐστιν
2314 2951 2327 2965 ο
2358 2931 2491 2987 ἀλλὰ
2512 2931 2722 2993 πάντας
2744 2932 2841 3001 μὲν
2868 2929 3004 3001 πρὸς
3032 2927 3190 2981 τοῦτο
3217 2925 3607 2998 παρακαλέσει

2017 3026 2144 3089 τοὺς
2169 3024 2374 3088 φίλους,
2396 3021 2730 3093 πανταχόθεν
2755 3020 2812 3074 δὲ
2840 3021 2914 3085 ὡς
2945 3019 3010 3073 ἂν
3032 3013 3143 3082 οἶός
3168 3035 3232 3070 τε
3262 3014 3299 3090 ᾗ
3332 3018 3435 3088 τὴν
3463 3017 3605 3088 πρὸς

341 3110 543 3181 quibus
596 3110 816 3179 poterit,
869 3110 1090 3166 auxiliis
1144 3110 1250 3167 sibi
1299 3111 1618 3177 contractis,
1669 3113 1912 3166 multitu-

2085 3115 2174 3169 ὗτο
2233 3113 2481 3185 βοήθειαν
2531 3111 2708 3181 ἑαυτῷ
2762 3109 3081 3182 συναγείρας
3130 3108 3207 3179 τῷ
3250 3108 3453 3178 πλήθει
3502 3108 3607 3177 τῆς

340 3198 469 3255 dine
501 3214 792 3269 operarum
828 3214 962 3269 opes
991 3200 1112 3256 illas
1151 3200 1501 3256 absconditas
1560 3215 1689 3256 suas
1734 3200 1912 3255 Iactu-

2014 3206 2220 3276 χειρὸς,
2247 3205 2375 3260 ἴδιον
2414 3206 2645 3257 ποιεῖται
2682 3201 2773 3255 τὺν
2806 3202 3034 3255 πλοῦτον
3067 3200 3158 3253 τὸν
3184 3200 3603 3271 κεκρυμμένον.

343 3304 438 3344 rus
492 3290 583 3344 sit.
651 3287 751 3343 Hic
814 3297 900 3345 est
962 3289 1054 3344 ille
1111 3289 1420 3354 thesaurus,
1479 3288 1694 3355 fratres,
1752 3305 1912 3359 quem

2085 3313 2181 3360 ιτος
2233 3296 2436 3355 ἐκεῖνός
2472 3297 2616 3347 ἐστιν
2645 3295 2672 3347 6
2701 3292 3005 3364 θησαυρὸς,
3036 3291 3284 3360 ἀδελφοὶ,
3312 3292 3375 3344 δν
3426 3308 3605 3346 κατα-

342 3380 607 3449 scriptum
640 3380 864 3444 indicat,
896 3380 1230 3439 absconditae
1276 3391 1456 3437 autem
1490 3396 1586 3452 per
1608 3383 1914 3438 obscurita-

340 3481 452 3530 tem
478 3472 682 3533 divitia:
708 3481 857 3531 sunt.
893 3474 1063 3545 Igitur
1093 3489 1194 3531 nos
1218 3489 1435 3545 quoque
1472 3474 1567 3545 qui
1605 3474 1913 3546 incorrupti

340 3564 460 3619 auri
502 3563 686 3634 cupidi
716 3579 928 3627 sumus,
969 3579 1191 3634 precum
1226 3565 1383 3634 quasi
1424 3580 1682 3619 manuum
1730 3566 1914 3622 multi-

339 3655 528 3711 tudin'e
561 3663 801 3730 utamur,
859 3663 920 3710 ut
961 3654 1165 3710 divitiae
1209 3656 1367 3711 nobis
1421 3656 1699 3727 pateﬁant,
1750 3665 1912 3727 atque

338 3759 530 3800 omnes
568 3759 634 3799 ex
686 3759 844 3814 aequo
882 3744 1199 3798 thesaurum
1252 3744 1582 3809 dividamus,
1633 3753 1687 3800 ct
1736 3753 1909 3800 totum

338 3852 460 3891 eum
496 3836 729 3907 quisque
779 3836 1050 3906 acquirat.
1095 3834 1246 3892 Talis
1288 3837 1432 3892 enim
1471 3837 1669 3892 divisio
1694 3837 1910 3892 virtutis

336 3934 449 3993 est,
512 3934 572 3982 ut
623 3933 678 3985 et
729 3927 784 3982 in
830 3941 1049 3989 omnes,
1103 3926 1196 3997 qui
1242 3942 1361 3982 eam
1411 3927 1811 3997 amplectuntur
1857 3937 1911 3985 et

338 4014 614 4081 affectant,
654 4015 947 4081 dividatur,
979 4022 1034 4069 et
1059 4015 1259 4085 cuique
1302 4014 1447 4070 adsit
1475 4016 1728 4070 universa
1771 4016 1911 4070 inter

338 4106 751 4176 participantes,
779 4121 887 4161 non
941 4105 1227 4162 diminuta.
1278 4104 1412 4158 Nam
1468 4106 1524 4161 in
1572 4114 1942 4162 terrenarum.

339 4197 557 4268 quidem
591 4195 902 4251 divitiarum
939 4194 1348 4262 distributione,
1380 4196 1470 4265 qui
1512 4197 1634 4267 plus
1663 4197 1816 4267 justo
1844 4199 1911 4254 ad

337 4307 396 4347 se
434 4289 690 4352 traxerit,
716 4289 969 4360 injuriam
1017 4288 1144 4343 facit
1181 4289 1263 4343 his
1301 4287 1393 4358 qui
1430 4303 1496 4343 ex
1539 4289 1710 4358 aequis
1741 4290 1910 4361 parti-

347 4382 450 4437 bus
480 4380 616 4436 socii
643 4386 772 4435 sunt
818 4377 987 4448 (socii
1021 4378 1166 4434 enim
1206 4385 1415 4449 partem
1452 4395 1680 4449 prorsus
1716 4381 1910 4434 minuit

2017 3388 2209 3459 μηνύει
2241 3386 2302 3439 τὸ
2334 3384 2915 3458 γράμμανκέκρυπται
2938 3383 2993 3436 δέ
3021 3383 3122 3437 ὑπὸ
3142 3383 3239 3454 τῆς
3273 3383 3551 3451 ἀσαφείας
3574 3385 3607 3438 ὁ

2015 3475 2483 3541 πλοῦτος.οὐκοῢν
2518 3472 2847 3547 χρησώμεθα
2878 3473 2974 3526 καὶ
2997 3474 3156 3544 ἡμεῖς
3184 3475 3231 3526 οἱ
3258 3473 3606 3544 ἐπιθυμηταὶ

2012 3565 2108 3619 τοῦ
2152 3567 2426 3636 ἀκηράτου
2472 3564 2729 3635 χρυσίου,
2759 3566 2825 3634 τῇ
2859 3563 2967 3616 τῶν
3013 3562 3189 3634 εὐχῶν
3240 3562 3604 3634 πολυχειρίᾳ,

2012 3654 2155 3707 ὥστε
2189 3657 2322 3725 ήμϊν
2353 3658 2431 3719 εἰς
2469 3655 2532 3709 τὸ
2580 3653 2818 3725 ἐμφανὲς
2863 3654 2953 3706 τὸν
3002 3651 3229 3707 πλοῦτον
3262 3653 3441 3707 ἐλθεῖν
3462 3696 3477 3720 ,
3509 3654 3605 3708 καὶ

2012 3748 2219 3812 πάντας
2270 3747 2328 3814 ἐξ
2376 3747 2492 3801 ῐσου
2544 3746 2811 3802 διελέσθαι
2856 3747 2947 3801 τὸν
2998 3744 3305 3817 θησαυρὸν,
3338 3747 3438 3800 καὶ
3479 3747 3604 3799 ὅλον

2014 3839 2239 3893 ἕκαστον
2267 3839 2592 3911 κτήσασθαι.
2628 3840 2861 3909 Τοιαύτη
2900 3838 3006 3909 γάρ
3032 3838 3131 3908 τῆς
3161 3839 3367 3908 ἀρετῆς
3394 3840 3430 3909 ἡ
3462 3839 3604 3893 διαί-

2017 3947 2195 4001 ρεσις,
2234 3929 2373 3984 ὥστε
2411 3932 2505 3984 καὶ
2547 3932 2626 3994 είς
2676 3932 2884 3992 πάντας
2936 3931 3063 3994 τοὺς
3114 3930 3607 4000 ἀντιποιουμένους

2011 4020 2452 4093 διαμερίζεσθαι,
2504 4021 2600 4075 καὶ
2659 4022 2839 4091 πᾶσαν
2887 4021 3101 4090 ἑκάστῳ
3162 4023 3420 4091 παρεῖναι
3450 4060 3469 4083 ,
3526 4021 3604 4092 μὴ

2010 4112 2402 4183 ὲλαττουμένην
2443 4115 2501 4166 ἐν
2536 4114 2647 4177 τοῖς
2672 4112 3121 4183 συμμετέχουσιν.
3148 4111 3234 4163 Ἐν
3266 4111 3365 4181 μὲν
3402 4112 3602 4184 γὰρτῇ

2009 4203 2102 4256 τοῦ
2145 4204 2330 4274 γηῖνου
2363 4202 2592 4257 πλούτου
2626 4204 2854 4274 διανομῇ
2888 4203 3063 4256 άδικεῖ
3087 4201 3212 4264 τοὺς
3254 4202 3603 4273 ίσομοιροῦν-

2010 4311 2107 4358 τας
2152 4296 2179 4348 6
2206 4296 2267 4349 τὸ
2304 4296 2464 4349 πλέον
2497 4294 2997 4366 παρασπασάμενος
3031 4310 3045 4324 ·
3070 4292 3281 4346 ἐλαττοῖ
3308 4293 3420 4365 γὰρ
3456 4295 3600 4347 πάν.

2009 4401 2117 4449 τως
2154 4384 2216 4438 τὸ
2244 4384 2410 4457 μέρος
2434 4384 2529 4438 τοῦ
2562 4382 3015 4455 συμμετέχοντος,
3045 4384 3073 4434 6
3103 4382 3163 4434 τὸ
3201 4381 3399 4435 ἐαυτοῦ
3438 4382 3600 4436 πλεο-

337 4473 383 4527 is
421 4471 513 4540 qui
551 4485 707 4526 suam
751 4471 878 4541 plus
911 4470 1062 4539 justo
1086 4471 1351 4540 auxerit);
1390 4473 1705 4543 spirituales
1730 4483 1908 4531 autem

2088 4494 2185 4540 σας
2219 4495 2232 4508 -
2294 4481 2322 4531 6
2383 4477 2440 4531 δὲ
2490 4477 2858 4549 πνευματικὸς
2892 4474 3134 4557 ,πλοῦτος
3179 4473 3241 4526 τὸ
3299 4472 3397 4527 τοῦ
3442 4475 3594 4545 ἡλίου

336 4561 538 4617 divitia:
592 4560 734 4616 idem
799 4559 1006 4616 faciunt
1064 4561 1207 4632 quod
1246 4562 1349 4627 sol,
1409 4565 1501 4633 qui
1554 4571 1605 4619 et
1654 4565 1909 4620 omnibus

335 4653 647 4708 videntibus
685 4667 745 4711 sc
782 4651 1044 4723 impertit,
1083 4663 1135 4708 et
1170 4660 1318 4708 totus
1352 4653 1648 4725 unicuique
1679 4656 1907 4711 accedit.

336 4741 605 4809 Quoniam
645 4743 810 4814 igitur
862 4757 961 4812 par
1001 4742 1067 4797 ab
1102 4757 1439 4814 unoquoque
1487 4744 1700 4800 lucrum
1731 4761 1797 4801 ex
1829 4747 1909 4801 la-

294 4834 467 4907 .bore
517 4842 792 4905 speratur,
861 4848 956 4903 par
1003 4833 1071 4887 ab
1121 4834 1377 4888 omnibus
1425 4833 1683 4891 aﬂ‘eratur
1736 4838 1804 4892 ad
1855 4838 1908 4893 id

333 4925 479 4995 quod
519 4939 548 4977 a
592 4923 755 4980 nobis
793 4924 1076 4994 quaeritur,
1127 4940 1349 4994 precum
1399 4925 1793 4994 adjumentum.
1827 4930 1907 4984 Ac

333 5015 568 5085 primum
601 5015 822 5085 quidem
868 5015 1111 5069 omnium
1143 5014 1385 5070 arbitror
1424 5027 1677 5086 oportere
1718 5021 1904 5077 consi-

333 5105 527 5159 derare
557 5105 730 5175 ipsam
755 5103 1173 5170 beatitudinem,
1204 5114 1259 5160 et
1289 5107 1589 5179 intelligere
1644 5111 1905 5180 quidnam

332 5197 551 5251 tandem
587 5212 651 5251 ea
689 5196 781 5251 sit.
818 5195 1122 5257 Beatitudo.
1186 5205 1245 5251 ut
1294 5212 1413 5253 mea
1460 5198 1677 5269 quidem
1723 5201 1906 5271 opinio

334 5285 458 5349 fert,
519 5288 937 5357 comprehensio
988 5288 1233 5357 quaedam
1285 5297 1368 5344 est
1419 5290 1661 5345 omnium
1714 5306 1903 5348 earum

332 5392 514 5431 rerum
543 5393 663 5447 quas
698 5379 916 5433 nomine
953 5379 1079 5432 boni
1123 5378 1526 5449 intelliguntur:
1561 5395 1591 5435 a
1629 5396 1737 5451 qua
1767 5383 1904 5439 nihil

332 5466 489 5521 abest
526 5482 713 5520 eorum
744 5484 865 5537 quae
889 5469 1162 5538 pertinent
1190 5468 1258 5523 ad
1283 5469 1550 5531 bonorum
1577 5472 1904 5537 desiderium

404 5642 446 5674 α’
493 5641 593 5693 isa.
635 5655 671 5691 ll
739 5640 791 5692 5.
866 5640 911 5672 ”
956 5640 1063 5693 Isa.
1105 5656 1266 5705 xxxv,
1297 5640 1353 5693 4.

2016 4570 2177 4633 ποιεῖ,
2208 4567 2302 4621 καὶ
2333 4569 2465 4621 πᾶσι
2512 4570 2625 4630 τοῖς
2669 4567 2958 4638 βλέπουσιν
2987 4564 3176 4618 ἑαυτὸν
3202 4564 3468 4636 μερίζων,
3502 4565 3598 4619 καὶ

2015 4658 2134 4722 ὅλος
2171 4660 2386 4729 ἑκάστῳ
2427 4659 2881 4730 παραγινόμενος.
2914 4657 3066 4710 Ἐπεὶ
3099 4651 3191 4709 οὖν
3234 4657 3349 4709 ἴσον
3376 4657 3601 4729 ἑκάστῳ

2012 4748 2156 4802 τὸέκ
2185 4747 2278 4802 τοῦ
2311 4749 2474 4803 πόνου
2505 4748 2697 4820 κέρδος
2719 4744 3017 4810 ἐλπίζεται,
3035 4747 3123 4817 ῐση
3156 4745 3398 4813 γενέσθω
3429 4749 3600 4800 πᾶσιν

2012 4837 2101 4890 διὰ
2126 4836 2232 4890 τῶν
2264 4838 2437 4908 εὐχῶν
2463 4838 2599 4910 πρὸς
2619 4841 2679 4891 τὸ
2696 4835 3024 4908 ζητούμενον
3051 4837 3184 4906 ἡμῖν
3206 4837 3240 4907 ή
3275 4836 3598 4907 συνέργεια.

2014 4928 2235 4999 Πρῶτον
2282 4929 2381 5000 μὲν
2407 4925 2501 4984 οὖν
2539 4929 2702 4983 αὐτόν
2737 4945 2880 4998 φημι
2925 4926 3034 4994 ἐγὼ
3062 4927 3171 4980 δεῖν
3215 4926 3307 4980 τὸν
3346 4944 3599 5000 μακαρι-

2010 5019 2277 5090 σμὸν,ὅτί
2304 5021 2434 5074 ποτέ
2462 5021 2632 5087 ἐστιν,
2654 5021 2924 5089 ἐννοῆσαι.
2949 5017 3307 5088 Μακαριότης
3341 5017 3431 5081 τίς
3457 5021 3597 5085 ἐστι,

2007 5109 2151 5164 κατά
2178 5126 2242 5178 γε
2269 5109 2361 5164 τὸν
2385 5110 2517 5181 ἐμὸν
2544 5109 2721 5179 λόγον,
2744 5107 3035 5181 περίληψις
3068 5109 3283 5161 πάντων
3310 5107 3423 5161 τῶν
3454 5111 3597 5164 κατὰ

2004 5202 2068 5256 τδ
2111 5201 2312 5271 ἀγαθὸν
2350 5200 2687 5278 νοουμένωνθ
2727 5196 2795 5275 ἧς
2841 5200 3039 5254 ἄπεστι
3086 5197 3195 5250 τῶν
3238 5199 3323 5261 εἰς
3377 5199 3597 5273 ἀγαθὴν

2007 5290 2302 5362 ἐπιθυμίαν
2335 5292 2575 5362 ἡκόντων
2607 5291 2783 5345 οὐδέν.
2821 5290 3032 5344 Γένοιτο
3056 5288 3104 5341 δ’
3145 5288 3211 5341 ἂν
3237 5289 3374 5359 ἡμῖν
3409 5292 3509 5344 καὶ
3533 5294 3596 5345 ἐκ

2010 5382 2109 5454 τῆς
2138 5382 2233 5436 τοῦ
2280 5383 2523 5439 ἐναντίου
2572 5383 2927 5454 παραθέσεως
2968 5377 3396 5451 γνωριμώτερον
3428 5380 3494 5436 τὸ
3533 5384 3595 5436 ἐκ

1971 5480 1977 5487 ’
2011 5474 2104 5530 τοῦ
2143 5475 2496 5548 μακαρισμοῦ
2546 5475 2943 5546 σημαινόμενον
2964 5488 2980 5504 ·
3008 5471 3252 5526 ἐναντίον
3283 5471 3346 5526 δέ
3376 5472 3461 5547 τῷ
3494 5491 3593 5547 μα-

3328 5766 3359 5772 ~
3440 5771 3497 5778 Μ
