3738 5984
181 326 326 385 “'37

1260 327 1348 381 DE
1388 322 1989 381 BEATITUDINIBUS.
2008 325 2264 381 ORATIO
2293 326 2332 383 1.

3297 322 3436 380 “98

179 440 365 511 γαρίῳ
392 442 451 495 τὸ
479 442 680 496 ἄθλιον.
729 442 1005 512 Ἀθλιότης
1057 437 1149 495 οὖν
1184 442 1352 503 ἐστιν,
1388 444 1419 512 ὴ
1451 444 1507 495 ὲν
1537 444 1648 504 τοῖς
1672 441 1765 493 λυ-

1945 460 2030 513 ιιιθ
2052 445 2423 515 cupiditatem.
2460 442 2667 498 Poterit
2704 453 2885 499 autem
2917 443 3076 500 nobis
3112 457 3179 499 ex
3212 457 3436 515 compa-

181 528 385 605 πηροίς
426 553 481 587 τε
529 535 622 588 καὶ
655 534 972 604 ἀϐουλήτοις
1014 534 1208 588 πάθεσι
1252 534 1618 605 ταλαιπωρία.
1650 533 1763 587 Με-

185 627 441 698 μέρισται
470 627 526 680 δὲ
577 629 638 680 ἐκ
687 627 781 680 τοῦ
818 627 1056 680 ἐναντίου
1093 629 1126 697 ἡ
1156 629 1241 697 ἐφ’
1267 626 1525 696 ἑκατέρου
1566 626 1673 677 τῶν
1707 627 1765 676 ὲν

183 719 373 782 αὐτοῖς
390 718 692 788 γινομένων
712 718 967 781 διάθεσις.
1008 718 1269 789 ’Υπάρχει
1293 716 1400 786 γὰρ
1423 714 1501 784 τῷ
1535 715 1631 785 μὲν
1663 731 1765 784 μα-

184 809 535 880 καριζομένῳ
564 809 626 860 τὸ
674 807 1056 878 εὐφραίνεσθαι
1105 809 1216 870 τοῖς
1266 805 1644 877 προκειμένοις
1685 805 1766 867 εἰς

183 901 493 953 ἀπόλαυσιν
537 899 687 971 αὑτῷ
728 901 823 954 καὶ
872 899 1198 969 ἀγάλλεσθαι
1228 915 1242 929 '
1282 897 1362 969 τῷ
1394 898 1450 950 δὲ
1482 894 1764 959 ταλανιζο-

187 992 338 1061 μένῳ
356 991 417 1044 τὸ
443 991 694 1045 ἀνιᾶσθαι
712 994 823 1054 τοῖς
838 990 1103 1062 παροῦσιν
1128 988 1275 1060 αὑτῷ
1299 990 1393 1043 καί
1412 986 1760 1056 ἀλγύνεσθαι.

183 1081 227 1129 Τ
230 1081 261 1132 ὸ
294 1081 392 1149 μὲν
424 1075 516 1133 οὑν
545 1079 880 1149 μακαριστὸν
911 1079 1143 1150 ἀληθῶς,
1166 1078 1299 1132 αὑτὸ
1328 1078 1388 1129 τὸ
1411 1073 1563 1131 Θεῖόν
1593 1078 1759 1129 ἐστιν.

184 1173 261 1223 ’Ὁ
284 1171 337 1223 τί
382 1187 511 1223 ποτε
549 1170 657 1240 γὰρ
686 1171 819 1224 αὑτὸ
867 1167 1004 1224 εἶναι
1040 1169 1388 1241 ὑποθὼμεθα,
1425 1169 1763 1241 μακαριότης

178 1262 335 1314 ἐστὶν
385 1264 417 1331 ἡ
469 1262 741 1331 ἀκήρατος
786 1262 968 1332 εκείνη
1013 1260 1146 1332 ζωὴ,
1195 1262 1257 1315 τὸ
1305 1261 1539 1334 ἄρῤητὸν
1578 1277 1640 1313 τε
1672 1259 1767 1313 καὶ

179 1353 555 1423 ἁκατανόητον
590 1353 815 1421 ἀγαθὸν,
839 1353 899 1406 τὸ
928 1354 1301 1424 ἀνέκφραστον
1320 1353 1530 1415 κάλλος,
1553 1354 1585 1421 ή
1614 1352 1766 1405 αὑτο-

178 1448 366 1518 χὰρις,
403 1446 497 1499 καὶ
530 1446 724 1515 σοφία,
756 1448 850 1500 καὶ
900 1446 1127 1517 δύναμις
1149 1465 1161 1478 ·
1192 1447 1253 1500 τὸ
1307 1446 1559 1518 ἀληθινὸν
1610 1445 1758 1515 φῶς.

180 1539 216 1605 ἡ
251 1537 401 1606 πηγὴ
452 1538 633 1607 πάσης
660 1536 991 1606 ἁγαθότητος
1014 1554 1027 1567 ·
1053 1537 1085 1607 ὴ
1110 1537 1475 1607 ὑπερκειμένη
1505 1534 1597 1589 τοῦ
1630 1552 1764 1588 παν-

177 1629 276 1693 τὸς
298 1628 517 1693 ἐξουσία
542 1646 556 1659 ο
574 1629 636 1682 τὸ
661 1628 818 1699 μόνον
845 1628 1127 1701 ἐράσμιον,
1154 1630 1214 1682 τὸ
1235 1629 1320 1681 ἀεὶ
1338 1628 1596 1691 ὡσαύτως
1617 1628 1757 1698 ἕχον.

175 1718 246 1768 τὸ
282 1716 528 1787 διηνεκὲς
555 1717 865 1787 ἀγαλλίαμα
889 1731 903 1745 ·
925 1718 958 1786 ἡ
997 1717 1162 1781 ἀΐδιος
1183 1718 1486 1788 εὐφροσύνη
1506 1737 1519 1750 ·
1545 1735 1607 1771 πε
1618 1718 1670 1789 pi.
1692 1713 1761 1787 ἦς

180 1808 367 1861 πάντα
402 1825 486 1871 τις
516 1807 553 1862 ἃ
601 1806 825 1862 δύναται
854 1808 1030 1875 λέγων
1054 1847 1067 1872 ,
1100 1808 1247 1877 λέγει
1294 1809 1405 1861 τῶν
1453 1810 1570 1862 κατ’
1604 1807 1758 1872 ἀξίαν

178 1898 357 1953 οὐδέν.
392 1896 530 1951 Οὔτε
582 1897 692 1970 γὰρ
727 1901 759 1969 ἡ
803 1898 1010 1953 διάνοια
1057 1897 1390 1952 καθικνεῖται
1428 1898 1521 1951 τοῦ
1570 1898 1722 1961 ὖντος
1748 1938 1762 1961 ,

179 1991 289 2045 κᾶν
325 2008 378 2044 τι
414 1991 540 2061 περὶ
573 1970 735 2044 αὑτοῦ
761 1990 869 2043 τῶν
900 1990 1246 2061 ὑψηλοτέρων
1284 1991 1471 2058 νοῆσαι
1508 1991 1765 2060 χωρήσω-

184 2099 310 2151 μεν,
346 2082 521 2135 οὐδενὶ
554 2080 696 2151 λόγῳ
722 2080 782 2132 τὸ
810 2079 1001 2151 νοηθὲν
1030 2078 1428 2147 ἐξαγγέλλεται.
1475 2079 1629 2133 Ἐπεὶ
1660 2078 1716 2131 δὲ
1738 2080 1766 2131 6

183 2173 404 2236 πλάσας
449 2173 541 2226 τὸν
585 2171 905 2242 ἄνθρωπον,
942 2172 1062 2223 κατ’
1114 2170 1297 2222 εἰκόνα
1339 2169 1474 2222 Θεοῦ
1511 2169 1765 2240 ἐποίησεν

180 2265 384 2318 αὐτόν’
425 2264 695 2333 δευτέρως
721 2263 787 2317 ἂν
818 2260 902 2332 εἴη
942 2261 1279 2332 μακαριστὸν
1304 2261 1369 2313 τὸ
1404 2260 1542 2313 κατὰ
1578 2277 1767 2330 μετου-

182 2358 310 2411 σίαν
341 2357 439 2427 τῆς
478 2357 646 2419 ὅντως
692 2354 1087 2426 μακαριότητος
1130 2354 1189 2406 ἐν
1229 2352 1304 2423 τῷ
1341 2353 1564 2423 ὀνόματι
1596 2352 1766 2419 τούτῳ

180 2448 494 2515 γινόμενον.
515 2442 726 2515 ’Ὠσπερ
747 2445 854 2515 γὰρ
871 2444 963 2496 ἐπὶ
979 2443 1075 2513 τῆς
1107 2442 1426 2512 σωματικῆς
1440 2442 1767 2513 εὐμορφίαςν

180 2542 247 2592 τὸ
281 2540 380 2608 μὲν
428 2537 780 2609 πρωτότυπον
830 2536 1023 2598 κάλλος
1061 2537 1119 2588 ἒν
1158 2534 1237 2605 τῷ
1284 2534 1445 2598 ζῶντι
1490 2531 1766 2604 προσώπῳ

184 2630 309 2681 ἐστὶ
360 2628 453 2681 καὶ
506 2626 810 2695 ὑφεστῶτι,
858 2624 1159 2695 δευτερεύει
1188 2625 1245 2678 δὲ
1292 2623 1480 2677 τούτου
1526 2623 1585 2676 τὸ
1627 2624 1767 2675 κατὰ

191 2720 426 2789 μίμησιν
471 2719 565 2771 ἐπὶ
596 2719 694 2789 τῆς
741 2719 949 2780 εἰκόνος
980 2716 1328 2785 δεικνύμενον
1359 2733 1372 2746 ·
1405 2715 1578 2779 οὕτως
1610 2717 1704 2768 καὶ
1733 2717 1765 2785 ὴ

184 2809 504 2883 ἀνθρωπίνη
532 2810 693 2877 φύσις
711 2848 725 2868 ,
753 2808 916 2862 εἰκὼν
941 2803 1075 2862 οὖσα
1098 2807 1198 2877 τῆς
1235 2807 1636 2878 ὑπερκειμένης
1666 2823 1769 2876 μα-

186 2902 534 2971 καριότητος,
563 2902 654 2953 καὶ
677 2900 813 2970 αὑτὴ
838 2899 915 2969 τῷ
941 2899 1130 2970 ἀγαθῷ
1153 2898 1339 2953 κάλλει
1367 2914 1614 2968 χαρακτη
1625 2896 1767 2968 ρλίζε-

185 3009 302 3055 ται,
337 2992 464 3045 ὅταν
512 2992 596 3060 ἐφ’
644 2993 839 3062 ἑαυτῆς
887 2990 1119 3044 δεικνύει
1174 2991 1270 3055 τὰς
1319 2990 1426 3043 τῶν
1483 2989 1768 3061 μακαρίων

1869 533 2079 588 ratione
2105 534 2365 589 contrarii
2411 534 2627 604 planius
2664 534 2778 591 ﬁeri
2843 536 2973 605 quid
3008 552 3104 607 per
3140 536 3435 594 beatitudi-

1868 640 1993 679 nem
2037 626 2409 697 signiﬁcetur;
2453 628 2731 683 contraria
2763 635 2940 682 autem
2977 628 3300 685 beatitudini
3331 630 3437 686 mi-

1868 717 2012 772 seria
2047 727 2151 774 est.
2183 718 2400 774 Miseria
2427 720 2591 790 igitur
2619 727 2703 775 est
2730 719 2786 775 in
2829 720 3044 777 acerbis
3094 736 3159 775 ac
3185 722 3437 779 tristibus

1869 816 2170 879 nostraque
2217 811 2497 867 voluntate
2539 827 2650 867 non
2707 813 3084 870 accidentibus
3130 815 3352 872 casibus
3384 823 3441 871 et

1866 899 2271 958 calamitatibus
2309 916 2571 957 aerumna.
2618 901 2845 958 Aﬂ'ectio
2886 904 3012 959 item
3076 920 3268 960 eorum
3315 921 3439 977 qua

1867 992 1920 1046 in
1957 993 2091 1062 ipsis
2126 993 2281 1060 liunt,
2350 996 2405 1050 in
2456 1003 2688 1066 utroque
2735 997 2789 1050 in
2834 998 3169 1052 contrarium
3201 998 3435 1055 deducta

1867 1089 2029 1151 atque
2062 1083 2234 1140 divisa
2274 1093 2376 1141 est.
2407 1084 2539 1140 Nam
2568 1086 2615 1142 ei
2670 1088 2763 1159 qui
2792 1088 3010 1157 quidem
3040 1090 3233 1147 beatus
3264 1092 3435 1147 habe-

1868 1174 1976 1233 tur,
2036 1169 2106 1224 ob
2146 1186 2234 1227 res
2272 1172 2339 1226 ad
2390 1172 2676 1228 fruendum
2733 1176 2837 1231 sibi
2889 1179 3197 1247 propositas
3240 1181 3433 1247 laetari,

1866 1256 1966 1310 sibi
2002 1258 2217 1327 placere
2253 1268 2306 1315 et
2341 1262 2617 1316 exsultare
2650 1262 2818 1329 licet;
2860 1265 2909 1318 ei
2960 1279 3090 1318 vero
3135 1265 3228 1335 qui
3271 1267 3437 1322 miser

1865 1347 2228 1416 existimatur,
2262 1351 2424 1407 rebus
2462 1353 2565 1407 sibi
2596 1354 2956 1420 praesentibus
2996 1356 3120 1427 angi
3154 1364 3318 1427 atque
3344 1358 3440 1414 do-

1864 1440 1976 1495 lere
2014 1442 2300 1512 contingit.
2340 1442 2511 1498 Porro
2551 1446 2695 1513 quod
2729 1461 2853 1501 vere
2884 1447 3099 1502 beatum
3124 1447 3435 1505 habendum

1864 1531 1953 1595 sit,
2003 1531 2180 1600 ipsum
2232 1533 2475 1587 divinum
2518 1550 2717 1590 numen
2760 1544 2860 1590 est.
2898 1535 3031 1590 Nam
3082 1537 3349 1610 quidquid
3381 1539 3436 1595 id

1863 1624 2079 1677 tandem
2109 1640 2231 1679 esse
2264 1640 2561 1694 ponamus,
2606 1626 2883 1683 beatitudo
2914 1636 2999 1684 est
3028 1629 3120 1684 illa
3154 1630 3439 1687 immorta-

1865 1714 1934 1769 lis
1968 1722 2021 1769 et
2052 1715 2367 1784 incorrupta
2409 1717 2539 1784 vita,
2579 1718 2849 1783 inell‘abile
2871 1720 3076 1792 pariter
3104 1729 3160 1778 et
3192 1722 3431 1778 inanim-

1792 1791 1834 1845 Β
1864 1804 2187 1862 adversibile
2242 1816 2406 1878 atque
2456 1791 2884 1879 inexcogitabile
2914 1812 3141 1878 bonum,
3212 1813 3435 1869 inenar-

1866 1895 2054 1950 rabilis
2086 1896 2593 1967 inexplicabilisque
2625 1900 2998 1969 pulchritudo,
3032 1916 3062 1955 a
3096 1901 3274 1972 seipsa
3308 1918 3437 1975 pro-

1868 1982 2026 2045 fecta,
2064 2000 2095 2039 a
2127 1985 2304 2055 seipsa
2336 1987 2480 2049 data,
2514 1997 2567 2040 et
2603 1988 2797 2057 gratia,
2827 1995 2881 2042 et
2923 1990 3209 2060 sapientia,
3248 2001 3302 2048 et
3341 2007 3439 2062 po-

1866 2074 2054 2136 tentia,
2104 2089 2230 2129 vera
2266 2076 2380 2140 lux,
2434 2075 2554 2132 fons
2589 2079 2769 2134 omnis
2795 2080 3074 2147 bonitatis,
3111 2084 3277 2139 rebus
3316 2086 3439 2141 uni-

1866 2166 2040 2219 versis
2095 2166 2390 2233 praesidens
2441 2182 2505 2223 ac
2540 2170 2961 2241 superimposita
3012 2156 3276 2243 potestas,
3318 2177 3435 2232 sola

1866 2254 2137 2319 amabilis,
2174 2271 2389 2326 semper
2420 2258 2605 2313 eodem
2636 2261 2797 2315 modo
2838 2274 2959 2319 sese
2985 2264 3211 2332 habens,
3242 2282 3437 2341 perpe-

1866 2354 1955 2400 tua
1998 2348 2310 2413 exsultatio,
2367 2351 2697 2420 sempiterna
2745 2354 2952 2423 latitia,
3004 2356 3203 2429 dequa
3236 2361 3279 2415 si
3311 2361 3437 2431 quis

1865 2438 2011 2493 dicat
2045 2440 2225 2494 omnia
2261 2456 2381 2510 quae
2412 2443 2604 2511 possit,
2636 2445 2769 2499 nihil
2799 2446 2933 2501 dicit
2958 2462 3148 2504 eorum
3207 2466 3329 2523 quae
3358 2453 3436 2509 rei

1867 2527 2105 2597 dignitas
2139 2530 2377 2599 postulat
2412 2538 2573 2600 atque
2612 2535 2860 2603 requirit.
2895 2536 3081 2607 Neque
3105 2542 3250 2595 enim
3284 2542 3438 2599 infel-

1867 2619 2087 2688 ligcntia
2136 2622 2443 2692 mentisque
2496 2634 2550 2679 et
2598 2628 2801 2698 ingenii
2841 2629 3067 2696 agitatio
3115 2632 3334 2702 attingit
3382 2640 3438 2690 et

1869 2712 2182 2779 assequitur
2210 2712 2262 2764 id
2289 2713 2433 2781 quod
2462 2725 2568 2779 est,
2602 2725 2765 2786 atque
2800 2719 2959 2772 etiam
3001 2720 3045 2774 si
3082 2721 3212 2789 quid
3244 2722 3314 2777 de
3344 2723 3439 2779 illo

1868 2800 2012 2855 bono
2049 2802 2134 2855 vel
2173 2802 2462 2890 sublimius
2491 2813 2545 2859 et
2576 2806 2742 2862 altius
2773 2808 3013 2878 cogitare
3040 2817 3094 2864 et
3140 2810 3441 2884 intelligere

1870 2889 2163 2956 valeamus,
2218 2891 2367 2946 nulla
2415 2902 2596 2951 tamen
2647 2896 2860 2952 ratione
2888 2898 2971 2952 vel
3004 2900 3255 2956 oratione
3292 2902 3438 2972 quod

1868 2983 2138 3051 cogitatur
2175 2989 2229 3037 et
2267 2983 2590 3054 intelligitur
2649 2989 2985 3045 enuntiatur.
3025 2991 3293 3057 Quoniam
3338 3008 3441 3050 au-

188 3083 555 3153 χαρακτήρων
602 3082 884 3151 ἐμφάσεις.
931 3081 1071 3133 Ἀλλ’
1105 3080 1293 3151 ἐπειδὴ
1316 3083 1344 3133 6
1364 3080 1465 3148 τῆς
1492 3076 1767 3150 ἁμαρτίας

1945 3087 1980 3124 n
2026 3073 2073 3127 is
2112 3073 2205 3143 qui
2260 3075 2413 3129 ﬁnxit
2450 3076 2745 3143 hominem,
2800 3082 3099 3137 secundum
3148 3085 3439 3154 imaginem

190 3172 365 3242 ῥύπος
386 3172 447 3225 τὸ
474 3172 565 3224 ὲπὶ
616 3172 819 3234 εἰκόνος
841 3170 1035 3233 κάλλος
1062 3172 1389 3241 ἡχρείωσεψ
1421 3167 1587 3241 ἦλθεν
1618 3172 1647 3223 6
1676 3171 1768 3223 ὲκ-

190 3266 397 3317 νίπτων
444 3265 589 3333 ἡμᾶς
622 3262 702 3333 τῷ
731 3262 845 3330 ἰδίῳ
877 3261 1031 3315 ὕδατι
1050 3304 1064 3327 ,
1093 3260 1173 3332 τῷ
1200 3262 1363 3325 ζῶντί
1399 3278 1457 3313 τε
1493 3262 1588 3314 καὶ
1619 3261 1770 3313 ἁλλο-

192 3355 342 3424 μένῳ
380 3355 459 3416 εἰς
488 3352 633 3422 ζωὴν
670 3351 901 3415 αἰώνιον,
936 3350 1076 3404 ὥστε
1126 3352 1273 3421 ἡμᾶς
1311 3350 1675 3420 ἀποθεμένους
1712 3349 1772 3402 τὸ

189 3442 254 3508 ἐξ
282 3444 555 3514 ἁμαρτίας
588 3438 793 3512 αἶσχος,
834 3424 1015 3495 πάλινί
1034 3430 1173 3494 κατὰ
1202 3441 1299 3499 τὴν
1332 3440 1608 3510 μακαρίαν
1640 3440 1772 3492 ἀνα-

196 3534 540 3605 ηινισθῆναι
577 3536 810 3604 μορφήν.
849 3534 957 3586 Καὶ
1006 3529 1255 3600 καθάπερ
1291 3530 1382 3583 ἐπὶ
1418 3530 1518 3599 τῆς
1556 3528 1772 3599 ζωγρα-

191 3628 366 3701 φικῆς
386 3628 580 3697 τέχνης
604 3627 746 3679 εἴποι
774 3626 838 3679 ἄν
866 3643 947 3688 τις
986 3624 1121 3695 πρὸς
1153 3623 1278 3686 τοὺς
1312 3623 1570 3693 ἀπείρους
1593 3624 1621 3674 6
1650 3624 1771 3673 επι-

189 3723 456 3792 στήμων,
492 3722 665 3772 ἐκεῖνο
720 3717 881 3770 καλὸν
936 3712 1073 3769 εἶναι
1124 3715 1186 3768 τὸ
1232 3714 1523 3786 πρόσωπον
1546 3754 1560 3773 ,
1595 3711 1657 3764 τὸ
1707 3713 1771 3764 ὲκ

191 3812 415 3866 τοιῶνδε
456 3810 563 3863 τῶν
609 3808 705 3862 τοῦ
749 3808 998 3877 σώματος
1057 3806 1258 3878 μορίων
1311 3805 1698 3874 συγκείμενον·

190 3903 343 3973 κόμη
380 3919 439 3955 τε
471 3901 647 3954 τοιάδε
667 3940 681 3959 ,
714 3899 806 3951 καὶ
851 3898 1144 3967 ὀφθαλμῶν
1174 3895 1382 3957 κύκλοι,
1417 3895 1509 3947 καὶ
1553 3892 1771 3963 ὀφρύων

190 3991 554 4064 περιγραφαὶ,
580 3990 673 4043 καὶ
700 3989 938 4059 παρειῶν
977 3989 1144 4051 θέσις,
1177 3988 1271 4039 καὶ
1298 3985 1367 4039 τὰ
1399 3986 1521 4039 καθ’
1542 3984 1771 4038 ’ἑκαστον

192 4086 377 4141 πάντα
407 4085 473 4137 δι’
504 4077 578 4135 ὧν
625 4079 1037 4151 συμπληροῦται
1065 4080 1098 4149 ἡ
1133 4078 1405 4149 εὐμορφία
1427 4093 1440 4106 ·
1471 4076 1641 4141 οὑτως
1678 4077 1772 4129 καὶ

193 4178 226 4230 6
242 4175 345 4246 τὴν
366 4173 636 4243 ἡμετέραν
662 4171 797 4241 πρὸς
820 4168 916 4239 τὴν
940 4168 1033 4222 τοῦ
1059 4167 1219 4238 μόνου
1249 4167 1515 4237 μακαρίου
1544 4167 1772 4236 μίμησιν

191 4260 610 4333 ἀναζωγραφῶν
655 4259 837 4329 ψυχὴ,
871 4257 940 4312 τὰ
977 4258 1096 4311 καθ’
1139 4257 1365 4310 ἕκαστον
1410 4256 1516 4309 τῶν
1554 4259 1631 4320 είς
1670 4276 1770 4328 μα-

1877 3160 1971 3216 Dei
2011 3161 2138 3217 fecit
2175 3178 2297 3217 eum
2322 3202 2337 3227 ,
2375 3167 2618 3221 secundo
2663 3169 2782 3224 loco
2826 3173 3041 3225 beatum
3084 3172 3441 3241 judicandum

1876 3250 2037 3307 fuerit
2066 3253 2118 3307 id
2159 3253 2307 3323 quod
2335 3271 2431 3325 per
2459 3260 3007 3316 communicationem
3053 3271 3108 3317 et
3150 3266 3445 3337 participa-

1874 3343 2073 3398 tionem
2101 3343 2220 3412 ejus
2249 3361 2369 3414 qum
2398 3362 2522 3401 vere
2574 3349 2806 3405 beatitas
2831 3361 2933 3415 est,
2965 3352 3069 3407 hoc
3104 3356 3322 3411 nomine
3347 3372 3445 3427 ap-

1874 3433 2123 3500 pellatur.
2152 3434 2617 3499 Quemadmodum
2638 3441 2782 3493 enim
2810 3441 2862 3493 in
2891 3446 3167 3510 praestanti
3196 3448 3445 3517 corporis

1875 3519 2069 3583 forma,
2097 3521 2417 3591 principalis
2447 3523 2663 3592 quidem
2703 3542 2767 3580 ac
2798 3529 3057 3595 primaria
3091 3534 3443 3600 pulchritudo

1875 3612 1928 3665 in
1956 3612 2154 3667 viventi
2186 3628 2420 3683 vereque
2461 3615 2783 3672 subsistenli
2818 3618 2955 3677 facie
2985 3630 3103 3689 est,
3142 3627 3442 3683 secundum

1872 3716 2005 3755 vero
2034 3703 2214 3757 locum
2247 3705 2316 3759 ab
2346 3706 2449 3759 hac
2477 3707 2686 3765 obtinet
2715 3710 2768 3764 id
2820 3714 2963 3782 quod
2993 3715 3060 3769 ad
3084 3716 3442 3776 imitationem

1874 3794 1993 3864 ejus
2042 3795 2099 3849 in
2139 3795 2375 3868 imagine
2422 3806 2586 3870 atque
2638 3801 2934 3860 simulacro
2982 3808 3325 3867 ostenditur:
3367 3812 3452 3871 ita

1874 3894 2069 3941 natura
2105 3903 2323 3958 quoque
2362 3890 2622 3956 humana,
2663 3908 2787 3963 quae
2818 3902 2901 3950 est
2936 3896 3138 3968 elligies
3175 3910 3228 3955 et
3264 3903 3445 3974 imago

1877 3992 2125 4046 supernae
2166 3979 2545 4049 beatitudinis,
2587 3984 2753 4039 etiam
2803 3986 2919 4056 ipsa
2953 3988 3094 4044 bona
3133 3992 3445 4061 pulchritu-

1875 4069 2003 4124 dine
2029 4069 2369 4138 designatur,
2411 4086 2535 4127 cum
2576 4074 2631 4129 in
2664 4090 2784 4132 sese
2818 4077 3102 4135 beatorum
3143 4083 3448 4139 ostenderit

1876 4161 2168 4233 insignium
2200 4164 2629 4235 signiﬁcationes
2665 4175 2719 4223 et
2748 4172 3280 4240 reprmsentationes.
3335 4176 3445 4232 Sed

1876 4253 2004 4323 quia
2038 4256 2244 4323 peccati
2284 4257 2476 4312 sordes
2504 4258 2971 4328 pulchritudinem
3011 4263 3264 4333 imaginis
3293 4265 3444 4321 labe—

193 4353 466 4423 καρισμὸν
506 4350 885 4405 συντεινόντων
908 4389 923 4413 ,
981 4349 1284 4420 ὑπογράφει
1332 4347 1409 4417 τῷ
1460 4347 1630 4417 λόγῳ,
1680 4348 1775 4401 καί

1945 4351 2155 4399 ctarunt
2182 4353 2236 4399 et
2261 4345 2507 4401 inutilem
2552 4348 2923 4416 reddiderunt,
2952 4352 3097 4407 venit
3126 4353 3173 4410 is
3206 4355 3302 4426 qui
3344 4371 3446 4413 nos

193 4459 363 4514 φησιν
386 4442 443 4494 ὲν
472 4439 725 4511 πρώτοις·
753 4438 1040 4507 Μακάριοι
1066 4441 1118 4493 οἱ
1134 4437 1352 4507 πτωχοὶ
1370 4437 1447 4503 τῷ
1467 4439 1774 4507 πνεύματι,

1945 4444 2087 4492 meret
2117 4450 2215 4491 sua
2246 4452 2409 4508 aqua,
2443 4439 2646 4494 viventi
2687 4441 2890 4509 pariter
2919 4456 2983 4497 ac
3026 4444 3246 4500 salienti
3280 4447 3334 4501 in
3363 4447 3449 4502 vi-

203 4534 297 4587 ὄτι
330 4530 527 4585 αὐτῶν
563 4532 733 4583 ἐστιν
759 4530 798 4595 ἡ
823 4530 1111 4592 ,βασιλεία
1146 4527 1265 4581 τῶν
1291 4526 1579 4594 οὐρανῶν.

1945 4544 1994 4582 ιη
2024 4538 2308 4594 aeternam,
2339 4537 2419 4592 ut,
2459 4528 2704 4600 deposita
2756 4534 3089 4603 turpitudine
3117 4552 3184 4593 ex
3223 4546 3449 4608 peccato

197 4633 501 4688 contracta,
530 4626 597 4676 ad
629 4624 841 4678 beatam
870 4621 1099 4675 formam
1131 4635 1474 4677 renovemur.
1523 4620 1601 4673 Ac
1633 4619 2090 4690 quemadmodum
2129 4621 2183 4674 in
2249 4629 2366 4677 arte
2425 4622 2682 4692 pingendi
2732 4624 2780 4679 si
2828 4627 2953 4695 quis
3002 4628 3124 4697 ejus
3189 4631 3270 4685 rei
3334 4646 3448 4687 non

196 4723 425 4791 ignarus
473 4718 658 4782 fuerit,
715 4719 781 4773 ad
820 4716 1101 4786 imperitos
1130 4716 1310 4772 dicere
1360 4716 1555 4786 possit,
1612 4715 1758 4769 illam
1797 4715 2079 4786 pulchram
2115 4730 2238 4771 esse
2272 4715 2488 4782 faciem,
2519 4731 2639 4786 quae
2661 4732 2726 4772 ex
2755 4719 2960 4775 talibus
3021 4723 3269 4792 corporis
3328 4737 3449 4793 par-

198 4815 347 4869 tibus
373 4821 607 4880 constet,
654 4814 743 4866 cui
773 4820 827 4867 et
866 4810 1095 4881 capillus
1125 4812 1273 4877 talis,
1331 4820 1385 4867 et
1452 4811 1736 4866 oculorum
1812 4812 1996 4875 orbes,
2048 4818 2103 4867 et
2151 4812 2571 4882 superciliorum
2619 4811 3038 4883 descriptiones,
3077 4825 3130 4871 et
3182 4832 3445 4887 genarum

114 4938 125 4945 η
200 4909 522 4979 positiones,
555 4916 607 4962 et
639 4906 952 4977 singulatim
982 4906 1165 4959 omnia
1195 4906 1395 4975 quibus
1428 4904 1617 4961 formas
1644 4906 1960 4976 praestantia
1993 4908 2319 4977 completur,
2384 4906 2587 4969 adsint,
2634 4908 2821 4963 eodem
2873 4908 3035 4965 modo
3101 4912 3148 4966 is
3221 4913 3315 4981 qui
3379 4913 3448 4970 ad

199 5001 563 5057 imitationem
597 4999 738 5069 ejus,
781 4998 923 5069 quod
955 4997 1131 5052 solum
1157 4998 1374 5052 beatum
1408 5005 1513 5062 est,
1574 4999 1810 5054 animam
1868 5009 2110 5056 nostram
2143 5000 2300 5069 quasi
2352 5000 2621 5069 pingendo
2656 5000 3030 5064 reconcinnat,
3074 5003 3290 5072 singula
3329 5022 3451 5076 quae

200 5099 510 5168 pertineant
546 5096 613 5151 ad
654 5096 1045 5150 beatitudinem
1100 5108 1351 5149 sermone
1398 5094 1681 5159 describit,
1720 5100 1774 5149 et
1812 5097 1887 5149 ait
1916 5095 1971 5149 in
1998 5095 2212 5165 primis,
2238 5094 2387 5151 Beati
2413 5111 2661 5165 pauperes
2689 5096 2897 5165 spiritu,
2958 5097 3208 5168 quoniam
3267 5115 3450 5154 eorum

198 5202 278 5247 est
305 5207 523 5262 regnum
551 5189 821 5243 calorum.

261 5281 423 5335 Ἀλλὰ
446 5279 497 5333 τί
519 5279 707 5351 κέρδος
730 5281 794 5333 ὲκ
817 5279 916 5351 τῆς
942 5277 1351 5350 μεγαλοδωρεὰ
1372 5276 1678 5346 γενήσεται,
1702 5276 1779 5348 μὴ

198 5371 605 5445 φανερωθείσης
637 5371 766 5440 ἡμῖν
789 5369 886 5439 τῆς
904 5368 1223 5439 ἐγκειμένης
1249 5365 1483 5429 διανοίας
1501 5365 1579 5437 τῷ
1605 5366 1777 5436 λόγως

198 5465 311 5519 Καὶ
333 5462 442 5535 γὰρ
471 5462 563 5515 ἐπὶ
580 5461 677 5531 τῆς
709 5461 977 5530 ἰατρικῆς,
1007 5459 1175 5513 πολλὰ
1195 5458 1300 5512 τῶν
1319 5458 1513 5529 τιμίων
1540 5457 1632 5510 καὶ
1651 5459 1779 5511 δυσ-

200 5555 477 5626 πορίστων
510 5553 815 5623 φαρμάκων
846 5550 1091 5620 ἄχρηστα
1117 5553 1230 5613 τοῖς
1259 5550 1508 5620 ἀγνοοῦσι
1540 5550 1632 5602 καὶ
1655 5548 1778 5603 ἀνό-

198 5663 335 5716 νητα
362 5643 535 5717 μένει,
557 5642 661 5706 ἕως
691 5643 758 5696 ἂν
787 5643 867 5705 είς
895 5643 924 5694 ὃ
960 5659 1011 5694 τι
1034 5642 1298 5713 χρήσιμον
1326 5642 1554 5695 ἕκαστον
1576 5641 1779 5694 τούτων

204 5733 350 5790 tactv
383 5730 536 5800 παρὰ
573 5730 671 5801 τῆς
718 5730 932 5802 τέχνης.
964 5730 1302 5803 ἀκούσωμεν.
1346 5731 1412 5784 Τί
1442 5728 1536 5785 οὖν
1567 5733 1682 5784 ἐστι
1714 5730 1775 5783 τὸ

1945 5272 2155 5329 Verum
2202 5270 2333 5340 quid
2372 5270 2511 5324 lucri
2561 5284 2629 5325 ex
2667 5285 2734 5325 ea
2784 5269 3158 5325 muniﬁcentia
3206 5270 3450 5337 accedet,

1881 5379 2005 5419 cum
2037 5362 2305 5418 sententia
2339 5375 2461 5430 quae
2493 5361 2548 5414 in
2588 5361 2659 5415 iis
2691 5361 2872 5416 verbis
2926 5362 3237 5417 continetur
3291 5363 3453 5419 nobis

1882 5456 2155 5512 declarata
2192 5468 2302 5507 non
2336 5451 2449 5508 sit?
2474 5450 2685 5505 Etenim
2721 5451 2777 5504 in
2813 5452 3086 5508 medicina
3128 5453 3298 5508 multa
3331 5468 3455 5524 pre-

1884 5547 2021 5602 tiosa
2060 5547 2490 5611 comparatuque
2534 5547 2697 5609 atque
2733 5539 2957 5594 inventu
3000 5540 3238 5597 difﬁcilia
3284 5542 3454 5600 medi-

1884 5641 2134 5692 camenta
2178 5629 2503 5703 infrugifera
2546 5630 2871 5701 inutiliaque
2909 5631 3290 5702 ignorantibus
3335 5644 3453 5687 ma-

1884 5734 2037 5794 nent,
2076 5726 2251 5781 donec
2294 5724 2362 5780 ab
2404 5730 2521 5780 arte
2565 5721 2934 5780 audiverimus
2990 5725 3059 5779 ad
3096 5724 3224 5796 quid
3259 5722 3456 5778 hortm
3538 5774 3565 5783 _
