3756 5988
281 311 414 369 1199

1481 312 1535 365 S.
1581 312 1901 368 GBEGUltll
1945 312 2233 367 DYSSENI

3395 315 3415 368 1
3430 313 3526 369 9.00

278 427 531 497 quodque
564 427 695 481 utile
730 428 820 482 sit.
857 427 997 493 Quid
1052 428 1216 497 igitur
1263 440 1366 493 est,
1400 445 1686 499 pauperem
1729 446 1847 485 esse

2031 428 2263 498 ωχεῦσαι
2298 428 2374 497 τῷ
2411 428 2696 497 πνεύματι,
2736 428 2800 479 δι’
2841 418 2903 478 οὗ
2951 426 3283 495 περιγίνεται
3334 429 3393 480 τὸ
3434 430 3529 497 τῆς

279 520 496 589 spiritu,
539 534 633 590 per
664 520 810 590 quod
842 537 1009 591 regno
1048 523 1311 577 caelorum
1347 524 1510 593 potiri
1547 524 1850 592 contingit?

282 608 397 665 Duo
427 610 742 665 divitiarum
772 627 894 668 esse
923 628 1119 682 genera
1151 629 1179 667 a
1215 613 1499 683 Scriptura
1529 615 1844 673 didicimus.

274 716 446 754 unum
497 703 639 770 quod
684 704 943 770 probetur
989 713 1042 759 et
1075 712 1382 774 expetatur,
1434 706 1663 759 alterum
1701 706 1845 775 quod

277 793 566 848 damnetur
590 801 645 849 et
674 796 1033 866 improbetur.
1076 796 1408 867 Expetendae
1439 799 1657 868 quidem
1686 807 1849 866 atque

282 882 573 951 probandae
617 883 880 939 virtutum
926 885 1130 941 divitiae
1170 895 1336 952 sunt;
1371 887 1849 943 criminationibus

279 979 458 1027 autem
489 972 739 1027 obnoxia:
760 982 888 1028 sunt
914 982 966 1028 et
995 974 1373 1043 improbantur
1408 977 1718 1032 materiales
1752 992 1847 1047 pa-

278 1062 410 1118 riter
452 1071 615 1133 atque
654 1072 903 1128 terrenae,
955 1065 1215 1135 quoniam
1248 1066 1354 1120 illa:
1392 1067 1610 1136 quidem
1654 1067 1850 1121 anima:

276 1170 407 1224 opes
423 1156 694 1212 exsistunt
713 1173 727 1222 ;
746 1157 830 1210 hae
854 1172 981 1211 vero
1006 1157 1072 1211 ad
1096 1157 1418 1227 decipienda
1442 1174 1701 1214 sensuum
1720 1174 1847 1214 vasa

278 1248 486 1303 idoneae
534 1256 682 1302 sunt.
719 1247 1083 1314 Quamobrem
1139 1251 1238 1306 has
1282 1250 1540 1319 colligere
1585 1249 1848 1305 Dominus

276 1346 445 1402 vetat,
475 1338 677 1409 quippe
705 1337 976 1394 tinearum
1004 1340 1344 1411 corruptioni
1378 1341 1704 1409 insidiisque
1748 1354 1849 1393 no-

276 1439 597 1486 cturnorum
659 1429 843 1485 furum
903 1432 1201 1503 expositas.
1279 1430 1603 1486 Sublimium
1669 1439 1847 1485 autem

277 1536 459 1578 rerum
509 1521 736 1587 divitiis,
791 1536 928 1591 quas
971 1522 1057 1577 vis
1105 1521 1419 1592 corruptrix
1460 1536 1569 1577 non
1614 1520 1845 1592 attingit,

277 1610 499 1669 studere
539 1626 642 1667 nos
671 1611 843 1682 jubet.
874 1610 1055 1666 Tiueat
1094 1619 1275 1667 autem
1313 1622 1367 1665 et
1400 1611 1535 1666 luris
1579 1611 1850 1665 mentione

279 1699 442 1762 facta,
489 1698 787 1769 perniciem
838 1699 1039 1754 animm
1066 1699 1453 1756 thesaurorum
1488 1698 1745 1754 ostendit.
1793 1697 1847 1752 Si

1955 522 2226 591 βασιλείας
2250 522 2357 573 τῶν
2392 520 2634 590 οὐρανῶν
2656 519 2895 589 ἐγκρατῆ
2920 518 3202 588 γενέσθαι;
3231 521 3338 574 Δύο
3368 523 3498 576 πλού
3514 552 3527 562 -

1951 631 2077 675 τους
2117 612 2265 683 παρά
2297 613 2393 680 τῆς
2443 610 2663 682 Γραφῆς
2702 609 3254 679 μεμαθήκαμενοένα
3303 611 3528 666 σπουδα-

1950 703 2194 771 ζόμενον,
2227 703 2322 753 καὶ
2357 702 2452 754 ἕνα
2503 701 2985 771 κατακρινόμενον.
3026 700 3396 765 Σπουδάζεται
3436 703 3530 773 μὲν

1949 796 1977 844 6
2001 792 2109 845 τῶν
2138 791 2349 863 ἀρετῶν
2365 791 2590 855 πλοῦτος
2610 831 2625 855 ,
2652 790 2993 845 διαϐάλλεται
3015 789 3069 842 δὲ
3093 793 3122 844 ό
3152 790 3336 855 ὑλικός
3352 809 3411 844 τε
3442 796 3529 845 καί

1948 883 2132 950 γήϊνος
2152 898 2166 910 ·
2201 882 2283 933 ὅτι
2311 882 2339 934 ὁ
2370 881 2468 950 μὲν
2500 882 2597 950 τῆς
2644 881 2821 950 ψυχῆς
2863 880 3072 947 γίνεται
3131 881 3354 951 κτῆμα-ν
3383 876 3529 945 οὗτοὲ

1948 970 2004 1023 δὲ
2057 971 2193 1041 πρὸς
2236 973 2333 1041 τὴν
2381 972 2490 1024 τῶν
2537 969 2906 1043 αἰσθητηρίων
2955 972 3169 1040 ἀπάτην
3212 973 3531 1042 ἐπιτηδείως

1948 1062 2079 1132 ἔχει.
2123 1064 2211 1115 Διὸ
2248 1062 2444 1116 κωλύει
2496 1061 2684 1115 τοῦτον
2732 1061 3080 1134 θησαυρίζειν
3116 1065 3145 1116 ό
3183 1062 3421 1135 Κύριος,
3459 1063 3531 1125 ὡς

1948 1154 2026 1216 είς
2060 1152 2263 1222 βρῶσιν
2295 1152 2472 1221 σητῶν
2517 1152 2609 1206 καὶ
2654 1154 2733 1215 είς
2766 1151 3055 1222 ἐπιϐουλὴν
3107 1150 3217 1204 τῶν
3273 1170 3532 1223 τοιχωρυο

1948 1243 2184 1313 χούντων
2209 1242 2542 1314 ἐκκείμενον.
2559 1242 2784 1295 Κελεύει
2813 1241 2870 1296 δέ
2898 1243 3028 1313 περὶ
3050 1242 3142 1295 τὸν
3167 1242 3275 1295 τῶν
3310 1242 3536 1313 ὑψηλῶν

1949 1335 2174 1389 πλοῦτον
2220 1337 2319 1406 τὴν
2348 1335 2582 1406 σπουδὴν
2612 1334 2776 1405 ἔχειν,
2816 1331 2877 1390 οὗ
2918 1338 2952 1404 ἡ
2987 1334 3261 1405 φθαρτικὴ
3301 1335 3533 1405 δύναμις

1947 1428 2008 1479 ού
2051 1428 2444 1498 προσάπτεται.
2504 1428 2649 1498 Σῆτα
2699 1427 2756 1480 δὲ
2797 1428 2889 1480 καὶ
2939 1427 3178 1497 κλέπτην
3222 1426 3414 1491 εἰπὼν,
3443 1428 3537 1480 τὸν

1948 1516 2199 1586 λυμεῶνα
2241 1516 2353 1568 τῶν
2391 1519 2491 1587 τῆς
2540 1516 2718 1586 ψυχῆς
2765 1514 3051 1585 θησαυρῶν
3097 1511 3418 1580 ἐνεδείξατο.
3461 1516 3531 1569 Εἰ

1948 1605 2040 1662 οὖν
2097 1607 2588 1663 ἀντιδιαστέλλεται
2618 1609 2651 1677 ἡ
2693 1606 2852 1660 πενία
2905 1606 2982 1677 τῷ
3018 1606 3270 1677 πλούτῳ,
3315 1606 3535 1668 πάντως

1949 1700 2089 1754 κατά
2131 1700 2232 1770 τὴν
2262 1699 2552 1769 ἀναλογίαν
2584 1698 2678 1752 καὶ⁵
2719 1697 2912 1768 διπλῆν
2944 1700 3059 1751 ἔστι
3085 1698 3402 1769 διδαχθῆναι
3435 1716 3537 1752 πε-

277 1788 449 1859 igitur
478 1787 685 1843 divitiis
710 1788 1003 1858 oppouitur
1033 1796 1337 1858 paupertas,
1369 1786 1522 1857 juxta
1549 1786 1847 1857 analogiam

2031 1809 2070 1845 tv
2096 1808 2110 1824 ο
2144 1790 2242 1862 τὴν
2286 1792 2385 1862 μὲν
2430 1791 2772 1862 ἀπόϐλητον,
2814 1789 2913 1861 τὴν
2956 1789 3015 1843 δὲ
3066 1791 3536 1862 μακαριζομένην.

276 1888 331 1935 et
380 1878 791 1935 convenientem
841 1880 1130 1943 rationem,
1186 1878 1457 1949 duplicem
1497 1879 1657 1950 plane
1712 1893 1848 1950 pau-

279 1978 545 2040 pertatem
588 1985 808 2040 quoque
846 1970 1278 2025 animadvertere
1310 1971 1435 2025 licet
1467 1989 1480 2024 :
1515 1985 1676 2024 unam
1729 1972 1851 2040 qui-

277 2062 401 2116 dem
447 2059 819 2130 rejiciendam,
854 2060 1080 2115 alteram
1110 2070 1273 2125 ‘vero,
1307 2075 1429 2130 quae
1460 2061 1616 2115 beata
1639 2061 1850 2131 judice-

278 2161 388 2207 tur.
452 2151 776 2223 Quicunque
827 2152 994 2223 igitur
1051 2167 1082 2206 a
1125 2154 1505 2223 temperantia,
1556 2153 1851 2209 sobrietate

279 2250 443 2313 atque
477 2243 748 2300 modestia
798 2244 980 2300 nudus
1020 2252 1074 2299 et
1112 2244 1290 2315 inops,
1343 2252 1438 2299 aut
1488 2245 1849 2314 pretiosarum

278 2335 509 2403 justitize
549 2351 736 2406 opum,
781 2344 878 2391 aut
922 2336 1222 2406 sapientiae,
1265 2344 1359 2390 aut
1406 2336 1726 2405 prudentiae,
1763 2344 1859 2391 aut

282 2428 424 2483 alius
458 2427 783 2497 cujusquam
834 2429 1199 2498 pretiosarum
1243 2437 1407 2499 atque
1451 2428 1855 2485 reconditarum

280 2532 463 2573 rerum
517 2532 746 2589 egenus,
812 2533 1037 2590 pauper,
1104 2529 1156 2574 et
1214 2518 1496 2574 mendicus
1562 2517 1854 2581 invenitur,

282 2610 621 2681 paupertatis
652 2612 871 2665 nomine
906 2624 1250 2665 aerumnosas
1310 2625 1375 2664 ac
1415 2609 1739 2664 miserabilis
1769 2616 1854 2663 est

281 2701 352 2757 ob
381 2701 622 2772 inopiam
653 2716 834 2757 rerum
880 2701 1277 2770 pretiosarum;
1326 2708 1381 2753 at
1408 2701 1497 2769 qui
1530 2707 1721 2769 sponte
1753 2714 1852 2754 sua

280 2807 469 2848 earum
520 2807 701 2849 rerum
752 2793 995 2848 omnium
1024 2807 1145 2861 quae
1188 2807 1288 2863 per
1326 2793 1517 2846 vitium
1554 2801 1609 2845 et
1658 2791 1852 2860 nequi-

281 2886 412 2941 tiam
452 2885 851 2956 intelliguntur,
890 2884 1048 2953 inops
1086 2891 1140 2939 et
1176 2899 1383 2954 egenus
1431 2891 1515 2938 est
1551 2902 1563 2937 :
1601 2897 1666 2936 ac
1715 2882 1853 2936 nihil

1966 1882 2025 1935 Ὀ
2072 1884 2170 1954 μέν
2218 1877 2312 1935 οὖν
2360 1881 2710 1953 σωφροσύνης
2758 1882 3153 1954 πτωχεύων,ἢ
3206 1881 3317 1936 τοῦ.
3346 1883 3539 1953 τιμίου

1954 1974 2231 2044 κτήματος
2274 1976 2373 2044 τῆς
2412 1971 2788 2044 δικαιοσύνης,
2861 1973 2895 2044 ἢ
2949 1973 3052 2045 τῆς
3108 1973 3327 2044 σοφίας,
3362 1974 3396 2046 ἧ
3436 1974 3541 2045 τῆς

1955 2067 2285 2136 φρονήσεως,
2307 2065 2341 2134 ἢ
2377 2064 2536 2117 ἀλλου
2572 2064 2715 2128 τινὸς
2752 2064 2859 2119 τῶν
2890 2064 3191 2119 πολυτελῶν
3230 2066 3541 2136 κειμηλίων

1956 2155 2123 2227 πένης
2174 2174 2234 2209 τε
2282 2156 2375 2209 καὶ
2420 2156 2681 2227 ἀκτήμων
2728 2157 2822 2210 καὶ
2868 2156 3082 2226 πτωχὸς
3113 2158 3538 2229 εὑρισκόμενος,

1954 2247 2133 2312 ἄθλιος
2156 2248 2256 2317 τῆς
2281 2248 2471 2311 πενίας
2500 2250 2593 2302 καὶ
2622 2249 2850 2313 ἐλεεινὸς
2873 2251 2971 2321 τῆς
3002 2251 3113 2305 τῶν
3144 2253 3336 2323 τιμίων
3362 2254 3539 2323 ἀκτη-

1963 2338 2199 2412 μοσύνης
2222 2358 2237 2370 ·
2259 2341 2289 2393 ό
2318 2339 2377 2393 δὲ
2406 2340 2625 2395 πάντων
2670 2341 2778 2394 τῶν
2817 2342 2958 2396 κατά
2990 2344 3187 2397 κακίαν
3227 2345 3542 2414 νοουμένων

1958 2430 2218 2492 ἑκουσίως
2254 2430 2569 2500 πτωχεύων,
2603 2431 2695 2484 καὶ
2733 2432 2882 2487 οὐδὲν
2909 2433 3018 2486 τῶν
3056 2434 3372 2489 διαϐολικῶν
3416 2452 3540 2489 κει-

1959 2522 2166 2592 μηλίων
2195 2522 2254 2576 ἐν
2295 2524 2406 2584 τοῖς
2449 2522 2599 2585 ίδίοις
2645 2522 2890 2593 ταμείοις
2920 2524 3058 2595 ἔχων
3082 2525 3363 2590 ἀπόθετον,
3395 2527 3540 2581 ἀλλά

1954 2614 2032 2683 τῷ
2076 2613 2346 2685 πνεύματι
2394 2612 2553 2677 ζέων,
2598 2615 2694 2669 καὶ
2732 2616 2817 2669 διὰ
2849 2616 3039 2670 τούτου
3071 2617 3167 2689 τὴν
3204 2619 3314 2672 τῶν
3347 2621 3543 2677 κακῶν

1953 2702 2142 2756 πενίαν
2172 2700 2350 2771 ἐαυτῷ
2386 2699 2748 2771 θησαυρίζων,
2786 2704 2873 2774 εἴη
2899 2703 2966 2757 ἂν
2995 2699 3147 2769 οὗτος
3171 2707 3229 2759 ἐν
3289 2710 3359 2778 τῇ
3429 2726 3539 2778 μα-

1960 2791 2290 2863 καριζομένῃ
2318 2791 2559 2861 πτωχείᾳ
2582 2792 2686 2845 ὑπὸ
2718 2791 2811 2845 τοῦ
2834 2793 3007 2863 Λόγου
3024 2795 3392 2867 δεικνύμενος,
3410 2794 3480 2871 ἦς
3508 2801 3542 2853 ό

1959 2881 2169 2953 καρπὸς
2203 2880 2447 2952 βασιλεία
2472 2881 2719 2952 οὐρανῶν
2760 2883 2928 2937 ἐστιν.

281 2990 348 3029 ex
383 2975 669 3031 diabolicis
714 2974 911 3045 opibus
959 2975 1014 3029 in
1058 2974 1174 3030 suis
1203 2974 1558 3029 conclavibus
1603 2972 1945 3027 reconditum
2018 2972 2203 3037 habet,
2266 2970 2363 3026 sed
2405 2970 2600 3040 spiritu
2644 2972 2835 3039 fervet,
2904 2980 2959 3028 et
3009 2989 3104 3044 per
3173 2975 3319 3030 hunc
3370 2978 3541 3031 malo-

284 3081 404 3120 rum
445 3065 550 3121 sibi
593 3074 970 3136 paupertatem
1015 3066 1222 3137 colligit
1268 3074 1322 3120 et
1351 3066 1563 3136 qumrit,
1595 3065 1685 3119 ille
1717 3064 1882 3119 fuerit
1917 3065 1964 3119 is
2014 3064 2168 3135 quia
2204 3062 2385 3119 Verbo
2441 3062 2495 3114 in
2533 3077 2595 3117 ea
2635 3079 2757 3133 quae
2802 3065 2956 3119 beata
3002 3065 3231 3121 habetur
3290 3078 3543 3140 egestate

283 3159 489 3213 versari
529 3159 835 3214 ostenditur
866 3178 879 3213 :
910 3157 1067 3226 cuius
1113 3159 1369 3228 egestatis
1405 3157 1617 3212 fructus
1655 3165 1738 3213 est
1768 3173 1993 3227 regnum
2023 3158 2307 3212 cci-lorum.

358 3250 556 3305 Verum
581 3256 920 3304 revertamur
944 3264 1138 3303 rursus
1167 3249 1234 3303 ad
1264 3248 1595 3311 institutum,
1627 3256 1680 3303 et
1716 3263 1845 3318 ope-
1873 3254 1918 3312 C

284 3356 403 3395 ram
433 3338 697 3393 thesauro
725 3337 1018 3408 quaerendo
1061 3353 1342 3400 navemus,
1383 3351 1485 3391 neu
1524 3337 1853 3393 desistamus

287 3426 613 3483 scrutatoria
662 3433 826 3495 atque
859 3426 1206 3495 inquisitoria
1249 3428 1459 3481 ratione
1502 3436 1556 3481 et
1605 3427 1854 3481 oratione

284 3535 475 3575 eruere
516 3529 571 3574 et
614 3519 852 3573 revelare
898 3517 953 3571 id
1002 3518 1144 3587 quod
1214 3519 1486 3573 occultum
1532 3527 1634 3573 est.
1677 3518 1852 3577 Beati.

285 3612 487 3683 inquit,
522 3627 771 3681 pauperes
795 3611 1005 3680 spiritu.
1041 3610 1251 3664 Dictum
1288 3609 1389 3664 hoc
1421 3608 1638 3679 quidem
1670 3609 1854 3678 aliquo

286 3706 449 3760 modo
490 3705 653 3759 etiam
699 3704 752 3757 in
805 3703 1180 3774 superioribus
1219 3712 1322 3768 est,
1377 3714 1431 3759 et
1477 3719 1622 3759 nunc
1654 3705 1851 3760 iterum

287 3797 517 3861 dicetur,
558 3794 702 3864 quod
736 3793 865 3849 ﬁnis
899 3794 1025 3848 vitae
1054 3809 1176 3848 cum
1222 3794 1421 3849 virtute
1459 3795 1714 3863 degenda:
1758 3795 1851 3858 sit,

288 3898 348 3943 ut
387 3886 512 3958 quis
544 3884 761 3940 Numini
812 3886 997 3940 divino
1027 3886 1376 3955 assimiletur.
1427 3887 1586 3956 Atqui
1623 3886 1675 3940 id
1706 3884 1853 3955 quod

287 3975 561 4047 passionis
616 3982 670 4029 et
722 3973 948 4027 affectus
997 3987 1213 4041 expers,
1266 3972 1641 4041 incorruptum
1694 3981 1855 4041 atque

289 4065 592 4121 immortale
623 4072 725 4125 est,
774 4061 1135 4131 undequaque
1171 4063 1454 4116 hominum
1502 4060 1691 4131 etfugit
1734 4061 1855 4114 imi-

287 4158 570 4211 tationem.
604 4151 790 4221 Neque
815 4153 958 4205 enim
1006 4151 1121 4205 ﬁeri
1158 4159 1337 4218 potest
1374 4158 1433 4204 ut
1484 4152 1596 4203 vita
1643 4148 1852 4203 allecti-

290 4248 412 4307 htts,
446 4240 946 4312 perturbationibus
980 4240 1234 4308 vitiisque
1257 4248 1308 4292 et
1334 4238 1554 4293 casibus
1592 4237 1850 4301 obnoxia,

289 4335 621 4390 assimiletur
665 4332 880 4403 penitus
920 4341 972 4386 et
1004 4347 1068 4385 ex
1101 4331 1355 4385 omnibus
1395 4330 1640 4399 partibus
1669 4331 1716 4384 ei
1753 4344 1853 4382 na-

288 4436 425 4480 tura:
476 4440 598 4495 quae
654 4440 828 4494 neque
906 4421 1368 4493 perturbationes,
1434 4435 1608 4489 neque
1667 4434 1851 4482 casus,

290 4534 465 4587 neque
526 4515 753 4571 allectus
800 4516 939 4569 ulios
989 4513 1244 4567 admittit.
1294 4512 1350 4566 Si
1400 4512 1564 4581 igitur
1609 4510 1851 4564 divinum

2031 3248 2168 3300 Ἀλλ’
2207 3249 2587 3320 ἐπανέλθωμεν
2637 3250 2798 3302 πάλιν
2852 3249 2944 3301 ἐπὶ
2974 3249 3071 3319 τὴν
3118 3249 3381 3320 ἐργασίαν
3432 3251 3539 3304 τοῦ

1957 3337 2248 3409 θησαυροῦ,
2286 3341 2380 3393 καὶ
2414 3340 2487 3411 μὴ
2515 3340 2837 3410 ἀποστῶμεν
2865 3341 2942 3410 τῷ
2967 3340 3367 3411 μεταλλευτικῷ
3390 3342 3544 3413 λόγῳ

1955 3430 2016 3483 τὸ
2043 3433 2425 3502 κεκρυμμένον
2462 3432 2953 3495 ἀνακαλύπτοντες,
2998 3430 3311 3499 Μακάριοι,
3343 3435 3538 3503 φησιν,

1958 3523 2013 3573 οἱ
2042 3522 2260 3590 πτωχοὶ
2303 3521 2381 3587 τῷ
2415 3524 2723 3593 πνεύματι.
2754 3521 2981 3593 Εἴρηται
3015 3522 3112 3592 μέν
3163 3524 3360 3594 τρόπον
3406 3527 3538 3579 τινὰ

1957 3609 2111 3661 τοῦτο
2139 3610 2232 3663 καὶ
2263 3611 2320 3663 ἐν
2350 3612 2460 3673 τοῖς
2491 3610 2828 3681 ἔμπροσθεν,
2864 3609 2958 3660 καὶ
3001 3607 3096 3661 νῦν
3129 3609 3288 3662 πάλιν
3317 3610 3539 3680 εἰρήσε-

1954 3716 2064 3763 ται,
2097 3700 2181 3753 ὅτι
2207 3699 2357 3762 τέλος
2384 3700 2477 3753 τοῦ
2507 3701 2623 3752 κατ’
2652 3700 2851 3769 ἀρετὴν
2880 3697 2996 3767 βίου
3036 3699 3182 3751 ἐστὶν
3232 3701 3264 3769 ἡ
3305 3699 3442 3769 πρὸς
3470 3702 3540 3754 τὸ

1956 3791 2109 3843 Θεῖον
2140 3791 2416 3861 ὁμοίωσις.
2464 3791 2624 3843 Ἀλλὰ
2659 3790 2763 3860 μὴν
2797 3790 2858 3842 τὸ
2883 3790 3088 3853 ἀπαθὲς
3124 3792 3218 3843 καὶ
3254 3791 3543 3863 ἀκήρατον

1956 3882 2211 3952 ἐκφεύγει
2244 3883 2417 3951 πάντη
2443 3882 2540 3953 τὴν
2587 3882 2738 3952 παρὰ
2775 3880 3074 3951 ἀνθρώπων
3101 3880 3352 3951 μίμησιν.
3398 3883 3539 3935 Ούδὲ

1954 3974 2063 4042 γάρ
2092 3976 2207 4025 ἐστι
2236 3974 2456 4026 δυνατὸν
2481 3973 2654 4042 πάντη
2686 3972 2782 4042 τὴν
2822 3971 3038 4042 ἐμπαθῆ
3079 3971 3220 4043 ζωὴν
3262 3974 3541 4046 όμοιωθῆο

1956 4081 2040 4115 ναι
2075 4064 2206 4134 πρὸς
2249 4064 2349 4134 τὴν
2384 4063 2489 4116 τῶν
2522 4064 2705 4116 παθῶν
2737 4063 3082 4117 ἀνεπίδεκτον
3134 4064 3312 4141 φύσιν.
3348 4066 3411 4118 Et
3439 4062 3541 4120 οὖν

1961 4155 2116 4224 μόνον
2144 4154 2203 4207 τὸ
2233 4154 2384 4207 Θεῖον
2410 4155 2696 4225 μακάριον,
2725 4153 2906 4217 καθὼς
2923 4156 2951 4207 ό
2986 4154 3302 4218 Ἀπόστολος
3335 4158 3538 4227 ὀνομά-

1958 4244 2039 4308 ζει
2065 4285 2079 4311 ,
2114 4248 2145 4316 η
2184 4245 2241 4297 δέ
2272 4244 2364 4297 τοῦ
2410 4244 2759 4316 μακαρισμοῦ
2792 4245 3041 4297 κοινωνία
3080 4248 3188 4307 τοῖς
3223 4246 3538 4316 ἀνθρώποις

1954 4337 2044 4389 διὰ
2066 4337 2160 4405 τῆς
2190 4336 2323 4408 πρὸς
2344 4336 2433 4388 τὸν
2463 4336 2594 4389 Θεόν
2618 4338 2763 4389 ἐστιν
2789 4335 3098 4406 ὁμοιώσεως
3118 4378 3133 4402 ,
3162 4339 3194 4406 ἡ
3217 4337 3271 4389 δὲ
3299 4338 3538 4408 μίμησις

1956 4426 2182 4495 ἀπορος’
2208 4425 2314 4493 ἄρα
2333 4424 2617 4492 ἀνέφικτός
2648 4427 2792 4477 ἐστιν
2817 4425 2848 4493 ἡ
2875 4426 3208 4495 μακαριότης
3229 4429 3293 4495 τῇ
3324 4427 3553 4498 ἀνθρωο-

1958 4514 2084 4583 πίνῃ
2117 4513 2248 4584 ζωῇ.
2302 4513 2441 4566 Ἀλλ’
2478 4513 2623 4567 ἔστιν
2656 4513 2690 4568 ἂ
2731 4518 2833 4586 τῆς
2872 4515 3135 4584 Θεότητος
3176 4516 3374 4569 δυνατά
3421 4520 3536 4581 τοῖς

290 4608 498 4662 Numen
549 4605 724 4660 solum
757 4605 974 4660 beatum
1022 4611 1124 4665 est,
1172 4610 1230 4657 ut
1264 4603 1315 4657 id
1354 4602 1647 4671 Apostolus
1679 4603 1847 4657 nomi-

2031 4605 2299 4674 δλομένοις
2354 4606 2636 4676 πρόκειται
2682 4608 2761 4669 είς
2800 4607 3049 4677 μίμησιν.
3088 4607 3219 4659 Τίνα
3269 4603 3363 4660 οὖν
3415 4609 3536 4661 ἐστι

289 4707 403 4763 nat,
449 4695 805 4753 beatitudinis
855 4711 982 4750 vero
1038 4696 1347 4749 communio
1406 4693 1718 4747 hominibus
1760 4707 1855 4761 per

292 4795 392 4847 hoc
424 4788 710 4870 contingit,
747 4788 791 4841 si
827 4786 934 4842 Deo
964 4786 1366 4851 assimilentur,
1412 4786 1641 4838 imitatio
1674 4798 1853 4839 autent

289 4882 528 4954 expediri
583 4889 637 4934 et
689 4878 883 4935 conﬁci
942 4894 1049 4933 non
1113 4885 1333 4947 potest:
1371 4877 1557 4945 utique
1620 4876 1853 4930 humana

288 4979 397 5031 vita
435 4974 824 5029 beatitudinem
855 4971 1071 5038 assequi
1106 4984 1211 5023 non
1255 4977 1453 5038 potest.
1491 4966 1687 5023 Verum
1719 4983 1854 5022 non-

289 5069 437 5123 nulla
467 5066 694 5121 Deitatis
733 5062 1293 5135 propriahominibus
1322 5069 1551 5130 quoque
1573 5061 1851 5130 proposita

290 5168 437 5221 sunt,
487 5156 634 5221 ut,si
679 5155 867 5219 velint,
921 5155 1011 5207 illa
1052 5153 1267 5220 assequi
1318 5152 1579 5205 imitando
1620 5151 1847 5219 possint.

288 5249 546 5314 Quaenam
605 5246 771 5316 igitur
814 5247 927 5301 haec
966 5245 1129 5299 sunt?
1180 5243 1401 5299 Videtur
1449 5244 1579 5299 mihi
1616 5228 1851 5298 Verbum

286 5345 661 5408 paupertatem
710 5346 765 5392 et
806 5337 1042 5405 inopiam
1073 5337 1298 5405 spiritus
1341 5336 1621 5389 nominare
1660 5336 1854 5390 volun-

288 5432 482 5488 tariam
514 5432 678 5485 animi
715 5431 1070 5485 humilitatem
1101 5437 1264 5497 atque
1306 5429 1711 5491 demissionem,
1774 5436 1854 5480 at-

289 5540 395 5594 que
432 5522 593 5588 hujus
631 5524 938 5590 exemplum
966 5521 1259 5590 Apostolus
1307 5521 1463 5574 nobis
1496 5520 1582 5573 Dei
1622 5534 1854 5588 pauper-

290 5621 456 5665 tatem
492 5609 765 5678 proponit,
789 5611 916 5661 dttnt
952 5610 1085 5662 dicit.
1117 5627 1129 5657 :
1165 5609 1267 5672 Qui
1299 5600 1415 5661 dum
1443 5608 1583 5662 (lives
1616 5610 1705 5672 sit,
1731 5623 1853 5671 pro-

291 5715 402 5772 pter
444 5718 535 5756 nos
565 5714 759 5767 pauper
798 5710 843 5753 et
880 5714 1064 5767 egenus
1102 5701 1269 5769 [actus
1315 5709 1412 5765 est,
1465 5710 1519 5751 ut
1570 5717 1659 5754 nos
1708 5700 1848 5754 illius

1960 4694 2160 4760 ταῦτα;
2190 4694 2334 4747 δοκεῖ
2364 4713 2453 4765 μοι
2482 4696 2756 4765 πτωχείαν
2792 4697 3129 4766 πνεύματος,
3162 4696 3259 4765 τὴν
3287 4699 3537 4751 ἑκούσιον

1957 4786 2456 4855 ταπεινοφροσύνην
2493 4788 2776 4856 ὀνομάζειν
2803 4790 2831 4841 ό
2850 4789 3038 4855 Λόγος.
3076 4788 3291 4859 Ταύτης
3314 4790 3371 4842 δὲ
3402 4791 3536 4844 ὑπό-

1959 4879 2156 4948 δειγμα
2180 4878 2276 4947 τὴν
2307 4878 2398 4930 τοῦ
2434 4878 2568 4931 Θεοῦ
2599 4879 2865 4949 πτωχείαν
2886 4881 2915 4932 6
2938 4878 3257 4942 Ἀτιόστολος
3294 4882 3426 4950 ἡμῖν
3448 4881 3541 4935 λέσ-

1962 4985 2072 5035 γων
2097 4968 2488 5038 προδείκνυσιν,
2513 4969 2581 5035 ὃς
2602 4970 2674 5023 δι’
2703 4969 2853 5040 ἡμᾶς
2875 4970 3215 5039 ἐπτώχευσε
3238 4973 3540 5039 πλούσιος

1958 5058 2059 5124 ὢν,
2101 5061 2201 5112 ἵνα
2228 5060 2396 5128 ἡμεῖς
2425 5059 2497 5128 τῇ
2519 5061 2752 5114 ἐκείνου
2777 5062 3035 5128 πτωχείᾳ
3070 5062 3535 5132 πλουτήσωμεν.

1971 5151 2121 5204 ἘπελΙ
2137 5147 2228 5204 οὖν
2245 5152 2310 5204 τά
2331 5152 2463 5205 ἄλλα
2477 5153 2670 5217 πάντα,
2689 5153 2787 5205 ὅσα
2810 5169 2876 5204 πε
2883 5153 2936 5222 pl.
2951 5153 3046 5223 τὴν
3069 5154 3215 5206 θείαν
3233 5154 3540 5223 καθορᾶται

1961 5245 2139 5312 φύσιν,
2160 5244 2581 5315 ύπερπίπτειτῷ
2603 5245 2784 5315 μέτρῳ
2806 5245 2902 5313 τῆς
2921 5244 3263 5314 ἀνθρωπίνης
3285 5244 3502 5311 φύσεως
3521 5262 3535 5275 ⁸

1961 5337 1993 5405 ἡ
2026 5334 2083 5386 δέ
2113 5336 2430 5405 ταπεινότης
2479 5335 2726 5404 συμφυής
2756 5351 2836 5396 τις
2867 5336 2998 5404 ἡμῖν
3035 5337 3149 5387 ἐστι
3178 5338 3271 5388 καὶ
3311 5334 3541 5407 σύντρο-

1961 5443 2057 5493 φος
2093 5428 2201 5488 τοῖς
2226 5427 2396 5496 χαμαὶ
2417 5425 2751 5497 ἐρχομένοις,
2788 5428 2878 5479 καὶ
2915 5429 2978 5478 ἐκ
3009 5428 3110 5496 γῆς
3141 5426 3238 5497 τὴν
3274 5426 3537 5481 σύστασιν

1959 5516 2192 5585 ἔχουσιν,
2216 5518 2308 5568 καὶ
2339 5518 2417 5580 είς
2442 5518 2543 5586 γῆν
2565 5518 2956 5589 καταρῤἐουσιν
2981 5534 2994 5548 ο
3014 5519 3072 5569 ἐν
3094 5518 3172 5587 τῷ
3201 5517 3342 5571 κατά
3369 5519 3537 5586 φύσιν

1961 5610 2023 5661 σὺ
2058 5604 2147 5661 καὶ
2176 5609 2383 5677 δυνατῷ
2410 5609 2501 5661 τὸν
2534 5608 2664 5660 Θεὸν
2701 5611 3099 5680 μιμησάμενος,
3129 5611 3228 5678 τὴν
3256 5611 3538 5679 μακαρίαν

1961 5701 2118 5765 aut-5;
2176 5701 2374 5763 ύπέδυς
2430 5702 2664 5772 μορφήν.
2703 5702 2810 5755 Καὶ
2857 5701 3043 5770 μηδεὶς
3080 5703 3275 5756 ἄπονον
3313 5698 3536 5765 οἰέσθω,
