3738 5984
207 226 347 283 1201

1275 234 1361 287 DE
1402 236 2002 298 BEAT‘ITUDINIBUS.
2044 244 2298 303 ORATIO
2336 248 2373 302 Ι.

3302 220 3465 308 ἰεοει

206 348 307 401 καὶ
355 348 490 417 μετὰ
524 349 807 418 ῥᾳστώνης
857 351 1276 423 ὲκποριζόμενον
1313 359 1372 409 τὸ
1414 361 1509 428 τῆς
1550 379 1682 414 ταπε

1987 375 2119 418 state
2185 367 2638 420 ditesceremtts".
2704 368 2970 434 Quoniam
3051 370 3214 450 igitur
3273 383 3463 427 caetera

206 438 485 508 φροσύνης
516 441 862 512 κατόρθωμα.
901 444 973 495 Τὸ
1015 446 1255 499 ἐναντίον
1293 451 1389 518 μὲν
1440 447 1532 504 οὖν
1591 455 1789 516 παντὸς

202 528 517 583 οὑτινοσοῦν
543 530 650 585 τῶν
673 534 1000 605 κατ’άρετὴν
1029 538 1590 608 ὲπιτηδευομένων,τὸ
1621 546 1791 597 τοιοῦ-

203 618 301 672 τόν
327 621 474 673 ἐστιν
503 622 920 695 ἐπιπονώτερον.
948 626 1047 679 Διὰ
1077 629 1161 692 τίς
1193 630 1272 682 ὅτι
1319 633 1666 698 καθεύδοντος
1696 639 1788 690 τοῦ

206 710 525 782 ἀνθρώπου,
549 714 642 767 τοῦ
669 715 738 768 τά
764 716 905 770 καλὰ
934 718 1221 789 σπέρματα
1261 721 1579 792 δεξαμένου,
1613 728 1672 780 τ’)
1703 746 1792 781 κε-

206 802 441 870 φάλαιον
473 805 570 875 τῆς
623 806 868 867 ἐναντίας
903 810 1107 877 σπορᾶς
1139 812 1289 881 παρὰ
1322 814 1414 866 τοῦ
1469 817 1662 886 ἐχθροῦ
1695 820 1792 887 τῆς

203 894 357 964 ζωῆς
375 894 528 965 ήμῶν
548 896 607 949 τὸ
623 896 717 967 τῆς
741 898 1115 968 ὑπερηφανίας
1138 901 1404 974 estigitur}
1435 906 1689 969 ζιζάνεον.
1714 912 1790 961 Δι’

204 977 286 1039 ὧν
319 985 427 1057 τὰρ
455 989 657 1049 ἐκεῖνος
685 988 876 1040 ἑαυτὸν
906 992 984 1052 είς
1015 990 1117 1060 γῆν
1155 993 1507 1064 κατέρραξεν,
1539 998 1615 1067 τῷ
1645 999 1792 1068 αὐτῷ

205 1076 398 1145 τρόπῳ
418 1076 478 1129 τὸ
506 1077 736 1130 δείλαιον
756 1078 911 1145 γένος
938 1081 998 1134 τὸ
1013 1081 1351 1152 ἀνθρώπινον
1373 1087 1508 1155 πρὸς
1537 1089 1595 1139 τὸ
1618 1092 1792 1141 κοινὸν

208 1163 414 1234 πτῶμα
448 1165 624 1236 ἐαυτῷ
677 1168 1109 1232 συγκατέϐαλεν·
1150 1173 1244 1224 καὶ
1296 1173 1445 1226 οὐδέν
1484 1176 1631 1228 ἐστιν
1666 1178 1792 1230 ἄλλο

206 1255 310 1325 τῆς
335 1255 549 1324 φύσεως
571 1259 603 1328 ὴ
613 1257 726 1327 μῶν
756 1260 994 1313 τοιοῦτον
1030 1262 1219 1330 κακὸν,
1243 1265 1317 1327 ὡς
1340 1264 1399 1317 τὸ
1427 1266 1495 1318 δι’
1511 1268 1793 1339 ὑπερηφα-

207 1347 353 1410 νίας.
392 1348 545 1402 Ἑπεὶ
582 1346 676 1404 οὖν
712 1351 997 1421 ἐμπέφυκε
1041 1372 1155 1417 πως
1180 1356 1241 1408 τὸ
1265 1357 1405 1411 κατὰ
1440 1359 1539 1429 τὴν
1565 1362 1793 1431 ἔπαρσιν

207 1437 386 1500 πάθος
421 1441 581 1492 παντὶ
608 1441 792 1511 σχεδὸν
829 1442 907 1511 τῷ
941 1444 1277 1499 κοινωνοῦντι
1321 1447 1420 1515 τῆς
1452 1449 1792 1521 ἀνθρωπίνης

208 1528 553 1596 emicantch
580 1531 736 1585 τοῦτο
762 1533 1009 1587 ἐντεῦθεν
1033 1535 1141 1588 τῶν
1164 1540 1526 1608 μακαρισμῶν
1543 1542 1570 1591 6
1594 1542 1793 1612 Κύριος

200 1621 458 1691 ἄρχεται,
497 1616 606 1676 οἷον
650 1623 941 1694 ἀρχέγονὸν
974 1643 1025 1679 τι
1070 1627 1240 1681 κακὸν
1281 1629 1559 1684 ἐκϐάλλων
1596 1635 1659 1684 ἐκ
1693 1633 1793 1701 τῆς

1893 455 2094 519 omnia,
2127 472 2248 524 qum
2279 457 2421 511 circa
2462 466 2707 510 naturam
2756 459 2993 512 divinam
3035 459 3464 528 conspiciuntur,

1893 554 2153 612 superant
2182 548 2398 601 modum
2426 548 2676 601 humanm
2708 559 2914 602 naturae
2942 568 2953 601 :
2983 550 3263 605 humilitas
3285 562 3463 606 autem

1895 637 2093 691 coalita
2132 647 2296 708 atque
2340 651 2600 696 consueta
2653 641 2811 694 nobis
2863 641 3010 693 lmmi
3045 642 3381 711 repentibus,
3413 654 3467 696 ct

1901 744 1963 781 ex
2018 736 2162 783 terra
2215 732 2482 793 conﬂatis,
2520 740 2573 786 et
2604 732 2655 785 in
2710 743 2908 786 terram
2943 731 3324 796 deﬂuentibus,
3359 742 3462 794 est,

1892 821 1937 872 si
1973 827 2029 873 tu
2070 820 2123 873 in
2152 836 2217 875 eo
2278 824 2421 891 quod
2455 838 2482 874 a
2514 832 2708 877 natura
2744 832 2832 877 tua
2868 839 2974 877 non
3009 836 3091 878 est
3121 824 3380 888 alienum,
3415 836 3467 878 et

1895 926 1925 963 a
1958 919 2009 964 te
2032 911 2283 980 praestari
2312 920 2511 981 potest,
2543 911 2709 967 Deum
2752 913 2996 968 imitatus
3030 910 3223 977 fueris,
3250 911 3463 966 beatam

1895 1003 2123 1057 formam
2157 1005 2273 1073 ipse
2304 1003 2551 1057 induisti.
2600 1005 2673 1056 Ac
2704 1018 2862 1057 nemo
2890 1012 3039 1072 putet
3066 1002 3272 1057 nullius
3302 1017 3466 1072 nego-

1896 1095 1955 1146 tii
1991 1109 2103 1149 rem
2138 1110 2281 1158 esse,
2327 1109 2389 1148 ac
2439 1093 2599 1149 facile
2633 1093 2769 1147 eﬂici
2806 1110 2985 1163 posse,
3024 1102 3083 1147 ut
3111 1094 3234 1163 quis
3288 1093 3468 1146 mimo

1895 1186 2086 1240 humili
2154 1194 2317 1256 atque
2368 1187 2606 1241 demisso
2662 1184 2754 1239 sit.
2807 1183 2918 1237 Imo
2969 1191 3157 1237 contra
3211 1199 3243 1235 ιι
3272 1182 3345 1234 hii
3400 1198 3461 1236 ex

1895 1276 2147 1330 omnibus
2203 1291 2538 1346 qutecunque
2606 1290 2701 1344 per
2775 1276 3032 1329 virtutem
3104 1281 3339 1344 aguntur
3412 1283 3466 1326 et

1894 1373 2241 1430 exercentur,
2272 1379 2425 1435 teque
2478 1364 2809 1419 laboriosum
2854 1371 2906 1417 et
2961 1376 3251 1431 Operosum
3307 1370 3466 1430 atque

1896 1453 2162 1520 ejusmodi
2221 1469 2306 1508 res
2358 1463 2460 1506 est.
2518 1436 2929 1517 Quamobrem?
2988 1450 3114 1519 quia
3164 1449 3466 1503 dormiente

1897 1545 2113 1597 homine
2145 1545 2233 1614 qtti
2291 1545 2428 1597 bona
2476 1544 2682 1596 semina
2733 1551 3041 1610 acceperat,
3091 1548 3254 1610 caput
3305 1548 3462 1610 atque

1900 1634 2169 1704 praecipua
2205 1650 2330 1704 pars
2355 1634 2618 1689 contrarii
2642 1633 2869 1688 seminis
2910 1631 2977 1685 ab
3009 1631 3232 1686 inimico
3263 1640 3464 1685 nostra:

200 1710 376 1776 ἕξεως
406 1713 563 1783 ἡμῶν
599 1714 697 1783 τὴν
735 1715 1134 1787 ὑπερηφανίαν,
1167 1710 1224 1772 ἐν
1276 1719 1354 1788 τῷ
1404 1720 1673 1790 συμϐουλε

1983 1736 2017 1774 13
2076 1722 2345 1789 superbia:
2394 1722 2663 1774 zizaniam
2719 1720 3028 1789 conjectum
3074 1719 3287 1773 radices
3335 1720 3459 1789 egit.

206 1802 555 1872 μιμήσασθαι
604 1805 697 1859 τὸν
748 1808 1019 1870 ἑκουσίως.
1063 1811 1481 1880 πτωχεύσαντα,
1530 1813 1589 1876 ὃς
1646 1816 1790 1867 ἐστιν

200 1892 426 1964 ἀληθῶς
462 1895 749 1967 μακάριος,
782 1898 870 1951 ἵνα
899 1900 957 1951 ὲν
984 1893 1029 1967 ᾧ
1063 1900 1338 1971 δυνάμεθα
1373 1903 1556 1968 καθὼς
1585 1904 1652 1957 ἂν
1689 1900 1789 1958 οἷοί

203 2002 267 2038 τε
298 1981 448 2056 ὦμεν
481 1989 838 2058 ὁμοιωθέντες
868 1993 931 2044 ἐκ
980 1991 1075 2045 τοῦ
1110 1993 1421 2063 πτωχεῦσαι
1470 1995 1612 2048 κατὰ
1666 2013 1791 2066 προ-

203 2077 445 2149 αίρεσιν,
480 2081 573 2132 καὶ
614 2081 714 2150 τὴν
747 2082 842 2135 τοῦ
875 2084 1225 2155 μακαρισμοῦ
1256 2086 1539 2139 κοινωνίαν
1565 2086 1791 2154 ἐφελκυ-

202 2167 454 2238 σὼμεθα.
502 2168 680 2224 Τοῦτο
710 2172 822 2240 γὰρ
847 2173 1200 2240 φρονείο-θω,
1244 2175 1438 2244 φησὶν,
1464 2175 1533 2229 ὲν
1562 2176 1725 2245 ὑμῖν,
1759 2179 1787 2230 ὃ

200 2261 309 2314 καὶ
332 2262 405 2314 ἐν
432 2261 662 2329 Χριστῷ
701 2263 927 2331 Ἰησοῦ’
972 2263 1041 2328 ὃς
1077 2265 1146 2318 ἐν
1176 2265 1382 2334 μορφῇ
1422 2266 1569 2321 Θεοῦ
1605 2269 1781 2336 ὑπάρ-

200 2369 353 2420 χων.
391 2354 502 2421 οὐχ
541 2353 856 2423 ἁρπαγμὸν
892 2355 1164 2423 ἡγήσατο
1210 2354 1277 2408 τὸ
1316 2358 1467 2409 εἶναι
1505 2358 1612 2413 ἴσα
1646 2358 1785 2423 Θεῷ·

200 2439 345 2494 ἀλλ’
373 2440 591 2493 ἑαυτὸν
626 2440 886 2495 ἐκένωσε
927 2443 1171 2512 μορφὴν
1206 2443 1431 2500 δούλου
1473 2447 1691 2502 λαϐὼν.
1727 2449 1790 2499 Τί

203 2529 550 2601 πτωχότερον
593 2531 687 2585 ἐπὶ
713 2532 846 2586 Θεοῦ
880 2533 980 2602 τῆς
1009 2533 1100 2587 τοῦ
1121 2534 1307 2589 δούλου
1344 2538 1584 2608 μορφῆς
1610 2539 1673 2590 Τί
1699 2557 1791 2591 τα-

204 2620 521 2688 πεινότερον
549 2620 641 2673 ἐπὶ
660 2621 755 2675 τοῦ
784 2622 1046 2692 βασιλέως
1072 2625 1181 2677 τῶν
1205 2625 1395 2692 ὄντων,
1421 2627 1455 2697 ἢ
1485 2627 1546 2680 τὸ
1574 2631 1652 2692 είς
1680 2646 1791 2681 κοι-

203 2711 409 2765 νωνίαν
424 2712 523 2781 τῆς
547 2713 769 2783 πτωχῆς
792 2713 949 2784 ἡμῶν
975 2714 1188 2783 φύσεως
1217 2716 1419 2779 ὲλθεῖν;
1451 2719 1510 2771 '0
1536 2719 1791 2781 Βασιλεὺς

206 2801 322 2856 τῶν
347 2801 758 2881 βασιλευόντων,
791 2805 886 2859 καὶ
918 2805 1121 2876 Κύριος
1144 2806 1252 2859 τῶν
1288 2809 1645 2879 κυριευόντων
1675 2811 1791 2862 ὲΟε-

203 2894 411 2959 λόντως
437 2895 536 2966 τὴν
560 2896 659 2967 τῆς
679 2895 920 2961 δουλείας
952 2898 1165 2973 μορφὴν
1188 2898 1498 2953 ὑποδύεται·
1530 2904 1558 2954 ὁ
1585 2902 1791 2973 Κριτής

202 2985 304 3041 τοῦ
321 2986 541 3053 παντὸς,
560 2988 831 3059 ὑπόφορος
855 2990 969 3052 τοῖς
989 2972 1375 3043 δυναστεύουσι
1396 2991 1621 3059 vivi-trav
1638 2993 1665 3045 6
1692 2972 1789 3062 τῆς

1888 1810 2357 1875 Quemadmodum
2391 1811 2537 1864 enim
2586 1811 2675 1865 ille
2713 1826 2774 1865 se
2808 1812 2861 1863 in
2907 1818 3106 1865 terram
3163 1811 3457 1879 praecipita-

1890 1903 1984 1962 vit,
2034 1900 2223 1954 eodem
2276 1902 2436 1954 modo
2497 1901 2755 1957 miserum
2810 1917 2980 1970 genus
3033 1901 3350 1963 humanum,
3398 1905 3460 1955 al

1888 2005 2235 2044 communem
2271 1992 2482 2044 ruinam
2517 2007 2699 2046 secum
2728 2007 2833 2045 una
2870 1991 3127 2056 detraxit,
3166 2007 3227 2045 ac
3256 1993 3460 2045 nullum

1890 2081 2036 2133 aliud
2079 2090 2285 2135 naturae
2314 2090 2516 2136 nostra:
2546 2082 2744 2135 malum
2783 2083 2889 2136 tale
2935 2090 3038 2144 est,
3066 2082 3246 2151 qualis
3296 2090 3380 2137 est
3419 2083 3465 2137 is

1890 2173 1980 2240 qui
2055 2187 2153 2242 per
2203 2174 2516 2243 superbiam
2580 2175 2737 2229 nobis
2810 2173 3034 2227 morbus
3090 2173 3460 2244 ingeneratur.

1890 2263 2156 2329 Quoniam
2182 2265 2347 2336 igitur
2372 2266 2628 2321 omnibus
2662 2264 3052 2335 propemodum
3092 2265 3184 2335 qui
3217 2264 3464 2319 humanae

1890 2363 2098 2408 natm-tn
2130 2355 2424 2425 participes
2474 2363 2603 2410 sunt
2665 2355 2856 2409 vitium
2901 2355 3155 2409 elationis
3201 2354 3461 2425 quodam-

1891 2446 2050 2498 modo
2086 2444 2331 2499 innatum
2375 2453 2478 2511 est,
2541 2445 2750 2499 idcirco
2787 2443 3049 2498 Dominus
3091 2443 3220 2499 hinc
3249 2443 3463 2497 initium

1890 2534 2257 2591 beatitudines
2290 2536 2596 2605 exponendi
2633 2534 2784 2601 facit,
2814 2544 3075 2604 tanquam
3115 2532 3464 2604 primordiale

1890 2623 2092 2677 malum
2125 2623 2399 2692 quoddam
2452 2639 2517 2678 ex
2552 2623 2740 2677 habitu
2773 2632 2964 2678 nostro
3012 2622 3325 2692 superbiam
3363 2620 3463 2690 eji-

1888 2713 2063 2775 ciens,
2089 2713 2219 2767 dum
2257 2698 2497 2768 censulit
2550 2722 2609 2767 ut
2650 2713 2930 2767 imitemur
2957 2727 3102 2780 eum,
3144 2713 3234 2782 qui
3272 2724 3465 2783 sponte

1891 2819 1988 2857 sua
2026 2819 2232 2874 egenus
2282 2803 2419 2870 fuit,
2478 2806 2570 2875 qui
2611 2819 2739 2860 vere
2781 2805 2972 2860 beatus
3016 2811 3123 2866 est.
3149 2813 3227 2864 ut.
3270 2805 3326 2857 in
3356 2818 3464 2872 quo

1889 2910 2205 2965 possumus,
2232 2911 2330 2966 pro
2362 2896 2503 2950 virili
2541 2905 2725 2952 nostra
2751 2901 2906 2966 parte
2950 2894 3270 2959 assimilati,
3301 2910 3366 2950 ex
3400 2910 3464 2948 eo

1890 2986 2033 3055 quod
2084 2994 2273 3042 nostra
2334 2988 2615 3043 voluntate
2661 2989 2817 3060 egeni
2857 2994 3233 3058 paupertatem
3293 2986 3466 3041 secuti

204 3076 442 3143 κτίσεως
468 3052 691 3151 Κύριος-
714 3052 771 3132 ἐν
809 3080 1058 3152 σπηλαίῳ
1084 3052 1455 3149 κατάγεταιίὸ
1478 3081 1571 3135 τοῦ
1594 3099 1680 3136 παι

1990 3079 2184 3142 rimus,
2230 3080 2391 3134 etiam
2423 3080 2780 3137 beatitudinis
2808 3078 3249 3134 communionem
3296 3086 3466 3133 attra-

205 3168 703 3241 περιδεδραγμένος
748 3171 847 3241 οὐχ
886 3171 1127 3244 εὑρίσκει
1158 3173 1320 3226 τόπον
1350 3176 1409 3226 ἐν
1446 3172 1523 3243 τῷ
1557 3175 1790 3228 καταλύ-

208 3275 370 3328 ματι,
392 3257 505 3311 ἀλλ’
524 3260 582 3311 ὲν
600 3260 665 3330 τῇ
684 3258 859 3330 φάτνῃ
876 3259 982 3313 τῶν
1001 3260 1209 3329 ἀλόγων
1230 3259 1383 3325 ζώων
1403 3264 1791 3334 παραρῤιπτεῖο

203 3367 322 3406 ται·
345 3353 375 3404 6
405 3351 643 3423 καθαρὸς
664 3351 759 3405 καὶ
779 3352 1074 3424 ἀκήρατος,
1091 3352 1183 3407 τὸν
1205 3354 1300 3424 τῆς
1323 3354 1666 3423 ἀνθρωπίνης
1690 3355 1789 3422 φύ-

208 3459 353 3502 σεως
377 3443 726 3512 καταδέχεται
751 3442 941 3514 ῥύπον,
967 3445 1062 3497 καὶ
1086 3445 1173 3497 διὰ
1193 3444 1374 3513 πάσης
1400 3443 1499 3512 τῆς
1520 3446 1788 3513 πτωχείας

200 3533 372 3602 ἡμῶν
414 3531 696 3597 διεξελθὼν
731 3532 892 3604 μέχρι
930 3533 1029 3601 τῆς
1051 3531 1144 3586 τοῦ
1173 3532 1401 3587 θανάτου
1433 3533 1643 3602 πρόεισι
1676 3535 1791 3587 πεί-

210 3641 333 3698 ρας.
379 3624 572 3694 Ὁρᾶτε
612 3623 712 3693 τῆς
757 3624 1003 3678 ἑκουσίου
1054 3624 1325 3693 πτωχείας
1366 3624 1428 3677 τὸ
1472 3625 1683 3695 μέτρον.
1730 3626 1791 3679 Ἡ

209 3713 328 3784 ζωὴ
372 3714 599 3769 θανάτου
619 3714 857 3782 γεύεται·
882 3717 910 3768 6
937 3715 1142 3785 Κριτὴς
1164 3716 1245 3777 είς
1272 3715 1554 3787 κριτήριον
1581 3716 1791 3783 ἄγεταν

206 3805 243 3861 ὁ
267 3808 367 3877 τῆς
395 3805 539 3878 ζωῆς
578 3806 686 3860 τῶν
720 3807 888 3860 ὄντων
919 3805 1124 3878 Κύριος
1183 3806 1277 3858 ἐπὶ
1302 3809 1364 3877 τῇ
1395 3806 1562 3877 ψήφῳ
1589 3808 1681 3860 τοῦ
1714 3809 1793 3863 δι-

209 3898 472 3963 κάζοντος
492 3899 719 3968 γίνεται’
748 3900 777 3951 6
808 3899 985 3970 πάσης
1007 3898 1105 3969 τῆς
1127 3898 1229 3951 ὑπε
1239 3898 1495 3968 ρκοσμίου
1515 3899 1796 3969 δυνάμεως

210 3990 477 4054 Βασιλεὺς
537 3989 637 4055 τὰς
686 3989 795 4045 τῶν
843 3990 1050 4062 δημίων
1100 3990 1200 4044 οὐκ
1249 3989 1546 4043 ἀπωθεῖται
1584 3992 1790 4062 χεῖρας.

212 4082 359 4152 Πρὸς
383 4080 538 4134 τοῦτό
581 4098 684 4148 σοι,
716 4081 868 4153 φησι,
899 4081 960 4134 τὸ
994 4081 1396 4153 ὑπόδειγμα,τὸ
1419 4083 1515 4152 τῆς
1540 4100 1792 4136 ταπεινο-

213 4168 490 4241 φροσύνης
524 4170 765 4241 βλεπέτω
798 4171 1015 4242 μέτρον.

1895 3170 2088 3224 hamus
2134 3178 2188 3225 et
2238 3171 2595 3228 aseiscamus.
2650 3171 2765 3225 Hoc
2810 3172 2948 3226 enim
3001 3173 3218 3241 quisque
3257 3170 3463 3233 sentiet,

1894 3258 2087 3328 inquit,
2130 3260 2267 3313 inter
2295 3275 2404 3324 vos,
2443 3262 2582 3330 quod
2613 3270 2663 3314 et
2712 3262 2764 3314 in
2789 3258 3003 3315 Christo
3036 3259 3165 3315 Jesu
3190 3275 3207 3312 :
3231 3261 3319 3329 qui
3348 3274 3465 3312 cum

1892 3357 2025 3402 esset
2073 3349 2129 3401 in
2174 3349 2349 3413 [arma
2410 3350 2538 3413 Dei,
2594 3367 2700 3404 non
2755 3353 2997 3418 rapinam
3054 3352 3346 3403 arbitratus
3390 3357 3467 3402 est

1893 3438 2029 3507 quod
2068 3439 2174 3493 Deo
2205 3455 2304 3507 par
2324 3449 2374 3493 et
2403 3442 2624 3509 aequalis
2647 3450 2781 3494 esset
2805 3458 2823 3494 :
2855 3444 2946 3494 sed
2972 3443 3147 3510 forma
3167 3443 3298 3499 servi
3324 3458 3461 3494 sum—

1890 3538 1981 3597 pta
2031 3531 2260 3600 seipsum
2308 3532 2687 3587 exinanivit“.
2751 3530 2957 3601 Ecquid
3031 3533 3203 3602 magis
3261 3533 3314 3585 in
3361 3530 3489 3586 Dee"

1893 3622 2422 3693 mendicum,.quam
2460 3623 2636 3677 forma
2671 3623 2853 3678 servi?
2889 3623 3019 3692 quid
3052 3624 3105 3675 in
3139 3637 3261 3691 rege
3284 3636 3465 3675 rerum

1895 3715 2270 3769 universarum
2319 3714 2619 3778 humilius,
2694 3730 2860 3785 quam
2917 3715 2970 3767 in
3025 3713 3508 3767 emnmunionem'

1896 3806 2077 3875 inopis
2124 3821 2190 3861 ac
2241 3805 2508 3861 mendica:
2551 3813 2753 3860 nostrae
2791 3815 2997 3858 natura:
3045 3802 3303 3856 venisse?
3354 3800 3468 3856 iter

1902 3898 2271 3969 regnantium,
2314 3905 2370 3953 et
2408 3896 2674 3953 Dominus
2701 3896 3102 3951 dominantium
3138 3902 3333 3962 sponte
3368 3910 3466 3947 sua

1900 3991 2134 4046 formam
2177 3990 2463 4045 servitutis
2503 3988 2718 4054 induit;
2749 3986 2922 4041 Judex
2962 4000 3142 4042 rerum
3186 3985 3470 4039 universa-

1900 4098 2021 4138 rum
2068 4082 2411 4153 principibus
2440 4081 2767 4135 tributarius
2794 4080 3041 4142 exsistit;
3066 4088 3330 4134 creatura:
3361 4074 3469 4129 Do-

1903 4173 2086 4228 minus
2118 4172 2175 4226 in
2216 4172 2479 4241 spelunca
2519 4170 2829 4227 diversatur
2863 4188 2874 4221 :
2908 4171 3001 4237 qui
3037 4169 3295 4222 mundum
3345 4169 3471 4221 uni-

213 4277 437 4318 versum
480 4266 825 4336 {complexus
869 4273 974 4328 est,
1025 4281 1135 4320 non
1181 4265 1393 4321 invenit
1434 4267 1609 4322 locum
1693 4269 1745 4322 in
1824 4267 2156 4331 diversorio,
2220 4267 2317 4321 sed
2373 4267 2426 4319 in
2492 4266 2755 4335 prmscpio
2800 4264 3082 4317 brutorum
3155 4262 3468 4316 animalium

215 4359 716 4432 abjiciturzpurus
765 4362 857 4417 ille
887 4372 941 4417 et
985 4363 1341 4432 incorruptus
1390 4363 1645 4418 humanm
1696 4373 1905 4419 naturae
1981 4364 2173 4419 sordes
2245 4380 2354 4416 non
2412 4366 2638 4431 respuit,
2711 4376 2774 4413 ac
2821 4374 2915 4428 per
2952 4373 3165 4411 onmem
3229 4365 3467 4411 nostram

216 4450 623 4509 mendicitatem
654 4464 964 4522 penetrans,
1018 4469 1191 4522 usque
1238 4452 1307 4508 ad
1356 4455 1548 4509 mortis
1582 4456 1930 4523 pregreditur
1996 4456 2449 4524 experimentum.
2526 4450 2717 4505 Videte
2774 4449 3091 4503 voluntaria:
3155 4446 3471 4501 mendicita-

214 4550 290 4605 tis
318 4538 559 4604 modum.
589 4547 714 4601 Vita
744 4556 973 4602 mortem
1000 4546 1416 4618 gustat;Judex
1448 4550 1503 4602 in
1533 4548 1801 4618 judicium
1842 4551 2097 4616 ducitur;
2128 4550 2389 4604 Dominus
2429 4547 2551 4600 vitae
2621 4561 2802 4599 rerum
2872 4542 3254 4596 universarum
3299 4539 3472 4607 subji-

215 4642 365 4696 citur
401 4638 606 4707 judicis
643 4640 901 4705 decreto;
949 4639 1518 4708 supramundanarum
1555 4642 1802 4693 omnium
1851 4643 2134 4710 copiarum
2189 4639 2302 4695 Rex
2353 4637 2671 4692 carniﬁcum
2717 4649 2912 4688 manus
2951 4649 3057 4685 non
3122 4630 3351 4699 repellit.
3395 4630 3472 4681 Att

216 4733 348 4793 hoc.
397 4730 593 4801 inquit,
643 4730 951 4800 exemplum
990 4728 1187 4783 modus
1234 4729 1401 4784 animi
1447 4729 1801 4785 demissionis
1842 4731 1940 4785 tibi
1971 4738 2201 4800 spectet.

291 4827 446 4898 Τάχα
470 4826 528 4880 δέ
562 4844 651 4897 μοι
670 4826 817 4880 δοκεῖ
840 4825 1017 4888 καλῶς
1042 4825 1186 4895 ἔχειν
1216 4826 1309 4879 καὶ
1329 4826 1430 4897 τὴν
1450 4825 1670 4894 ἀλογίαν
1702 4843 1767 4879 το

1996 4825 2200 4880 Videtur
2229 4835 2408 4881 autem
2460 4823 2589 4877 mihi
2639 4820 2871 4875 fortasse
2915 4836 3022 4872 non
3071 4814 3472 4871 incommodum

215 4920 463 4975 τοιούτου
503 4918 864 4987 διασκοπῆσαι
896 4916 1121 4981 πάθους,
1160 4917 1234 4979 ὡς
1283 4918 1348 4970 ἂν
1392 4917 1796 4990 εὐκατόρθωτος

216 5013 355 5083 ἡμῖν
380 5012 408 5064 6
450 5009 797 5080 μακαρισμὸς
826 5008 1053 5075 γένοιτο,
1086 5008 1181 5062 σὺν
1209 5008 1475 5081 εὐμαρείᾳ
1504 5009 1671 5079 πολλῇ
1705 5010 1797 5061 καὶ

223 5099 476 5174 ῥᾳστώνῃ
497 5101 592 5169 τῆς
619 5098 1114 5169 ταπεινοφροσύνης
1132 5097 1591 5169 κατορθουμένης.
1606 5100 1796 5153 Καθά-

219 5207 330 5263 περ
373 5190 481 5261 γὰρ
513 5190 563 5243 οἱ
610 5190 971 5258 ἐπιστήμονες
1019 5188 1126 5241 τῶν
1176 5187 1395 5257 ἰατρῶν,
1425 5188 1487 5240 τὸ
1525 5190 1798 5243 νοσοποιὸν

221 5283 394 5338 αἴτιον
418 5280 818 5352 προεξελόντες,
857 5282 984 5351 ῥᾷον
1034 5279 1391 5350 ἐπικρατοῦσι
1433 5280 1526 5334 τοῦ
1560 5281 1763 5345 πάθους
1784 5300 1795 5311 ·

221 5374 397 5434 οὕτως
432 5373 527 5426 καὶ
554 5374 715 5443 ἡμεῖς
744 5371 841 5441 τὴν
878 5372 1187 5442 χαυνότητα
1220 5371 1327 5423 τῶν
1364 5370 1718 5441 τυφουμένων
1737 5372 1815 5441 τῷ

1905 4932 2028 4973 esse
2059 4919 2327 4987 ejusmodi
2356 4918 2472 4971 vitii
2500 4913 3046 4971 inconsiderantiam,
3078 4908 3474 4962 absurditatem

1904 5016 1960 5063 et
2004 5008 2476 5078 importunitatem
2526 5015 2798 5076 spectare,
2838 5012 2897 5056 ut
2933 5018 3056 5056 cum
3096 5001 3262 5052 multa
3303 4996 3478 5051 facili-

1904 5109 2014 5154 tate
2062 5111 2225 5169 atque
2279 5101 2664 5154 commoditate
2721 5095 3049 5152 succedente
3101 5092 3261 5145 nobis
3311 5089 3477 5143 animi

1905 5192 2234 5257 humilitate,
2297 5192 2454 5245 facile
2505 5190 2721 5259 assequi
2773 5195 2932 5255 atque
2987 5185 3256 5239 coniicere
3320 5181 3479 5234 nobis

1905 5286 2291 5342 beatitudinem
2366 5286 2661 5355 possimus.
2731 5282 2798 5335 Ut
2862 5281 3003 5334 enim
3062 5275 3219 5347 periti
3282 5273 3479 5327 medici

1906 5395 2073 5435 causa
2105 5378 2281 5432 morbi
2308 5377 2584 5432 eﬁ‘ectricc
2612 5376 2765 5446 prius
2794 5379 3069 5442 exempta,
3098 5365 3476 5437 aegritudinem

223 5466 472 5538 λογισμῷ
521 5464 987 5530 καταστείλαντες,
1024 5466 1343 5520 εὐεπίϐατον
1373 5466 1581 5528 ἑαυτοῖς
1603 5466 1699 5536 τὴν

2000 5469 2125 5524 ilius
2168 5468 2430 5522 vincunt:
2461 5467 2535 5519 ita
2591 5481 2690 5519 nos
2720 5478 2958 5534 quoque,
3004 5460 3103 5515 ubi
3142 5456 3475 5512 inﬂationem

296 5648 343 5680 ’θ
386 5649 428 5708 ΙΙ
462 5651 587 5705 Cor.
624 5666 740 5711 VIII,
779 5651 830 5705 9.
909 5651 949 5681 9‘
994 5648 1222 5717 Philipp.
1262 5663 1292 5701 tt
1317 5690 1328 5711 ,
1366 5649 1395 5695 ἲ)
1428 5664 1544 5715 sqq.
