3738 5984
273 188 409 244 1205
1506 186 1560 240 S.
1593 184 1749 240 GRK!

2069 182 2252 238 SSENI
3400 169 3428 222 Ι
3442 168 3545 221 ΞΜ

272 309 328 357 et
359 310 626 358 tumorem
678 302 915 358 inaniter
970 320 1029 358 se
1063 303 1387 372 jactantium
1440 312 1602 373 atque
1647 318 1748 371 sup

2071 297 2442 370 εινοφροσύνης
2479 295 2595 349 ὁδὸν
2639 293 3090 362 καταστήσωμεν.
3122 279 3296 341 Πόθεν
3341 279 3450 338 οὖν
3482 284 3547 338 ἂν

273 391 538 450 bientium
565 393 775 449 ratione
800 394 1245 464 represserimus,
1289 393 1468 457 facile,
1497 393 1748 449 conimod

2074 388 2262 458 μᾶλλον
2291 385 2572 449 ἐπιδείξειε
2611 381 2705 435 τοῦ
2747 380 2918 448 τύφου
2963 378 3024 431 τὸ
3062 377 3292 446 μάταιον
3314 373 3550 438 ;·ῐιόθεν

269 492 325 536 et
353 483 662 554 expeditum
690 484 771 541 eis
796 485 899 540 iter
933 486 1098 540 animi
1139 485 1489 540 demissionis
1521 483 1745 540 eﬂiciam

2069 479 2187 541 ιθεν,
2219 479 2253 547 ἢ
2297 478 2362 528 ἐκ
2392 473 2486 528 τοῦ
2527 471 2696 536 δεῖξαι
2738 471 2836 541 τὴν
2869 470 3063 538 φύσιν,
3093 467 3217 537 ἣτις
3244 463 3406 518 ἐστίν
3436 479 3452 527 ;
3487 461 3545 512 ’0

271 553 438 634 Unde
472 578 635 650 igitur
679 580 877 650 aliquis
921 580 1101 650 potius
1151 579 1326 634 fastus
1368 589 1529 647 atque
1574 579 1747 647 super?

2088 571 2224 642 πρὸς
2245 567 2455 629 ἑαυτὸν,
2490 565 2583 618 καὶ
2617 563 2691 634 μὴ
2718 564 2786 616 τὰ
2826 560 2952 631 περὶ
2979 559 3144 612 αὑτὸν
3173 556 3418 626 βλέπων,
3443 553 3546 650 vix

269 668 566 724 vanitatem
601 669 1098 724 demonstraverit?
1126 685 1231 740 qua
1265 670 1476 724 ratione
1518 668 1645 728 alia,
1679 683 1745 736 qu

2069 641 2274 730 ύλόγως
2303 661 2381 722 εἰς
2420 659 2481 711 τὸ
2532 657 2771 710 τοιοῦτον
2819 653 3049 723 ἐμπέσοι
3099 649 3293 712 πάθος.
3336 641 3543 740 Τίιοῦν

269 761 317 816 si
379 769 634 814 naturam
679 760 1002 822 ostenderit,
1051 776 1298 830 quaenam
1347 775 1411 816 ea
1460 759 1576 815 sit?
1612 757 1745 812 Nam

2064 772 2093 806 ν
2118 753 2429 823 ἄνθρωποςς
2459 747 2647 801 Βούλει
2679 745 2771 799 τὸν
2797 742 3116 814 σεμνότερον
3138 741 3232 793 καὶ
3272 736 3538 830 τιμιώτεξ

270 851 397 918 quis
427 849 493 904 ad
524 851 783 920 seipsnm,
813 858 868 905 et
897 866 1003 904 non
1035 829 1103 905 ad
1146 867 1209 908 ea
1264 866 1387 921 quin
1414 851 1560 906 circa
1593 865 1653 904 se
1689 864 1746 903 su

2065 845 2200 896 ετπω
2228 842 2334 894 τῶν
2352 841 2524 909 λόγων
2541 855 2556 904 ;
2597 837 2738 890 Ἀλλ’
2758 838 2786 889 6
2806 833 3027 904 κοσμῶν
3048 832 3116 885 τὰ
3143 829 3541 921 ἡμέτερα,γκαὶ

270 942 552 1011 respiciat,
600 957 707 994 non
761 941 919 996 video
970 956 1075 1011 qua
1126 943 1337 996 ratione
1385 941 1431 995 is
1471 941 1524 994 in
1569 941 1743 1006 ejusm

2065 953 2084 998 ;
2116 935 2176 988 τὸ
2197 931 2648 1004 κομπωδέστερον
2664 925 3034 989 διασκευάζων
3061 924 3159 993 τὴν
3179 920 3541 1011 ἀνθρωπίνην

1946 1026 2242 1094 εὐγένειαν,
2281 1025 2345 1076 ἐκ
2396 1020 2567 1092 πηλοῦ
2617 1017 2931 1088 γενεαλογεῖ
2974 1015 3074 1086 τὴν
3121 1013 3285 1082 φύσιν
3318 1029 3332 1042 ·
3365 1010 3464 1062 καὶ
3505 1010 3541 1078 ἡ

1946 1119 2217 1188 εὐγένεια,
2247 1116 2342 1169 καὶ
2369 1118 2402 1186 ὴ
2428 1113 2691 1184 σεμνότης
2721 1110 2812 1164 τοῦ
2830 1107 3199 1178 ὑπερηφάνου,
3231 1105 3294 1157 τὸ
3327 1118 3541 1170 συγγε-

1947 1201 2035 1274 νὲς
2055 1210 2188 1282 πρὸς
2210 1210 2308 1280 τὴν
2339 1206 2551 1260 πλίνθον
2580 1205 2713 1275 ἔχει.
2761 1203 2818 1255 Εἰ
2855 1202 2913 1254 δὲ
2943 1200 3038 1269 τὴν
3071 1199 3311 1270 προσεχῆ
3349 1210 3413 1246 τε
3443 1193 3543 1244 καὶ

1947 1304 2235 1374 πρόχειρον
2285 1301 2384 1370 τῆς
2428 1299 2695 1367 γενέσεως
2743 1297 2918 1348 εἰπεῖν
2958 1291 3182 1352 ἐθέλοις,
3211 1289 3419 1353 ἄπαγε,
3461 1282 3542 1352 μὴ

1949 1394 2157 1466 φθέγξῃ
2206 1393 2334 1463 περὶ
2383 1390 2572 1444 τούτου
2597 1405 2611 1420 ·
2646 1390 2722 1459 μὴ
2754 1385 2978 1458 γρύξῃς,
3029 1383 3104 1453 μὴ
3152 1376 3541 1445 maxum-4.13;.

271 1487 481 1560 quitur,
529 1502 596 1542 ex
649 1486 764 1540 luto
827 1494 1142 1558 generatam
1192 1495 1445 1541 naturam
1499 1501 1624 1541 esse
1671 1486 1747 1540 dit

2065 1485 2129 1549 ὥς
2163 1501 2327 1554 φησιν
2350 1485 2379 1536 6
2403 1482 2567 1552 νόμος
2587 1519 2603 1543 ,
2632 1477 3018 1549 ἀσχημοσύνην
3051 1472 3259 1542 πατρὸς
3290 1469 3390 1522 καὶ
3427 1484 3541 1560 μη-

271 1559 436 1648 atque
466 1577 720 1632 nobilitas
772 1587 826 1632 et
867 1577 1124 1647 Splendor
1154 1577 1422 1646 superbiae
1463 1577 1747 1646 cognation

2066 1596 2075 1640 ;
2118 1595 2210 1630 σου
2242 1594 2254 1606 ’
2288 1575 2362 1646 μὴ
2395 1571 2762 1643 δημοσιεύσῃς
2790 1569 2868 1639 τῷ
2905 1566 3048 1635 λόγῳ
3092 1564 3160 1618 τὰ
3189 1561 3365 1633 λήθης
3409 1559 3542 1624 ἄξια

270 1635 400 1717 curn
448 1661 614 1717 latere
655 1662 838 1717 habet.
895 1635 1050 1730 Quod
1088 1665 1134 1719 si
1182 1635 1498 1718 continuam
1531 1635 1746 1735 pariter

2068 1635 2300 1738 βαθείας.
2319 1635 2504 1734 σιγῆς.¹
2541 1659 2674 1716 Εἶτα
2705 1635 2805 1714 οὐκ
2836 1635 3112 1730 ἐρυθριᾷς,
3145 1659 3175 1709 6
3205 1655 3394 1724 γήϊνος
3442 1651 3544 1704 ἁν-

269 1767 390 1809 eam
426 1771 548 1825 quas
573 1755 627 1809 in
672 1765 930 1826 promptu
969 1765 1131 1826 atque
1179 1755 1434 1825 expedito
1482 1757 1745 1811 omnibus

2068 1777 2124 1821 ες,
2166 1760 2194 1812 6
2235 1757 2352 1827 μετ’
2379 1757 2557 1823 ὀλίγον
2591 1753 2803 1816 κόνις,ό
2830 1748 3180 1819 πομφόλυγος
3209 1746 3370 1815 δίκην
3392 1741 3544 1796 ὠκύ-

270 1853 403 1898 nota
462 1853 548 1902 est
613 1846 1020 1916 generationem
1075 1845 1323 1917 proferre
1389 1847 1560 1910 velis,
1631 1863 1741 1901 rem

2070 1868 2121 1903 ον
2149 1850 2207 1902 ὲν
2233 1847 2442 1916 σεαυτῷ
2477 1846 2744 1918 περιέχων
2772 1843 2831 1896 τὸ
2856 1842 3102 1912 φύσημα,
3139 1839 3354 1909 πλήρης
3371 1836 3546 1906 ὑπερ-

269 1935 481 2000 ἱειιιεερ,
510 1950 628 2002 oro,
663 1952 730 1991 ne
753 1937 995 2007 loquaris
1022 1937 1090 1992 de
1117 1937 1220 1991 hac
1253 1952 1346 1992 re:
1384 1937 1745 2002 obmutescas,

2065 1940 2186 2003 νίας
2218 1939 2498 2010 γινόμενος
2519 1978 2534 2001 ,
2570 1937 2665 1991 καὶ
2715 1932 3193 2005 περιφλεγμαίνων
3226 1929 3305 1998 τῷ
3358 1927 3541 1996 τύφῳ,

271 2024 482 2088 hiscas,
532 2041 600 2080 ne
627 2026 858 2093 reveles,
887 2035 947 2081 ut
980 2029 1066 2082 lex
1102 2027 1299 2097 inquit.
1335 2028 1570 2084 dedecus
1597 2031 1747 2098 patri:

2093 2031 2171 2102 τῷ
2223 2031 2434 2102 ματαίῳ
2485 2029 2794 2100 φρονήματι
2845 2022 3084 2092 ὲξογκῶν
3125 2021 3226 2092 τὴν
3272 2020 3543 2073 διάνοιαν.

271 2115 466 2170 matris
517 2107 622 2170 mae
643 2118 688 2149 "
718 2135 730 2169 :
765 2133 833 2172 ne
862 2133 1116 2174 sermone
1142 2119 1387 2190 publices
1417 2132 1577 2190 atque
1602 2121 1746 2174 divul

2109 2125 2240 2194 ὁρᾷς
2272 2124 2351 2186 εἰς
2385 2121 2670 2192 ἀμφότερα
2703 2119 2799 2190 τῆς
2833 2116 2978 2187 ζωῆς
3011 2114 3106 2168 τοῦ
3145 2111 3440 2183 ἀνθρώπου
3473 2109 3548 2162 τὰ

269 2220 336 2260 ea
383 2221 504 2276 quae
548 2206 822 2264 oblivione
853 2215 1015 2277 atque
1039 2209 1146 2262 alto
1172 2209 1392 2263 silentio
1424 2211 1654 2278 tegenda
1693 2225 1745 2265 st

2073 2229 2190 2276 ιτα,
2223 2211 2318 2264 καὶ
2345 2213 2492 2273 ὅπως
2517 2210 2766 2281 ἄρχεται,
2795 2207 2890 2261 καὶ
2923 2207 3005 2268 εἰς
3030 2206 3060 2258 ὂ
3081 2221 3133 2256 τι
3166 2204 3350 2273 λήγει;
3379 2198 3549 2251 Ἀλλὰ

272 2295 340 2352 Et
363 2313 475 2353 non
503 2299 805 2361 erubescis,
837 2307 1016 2354 terrea
1045 2308 1243 2365 statua,
1277 2315 1402 2355 mox
1435 2302 1614 2371 pulvis
1640 2301 1748 2356 futu

2073 2305 2185 2375 ριᾷς
2211 2305 2278 2374 τῇ
2325 2302 2572 2372 νεότητι,
2603 2301 2696 2354 καὶ
2730 2299 2867 2370 πρὸς
2895 2297 2955 2350 τὸ
2991 2295 3150 2358 ἄνθος
3187 2295 3287 2363 τῆς
3323 2292 3549 2362 ἡλικίας

1957 2394 2195 2464 βλέπεις,
2229 2393 2323 2447 καὶ
2347 2390 2730 2463 ὲγκαλλωπίζῃ
2753 2392 2819 2460 τῇ
2850 2389 3085 2460 ῶρᾳ,ὄτι
3116 2403 3198 2438 σοι
3228 2385 3548 2454 ὑπερσφρι-

1955 2485 2124 2550 γῶσιν
2148 2485 2207 2537 αἱ
2235 2485 2415 2554 χεῖρες
2448 2484 2585 2556 πρὸς
2639 2483 2872 2552 κίνησιν,
2914 2480 3006 2534 καὶ
3046 2478 3238 2546 κοῦφοι
3291 2475 3431 2545 πρὸς
3485 2472 3551 2526 τὸ

271 2585 417 2624 vano
471 2571 668 2642 spiritu
725 2579 889 2642 atque
931 2571 1262 2643 cogitatione
1311 2581 1549 2628 mentem
1604 2572 1747 2626 inﬂat

2071 2594 2106 2630 α
2127 2580 2173 2630 οἱ
2201 2576 2379 2640 πόδες,
2413 2577 2508 2629 καὶ
2565 2572 2847 2646 περισοὸεἰ
2868 2573 2990 2634 ταῖς
3033 2569 3225 2641 αὕραις
3249 2571 3278 2621 6
3307 2567 3547 2637 βόστρυ-

272 2662 495 2719 habere.
519 2663 715 2720 Annon
749 2666 979 2736 respicis
1015 2665 1082 2719 ad
1114 2673 1408 2735 utrumque
1431 2666 1554 2720 vitae
1599 2667 1748 2719 humt

2101 2669 2194 2722 καὶ
2222 2667 2321 2737 τὴν
2352 2666 2584 2738 παρειὰν
2617 2663 2922 2736 ὑπογράφει
2947 2665 2976 2716 6
3003 2662 3198 2724 ἴουλος,
3216 2659 3313 2714 καὶ
3343 2659 3427 2712 ὃτι
3462 2674 3548 2709 σοι

275 2752 592 2820 terminum,
620 2754 764 2810 unde
809 2762 864 2810 et
899 2755 1111 2812 initium
1145 2766 1344 2819 sumat,
1385 2765 1440 2812 et
1488 2757 1544 2810 in
1579 2757 1709 2826 quid

2073 2760 2194 2829 ῑθὴς
2231 2762 2294 2830 τῇ
2348 2759 2490 2828 βαφῇ
2522 2759 2622 2828 τῆς
2657 2756 2944 2829 πορφύρας
2973 2751 3415 2826 ὑπερανθίζεται,
3448 2752 3549 2803 καὶ

273 2840 464 2897 sinat?
496 2841 697 2898 Verum
727 2845 980 2915 superbis
1011 2861 1075 2901 ac
1112 2847 1289 2914 jactas
1324 2856 1372 2902 te
1402 2849 1622 2902 nomine
1653 2847 1749 2917 jnv

2069 2851 2303 2905 ;οίκιλταί
2339 2867 2421 2902 σοι
2450 2848 2520 2902 τὰ
2551 2850 2617 2902 ὲκ
2647 2848 2828 2918 σηρῶν
2856 2845 3152 2916 ὑφάσματα
3170 2886 3183 2909 ,
3216 2842 3481 2913 πολέμοις
3510 2841 3545 2911 ἢ

275 2932 410 2990 tutis
454 2942 508 2988 et
540 2933 609 2988 ad
639 2933 826 2990 ﬂorem
869 2937 1047 2990 aetatis
1098 2937 1350 3006 respicis,
1396 2948 1449 2991 et
1489 2939 1745 3007 gloriaris

2072 2960 2176 3006 αις,
2200 2943 2234 3013 ἧ
2286 2958 2427 2995 τισιν
2461 2940 2721 3011 ἱστορίαις
2757 2934 3176 3007 πεποικιλμένα,
3201 2935 3236 3004 ἢ
3271 2935 3414 3004 τάχα
3446 2935 3548 2986 καὶ

275 3021 376 3077 tibi
425 3025 608 3094 places
659 3036 878 3096 pr0pter
926 3027 1177 3080 decorem
1231 3035 1286 3082 et
1345 3029 1751 3097 pulchritudine

2071 3051 2092 3096 ;
2116 3033 2185 3085 τὰ
2212 3032 2401 3085 πέδιλα
2429 3031 2648 3101 βλέπεις
2679 3028 2954 3100 ἐπιμελῶς
2983 3029 3043 3081 ὲν
3072 3026 3151 3098 τῷ
3182 3025 3374 3097 μέλανι
3396 3023 3547 3077 στίλ-

273 3111 424 3182 quod
450 3113 545 3167 tibi
581 3127 778 3167 manus
813 3129 978 3183 supra
1011 3114 1232 3169 modum
1275 3117 1488 3185 vigeant
1518 3118 1584 3172 ad
1616 3128 1749 3172 mott

2065 3141 2136 3186 ra,
2166 3123 2258 3176 καὶ
2300 3122 2609 3193 περιέργως
2658 3122 2780 3184 ταῖς
2809 3117 2920 3173 ἀπὸ
2951 3117 3060 3171 τῶν
3095 3117 3332 3188 ραφίδων
3357 3131 3541 3186 γραμ-

277 3203 423 3273 quod
452 3204 660 3260 celeres
691 3215 746 3260 et
776 3207 992 3261 veloces
1041 3207 1108 3260 ad
1151 3208 1346 3262 saltum
1389 3209 1486 3266 tibi
1521 3210 1632 3263 sint
1663 3210 1753 3279 ped

2069 3233 2087 3278 ;
2147 3213 2512 3284 ἐπιτέρποντα
2542 3229 2556 3278 ;
2590 3210 2732 3280 Πρὸς
2781 3211 2954 3263 ταῦτα
3011 3209 3248 3280 βλέπεις,
3295 3205 3435 3276 πρὸς
3488 3203 3545 3255 δὲ

273 3297 425 3370 quod
473 3297 704 3368 capillus
770 3299 948 3353 ventis
1004 3296 1341 3358 diﬂ'undatur
1371 3338 1385 3363 ,
1434 3300 1581 3369 quod
1652 3302 1749 3354 lan‘

2069 3306 2180 3359 216v
2208 3305 2306 3375 οὐχ
2327 3304 2456 3375 ὁρᾷς
2477 3319 2491 3367 ;
2517 3303 2686 3368 Δείξω
2709 3319 2792 3355 σοι
2824 3301 3014 3371 ὥσπερ
3040 3303 3097 3352 ὲν
3117 3299 3427 3368 κατόπτρῳ,
3458 3293 3545 3358 τις

275 3391 532 3449 maxillas
572 3391 892 3464 distinguat,
935 3391 1080 3461 quod
1111 3393 1208 3448 tibi
1240 3393 1408 3450 vestis
1447 3409 1701 3464 purpurae
1745 3405 1751 3446 ι

935 3391 1080 3461 quod
1111 3393 1208 3448 tibi
1240 3393 1408 3450 vestis
1447 3409 1701 3464 purpurae
1745 3396 1853 3450 tin-
1955 3393 2004 3450 εἶ
2039 3397 2134 3450 καὶ
2165 3390 2275 3458 οἷος
2302 3392 2369 3448 εἷ.

275 3492 370 3541 ctu
393 3501 560 3556 supra
593 3487 810 3541 modum
841 3487 1032 3542 ﬂorida
1061 3488 1151 3554 sit,
1184 3480 1332 3558 quod
1387 3490 1552 3558 panni
1589 3490 1682 3545 tibi
1748 3493 1909 3548 serici
1965 3493 2199 3564 prteliis,
2253 3491 2730 3553 venationibusve,
2783 3496 2879 3544 aut
2921 3488 3168 3544 historiis
3210 3482 3540 3556 quibusdam

276 3580 558 3650 variegati,
593 3581 835 3636 distincti
889 3595 1054 3652 atque
1087 3585 1335 3639 exornati
1373 3585 1517 3650 sint,
1579 3595 1673 3640 aut
1721 3585 1950 3643 forsitan
1999 3588 2064 3642 ad
2105 3587 2300 3641 talaria
2348 3585 2592 3641 adhibita
2657 3599 2793 3639 cura
2841 3585 2895 3640 in
2945 3584 3102 3654 nigro
3171 3580 3421 3640 nitentia,
3489 3587 3545 3631 et

277 3669 556 3741 superﬂuo
601 3687 764 3742 opere
801 3673 1088 3729 ﬂbularum
1148 3675 1307 3732 lineis
1348 3676 1678 3731 oblectantia
1721 3679 1970 3748 spectas?
2034 3678 2115 3732 Ad
2183 3679 2288 3733 ista
2364 3677 2615 3746 respicis,
2687 3675 2924 3744 teipsum
2945 3688 3079 3727 vero
3125 3685 3236 3725 non
3265 3665 3546 3722 intueris?

277 3763 570 3820 Ostendam
623 3764 722 3820 tibi
765 3772 1023 3836 tanquam
1081 3767 1134 3821 in
1183 3769 1428 3838 speculo,
1478 3771 1570 3840 qui
1612 3771 1712 3834 sis,
1765 3783 1818 3826 et
1853 3773 2030 3842 qualis
2065 3773 2160 3827 sis.

348 3859 467 3916 Non
495 3860 676 3916 vidisti
703 3864 756 3916 in
789 3862 910 3917 loco
934 3864 1152 3933 publico
1179 3867 1505 3935 sepeliendis
1537 3867 1821 3925 bominibu

2075 3869 2142 3922 ὑκ
2167 3863 2304 3931 εἶδες
2331 3869 2388 3921 ὲν
2412 3865 2754 3938 πολυανδρίῳ
2790 3865 2858 3918 τὰ
2883 3865 2982 3935 τῆς
3010 3863 3224 3933 φύσεως
3249 3859 3406 3931 ἡμῶν
3443 3875 3546 3928 μυ·-

279 3951 572 4016 destinato,
595 3959 806 4007 natura:
835 3963 1041 4010 nostra:
1077 3959 1379 4026 mysteria?
1408 3973 1518 4013 non
1546 3959 1731 4015 vidisti

2068 3975 2187 4030 ρια;
2250 3959 2349 4011 οὐκ
2398 3951 2540 4020 εἶδες
2578 3957 2678 4027 τὴν
2723 3955 3025 4025 ἐπάλληλον
3055 3953 3162 4007 τῶν
3199 3951 3399 4003 ὀστέων
3431 3966 3544 4002 σω-

280 4043 447 4110 sium,
496 4042 618 4098 aliis
649 4057 815 4113 super
844 4044 949 4098 alia
984 4053 1188 4101 temere
1225 4048 1474 4117 abjectis,
1508 4052 1756 4122 congerie

2067 4066 2145 4115 ιν;
2179 4049 2379 4122 κρανία
2413 4049 2628 4121 σαρκῶν
2658 4045 3077 4118 γεγυμνωμένα,
3107 4042 3338 4114 φόϐερόν
3364 4058 3415 4092 τι
3446 4042 3543 4093 καὶ

279 4134 551 4188 calvarias
609 4136 868 4191 carnibus
907 4135 1160 4204 nudatas,
1211 4140 1513 4196 terribilem
1565 4142 1755 4212 quemd

2069 4138 2193 4209 χθὲς
2229 4141 2284 4192 ὲν
2312 4139 2573 4201 διακένοις
2597 4137 2886 4207 δεδορκότα
2931 4137 3040 4197 τοῖς
3069 4134 3341 4203 ὅμμασινς
3388 4127 3542 4194 Εἶδες

280 4240 345 4280 ac
372 4225 672 4281 deformem
699 4235 979 4298 aspectum
1005 4228 1291 4284 exhaustis
1324 4232 1500 4286 oculis
1521 4231 1756 4301 prtebent

2068 4246 2203 4300 ματα
2231 4231 2522 4302 σεσηρότα,
2558 4229 2654 4283 καὶ
2678 4228 2747 4281 τὰ
2772 4228 2935 4280 λοιπὰ
2970 4224 3077 4278 τῶν
3109 4223 3284 4294 μελῶν
3482 4221 3544 4274 τὺ

281 4317 476 4374 Vidisti
520 4333 618 4373 ora
675 4318 976 4390 ringentia,
1033 4319 1350 4390 reliquaque
1398 4322 1642 4376 membra
1693 4337 1753 4390 pr

2073 4325 2171 4378 ϐὰν
2201 4324 2585 4395 πεφορημένα;
2623 4323 2683 4375 El
2712 4319 2896 4374 ἐκεῖνα
2910 4315 3068 4381 εἶδες,
3087 4315 3308 4370 σεαυτὸν
3334 4316 3390 4366 ὲν
3408 4314 3549 4367 ὲκεί-

270 1029 464 1084 vitium
506 1031 747 1085 incidere
779 1031 970 1100 possit.
1006 1029 1145 1096 Quid
1189 1030 1354 1100 igitur
1397 1030 1559 1083 homo
1588 1029 1710 1083 est?
1748 1025 1844 1080 Vis

272 1128 333 1175 ut
377 1136 445 1175 ex
478 1122 809 1190 scriptorum
852 1121 1218 1174 monumentis
1266 1118 1540 1190 proferam
1585 1117 1640 1172 id
1695 1115 1842 1188 quod

271 1214 396 1283 plus
423 1211 685 1283 ponderis
731 1219 785 1266 et
831 1213 1176 1267 auctoritatis
1231 1213 1284 1266 in
1336 1227 1394 1267 se
1429 1209 1732 1274 contineat,
1780 1224 1845 1263 ac

271 1305 394 1374 plus
429 1303 687 1360 aestimari
733 1304 971 1358 debeat?
1001 1304 1071 1357 At
1119 1305 1166 1359 is
1201 1305 1295 1374 qui
1351 1312 1541 1358 nostra
1581 1310 1758 1367 ornat,
1791 1310 1846 1356 et

269 1395 515 1452 inﬂatius
547 1393 998 1466 splendidiusque
1041 1394 1112 1449 de
1153 1395 1436 1450 nobilitate
1480 1395 1718 1448 humana
1766 1393 1846 1446 lo-

271 2388 367 2460 qui
408 2391 464 2444 in
509 2389 729 2444 modum
770 2389 932 2450 bulla:
964 2391 1112 2446 brevi
1135 2391 1458 2446 duraturum
1504 2393 1558 2446 in
1589 2403 1636 2447 te
1671 2400 1849 2448 tumo-

271 2494 386 2534 rem
419 2480 691 2546 contines,
725 2486 780 2534 te
835 2480 1091 2552 superbia
1141 2481 1363 2550 repleri,
1414 2479 1556 2536 fastu
1614 2491 1845 2547 tumere,

281 4407 399 4463 fors
427 4409 571 4472 tulit,
609 4409 822 4464 divulsa
849 4419 1012 4479 atque
1038 4411 1324 4480 dispersa?
1370 4411 1416 4467 si
1449 4412 1540 4465 illa
1566 4411 1772 4474 vidisti,
1807 4419 1857 4464 te

282 4501 463 4571 ipsum
488 4501 544 4554 in
575 4499 684 4555 illis
714 4501 999 4570 spectasti.
1036 4501 1139 4556 Ubi
1170 4503 1324 4573 signa
1349 4504 1634 4573 praesentis
1669 4500 1859 4556 ﬂoris?

282 4591 378 4647 ubi
427 4591 632 4647 coloris
669 4592 884 4647 bonitas
935 4593 990 4647 in
1028 4593 1220 4663 genis?
1260 4595 1350 4649 ubi
1398 4594 1498 4649 ﬂos
1544 4594 1860 4648 labiorum?

282 4684 388 4740 Ubi
414 4683 722 4738 truculenta
755 4697 820 4738 ac
853 4692 1007 4740 torva
1040 4686 1325 4740 oculorum
1361 4685 1731 4756 pulchritudo,
1755 4685 1859 4741 sub

280 4776 424 4832 vallo
457 4784 981 4846 protegumentoque
1019 4771 1437 4846 superciliorum
1477 4775 1738 4831 elucens?
1767 4776 1857 4829 ubi

280 4875 466 4924 rectus
489 4881 658 4922 nasus
689 4867 744 4920 in
776 4867 956 4921 medio
988 4881 1247 4936 genarum
1281 4866 1707 4938 pulchritudinis
1740 4866 1858 4920 col-

280 4960 538 5016 locatus?
566 4959 660 5014 ubi
690 4959 756 5014 ad
784 4959 1030 5014 cervices
1057 4974 1230 5028 usque
1262 4958 1516 5013 demissae
1539 4957 1748 5011 coma)?
1770 4956 1858 5010 ubi

280 5053 432 5109 circa
457 5061 704 5123 tempora
742 5049 1020 5107 cincinni?
1051 5050 1143 5104 ubi
1167 5049 1464 5120 sagittariaa
1484 5049 1862 5120 jaculatrices-

280 5163 390 5219 que
419 5147 652 5203 manus?
693 5150 1033 5216 equitatores
1071 5144 1280 5216 pedes?
1321 5146 1413 5201 ubi
1448 5145 1728 5217 purpura?
1769 5143 1858 5199 ubi

280 5239 518 5311 byssus?
567 5240 661 5296 ubi
699 5241 1192 5310 paludamentum?
1239 5240 1327 5296 ubi
1379 5239 1838 5296 balteus'Icalcea

280 5329 431 5385 mina
453 5329 478 5382 ?
499 5329 718 5398 equus?
749 5331 990 5386 cursus?
1037 5329 1326 5386 fremitus?
1368 5331 1572 5394 omnia,
1605 5344 1699 5400 per
1737 5343 1861 5398 qua:

280 5437 430 5480 nunc
451 5421 550 5476 tibi
580 5421 754 5477 fastus
782 5423 1054 5494 augetur?
1082 5423 1190 5488 dic,
1219 5423 1309 5478 ubi
1335 5423 1472 5487 haec,
1498 5437 1730 5494 quorum
1763 5435 1861 5476 ηοο

355 5587 400 5619 ”
437 5588 570 5649 Lev.
602 5603 738 5644 xvm
758 5630 772 5654 ,
805 5591 840 5644 6
870 5607 992 5660 sqq.

1958 4432 2068 4475 νοις
2091 4413 2372 4471 τεθέασαι.
2400 4413 2512 4466 Ποῦ
2537 4412 2630 4466 τοῦ
2659 4412 2923 4483 παρόντος
2945 4409 3136 4470 ἄνθους
3168 4405 3236 4458 τὰ
3264 4403 3542 4474 σύμϐολας

1959 4507 2061 4562 ποῦ
2080 4509 2113 4578 ἡ
2129 4505 2352 4578 εὖχροια
2367 4505 2464 4575 τῆς
2493 4505 2752 4575 παρειᾶς;
2781 4500 2883 4555 ποῦ
2900 4501 2960 4552 τὸ
2993 4498 3086 4552 ἐπὶ
3101 4495 3194 4550 τοῦ
3225 4495 3436 4566 χείλους
3459 4495 3547 4548 ἄν.

1961 4600 2072 4666 θος;
2098 4598 2202 4652 ποῦ
2217 4599 2277 4651 τὸ
2297 4597 2554 4668 βλοσυρὸν
2575 4599 2632 4649 ὲν
2646 4597 2761 4659 τοῖς
2774 4594 2982 4666 ὄμμασι
2993 4589 3185 4652 κάλλος
3200 4591 3265 4659 τῇ
3279 4605 3347 4640 πε
3354 4588 3541 4658 ριδολῇ

1960 4692 2066 4745 τῶν
2107 4691 2323 4761 ὀφρύων
2361 4687 2849 4758 ὑπολαμπόμενον;
2891 4683 2993 4737 ποῦ
3019 4685 3052 4752 ἠ
3080 4681 3262 4734 εὐθεῖα
3285 4681 3391 4751 ῥὶς,
3414 4678 3543 4750 ἡτιῖι

1961 4783 2146 4836 κάλλει
2169 4781 2276 4835 τῶν
2305 4780 2546 4852 παρειῶν
2577 4776 2966 4849 μεσιτεύουσα;
3011 4772 3114 4826 ποῦ
3145 4773 3200 4825 αἱ
3227 4770 3541 4840 ὲπαυχένωι

1959 4878 2126 4948 κόμαι
2145 4893 2160 4942 ;
2183 4873 2284 4927 ποῦ
2301 4875 2349 4926 οἱ
2362 4871 2767 4944 περικροτάφιοι
2787 4867 3068 4939 βόστρυχοι
3089 4883 3103 4929 ;
3128 4861 3231 4918 ποῦ
3249 4864 3303 4916 αἱ
3330 4860 3527 4926 τοξαζό

1963 4983 2121 5039 μεναι
2134 4968 2341 5037 χεῖρεςς
2363 4965 2411 5018 οἱ
2429 4962 2786 5033 ἱππαζόμεναι
2804 4959 2961 5021 πόδες
2981 4975 2994 5023 ς
3015 4954 3313 5028 ήπορφύρα
3327 4971 3342 5016 ;
3358 4955 3392 5024 η
3411 4953 3535 5023 βύσο

1963 5079 2085 5126 σοςς
2115 5063 2149 5132 ή
2180 5059 2398 5130 χλανίςς
2437 5059 2471 5127 ὴ
2509 5053 2688 5125 ζὼνη;
2717 5052 2786 5106 τὰ
2813 5049 3036 5113 πέδιλα;
3069 5049 3099 5100 ό
3130 5047 3326 5111 innec;
3361 5048 3391 5098 6
3413 5045 3535 5116 δρό-

1964 5171 2094 5224 μος;
2135 5153 2196 5206 τὸ
2236 5151 2533 5222 φρύαγμα;
2569 5145 2768 5209 πάντα,
2794 5144 2862 5197 δι’
2894 5135 2969 5196 ὧν
3015 5158 3096 5194 σοι
3147 5139 3242 5192 νῦν
3290 5139 3322 5190 6
3362 5137 3536 5224 τῦφος

1961 5223 2218 5309 abierat;
2275 5241 2383 5295 Ποῦ
2407 5239 2582 5294 ταῦτα
2613 5240 2670 5291 ἐν
2699 5235 2948 5298 ἐκείνοις,
2991 5231 3136 5291 εἰπὲ.
3167 5231 3311 5301 ὑπὲρ
3345 5223 3422 5283 ὧν
3447 5229 3539 5283 νῦν

1961 5334 2163 5406 ἐπαίρει
2189 5333 2283 5388 καὶ
2313 5330 2769 5403 μεγαλοφρονεῖς;
2806 5327 2958 5379 Ποῖον
2980 5321 3151 5385 οὕτως
3171 5322 3538 5377 ἀνυπόστατον

1959 5428 2121 5498 6vap;
2149 5427 2283 5480 Ποῖα
2305 5422 2523 5478 τοιαῦτα
2551 5423 2609 5488 ἐξ
2633 5421 2802 5475 ὕπνου
2824 5416 3183 5488 φαντάσματα
3203 5431 3219 5480 ;
3253 5413 3356 5479 Τίς
3373 5412 3538 5471 οὕτως
