3738 5984
311 166 451 223 1207

1522 161 1580 217 S.
1617 159 1950 217 GREGORII
1987 159 2281 214 NYSSEM

3439 140 3577 195 ηοξ

313 280 511 341 rariam
533 279 696 332 animi
725 277 1107 334 demissionem
1134 286 1299 348 atque
1326 277 1688 331 humilitatem
1713 290 1878 345 regno

2067 275 2190 327 ιτὸν
2220 274 2407 341 ἕτερον
2435 271 2532 338 τῆς
2583 267 2850 336 πτωχείας
2890 264 3066 331 λόγον,
3109 261 3168 324 ὃς
3196 260 3294 314 τοῦ
3325 259 3463 313 κατ’
3488 259 3580 312 οὐ·

314 370 578 424 οωιοῐιιιη
606 378 893 439 permutet.
924 369 1033 425 Nec
1062 380 1236 425 tamen
1270 369 1517 431 alteram,
1545 369 1729 427 frater,
1748 382 1880 435 pau-

316 458 541 527 pertatis
575 460 843 514 rationem
873 458 1114 529 rejicias,
1152 474 1272 529 quae
1309 459 1611 514 caelestium
1658 456 1879 511 divitia-

316 563 436 604 rum
487 550 826 606 conciliatrix
880 558 983 605 est.
1045 550 1237 615 Vende,
1286 550 1483 620 inquit,
1534 565 1713 603 omnes
1762 559 1880 602 tuas

315 641 630 709 facultates,
684 651 735 696 et
776 642 848 695 da
872 640 1209 709 pauperibus,
1245 653 1294 696 et
1329 642 1465 707 ueni,
1522 656 1735 711 sequere
1779 656 1882 705 me,

313 744 362 786 et
404 732 616 788 habebis
647 734 950 788 thesaurum
991 735 1045 787 in
1067 733 1209 787 oculis
1237 733 1304 786 ⁸³.
1361 734 1575 788 Etenim
1611 730 1882 802 ejusmodi

315 835 605 894 paupertas
643 840 751 879 non
790 825 1002 881 videtur
1044 824 1177 878 mihi
1206 824 1518 894 discrepare
1550 824 1620 877 ab
1652 838 1715 877 ea
1756 838 1882 891 cge-

317 923 479 980 state,
511 931 632 986 quae
663 916 822 970 beata
844 916 1144 986 judicatur.
1194 914 1329 969 Ecce
1355 916 1596 969 omnibus
1636 928 1885 983 quincun-

315 1021 413 1073 que
438 1006 777 1070 habebamus,
803 1008 1027 1073 relictis,
1049 1009 1213 1062 secuti
1232 1023 1417 1065 sumus
1436 1016 1505 1070 te,
1521 1006 1696 1075 inquit
1715 1004 1884 1060 disci-

318 1095 479 1163 pulus
526 1096 595 1149 ad
639 1095 954 1165 Dominum;
998 1096 1125 1167 quid
1162 1098 1315 1167 igitur
1373 1098 1476 1150 erit
1513 1096 1663 1150 nobis
1686 1095 1769 1148 ⁸⁵2
1821 1095 1886 1148 Ει

318 1185 465 1254 quod
503 1194 587 1241 est
625 1189 981 1257 responsum?
1030 1189 1181 1243 Beati
1215 1204 1466 1257 pauperes
1495 1190 1705 1257 spiritu,
1751 1203 1886 1257 quo-

323 1277 469 1329 niam
513 1292 694 1330 eorum
753 1288 831 1332 est
878 1294 1091 1348 regnum
1133 1280 1401 1334 cwlorum.
1448 1279 1544 1335 Vis
1592 1280 1888 1350 intelligere

321 1366 446 1435 quis
475 1382 678 1439 pauper
705 1370 896 1440 spiritu
922 1371 1036 1424 sit?
1064 1373 1157 1442 qui
1182 1373 1522 1442 corporalem
1553 1372 1887 1441 opulentiam

322 1458 517 1513 animae
544 1458 752 1514 divitiis
784 1469 1076 1529 permutat,
1105 1462 1197 1531 qui
1238 1469 1460 1532 propter
1482 1461 1733 1530 spiritum
1759 1474 1888 1531 ege—

322 1559 427 1599 nus
456 1554 560 1608 est,
591 1546 686 1615 qui
714 1554 958 1603 terrenas
978 1548 1198 1604 divitias
1230 1551 1394 1604 veluti
1435 1551 1710 1622 quoddam
1746 1565 1886 1606 onus

1985 365 2144 437 ρανὸν
2163 364 2390 418 πλούτου
2410 360 2667 432 πρόξενος
2690 358 2917 426 γίνεται.
2935 354 3231 420 Πώλησόν
3249 367 3408 409 σου,
3421 352 3579 416 φησὶ.

1982 453 2178 510 πάντα
2199 453 2272 506 τὰ
2296 445 2779 518 ὑπάρχοντα,καὶ
2802 443 2908 510 δὸς
2939 441 3215 510 πτωχοῖς,
3243 438 3347 492 καὶ
3368 437 3582 503 δεῦρο.

1981 546 2292 601 ἀκολούθει
2308 562 2425 613 μοι,
2444 542 2541 597 καὶ
2561 540 2719 605 ἕξεις
2730 534 3038 604 θησαυρὸν
3055 529 3454 600 ὲνούρανοῗς.
3472 529 3515 580 Ι(
3531 534 3582 579 1':

1982 636 2092 705 γὰρ
2134 637 2168 705 ή
2212 633 2431 703 τοιαύτη
2481 628 2723 701 πτωχεία
2753 628 2897 680 δοκεῖ
2944 641 3033 694 μοι
3087 622 3160 692 μὴ
3208 618 3452 694 ἀπᾴδειν
3479 615 3580 682 τῆς

1986 724 2431 798 μακαριζομένης
2465 720 2758 790 πτωχείας.
2816 713 2964 771 Ἰδοὺ
3002 712 3218 770 πάντα,
3254 708 3382 761 ὅσα
3418 706 3579 798 εἶχοο

1978 797 2114 887 μεν,
2142 817 2395 885 ἀφέντες
2424 808 2924 882 ἠκολουθήσαμέν
2950 821 3070 869 σοι,
3107 803 3243 873 φησὶ
3290 799 3437 870 πρὸς
3484 797 3576 848 τὸν

1984 907 2259 978 Δεσπότην
2283 908 2313 959 6
2341 904 2583 975 μαθητής
2603 918 2617 931 ·
2664 902 2724 954 τί
2751 900 2864 968 ἄρα
2882 900 3053 952 ἐσται
3082 893 3257 963 ἡμῖνς
3290 890 3408 943 Καὶ
3433 888 3523 978 τις
3542 889 3574 955 ἡ

1985 975 2310 1068 ἀπόκρισις;
2355 992 2644 1063 Μακάριοι
2682 995 2737 1045 οἱ
2770 988 2990 1058 πτωχοὶ
3028 987 3110 1051 τῷ
3136 983 3457 1050 πνεύματι,
3488 975 3577 1029 ὅτι

1986 1089 2183 1146 αὐτῶν
2229 1091 2398 1142 ἐστιν
2441 1088 2480 1155 ἡ
2530 1085 2818 1151 βασιλεία
2860 1079 2980 1135 τῶν
3027 1075 3322 1144 οὐρανῶν.
3386 1071 3576 1123 Βούλει

1987 1183 2196 1253 νοῆσαι,
2244 1180 2328 1244 τίς
2372 1182 2401 1232 6
2450 1178 2744 1248 πτωχεύων
2787 1173 2862 1243 τῷ
2905 1172 3207 1242 πνεύματι;
3267 1168 3326 1221 '0
3374 1164 3576 1219 ἀνταλ-

1987 1273 2285 1343 λαξάμενος
2329 1271 2421 1324 τὸν
2465 1271 2563 1339 τῆς
2605 1269 2780 1338 ψυχῆς
2828 1264 3056 1319 πλοῦτον
3097 1263 3195 1332 τῆς
3248 1256 3578 1329 σωματικῆς

1988 1362 2266 1433 εὐπορίας,
2306 1362 2334 1412 6
2359 1357 2448 1413 διὰ
2490 1358 2551 1411 τὸ
2583 1357 2799 1426 πνεῦμα
2829 1350 3145 1423 πτωχεύων,
3182 1350 3210 1401 6
3259 1348 3355 1402 τὸν
3386 1350 3577 1417 γήϊνον

1991 1453 2217 1507 πλοῦτον
2246 1445 2357 1504 οἷόν
2385 1468 2435 1502 τι
2464 1449 2628 1520 βάρος
2655 1446 3107 1515 ἀποσεισάμενος,
3156 1443 3245 1497 ἵνα
3278 1438 3578 1511 μετάρσιός

1990 1562 2049 1598 τε
2087 1545 2180 1598 καὶ
2219 1542 2451 1614 διαέριος
2494 1541 2605 1595 ἄνω
2630 1540 2884 1610 φέρηται,
2919 1535 3099 1598 καθώς
3132 1550 3297 1604 φησιν
3339 1535 3373 1585 6
3413 1530 3578 1583 Ἀπό-

321 1636 585 1699 excussit,
623 1645 679 1692 et
707 1637 929 1707 abjecit,
960 1648 1019 1694 ut
1050 1641 1302 1697 sublimis
1336 1657 1432 1712 per
1458 1657 1636 1698 aerem
1666 1657 1885 1698 sursum

2067 1634 2195 1698 αλος,
2273 1607 2379 1689 ἐπὶ
2408 1607 2670 1701 νεφέλης
2703 1607 3283 1698 συμμετειφοπορῶν
3309 1621 3395 1688 τῷ
3428 1619 3572 1685 Θεῷ.

323 1727 586 1797 rapiatur,
622 1737 678 1783 ut
724 1729 900 1800 inquit
932 1731 1224 1802 Apostolus
1243 1734 1311 1797 ⁸⁸,
1367 1736 1421 1789 in
1458 1735 1591 1791 nube
1628 1753 1734 1792 una
1771 1755 1890 1795 cum

323 1818 430 1871 Deo
462 1836 555 1888 per
590 1823 819 1878 cwiestia
874 1824 1105 1878 tendens.
1172 1823 1484 1880 Pondcrosa
1523 1824 1771 1894 quaedam
1802 1841 1889 1882 res

322 1915 406 1963 est
438 1923 651 1973 aurum,
675 1925 908 1968 onerosa
934 1928 1023 1968 res
1040 1917 1218 1971 omnis
1242 1933 1364 1987 quae
1399 1916 1711 1972 divitiarum
1728 1933 1889 1973 causa

322 1998 625 2066 expetitur;
658 2000 795 2057 levis
813 2017 942 2057 vero
962 2019 1050 2060 res
1070 2004 1315 2075 quaedam
1343 2014 1397 2062 et
1422 2008 1673 2063 sublimia
1703 2017 1891 2078 petens

322 2096 410 2141 est
443 2088 640 2146 virtus.
680 2089 880 2146 Verum
915 2095 1031 2150 haec
1066 2096 1168 2151 sibi
1200 2098 1430 2152 invicem
1464 2100 1712 2170 opposita
1739 2107 1887 2166 sunt.

323 2175 688 2245 ponderosum
734 2188 791 2236 et
821 2181 956 2241 leve.
1015 2183 1157 2256 Ergo
1199 2186 1348 2240 nulla
1383 2187 1595 2243 ratione
1630 2188 1763 2244 elIici
1795 2203 1891 2259 po-

324 2274 431 2323 test
459 2277 521 2324 ut
541 2270 678 2327 levis
721 2271 792 2326 sit
832 2272 882 2330 is
913 2277 1008 2345 qui
1028 2292 1148 2334 sese
1174 2278 1411 2346 pondere
1438 2279 1679 2335 materiae
1703 2279 1889 2350 aﬂigit.

326 2356 384 2412 Si
415 2359 581 2429 igitur
617 2363 687 2417 ad
735 2378 971 2434 superna
1014 2381 1115 2423 nos
1147 2368 1408 2423 accedere
1442 2378 1675 2439 oportet,
1725 2369 1796 2425 ab
1824 2370 1892 2425 iis

322 2448 419 2519 qui
450 2450 703 2508 deorsum
748 2455 972 2514 trahunt
1021 2464 1075 2511 et
1117 2459 1307 2528 inopes
1339 2467 1393 2515 et
1418 2461 1571 2531 egeni
1604 2463 1799 2526 simus,
1835 2469 1895 2514 ut

325 2541 384 2595 in
443 2543 696 2613 supernis
752 2561 1056 2603 versemur.
1114 2549 1250 2614 Quis
1307 2560 1487 2607 autem
1552 2553 1625 2607 sit
1676 2552 1891 2616 modus,

327 2631 632 2700 praescribit
687 2635 1349 2708 psalmOdiazDispersit,
1404 2643 1696 2712 inquiens,
1752 2642 1894 2696 dedit

322 2719 661 2789 pauperibus,
700 2723 920 2793 justitia
980 2728 1095 2795 ejus
1165 2739 1339 2785 manet
1392 2732 1447 2786 iu
1506 2733 1759 2787 saeculum
1801 2750 1895 2788 sw—

325 2810 435 2863 culi
453 2812 522 2865 “.
547 2811 650 2879 Qui
669 2818 890 2886 pauperi
916 2818 1225 2889 impertitus
1250 2822 1433 2887 fuerit,
1450 2823 1507 2877 in
1528 2831 1738 2894 partem
1776 2825 1895 2894 ejus

1990 1723 2136 1795 Βαρύ
2164 1740 2219 1776 τι
2264 1723 2453 1793 χρῆμα
2481 1721 2542 1774 τὺ
2588 1718 2808 1790 χρυσίον
2852 1715 3035 1779 ἐστὶν,
3085 1714 3277 1785 βαρεῖα
3341 1712 3501 1765 πᾶσα
3540 1715 3571 1781 ὴ

1991 1812 2397 1884 σπουδαζομένη
2447 1809 2588 1866 κατά
2629 1808 2719 1863 τὸν
2754 1807 2979 1861 πλοῦτον
3008 1806 3107 1875 ὖλη
3125 1822 3138 1834 ·
3184 1803 3393 1871 κοῦφον
3433 1802 3495 1854 δὲ
3524 1818 3575 1852 τι

1990 1906 2084 1958 καὶ
2108 1902 2383 1973 ἀνωφερὲς
2400 1901 2637 1972 πρᾶγμα
2657 1901 2690 1967 ἡ
2718 1898 2905 1968 ἀρετή.
2950 1895 3110 1947 Ἀλλά
3136 1895 3242 1965 μὴν
3268 1892 3576 1945 ἀντίκειται

1989 1995 2161 2049 ταῦτα
2206 1993 2473 2063 ἀλλήλοις,
2508 1990 2568 2044 τὸ
2596 1989 2759 2060 βάρος
2803 1988 2900 2041 uati.
2945 1987 2978 2057 ἡ
3021 1986 3317 2055 κουφότης.
3364 1981 3577 2035 Οὐκοῦν

1989 2086 2267 2157 ἀμήχανόν
2295 2101 2415 2138 τινα
2448 2079 2697 2152 γενέσθαι
2745 2078 2965 2147 κοῦφον,
3000 2076 3079 2147 τῷ
3113 2076 3270 2146 βάρει
3304 2074 3408 2143 τῆς
3438 2072 3575 2140 ὖλης

1990 2177 2183 2230 ἑαυτὸν
2235 2172 2679 2248 προσηλώσαντα.
2716 2170 2780 2222 Et
2806 2164 2898 2223 οὖν
2923 2169 3027 2238 χρὴ
3052 2170 3165 2229 τοῖς
3188 2167 3302 2220 ἄνω
3324 2162 3578 2235 προσδή-

1990 2287 2098 2332 ναι,
2141 2269 2251 2321 τῶν
2298 2266 2448 2323 κάτω
2500 2261 2871 2318 καθελκόντων
2906 2256 3334 2328 πτωχεύσωμεν,
3383 2255 3476 2307 ἶνα
3523 2256 3577 2304 ἐν

1990 2362 2102 2423 τοῖς
2127 2359 2239 2413 ἄνω
2280 2356 2583 2427 γενώμεθα.
2638 2353 2736 2417 Τίς
2776 2352 2834 2405 δὲ.
2884 2354 2912 2404 6
2961 2350 3184 2421 τρόπος,
3219 2345 3579 2416 ὑφηγεῖταιὴ

1990 2448 2275 2521 ψαλμῳδία
2293 2465 2306 2478 ’
2367 2446 2779 2513 Ἐσκόρπισεν,
2821 2442 3003 2497 ἔδωκε
3044 2439 3167 2505 τοῖς
3214 2437 3508 2504 πένησιν,
3542 2437 3579 2501 ή

1991 2539 2343 2606 δικαιοσύνη
2409 2536 2596 2592 αὐτοῦ
2648 2535 2819 2605 μένει
2882 2535 2968 2599 εις
3038 2531 3145 2585 τὸν
3213 2529 3408 2584 αἰῶνα
3474 2529 3579 2581 toﬁ

1991 2630 2227 2695 αἰῶνος.
2271 2630 2328 2682 '0
2355 2626 2433 2698 τῷ
2476 2625 2675 2696 πτωχῷ
2717 2624 3067 2693 κοινωνήσας,
3108 2622 3190 2684 εἰς
3236 2620 3338 2691 τὴν
3382 2618 3581 2690 μερίδα

1995 2721 2085 2775 τοῦ
2149 2721 2214 2774 δι’
2278 2721 2425 2789 ἡμᾶς
2486 2715 2900 2787 πτωχεύσαντος
2966 2713 3156 2767 ἑαυτὸν
3215 2713 3577 2779 καταστήπι.

2006 2810 2379 2881 Ἐπτώχευσεν
2421 2810 2450 2861 6
2496 2807 2719 2878 Κύριος,
2764 2805 2837 2877 μὴ
2887 2803 3129 2875 φοϐηθῇς
3178 2802 3313 2874 μηδὲ
3362 2803 3428 2854 σὺ
3480 2802 3579 2869 τὴν

325 2908 423 2978 qui
465 2914 686 2977 prOpter
730 2924 832 2965 nos
879 2924 1084 2981 pauper
1131 2911 1234 2969 fuit
1289 2892 1547 2984 Seipsumi
1575 2892 1891 2972 constituet.

2067 2900 2284 2971 ωχείαν.
2331 2898 2489 2952 Ἀλλά
2523 2897 2793 2968 βασιλεύει
2826 2896 3006 2966 πάσης
3047 2893 3150 2962 τῆς
3189 2894 3425 2955 κτίσεως
3448 2894 3482 2945 6
3513 2892 3577 2943 δι’

332 3000 547 3069 Ιςεοιιυε
569 2996 671 3053 fuit
701 2997 984 3065 Dominus,
1015 3017 1083 3056 ne
1113 3010 1173 3057 tu
1195 3004 1415 3073 quidem
1447 3014 1656 3061 metuas
1680 3018 1895 3078 egesta-

330 3099 459 3146 tem.
502 3088 695 3146 Verum
741 3106 966 3162 regnum
1009 3093 1218 3150 obtinet
1256 3096 1435 3149 omnis
1479 3105 1764 3161 creaturae,
1801 3099 1894 3168 qui

330 3190 555 3254 propter
576 3197 678 3240 nos
710 3198 918 3253 egenus
941 3182 1062 3239 fuit.
1091 3186 1230 3257 Ergo
1250 3185 1296 3241 si
1324 3201 1449 3242 cum
1471 3204 1536 3244 eo
1576 3190 1667 3259 qui
1692 3206 1896 3261 egenus

330 3274 434 3329 fuit
489 3288 597 3328 una
646 3288 852 3346 pauper
896 3276 1029 3342 eris,
1069 3292 1193 3331 cum
1236 3286 1498 3348 regnante
1540 3295 1759 3350 quoque
1790 3298 1896 3336 una

330 3366 604 3437 regnabis.
633 3365 785 3422 Beati
812 3369 953 3424 enim
975 3385 1225 3439 pauperes
1249 3372 1459 3439 spiritu,
1483 3374 1730 3443 quoniam
1757 3377 1898 3445 ipso-

330 3474 448 3513 rum
477 3468 555 3515 est
581 3476 797 3532 regnum
830 3460 1101 3524 calorum,
1122 3461 1283 3531 cujus
1309 3463 1470 3518 etiam
1493 3480 1595 3521 nos
1614 3466 1763 3537 digni
1797 3469 1897 3522 ha-

331 3551 557 3608 beamur
595 3566 692 3622 per
724 3550 1005 3608 Christum
1045 3551 1231 3610 Jesum
1283 3554 1570 3612 Dominum
1623 3569 1896 3626 nostrum,

331 3641 422 3698 cui
447 3640 620 3713 gloria
633 3651 688 3699 et
708 3641 1025 3712 imperium,
1043 3643 1097 3698 in
1114 3646 1312 3701 siccata
1332 3648 1677 3703 saeculorum.
1702 3648 1896 3705 Amen.

940 3754 1200 3814 ORATIO
1238 3759 1301 3814 Il.

335 3846 489 3904 Beati
529 3848 711 3916 mites,
761 3848 1012 3922 quoniam
1046 3851 1542 3973 ἱρείιήωνοάὶιαιειη
1582 3863 1738 3909 terrae
1773 3873 1901 3910 con-

966 3936 1153 3973 seauen
1181 3937 1264 3973 ur.

966 3936 1264 3990 sequentur.

403 4009 511 4077 Qui
539 4025 637 4080 per
663 4009 869 4067 scalam
900 4011 1191 4082 quamdam
1218 4011 1286 4065 ad
1317 4012 1510 4068 altiora
1539 4018 1896 4084 contendunt,

333 4116 460 4159 cum
483 4101 537 4156 in
558 4102 739 4172 primo
764 4104 934 4175 gradu
965 4104 1331 4167 constiterint,
1363 4121 1458 4176 per
1487 4123 1610 4163 eum
1638 4110 1704 4164 ad
1733 4124 1898 4180 snpe-

335 4192 535 4248 riorem
569 4192 853 4262 tolluntur,
895 4208 961 4250 ac
984 4208 1177 4249 rursus
1210 4196 1485 4253 secundus
1512 4200 1895 4267 ascendentem

1996 2994 2141 3064 ἡμᾶς
2169 2989 2507 3062 πτωχεύσας.
2535 2986 2743 3043 Οὐκοῦν
2778 2986 2873 3040 ἐὰν
2906 2984 3280 3055 πτωχεύσαντι
3314 2999 3582 3051 συμπτω-

1995 3087 2218 3159 χεύσῃς,
2265 3084 2358 3138 καὶ
2405 3080 2740 3154 βασιλεύοντι
2781 3075 3250 3147 συμϐασιλεύσεις.
3284 3073 3582 3140 Μακάριοι

1994 3177 2104 3249 γὰρ
2140 3179 2194 3231 οἱ
2231 3174 2455 3244 πτωχοὶ
2500 3171 2580 3237 τῷ
2610 3170 2920 3238 πνεύματι,
2963 3167 3052 3221 ὅτι
3091 3163 3291 3221 αὐτῶν
3321 3164 3502 3218 ἐστιν
3538 3164 3577 3227 ὴ

1990 3268 2279 3334 ,βασιλειά
2316 3265 2432 3321 τῶν
2476 3260 2768 3331 οὐρανῶν,
2796 3255 2864 3332 ἧς
2898 3259 2994 3313 καὶ
3024 3259 3184 3329 ἡμεῖς
3208 3254 3579 3324 ἀξιωθείημεν

1996 3360 2053 3412 ὲν
2081 3356 2299 3428 Χριστῷ
2338 3354 2510 3427 Ἰησοῦ
2535 3354 2614 3423 τῷ
2648 3352 2838 3423 Κυρίῳ
2866 3349 3042 3421 ἡμῶν,
3073 3342 3117 3415 ᾧ
3151 3350 3186 3417 ἡ
3228 3345 3357 3410 δόξα
3390 3346 3489 3398 καὶ
3519 3345 3581 3396 τὸ

1997 3450 2214 3522 κράτος,
2244 3450 2323 3513 εἰς
2348 3447 2472 3510 τοὺς
2495 3445 2695 3508 αἰῶνας
2721 3443 2831 3497 τῶν
2860 3440 3091 3496 αἰώνων.
3135 3439 3330 3507 ’Δμήν.

2622 3757 2839 3811 ΛΟΓΟΣ
2878 3754 2952 3806 Β’.

1998 3851 2283 3920 Μακάριοι
2327 3852 2383 3903 οι
2424 3846 2648 3916 πραεῖς,
2688 3845 2785 3933 ότι
2827 3841 2998 3923 αὐτοὶ
3041 3832 3577 3906 κληρονομήσουσι

2642 3929 2758 3981 την
2786 3929 2923 3982 Tur.

2067 4013 2132 4065 Οἱ
2159 4009 2246 4064 διὰ
2261 4008 2526 4080 κλίμακος
2542 4024 2684 4069 τινος
2702 4007 2813 4068 τοῖς
2832 4001 3180 4073 ὑψηλοτέροις
3209 3999 3568 4070 προσϐαίνον-

1996 4122 2108 4169 τες,
2125 4104 2249 4157 ὅταν
2266 4102 2363 4173 τῆς
2378 4099 2599 4172 πρώτης
2615 4097 2843 4151 ἐπιϐὦσι
2865 4094 3140 4166 βαθμίδος,
3161 4092 3229 4145 δι’
3249 4092 3473 4161 ἐκείνης
3486 4090 3579 4143 ἐπὶ

1997 4196 2094 4268 τὴν
2127 4193 2526 4266 ὑπερκειμένην
2567 4190 2846 4261 αἴρονται,
2902 4187 2997 4240 καὶ
3034 4185 3195 4238 πάλιν
3260 4184 3294 4253 ἠ
3335 4182 3565 4253 δευτέρα

334 4284 405 4341 ad
437 4286 660 4341 tertium
680 4284 921 4351 adducit,
951 4294 1117 4358 atque
1147 4285 1235 4341 hic
1263 4288 1331 4343 ad
1365 4291 1693 4359 proximum,
1723 4301 1779 4347 et
1809 4294 1896 4350 ille

2067 4287 2265 4354 νοσάγει
2288 4289 2353 4356 τῇ
2393 4284 2548 4355 τρίτῃ
2580 4283 2670 4336 τὸν
2713 4280 2949 4342 ἀνιόντα,
2977 4278 3072 4331 καὶ
3110 4276 3252 4344 αὕτη
3296 4274 3437 4343 πρὸς
3473 4274 3569 4344 τὴν

334 4375 402 4431 ad
440 4375 837 4447 insequentem.
884 4377 1064 4450 Atque
1111 4379 1188 4434 ita
1230 4380 1279 4436 is
1319 4381 1415 4451 qui
1470 4383 1740 4447 ascendit,
1772 4384 1898 4439 dum

334 4480 550 4537 semper
578 4467 647 4523 ab
675 4483 763 4534 eo,
798 4468 853 4523 in
877 4484 988 4540 quo
1013 4470 1293 4537 consistit,
1319 4473 1386 4526 ad
1415 4474 1756 4543 superiorem
1779 4491 1900 4547 gra-

321 4559 464 4618 dum
489 4559 738 4627 enititur,
759 4560 827 4616 ad
857 4576 1129 4617 summum
1163 4578 1426 4622 ascensus
1465 4564 1739 4636 fastigium
1775 4582 1903 4624 eva-

332 4650 434 4706 dit.
464 4651 543 4706 Ad
569 4652 700 4723 quid
732 4653 1033 4723 respiciens
1050 4653 1180 4710 hinc
1200 4656 1494 4712 esordior?
1515 4655 1743 4714 Videtur
1767 4660 1900 4715 mihi

335 4741 391 4796 in
423 4741 644 4796 modum
666 4741 933 4813 graduum
958 4743 1350 4800 beatitudinum
1373 4744 1750 4816 explicationis
1768 4748 1905 4804 ordo

334 4832 638 4904 dispositus
666 4842 828 4905 atque
858 4834 1102 4906 digestus
1129 4852 1272 4901 esse,
1294 4837 1509 4893 facilem
1533 4853 1632 4907 per
1658 4847 1901 4894 mutuam

334 4924 783 4992 consequentiam
824 4928 1066 4981 sermoni
1109 4927 1345 4982 efliciens
1393 4942 1704 4984 ascensum.
1767 4930 1900 4985 Nam

335 5017 430 5087 qui
459 5017 695 5089 primum
736 5017 962 5088 gradum
989 5017 1405 5075 beatificationis
1430 5027 1610 5074 mente
1636 5035 1891 5077 conscen-

335 5110 496 5175 derit,
520 5124 645 5165 eum
674 5124 771 5179 per
803 5110 1175 5165 necessariam
1202 5110 1492 5181 quamdam
1531 5110 1900 5167 intellectuum

337 5200 784 5271 consequentiam
809 5200 1093 5271 proximus
1121 5202 1343 5272 excipit,
1379 5202 1595 5256 etiamsi
1619 5201 1792 5272 prima
1819 5202 1900 5256 fa-

339 5292 422 5345 cie
452 5306 594 5346 nova
640 5291 996 5362 mirandaque
1043 5308 1471 5349 commemorare
1509 5310 1690 5350 sermo
1722 5296 1903 5351 videa-

337 5390 446 5435 tur.
495 5378 640 5434 Fieri
683 5381 830 5435 enim
870 5396 977 5436 non
1009 5397 1169 5453 posse
1211 5382 1446 5441 fortasse
1489 5384 1634 5440 dicet
1662 5385 1898 5450 auditor,

409 5563 458 5598 ³³
496 5560 688 5618 ﬂatth.
721 5577 811 5616 ιιι
836 5602 851 5628 ,
885 5564 977 5616 21.
1051 5566 1098 5597 ⁸⁸
1137 5562 1270 5619 Ibid.
1302 5565 1393 5619 2'5.

2002 4378 2217 4450 ἐφεξῆς,
2248 4378 2339 4431 καὶ
2371 4376 2507 4447 αὕτη
2539 4374 2672 4446 πρὸς
2703 4374 2799 4444 τὴν
2834 4371 2950 4442 μεθ’
2994 4370 3213 4437 ἑαυτήν.
3263 4368 3379 4421 Καὶ
3405 4365 3573 4427 οὕτως

2002 4472 2031 4523 6
2060 4468 2224 4523 ἀνιὼν
2255 4468 2364 4522 ἀπὸ
2393 4465 2485 4520 τοῦ
2533 4468 2591 4518 ὲν
2635 4458 2679 4533 ᾧ
2723 4466 2891 4526 ἐστιν,
2921 4462 3008 4516 ἀεὶ
3037 4462 3174 4532 πρὸς
3209 4460 3273 4512 τὸ
3319 4459 3573 4530 ὑπερκεί-

2007 4578 2165 4631 μενον
2212 4558 2581 4629 ἀνυψούμενος
2603 4596 2618 4620 ,
2662 4556 2756 4607 ἐπὶ
2799 4555 2860 4607 τὸ
2899 4553 3193 4624 ἀκρότατον
3236 4550 3434 4620 φθάνει
3481 4550 3574 4617 τῆς

2005 4651 2341 4713 ἀναϐάσεως.
2361 4649 2503 4716 Πρὸς
2524 4648 2576 4701 τί
2605 4646 2814 4716 βλέπων
2840 4645 3086 4699 ἐντεῦθεν
3111 4641 3573 4713 προοιμιάζομαι;

2006 4746 2163 4797 Δοκεῖ
2193 4761 2281 4813 μοι
2314 4741 2584 4812 βαθμίδων
2609 4741 2762 4811 δίκην
2790 4741 2821 4809 ἡ
2846 4737 2953 4791 τῶν
2989 4734 3357 4807 μακαρισμιῖω
3377 4733 3574 4786 διακεῖ-

2007 4839 2131 4891 σθαι
2155 4835 2326 4899 τάξις,
2352 4834 2671 4887 εὐεπίϐατον
2699 4832 2776 4903 τῷ
2803 4830 2944 4900 λόγῳ
2980 4829 3044 4882 δι’Ι
3072 4827 3319 4897 ἀλλήλων
3354 4823 3574 4878 ποιοῦσα

1976 4930 2104 5000 ’τὴν
2141 4927 2342 4982 ἄνοδον.
2396 4927 2499 4979 Τὸν
2549 4926 2657 4996 γὰρ
2702 4923 2779 4994 τῷ
2821 4921 3023 4993 πρώτῳ
3067 4919 3154 4973 διὰ
3199 4920 3302 4989 τῆς
3346 4916 3572 4977 διανοίας

2005 5019 2367 5089 ἐπιϐεϐηκότα
2391 5015 2742 5087 μακαρισμῷ,
2771 5014 2839 5066 δι’
2865 5011 3163 5080 ἀναγκαίας
3192 5008 3341 5071 τινος
3361 5008 3460 5077 τῆς
3477 5008 3572 5059 τῶν

2008 5112 2293 5183 νοημάτων
2320 5109 2657 5170 ἀκολουθίας,
2685 5110 2713 5159 6
2750 5106 2867 5176 μετ’
2906 5107 3115 5157 ἐκεῖνον
3143 5101 3452 5170 ἐκδέχεται,
3483 5098 3572 5151 κᾶν

2010 5202 2338 5270 ὑποξενίςειν
2363 5201 2492 5271 δοκῇ
2527 5198 2678 5269 παρὰ
2704 5198 2800 5268 τὴν
2826 5195 3050 5266 πρώτην
3074 5195 3100 5244 ὁ
3128 5192 3309 5259 λόγος.
3354 5188 3448 5261 Μὴ
3476 5189 3572 5257 γὰρ

2007 5289 2144 5346 εἶναι
2176 5292 2395 5345 δυνατὸν
2445 5291 2573 5352 ἴσως
2602 5294 2629 5342 ὁ
2660 5287 2874 5341 ἀκούων
2918 5287 3034 5357 ὲρεῖ
3056 5325 3069 5348 ,
3106 5282 3363 5352 καθάπερ
3401 5284 3459 5336 ἐν
3489 5281 3568 5350 βα-

2008 5384 2161 5455 θμῶν
2190 5383 2448 5446 διαθέσει,
2474 5381 2611 5451 μετά
2642 5381 2742 5450 τὴν
2769 5378 2878 5432 τῶν
2893 5376 3137 5449 οὐρανῶν
3153 5375 3456 5447 βασιλείαν,
3488 5376 3569 5442 τῆς

1469 5565 1514 5594 ⁸⁵
1553 5564 1573 5617 ι
1606 5564 1798 5621 Thess.
1834 5580 1908 5631 tv,
1943 5562 2029 5617 16.
2107 5566 2152 5595 ⁸⁸
2190 5562 2333 5618 Psai.
2368 5579 2454 5618 CM
2481 5603 2495 5626 ,
2527 5564 2559 5616 θ
