3738 5984
184 166 211 217 t
225 164 336 218 9.09

1253 167 1339 221 DE
1382 164 1974 222 BEATITUDINIBUS.
2016 167 2272 224 ORATIO
2318 170 2376 225 ll.

3309 166 3447 221 i310

177 286 298 355 γῆς
345 286 446 357 τὴν
486 286 846 363 κληρονομίαν
878 288 1388 359 καταλαμϐάνεσθαι
1412 306 1424 320 ·
1472 290 1583 343 ἀλλ’
1617 290 1653 342 εἲ

1993 300 2257 361 tanquam
2294 294 2344 345 iu
2374 291 2641 357 graduum
2675 294 3056 364 dispositione,
3075 300 3197 363 post
3217 307 3439 362 regnum

180 377 298 430 ἔδει
344 379 411 449 τῇ
451 376 609 446 φύσει
631 377 738 430 τῶν
767 378 933 432 ὄντων
964 380 1055 433 τὸν
1099 380 1252 449 λόγον
1279 382 1525 446 ἔπεσθαι,
1561 382 1653 434 τοῦ
1679 383 1767 434 οὐ·

185 467 360 538 ρανού
401 467 499 540 τὴν
546 469 649 540 γῆν
681 470 1094 543 ἀκολουθότερον
1137 468 1205 544 ἧν
1248 473 1639 545 προτετάχθαι,
1692 472 1766 536 ὡς

180 557 444 613 ἐντεῦθεν
473 560 603 629 ἡμῖν
630 560 716 612 ἐπ’
756 562 960 615 ἐκεῖνον
1000 562 1263 633 ἐσομένης
1292 564 1391 632 τῆς
1432 562 1764 625 ἀναϐάσεως.

198 648 347 701 Ἀλλ’
376 651 425 702 εί
452 649 860 721 πτερωθείημὲν
903 668 1019 714 πως
1060 649 1138 720 τῷ
1180 650 1348 722 λόγῳ,
1384 651 1476 705 καὶ
1516 652 1657 722 ὑπὲρ
1701 652 1770 705 τά

183 739 339 794 νῶτα
358 739 461 809 τῆς
486 739 741 811 οὐρανίας
771 741 955 811 ἀψίδος
987 742 1269 814 σταίημεν,
1313 743 1616 813 εὑρήσομεν
1655 745 1771 795 ἐκεῖ

183 829 295 900 τὴν
323 829 713 901 ὐπερουράνιον
743 830 866 900 γῆν,
886 830 985 901 τὴν
1014 832 1092 895 εἰς
1124 831 1489 902 κληρονομίαν
1508 834 1620 895 τοῖς
1648 834 1769 885 κατ’

185 920 398 991 ἀρετὴν
422 920 738 989 βεϐιωκόσιν
757 921 1142 992 ἀποκειμένην,
1175 922 1250 985 ὡς
1284 922 1358 993 μὴ
1389 921 1562 976 δοκεῖν
1592 924 1773 994 ἡμαρ-

187 1011 394 1082 τῆσθαι
417 1012 517 1082 τὴν
547 1010 700 1077 τάξιν
724 1012 821 1082 τῆς
866 1010 975 1066 τῶν
1017 1013 1381 1083 μακαρισμῶν
1428 1013 1769 1079 ἀκολουθίας,

190 1102 416 1174 πρῶτον
444 1101 708 1172 οὐρανῶν,
742 1102 835 1155 καὶ
863 1102 1002 1171 μετὰ
1030 1100 1200 1155 ταῦτα
1229 1103 1352 1173 γῆς,
1380 1104 1436 1155 ὲν
1467 1105 1586 1166 ταῖς
1606 1104 1773 1172 ἐπαγ-

190 1192 408 1263 γελίαις
426 1194 558 1264 ἡμῖν
585 1191 736 1264 παρὰ
758 1190 852 1244 τοῦ
871 1191 1004 1245 Θεοῦ
1029 1192 1398 1265 προτεθείσης.
1431 1194 1504 1247 Τὸ
1524 1195 1631 1266 γάρ
1655 1212 1775 1265 φαι-

190 1285 446 1355 νόμενον,
496 1284 619 1337 ὅσον
658 1283 794 1353 πρὸς
836 1283 934 1353 τὴν
970 1285 1284 1356 σωματικὴν
1324 1284 1604 1355 αἴσθησιν,
1654 1286 1774 1339 ὅλον

196 1375 342 1446 πρὸς
370 1374 531 1427 ἑαυτὸ
564 1371 836 1442 συγγενῶς
877 1372 1008 1443 ἔχει.
1060 1373 1179 1427 Κᾶν
1220 1374 1327 1445 γὰρ
1360 1375 1389 1427 ὃ
1425 1375 1522 1445 μὲν
1568 1374 1769 1445 ὑψηλὸν

195 1461 343 1519 εἶναι
374 1463 502 1536 δοκῇ
530 1463 607 1535 τῷ
639 1463 846 1535 τοπικῷ
868 1464 1188 1535 διαστήματι
1206 1504 1220 1526 ,
1250 1465 1362 1518 ἀλλ’
1377 1461 1470 1519 οὖν
1496 1465 1646 1519 κάτω
1672 1465 1774 1535 τῆς

195 1554 399 1626 νοερᾶς
444 1554 632 1617 οὐσίας
675 1554 844 1620 ἐστὶν,
881 1549 949 1627 ἧς
985 1553 1240 1607 ἀδύνατον
1287 1553 1639 1608 ἐπιϐατεύσαι
1685 1554 1777 1609 τὸν

1873 384 2139 436 caelorum
2191 383 2478 438 hat-reditas
2516 392 2676 437 terra:
2722 385 3192 454 deprehendatur;
3244 382 3338 436 sed
3378 398 3441 434 Sl-

1870 474 2086 540 quidcm
2113 482 2387 543 oporteret
2421 489 2727 529 sermonem
2777 490 2959 529 rerum
2988 474 3140 544 sequi
3169 483 3442 535 naturam,

1873 563 2046 631 magis
2074 571 2502 618 consentaneum
2533 572 2671 627 erat,
2708 574 2768 618 ut
2797 565 2936 619 coelo
2965 573 3110 620 terra
3162 578 3443 633 praeponis--

1871 661 2041 717 retur,
2068 653 2224 722 quasi
2256 653 2382 706 hinc
2408 654 2536 709 illuc
2563 654 2841 709 ascensuri
2884 656 3076 710 simus.
3122 654 3226 709 Sed
3254 655 3299 709 si
3327 668 3445 707 ora-

1873 744 2020 800 tione
2043 745 2295 799 volucres
2316 747 2718 815 quodammodo
2741 746 2866 801 facti
2890 756 2945 803 et
2970 748 3135 804 erecti
3158 745 3440 807 fuerimus,

1873 853 2146 908 superque
2184 838 2348 894 dorsa
2402 839 2642 894 caelestis
2680 842 2976 896 testudinis
3014 839 3441 899 constiterimus,

1874 931 2213 987 inveniemus
2245 931 2317 985 ibi
2343 933 2783 1002 supcrcoelestem
2810 942 3036 995 terram,
3082 947 3204 1001 quae
3233 931 3302 985 iis
3344 928 3437 997 qui

1874 1039 1998 1079 cum
2027 1023 2226 1079 virtute
2255 1023 2419 1077 vitam
2460 1025 2824 1091 transegerint
2857 1022 3091 1090 reposita
3114 1032 3218 1084 est,
3252 1027 3309 1073 ut
3337 1035 3444 1072 non

1873 1113 2122 1169 videatur
2153 1112 2289 1167 ordo
2328 1127 2358 1165 a
2393 1111 2741 1167 convenienti
2788 1110 3183 1165 beatitudinum
3230 1109 3440 1175 exposi-

1875 1203 2043 1259 tionis
2062 1202 2448 1272 consequentia
2474 1203 2782 1265 aberrasse,
2804 1201 3036 1271 primum
3060 1199 3223 1260 caalo,
3248 1198 3443 1252 deinde

1877 1302 2024 1349 terra
2081 1293 2238 1349 nobis
2286 1294 2341 1347 in
2386 1292 2844 1362 promissionibns
2892 1307 2921 1345 a
2976 1289 3086 1346 Deo
3143 1290 3443 1359 proposita.

1877 1383 2151 1454 Quidquid
2182 1384 2326 1439 enim
2358 1392 2599 1452 apparet,
2622 1390 2886 1454 quantum
2912 1380 2977 1437 ad
3006 1398 3228 1437 sensum
3250 1397 3442 1451 corpo-

1877 1486 2033 1526 reum
2067 1473 2286 1537 attinet,
2331 1480 2502 1525 totum
2542 1471 2685 1527 inter
2731 1488 2791 1527 se
2833 1481 3122 1543 cognatum
3157 1479 3263 1526 est.
3328 1470 3442 1524 Etsi

1880 1563 2025 1617 enim
2062 1562 2195 1616 illud
2230 1561 2449 1631 quidem
2478 1561 2581 1616 loci
2617 1562 2904 1617 intervallo
2943 1563 3110 1615 altum
3144 1577 3267 1617 esse
3294 1561 3446 1616 vide-

195 1644 485 1715 λογισμὸν,
514 1643 588 1716 μὴ
615 1644 872 1698 διαϐάντα
896 1643 973 1714 τῷ
1006 1644 1148 1715 λόγῳ
1178 1644 1347 1698 ταῦτα
1383 1645 1666 1716 πρότερον,

1974 1694 1987 1715 ,
2029 1659 2267 1707 attamen
2291 1667 2456 1722 super
2481 1652 2921 1714 intellectualem,
2947 1653 3110 1724 inque
3134 1662 3312 1708 mente
3334 1656 3448 1709 sola

198 1736 541 1791 καθικνεῖται
569 1737 602 1807 ἡ
627 1735 896 1807 αἴσθησις.
927 1736 989 1789 El
1017 1735 1074 1788 δὲ
1098 1738 1162 1807 τῇ
1195 1736 1531 1808 προσηγορίᾳ
1558 1736 1654 1807 τῆς
1674 1736 1778 1806 γῆς

195 1832 236 1899 ή
299 1828 671 1900 ὑπερκειμένη
734 1827 1162 1898 κατονομάζεται
1225 1827 1413 1897 λῆξις,
1478 1828 1778 1898 θαυμάσεις

202 1921 413 1993 μηδέν’
464 1920 541 1990 τῷ
581 1921 689 1991 γάρ
728 1920 966 1990 ταπεινῷ
1003 1920 1102 1990 τῆς
1137 1921 1407 1991 ἡμετέρας
1446 1920 1617 1988 ἀκοῆς
1644 1938 1776 1987 συγ-

199 2013 523 2068 καταϐαίνει
547 2014 576 2065 ὁ
605 2014 794 2081 Λόγος,
822 2013 849 2065 6
877 2012 963 2065 διὰ
991 2012 1147 2064 τοῦτο
1172 2012 1308 2083 πρὸς
1336 2014 1479 2083 ήμᾶς
1514 2012 1775 2078 καταϐάς,

199 2105 397 2176 ἐπειδὴ
443 2106 604 2176 ἡμεῖς
650 2103 786 2172 πρὸς
836 2103 996 2155 αὐτὸν
1040 2103 1385 2173 ἀνυψωθῆναι
1431 2105 1528 2174 οὐχ
1571 2098 1671 2157 οἷοί
1718 2123 1776 2158 τε

197 2194 371 2269 ¹ἦμεν.
413 2195 514 2249 Διά
549 2196 730 2248 τοίνυν
771 2194 878 2247 τῶν
921 2195 1049 2264 ἡμῖν
1090 2195 1379 2265 γνωρίμων
1420 2197 1677 2266 ῥημάτων
1718 2216 1777 2250 τε

199 2291 304 2342 καὶ
350 2286 628 2353 ὀνομάτων
659 2286 991 2357 παραδίδωσι
1037 2287 1106 2338 τὰ
1156 2287 1277 2340 θεῖα
1324 2292 1616 2358 μυστήρια,
1654 2288 1781 2340 ταύ-

199 2397 331 2444 ταις
355 2382 475 2443 ταῖς
505 2381 709 2449 φωναῖς
738 2377 1094 2448 κεχρημένος,
1131 2377 1196 2442 ἃς
1222 2380 1256 2448 ή
1292 2379 1547 2449 συνήθεια
1575 2380 1667 2433 τοῦ
1692 2382 1780 2433 άν-

201 2470 482 2544 θρωπίνου
530 2469 775 2541 περιέχει
824 2468 956 2538 βίου.
1008 2469 1117 2522 Καὶ
1162 2469 1270 2540 γάρ
1323 2473 1388 2541 τῇ
1440 2471 1543 2541 πρὸ
1580 2472 1781 2542 ταύτης

202 2561 513 2633 ἐπαγγελίᾳ
553 2561 645 2614 τὸν
696 2560 969 2630 ἄφραστον
1015 2561 1222 2613 ἐκεῖνον
1278 2562 1335 2614 ὲν
1383 2563 1495 2625 τοῖς
1536 2564 1781 2633 οὐρανοῖς

208 2652 599 2724 μακαρισμὸν,
640 2650 917 2720 βασιλείαν
963 2650 1273 2722 ὠνόμασεν·
1312 2647 1421 2723 ἆρά
1463 2670 1513 2705 τι
1544 2652 1781 2706 τοιοῦτον

202 2746 288 2816 τῷ
312 2745 456 2816 λόγῳ
484 2742 911 2814 παραδεικνύων,
949 2737 1061 2796 οἷον
1104 2744 1139 2813 ἡ
1176 2744 1324 2796 κάτω
1360 2743 1601 2815 περιέχει
1632 2744 1783 2815 βασι-

203 2837 366 2903 λείας
410 2836 715 2907 διαδήματά
741 2852 861 2888 τινα
906 2838 1024 2899 ταῖς
1054 2835 1164 2889 τῶν
1193 2835 1354 2889 λίθων
1388 2836 1601 2905 αῐγλαις
1632 2854 1783 2908 περι-

205 2929 592 3000 αστράπτοντα
616 2968 630 2992 ,
679 2926 773 2980 καὶ
812 2925 1055 2991 εὐανθεῖς
1097 2927 1417 2999 ἁλουργίδας
1461 2927 1557 2999 ἡδύ
1590 2945 1643 2981 τι
1670 2930 1782 2991 τοῖς

204 3024 414 3094 λίχνοις
442 3021 685 3091 ὄμμασιν
724 3018 1149 3088 ἁπαυγαζούσας
1174 3059 1190 3086 ,
1236 3019 1549 3091 προπύλαιά
1595 3038 1656 3073 τε
1690 3020 1783 3073 καὶ

206 3112 699 3181 καταπετάσματα,
736 3110 833 3164 καὶ
875 3110 1112 3181 ὑψηλοὺς
1140 3110 1383 3182 θρόνους,
1430 3115 1524 3167 καὶ
1563 3112 1761 3184 δορυψό

209 3222 327 3276 ρων
377 3202 652 3272 στοιχηδὸν
700 3200 1078 3272 περιεστώτων
1121 3200 1320 3268 τάξεις,
1365 3203 1460 3256 καὶ
1506 3204 1606 3256 ὅσα
1652 3202 1786 3255 ἀλλα

207 3292 697 3365 προστραγῳδοῦσι
724 3292 853 3362 περὶ
870 3291 970 3363 τὴν
999 3290 1254 3363 τοιαύτην
1285 3291 1376 3346 τοῦ
1408 3293 1521 3363 βίου
1585 3292 1787 3364 σκηνὴν

206 3388 261 3441 οἱ
287 3386 380 3439 τὸν
406 3385 569 3453 όγκον
595 3366 695 3451 τῆς
732 3382 1049 3446 δυναστείας
1073 3383 1162 3436 διὰ
1192 3382 1299 3437 τῶν
1331 3383 1585 3437 τοιούτων
1610 3383 1703 3435 ἐπὶ
1728 3384 1787 3435 τὸ

213 3479 403 3550 μεῖζον
448 3476 776 3547 ἐξαίροντες.
817 3475 956 3531 Ἀλλ’
1001 3474 1189 3546 ἐπειδὴ
1229 3474 1370 3544 μέγα
1414 3491 1467 3527 τι
1509 3474 1604 3526 καὶ
1649 3473 1787 3546 ὑπὲρ

211 3571 396 3626 πάντα
428 3567 611 3638 σχεδὸν
657 3568 726 3622 τὰ
770 3569 829 3620 ἐν
878 3567 1183 3639 ἀνθρώποις
1227 3565 1529 3637 ζηλούμενα
1579 3567 1639 3619 τὸ
1686 3566 1785 3637 τῆς

217 3660 497 3732 βασιλείας
524 3660 695 3729 ὄνομα
727 3658 869 3712 κατὰ
896 3659 986 3713 τόν
1015 3657 1126 3729 βίον
1157 3659 1322 3715 ἐστὶν.
1353 3657 1442 3711 διὰ
1480 3657 1633 3711 τοῦτο
1663 3675 1786 3711 συν-

214 3751 491 3823 εχρήσατο
523 3751 602 3822 τῷ
623 3750 868 3821 ὀνόματι,
920 3751 1055 3821 πρὸς
1098 3749 1195 3820 τὴν
1240 3749 1346 3802 τῶν
1385 3749 1788 3819 ὑπερκειμένων

215 3843 440 3913 ἀγαθῶν
466 3842 695 3914 δήλωσιν
714 3857 729 3873 ⁸
777 3841 852 3905 ὡς
881 3841 1011 3907 εἴγε
1026 3837 1093 3913 ἦν
1130 3841 1258 3895 ἀλλο
1294 3858 1345 3893 τι
1376 3840 1526 3913 παρά
1559 3843 1670 3903 τοῖς
1700 3841 1790 3893 ἀν-

216 3936 461 4007 θρώποις
489 3935 590 4003 τῆς
630 3933 902 4004 βασιλείας
939 3932 1229 4002 ἀνώτερον,
1259 3934 1327 3985 δι’
1365 3933 1574 3985 ἐκείνου
1603 3931 1669 3985 ἂν
1696 3929 1788 3985 τοῦ

212 4027 481 4098 ὀνόματος
531 4026 747 4087 πάντως
804 4024 1036 4095 μάλιστα
1098 4024 1441 4095 ἀνεπτέρωσε
1482 4023 1656 4094 ψυχὴν
1695 4021 1789 4075 τοῦ

218 4116 531 4180 ἀκούοντος,
564 4116 699 4186 πρὸς
747 4113 1040 4183 ἐπιθυμίαν
1069 4113 1169 4183 τῆς
1211 4114 1486 4183 ἀφράστου
1529 4114 1792 4185 μακαριό-

217 4227 404 4279 τητος.
455 4208 590 4262 Οὐδὲ
619 4207 727 4279 γάρ
759 4202 826 4277 ἦν
869 4207 1093 4261 δυνατὸν
1139 4207 1287 4271 ἰδίοις
1327 4207 1583 4276 ὀνόμασιν
1611 4207 1793 4259 ἐκεῖνα

1878 1746 2267 1800 consistentem
2289 1753 2534 1797 naturam
2560 1752 2665 1806 est,
2694 1744 2762 1798 ad
2783 1760 2945 1813 quam
2972 1744 3091 1800 fieri
3138 1760 3248 1800 non
3275 1752 3450 1815 potest

1880 1842 1938 1888 ut
1967 1832 2223 1903 cogitatio
2270 1832 2550 1897 ascendat,
2590 1830 2696 1886 nisi
2728 1831 2939 1887 ratione
2982 1833 3134 1903 prius
3164 1833 3278 1888 haec
3330 1849 3450 1902 qua:

1879 1937 2074 1977 sensus
2129 1921 2441 1990 assequitur
2469 1928 2812 1989 transgressa
2844 1922 2933 1975 sit.
2991 1922 3143 1987 Quod
3178 1924 3221 1977 si
3267 1923 3450 1992 appel-

1880 2014 2081 2067 latione
2109 2019 2269 2067 terraa
2329 2026 2580 2080 superna:
2616 2018 2800 2079 partes
2832 2010 3280 2072 denominantur,
3319 2013 3451 2066 nihil

1852 2105 2116 2168 'mireris,
2164 2103 2231 2158 ad
2271 2103 2634 2157 humilitatem
2676 2103 2820 2157 enim
2862 2106 3036 2159 nostri
3071 2107 3293 2159 auditus
3321 2103 3452 2158 Ver—

1878 2194 2028 2257 bum,
2054 2193 2211 2264 qnasi
2257 2191 2742 2247 condcseendeudo
2776 2182 2895 2248 sese
2928 2195 3323 2257 accommodat,
3359 2195 3449 2263 qui

1880 2288 2084 2342 idcirco
2131 2284 2415 2341 descendit
2460 2285 2526 2339 ad
2574 2300 2709 2349 nos,
2736 2284 2865 2355 quia
2898 2301 2996 2341 nos
3043 2288 3108 2340 ad
3153 2288 3304 2339 illum
3335 2288 3448 2340 tolli

1878 2394 1985 2433 non
2016 2386 2349 2448 poteramus.
2400 2376 2586 2445 Itaque
2628 2391 2724 2445 per
2753 2376 2914 2430 verba
2962 2386 3016 2432 et
3058 2380 3281 2433 nomina
3323 2387 3449 2431 nota

1878 2472 2038 2526 nobis
2081 2470 2266 2525 divina
2320 2468 2576 2538 mysteria
2638 2467 2821 2533 tradit,
2876 2467 2961 2523 bis
2998 2469 3220 2526 vocibus
3269 2479 3450 2531 utens,

1879 2576 2018 2633 quas
2040 2560 2287 2615 continet
2322 2559 2577 2612 humanae
2609 2558 2737 2612 vitae
2757 2560 3118 2614 consuetudo.
3154 2558 3365 2613 Etenim
3396 2560 3449 2613 in

1879 2654 2127 2726 proxime
2168 2650 2491 2722 praecedenti
2530 2650 2671 2704 hanc
2715 2652 3101 2721 promissione,
3152 2651 3444 2719 inexplica-

1880 2745 2038 2799 bilem
2064 2744 2209 2796 illam
2247 2743 2298 2795 iu
2328 2741 2482 2795 cmlis
2509 2741 2898 2796 beatitudinem
2951 2757 3171 2810 regnum
3214 2741 3454 2810 appella-

1879 2838 1991 2904 vit,
2022 2833 2264 2904 nunquid
2290 2832 2559 2904 ejusmodi
2587 2833 2866 2902 quidpiam
2900 2834 3148 2887 indieaus
3205 2832 3454 2885 oratione

1882 2930 2041 2999 quale
2067 2927 2308 2982 continet
2337 2941 2561 2995 regnum
2604 2923 2871 2979 infernum
2899 2923 2923 2976 ?
2961 2923 3266 2978 diademata
3305 2936 3453 2991 quae-

1884 3021 2007 3076 dam
2042 3020 2278 3089 lapidum
2333 3016 2620 3087 splendore
2666 3015 2873 3070 ‘circum
2922 3014 3273 3084 fulgurantia,
3308 3011 3447 3065 flori-

1885 3113 1983 3168 das
2024 3119 2201 3165 vestes
2247 3124 2574 3180 purpureas,
2620 3108 2924 3179 jucundum
2964 3106 3252 3176 quemdam
3280 3104 3457 3158 oculis

1885 3204 2131 3260 delicatis
2173 3200 2518 3271 splendorem
2564 3198 2876 3261 rcddentes,
2932 3194 3217 3254 vestibula,
3265 3194 3455 3256 aulaea,

1887 3294 2143 3351 sublimia
2188 3292 2345 3354 solia,
2392 3291 2684 3345 satellitum
2730 3290 3232 3358 armigerorumque
3262 3284 3453 3338 ordine

1885 3382 2359 3437 circumstantium
2406 3378 2693 3437 cohortes,
2740 3391 2803 3428 ac
2856 3388 3193 3444 quaecunque
3239 3372 3344 3425 alia
3402 3372 3455 3423 in

1887 3474 2106 3529 modum
2138 3471 2468 3540 tragicorum
2516 3466 2951 3537 spectaculorum
2998 3465 3143 3517 circa
3184 3462 3456 3531 ejusmodi

1886 3565 2012 3619 vita:
2040 3577 2260 3617 scenam
2305 3557 2513 3612 addunt
2542 3557 2594 3610 hi
2619 3556 2709 3627 qui
2743 3553 3154 3625 amplitudinem
3192 3553 3460 3622 principac

1889 3666 1975 3712 tus
2009 3670 2102 3725 per
2126 3650 2391 3722 ejusmodi
2421 3665 2508 3704 res
2528 3648 2582 3701 in
2617 3645 2794 3715 majus
2820 3644 3136 3699 extollunt?
3182 3642 3286 3697 Sed
3319 3658 3458 3710 quo-

1888 3749 2033 3804 niam
2066 3758 2318 3816 magnum
2351 3738 2631 3811 quiddam,
2672 3745 2725 3791 et
2756 3750 2919 3804 supra
2952 3734 3134 3788 omnia
3168 3728 3456 3803 propemo-

1889 3838 2016 3892 dum
2068 3850 2189 3905 qua:
2217 3831 2395 3901 magni
2439 3830 2574 3882 liunt
2603 3828 2744 3881 inter
2771 3824 3043 3886 homines,
3075 3823 3222 3894 regni
3253 3839 3452 3876 nomen

1889 3930 1944 3984 in
1964 3929 2069 3982 vita
2094 3934 2200 3990 est,
2218 3923 2423 3978 idcirco
2450 3936 2582 3975 usus
2600 3927 2682 3973 est
2709 3918 2870 3972 etiam
2902 3930 2968 3969 eo
2995 3915 3061 3969 ad
3092 3930 3456 3983 supernorum

1889 4023 2155 4077 bonorum
2177 4015 2619 4071 declarationem.
2646 4008 2780 4062 Nam
2806 4009 2848 4062 si
2872 4007 3089 4078 quidem
3116 4005 3261 4059 aliud
3293 4005 3457 4075 quid-

1891 4114 2034 4182 piam
2065 4106 2417 4164 exccllentius
2475 4118 2636 4172 quam
2672 4115 2898 4170 regnum
2923 4097 3064 4168 apud
3102 4097 3347 4150 homines
3378 4111 3459 4150 es-

1895 4213 1997 4267 set,
2035 4218 2127 4274 per
2161 4198 2291 4253 illud
2340 4194 2683 4267 potissimum
2732 4205 2928 4245 nomen
2960 4190 3201 4243 animum
3239 4203 3460 4257 prorsus

217 4300 291 4355 τά
316 4298 497 4369 ἀγαθά
529 4300 640 4362 τοῖς
665 4296 970 4369 ἀνθρώποις
1002 4297 1426 4368 ὲκκαλυφθῆναι,
1465 4296 1501 4351 ἀ
1532 4297 1671 4367 ὑπὲρ

1985 4294 2169 4349 lieutis
2219 4304 2434 4345 sursum
2483 4285 2639 4356 quasi
2685 4283 2785 4336 alis
2833 4281 3031 4335 additis
3079 4281 3370 4342 evexisset,
3409 4287 3461 4333 et

221 4390 419 4459 σθησίν
446 4406 507 4443 τε
546 4390 637 4442 καὶ
669 4386 870 4457 γνῶσιν
900 4387 1243 4459 ἀνθρωπίνην
1276 4389 1441 4441 ἐστίν.
1490 4388 1639 4441 Οὔτε
1686 4387 1795 4455 γὰρ

142 4465 163 4479 ⁴
219 4483 531 4552 ὀφθαλμὸς
567 4476 708 4543 εἶδε,
754 4480 939 4551 φησὶν,
982 4481 1122 4535 οὔτε
1165 4475 1273 4546 οὖς
1322 4479 1609 4547 ἤκουσεν,
1659 4480 1798 4532 οὔτε

217 4575 321 4629 ἐπὶ
376 4572 627 4641 καρδίαν
678 4572 990 4640 ἀνθρώπου
1042 4572 1242 4639 ἀνέϐη.
1301 4572 1438 4626 Ἀλλ’
1498 4572 1572 4634 ὡς
1613 4571 1678 4625 ἂν
1723 4569 1796 4641 μὴ

220 4664 507 4727 παντελῶς
553 4663 804 4732 διαφύγοι
858 4663 951 4715 τὸν
1010 4664 1314 4733 στοχασμὸν
1372 4667 1405 4733 ἡ
1470 4662 1796 4733 ὲλπιξομένη

226 4752 591 4823 μακαριότης,
625 4751 700 4813 ὡς
742 4748 1028 4822 χωρούμεν
1072 4751 1214 4804 κατὰ
1257 4753 1318 4806 τὸ
1352 4752 1602 4806 ταπεινὸν
1643 4752 1798 4824 ἡμῶν

221 4844 328 4913 τῆς
356 4842 593 4912 φύσεως,
635 4839 776 4894 οὕτω
820 4841 929 4893 τῶν
967 4842 1361 4912 ἀνεκφωνήτων
1389 4843 1674 4915 ἀκούομεν.
1706 4843 1797 4913 Μὴ

162 4962 169 4975 ι
224 4932 320 4988 οὖν
337 4938 373 5004 ἡ
390 4935 489 5003 τῆς
503 4934 605 5004 γῆς
624 4933 906 5004 ὁμωνυμία
928 4932 1090 4986 πάλιν
1109 4934 1245 5003 μετά
1264 4936 1388 4998 τοὺς
1402 4936 1661 5006 οὐρανοὺς
1675 4933 1801 4987 καθα

227 5027 435 5080 ελκέτω
485 5041 577 5078 σου
623 5024 719 5095 τὴν
764 5024 1001 5078 διάνοιαν
1043 5024 1135 5077 ὲπὶ
1176 5024 1275 5095 τὴν
1314 5025 1461 5078 κάτω
1495 5026 1631 5096 γῆν,
1685 5024 1800 5078 ἀλλ’

229 5117 394 5187 εἴπερ
445 5113 665 5184 ὐψώθης
700 5113 778 5184 τῷ
804 5114 963 5185 Λόγῳ
1008 5114 1095 5167 διά
1138 5114 1245 5167 τῶν
1299 5115 1575 5186 προτέρων
1626 5134 1801 5185 μακα-

231 5206 464 5281 ιῑισμῶν,
506 5208 601 5260 καὶ
642 5207 740 5275 τῆς
783 5205 1038 5275 οὐρανίας
1081 5205 1280 5275 ἐπέϐης
1325 5205 1553 5270 ἐλπίδος,
1589 5207 1800 5277 ἐκείνην

233 5318 326 5371 μοι
369 5296 812 5367 πολυπραγμόνει
872 5296 972 5367 τὴν
1006 5298 1128 5366 γῆν,
1162 5297 1283 5366 ἥτις
1331 5297 1393 5350 οὐ
1438 5297 1652 5352 πάντων
1685 5299 1801 5353 ἐστὶ

231 5388 586 5462 κληρονομία,
633 5387 772 5459 πλὴν
796 5387 847 5441 εἴ
874 5404 1015 5454 τινες
1043 5387 1130 5443 διὰ
1153 5386 1254 5460 τῆς
1290 5387 1383 5442 τοῦ
1417 5388 1531 5460 βίου
1564 5389 1799 5463 πραότηο

304 5562 346 5594 ’⁷
392 5564 569 5619 lCor.
605 5580 671 5631 tt,
705 5565 757 5620 9.

1896 4385 2163 4442 erexisset
2189 4380 2253 4434 ad
2288 4374 2686 4446 inexplicabilis
2709 4379 2763 4424 et
2789 4370 3152 4424 inenodabilis
3180 4368 3465 4422 beatitudi—

1899 4478 1983 4532 nis
2011 4474 2250 4532 studium
2291 4477 2453 4537 atque
2496 4464 2871 4532 cupiditatem.
2943 4460 3129 4529 Neque
3172 4460 3316 4513 enim
3351 4458 3461 4511 fieri

1898 4572 2103 4637 poterat
2162 4570 2219 4615 ut
2252 4560 2366 4613 suis
2398 4571 2460 4609 ac
2496 4553 2730 4625 propriis
2761 4550 3043 4605 vocabulis
3090 4550 3467 4604 revelarentur

1901 4653 2214 4711 hominibus
2252 4650 2342 4702 illa
2394 4648 2533 4701 bona
2593 4658 2714 4713 qua:
2759 4646 3020 4711 superant
3059 4651 3110 4693 et
3155 4652 3373 4692 sensum
3414 4642 3467 4688 ct

1904 4745 2265 4817 cognitionem
2309 4741 2598 4794 humanam
2639 4751 2651 4787 :
2698 4731 2873 4801 Neque
2914 4732 3049 4784 enim
3100 4729 3278 4783 oculus
3317 4727 3463 4783 ridil.

1906 4836 2101 4909 inquit,
2146 4850 2305 4904 neque
2347 4832 2491 4885 auris
2530 4827 2776 4882 audivit:
2811 4840 2971 4893 neque
3012 4824 3065 4876 in
3104 4837 3194 4875 cor
3242 4820 3466 4873 hominis

1906 4928 2136 4987 ascendit
2162 4929 2227 4978 ³⁷.
2280 4924 2383 4979 Sed
2428 4938 2494 4976 ne
2548 4920 2759 4990 penitus
2801 4914 3099 4979 beatitudo,
3127 4930 3245 4982 quae
3279 4926 3467 4981 spera-

1906 5033 2015 5087 tur,
2051 5019 2422 5086 conjecturam
2449 5010 2689 5082 efl'ugiat,
2721 5024 2817 5079 pro
2848 5015 3006 5076 captu
3046 5004 3265 5058 humilis
3293 5010 3346 5055 et
3372 5002 3468 5055 ab—

1902 5119 2061 5187 jectm
2097 5118 2296 5164 nostrae
2344 5113 2552 5159 naturae
2590 5099 2880 5157 ineffabilia
2919 5098 3007 5150 illa
3037 5096 3191 5149 nobis
3227 5093 3469 5187 produn-

1907 5186 2009 5264 tur.
2045 5204 2122 5259 Ne
2151 5201 2316 5271 igitur
2343 5196 2583 5267 ejusdem
2614 5192 2850 5269 nominis
2879 5198 3036 5246 terra:
3059 5187 3274 5243 diversa
3302 5186 3470 5255 signi-

1907 5297 2086 5354 licatio
2134 5288 2433 5348 secundum
2457 5286 2625 5340 ccelos
2649 5291 2883 5339 mentem
2916 5291 3061 5334 luant
3086 5294 3277 5333 rursus
3305 5278 3371 5332 ad
3396 5277 3471 5331 in-

1908 5390 2114 5447 fernam
2147 5393 2344 5439 terram
2378 5374 2649 5442 detrahat,
2677 5372 2772 5429 sed
2802 5371 3071 5443 siquidem
3097 5386 3125 5424 a
3152 5367 3330 5425 Verbo
3351 5382 3470 5422 cre-
