3690 5986
304 165 435 224 “ll

1528 178 1585 234 S.
1628 175 1950 234 GBEGORII
1982 172 2267 230 NYSSENI

3414 169 3541 223 Hi2

299 291 422 340 ctus
448 300 509 341 es
530 300 626 356 per
648 286 860 357 priores
890 289 1280 347 beatitudinum
1312 295 1680 364 expositiones
1702 298 1850 351 caele

2039 309 2062 355 ;
2094 290 2231 356 ἄξιοι
2261 289 2361 362 τῆς
2394 287 2722 359 ἐπαγγελίας
2753 288 2964 360 ἐκείνης
3003 287 3278 359 κρίνονται
3298 303 3314 318 θ
3357 289 3429 357 ήν
3456 304 3541 359 μοι

301 381 548 447 stemque
606 381 977 438 conscendisti
1026 398 1215 453 spem,
1270 384 1338 441 de
1386 386 1478 440 illa
1542 388 1670 442 mihi
1719 396 1863 443 terra

301 465 582 521 sciscitare
598 476 759 539 atque
786 471 1017 541 inquire,
1035 489 1153 542 quae
1182 489 1291 545 non
1309 477 1550 530 omnium
1574 478 1864 536 haereditas

299 565 403 618 est,
433 557 525 611 sed
550 558 595 613 si
627 561 718 629 qui
753 570 972 631 propter
1000 564 1121 618 vita:
1145 567 1615 622 mansuetudinem
1644 577 1698 623 et
1729 571 1859 625 leni-

300 651 465 699 tatem
491 646 578 701 illa
601 652 960 717 promissione
982 654 1128 724 digni
1152 655 1497 724 judicanlur:
1519 675 1679 729 quam
1701 665 1863 716 etiam

301 747 531 804 magnus
562 737 649 793 ille
679 738 981 810 David,qui
1005 750 1203 812 praeter
1222 761 1411 803 omnes
1440 764 1534 805 eos
1587 752 1679 820 qui
1707 760 1864 807 aetate

297 824 445 882 illius
478 828 533 882 in
576 830 685 884 vita
726 835 927 887 versati
967 844 1095 889 sunt
1149 837 1284 893 lenis
1324 841 1525 908 pariter
1558 856 1620 896 ac
1651 846 1864 913 patiens

296 915 467 973 fuisse
500 920 813 977 testimonio
844 922 1141 995 Scriptum
1176 930 1511 997 perhibetur,
1544 947 1864 1004 suggerente

297 1006 502 1080 Spiritu
523 1012 863 1082 praecepisse,
898 1028 960 1069 ac
1002 1032 1098 1086 per
1127 1018 1281 1072 fidem
1312 1022 1423 1090 jam
1458 1035 1586 1078 tunc
1621 1025 1671 1079 id
1716 1027 1862 1096 quod

297 1108 547 1165 speratur
606 1118 1019 1174 praeoccupasse
1065 1110 1196 1164 mihi
1250 1113 1485 1179 videtur,
1534 1130 1657 1169 cum
1690 1118 1860 1174 dixit:

296 1188 463 1244 Credo
497 1209 576 1246 me
604 1193 772 1249 ridere
808 1197 944 1252 bona
987 1199 1202 1255 Domini
1242 1204 1296 1256 in
1324 1213 1465 1259 terra
1498 1209 1775 1263 viventium
1792 1211 1858 1267 ”.

293 1278 413 1335 Non
437 1283 580 1337 enim
619 1286 869 1342 existimo
904 1289 1228 1360 Prophetam
1267 1294 1409 1351 hanc
1446 1300 1737 1354 viventium
1770 1318 1865 1374 ap-

294 1374 529 1442 pellasse
566 1383 787 1443 terram,
818 1395 939 1449 quae
982 1386 1231 1439 mortalia
1281 1391 1461 1443 omnia
1501 1393 1769 1461 producit.
1811 1404 1864 1451 et

267 1465 351 1517 'in
385 1479 506 1521 sese
535 1483 728 1525 rursus
756 1473 1019 1543 quidquid
1052 1491 1116 1529 ex
1142 1492 1204 1532 ea
1234 1480 1433 1548 prodiit
1488 1485 1711 1540 resolvit
1736 1486 1861 1554 :sed

294 1557 431 1611 vidit
458 1568 511 1614 et
537 1562 799 1617 intellexit
824 1572 1024 1619 terram
1050 1569 1366 1637 viventium,
1391 1590 1553 1644 quam
1585 1594 1731 1633 mors
1754 1596 1860 1635 non

1964 384 2108 437 δοκεί
2140 384 2232 437 καὶ
2260 385 2289 436 6
2323 380 2496 454 μέγας
2534 380 2717 445 Δαῦὶδ,
2748 382 2776 434 6
2800 381 2949 451 napi
2996 380 3203 441 πάντας
3245 379 3373 442 τοὺς
3402 380 3538 432 κατ’

1965 474 2127 529 αὐτὸν
2171 471 2633 547 ἐπιδεδημηκότας
2672 470 2750 538 τῷ
2804 471 2903 542 βίῳ
2931 470 3111 541 πραῢς
3152 487 3214 523 τε
3240 471 3337 523 καὶ
3366 468 3539 534 ἀνεξίσ

1965 581 2133 628 κακος
2165 562 2533 636 μαρτυρηθεὶς
2561 562 2665 615 ὑπὸ
2682 562 2779 633 τῆς
2807 561 2953 624 θείας
2982 561 3224 632 Γραφῆς,
3245 576 3541 631 προνενοηιι

1965 652 2118 706 κέναι
2160 654 2226 723 τῇ
2274 653 2546 723 ὑφηγήσει
2576 647 2669 704 τοῦ
2697 645 3034 722 Πνεύματος,
3065 651 3157 704 καὶ
3186 650 3276 705 διὰ
3308 652 3541 714 πίστεως

1963 744 2062 815 ήδη
2089 744 2482 815 κατεσχηκέναι
2524 742 2586 796 τὸ
2613 740 2984 812 ἐλπιζόμενον,
3025 740 3192 795 εἰπών
3224 759 3239 773 ο
3272 744 3543 796 Πιστεύω

1964 834 2071 889 τοῦ
2105 834 2253 890 ίδεῖν
2282 840 2354 889 τὰ
2378 833 2571 904 ἀγαθὰ
2600 833 2820 902 Κυρίου
2845 833 2914 886 ἐν
2941 831 3018 902 γῇ
3044 833 3289 893 ζώντων.
3324 833 3400 885 Οὐ
3436 828 3541 901 γάρ

1965 943 2109 996 φημι
2156 926 2248 979 τὸν
2276 926 2589 996 Προφήτην,
2617 925 2821 994 ταύτην
2858 922 3073 988 ζώντων
3118 922 3543 993 προσειρηκέναι

1963 1015 2061 1085 τὴν
2093 1015 2195 1085 γῆν
2237 1014 2305 1067 τά
2339 1015 2508 1084 θνητά
2545 1014 2724 1069 πάντα
2764 1014 3021 1082 φύουσαν,
3072 1015 3165 1066 καὶ
3210 1015 3291 1076 εἰς
3338 1013 3541 1081 ἑαυτὴν

1963 1105 2127 1161 πάλιν
2161 1108 2269 1161 πᾶν
2293 1107 2354 1160 τὸ
2379 1106 2439 1172 ἐξ
2478 1106 2650 1177 αὐτῆς
2690 1107 2844 1174 γένος
2875 1105 3207 1159 ἀναλύουσαν
3226 1119 3240 1133 ⁸
3284 1102 3403 1157 ἀλλ’
3434 1100 3543 1156 οἶδε

1963 1197 2068 1268 γῆν
2089 1197 2326 1264 ζώντων,
2354 1192 2422 1270 ἧς
2441 1199 2543 1251 οὐκ
2566 1196 2736 1268 ἐπέϐη
2772 1198 2999 1260 θάνατος
3020 1215 3032 1226 ·
3066 1199 3121 1249 ἐν
3147 1191 3181 1267 ᾖ
3210 1195 3330 1259 ὁδὸς
3362 1196 3544 1264 ἁμαρ.

1961 1288 2147 1342 τωλῶν
2184 1290 2285 1342 οὐκ
2316 1289 2542 1357 ἐτρίῦη,
2583 1288 2614 1359 ἢ
2655 1289 2850 1351 κακίας
2893 1288 3035 1357 ἴχνος
3079 1285 3161 1355 ἐφ’
3201 1286 3402 1359 ἑαυτῆς
3439 1286 3543 1337 οὐκ

1961 1380 2211 1448 ἐδέξατο,
2256 1383 2321 1451 ἦν
2353 1382 2452 1435 οὐκ
2493 1380 2723 1452 ἀνέτεμε
2784 1379 2863 1450 τῷ
2896 1379 3109 1450 ἀρότρῳ
3136 1379 3234 1449 τῆς
3272 1374 3539 1446 πονηρίας

1961 1470 1990 1522 6
2033 1468 2101 1521 τὰ
2143 1467 2356 1534 ζιζάνια
2408 1469 2684 1540 σπείρων,
2744 1470 2778 1539 ή
2826 1467 3087 1539 τριῦόλων
3140 1467 3234 1520 καὶ
3283 1464 3543 1520 ἀκανθῶν

1963 1556 2154 1626 ἄγονος
2185 1576 2199 1590 ν
2256 1560 2314 1611 ἐν
2426 1559 2486 1612 τὸ
2519 1557 2664 1630 ὕδωρ
2698 1559 2796 1629 τῆς
2830 1556 3207 1620 ἀναπαύσεως,
3243 1555 3338 1611 καὶ
3371 1557 3400 1608 6
3441 1554 3543 1623 τῆς

296 1648 533 1716 invasit;
588 1652 642 1706 in
668 1668 773 1723 qua
801 1655 884 1707 via
916 1668 1260 1725 peccatorum
1294 1677 1400 1717 non
1430 1666 1553 1719 trita
1584 1678 1705 1733 est;
1740 1686 1850 1739 qua

2034 1649 2125 1719 όης
2146 1649 2329 1714 τόπος,
2364 1650 2456 1702 καὶ
2478 1651 2512 1720 ή
2536 1649 2773 1720 τετραχῆ
2808 1648 3335 1739 μεριζομένηᾼπηγή,
3368 1647 3466 1699 καὶ

291 1739 607 1797 vitiositatis
633 1745 915 1815 vestigium
953 1747 1007 1801 in
1042 1763 1163 1804 sese
1195 1767 1298 1805 non
1330 1756 1572 1825 accepit;
1595 1774 1756 1826 quam
1788 1763 1853 1826 is,

293 1830 385 1899 qui
414 1832 620 1888 zizania
653 1836 906 1902 seminat,
948 1854 1056 1893 non
1092 1843 1357 1912 proscidit
1390 1856 1572 1902 aratro
1596 1850 1849 1919 improbi-

293 1920 460 1988 tatis;
490 1939 611 1993 qua:
642 1927 873 1983 tribulos
900 1939 952 1983 et
982 1932 1169 2000 spinas
1199 1950 1306 1988 non
1336 1939 1584 2004 producit
1614 1958 1627 2006 ;
1670 1942 1720 1995 in
1753 1960 1859 2012 qua

293 2024 434 2081 aqua
478 2017 761 2084 requietis,
799 2027 851 2073 et
899 2021 1050 2077 locus
1101 2040 1346 2095 pascuae,
1401 2036 1455 2082 et
1499 2028 1623 2085 fons
1674 2033 1766 2101 qui
1806 2034 1857 2086 in

292 2111 528 2173 quatuor
548 2107 693 2181 rivos
718 2109 1013 2179 diducitur,
1051 2125 1103 2170 et
1134 2117 1279 2184 vitis,
1308 2134 1427 2188 qua:
1448 2135 1477 2173 a
1508 2120 1614 2177 Deo
1648 2139 1860 2178 summo

291 2207 473 2247 rerum
498 2197 730 2267 colitur;
778 2210 825 2256 et
874 2220 1213 2276 quzccunque
1245 2209 1481 2280 denique
1518 2214 1624 2267 alia
1659 2230 1689 2269 a
1722 2216 1859 2270 divi-

290 2283 442 2338 nitus
468 2288 679 2354 prodita
709 2298 871 2360 atque
902 2305 1153 2363 suggesta
1184 2295 1427 2350 doctrina
1460 2314 1555 2369 per
1578 2301 1856 2356 involucra

288 2376 579 2431 verborum
610 2379 882 2437 audimus.
932 2382 988 2437 Si
1021 2384 1187 2455 igitur
1223 2401 1252 2439 a
1282 2387 1441 2443 nobis
1470 2389 1741 2445 intellecta
1773 2401 1859 2447 est

288 2466 541 2522 sublimis
570 2470 660 2523 illa
687 2479 851 2537 terra,
882 2489 1000 2545 qua:
1020 2490 1184 2545 supra
1211 2478 1380 2532 cmlos
1410 2478 1638 2546 videtur,
1669 2482 1721 2535 in
1750 2498 1855 2552 qua

285 2558 484 2614 civitas
510 2561 655 2632 regis
681 2564 945 2618 collocata
972 2572 1074 2630 est,
1111 2566 1179 2621 de
1206 2584 1312 2637 qua
1345 2573 1628 2640 magniﬁca
1653 2588 1717 2626 ac
1744 2575 1858 2643 glo-

289 2650 434 2705 riosa
470 2655 813 2721 pronuntiata
841 2664 991 2721 sunt,
1026 2668 1083 2710 ut
1109 2657 1285 2726 inquit
1309 2658 1666 2730 PrOpheta”,
1711 2664 1856 2719 haud

288 2746 435 2793 recte
464 2743 691 2811 posthac
733 2745 922 2799 ordine
965 2747 1400 2819 continuationis
1452 2750 1852 2807 beatitudinum

283 2832 641 2900 expositionis
658 2834 846 2891 ollensi
868 2836 1149 2894 fuerimus.
1179 2838 1363 2909 Neque
1388 2841 1531 2895 enim
1557 2845 1853 2900 verisimile

283 2931 452 2989 esset,
483 2924 695 2994 opinor,
738 2928 878 2983 hanc
916 2938 1062 3001 recte
1111 2943 1444 3001 preposuam
1490 2950 1611 2990 esse
1654 2947 1849 2991 terram

1965 1739 2116 1809 παρά
2141 1738 2234 1792 τοῦ
2262 1738 2397 1792 Θεοῦ
2422 1739 2528 1792 τῶν
2555 1739 2690 1792 ὅλων
2716 1737 3102 1809 γεωργουμένη
3141 1735 3406 1808 ἄμπελος,
3445 1736 3543 1789 καὶ

1960 1830 2059 1883 ὅσα
2096 1829 2230 1883 ἀλλα
2276 1829 2343 1882 δι’
2389 1830 2725 1901 αἰνιγμάτων
2757 1828 2907 1899 παρά
2935 1829 3035 1898 τῆς
3063 1825 3424 1881 θεοπνεύστου
3462 1825 3543 1879 δι-

1956 1919 2252 1982 δασκαλίας
2301 1920 2589 1991 ἀκούομεν.
2646 1920 2710 1972 Et
2740 1919 2804 1990 δὴ
2834 1918 3080 1990 νενόηται
3127 1920 3258 1989 ἡμῖν
3292 1918 3326 1988 ή
3354 1916 3543 1988 ὑψηλὴ

1957 2034 2026 2103 γῆ
2061 2034 2315 2104 ὑπεράνω
2350 2034 2457 2087 τῶν
2488 2033 2731 2105 οὐρανῶν
2760 2033 3131 2105 θεωρουμένη,
3157 2034 3241 2101 ἐφ’
3268 2026 3338 2103 ἦς
3362 2035 3397 2102 ἡ
3438 2031 3541 2085 πό..

1956 2122 2035 2184 λις
2069 2121 2164 2175 τοῦ
2205 2121 2465 2191 βασιλέως
2517 2122 2875 2193 συνῴκισται,
2934 2123 3063 2194 περ).
3100 2118 3169 2193 ἧς
3212 2120 3280 2175 τὰ
3316 2121 3542 2189 δεδοξα-

1958 2213 2129 2283 σμένα
2163 2213 2419 2285 ἐλαλήθη,
2461 2214 2640 2279 καθώς
2660 2231 2823 2284 φησιν
2861 2217 2889 2268 ό
2913 2216 3225 2285 Προφήτης,
3258 2211 3448 2265 οὐκέτ’
3474 2213 3543 2266 ἂν

1956 2304 2179 2368 εἰκότως
2209 2304 2344 2376 πρὸς
2372 2306 2468 2376 τὴν
2490 2305 2641 2372 τάξιν
2679 2305 2781 2375 τῆς
2810 2304 3126 2369 ἀκολουθίας
3154 2303 3262 2357 τῶν
3295 2322 3545 2376 μακαρι-

1958 2394 2109 2463 σμῶν
2138 2393 2498 2465 ξενιζοίμεθα.
2531 2394 2665 2448 Οὐδὲ
2694 2396 2802 2465 γὰρ
2828 2394 2972 2458 εἰκὸς
3000 2391 3086 2466 ἦν,
3125 2389 3300 2465 οἴμαι,
3327 2394 3543 2465 ταύτην

1956 2483 2203 2553 εὐλογίας
2231 2485 2548 2557 προκεῖσθαι
2586 2488 2704 2549 ταῖς
2734 2486 2917 2539 ἐλπίσι
2951 2486 3051 2557 τὴν
3075 2485 3179 2555 γῆν
3210 2487 3323 2548 τοῖς
3350 2486 3543 2555 ἁρπα-

1955 2577 2300 2646 γησομένοις,
2342 2576 2522 2641 καθώς
2556 2595 2721 2650 φησιν
2751 2580 2780 2631 ό
2823 2578 3161 2644 Ἀπόστολος,
3196 2579 3253 2630 ἐν
3280 2575 3542 2645 νεφέλαις

1954 2672 2033 2731 είς
2080 2669 2384 2739 ἀπάντησιν
2407 2670 2503 2723 τοῦ
2531 2671 2736 2742 Κυρίου
2767 2673 2847 2735 είς
2878 2672 3036 2743 ἀέρα,
3065 2672 3159 2724 καὶ
3202 2670 3378 2735 οὕτως
3407 2670 3542 2742 μὲλο

1954 2759 2105 2814 λουσι
2143 2760 2376 2815 πάντοτε
2406 2762 2502 2816 σὺν
2530 2763 2720 2834 Κυρίῳ
2748 2762 2985 2817 ἔσεσθαι.
3014 2762 3110 2826 Τίς
3140 2758 3235 2816 οὖν
3260 2761 3342 2815 ἔτι
3376 2764 3542 2834 χρεία

1953 2856 2050 2923 τῆς
2081 2852 2230 2906 κάτω
2255 2854 2379 2924 γῆς,
2404 2848 2538 2923 οΐςή
2566 2852 2678 2925 ζωὴ
2701 2854 2992 2925 μετάρσιος
3019 2856 3075 2906 ἐν
3106 2854 3318 2907 ἐλπίσιν
3348 2854 3538 2920 ἐστίν;

1967 2944 2422 3016 Ἀρπαγησόμεθα
2432 2946 2539 3015 γὰρ
2560 2946 2616 2998 ἐν
2630 2945 2878 3015 νεφέλαις
2897 2948 2975 3011 είς
2992 2945 3296 3016 ἀπάντησιν
3312 2943 3409 2998 τοῦ
3431 2946 3545 2999 Ku-

286 3012 680 3072 benedictionis
723 3019 835 3088 spei
875 3035 1063 3075 eorum
1111 3022 1203 3091 qui
1255 3025 1557 3092 rapientur,
1596 3036 1653 3081 ut
1682 3029 1850 3099 inquit

2034 3012 2077 3089 iu
2100 3037 2178 3099 εἰς
2199 3012 2357 3109 ἀέρα,
2380 3012 2474 3091 καὶ
2492 3012 2665 3102 οὕτως
2686 3012 2915 3092 πάντοτε
2938 3040 3033 3093 σὺν
3056 3012 3246 3110 Κυρίῳ
3272 3036 3539 3107 ἐσόμεθα.

283 3102 653 3173 Apostolus',
709 3110 761 3161 in
803 3110 1041 3167 nubibus
1088 3112 1142 3165 in
1188 3127 1477 3169 occursum
1528 3114 1742 3173 Domini
1793 3121 1845 3174 in
1889 3102 2090 3192 aerem,
2147 3134 2203 3182 et
2262 3102 2344 3182 sic
2373 3142 2590 3198 semper
2612 3142 2737 3182 cum
2759 3126 2987 3182 Domino
3022 3126 3191 3181 futuri
3214 3134 3367 3182 sunt.
3393 3126 3541 3193 Quid

284 3198 451 3268 igitur
477 3215 614 3271 opus
651 3210 736 3257 est
770 3204 837 3260 iis
870 3204 1084 3260 inferna
1116 3212 1284 3273 terra,
1316 3224 1548 3279 quorum
1585 3212 1691 3266 vita
1725 3230 1818 3285 spe
1859 3234 2127 3288 suspensa
2149 3221 2582 3293 est?Bapiemur
2606 3222 2754 3278 enim
2787 3224 2842 3278 in
2873 3223 3111 3279 nubibus
3148 3223 3203 3277 in
3234 3237 3538 3279 occursum

282 3291 498 3347 Domini
527 3294 581 3347 in
608 3309 810 3362 aerem,
844 3303 898 3352 et
943 3297 1016 3352 ita
1056 3313 1271 3369 semper
1316 3316 1439 3354 cum
1468 3300 1699 3357 Domino
1736 3308 1939 3364 erimus
1962 3312 2002 3364 ³.

354 3380 461 3436 Sed
518 3382 800 3439 videamus
863 3385 1024 3456 cujus
1073 3388 1292 3443 virtutis
1356 3395 1641 3460 prmmium
1700 3396 1850 3453 illius

282 3473 573 3531 haereditas
602 3483 760 3530 terra:
789 3481 1069 3548 proposita
1116 3482 1206 3536 sit.
1237 3481 1393 3537 Beati
1437 3487 1603 3551 enim,
1648 3487 1849 3558 inquit,

282 3567 434 3623 mites
480 3577 535 3623 et
584 3568 779 3625 lenes:
836 3573 1082 3641 quoniam
1124 3573 1228 3643 ipsi
1276 3574 1637 3633 Itwreditatem
1695 3589 1850 3637 terra:

280 3669 679 3731 consequentur.
732 3661 873 3728 Quid
929 3670 1013 3718 est
1073 3664 1316 3722 lenitas?
1360 3677 1415 3721 et
1488 3668 1541 3722 in
1606 3685 1715 3740 qua
1790 3687 1850 3727 re

281 3751 562 3809 lenitatem
595 3751 832 3810 Verbum
876 3756 1093 3811 beatam
1129 3757 1377 3813 iudicat?
1409 3758 1526 3815 Non
1572 3761 1718 3817 enim
1764 3763 1850 3818 vi-

280 3844 441 3899 detur
497 3845 630 3900 mihi
689 3857 943 3918 oportere
998 3849 1179 3902 omnia
1245 3864 1310 3904 ex
1370 3866 1529 3921 aequo
1592 3852 1846 3909 virtutem

279 3946 494 4008 putare,
523 3954 861 4009 quaecunque
895 3956 1017 3995 cum
1056 3941 1276 3997 lenitate
1315 3942 1473 4007 fiunt,
1516 3945 1562 4000 si
1597 3947 1844 4016 quietum

279 4030 487 4101 pariter
516 4038 572 4085 et
616 4030 833 4085 tardum
889 4048 985 4103 per
1032 4033 1173 4089 hanc
1229 4034 1524 4091 dictionem
1579 4036 1847 4094 duntaxat

280 4119 646 4191 signiﬁcetur.
677 4119 864 4191 Neque
902 4123 1046 4178 enim
1098 4124 1151 4178 in
1198 4127 1537 4191 cursoribus,
1589 4128 1730 4185 lenis
1763 4138 1849 4186 est

279 4212 476 4267 melior
498 4214 840 4270 accelerante
870 4234 883 4270 :
919 4230 1095 4285 neque
1142 4216 1196 4271 in
1224 4225 1341 4274 arte
1374 4220 1616 4290 pugilum
1649 4221 1696 4276 is
1750 4222 1844 4292 qui

2034 3399 2171 3453 Ἀλλ’
2220 3399 2418 3473 ἴδωμεν
2452 3401 2597 3466 τίνος
2641 3402 2843 3474 ἀρετῆς
2882 3403 3050 3474 γέρας
3083 3404 3117 3474 ἡ
3166 3404 3389 3476 ἐκείνης
3436 3407 3541 3478 τῆς

1950 3490 2055 3559 γῆς
2100 3491 2431 3563 κληρονομία
2483 3493 2787 3565 πρόκειται.
2828 3494 3119 3563 Μακάριοι
3160 3494 3293 3567 γὰρ,
3344 3499 3538 3569 φησὶν,

1949 3583 2007 3634 οἱ
2044 3583 2284 3651 πραεῖς,
2315 3582 2404 3638 ὅτι
2450 3584 2620 3638 αὐτοὶ
2666 3585 3197 3654 κληρονομήσουσι
3230 3585 3349 3655 τὴν
3392 3588 3537 3658 γῆν.

1951 3669 2017 3723 Τί
2044 3670 2104 3725 τὸ
2135 3673 2344 3745 πρᾶον;
2375 3673 2467 3727 καὶ
2501 3675 2627 3746 περὶ
2662 3674 2716 3729 τί
2737 3676 2798 3729 τὸ
2829 3678 3002 3748 πρᾶον
3042 3675 3343 3749 μακαρίζει
3375 3681 3405 3732 6
3434 3680 3541 3734 Λό-

1953 3780 2083 3833 γος;
2123 3765 2184 3819 οὐ
2217 3765 2326 3837 γάρ
2363 3782 2452 3837 μοι
2481 3766 2628 3820 δοκεῖ
2656 3767 2832 3821 πάντα
2861 3767 3057 3838 ἐπίσης
3091 3767 3294 3840 ἀρετὴν
3325 3769 3541 3825 οἴεσθαι

1952 3853 2062 3908 δεῖν
2081 3892 2098 3920 ,
2126 3856 2225 3910 ὅσα
2255 3857 2322 3910 ἂν
2352 3858 2410 3910 ἐν
2443 3856 2712 3929 πραότητι
2741 3857 2969 3925 γίνεται,
3004 3860 3053 3912 εί
3093 3859 3154 3912 τὸ
3176 3861 3450 3933 ήρεμαίόν
3477 3878 3539 3914 τε

1952 3946 2044 3998 καὶ
2076 3946 2244 4019 βραδὺ
2280 3948 2438 4019 μόνον
2470 3948 2560 4002 διὰ
2584 3950 2683 4021 τῆς
2725 3948 2920 4015 λέξεως
2953 3950 3158 4020 ταύτης
3188 3953 3534 4021 σημαίνοιτο.

1951 4037 2089 4091 υῦτε
2129 4038 2237 4110 γὰρ
2280 4042 2338 4093 ἐν
2381 4039 2672 4111 δρομεῦσιν
2709 4042 2737 4093 6
2777 4042 2952 4111 πρᾶος
2991 4041 3230 4112 ἀμείνων
3271 4041 3368 4095 τοῦ
3414 4044 3540 4097 ἐπι-

1954 4129 2273 4195 σπεύδοντος
2296 4171 2312 4197 ,
2347 4129 2469 4184 οὒτε
2501 4132 2529 4185 6
2553 4131 2873 4202 δυσκίνητος
2906 4132 2964 4185 ἐν
2998 4134 3239 4204 πυκτικῇ
3269 4132 3364 4185 τὸν
3392 4134 3540 4188 κατά

1950 4221 2043 4275 τοῦ
2082 4223 2327 4277 ἐναντίου
2364 4221 2626 4292 στέφανον
2658 4221 2901 4294 αἴρεται·
2936 4223 3039 4277 κᾶν
3076 4223 3362 4295 τρέχωμεν
3399 4225 3541 4296 πρὸς

280 4320 406 4360 cum
465 4307 671 4377 majore
733 4308 1052 4365 ditiicultate
1108 4310 1430 4382 tardiusque
1506 4329 1567 4369 se
1628 4322 1846 4384 movet,

2053 4313 2305 4385 βραϐεῖον
2344 4314 2444 4386 τῆς
2478 4315 2591 4369 ἀνω
2624 4313 2891 4386 κλήσεως,
2919 4314 3210 4368 ἐπιτείνειν
3244 4315 3273 4367 ό
3318 4314 3540 4380 Παῦλος

278 4413 537 4453 coronam
566 4398 634 4455 de
662 4400 976 4456 adversario
1018 4401 1194 4470 tollit;
1226 4403 1525 4473 quinetiam
1559 4405 1607 4462 si
1653 4420 1845 4459 curra-

276 4505 403 4545 mus
423 4504 524 4560 pro
570 4492 795 4560 praemio
843 4508 1096 4564 superna:
1142 4497 1468 4564 vocationis,
1524 4497 1841 4555 intendendi

276 4582 610 4638 celeritatem
664 4592 857 4640 auctor
905 4596 989 4641 est
1045 4586 1269 4653 Paulus,
1326 4588 1455 4643 dum
1515 4589 1687 4645 dicit:
1756 4589 1845 4645 Ita

276 4674 492 4739 currite,
543 4682 600 4727 ut
653 4677 1009 4746 assequamini
1041 4678 1102 4745 ³;
1156 4676 1417 4749 quoniam
1466 4686 1521 4733 et
1572 4680 1689 4750 ipse
1743 4696 1845 4751 per

273 4766 734 4823 vehementiorem
765 4783 978 4839 semper
1017 4779 1222 4825 motum
1264 4770 1497 4826 ulterius
1542 4773 1840 4839 nitebatur,

274 4869 337 4907 ea
386 4871 507 4925 qua:
538 4865 662 4927 post
706 4864 917 4928 tergum
953 4868 1139 4914 essent
1192 4860 1459 4917 oblivioni
1510 4861 1754 4930 tradens,
1785 4871 1841 4917 et

275 4962 549 5019 pugnans,
598 4950 755 5022 agilis
802 4960 857 5007 et
910 4953 1066 5007 velox
1126 4961 1262 5007 erat.
1324 4953 1665 5011 Observabat
1697 4957 1843 5012 enim

276 5042 579 5097 adversarii
629 5043 892 5113 impetum
925 5054 980 5099 et
1022 5044 1328 5114 incursum,
1384 5048 1536 5102 circa
1593 5065 1844 5119 gressum

276 5134 469 5189 tirmus
498 5140 552 5189 et
587 5143 782 5191 cautus
809 5144 947 5199 erat,
981 5142 1034 5190 ct
1065 5151 1187 5191 cum
1235 5151 1431 5193 manus
1475 5148 1714 5195 armatas
1751 5140 1847 5194 ha-

279 5224 447 5290 beret,
479 5241 587 5280 non
625 5227 679 5280 in
715 5243 911 5282 vanum
940 5238 994 5282 ct
1028 5228 1191 5284 inane
1238 5231 1494 5296 quiddam
1542 5233 1849 5286 intentabat

1954 4404 2307 4476 συμϐουλεύει
2352 4405 2413 4459 τὸ
2452 4406 2643 4477 τάχος,
2673 4404 2875 4475 λέγων·
2928 4406 3091 4460 οὕτω
3125 4406 3402 4475 τρέχετε,
3435 4410 3539 4461 ἵνα

1951 4494 2352 4564 καταλάϐητε·
2395 4495 2517 4550 ἐπεὶ
2560 4495 2653 4549 καὶ⁷
2687 4494 2850 4560 αὐτὸς
2889 4494 2979 4549 διὰ
3027 4496 3398 4569 σφοδροτέρας
3446 4499 3539 4553 ἀεὶ

1949 4587 2049 4657 τῆς
2086 4589 2350 4659 κινήσεως
2394 4584 2490 4640 τοῦ
2540 4587 2728 4657 πρόσω
2761 4588 2957 4658 εἴχετο,
3002 4586 3110 4640 τῶν
3148 4587 3324 4641 ὀπίσω
3356 4589 3536 4660 λήθην

1951 4677 2272 4749 ποιούμενος
2293 4695 2307 4708 ·
2334 4678 2427 4733 καὶ
2453 4676 2737 4732 πυκτεύων
2761 4677 3044 4749 εὐκίνητος
3066 4673 3134 4749 ἦν
3154 4693 3167 4707 '
3192 4677 3394 4750 διεώρα
3421 4682 3535 4752 γάρ

1950 4770 2046 4825 τοῦ
2082 4770 2420 4834 ἀνθεστῶτος
2450 4771 2549 4842 τὴν
2582 4770 2888 4843 προσϐολήν
2907 4784 2921 4799 ‘
2958 4771 3053 4824 καὶ
3080 4772 3209 4842 περὶ
3239 4770 3339 4842 τὴν
3372 4770 3536 4840 βάσιν

1947 4860 2194 4932 ἀσφαλὴς
2226 4856 2315 4931 ἦν,
2344 4861 2438 4913 καὶ
2461 4863 2582 4924 ταῖς
2609 4861 2768 4933 χερσὶ
2790 4860 3255 4931 καθωπλισμένος,
3296 4861 3359 4914 οὐ
3388 4861 3536 4915 κατά

1947 4952 2106 5006 κενοῦ
2141 4969 2286 5016 τινος
2317 4952 2409 5006 καὶ
2445 4952 2813 5006 ἀνυποστάτου
2849 4952 3147 5025 διερρίπτει
3177 4952 3238 5005 τὸ
3269 4952 3401 5023 περὶ
3432 4953 3533 5016 τὰς

1946 5045 2139 5115 χεῖρας
2170 5042 2352 5108 ὅπλον,
2381 5042 2517 5096 ἀλλά
2543 5042 2649 5096 τῶν
2680 5042 2909 5113 καιρίων
2937 5038 3030 5095 τοῦ
3062 5040 3533 5112 προσπαλαίοντος

1947 5135 2168 5206 ἥπτετο,
2197 5136 2316 5189 κατ’
2344 5134 2508 5189 αὑτοῦ
2545 5133 2638 5188 τοῦ
2681 5133 2931 5205 σώματος
2959 5134 3057 5198 τάς
3083 5134 3295 5205 πληγὰς
3320 5134 3526 5206 φέρων.

1954 5228 2140 5282 Βούλει
2177 5227 2379 5296 γνῶναι
2414 5225 2506 5279 τοῦ
2547 5225 2759 5280 Παύλου
2795 5226 2893 5297 τὴν
2939 5226 3235 5296 πυκτικήν;
3286 5226 3393 5277 Ἴδε
3430 5226 3531 5286 τὰς

278 5317 488 5384 telum,
528 5318 676 5388 quod
740 5320 993 5375 manibus
1063 5321 1325 5387 tenebat,
1393 5322 1488 5378 sed
1547 5321 1843 5380 adversarii

2034 5321 2180 5384 ειλάς
2218 5319 2311 5374 τοῦ
2356 5317 2892 5390 ἀνταγωνιζομένου,
2941 5318 3016 5371 ἴδε
3060 5316 3129 5372 τὰ
3167 5317 3393 5373 ὑπώπια
3433 5317 3530 5371 τοῦ

280 5419 622 5479 opportunas
673 5417 837 5480 atque
870 5410 943 5465 ad
989 5411 1131 5467 ictus
1157 5412 1435 5482 expositas
1485 5423 1844 5483 patentesque

2034 5413 2276 5476 ιιπέιλου,
2306 5412 2379 5465 ἴδε
2410 5411 2477 5464 τὰ
2506 5411 2780 5481 στίγματα
2805 5410 2897 5465 τοῦ
2924 5408 3245 5481 ἡττηθέντος
3302 5409 3530 5470 Πάντως

356 5583 400 5614 ⁸⁸
435 5584 577 5641 Psal.
614 5602 736 5641 κινι
763 5625 776 5650 ,
812 5591 889 5643 15.
969 5594 1013 5625 ’⁸
1051 5593 1191 5649 Psal.
1228 5611 1453 5657 tum,
1484 5597 1533 5649 5.
1615 5597 1628 5627 ι
1673 5595 1689 5647 1
1723 5594 1850 5650 ΤΙινε

2060 5596 2141 5650 lii.
2218 5598 2237 5627 ’
2276 5593 2457 5647 Matth.
2497 5613 2544 5662 ν,
2580 5596 2632 5648 4.
2711 5595 2730 5625 ³
2768 5594 2784 5646 l
2823 5594 2948 5648 Cor.
2986 5609 3067 5655 ιι,
3106 5595 3195 5644 24.
3292 5662 3298 5667 θ
