3690 5986
106 226 239 284 1218

1125 219 1212 274 ne
1250 189 1854 274 nearnrdommus.
1896 194 2152 255 ORATIO
2194 193 2259 248 ιι.

3210 180 3342 236 ιριι

105 343 156 398 δι
193 339 295 395 οὐκ
337 341 554 408 ἀγνοεῖς
585 340 678 393 τὸν
723 337 1016 393 ἀντίπαλον
1066 336 1158 389 τὸν
1201 333 1290 388 διὰ
1328 332 1427 401 τῆς
1473 326 1673 398 σαρκὸς

1877 328 1965 376 tes
2004 306 2311 386 appetebat,
2362 307 2623 365 adversus
2677 305 2854 377 ipsum
2900 312 3103 371 corpus
3156 296 3346 367 plagas

108 431 577 505 προσπαλαίοντα,
626 431 684 485 ὃν
733 428 1042 492 ὑπωπιάζει
1091 427 1180 480 διὰ
1219 419 1673 505 τῆςηπυκτικῆς,

107 502 366 592 ἀμύσσων
413 521 526 583 τοϊς
570 518 717 585 ὄνυξι
759 519 857 587 τῆς
900 513 1249 588 ἐγκρατείας,
1290 502 1351 564 οὗ
1392 508 1574 578 νεκροῖ
1610 504 1679 592 τὲ

114 584 244 681 μὶλη
272 607 441 681 λιμῷ,
476 608 570 661 καὶ
596 606 759 676 δίψει,
793 584 886 660 καὶ
925 584 1086 674 ψύῇίει
1111 642 1125 668 ,
1154 602 1247 656 καὶ
1274 597 1608 670 γυμνότητι,
1634 584 1680 659 ᾧ

111 700 173 753 τὰ
212 698 486 766 στίγματα
523 696 616 750 τοῦ
647 694 852 767 Κυρίου
888 692 1187 757 ἐπιϐάλλει,
1223 690 1281 743 ὃν
1311 689 1438 758 νικᾷ
1466 685 1555 740 διὰ
1584 681 1679 736 τοῦ

111 789 307 860 δρόμου
335 787 562 842 κατόπιν
585 785 778 840 ἑαυτοῦ
800 782 1137 847 καταλιπὼν,
1161 781 1236 845 ὡς
1265 779 1330 834 ἂν
1364 778 1439 850 μὴ
1464 780 1681 830 ἐπισκο-

111 884 250 935 τοίτο
275 881 374 943 τὰς
404 880 555 951 ὄψεις
586 878 679 934 τοῦ
718 877 1012 932 ἀντιπάλου
1046 872 1456 946 προτρέχοντος.
1496 869 1560 922 Εἰ
1588 863 1683 920 οὖν

85 971 232 1053 *ὀξὺς
268 972 364 1025 καὶ
390 972 672 1042 εὐκίνητος
703 971 760 1024 ἐν
790 972 903 1035 τοῖς
942 967 1147 1038 ἀγῶσιν
1174 969 1203 1021 ὁ
1249 963 1460 1026 Παῦλος
1481 1002 1495 1025 ,
1532 959 1627 1014 καὶ
1653 959 1684 1012 ό

114 1058 271 1114 Δασιδ
292 1058 552 1115 πλατύνει
575 1059 644 1114 τὰ
664 1058 975 1131 διαδήματα
994 1059 1103 1120 τοῖς
1124 1054 1337 1127 ἐχθροῖς
1358 1049 1680 1121 ἐπιτρέχων,

115 1150 202 1204 καὶ
232 1151 260 1204 ό
286 1150 521 1221 νυμφίος
557 1150 614 1203 ἐν
659 1148 737 1220 τῷ
776 1149 1013 1220 ’ᾼσματι
1058 1144 1276 1216 δορκάδι
1316 1142 1458 1197 κατὰ
1498 1140 1558 1193 τὸ
1597 1138 1686 1191 εὑ-

115 1240 330 1312 κίνητον
354 1239 654 1312 ὁμοιοῦται,
685 1239 787 1311 δρη
816 1230 1112 1311 διαπηδῶν,
1148 1238 1243 1291 καὶ
1272 1235 1480 1307 βουνοῖς
1517 1231 1686 1303 ἐφαλ-

115 1331 336 1403 λόμενος
379 1331 513 1404 (καὶ
564 1332 733 1387 πολλὰ
777 1330 1000 1385 τοιαῦτα
1043 1329 1191 1383 ἐστιν
1237 1329 1448 1393 εἰπεῖν,
1503 1329 1560 1379 ὲν
1605 1320 1688 1387 οἷς

117 1423 508 1495 προτιμότερον
534 1424 846 1496 εὑρίσκεται
871 1422 973 1491 τῆς
1001 1420 1301 1493 πραότητος
1334 1418 1396 1472 τὸ
1420 1417 1563 1472 κατά
1591 1415 1687 1487 τὴν

118 1513 327 1583 κὶνησιν
358 1514 566 1586 τάχοςΥ
599 1513 714 1578 πῶς
745 1513 979 1568 ἐνταῦθα
1005 1515 1063 1567 ὲν
1095 1509 1518 1583 κατορθώματος
1558 1506 1688 1560 εἴδει

120 1605 414 1679 μακαρίζει
439 1606 501 1660 τὸ
528 1608 699 1677 πρᾶον
734 1607 763 1659 ὁ
794 1604 1001 1672 Λόγος;
1039 1600 1329 1671 Μακάριοι
1351 1602 1482 1671 γὰρ,
1501 1598 1686 1669 φησὶν,

1778 414 1963 469 ferens
1993 418 2046 463 et
2077 385 2373 465 intentans.
2419 397 2514 454 Vis
2545 410 2879 466 cognoscere
2913 402 3085 446 artem
3144 385 3347 459 pugilis

1776 499 1983 558 Pauli?
2013 497 2223 552 intuere
2264 492 2488 549 vulnera
2536 495 2727 544 contra
2779 482 3121 546 cenantis“;
3164 477 3347 546 aspice

1779 595 1981 648 livores
2023 594 2078 643 et
2124 584 2498 655 sugillationes
2533 575 2875 637 adversarii;
2911 573 3031 626 vide
3088 577 3248 624 notas
3292 575 3347 622 et

1779 692 1982 757 puncta
2013 678 2164 734 victi.
2197 674 2434 731 Omnino
2468 678 2648 725 autem
2684 680 2790 720 non
2838 665 3056 734 ignoras
3087 659 3346 713 adversa-

1782 777 1946 838 rium,
1974 771 2233 827 nimirum
2268 765 2361 837 qui
2397 779 2492 834 per
2531 760 2750 816 carnem
2803 757 3135 829 obluctatur,
3185 762 3349 819 quem

1781 882 1879 938 per
1900 872 2072 919 artem
2092 857 2365 932 pugnandi
2385 854 2660 926 unguibus
2679 845 3033 906 continentia:
3049 843 3350 900 elacerans,

1782 930 2058 1027 suggillat,
2089 930 2248 1021 cujus
2272 947 2511 1003 metubra
2529 940 2823 997 mortificat
2855 937 3017 999 fame,
3042 934 3157 997 siti,
3184 930 3352 1000 frigo~

1784 1065 1865 1111 re,
1897 1046 2163 1110 nuditate,
2191 1043 2279 1099 cui
2315 1049 2472 1094 notas
2506 1043 2560 1091 et
2590 1039 2792 1105 puncta
2826 1027 3040 1082 Domini
3085 1014 3355 1093 imprimit

1785 1147 1838 1195 et
1868 1137 2059 1201 inurit,
2092 1147 2252 1202 quem
2285 1144 2450 1184 cursu
2479 1142 2508 1181 a
2541 1136 2694 1194 tergo
2736 1123 2985 1177 relictum
3034 1116 3199 1171 vincit
3227 1153 3241 1177 ,
3282 1127 3353 1167 ne

1784 1231 2152 1301 praecurrente
2183 1222 2499 1276 adversario
2528 1216 2766 1271 tenebrae
2799 1210 2976 1266 oculis
3031 1207 3148 1261 suis
3176 1202 3355 1257 offun-

1786 1295 2007 1377 dantur.
2065 1317 2120 1371 Si
2158 1316 2327 1385 igitur
2380 1310 2584 1364 Paulus
2641 1306 2696 1359 in
2731 1299 3126 1358 certaminibus
3174 1295 3353 1364 agilis,

1787 1427 1913 1471 acer
1940 1422 1995 1467 et
2026 1409 2181 1464 velox
2215 1400 2520 1479 est,~David
2555 1399 2810 1453 inimicos
2835 1391 3099 1449 invadens
3129 1400 3356 1459 gressus

1788 1502 1978 1558 dilatat
2002 1499 2046 1563 ',
2077 1506 2132 1554 et
2159 1474 2397 1567 sponsus
2432 1493 2487 1546 in
2517 1489 2768 1551 Cantico,
2823 1497 3053 1553 capreae,
3110 1476 3256 1549 quod
3287 1474 3356 1530 ad

1791 1592 2085 1663 agilitatem
2151 1596 2206 1643 et
2262 1573 2605 1657 velocitatem
2666 1579 2903 1637 attinet,
2966 1567 3352 1628 assimilatur.

119 1698 173 1749 οἱ
196 1660 405 1765 πέαεῖς
425 1736 440 1759 ν
484 1660 583 1751 ὅτιΙ
608 1696 776 1751 αὐτοὶ
815 1660 1343 1763 κληρονομήσουσι
1513 1660 1648 1759 ’γῆν
1670 1660 1684 1718 λ

1877 1691 2003 1737 ηιιιεε
2031 1677 2347 1733 transiliens
2373 1677 2415 1739 ⁸⁸,
2446 1683 2499 1727 et
2526 1673 2579 1725 in
2612 1670 2844 1723 collibus
2887 1666 3116 1727 saltans,
3159 1660 3358 1713 multa-

120 1790 333 1860 ἐκείνην
384 1789 601 1852 πάντως
640 1789 740 1860 τὴν
790 1788 894 1857 γῆν
936 1788 1035 1857 τὴν
1081 1786 1189 1838 τῶν
1225 1782 1405 1838 καλῶν
1456 1780 1687 1853 εὑφορον

120 1881 492 1952 γεννημάτων,
533 1881 632 1952 τὴν
664 1880 744 1951 τῷ
784 1878 924 1949 ξύλῳ
953 1878 1055 1948 τῆς
1093 1876 1238 1948 ζωῆς
1270 1874 1526 1946 κομῶσαν
1545 1911 1561 1937 ,
1589 1871 1687 1941 τὴν

119 1976 239 2037 ταῖς
265 1974 473 2043 πηγαῖς
500 1971 608 2027 τῶν
635 1971 1015 2042 πνευματικῶν
1044 1967 1396 2040 χαρισμάτων
1420 1964 1691 2036 κατάρρυ-

120 2082 229 2129 τον,
283 2064 372 2133 ἐφ’
418 2058 487 2136 ἦς
530 2064 567 2135 ἡ
623 2063 865 2135 ἄμπελος
913 2063 946 2134 ὴ
992 2060 1220 2131 ἀληθινὴ
1267 2057 1572 2129 βλαστάνει,
1623 2050 1692 2125 ἦς

121 2153 365 2227 γεωργὸν
400 2152 487 2207 τδν
514 2151 733 2224 Πατέρα
763 2150 858 2206 τοῦ
888 2150 1090 2221 Κυρίου
1122 2147 1409 2217 ἀκούομεν.

1791 1791 1898 1848 que
1931 1770 2201 1843 ejusmodi
2252 1766 2498 1839 proferte
2547 1764 2698 1827 licet,
2748 1761 2801 1814 in
2852 1758 3050 1828 quibus
3107 1751 3357 1807 celeritas

1793 1840 1975 1923 motus
2019 1861 2230 1919 lenitati
2280 1857 2526 1930 praeferri
2575 1852 2888 1923 reperitur;
2921 1848 3013 1919 qui
3066 1845 3144 1910 fit,
3182 1850 3240 1897 ut
3271 1840 3362 1894 bic

1794 1958 1952 2030 quasi
1985 1970 2097 2012 rem
2124 1953 2441 2024 praeclaram
2462 1954 2516 2002 et
2539 1945 2792 2001 eximiam
2822 1941 3097 1997 lenitatem
3122 1933 3357 1989 Verbum

1799 2029 2012 2106 beatam
2049 2044 2307 2116 praedicet
2333 2042 2356 2095 ?
2384 2040 2537 2095 Beati
2573 2038 2740 2099 enim,
2794 2034 2990 2101 inquit,
3039 2029 3199 2092 lenes,
3230 2039 3362 2094 quu-

1801 2140 1945 2194 niam
1973 2136 2076 2206 ipsi
2114 2131 2470 2189 Iuereditatem
2522 2138 2674 2183 terra:
2725 2132 3103 2193 consequentur
3128 2120 3168 2184 ⁷,
3215 2116 3361 2169 illius

122 2249 283 2317 plane
339 2254 501 2304 terra
551 2246 860 2317 (nimirum)
908 2261 1031 2316 quae
1081 2245 1349 2300 bonorum
1408 2238 1684 2292 fructuum
1746 2232 1942 2288 fertilis
1994 2236 2098 2296 est,
2145 2242 2265 2299 quae
2315 2226 2462 2296 ligno
2516 2223 2637 2278 vita:
2666 2219 2903 2285 frondet,
2954 2230 3075 2285 quae
3121 2209 3365 2266 fontibus

127 2339 499 2413 spiritualium
528 2338 795 2393 donorum
829 2338 1030 2408 irrigui
1066 2345 1171 2400 est,
1193 2337 1244 2389 in
1276 2348 1380 2403 qua
1408 2343 1536 2384 vera
1564 2327 1691 2381 vitis
1730 2324 2015 2396 germinat,
2048 2321 2207 2391 cujus
2237 2318 2501 2374 cultorem
2549 2328 2670 2369 esse
2727 2310 2944 2364 Patrem
2988 2303 3199 2358 Domini
3270 2314 3368 2351 au-

125 2431 307 2488 dimus
328 2429 371 2483 ⁸.

209 2520 353 2576 Ἀλλ’
395 2520 541 2574 ἔοικε
578 2519 814 2574 τοιοῦτόν
860 2538 913 2573 τι
962 2518 1269 2589 φιλοσοφεῖν
1305 2518 1334 2569 ὁ
1376 2514 1580 2583 Λόγος,
1621 2510 1703 2563 ὄτι

132 2614 301 2687 πολλὴ
325 2613 465 2684 πρὸς
492 2611 589 2683 τὴν
617 2612 816 2667 κακίαν
844 2611 990 2665 ἐστὶν
1016 2613 1049 2682 ἡ
1087 2610 1324 2669 εὐκολία,
1359 2607 1451 2660 καὶ
1480 2604 1704 2676 ὀξύρρο-

136 2725 232 2763 πον
270 2706 368 2760 ἐπὶ
403 2704 466 2759 τὸ
502 2707 682 2777 χεῖρον
710 2706 744 2776 ἡ
775 2703 966 2774 φύσις·
1010 2701 1261 2772 καθάπερ
1292 2700 1361 2752 τὰ
1392 2697 1560 2769 βαρέα
1596 2694 1705 2747 τῶν

137 2798 406 2871 σωμάτων
459 2796 591 2869 πρὸς
647 2796 748 2867 μὲν
795 2796 863 2850 τὰ
913 2794 1026 2849 ἀνω
1078 2792 1422 2847 παντάπασιν
1473 2786 1704 2857 ἀκίνητα

137 2890 285 2963 μένει
304 2931 318 2953 ,
350 2889 402 2941 εί
427 2887 484 2942 δέ
521 2903 662 2952 τινος
702 2885 1007 2958 ἀκρωρείας
1037 2882 1245 2954 ὑψηλῆς
1286 2881 1377 2934 ἐπὶ
1399 2878 1461 2932 τὸ
1504 2877 1704 2947 πρανὲς
1731 2903 1775 2961 c

1877 2500 2078 2556 Verum
2155 2497 2371 2553 videtur
2434 2487 2703 2561 ejusmodi
2775 2483 3051 2554 quidpiam
3127 2477 3367 2533 Verbum

1806 2595 2034 2648 innuero
2088 2599 2252 2659 atque
2285 2586 2633 2657 significare,
2690 2575 2835 2647 quod
2893 2573 3051 2627 valde
3111 2570 3367 2623 nimirum

1807 2683 1984 2738 facilis
2024 2682 2078 2735 in
2127 2681 2318 2734 vitium
2362 2684 2417 2731 et
2466 2671 2763 2742 nequitiam
2818 2666 2891 2723 sit
2943 2666 3151 2733 lapsus,
3200 2667 3253 2713 et
3283 2672 3371 2711 res

1806 2788 2074 2846 propensa
2106 2782 2453 2842 praecepsque
2482 2766 2534 2819 in
2555 2763 2708 2834 pejus
2736 2767 2970 2821 natura;
2998 2748 3371 2820 sicutigravia

1809 2882 1872 2920 ac
1920 2867 2221 2936 ponderosa
2277 2872 2511 2928 corpora
2565 2867 2784 2910 sursum
2853 2847 3071 2917 quidem
3139 2856 3370 2900 versus,

137 2931 318 2963 F‘""
351 2931 484 2942 ""
533 2931 661 2952 """
704 2931 1006 2958 ""|""r""’
1043 2931 1243 2954 'T'l"'l‘
1290 2931 1374 2934 νην
1446 2931 1451 2932 ν
1550 2931 1561 2947 ι
1685 2931 1701 2939 -

134 2978 516 3049 ἀποσεισθείη.
568 2976 805 3045 τοσούτῳ
852 2973 1014 3045 ῥοίζῳ
1061 2973 1197 3044 πρὸς
1244 2972 1304 3024 τὸ
1351 2968 1703 3038 ὑποκείμενον

1877 2972 2038 3012 orsus
2073 2954 2296 3008 immota
2331 2955 2577 3010 manent,
2604 2945 2691 2999 sin
2726 2949 2906 2996 autem
2937 2938 3004 2990 ab
3049 2936 3233 3003 aliquo
3265 2931 3374 2984 alto

2010 3044 2021 3049 ³
2258 3040 2291 3049 "
2355 3039 2367 3049 '
2742 3029 3075 3049 777----=-»---—
3107 3031 3150 3049 Α·
3190 3022 3374 3049 Ann.-.

135 3072 387 3145 φέρεται,
424 3069 519 3124 τοῦ
556 3068 756 3123 οἰκείου
789 3067 986 3138 βάρους
1010 3064 1107 3135 τὴν
1135 3062 1305 3134 φοράν
1331 3061 1705 3122 ἐπιτείνοντος,

136 3166 213 3229 ὡς
236 3164 380 3236 ὑπὲρ
406 3163 562 3231 λόγον
588 3156 804 3215 εἶναιτὸ
820 3159 1001 3228 τάχος.
1037 3156 1191 3211 Ἐπεὶ
1212 3150 1303 3209 οὖν
1319 3152 1548 3226 χαλεπόν
1564 3154 1710 3206 ἐστιν

139 3258 175 3329 ἡ
208 3258 267 3310 ὲν
306 3253 518 3317 τούτοις
548 3251 764 3323 ὀξύτης,
805 3247 1138 3322 μακαριστὸν
1172 3246 1237 3300 ἂν
1277 3245 1360 3315 εἴη
1400 3244 1616 3307 πάντως
1650 3241 1711 3295 τὸ

141 3350 205 3416 ἐξ
223 3348 581 3419 ἀντιστρόφου
613 3345 914 3414 νοούμενον.
949 3342 1118 3396 Τοῦτο
1152 3341 1210 3394 δέ
1239 3343 1353 3392 ὲστι
1386 3338 1648 3408 πραότης,
1677 3336 1710 3404 ή

144 3439 282 3513 πρὸς
300 3440 403 3504 τάς
429 3437 681 3501 τοιαύτας
702 3437 800 3507 τῆς
831 3434 1045 3506 φύσεως
1069 3432 1243 3504 ὁρμὰς
1275 3429 1495 3500 βραδεῖᾶ
1530 3444 1589 3479 τε
1619 3426 1713 3478 καὶ

143 3531 462 3600 δυσκίνητος
509 3529 641 3596 ἕξις.
682 3527 948 3596 Καθάπερ
992 3525 1101 3595 γάρ
1140 3524 1199 3576 τὸ
1237 3521 1371 3591 πῦρ,
1412 3520 1714 3589 ἀεικίνητον

143 3622 241 3695 τὴν
280 3622 447 3692 φύσιν
473 3620 567 3673 ἐπὶ
594 3620 662 3673 τά
689 3618 801 3672 ἀνω
835 3616 976 3687 ἕχον,
1009 3613 1261 3685 ἀκίνητόν
1290 3614 1404 3665 ἐστι
1443 3609 1583 3662 κατὰ
1618 3609 1715 3679 τὴν

145 3714 395 3770 ιναντίαν
422 3710 593 3782 φοράν
614 3729 628 3740 ο
655 3709 744 3763 τὸν
772 3709 933 3763 αὑτὸν
960 3708 1161 3777 τρόπον
1184 3704 1278 3759 καὶ
1313 3705 1346 3773 ἡ
1383 3702 1551 3773 ἀρετὴ
1581 3701 1718 3772 πρὸς

145 3808 212 3863 τά
240 3808 359 3863 ἀνω
408 3805 503 3858 καὶ
549 3801 914 3872 ὑπερκείμενα
957 3798 1105 3864 ὀξεῖά
1152 3813 1236 3858 τις
1285 3790 1439 3858 οὖσα,
1479 3792 1573 3846 καὶ
1622 3792 1718 3860 οὐχ

147 3898 368 3970 ὑφιεῖσά
404 3912 533 3951 ποτε
581 3894 679 3964 τῆς
721 3891 1021 3963 ταχύτητος
1044 3928 1059 3953 ,
1100 3886 1399 3954 πεπέδηται
1443 3882 1578 3952 πρὸς
1623 3880 1721 3953 τὴν

147 3969 400 4043 ἐναντίαν
433 3985 629 4056 ὁρμήν.
663 3979 871 4037 Οὐκοῦν
902 3977 1090 4048 ἐπειδὴ
1131 3972 1411 4037 πλεονάζει
1448 3970 1589 4025 κατὰ
1623 3969 1722 4041 τὴν

148 4080 310 4151 φύσιν
354 4076 515 4148 ἡμῶν
547 4077 581 4147 ἡ
615 4072 753 4146 πρὸς
787 4071 856 4126 τὰ
899 4068 1043 4124 κακά
1074 4066 1334 4138 ταχύτης,
1369 4063 1546 4127 καλῶς
1571 4061 1634 4115 τὸ
1666 4062 1723 4115 ὲν

148 4174 260 4236 τοῖς
287 4169 549 4229 τοιούτοις
576 4162 818 4236 ἠρεμοῦν
850 4156 1229 4233 μακαρίζεται.
1260 4158 1334 4211 Τὸ
1367 4155 1475 4228 γὰρ
1503 4152 1724 4225 ἡσύχιον

151 4264 207 4316 ἐν
232 4260 470 4322 τούτοις,
503 4256 602 4327 τῆς
629 4255 766 4328 πρὸς
793 4253 862 4307 τά
897 4252 1009 4307 ἄνω
1038 4250 1306 4321 κινήσεως
1342 4246 1617 4318 μαρτυρία
1640 4244 1722 4314 γίο
1751 4247 1801 4308 D
1826 4241 2018 4299 Ρτοηιρ

151 4371 319 4409 νεται.
353 4351 617 4423 Κρεῖττον
645 4348 689 4400 δ’
716 4346 781 4399 ἂν
808 4345 894 4414 εἴη
916 4343 982 4396 δι’
1008 4340 1185 4396 αὑτῶν
1207 4340 1313 4393 τῶν
1335 4338 1474 4392 κατὰ
1498 4337 1588 4391 τὸν
1616 4335 1725 4406 βίον

153 4442 567 4513 ὑποδειγμάτων
589 4437 879 4510 σαφηνίσαι
907 4434 996 4489 τὸν
1025 4433 1179 4502 λόγον
1205 4448 1218 4463 ο
1259 4430 1427 4499 Διπλῆ
1457 4429 1557 4499 τῆς
1598 4428 1726 4482 ἑκά-

156 4554 283 4591 στου
337 4527 707 4605 προαιρέσεὼς
751 4529 899 4581 ἐστιν
948 4527 982 4596 ἠ
1025 4524 1274 4595 κίνησις,
1321 4522 1437 4576 κατ’
1483 4518 1728 4585 ἐξουσίαν

158 4628 295 4699 πρὸς
342 4624 406 4678 τὸ
450 4621 638 4676 δοκοῦν
680 4616 962 4690 προϊοῦσα,
988 4615 1138 4670 ἔνθεν
1172 4613 1307 4688 πρὸς
1353 4610 1724 4684 σωφροσύνην,

160 4716 373 4772 ἐκεῖθεν
407 4711 545 4784 πρὸς
570 4710 631 4764 τὸ
655 4708 969 4765 ἀκόλαστον.
1002 4705 1070 4760 Ὃ
1098 4705 1143 4759 δ’
1172 4705 1265 4759 ἐπὶ
1296 4704 1491 4776 μέρους
1517 4701 1728 4773 εἴρηται

158 4808 253 4863 τοῦ
297 4804 453 4865 κατὰ,
481 4802 580 4874 τὴν
618 4798 816 4873 ἀρετὴν
847 4799 942 4852 καὶ
975 4797 1173 4853 κακίαν
1202 4795 1396 4859 εἴδους,
1438 4792 1597 4848 τοῦτο
1640 4791 1733 4846 καὶ

1809 3044 2098 3101 cacumine
2123 3040 2324 3094 montis
2355 3039 2410 3092 in
2441 3049 2684 3106 praeceps
2729 3029 3075 3087 excutiantur
3103 3031 3157 3078 et
3189 3022 3378 3075 detur-

1812 3138 2029 3199 bentur,
2074 3140 2226 3186 tanto
2265 3134 2470 3197 impetu
2522 3122 2743 3195 propria
2774 3119 2917 3173 mole
2965 3127 3189 3169 cursum
3242 3109 3378 3162 inci-

1813 3236 1982 3290 tante,
2019 3227 2072 3279 in
2104 3223 2413 3294 subjectum
2453 3218 2723 3277 feruntur,
2772 3220 2833 3265 ut
2858 3223 2921 3263 ea
2947 3205 3200 3260 celeritas
3232 3198 3377 3253 nulla

1811 3321 2058 3376 oratione
2082 3315 2309 3384 exprimi
2337 3310 2529 3382 possit.
2579 3304 2851 3373 Quoniam
2879 3300 3045 3372 igitur
3079 3312 3167 3351 res
3217 3290 3378 3346 noxia

1815 3422 1976 3481 atque
2011 3408 2316 3478 periculosa
2367 3404 2422 3455 in
2458 3401 2543 3454 his
2573 3398 2837 3451 velocitas
2866 3401 2972 3455 est,
3008 3389 3227 3443 beatum
3264 3396 3382 3434 om-

1812 3471 1944 3557 nino
1979 3471 2282 3552 habendum
2321 3491 2481 3545 fuerit
2531 3487 2582 3541 id
2617 3484 2763 3556 quod
2809 3498 2876 3537 ex
2911 3481 3141 3532 adverso
3177 3471 3381 3528 intelli—

1815 3593 1981 3663 gitur.
2034 3587 2093 3643 1d
2148 3593 2327 3638 autent
2385 3579 2579 3635 lenitas
2640 3583 2744 3638 est,
2798 3571 3057 3626 nimirum
3123 3565 3383 3619 adversus

1814 3654 2085 3752 ejusmodi
2143 3683 2354 3731 natura:
2423 3671 2658 3737 impetus
2725 3671 2780 3719 et
2847 3661 3120 3731 appetitus
3197 3654 3385 3708 tardus

1817 3747 2022 3844 pariter
2071 3776 2331 3836 motuque
2378 3761 2612 3817 ditlicilis
2670 3755 2891 3811 habitus
2952 3762 3006 3807 et
3068 3747 3381 3804 assuetndo.

1817 3859 2282 3932 Quemadmodum
2333 3854 2478 3910 enim
2548 3848 2713 3922 ignis,
2777 3846 2871 3917 qui
2921 3852 3114 3898 natura
3168 3852 3386 3894 sursum

1818 3968 2010 4009 versus
2040 3963 2252 4019 semper
2302 3951 2570 4007 movetur,
2607 3937 2904 3995 immobilis
2958 3935 3013 3989 in
3050 3930 3387 3987 contrarium

1820 4061 2044 4103 cursum
2072 4048 2194 4099 est:
2242 4040 2433 4096 eodem
2481 4034 2643 4089 modo
2674 4033 2852 4086 virtus
2900 4040 3121 4099 quoque
3148 4038 3271 4077 cum
3322 4021 3389 4073 ad

1823 4136 2144 4208 superiora,
2205 4141 2536 4198 sursumque
2583 4137 2779 4179 versus
2828 4134 2993 4182 acer,
3044 4118 3307 4184 veloxque
3339 4122 3392 4167 et

2020 4233 2074 4279 ta
2108 4222 2198 4285 sit,
2228 4220 2474 4289 nihilque
2505 4229 2744 4285 unquam
2785 4211 2852 4266 de
2901 4207 3182 4263 celeritate
3209 4203 3394 4258 remit-

1830 4296 1925 4386 tat,
1959 4318 2026 4374 ad
2078 4314 2415 4371 contrarium
2469 4319 2673 4364 motum
2729 4303 2977 4358 tardatur
3027 4307 3082 4353 et
3136 4296 3392 4365 impedita

1827 4424 1930 4469 est.
1984 4409 2127 4479 Ergo
2172 4406 2299 4476 quia
2346 4403 2513 4458 nimia
2565 4400 2622 4453 in
2679 4404 2877 4450 natura
2931 4398 3120 4446 nostra
3153 4388 3219 4440 ad
3254 4387 3393 4440 mala

1830 4502 2092 4558 velocitas
2119 4506 2225 4561 est,
2254 4504 2399 4549 recte
2421 4495 2475 4547 in
2501 4489 2703 4544 talibus
2742 4485 2900 4556 quies
2927 4492 2982 4538 et
3012 4482 3206 4538 lenitas
3239 4479 3395 4533 beata

1826 4593 2124 4665 jndicatur.
2175 4586 2307 4641 Nam
2353 4585 2522 4637 otium
2557 4589 2611 4636 et
2654 4578 2813 4649 quies
2859 4584 3025 4646 atque
3078 4573 3314 4628 cessatio
3366 4584 3398 4623 a

1836 4686 2033 4747 malis,
2089 4687 2271 4736 motus
2327 4675 2392 4730 ad
2455 4685 2692 4742 superna
2730 4667 3101 4724 testimonium
3158 4663 3396 4718 exsistit.

1836 4776 2189 4836 Commodius
2221 4777 2400 4826 autem
2433 4766 2591 4821 fuerit
2628 4777 2725 4833 per
2752 4761 2869 4831 ipsa
2897 4758 3165 4824 exempla,
3196 4770 3317 4824 quae
3348 4753 3400 4806 in

160 4901 252 4955 ἐπὶ
283 4860 489 4959 παντδς
515 4848 759 4946 vesicam.
773 4848 1192 4961 ’Σχιξὲξᾶιξᾶρ
1210 4848 1436 4952 πάντως
1473 4884 1608 4957 πρὸς
1637 4883 1703 4939 τὰ

1877 4873 1949 4926 ita
2011 4863 2288 4923 communi
2355 4857 2654 4923 accidunt,
2725 4852 3030 4906 orationem
3098 4848 3401 4903 declarare.

2178 4959 2187 4961 -
2340 4956 2353 4961 -
2659 4948 2672 4961 .
3176 4949 3249 4961 μ,
3339 4937 3401 4961 ω,

161 4989 412 5052 ἐναντίας
438 4937 615 5058 ὁρμὰς
642 4982 704 5036 τὸ
735 4937 1074 5052 ἀνθ’ῥάῖἷτζξᾷν
1589 4937 1703 5047 ,πρδ

1877 4963 2046 5034 triplex
2100 4956 2535 5026 uniuscujusque
2587 4945 2887 5003 voluntatis
2940 4948 3122 4997 motus
3171 4949 3296 5001 est,
3337 4937 3402 4990 ad

2020 5057 2023 5058 ν
2351 5048 2361 5058 ·
2525 5043 2547 5058 -
2645 5042 2683 5058 οι
2736 5034 3090 5058 “Anu”---
3164 5032 3289 5058 LL...
3340 5030 3402 5058 ..ιι

162 5030 1038 5145 ἐπιείκε-ῖανΓάννῖιδιαιρουμξνου,
1053 5030 1100 5141 ’ἢ
1339 5030 1483 5139 ’πρὸς
1522 5030 1703 5140 μετριό

1878 5030 2126 5114 rbitrium
2157 5066 2266 5124 quo
2316 5048 2492 5103 visum
2522 5042 2688 5098 fuerit
2735 5034 3114 5110 progrediens,
3164 5032 3291 5085 hinc
3339 5030 3406 5083 ad

2625 5134 2639 5145 .
2714 5134 2726 5145 .
3252 5121 3404 5145 num,

164 5190 304 5245 τητα
323 5211 342 5238 ,
375 5167 411 5241 ἢ
456 5166 649 5238 φθόνου
697 5121 1130 5239 πρδςΓεύνοίανο,
1178 5121 1222 5232 ἢ.
1244 5121 1563 5230 δυσμενείας
1600 5121 1703 5232 πρὸ

1877 5147 2300 5222 emperantiam,
2361 5140 2512 5195 illinc
2575 5134 2642 5189 ad
2714 5122 3187 5187 incontinentiam.
3252 5121 3408 5189 Quod

2058 5241 2070 5245 -
2245 5242 2253 5245 -
2354 5232 2363 5243 ·
2405 5238 2416 5245 -
2467 5228 2534 5245 -υ
2574 5225 2794 5245 κίε-εε-η-
2850 5221 3039 5245 ιιι-...ιη
3068 5216 3270 5245 ,ι;,.......,
3301 5222 3380 5245 Δρ.

166 5216 522 5335 ἀγαπῖητίκῆν
553 5254 648 5313 καὶ
679 5216 959 5327 είνρηνικὴν
991 5216 1359 5306 ωνδιάόεσιν..
1385 5216 1600 5321 Ἐπειδὴ
1630 5216 1703 5303 τοι

1880 5252 2027 5299 utem
2058 5241 2114 5294 in
2140 5242 2293 5307 parte
2315 5228 2539 5286 virtutis
2571 5225 2798 5295 vitiique
2850 5221 3039 5275 ἴοι-[ηερ
3066 5216 3272 5271 dictum
3300 5222 3408 5277 est,

2132 5330 2143 5335 -
2334 5324 2344 5335 ·
2394 5330 2405 5335 -
2450 5319 2501 5335 η’
2715 5312 2995 5335 ο-εμΔε-....
3019 5309 3158 5335 ...ςιηι
3185 5318 3408 5335 unum“,

170 5309 264 5409 νύν
288 5309 500 5422 sicsi};
534 5347 632 5420 μιν
655 5348 684 5401 ὁ
708 5309 1044 5416 ἑνόρώτὲινος
1083 5344 1231 5415 βίος,
1258 5344 1385 5416 περὶ
1409 5344 1464 5398 δὲ
1486 5309 1703 5408 τάςίλα

1877 5351 1952 5393 ioc
1970 5336 2026 5389 in
2055 5330 2310 5386 universo
2333 5319 2688 5389 intelligatur.
2715 5312 2995 5369 Scinditur
3017 5309 3160 5363 enim
3185 5318 3412 5377 prorsus

172 5446 242 5503 τι
274 5443 427 5515 πάθη
444 5396 598 5509 ξ’πὲν
627 5437 684 5494 δι
715 5396 885 5501 πάέος
902 5396 1104 5504 ’ὀξείιᾶ
1119 5396 1233 5509 sic;
1260 5396 1353 5491 ᾇᾴὶ
1374 5396 1703 5509 eaex...

1879 5447 1913 5487 ιι
1969 5418 2276 5483 contrarios
2332 5411 2608 5484 appetitus
2657 5413 2852 5462 natura
2914 5412 3079 5472 atque
3137 5396 3408 5470 ingenium

251 5624 272 5657 ⁵
304 5625 350 5686 ιι
379 5626 507 5683 Cor.
541 5641 593 5681 ιι
617 5664 633 5694 ,
675 5623 695 5677 1
732 5636 853 5694 sqq.
930 5618 951 5650 '
988 5616 1133 5673 Psal.
1160 5630 1302 5683 xvn,
1334 5614 1400 5668 17
1433 5628 1552 5685 sqq.
1629 5612 1649 5642 ⁸⁵
1686 5611 1703 5666 (

1884 5649 1900 5667 .
1933 5623 2007 5674 ιι,
2038 5605 2091 5663 9.
2167 5603 2187 5634 ⁷
2230 5596 2419 5656 Matth.
2454 5613 2509 5663 ν,
2540 5595 2592 5650 i.
2667 5595 2689 5627 ⁸
2726 5590 2882 5648 Joan.
2912 5605 3002 5658 xv,
3038 5587 3088 5642 1.
