3738 5984
366 157 506 213 ﬁlii

364 270 684 332 humanum,
708 285 838 324 cum
868 271 950 325 vel
982 271 1263 327 iracundia
1296 289 1391 344 per
1442 274 1717 328 lenitatem
1766 280 1928 344 a‘tque
1959 284 1999 338 Α

365 361 775 430 benignitatem,
820 364 902 418 vel
936 365 1188 433 superbia
1242 380 1335 435 per
1376 366 1697 421 modestiam
1728 378 1781 420 ct
1809 382 1927 418 mo-

366 450 727 516 derationem,
754 455 835 508 vel
868 455 1070 509 invidia
1100 471 1196 526 per
1223 456 1484 521 favorem,
1532 458 1614 511 vel
1662 458 1844 511 odium
1876 467 1930 512 et

367 542 623 600 simultas
671 560 766 614 per
821 547 1102 616 paciﬁcum
1168 555 1221 601 et
1274 547 1508 601 amicum
1563 547 1812 601 allectum
1864 562 1927 601 ex

365 636 649 689 contrario
689 637 1019 692 declaratur.
1070 636 1338 702 Quoniam
1382 639 1546 708 igitur
1571 641 1677 693 vita
1710 638 1928 707 quidem

365 724 602 780 humana
637 728 934 782 materialis
979 739 1031 783 et
1074 744 1261 784 crassa
1302 738 1422 784 est:
1477 730 1621 783 circa
1673 729 1929 783 materias

368 824 547 871 autem
580 818 1020 886 perturbationes
1060 830 1113 875 et
1143 819 1370 875 aﬁ‘ectus
1401 828 1689 875 versantur
1718 837 1731 873 :
1765 827 1930 892 atque

367 908 549 962 omnis
599 904 828 963 allectus
874 909 1131 972 celerem,
1188 910 1507 974 violentum,
1558 910 1930 979 irrepressibi-

364 995 581 1066 lemque
601 997 764 1053 habet
787 999 1083 1068 appetitum
1107 1001 1445 1069 et‘impetuin
1470 1001 1535 1054 ad
1563 999 1928 1069 expletionem

365 1086 667 1140 voluntatis
702 1085 1051 1156 (ponderosa
1103 1090 1246 1142 enim
1295 1098 1348 1143 et
1388 1089 1642 1144 deorsum
1697 1104 1931 1160 vergens

367 1178 595 1231 materia
625 1184 730 1245 cst)
757 1196 772 1236 :
808 1178 1011 1232 idcirco
1042 1181 1229 1233 beatos
1257 1180 1467 1250 judicat
1502 1178 1763 1235 Dominus
1817 1195 1925 1234 non

367 1280 463 1321 eos
518 1269 610 1338 qui
659 1278 813 1322 extra
864 1269 1114 1324 allectum
1163 1279 1216 1325 et
1270 1271 1736 1345 perturbationem
1789 1272 1930 1341 apud

369 1357 582 1427 seipsos
617 1358 804 1413 vivunt
853 1358 1007 1430 (fieri
1053 1360 1198 1415 enim
1247 1375 1353 1414 non
1387 1369 1584 1431 potest,
1620 1370 1679 1416 ut
1731 1362 1787 1415 in
1828 1364 1932 1417 vita

369 1452 639 1505 materiali
667 1494 684 1518 ,
737 1454 979 1507 materia:
1040 1456 1258 1522 penitus
1304 1463 1357 1509 et
1405 1456 1699 1509 alfectuum
1738 1472 1933 1527 expers

366 1541 476 1594 vita
508 1542 828 1612 exigatur);
861 1542 957 1598 sed
996 1553 1264 1613 quatenus
1290 1545 1668 1615 progrediendi
1700 1546 1931 1601 facultas

367 1637 473 1697 est,
504 1632 726 1689 virtutis
774 1636 1084 1698 terminum,
1123 1646 1176 1689 et
1202 1635 1420 1689 modum
1448 1638 1501 1691 in
1548 1637 1679 1701 vita,
1719 1654 1840 1707 quae
1874 1639 1926 1691 in
1968 1626 2004 1678 Β

368 1735 537 1776 carne
566 1723 905 1792 transigitur,
935 1724 1210 1778 lenitatem
1239 1724 1393 1788 dicit,
1423 1740 1486 1779 ac
1511 1726 1643 1781 satis
1674 1726 1739 1780 ad
1761 1726 1931 1782 beati-

368 1812 678 1867 ﬁcationem
712 1829 835 1869 esse
867 1816 963 1879 ait,
997 1816 1041 1871 si
1079 1816 1201 1884 quis
1234 1817 1373 1872 lenis
1405 1826 1459 1871 et
1490 1825 1810 1873 mansuetus
1842 1818 1929 1872 sit.

367 1901 485 1956 Non
516 1905 659 1958 enim
697 1906 911 1974 penitus
940 1907 1269 1961 vacuitatem
1319 1907 1633 1970 affectuum,
1679 1918 1735 1963 et
1762 1910 1935 1979 impa—

371 1994 675 2048 tibilitatem
710 1997 958 2051 Immanze
1010 2006 1219 2051 natura:
1263 1999 1568 2066 praescribit
1602 2001 1748 2070 (non
1790 2001 1931 2054 enim

368 2085 506 2153 tequi
556 2087 885 2155 legislatoris
926 2095 1012 2142 est
1065 2103 1127 2143 ea
1174 2088 1369 2157 jubere
1414 2106 1537 2159 qua).
1586 2100 1778 2145 natura
1827 2107 1934 2145 non

369 2176 513 2243 rapit
540 2192 639 2230 nec
665 2177 931 2243 admittit;
963 2193 1087 2231 nam
1131 2179 1183 2232 id
1232 2181 1453 2247 perinde
1497 2188 1579 2233 est
1630 2195 1692 2233 ac
1736 2182 1780 2234 si
1811 2183 1935 2250 quis

368 2266 630 2333 aquatilia
663 2266 913 2321 traducat
947 2270 1012 2322 ad
1044 2268 1247 2322 aeriam
1282 2269 1474 2333 vitam,
1508 2280 1593 2324 aut
1633 2281 1824 2325 contra
1868 2272 1935 2325 ad

370 2370 567 2425 aquam
598 2358 829 2411 deducat
860 2373 923 2412 ea
980 2373 1100 2429 quae
1139 2360 1192 2412 in
1242 2374 1367 2415 aere
1398 2361 1588 2414 vivunt
1616 2380 1630 2416 :
1662 2362 1758 2416 sed
1805 2377 1937 2416 con-

368 2447 517 2501 venit
573 2448 639 2502 ad
701 2450 952 2519 preprias
1009 2458 1063 2506 et
1118 2452 1394 2507 naturales
1456 2452 1600 2507 vires
1652 2460 1831 2523 aptam
1884 2461 1937 2508 et

370 2538 863 2594 accommodatam
896 2557 1020 2597 esse
1051 2542 1280 2613 legem).
1317 2542 1524 2598 Idcirco
1567 2550 1626 2596 ut
1673 2544 1936 2597 moderati

369 2630 574 2698 pariter
599 2638 652 2684 et
693 2631 845 2687 lenes
871 2633 1067 2698 simus,
1103 2649 1233 2699 non,
1275 2647 1334 2689 ut
1371 2634 1663 2689 aﬂ‘ectuum
1709 2651 1937 2704 prorsus

368 2731 641 2787 expertes,
666 2728 719 2775 et
740 2736 769 2773 a
791 2725 1297 2791 perturbationibus
1323 2725 1545 2779 omnino
1569 2726 1723 2780 vacui
1743 2727 1936 2791 simus,

370 2804 703 2863 beatiﬁcatio
734 2826 837 2867 nos
868 2813 1161 2880 hortatur;
1195 2831 1319 2869 nam
1351 2817 1451 2871 hoc
1473 2817 1692 2887 quidem
1725 2821 1938 2875 excedit

369 2903 645 2962 naturam,
718 2899 852 2954 illud
894 2917 1023 2957 vero
1069 2904 1269 2959 virtute
1317 2907 1630 2963 coniicitur.
1668 2905 1724 2962 Si
1761 2909 1930 2978 igitur

371 2992 803 3048 immobilitatetn
835 2995 902 3050 ad
929 2997 1281 3067 cupiditatem
1311 3000 1636 3056 beatificatio
1674 3002 2000 3071 institueret,

1618 156 1671 211 S.
1707 155 2028 212 liREGORlI
2066 154 2357 211 NYSSENI

3503 151 3657 206 iiii“:

2030 279 2126 347 τὴν
2187 278 2362 347 ὁρμὴν
2414 275 2547 345 πρὸς
2594 273 2693 343 τὴν
2742 272 3092 343 ἐκπλήρωσιν
3159 268 3254 322 τοῦ
3308 268 3655 337 θελήματος

2032 371 2246 441 (βαρεῖα
2276 369 2385 439 γὰρ
2415 367 2508 420 καὶ
2538 365 2864 435 κατωφερης
2883 354 2927 433 ’ἡ
2947 360 3071 432 ὕλη)
3095 380 3107 391 ·
3131 360 3221 413 διὰ
3236 358 3408 412 τοῦτο
3454 375 3655 428 μακα-

2033 462 2168 532 ρίζει
2197 461 2225 512 ὁ
2260 460 2491 530 Κύριος,
2523 458 2584 511 οὑ
2615 458 2739 520 τοὺς
2772 455 2874 520 ἔξω
2906 454 3108 516 πάθους
3143 453 3228 519 ἐφ’
3254 448 3494 503 ἑαυτῶν
3532 450 3653 517 βιο-

2028 551 2279 612 τεύοντας
2300 550 2390 616 (οὐ
2412 548 2519 618 γάρ
2547 547 2768 601 δυνατόν
2802 549 2947 599 ἐστιν
2972 547 3029 597 ἐν
3053 541 3240 595 ὑλώδει
3264 540 3388 611 ζωῇ
3412 540 3524 592 τὸν
3556 540 3653 593 6-3-

2028 641 2117 693 λον
2141 640 2258 693 καθ’
2281 641 2400 693 ὅλου
2429 642 2519 693 καὶ⁸
2541 638 2724 707 ἀπαθῆ
2765 635 3170 708 κατορθωθῆναι
3196 630 3531 702 βίον),ἁ>.ὶὰ
3558 631 3649 683 τὸ)

2030 732 2372 801 ἐνδεχόμενον
2404 731 2503 801 τῆς
2539 728 2740 801 ἀρετῆς
2768 728 2891 799 ὅρον
2932 730 2990 779 ὲν
3023 729 3090 807 τῇ
3126 725 3215 779 διὰ
3250 723 3475 793 σαρκὸς
3526 722 3646 789 ζωῇ

2029 823 2126 893 τὴν
2157 821 2441 892 πραότητα
2467 820 2633 888 λέγει,
2671 818 2765 871 καὶ
2800 817 2981 869 ἱκανὸν
3024 817 3104 877 εἰς
3141 812 3522 884 μακαρισμὸν
3587 811 3647 863 τὸ

2033 913 2202 983 πρᾶον
2243 907 2380 962 εἷναί
2419 925 2603 980 φησιν.
2651 907 2726 959 Οὑ
2771 905 2879 975 γὰρ
2926 903 3154 957 καθόλου
3201 900 3300 970 τὴν
3344 896 3646 950 ἀπάθειαν

2031 1002 2309 1073 νομοθετεῖ
2349 1004 2414 1071 τῇ
2467 998 2780 1071 ἀνθρωπίνῃ
2828 995 3024 1064 φύε-εν
3070 992 3192 1046 οὑδὲ
3241 992 3356 1059 γὰρ
3404 987 3645 1040 δικαίου

2031 1091 2319 1161 νομοθέτου
2346 1090 2405 1142 τὸ
2434 1089 2604 1142 ταῦτα
2633 1085 2892 1150 κελεύειν,
2919 1085 3021 1137 ὅσα
3041 1085 3076 1153 ἡ
3101 1081 3260 1150 φύσις
3281 1080 3349 1131 οὑ
3377 1077 3638 1146 δέχεται·

2031 1182 2093 1235 τὸ
2124 1181 2230 1251 γὰρ
2266 1180 2503 1234 τοιοῦτον
2548 1167 2731 1249 ὅμοιόν
2775 1179 2940 1239 ἐστιν,
2995 1173 3181 1243 ὥσπερ
3226 1170 3290 1223 ἂν
3338 1169 3398 1220 εἴ
3439 1184 3541 1229 τις
3573 1168 3641 1218 τὰ

2033 1273 2226 1342 ἔνυδρα
2264 1271 2557 1342 μετοικίζοι
2597 1268 2734 1339 πρὸς
2764 1268 2854 1321 τὸν
2896 1265 3140 1336 ἐναέριον
3172 1263 3319 1332 βίον,
3359 1259 3392 1329 ἢ
3426 1258 3501 1309 τὸ
3539 1256 3641 1324 ἔμ-

2036 1366 2195 1420 παλιν
2225 1365 2319 1416 ἐπὶ
2344 1363 2403 1416 τὸ
2431 1361 2595 1431 ὕδωρ,
2626 1362 2724 1413 ὅσα
2750 1357 2827 1426 τῷ
2859 1358 2978 1427 ἀέρι
3011 1354 3318 1425 ὲμὸιοτεύει
3342 1372 3355 1380 ·
3382 1348 3540 1401 ἀλλᾶ
3573 1349 3637 1415 τῇ

2033 1456 2208 1524 οἰκείᾳ
2237 1454 2329 1506 καὶ
2352 1451 2493 1505 κατὰ
2519 1450 2679 1519 φύσιν
2697 1449 2919 1519 δυνάμει
2946 1446 3250 1516 πρόσφορον
3278 1436 3423 1492 εἶναι
3454 1453 3638 1507 προςο

2035 1547 2154 1616 ήκει
2202 1545 2292 1596 τὸν
2324 1542 2503 1611 νόμον.
2558 1540 2656 1593 Διὰ
2677 1539 2832 1593 τοῦτο
2860 1537 2918 1590 τὸ
2966 1534 3181 1605 μέτριόν
3206 1548 3264 1583 τε
3299 1530 3401 1581 καὶ
3447 1528 3637 1596 πρᾶον

2034 1639 2062 1689 ὀ
2087 1636 2448 1707 μακαρισμὸς,
2470 1634 2528 1686 οὑ
2550 1634 2610 1685 τὸ
2636 1631 2978 1684 παντάπασιν
2998 1626 3203 1687 ἀπαθὲς
3241 1620 3635 1690 ὲγκελεύεται·

2033 1728 2093 1779 τὸ
2118 1726 2215 1796 μὲν
2248 1724 2354 1797 γὰρ
2381 1724 2484 1787 ἔξω
2509 1725 2605 1793 τῆς
2631 1721 2841 1790 φύσεως
2864 1759 2876 1783 ,
2912 1718 2972 1770 τὸ
2999 1716 3055 1769 δὲ
3079 1715 3144 1766 δι’
3176 1712 3382 1784 ἀρετῆς
3415 1724 3635 1777 κατορ-

2035 1816 2312 1888 θούμενον.
2363 1816 2426 1868 Εἰ
2481 1810 2574 1866 οὖν
2629 1812 2689 1864 τὸ
2738 1810 2994 1879 ἀκίνητον
3055 1805 3188 1875 πρὸς
3243 1802 3562 1870 ἐπιθυμίαν
3608 1801 3635 1851 ὁ

2038 1907 2380 1978 μακαρισμὸς
2415 1903 2728 1967 ὑπετίθετο,
2775 1900 3028 1967 ἀνόνητος
3064 1897 3128 1948 ἂν
3164 1890 3232 1964 ἦν
3263 1892 3346 1962 τῷ
3388 1890 3497 1960 βίῳ
3537 1889 3631 1940 καὶ

2033 2000 2301 2069 ἄχρηστος
2342 1999 2374 2067 ή
2412 1995 2656 2062 εὐλογία·
2703 1991 2784 2056 τίς
2816 1991 2924 2059 γὰρ
2973 1989 3037 2041 ἂν
3069 1986 3162 2040 τοῦ
3191 1984 3443 2037 τοιούτου
3494 1978 3630 2032 καθο

2038 2090 2205 2143 ίκοιτο
2222 2089 2383 2159 σαρκὶ
2420 2088 2511 2140 καὶ
2531 2086 2721 2155 αἵματι
2744 2079 3189 2149 συνεζευγμένος;
3214 2077 3353 2128 Νυνὶ
3370 2074 3431 2126 δέ
3458 2089 3629 2141 φησιν

2034 2178 2094 2230 οὐ
2126 2181 2216 2230 τον
2244 2176 2397 2229 ἐπιθυ
2407 2177 2478 2245 μή
2489 2190 2651 2228 σαντα
2675 2173 2817 2224 κατά
2841 2187 2961 2223 τινα
2978 2166 3265 2235 συντυχίαν
3290 2160 3439 2215 εἶναι
3457 2160 3629 2213 κατά-

2034 2285 2218 2338 κριτον
2245 2307 2259 2333 ,
2295 2268 2429 2320 ἀλλὰ
2470 2267 2560 2318 τὸν
2592 2267 2655 2317 ὲκ
2698 2262 2950 2334 προνοίας
2987 2260 3047 2312 τὸ
3085 2259 3255 2321 πάθος
3304 2255 3629 2309 ἐπισπασὲ-

2038 2376 2215 2429 μενον·
2247 2360 2320 2411 Τδ
2353 2361 2448 2429 μὲν
2481 2357 2590 2428 γὰρ
2620 2355 2936 2424 ἐγγενέσθαι
2964 2352 3092 2406 ποτὲ
3130 2350 3388 2417 τοιαύτην
3418 2345 3626 2417 ὁρμὴν,

2035 2458 2069 2527 ἡ
2127 2456 2547 2526 συγκεκραμενη
2597 2455 2663 2523 τῇ
2713 2451 2871 2519 φύσει
2916 2448 3172 2507 πολλάκις
3228 2445 3491 2498 ἀσθένεια
3534 2444 3630 2493 καὶ

2038 2547 2186 2617 παρὰ
2218 2545 2440 2616 γνώμην
2480 2541 2920 2619 παρασκευάζει·
2967 2539 3026 2592 τὸ
3071 2538 3127 2590 δὲ
3183 2537 3258 2606 μὴ
3306 2534 3625 2606 χειμάρρσλ

2034 2640 2189 2708 δίκην
2232 2636 2626 2708 παρενεχθῆναι
2657 2637 2722 2705 τῇ
2752 2632 2844 2686 τοῦ
2890 2632 3089 2693 πάθους
3138 2629 3306 2699 ὁρμῇ,
3357 2626 3476 2679 ἀλλ’
3529 2625 3623 2675 ἀν-

2034 2729 2232 2800 δρικῶς
2261 2729 2396 2799 πρὸς
2433 2727 2530 2798 τὴν
2558 2724 2809 2795 τοιαύτην
2845 2723 3085 2776 διάθεσιν
3125 2718 3339 2787 στῆναι,
3384 2717 3483 2768 καὶ
3512 2716 3624 2771 τοίς

2035 2819 2314 2890 λογισμοῖς
2360 2819 2419 2871 τὸ
2458 2817 2628 2880 πάθος
2669 2814 2989 2869 ἀπώσασθαι
3016 2852 3030 2873 ,
3071 2810 3228 2863 τοῦτο
3264 2807 3367 2877 τῆς
3416 2803 3623 2875 ἀρετῆς

2037 2911 2196 2982 ἔργον
2238 2911 2403 2962 ἐστίν.

2037 3006 2244 3060 nullius
2270 3021 2407 3061 usus
2429 3014 2598 3065 esset,
2656 3002 2904 3070 nihilque
2957 2994 3256 3066 adiumenti
3311 2992 3381 3046 ad
3446 2991 3621 3044 vitam

372 3076 676 3135 benedictio
725 3081 958 3140 afferret.
995 3085 1170 3156 (Quis
1203 3090 1346 3142 enim
1387 3091 1540 3143 carui
1570 3100 1624 3145 et
1670 3093 1923 3163 sanguini
1994 3096 2323 3165 conjunctus
2385 3095 2439 3149 id
2493 3095 2711 3164 assequi
2752 3091 3011 3162 posset?)
3064 3086 3219 3141 Nune
3271 3092 3456 3138 autem
3508 3096 3619 3136 non

369 3190 498 3231 eum
543 3179 635 3247 qui
672 3179 856 3248 aliquo
881 3195 1013 3235 casu
1037 3184 1397 3250 concupierit,
1424 3182 1519 3238 sed
1552 3185 1643 3253 qui
1680 3186 1932 3242 consulto
1970 3187 2162 3242 vitium
2227 3188 2332 3243 sibi
2393 3187 2651 3242 asciverit
2681 3195 2734 3239 et
2755 3182 3111 3245 contraxerit,
3136 3176 3617 3234 condemnandum

370 3284 493 3326 csse
520 3271 613 3324 ait.
644 3269 778 3323 Nam
810 3279 869 3324 ut
900 3272 1216 3327 innascatur
1242 3274 1535 3345 aliquando
1570 3277 1693 3332 talis
1766 3280 2066 3347 appetitus,
2135 3295 2280 3350 saepe
2347 3279 2641 3333 inﬁrmitas
2690 3276 2857 3332 insita
2909 3283 3139 3335 naturae,
3195 3271 3361 3323 etiam
3415 3272 3621 3337 prarter

370 3361 538 3416 animi
586 3364 909 3417 sententiam
945 3363 1146 3420 ellicit:
1204 3381 1391 3421 verum
1448 3384 1558 3424 non
1607 3370 1664 3424 in
1710 3370 1932 3426 modum
1971 3373 2232 3428 torrentis
2298 3373 2505 3442 impetu
2565 3367 2998 3441 perturbationis
3047 3374 3426 3419 transversum
3474 3358 3617 3426 rapi,

375 3454 467 3509 sed
522 3453 727 3510 utiliter
778 3454 1039 3511 adversus
1086 3455 1357 3526 ejusmodi
1412 3458 1829 3531 dispositionem
1883 3472 1937 3518 et
1975 3461 2226 3518 affectum
2291 3464 2615 3528 consistere,
2680 3470 2736 3515 et
2791 3459 3095 3514 rationibus
3146 3453 3614 3526 perturbatione-1i

379 3544 654 3600 discutere
708 3553 874 3615 atque
943 3546 1310 3612 submovere,
1385 3549 1491 3606 hoc
1565 3553 1787 3609 virtutis
1852 3563 1937 3609 est
1970 3570 2131 3624 opus.

442 3633 590 3690 Beati
619 3635 782 3705 igitur
817 3635 932 3701 illi,
976 3637 1067 3706 qui
1110 3637 1174 3691 ad
1226 3641 1572 3707 perturbatos
1620 3651 1674 3697 et
1708 3643 1933 3698 vitiosos
1965 3652 2009 3711 ρ

371 3725 538 3779 animi
568 3734 746 3780 motus
767 3765 781 3790 ,
810 3742 915 3779 non
946 3727 1243 3795 proclives,
1278 3731 1583 3801 praecipites
1607 3739 1773 3801 atque
1804 3747 1936 3801 pro—

375 3818 525 3888 pensi
552 3857 567 3880 ,
600 3816 694 3872 sed
727 3817 936 3872 ratione
965 3817 1138 3873 sedati
1169 3828 1335 3888 sunt;
1366 3822 1421 3875 in
1466 3823 1669 3892 quibus
1713 3823 1941 3877 ratioci-

372 3911 524 3962 natio
554 3910 721 3964 veluti
770 3908 982 3965 frenum
1026 3910 1299 3987 quoddam
1332 3913 1566 3984 impetus
1599 3916 1901 3984 reprimens
1923 3956 1936 3980 ,

372 4015 484 4056 non
532 4001 664 4055 sinit
710 4001 950 4055 animum
1001 4003 1068 4057 ad
1114 4005 1546 4070 immodestiam,
1593 4006 1939 4062 insolentiam

372 4108 438 4148 ac
468 4093 930 4163 perturbationem
976 4096 1088 4165 rapi
1133 4106 1296 4167 atque
1322 4099 1525 4155 eﬂ‘erri.
1560 4099 1728 4171 Magis
1759 4109 1938 4155 autem

374 4183 428 4239 id
460 4183 658 4253 aliquis
714 4199 939 4240 eernere
972 4190 1145 4255 possit
1185 4187 1236 4241 in
1270 4205 1333 4242 ea
1372 4191 1777 4257 perturbatione
1821 4208 1942 4262 quae

373 4288 471 4345 per
498 4273 835 4328 iracundiam
864 4277 1166 4347 contingit,
1193 4293 1355 4346 quam
1393 4280 1547 4334 beata
1580 4297 1665 4337 res
1694 4282 1939 4337 habenula

378 4364 570 4418 lenitas
601 4365 693 4419 sit.
726 4363 1087 4437 Posteaquam
1129 4369 1274 4423 enim
1324 4372 1402 4426 vel
1451 4372 1699 4436 verbum,
1730 4376 1809 4428 vel
1862 4375 1941 4427 fa—

376 4462 562 4522 ctum,
615 4457 698 4510 vel
747 4458 992 4527 suspicio
1044 4462 1326 4516 molestior
1371 4464 1660 4534 minusque
1699 4464 1939 4533 jucunda

372 4560 497 4601 eum
531 4547 777 4600 morbum
808 4552 1161 4605 commoverit
1181 4593 1195 4616 ,
1227 4561 1277 4607 et
1312 4555 1535 4623 sanguis
1563 4556 1709 4609 circa
1742 4572 1838 4610 cor
1862 4556 1943 4611 ef-

374 4635 667 4701 ferbnerit,
697 4644 750 4692 et
781 4637 996 4693 animus
1024 4642 1328 4698 concitatus
1359 4642 1523 4698 fuerit
1569 4645 1623 4699 in
1657 4647 1938 4711 ultionem,

374 4726 829 4798 quemadmodum
860 4728 1055 4785 fabulae
1080 4747 1174 4801 per
1203 4735 1726 4790 medicamentorum
1754 4754 1944 4807 quam-

372 4819 497 4872 dam
529 4818 801 4888 potionem
845 4820 898 4874 in
949 4821 1233 4876 brutorum
1262 4824 1581 4879 animalium
1612 4828 1821 4897 species
1854 4844 1943 4881 na-

371 4920 550 4964 turam
577 4915 937 4969 transmutari
989 4914 1233 4987 ﬁngunt:
1268 4916 1342 4971 ita
1393 4917 1567 4971 virum
1602 4927 1824 4988 repente
1865 4922 1945 4975 vi-

371 5002 502 5057 dere
533 5004 657 5059 licet
687 5020 878 5074 aprum
919 5015 1015 5061 aut
1050 5022 1280 5073 canem,
1325 5018 1420 5063 aut
1460 5011 1808 5079 pantheram,
1852 5026 1944 5067 aut

372 5096 532 5148 aliam
573 5099 882 5168 quampiam
916 5101 1177 5156 similium
1219 5100 1456 5157 ferarum
1501 5103 1568 5157 ab
1612 5104 1691 5159 ira
1741 5104 1942 5160 factum

372 5200 513 5240 esse.
543 5186 696 5241 Oculi
731 5191 997 5259 sanguine
1026 5192 1217 5249 suffusi
1254 5202 1383 5248 sunt
1405 5235 1419 5256 ,
1456 5196 1690 5264 capillus
1716 5204 1939 5252 erectus

375 5278 549 5345 surgit
577 5288 630 5333 ct
654 5281 1014 5347 inhorrescit,
1039 5300 1139 5338 vox
1169 5298 1360 5352 aspera
1387 5301 1451 5339 ac
1476 5287 1656 5341 verbis
1689 5287 1898 5341 irritata
1927 5306 1941 5350 ;

376 5364 558 5434 lingua
592 5371 1001 5436 perturbatione
1044 5382 1302 5444 torpens,
1351 5384 1404 5430 ct
1442 5392 1547 5430 non
1591 5378 1944 5433 subscrviens

381 5454 620 5508 niotibus
650 5457 925 5514 intestinis
954 5476 968 5524 ;
998 5462 1138 5515 labia
1165 5465 1460 5519 constricta
1480 5505 1494 5530 ,
1527 5475 1580 5521 et
1609 5483 1717 5522 non
1751 5467 1948 5521 articu-

385 5546 491 5599 late
535 5545 693 5599 verba
735 5551 1088 5617 exprimentia
1114 5592 1127 5617 ,
1170 5571 1345 5625 neque
1392 5557 1699 5612 cohibentia
1755 5560 1809 5612 in
1854 5575 1946 5616 ore

2109 3644 2380 3715 Μακάριοι
2404 3644 2581 3698 τοίνυν
2600 3646 2646 3697 οἱ
2675 3643 2747 3715 μὴ
2767 3641 3053 3713 ὁξὺῥροποι
3078 3638 3210 3709 πρὸς
3231 3637 3330 3700 τὰς
3350 3635 3613 3706 ἐμπαθεῖς

2036 3737 2133 3809 τῆς
2164 3735 2341 3805 ψυχῆς
2386 3737 2656 3807 κινήσεις,
2705 3732 2841 3787 ἀλλὰ
2880 3729 3303 3799 κατεσταλμένος,
3335 3726 3414 3797 τῷ
3448 3727 3611 3795 λόγῳ,

2040 3828 2122 3893 ἐφ’
2151 3819 2224 3878 ὧν
2253 3829 2282 3880 ὁ
2320 3827 2578 3897 λογισμὸς
2620 3825 2869 3894 καθάπερ
2913 3840 2999 3886 τις
3035 3821 3251 3893 χαλινὸς
3294 3820 3614 3889 ἁναστομῶν

2038 3917 2136 3981 τὰς
2167 3919 2362 3989 ὁρμὰς,
2397 3920 2496 3971 οὐκ
2535 3918 2598 3988 ἐᾷ
2636 3918 2735 3989 τὴν
2779 3916 2953 3986 ψυχὴν
2998 3914 3133 3983 προς
3178 3911 3404 3976 ἀταξίαν
3454 3913 3611 3979 ἐκφέ-

2045 4011 2250 4081 ρεσθαι.
2291 4011 2505 4063 Μᾶλλον
2543 4009 2589 4062 δ’
2637 4010 2701 4062 ἄν
2743 4026 2828 4070 τις
2880 4009 2972 4060 ἐπὶ
3014 4005 3108 4059 τοῦ
3144 4003 3279 4058 κατὰ
3317 4005 3407 4056 τὸν
3446 4004 3610 4074 θυμὸν

2042 4101 2247 4164 πάθους
2280 4100 2341 4153 τὸ
2376 4101 2615 4153 τοιοῦτον
2670 4101 2789 4166 ἴδοι,
2837 4101 2986 4159 ὅπως
3026 4099 3141 4151 ἐστὶ
3194 4096 3525 4166 μακαριστὸν
3575 4098 3608 4165 ἠ

2043 4194 2303 4268 πραότης.
2343 4194 2589 4246 Ἐπειδὰν
2628 4195 2735 4262 γὰρ
2764 4192 2919 4261 λόγος
2943 4231 2955 4253 ,
2989 4191 3020 4262 ἢ
3052 4190 3247 4261 πρᾶξίς
3273 4207 3379 4252 τις,
3408 4190 3442 4261 ἥ
3478 4190 3604 4240 ὑπό-

2043 4301 2158 4337 νοια
2185 4284 2290 4336 τῶν
2323 4282 2666 4353 ἀηδεστέρων
2696 4283 2791 4350 τὴν
2821 4281 3074 4349 τοιαύτην
3104 4281 3404 4348 ἀνακινήσῃ
3435 4278 3601 4333 νόσον,

2044 4378 2136 4429 καὶ
2167 4376 2427 4448 περιζέσῃ
2456 4379 2521 4447 τῇ
2550 4375 2747 4446 καρδία
2787 4375 2848 4427 τὸ
2886 4368 3045 4440 αἷμα,
3074 4372 3167 4424 καὶ
3192 4371 3446 4441 διαναστῇ
3480 4371 3601 4440 προς

2043 4466 2252 4537 ἄμυναν
2286 4467 2317 4535 ἡ
2346 4465 2490 4536 ψυχή
2516 4466 2809 4536 ἰκαθάπερ
2846 4466 2893 4517 οἱ
2933 4462 3088 4533 μῦθοι
3131 4463 3219 4515 διὰ
3260 4477 3600 4531 φαρμακοπο-

2047 4557 2165 4621 σίας
2199 4558 2342 4622 τινος
2376 4559 2456 4621 εἰς
2496 4557 2702 4626 ἀλόγων
2734 4557 2942 4627 μορφὰς
2981 4544 3249 4609 ἀλλοιοῦσι
3291 4553 3387 4623 τὴν
3420 4555 3593 4621 φύσιν·

2044 4648 2216 4713 οὕτως
2242 4649 2389 4703 ἐστιν
2418 4647 2674 4718 ἐξαίφνης
2711 4648 2836 4699 ἰδεῖν
2868 4646 2984 4711 σῦν,
3013 4644 3045 4714 ἢ
3075 4643 3231 4702 κύνα,
3262 4643 3295 4712 ἢ
3334 4643 3596 4714 πάρδαλιν.

2045 4740 2077 4811 ἢ
2110 4743 2236 4795 ἄλλο
2266 4759 2318 4794 τι
2357 4739 2595 4794 τοιοῦτον
2630 4737 2817 4809 θηρίον
2858 4739 2921 4790 ἐκ
2962 4735 3055 4789 τοῦ
3112 4734 3285 4805 θυμοῦ
3322 4735 3411 4786 τὸν
3451 4734 3598 4803 ἄνδρα

2045 4834 2350 4903 γενόμενον.
2387 4831 2664 4900 ’Ύφαιμος
2705 4826 3009 4896 ὀφθαλμόςο
3053 4821 3174 4895 θρὶξ
3211 4822 3478 4894 ἑσταμὲνη
3520 4825 3598 4876 καὶ

2047 4925 2475 4996 ἐπιφρίσσουσαο
2512 4921 2664 4991 φωνὴ
2707 4921 2933 4990 τραχεῖα
2972 4916 3065 4970 καὶ
3099 4914 3461 4983 ἐπεξυνομένη
3502 4916 3597 4975 ταῖς

2052 5018 2316 5088 ῥήμασιν’
2362 5012 2581 5083 γλῶσσα
2616 5010 2693 5081 τῷ
2734 5009 2896 5062 πάθει
2945 5008 3332 5076 νεναρκηκυῖα,
3383 5005 3474 5058 καὶ
3514 5006 3593 5074 οὑχ

2050 5107 2393 5179 ὑπηρετοῦσα
2426 5106 2545 5166 ταῖς
2576 5102 2721 5155 ἔνδον
2756 5100 2952 5171 ὁρμαῖς
2971 5115 2984 5127 '
3017 5098 3168 5168 χείλη
3192 5097 3491 5167 πεπηγότα,
3518 5097 3594 5149 καὶ

2049 5202 2109 5253 οὑ
2152 5196 2506 5270 διαρθροῦντα
2549 5195 2638 5248 τὸν
2682 5193 2873 5259 λόγον,
2928 5188 3052 5242 οὗτε
3089 5187 3495 5258 περιστέλλοντα
3531 5188 3591 5257 τῷ

2051 5291 2275 5359 στόματι
2303 5289 2399 5360 τὴν
2439 5284 2797 5356 ἐγγενομένην
2828 5280 2934 5334 ὑπὸ
2964 5280 3055 5333 τοῦ
3087 5279 3296 5341 πάθους
3330 5279 3586 5350 ὑγρότητα,

2053 5380 2167 5435 ἀλλ’
2208 5379 2529 5450 ἀσχημόνως
2559 5376 2648 5430 τὸν
2680 5374 2851 5445 ἀφρὸν
2893 5376 2958 5443 τῇ
2995 5373 3147 5442 φωνῇ
3188 5370 3585 5424 συνεκπτὺοντα·

2052 5470 2295 5526 τοιαῦται
2330 5471 2386 5525 αἱ
2432 5471 2609 5540 χεῖρες
2631 5484 2643 5498 ·
2674 5465 2903 5518 τοιοῦτοι
2930 5465 2977 5516 οἱ
3008 5463 3197 5525 πόδεςο
3228 5462 3445 5533 τοιαύτη
3472 5462 3586 5515 πᾶσα

2052 5560 2143 5613 τοῦ
2179 5558 2425 5626 σώματος
2457 5560 2489 5625 ἠ
2520 5556 2774 5618 διάθεσις,
2806 5554 3031 5607 ἑκάστου
3068 5553 3174 5605 τῶν
3208 5550 3387 5618 μελῶν
3415 5551 3583 5605 συνδια-
