3690 5986
36 276 177 334 ίἏΠ
1109 275 1197 330 DE
1229 271 1828 332 BEATITUDINIBUS.
1865 271 2122 328 ORATIO
2170 274 2238 329 ll.
3162 267 3300 325 1218

25 399 324 469 τιθεμένου
365 397 446 468 τῷ
474 397 654 452 πάθει.
694 399 753 451 Ei
793 393 884 452 οὖν
916 400 945 450 6
976 399 1072 468 μὲν
1105 397 1342 461 τοιοῦτος
1370 398 1482 468 εἴη’
1516 399 1544 449 ό
1571 396 1626 448 δὲ

1806 409 1838 449 e
1867 393 2276 464 perturbatione
2305 393 2550 447 innatum
2579 391 2858 448 humorem
2881 431 2897 459 ,
2921 389 3014 447 sed
3045 389 3302 446 indecore

30 491 178 561 πρὸς
219 490 315 543 τὸν
373 487 724 559 μακαρισμὸν
779 488 1030 558 βλέπων,
1071 487 1160 540 διὰ
1205 487 1312 538 τῶν
1358 484 1626 554 λογισμῶν

1806 501 1984 538 umam
2027 485 2190 540 simul
2220 499 2344 538 eum
2372 499 2504 539 voce
2531 483 2823 553 expuentia
2847 497 2864 549 ;
2900 485 3037 538 tales
3063 495 3260 538 manus
3281 521 3299 548 ,

29 583 422 652 καταπραΰνοι
453 581 552 651 τὴν
594 581 748 633 νόσον
792 581 850 633 ὲν
877 579 1178 634 καθεστῶτι
1217 580 1292 649 τῷ
1334 578 1626 648 βλέμματι,

1806 593 1872 633 es
1901 577 2104 648 pedes;
2135 579 2262 632 talis
2289 577 2538 647 corporis
2565 575 2856 646 dispositio
2883 581 3030 641 tota;
3061 588 3302 644 unoquo-

31 675 135 724 καὶ
155 672 406 743 ἠρεμαίᾳ
431 674 496 742 τῇ
517 674 690 742 φωνῇ,
712 671 962 741 καθάπερ
979 689 1062 734 τις
1093 671 1274 741 ἰατρὸς
1299 673 1362 723 ὲκ
1389 667 1626 739 φρενίτι-

1810 685 1841 723 e
1871 669 2148 733 membro,
2180 678 2341 739 prout
2371 667 2538 722 animi
2571 676 2756 722 motus
2785 665 2982 731 fuerit,
3015 666 3088 720 ita
3119 665 3302 735 dispo-

30 760 130 822 δος
160 760 583 830 ἀσχημονοῦντα
608 759 923 828 θεραπεύων
951 762 1016 830 τῇ
1048 759 1212 832 τέχνῃ
1230 777 1244 790 ·
1277 753 1366 828 ἂρ’
1401 758 1518 827 οὐχὶ
1540 756 1626 809 καὶ

1806 776 1850 815 .o
1889 761 2201 830 pariterque
2227 759 2440 814 all‘ecto.
2487 759 2542 814 Si
2587 761 2755 830 igitur
2799 759 2889 814 hic
2926 757 3146 829 quidem
3177 757 3302 811 talis

35 851 201 915 αὐτὸς
228 853 378 923 ἐρεῖς
413 853 805 923 ἀντιπαραθεὶς
835 852 992 905 τοῦτο
1021 853 1211 923 ἐκείνῳ
1231 892 1245 916 ,
1287 853 1368 905 ὅτι
1402 849 1626 913 ἐλεεινὸς

1806 853 1936 916 erit,
1969 851 2016 906 is
2042 859 2223 905 autem
2246 893 2262 914 ,
2290 851 2383 919 qui
2413 848 2805 904 beatitudinem
2833 855 2960 902 ante
2991 845 3179 902 oculos
3213 844 3305 898 ha-

37 945 144 1013 μὲν
171 945 266 996 καὶ
295 943 583 1013 paetum;
611 946 640 996 6
665 942 936 1015 θηριώδης
953 945 1157 1005 ἐκεῖνος
1177 983 1192 1008 ,
1220 941 1554 1013 μακαριστὸς
1575 941 1626 994 δὲ

1809 951 1894 1008 at,
1941 941 2248 1004 nationibus
2287 943 2538 995 morbum
2585 940 2791 1010 mitiget
2833 953 2896 993 ac
2936 937 3136 1003 leniat,
3169 951 3304 991 con-

33 1039 64 1089 6
95 1035 275 1105 πραῢς
318 1038 348 1088 ὁ
373 1037 440 1106 τῇ
473 1033 569 1089 τοῦ
609 1034 775 1097 πέλας
807 1035 976 1100 κακίᾳ
1003 1030 1077 1104 μὴ
1113 1030 1538 1104 συνδιαστρέψας
1573 1030 1626 1082 τὲ

1806 1031 1912 1086 anti
1961 1031 2262 1100 sedatoque
2308 1030 2460 1085 vultu
2491 1069 2507 1093 ,
2540 1044 2605 1084 ac
2651 1029 2926 1085 submissa
2978 1028 3304 1098 placidaque

35 1129 356 1200 εὖσχημονς
1737 1134 1902 1184 voce,
1937 1127 2195 1190 tanquam
2225 1118 2472 1174 medicus
2499 1119 2723 1190 quidam
2751 1134 2816 1174 ex
2847 1117 3156 1188 phrenitide
3185 1123 3306 1170 tur-

37 1225 182 1291 piter
207 1239 268 1278 se
295 1231 574 1293 gerentem
606 1231 724 1278 arte
747 1237 948 1277 curans
981 1239 996 1276 :
1031 1235 1212 1275 annon
1239 1219 1404 1275 etiam
1439 1217 1588 1288 ipse,
1628 1214 2038 1286 comparatione
2081 1215 2240 1270 illius
2265 1231 2389 1270 cum
2440 1214 2543 1270 hoc
2592 1213 2734 1270 facta
2790 1214 2973 1278 dices,
3015 1212 3161 1282 quod
3201 1215 3306 1267 mi-

39 1313 300 1368 svrabilis
323 1313 542 1384 quidem
565 1321 618 1369 et
644 1313 1040 1372 abominandns
1066 1313 1157 1369 ille
1180 1312 1434 1367 eﬂ'eratus
1461 1332 1476 1378 ;
1507 1311 1695 1365 beatus
1721 1321 1849 1364 vero
1873 1305 2206 1376 iudicandus
2235 1307 2323 1362 hic
2349 1307 2488 1362 lenis
2527 1307 2632 1370 sit,
2673 1309 2766 1377 qui
2807 1321 2916 1360 non
2958 1305 3205 1359 imitatus
3233 1303 3308 1359 sit

39 1404 235 1458 vitium
261 1405 529 1474 proximi,
557 1420 658 1460 nec
686 1404 943 1460 decorum
973 1405 1214 1459 habitum
1245 1403 1357 1458 oris
1387 1399 1751 1473 perverterit?
2057 1411 2078 1420 ‘

117 1499 228 1554 Καὶ
263 1501 350 1553 ὅτι
405 1499 544 1570 πρὸς
588 1500 748 1554 τοῦτο
795 1501 1027 1571 μάλιστα
1069 1499 1131 1552 τὸ
1177 1498 1344 1563 πάθος
1387 1499 1416 1550 6
1457 1497 1626 1566 Λόγος

45 1591 258 1659 βλέπει,
283 1590 443 1660 δῆλόν
471 1593 617 1644 ἐστιν
638 1593 701 1644 ἐκ
727 1591 821 1644 τοῦ
849 1592 989 1662 μετὰ
1013 1590 1112 1663 τὴν
1130 1588 1627 1660 ταπεινοφροσύνην

1806 1493 1962 1561 Quod
2014 1501 2195 1548 autem
2241 1492 2308 1547 ad
2363 1493 2506 1546 hanc
2551 1491 2785 1546 maxime
2834 1487 3308 1560 perturbationem

1735 1583 1977 1642 Verbum
2023 1585 2310 1657 respiciat,
2351 1587 2702 1655 perspicuum
2736 1591 2823 1638 est
2861 1597 2927 1638 ex
2957 1597 3023 1636 eo
3053 1581 3198 1652 quod
3229 1596 3310 1636 se-

45 1676 414 1747 νομοθετῆσαι
441 1679 574 1748 ἡμῖν
600 1679 700 1750 τὴν
731 1679 1030 1751 πραότητα.
1065 1681 1248 1734 Ἔοικε
1275 1681 1382 1750 γὰρ
1408 1677 1626 1748 ἔχεσθαι

1806 1679 1968 1734 ndum
2001 1678 2169 1733 animi
2195 1676 2584 1733 demissioncm
2607 1717 2621 1741 ,
2661 1675 2938 1730 lenitatem
2972 1675 3134 1730 nobis
3176 1689 3310 1743 pra:-

45 1767 140 1819 τοῦ
164 1767 358 1838 ἐτέρου
399 1765 460 1820 τὸ
495 1766 702 1836 ἕτερον,
743 1769 840 1822 καὶ
874 1763 984 1823 οἷον
1025 1772 1205 1841 μήτηρ
1238 1786 1322 1832 τις
1355 1765 1492 1822 εἶναι
1530 1769 1632 1838 τῆς

49 1857 188 1911 κατὰ
213 1857 276 1910 τὸ
318 1859 492 1930 πρᾶον
515 1859 682 1926 ἕξεως
715 1861 748 1930 ὴ
786 1859 888 1929 τῆς
925 1859 1423 1932 ταπεινοφροσύνης
1463 1861 1634 1914 κατά-

51 1967 258 2012 στασις.
303 1951 366 2002 El
394 1951 504 2022 γὰρ
530 1951 744 2019 ὑφέλοις
779 1951 872 2004 τοῦ
905 1951 1067 2022 ἤθους
1105 1952 1196 2005 τὸν
1220 1951 1407 2021 τῦφον,
1441 1952 1633 2022 καιρὸν

48 2041 147 2093 οὐκ
171 2040 292 2109 ἔχει
317 2040 378 2092 :6
398 2034 538 2093 κατὰ
561 2039 730 2108 θυμὸν
753 2041 1066 2109 ἐγγενέσθαι
1091 2040 1279 2105 πάθος.
1303 2043 1500 2112 ’Ὕϐρις
1525 2042 1633 2112 γὰρ

55 2129 146 2181 καὶ
177 2129 381 2198 ἀτιμία
410 2128 510 2198 τῆς
538 2129 788 2200 τοιαύτης
819 2131 1126 2200 ἀρρωστίας
1166 2135 1278 2196 τοῖς
1305 2131 1634 2201 ὀργισθεῖσιν

52 2219 202 2274 αἰτία
250 2220 486 2288 γίνεται.
546 2220 762 2290 ’Δτιμία
805 2221 862 2276 δὲ
903 2221 1002 2292 οὐχ
1047 2223 1276 2278 ἅπτεται
1315 2221 1409 2276 τοῦ
1443 2221 1634 2276 ἑαυτὸν

52 2311 524 2382 ταπεινοφροσύνῃ
567 2313 1103 2384 παιδαγωγήσαντος.
1127 2315 1191 2368 Ei
1225 2315 1334 2386 γάρ
1356 2332 1436 2378 τις
1476 2331 1638 2368 κεκα-

54 2403 328 2475 θαρμένον
349 2402 462 2473 έχοι
477 2403 566 2456 τὸν
585 2403 843 2476 λογισμὸν
855 2407 918 2459 ἐκ
933 2407 1030 2478 τῆς
1045 2407 1389 2478 ἀνθρωπίνης
1399 2408 1634 2478 ἀπάτης,

55 2495 148 2547 καὶ
173 2493 370 2563 βλέποι
388 2494 452 2546 τὸ
469 2495 741 2548 οὐτιδανδν
757 2496 856 2566 τῆς
877 2493 1142 2572 φύσεως
1167 2499 1436 2568 συγκεκλή
1445 2517 1635 2570 ρωται,

53 2587 146 2655 ἀφ’
176 2586 302 2649 οἵας
324 2587 495 2656 ἀρχῆς
518 2587 618 2655 τὴν
640 2586 896 2641 σύστασιν
919 2588 1050 2658 ἔχει,
1076 2590 1169 2643 καὶ
1191 2593 1268 2653 εἰς
1297 2591 1325 2643 ὅ
1346 2607 1396 2644 τι
1415 2592 1638 2660 φέρεται

55 2678 208 2740 τέλος
233 2677 299 2730 τὺ
339 2676 511 2746 βραχὺ
535 2678 630 2730 καὶ
653 2677 941 2749 ὠκύμορον
965 2681 1060 2751 τῆς
1085 2682 1211 2752 τῇδε
1236 2683 1400 2752 ζωῆς,
1431 2684 1524 2736 καὶ
1547 2683 1639 2735 τὸν

60 2769 492 2839 συνεζευγμένον
527 2771 592 2840 τῇ
625 2771 788 2841 σαρκὶ
819 2771 1008 2842 ῥύπον,
1047 2773 1139 2825 καὶ
1159 2773 1220 2825 :6
1258 2774 1511 2846 πενιχρὸν
1543 2775 1639 2846 τῆς

59 2861 296 2928 φύσεως,
335 2861 397 2912 :6
428 2860 502 2931 μὴ
533 2857 668 2914 εἶναι
703 2862 870 2932 αὐτὴν
899 2863 1144 2934 αὐτάρκη
1177 2863 1244 2917 δι’
1277 2865 1474 2935 ἑαυτῆς
1507 2865 1640 2936 πρὸς

58 2951 154 3023 τὴν
188 2953 330 3005 ἰδίαν
359 2952 638 3013 σύστασιν,
675 2953 723 3004 εἰ
761 2954 834 3023 μὴ
869 2956 934 3023 τῇ
964 2955 1250 3026 περιουσίᾳ
1281 2955 1388 3008 τῶν
1431 2955 1640 3022 ἀλόγων

1739 1768 1978 1839 scripsit.
1999 1766 2224 1823 Videtur
2246 1767 2390 1822 enim
2415 1766 2646 1820 alterum
2671 1779 2795 1820 cum
2821 1765 2992 1820 altero
3009 1765 3306 1828 cohaerere,

1739 1875 1804 1916 ac
1847 1860 2013 1916 veluti
2051 1869 2282 1914 matrem
2317 1857 2610 1928 quamdam
2649 1857 2772 1928 ejus
2811 1859 2904 1927 qui
2935 1858 3082 1913 circa
3114 1856 3309 1912 lenita-

1739 1961 1845 2008 tem
1876 1960 2146 2014 versatur,
2174 1951 2422 2016 habitus,
2451 1963 2574 2004 esse
2599 1947 2766 2003 animi
2797 1947 3152 2004 demissionis
3183 1963 3312 2003 eone

1741 2045 2073 2100 stitutionetn
2101 2050 2264 2113 atque
2287 2040 2759 2112 tranquillitatem.
2784 2039 2916 2094 Nam
2947 2041 2994 2096 si
3026 2056 3089 2096 ex
3123 2040 3311 2096 animo

1741 2135 2052 2206 superbiam
2080 2133 2374 2194 exemeris,
2394 2131 2740 2188 occasionem
2767 2131 3086 2187 innascendi
3113 2131 3308 2185 vitium

1742 2230 1838 2284 ira:
1859 2228 2037 2282 undite
2071 2241 2178 2281 non
2213 2225 2451 2280 habebit.
2482 2223 2825 2279 Contumelia
2855 2223 3000 2278 enim
3049 2231 3103 2278 et
3155 2223 3310 2292 igno-

1744 2319 1907 2373 minia
1937 2317 2062 2373 talis
2097 2315 2429 2372 inﬁrmitatis
2470 2313 2836 2370 irascentibus
2869 2327 3036 2367 causa
3065 2311 3306 2367 exsistit.

1743 2408 2042 2480 Ignominia
2076 2415 2256 2462 autem
2293 2421 2399 2462 non
2431 2416 2679 2461 movetur
2731 2403 2778 2460 is
2827 2403 2918 2474 qui
2967 2419 3088 2458 sese
3141 2402 3310 2458 animi

1743 2502 2076 2557 demissione
2105 2499 2438 2556 moderatur.
2484 2499 2618 2554 Nam
2665 2497 2712 2552 si
2759 2499 2884 2567 quis
2930 2496 3312 2567 cogitationem

1743 2596 1813 2649 ab
1847 2594 2086 2648 humana
2117 2591 2309 2646 fraude
2335 2606 2560 2646 vacuam
2588 2605 2651 2646 ac
2675 2603 2865 2661 puram
2902 2587 3130 2650 habeat,
3161 2596 3213 2642 et
3240 2587 3317 2640 vi-

1745 2687 1950 2740 litatem
1981 2691 2224 2748 naturae,
2256 2697 2424 2752 quam
2451 2683 2680 2752 adeptus
2706 2689 2791 2737 est
2811 2720 2826 2742 .
2855 2685 3077 2742 cernat,
3103 2693 3133 2732 a
3165 2678 3312 2748 quali

1747 2778 1902 2832 initio
1933 2784 2087 2830 ortus
2121 2773 2228 2836 sit,
2262 2781 2316 2827 et
2355 2774 2410 2828 in
2444 2789 2606 2839 quem
2643 2772 2805 2828 linem
2841 2771 3006 2841 hujus
3037 2771 3162 2824 vita:
3189 2771 3316 2824 bre-

1746 2870 1829 2923 vis
1861 2868 2042 2921 lluxus
2069 2873 2232 2935 atque
2263 2879 2460 2919 cursus
2482 2863 2670 2918 tendat
2690 2902 2704 2925 ,
2737 2871 2790 2918 et
2813 2863 2968 2918 carni
2990 2861 3317 2930 coniunctas

1747 2961 1942 3017 sordes
1962 3001 1978 3025 ,
2006 2966 2328 3026 naturaeque
2354 2956 2628 3026 inopiam,
2657 2955 2802 3026 quod
2834 2969 2899 3025 ea
2934 2953 3193 3007 nimirum
3223 2967 3318 3023 per

60 3045 116 3095 τὸ
137 3043 318 3097 ἐνδέον
347 3043 792 3114 ἁναπληρώσειεν
814 3061 828 3074 ·
857 3045 1030 3108 λύπας
1059 3063 1119 3098 τε
1153 3047 1286 3116 πρὸς
1310 3045 1519 3110 τούτοις
1547 3047 1626 3100 acad

1807 3067 1867 3107 se
1899 3051 2174 3105 sufﬁciens
2210 3064 2318 3102 non
2352 3047 2422 3102 sit
2455 3046 2521 3101 ad
2557 3047 2640 3102 sui
2675 3045 3181 3106 conservationem,
3213 3043 3317 3098 nisi

61 3135 229 3206 πένθη
278 3135 376 3188 καὶ
413 3134 717 3206 συμφορὰς,
757 3137 854 3200 τάς
895 3153 953 3188 τε
1006 3136 1373 3208 πολυτρόπους
1411 3137 1519 3191 τῶν
1553 3153 1639 3190 νο-

62 3227 324 3296 σημάτων
355 3226 524 3290 ἰδέας,
555 3221 642 3290 αἷς
677 3227 960 3280 ὑπόκειται
995 3231 1027 3299 ἡ
1060 3229 1372 3300 ἀνθρωπίνη
1402 3229 1535 3298 ζωὴ,
1565 3222 1639 3282 ὧν

23 3341 30 3347 ·
62 3320 158 3370 οὐκ
201 3317 351 3370 ἐστιν
387 3317 536 3379 ὅστις
574 3319 640 3370 ἐκ
671 3317 883 3386 φύσεως
919 3319 1111 3390 ἀτελής
1149 3322 1262 3373 ἐστι
1299 3321 1393 3374 καὶ
1426 3319 1638 3374 ἐλεύθε-

67 3426 176 3479 ρος.
203 3407 394 3462 Ταῦτα
417 3408 483 3460 δι’
513 3407 796 3479 ἀκριϐείας
823 3409 1217 3480 κεκαθαρμένη)
1245 3410 1322 3481 τῷ
1347 3411 1446 3480 τῆς
1465 3411 1642 3481 ψυχῆς

0 3539 2 3556 .
64 3498 326 3570 ὀφθαλμῷ
367 3499 601 3569 βλέπων,
641 3501 740 3552 οὐκ
780 3500 846 3552 ἂν
887 3503 1084 3572 ῥᾳδίως
1117 3501 1255 3571 πρὸς
1283 3501 1382 3565 τὰς
1413 3501 1521 3555 τῶν
1557 3519 1642 3554 τι-

68 3593 183 3660 μῶν
227 3591 499 3660 ἐλλείψεις
541 3592 990 3662 ἀγανακτήσειεν.
1036 3593 1109 3646 T6
1147 3594 1386 3646 ἐναντίον
1414 3593 1512 3664 μὲν
1549 3589 1642 3647 οὖν

66 3683 280 3752 ἀπάτην
327 3683 594 3751 ἡγήσεται
637 3683 734 3752 τὴν
781 3683 870 3736 ἐπί
902 3701 1004 3736 τινι
1051 3684 1464 3756 προσαγομένην
1495 3683 1644 3755 αὐτῷ

67 3775 216 3846 παρὰ
251 3773 351 3827 τοῦ
384 3773 551 3836 πέλας
587 3774 772 3846 τιμὴν,
805 3777 904 3828 οὐκ
935 3776 1085 3840 ὖντος
1121 3779 1250 3848 ἡμῖν
1291 3778 1348 3830 ὲν
1379 3781 1443 3848 τῇ
1485 3776 1642 3846 φύσει

66 3865 308 3917 τοιούτου
338 3863 504 3926 τινος,
535 3863 562 3916 ὃ
589 3864 810 3918 δύναται
846 3866 946 3936 τὴν
981 3867 1116 3936 πρὸς
1155 3867 1218 3919 τὸ
1244 3865 1423 3937 τίμιον
1456 3883 1644 3919 κοινω-

66 3960 182 4009 νίαν
216 3956 389 4026 ἔχειν,
421 3957 470 4007 si
503 3955 576 4026 μὴ
608 3957 748 4010 κατὰ
774 3956 952 4028 ψυχὴν
989 3957 1168 4028 μόνον,
1196 3953 1264 4030 ἧς
1305 3959 1336 4029 ἡ
1377 3957 1512 4028 τιμὴ
1545 3958 1645 4010 οὐκ

67 4047 171 4100 ἀπο
197 4047 311 4100 τῶν
338 4045 479 4100 κατὰ
500 4047 590 4100 τὸν
613 4047 815 4126 κόσμον
844 4047 1030 4101 τοῦτον
1057 4049 1496 4119 ἐπιζητουμένων
1523 4066 1647 4101 συν-

70 4141 304 4192 ίσταται.
343 4137 418 4191 T6
459 4137 568 4210 γὰρ
601 4140 692 4192 ἐπὶ
728 4138 939 4210 πλούτῳ
969 4140 1292 4210 κομπάζειν,
1318 4140 1350 4210 ἢ
1376 4140 1520 4208 γένει
1559 4156 1645 4190 σε·

71 4228 388 4298 μνύνεσθαι,
419 4229 454 4300 ἢ
489 4231 622 4298 πρὸς
647 4229 803 4294 δόξαν
835 4233 986 4302 ὁρᾷν,
1020 4232 1052 4303 ἢ
1085 4230 1146 4283 τὸ
1182 4231 1357 4284 δοκεῖν
1388 4232 1526 4300 ὑπὲρ
1557 4231 1646 4283 τὸν

69 4321 240 4384 πέλας
267 4315 428 4382 εἶναι,
456 4319 524 4374 δι’
551 4317 626 4374 ὧν
649 4325 704 4374 αἱ
741 4321 1075 4394 ἀνθρώπιναι
1103 4321 1308 4392 πληροῦ
1325 4339 1432 4374 ιται
1469 4323 1642 4392 τιμαί·

1745 3145 1902 3212 conia
1932 3145 2222 3198 brutorum
2247 3139 2564 3194 animalium
2596 3140 2844 3208 suppleat
2871 3137 2924 3192 id
2953 3135 3101 3208 quod
3127 3136 3277 3192 deest
3303 3155 3318 3190 :

1747 3236 1934 3292 adhaec
1957 3233 2256 3298 molestias,
2289 3232 2492 3295 luctus,
2525 3229 2869 3285 calamitates
2894 3237 2949 3284 et
2975 3227 3319 3282 omnimodas

1746 3329 2057 3382 morborum
2083 3324 2308 3385 formas,
2333 3325 2534 3393 quibus
2557 3321 2792 3377 obnoxia
2815 3321 2922 3374 vita
2946 3321 3182 3374 humana
3204 3327 3322 3386 est,

1749 3431 1778 3470 a
1812 3417 2012 3485 quibus
2045 3429 2207 3468 nemo
2233 3422 2428 3466 natura
2460 3413 2597 3465 liber
2621 3419 2675 3466 et
2698 3409 2957 3464 immunis
2981 3418 3086 3473 est,
3139 3411 3251 3464 haec
3274 3409 3322 3464 si

1753 3507 1878 3576 quis
1910 3504 2200 3572 diligenter
2233 3515 2370 3571 puro
2407 3498 2573 3552 animi
2609 3497 2772 3552 oculo
2804 3505 3027 3558 cernat,
3063 3497 3207 3550 baud
3245 3496 3324 3549 fa-

1749 3597 1852 3652 cile
1887 3595 1950 3649 ad
1987 3595 2252 3649 bonorum
2287 3590 2534 3647 delectus
2565 3587 3004 3643 commovebitur
3036 3595 3091 3642 et
3121 3601 3326 3641 excan-

1749 3687 1965 3751 descet;
2009 3683 2254 3754 quinizno
2299 3690 2491 3738 contra
2530 3681 2775 3737 fraudem
2812 3681 2973 3736 ducet
3004 3697 3124 3737 esse
3151 3681 3326 3736 hono-

1749 3792 1864 3832 rem
1888 3819 1902 3842 ,
1936 3790 2044 3845 quo
2078 3775 2148 3828 ob
2181 3789 2294 3828 rem
2330 3773 2645 3844 quampiam
2676 3788 2704 3826 a
2737 3775 2985 3844 proximo
3014 3772 3279 3827 alliciatur
3301 3812 3322 3840 ,

1750 3867 1952 3937 quippe
1983 3880 2104 3918 cum
2137 3864 2274 3917 nihil
2307 3864 2414 3916 tale
2449 3867 2502 3916 in
2543 3870 2732 3916 natura
2769 3870 2956 3917 nostra
2987 3863 3322 3930 habeamus,

1750 3959 1894 4028 quod
1920 3955 2092 4028 possit
2119 3970 2240 4008 cum
2273 3955 2534 4022 dignitate
2564 3962 2618 4010 ct
2647 3955 2854 4010 honore
2885 3955 3322 4010 communionem

1752 4050 1972 4112 habere,
2001 4055 2360 4118 praeterquam
2393 4046 2540 4099 circa
2571 4046 2811 4100 animum
2845 4045 3140 4110 duntaxat,
3165 4044 3323 4114 cujus

1752 4141 1929 4194 honor
1948 4155 2053 4194 n0u
2087 4146 2306 4192 constat
2335 4153 2402 4192 ex
2431 4139 2496 4193 iis
2533 4139 2694 4193 rebus
2717 4153 2839 4208 quae
2864 4153 2960 4206 per
2991 4137 3134 4190 hunc
3163 4151 3324 4189 mun-

1752 4231 1880 4286 dutn
1910 4240 2257 4300 expetuntur.
2296 4228 2428 4282 Nam
2463 4230 2532 4284 ob
2563 4229 2780 4284 divitias
2814 4229 3068 4298 gloriari,
3102 4235 3194 4281 aut
3229 4242 3324 4296 ge-

1755 4340 1860 4378 nus
1895 4331 2176 4377 ostentare
2201 4363 2214 4386 ,
2245 4328 2339 4374 aut
2367 4321 2432 4375 ad
2468 4322 2696 4390 gloriam
2733 4327 3006 4390 spectare,
3041 4327 3132 4372 aut
3160 4333 3324 4386 supra

70 4412 241 4466 ταῦτα
301 4412 481 4466 πάντα
530 4413 846 4486 καθαίρεσις
892 4415 992 4482 τῆς
1037 4414 1276 4484 ψυχικῆς
1335 4415 1500 4484 τιμῆς
1557 4432 1626 4467 κα

1806 4413 2060 4467 'oximum
2102 4427 2224 4466 esse
2272 4411 2477 4474 videri,
2527 4411 2727 4480 quibus
2772 4409 2938 4464 rebus
2987 4409 3328 4480 complentur

71 4504 274 4566 ἱνειδος
301 4503 563 4570 γίνονται,
607 4505 681 4567 ὡς
711 4506 784 4576 μὴ
819 4505 886 4560 ἂν
912 4507 1124 4560 ἑλέσθαι
1154 4508 1245 4560 τὸν
1276 4506 1652 4575 λελογισμένον

72 4597 301 4664 τοιούτῳ
326 4596 435 4648 τινὶ
463 4595 529 4648 τὸ
555 4597 792 4667 καθαρὸν
821 4600 916 4666 τῆς
945 4598 1122 4668 ψυχῆς
1165 4598 1649 4669 καταμολύνεσθαι.

1763 4504 1994 4558 honores
2031 4504 2292 4570 humani,
2332 4503 2449 4556 haec
2481 4503 2664 4555 omnia
2701 4501 2989 4556 subversio
3026 4507 3190 4572 atque
3229 4501 3326 4556 de-

1758 4593 1929 4647 decus
1964 4595 2159 4650 anima:
2193 4595 2418 4650 honoris
2453 4595 2760 4657 exsistunt,
2803 4602 2864 4646 ut
2911 4609 3070 4648 nemo
3114 4595 3328 4649 ratione

74 4686 146 4738 T6
176 4687 236 4739 δὲ
268 4685 442 4749 οὕτως
472 4685 616 4758 ἔχειν
643 4689 792 4742 οὐδὲν
819 4690 1023 4760 ἕτερον,
1051 4691 1084 4760 ἢ
1117 4691 1174 4743 ὲν
1199 4691 1310 4756 ἕξει
1341 4689 1529 4760 βαθείᾳ
1554 4689 1620 4757 τῆ

1806 4685 2020 4738 raeditus
2063 4695 2118 4740 et
2161 4685 2570 4749 consideratus,
2605 4686 2801 4738 animae
2842 4685 3130 4754 puritatem
3177 4684 3327 4754 ejus-

73 4776 576 4846 ταπεινοφροσύνης
605 4779 750 4830 ἐστὶν
770 4776 926 4843 εἶναι,
959 4775 1026 4852 ἦς
1063 4779 1528 4850 κατορθωθεὶσης,
1566 4780 1624 4831 οὐ

75 4867 264 4937 δεμίαν
304 4865 508 4920 εἴσοδον
535 4870 562 4920 6
593 4867 764 4938 θυμὸς
791 4869 931 4922 κατὰ
957 4869 1058 4936 τῆς
1091 4870 1267 4939 ψυχῆς
1291 4868 1420 4934 ἔξει.
1452 4867 1652 4920 Τούτου

75 4959 129 5010 δὲ
155 4959 230 5028 μὴ
274 4959 562 5028 παρόντος,
596 4960 624 5009 6
670 4959 872 5030 ἧρεμός
900 4977 957 5012 τε
994 4960 1088 5013 καὶ
1111 4961 1332 5030 ἡσύχιος
1365 4958 1656 5030 κατορθοῦ-

75 5069 165 5106 ται
197 5052 313 5122 βίος
339 5067 355 5082 ο
395 5052 534 5120 ὅπερ
569 5051 722 5103 οὐδὲν
758 5053 966 5122 ἕτερον,
1004 5054 1051 5104 εἰ
1084 5051 1156 5122 μὴ
1200 5051 1448 5122 πραΰτης
1486 5049 1652 5112 ἐστὶν,

76 5136 144 5214 ἧς
173 5141 236 5194 τὸ
262 5141 438 5210 πέρας
471 5140 822 5210 μακαρισμὸς
854 5141 948 5193 καὶ
981 5141 1238 5210 οὐρανίας
1264 5139 1368 5206 γῆς
1401 5139 1658 5208 κληρονο-

83 5233 201 5305 μία,
231 5235 291 5286 ὲν
322 5231 544 5300 Χριστῷ
583 5231 778 5302 Ἰησοῦ,
887 5234 919 5302 ή
957 5231 1082 5298 δόξα
1106 5232 1200 5285 καὶ
1234 5231 1294 5282 τὸ
1333 5230 1549 5299 κράτος,
1574 5231 1652 5292 εἰς

78 5327 198 5389 τοὺς
236 5324 443 5385 αἰῶνας
483 5323 592 5375 τῶν
622 5322 853 5376 αἰώνων.
901 5323 1091 5394 Ἀμήν.

1760 4776 1906 4828 modi
1968 4777 2148 4844 aliqua
2183 4792 2240 4831 rc
2272 4775 2647 4830 contaminare
2701 4774 3044 4828 sustinuerit.
3099 4772 3175 4825 Ita
3230 4787 3329 4826 au—

1757 4873 1864 4918 tem
1913 4865 2164 4920 allectum
2215 4875 2269 4920 ct
2311 4867 2608 4920 animatum
2653 4879 2811 4927 esse,
2859 4862 2994 4916 nihil
3045 4871 3132 4917 est
3180 4862 3328 4914 aliud

1759 4973 1920 5026 quam
1951 4959 2004 5010 in
2053 4959 2325 5027 profundo
2369 4959 2554 5012 habitu
2593 4957 2758 5010 animi
2803 4954 3130 5009 humilitatis
3161 4967 3285 5009 esse
3311 4997 3328 5012 .

1760 5065 1866 5118 qua
1924 5049 2168 5104 confecta
2225 5057 2386 5120 atque
2435 5050 2726 5120 expedita,
2780 5047 2992 5101 nullum
3047 5044 3330 5098 iracundia

1763 5141 1971 5193 aditum
2009 5142 2272 5197 adversus
2303 5143 2545 5196 animum
2577 5141 2817 5196 habebit.
2847 5138 3018 5193 Porro
3049 5135 3332 5191 iracundia

1760 5232 1949 5300 procul
1987 5233 2275 5297 submota,
2322 5233 2507 5303 quieta
2552 5232 2872 5302 placidaque
2919 5229 3027 5282 vita
3077 5227 3336 5297 transigi-

1764 5331 1893 5376 tur:
1933 5322 2078 5392 quod
2115 5325 2250 5376 nihil
2283 5322 2430 5378 aliud
2462 5323 2568 5377 nisi
2605 5323 2802 5378 lenitas
2837 5331 2958 5377 est:
3002 5321 3165 5391 cujus
3207 5317 3338 5376 ﬁnis

80 5421 359 5477 beatitudo
393 5427 559 5490 atque
594 5419 835 5474 caelestis
873 5428 1030 5476 terrae
1078 5415 1361 5474 haereditas
1393 5420 1508 5478 est,
1545 5428 1641 5482 per
1677 5412 1956 5470 Christum
2001 5416 2188 5473 Jrsum
2213 5458 2226 5483 ,
2289 5416 2375 5473 cui
2425 5416 2598 5488 gloria
2649 5425 2700 5471 et
2746 5415 3075 5486 imperium,
3128 5414 3185 5470 in
3233 5428 3339 5471 sae-

86 5517 202 5572 mla
234 5516 589 5570 saeculorum.
625 5515 814 5569 Amen.
