3738 5984
403 245 534 304 1-2l9

983 357 1244 416 ORATIO
1280 359 1367 416 111.

476 449 632 507 Beati
658 451 750 521 qui
785 450 991 521 lugent.
1031 453 1276 522 quoniam
1321 452 1424 521 ipsi
1465 450 1874 506 consolatione»:

1017 523 1275 590 accipient
1295 523 1338 576 ’.

466 609 718 667 Nondum
767 613 820 666 in
853 613 1113 666 verticem
1162 614 1365 668 montis
1399 611 1693 675 evasimus,
1742 609 1837 665 sed
1870 609 1966 664 ad-

395 701 503 758 huc
552 702 698 756 circa
739 701 949 756 radices
993 701 1192 758 montis
1247 702 1618 757 intellectuum
1658 699 1961 753 haeremus:

394 793 498 846 etsi
554 791 692 845 duos
741 791 1009 859 quosdam
1053 793 1165 859 jam
1222 793 1462 847 tumulos
1506 790 1858 845 transivimus
1896 789 1964 843 ad

395 882 608 936 beatam
637 891 959 951 egestatem,
991 891 1152 952 atque
1182 883 1285 937 hac
1320 883 1656 953 superiorem
1686 883 1962 936 lenitatem

396 990 492 1044 per
516 974 913 1028 beatitudinem
942 976 1151 1030 evecti:
1185 984 1307 1046 post
1332 992 1470 1045 quos
1502 974 1738 1030 tumulos
1769 972 1837 1026 ad
1875 987 1966 1027 su-

394 1065 644 1118 blimiora
695 1082 794 1141 nos
830 1066 1064 1122 Verbum
1100 1068 1375 1130 subducit,
1425 1083 1489 1122 ac
1539 1066 1756 1120 tertium
1808 1063 1966 1118 nobis

393 1157 654 1225 deinceps
683 1158 874 1226 jugum
903 1173 997 1227 per
1027 1159 1390 1214 beatitutliues
1417 1159 1658 1214 ostendit
1685 1177 1696 1211 :
1730 1156 1796 1209 ad
1820 1154 1964 1225 quod

395 1247 543 1300 omni
579 1259 793 1302 tumore
818 1259 871 1302 et
913 1265 1100 1314 onere,
1141 1261 1302 1320 atque
1341 1251 1602 1305 tenaciter
1647 1249 1962 1310 inhaerente,

397 1348 455 1392 ut
491 1340 665 1407 inquit
697 1341 1012 1408 Apostolus,
1045 1351 1272 1410 peccato
1312 1341 1579 1411 deposito,
1617 1355 1718 1394 nos
1745 1353 1965 1393 currere

395 1443 622 1496 prorsus
665 1438 899 1496 oportet.
944 1437 1004 1483 ut
1053 1433 1199 1485 leves
1231 1439 1284 1486 et
1317 1431 1554 1501 expediti
1590 1432 1644 1485 in
1680 1429 1964 1484 cacumine

396 1523 702 1585 constituti,
746 1525 949 1591 puriori
976 1525 1166 1577 lumini
1199 1526 1442 1580 veritatis
1483 1540 1577 1594 per
1611 1524 1844 1576 animam
1869 1537 1964 1591 ap-

398 1615 826 1682 propinquemus
856 1616 918 1667 ¹⁰.
950 1614 1118 1680 .Quid
1174 1616 1338 1684 igitur
1376 1624 1480 1680 est,
1532 1615 1676 1684 quod
1723 1615 1957 1677 dicitur,

403 1702 552 1754 Beati
597 1703 686 1771 qui
721 1702 920 1771 lugent,
954 1707 1201 1773 quoniam
1244 1706 1343 1773 ipsi
1382 1705 1793 1758 consolationem
1827 1705 1964 1756 acci-
1998 1686 2037 1740 Β

395 1796 581 1862 piem?
616 1795 802 1849 Risum
832 1811 1052 1863 prorsus
1081 1812 1186 1849 non
1224 1798 1445 1860 tenebit,
1489 1797 1535 1851 si
1568 1797 1690 1865 quis
1711 1796 1777 1848 ad
1808 1811 1964 1848 mun-

396 1887 525 1938 dum
573 1887 850 1955 respiciat,
899 1897 953 1942 et
983 1889 1068 1943 his
1103 1888 1283 1943 verbis
1324 1898 1508 1942 utetur
1546 1887 1778 1941 irridens
1803 1898 1962 1955 atque

397 1977 746 2031 subsannans
778 1975 1011 2031 Verbum
1038 1998 1050 2032 :
1074 1973 1130 2031 Si
1169 1979 1220 2031 in
1251 1979 1356 2031 vita
1383 1979 1522 2032 beati
1553 1978 1841 2042 habentur,
1869 1977 1961 2045 qui

396 2067 542 2119 omni
589 2069 895 2122 calamitate
958 2070 1344 2130 coniiciuntur.
1399 2069 1581 2124 miseri
1623 2084 1718 2137 per
1771 2083 1965 2122 conse-

395 2158 671 2224 quentiam
701 2159 859 2227 plane
890 2168 1039 2225 sunt,
1069 2176 1301 2229 quorum
1329 2163 1435 2215 vita
1468 2161 1732 2214 molestiis
1760 2160 1965 2228 pariter

395 2257 448 2302 et
476 2249 891 2316 :cgritudinibus
942 2251 1408 2322 incommodisque
1449 2260 1626 2305 vacat.
1674 2253 1848 2320 Atque
1890 2251 1962 2304 ita

397 2339 608 2405 species
659 2355 988 2394 enumerans
1037 2343 1433 2407 calamitatum,
1501 2344 1670 2397 risum
1721 2344 1960 2412 augebit.

396 2439 452 2485 et
474 2431 844 2500 ampliﬁeabit,
891 2433 1233 2487 incommoda
1266 2435 1570 2497 viduitatis,
1616 2443 1669 2487 et
1713 2434 1964 2488 orbitatis

396 2536 692 2575 aerumnam
724 2530 848 2576 ante
876 2524 1066 2578 oculos
1103 2539 1435 2594 proponens.
1481 2525 1699 2590 damna,
1741 2525 1964 2578 naufra—

395 2614 504 2682 gia,
534 2614 876 2682 captivitates
919 2630 983 2668 ex
1029 2617 1205 2679 bellis,
1243 2617 1474 2685 injustas
1507 2618 1557 2670 in
1599 2617 1807 2686 judicio
1841 2632 1964 2671 sen-

397 2704 619 2766 tentias,
661 2705 853 2759 exsilia
885 2707 1388 2778 publicationesque
1423 2710 1712 2770 bonorum.
1743 2709 1965 2779 ignomi-

398 2793 539 2854 nias,
586 2801 639 2846 et
683 2792 920 2848 infamiae
952 2803 1130 2861 notas,
1168 2797 1506 2850 calamitates
1549 2806 1858 2851 contractas
1897 2811 1964 2851 ex

401 2885 629 2945 morbis,
677 2885 952 2939 caecitates
999 2901 1062 2939 ae
1114 2887 1502 2953 mutilationes,
1551 2889 1808 2957 variaque
1836 2903 1962 2942 cor-

401 2974 553 3042 poris
591 2975 718 3027 vitia
753 2984 916 3044 atque
944 2977 1286 3038 detrimenta.
1329 2994 1391 3030 ac
1417 2979 1460 3032 si
1494 2978 1620 3047 quid
1652 2979 1962 3033 hominibus
1989 3007 2032 3063 ε

401 3078 496 3130 per
523 3063 663 3115 hanc
688 3064 852 3116 vitam
881 3065 1073 3119 incidit
1105 3066 1451 3129 incommodi,
1483 3068 1625 3138 quod
1658 3070 1736 3123 vel
1765 3084 1964 3139 corpus

399 3153 484 3208 vel
514 3154 754 3206 animum
790 3156 1042 3226 attingat,
1076 3159 1256 3211 omnia
1293 3160 1539 3212 oratione
1568 3169 1964 3229 persequetur:

400 3259 497 3313 per
527 3259 668 3314 qua}.
726 3255 781 3299 ut
832 3247 951 3315 ejus
1002 3249 1186 3316 opinio
1238 3249 1363 3312 fert,
1405 3251 1690 3306 ridiculum
1721 3254 1971 3308 ostendet

395 3351 728 3395 sermonem.
783 3354 892 3407 quo
920 3339 1164 3408 lugentes
1201 3341 1342 3395 beati
1373 3342 1706 3410 judicantur.
1740 3343 1848 3399 Nos
1874 3360 1972 3399 au-

397 3434 510 3482 tem
552 3444 740 3497 parum
789 3439 1048 3484 curantes
1089 3447 1183 3486 eos
1235 3433 1326 3501 qui
1369 3442 1422 3488 et
1457 3419 1644 3488 humili
1679 3443 1733 3490 et
1773 3435 1970 3504 pusillo

400 3520 586 3574 animo
619 3521 835 3575 divinos
863 3524 1303 3593 contemplantur
1337 3526 1663 3590 intellectus,
1703 3535 1967 3595 quantum

401 3610 520 3677 ejus
553 3610 663 3666 ﬁeri
695 3613 912 3681 poterit,
944 3627 1057 3678 eas,
1091 3630 1210 3681 qua:
1234 3615 1284 3668 in
1314 3615 1416 3670 hoc
1440 3616 1586 3670 dicto
1615 3616 1721 3669 alte
1743 3616 1972 3670 defossae

397 3701 604 3770 jacent,
659 3703 878 3759 divitias
931 3706 1147 3774 penitus
1180 3706 1447 3775 inspicere
1487 3723 1766 3772 conemur,
1801 3719 1858 3762 ut
1889 3709 1970 3763 vel

403 3807 500 3859 per
543 3792 647 3847 hoc
694 3795 912 3861 planum
969 3795 1061 3848 ﬁat
1114 3803 1316 3864 quanta
1365 3799 1435 3852 sit
1479 3798 1781 3853 diﬂ‘ercntia
1831 3799 1972 3853 inter

401 3887 674 3939 carnalem
718 3894 1118 3956 terrenamque,
1161 3895 1215 3942 et
1261 3887 1549 3944 sublimem
1585 3891 1972 3960 caelestemque

401 3975 836 4043 intelligentiam.

473 4068 552 4118 Ac
577 4068 750 4134 prima
769 4067 986 4134 quidem
1018 4067 1150 4122 l'acie
1177 4077 1352 4136 potest
1376 4070 1570 4136 aliquis
1598 4071 1746 4124 illum
1769 4072 1969 4124 luctum

403 4155 620 4209 beatum
653 4166 863 4224 putare,
911 4159 1001 4223 qui
1039 4167 1260 4227 propter
1303 4160 1498 4214 delicta
1541 4169 1704 4230 atque
1752 4170 1972 4230 peccata

401 4248 638 4308 exsistit.
675 4248 830 4316 juxta
857 4247 1006 4302 Pauli
1043 4249 1110 4304 de
1145 4252 1368 4306 tristitia
1395 4253 1720 4315 doctrinam,
1755 4253 1841 4307 ubi
1885 4255 1968 4307 di-

1618 236 1675 289 S.
1717 227 2038 287 GREGORII
2067 229 2350 285 NYSSENI

1990 355 2038 410 Α

3519 234 3638 292 mo

2681 351 2900 409 ΛΟΓΟΣ
2939 354 3012 406 I".

2063 445 2349 515 Μακάριοι
2384 448 2437 499 οὶ
2469 445 2864 512 πενθοῦντες,
2910 445 2999 498 ὅτι
3044 443 3212 498 αὐτοὶ
3248 444 3644 512 παρακληθή-

2730 532 2960 570 σον-ται.

2135 608 2302 662 Οὔπω
2331 609 2429 680 τῆς
2457 612 2700 679 κορυφῆς
2732 609 2824 662 τοῦ
2859 608 3019 680 ὅρους
3051 608 3497 678 ὲπιὸεὸήκαμεν,

2066 702 2146 754 ἔτι
2180 699 2322 754 κατὰ
2350 701 2442 772 τὴν
2470 701 2744 771 ὑπώρειαν
2773 700 2880 752 τῶν
2907 699 3192 769 νοημάτων
3227 699 3435 768 ἐσμένο
3473 699 3528 749 εἰ
3563 697 3648 747 καὶ

2065 794 2157 847 δύο
2197 791 2348 856 τινὰς
2381 792 2479 862 ήδη
2515 789 2943 862 παρωδεύσαμεν
3001 790 3223 859 λόφους,
3273 789 3372 842 ἐπὶ
3403 787 3508 858 τὴν
3550 802 3650 855 μα-

2066 886 2329 956 καριστὴν
2359 885 2648 954 πτωχείαν,
2680 884 2773 937 καὶ
2805 883 2904 951 τὴν
2934 884 3191 954 ἀνωτέρω
3224 880 3440 952 ταύτης
3475 881 3649 952 πραό-

2063 995 2202 1048 τητα
2251 977 2340 1030 διὰ
2384 975 2492 1029 τῶν
2549 975 2913 1046 μακαρισμῶν
2963 974 3318 1044 ἀναχθέντες,
3376 971 3504 1042 μεθ’
3561 973 3651 1034 οὒς

2066 1070 2331 1142 προσάγει
2366 1071 2479 1132 τοῖς
2512 1067 2865 1138 ὑψηλοτέροις
2887 1067 3034 1137 ἡμᾶς
3063 1066 3300 1133 όΛόγος,
3333 1064 3435 1117 καὶ
3465 1063 3652 1131 τρίτον

2064 1165 2198 1235 ἡμῖν
2245 1162 2441 1233 ἑφεξῆς
2487 1160 2687 1231 ὕψωμα
2733 1160 2820 1213 διὰ
2867 1159 2976 1212 τῶν
3017 1155 3388 1230 μακαρισμῶν
3430 1154 3651 1208 ἀναδεί-

2065 1272 2253 1308 κνυσι·
2299 1251 2434 1324 πρὸς
2467 1251 2495 1304 ὅ
2539 1249 2644 1322 χρὴ
2673 1251 2890 1312 πάντως
2939 1248 3266 1319 ἀναδραμεῖν
3299 1245 3468 1300 ὖκνον
3517 1245 3654 1297 ἀπο-

2066 1346 2326 1416 θεμένους
2378 1345 2576 1406 πὰντα,
2623 1342 2713 1396 καὶ
2757 1342 2858 1412 τὴν
2905 1339 3295 1412 εὐπερίστατον
3333 1335 3650 1408 ἁμαρτίαν,

2064 1436 2244 1500 καθώς
2271 1453 2433 1506 φησιν
2463 1436 2492 1487 ό
2535 1433 2872 1495 Ἀπόστολος,
2901 1432 2976 1494 ὡς
3009 1431 3074 1485 ἂν
3103 1429 3298 1498 κοῦφοι
3322 1427 3425 1482 καὶ
3453 1426 3653 1480 εὐστα-

2062 1529 2172 1592 λεῖς
2201 1529 2294 1580 ἐπὶ
2334 1527 2430 1597 τῆς
2465 1526 2640 1596 ἄκρας
2671 1525 2971 1595 γενόμενοι,
3011 1520 3385 1592 καθαρωτέρῳ
3428 1517 3519 1590 τῷ
3555 1517 3655 1584 τῆς

2064 1621 2319 1692 ἀληθείας
2347 1619 2486 1686 φωτὶ
2532 1617 2620 1670 διὰ
2669 1616 2768 1685 τῆς
2805 1615 2984 1685 ψυχῆς
3017 1612 3534 1684 προσπελάσαιμεν.
3589 1608 3650 1661 τί

2065 1709 2241 1763 τοίνυν
2270 1707 2386 1760 ἐστὶ
2414 1708 2474 1760 τὸ
2505 1706 2790 1776 λεγόμενον
2810 1747 2823 1770 ,
2858 1703 3146 1773 Μακάριοι
3175 1707 3226 1757 οι
3252 1700 3648 1764 πενθοῦντες,

2064 1800 2154 1854 ὅτι
2197 1800 2366 1853 αὐτοὶ
2421 1796 3034 1866 πιιρακληθήσονταιξ
3067 1795 3289 1848 Γελάσει
3349 1792 3582 1854 πάντως
3623 1793 3649 1842 ό

2065 1894 2202 1963 πρὸς
2222 1893 2311 1946 τὸν
2335 1891 2536 1962 κόσμον
2570 1890 2798 1960 βλέπων,
2828 1889 2922 1942 καὶ
2942 1888 3081 1952 λέξει
3103 1887 3274 1941 ταῦτα
3302 1885 3650 1955 καταχλευάο

2065 1984 2172 2049 ζων
2205 1983 2296 2036 τὸν
2319 1983 2489 2050 Λόγον
2510 1999 2523 2012 ·
2560 1983 2621 2034 Et
2646 1979 3038 2053 μακαρίζονται
3069 1978 3208 2032 κατά
3234 1977 3327 2031 τὸν
3365 1977 3487 2047 βίον
3522 1978 3574 2028 οἱ
3595 1978 3648 2027 ἐν

2065 2077 2212 2147 πάσῃ
2243 2077 2496 2146 συμφορᾷ
2522 2072 2927 2142 δαπανώμενοι,
2950 2071 3120 2124 ἄθλιοι
3149 2069 3291 2123 κατά
3318 2069 3383 2122 τὸ
3411 2067 3646 2122 ἀκόλου-

2065 2169 2154 2222 θόν
2189 2171 2293 2221 είσι
2348 2167 2565 2230 πάντως
2613 2162 2691 2229 οἷς
2727 2165 2928 2228 ἄλυπός
2974 2181 3034 2216 τε
3084 2162 3178 2216 καὶ
3220 2163 3470 2233 ἀπήμων
3501 2161 3646 2214 ἐστὶν

2065 2262 2097 2331 ὴ
2134 2261 2264 2330 ζωή.
2299 2259 2408 2313 Καὶ
2439 2257 2580 2311 οὕτω
2608 2256 2677 2309 τά
2709 2257 2822 2327 εἴδη
2856 2256 2963 2309 τῶν
2992 2254 3284 2327 συμφορῶν
3311 2250 3646 2324 ἐξαριθμοῠ.

2069 2367 2246 2419 μενος,
2280 2347 2562 2400 πλεονάσει
2595 2346 2684 2398 τὸν
2712 2345 2938 2413 γέλωτα,
2970 2343 3036 2396 τά
3073 2344 3171 2412 τῆς
3207 2341 3442 2412 χηρείας
3473 2341 3644 2402 κακά,

2065 2440 2159 2490 καὶ
2187 2437 2285 2507 τὴν
2317 2435 2416 2505 τῆς
2459 2435 2719 2505 ὀρφανίας
2761 2431 3134 2503 ταλαιπωρίαν
3167 2432 3259 2484 ὑπ’
3292 2431 3418 2500 ὄψιν
3470 2429 3644 2498 ἄγων,

2063 2530 2162 2592 τὰς
2193 2528 2413 2600 ζημίας,
2443 2527 2510 2580 τὰ
2539 2528 2792 2593 ναυάγια,
2824 2526 2922 2588 τὰς
2963 2527 3025 2577 ὲκ
3064 2522 3317 2593 πολέμων
3359 2523 3646 2591 αίχμαλω-

2068 2619 2206 2681 σίας,
2253 2617 2351 2680 τὰς
2395 2616 2612 2678 ἀδίκους
2653 2618 2710 2668 ὲν
2761 2614 3091 2685 δικαστηρίῳ
3129 2613 3363 2684 κρίσεις,
3417 2611 3644 2680 9.5009:-

2068 2705 2235 2777 σμούς
2250 2723 2309 2758 τε
2339 2705 2432 2758 καὶ
2457 2703 2746 2775 δημεύσεις
2775 2703 2868 2756 καλ⁸
2892 2702 3246 2771 ἀτιμία;,τάς
3269 2717 3328 2753 τε
3355 2718 3419 2752 συ
3429 2700 3648 2770 μφορᾶς

2063 2795 2162 2856 τὰς
2194 2795 2258 2846 ἐκ
2296 2792 2402 2846 τῶν
2451 2792 2639 2854 νόσων,
2685 2787 2793 2844 οἷον
2823 2791 3098 2861 πηρώσεις
3138 2807 3195 2843 τε
3237 2790 3331 2843 καὶ
3381 2790 3644 2860 ἀκρωδηο

2068 2883 2351 2955 ριασμους,
2386 2883 2478 2934 καὶ
2519 2881 2617 2951 τὴν
2647 2881 2993 2950 παντοδαπὴν
3023 2879 3116 2933 τοῦ
3153 2878 3403 2950 σώματος
3436 2878 3646 2948 λώϐην,

2067 2977 2160 3029 καὶ
2193 2977 2320 3028 εἴτι
2353 2979 2462 3038 τοῖς
2502 2976 2802 3044 ἀνθρώποις
2844 2973 2983 3027 κατὰ
3009 2973 3098 3026 τὸν
3145 2971 3257 3041 βίον
3295 2971 3494 3024 τοῦτον
3525 2987 3651 3023 συν-

2073 3065 2282 3118 ίσταται
2312 3064 2550 3134 πάθος,ἣ
2574 3063 2890 3134 σώματος,ἢ
2919 3063 3093 3132 ψυχῆς
3114 3061 3443 3130 ἁπτόμενον,
3469 3061 3652 3113 πάντα

2068 3156 2146 3225 τῷ
2176 3156 2318 3226 λόγῳ
2341 3152 2752 3219 διεξελεύσεται,
2796 3155 2861 3207 δι’
2905 3147 2998 3215 ὧν,
3047 3153 3123 3216 ὡς
3169 3154 3359 3214 οἴεται,
3406 3151 3652 3218 καταγέ-

2069 3246 2261 3298 λαστον
2295 3245 2562 3309 ἀποδείξει
2608 3246 2698 3297 τὸν
2727 3247 2850 3308 τοὺς
2896 3243 3222 3306 πενθοῦντας
3270 3243 3655 3314 μακαρίζοντα

2069 3339 2244 3407 λόγον.
2287 3339 2474 3409 Ἡμεῖς
2508 3338 2566 3391 δὲ
2603 3336 2776 3409 μικρά
2806 3338 3186 3407 φροντίσαντες
3221 3337 3330 3388 τῶν
3374 3335 3651 3405 μικροψύ-

2069 3449 2178 3503 χως
2219 3447 2277 3482 τε
2309 3431 2403 3484 καὶ
2446 3429 2710 3492 ταπεινῶς
2755 3427 3204 3498 ἀναθεωρούντων
3242 3426 3308 3480 τά
3359 3427 3484 3480 θεῖα
3528 3430 3653 3496 νοη-

2075 3539 2240 3594 ματα,
2291 3522 2364 3584 ὡς
2415 3521 2528 3574 ἔστι
2573 3521 2792 3573 δυνατὸν
2823 3519 3056 3573 κατιδεῖν
3081 3519 3171 3571 τὸν
3202 3519 3529 3587 ἐγκείμενον
3572 3519 3650 3585 τῷ

2070 3613 2346 3684 εἰρημένῳ
2391 3611 2478 3664 διὰ
2510 3611 2704 3681 βάθους
2737 3609 2963 3664 πλοῦτον
2991 3611 3456 3679 ἐπιχειρήσωμεν,
3500 3610 3649 3671 ὅπως

2070 3705 2136 3758 ἂν
2172 3705 2402 3775 φανερὸν
2455 3705 2549 3758 καὶ
2585 3705 2673 3758 διά
2725 3703 2878 3757 τοῦτο
2920 3703 3147 3771 γένοιτο,
3199 3701 3377 3754 πόσον’
3413 3704 3540 3754 ἐστὶ
3589 3704 3651 3754 τὸ

2070 3795 2322 3866 διάφορον
2347 3796 2448 3866 τῆς
2496 3795 2756 3866 σαρκίνης
2787 3811 2845 3847 τε
2877 3795 2969 3848 καὶ
3002 3795 3188 3864 χοῖκῆς
3215 3793 3477 3856 διανοίας,
3515 3793 3646 3861 πρὶς

2070 3887 2168 3956 τὴν
2201 3886 2410 3958 ὑψηλήν
2442 3903 2501 3939 τε
2539 3887 2626 3939 καὶ
2654 3885 2992 3955 ἐπουράνιον.

2146 4067 2300 4118 Ἐστι
2333 4065 2429 4136 μὲν
2470 4061 2562 4118 οὖν
2597 4066 2660 4117 ὲκ
2702 4063 2793 4117 τοῦ
2822 4062 3111 4134 προχείρου
3144 4061 3486 4132 μακαριστδν
3513 4062 3645 4114 ὕπο·

2072 4158 2254 4211 λαϐεῖν
2288 4158 2462 4211 ἐκεῖνο
2501 4156 2562 4209 τὸ
2612 4156 2824 4219 πένθος,
2855 4155 2915 4209 τὸ
2955 4156 3048 4208 ἐπὶ
3085 4153 3527 4222 πλημμελήμασι
3555 4153 3644 4205 καὶ

2073 4250 2366 4320 ἁμαρτίαις
2393 4249 2689 4318 γινόμενον,
2725 4247 2864 4300 κατά
2892 4247 2990 4319 τὴν
3022 4245 3114 4299 τοῦ
3143 4243 3356 4297 Παῦλου
3393 4244 3526 4314 περὶ
3551 4244 3646 4312 τῆς

402 4341 499 4403 cit,
561 4355 668 4394 non
719 4356 841 4396 esse
885 4357 1047 4394 unam
1091 4343 1328 4398 tristitiae
1375 4347 1632 4414 speciem,
1687 4346 1779 4399 sed
1811 4347 1967 4399 aliam

2144 4358 2252 4407 πης
2281 4339 2643 4402 διδασκαλίαν,
2667 4339 2758 4392 τοῦ
2790 4339 3078 4408 φήσαντος,
3113 4336 3186 4408 μὴ
3217 4335 3275 4388 ἓν
3304 4330 3448 4388 εἶναι
3475 4334 3645 4404 λύπης

403 4430 623 4499 quidem
684 4432 1034 4497 mundanam,
1089 4434 1251 4488 aliam
1322 4452 1451 4490 vero
1500 4453 1619 4505 quae
1671 4440 1968 4492 secundum

407 4519 574 4574 Deum
623 4531 1062 4590 repraesentetur.
1113 4526 1190 4578 Ac
1243 4528 1572 4581 mundanam
1612 4529 1827 4597 quidem
1874 4532 1970 4584 tri-

404 4612 609 4668 stitiam
660 4613 850 4666 mortis
883 4613 1207 4670 elTectricem
1252 4633 1395 4680 esse.
1443 4619 1664 4673 alteram
1704 4636 1831 4675 vero
1877 4637 1972 4689 per

404 4703 783 4772 paenitentiam
833 4705 1063 4760 salutem
1112 4708 1380 4762 coniicere
1425 4711 1802 4767 mmrentibus.
1838 4711 1970 4766 Nam

404 4810 591 4850 revera
635 4810 742 4849 non
779 4805 958 4864 potest
1009 4812 1116 4850 non
1150 4799 1305 4853 beata
1353 4800 1584 4868 judicari
1625 4803 1752 4858 talis
1781 4804 1975 4859 animae

404 4886 763 4954 perturbatio,
792 4888 1323 4950 cum,animadverso
1349 4907 1413 4942 eo
1437 4893 1580 4960 quod
1606 4893 1844 4949 deterius
1870 4905 1974 4958 est,

402 4979 567 5032 vitam
610 4980 862 5035 vitiosam
906 4981 1176 5050 deplorat.
1226 4982 1692 5048 Quemadmodum
1739 4991 1884 5042 enim
1919 4989 1972 5043 in

403 5070 653 5138 corporis
693 5071 921 5136 morbis,
973 5072 1172 5142 quibus
1215 5073 1394 5142 aliqua
1445 5091 1570 5144 pars
1621 5080 1868 5147 corporis
1907 5096 1971 5134 ex

405 5160 638 5214 violenta
667 5162 900 5229 quadam
937 5162 1157 5218 laesione
1203 5163 1384 5217 tabida
1423 5163 1560 5219 facta
1599 5167 1781 5231 fuerit,
1818 5168 1972 5222 indo-

404 5249 567 5304 lentia
621 5263 939 5320 argumento
982 5261 1094 5317 est,
1129 5263 1398 5309 mortuam
1451 5271 1575 5311 esse
1627 5258 1864 5312 tabidum
1908 5275 1971 5314 ac

403 5333 711 5405 languidam
744 5340 890 5394 illam
923 5350 1129 5410 partem
1157 5358 1170 5407 ;
1218 5343 1310 5397 sed
1352 5343 1396 5397 si
1451 5351 1567 5399 arte
1599 5346 1831 5415 quadam
1865 5363 1972 5403 me-

408 5429 523 5480 dica
550 5429 730 5483 vitalis
751 5430 930 5484 denuo
955 5448 1150 5486 sensus
1182 5435 1392 5501 corpori
1429 5435 1712 5491 restitutus
1740 5438 1830 5496 sit.
1861 5447 1968 5493 tam

472 5593 494 5621 °
534 5595 722 5652 llatth.
759 5614 812 5657 ν,
846 5601 898 5653 5.
977 5602 1020 5632 "
1060 5600 1220 5657 llebr.
1256 5619 1359 5669 xu,
1389 5604 1482 5662 2‘2.

2077 4429 2231 4497 εἶδος,
2261 4432 2397 4486 ἀλλά
2432 4433 2492 4486 τὸ
2529 4432 2623 4500 μὲν
2653 4431 2912 4501 κοσμικὺν
2933 4469 2948 4494 ,
2978 4429 3037 4482 τὸ
3065 4429 3120 4482 δὲ
3163 4426 3307 4482 κατὰ
3338 4427 3472 4481 Θεὸν
3501 4428 3645 4496 ἐνερ-

2075 4525 2354 4594 γούμενον.
2403 4525 2512 4578 Καὶ
2559 4524 2658 4592 τῆς
2715 4524 2814 4592 μὲν
2868 4522 3136 4592 κοσμικῆς
3172 4521 3371 4591 λύπης,
3422 4520 3645 4574 θάνατον

2076 4610 2306 4666 εἶναιτὸ
2336 4613 2527 4684 ἔργονο
2575 4614 2673 4682 τὴν
2713 4612 2770 4664 δὲ
2815 4613 3028 4681 ἑτέραν,
3070 4610 3346 4681 σωτηρίαν
3391 4611 3459 4662 ἐκ
3488 4626 3645 4678 μετα-

2077 4705 2221 4768 νοίας
2247 4707 2359 4768 τοῖς
2387 4704 2746 4775 λυπουμένοις
2771 4702 3115 4774 ἐργάζεσθαι.
3153 4702 3244 4772 Τῷ
3269 4702 3385 4754 όντι
3417 4703 3528 4772 γάρ
3549 4703 3643 4754 οὐκ

2076 4798 2180 4864 ἔξω
2211 4797 2305 4850 τοῦ
2344 4797 2740 4868 μακαρίζεσθαι
2781 4795 2844 4848 τὸ
2879 4794 3118 4848 τοιοῦτον
3143 4794 3243 4858 τῆς
3270 4793 3455 4863 ψυχῆς
3483 4793 3643 4854 πάθος

2079 4888 2243 4950 ἐστὶν,
2275 4887 2403 4939 ὅταν
2432 4887 2487 4938 ὲν
2523 4887 2768 4956 αἰσθήσει
2799 4885 3065 4956 γενομένη
3109 4883 3203 4936 τοῦ
3252 4884 3520 4954 χείρονος,
3560 4883 3644 4935 τὸν

2080 4980 2136 5030 ὲν
2161 4979 2327 5050 κακίᾳ
2359 4977 2470 5048 βίον
2500 4977 2928 5048 ἀπολοφύρηται.
2971 4977 3234 5045 Καθάπερ
3268 4975 3380 5046 γὰρ
3413 4976 3509 5028 ἐπὶ
3546 4975 3645 5028 τῶν

2080 5073 2409 5141 σωματικῶν
2439 5071 2905 5143 ἀρρωστημάτων,
2937 5066 3018 5132 οἷς
3046 5069 3111 5121 ἂν
3141 5067 3381 5139 πάρετον
3416 5065 3479 5132 ἐξ
3519 5069 3646 5137 ἕπη-

2084 5163 2232 5235 ρείας
2266 5167 2408 5226 τινὸς
2435 5165 2658 5233 γένηταί
2702 5181 2756 5216 τι
2792 5163 2954 5234 μέρος
2994 5162 3088 5214 τοῦ
3120 5159 3404 5230 σώματος,
3437 5163 3649 5230 σημεῖον

2077 5257 2170 5312 τοῦ
2192 5255 2555 5326 νενεκρῶσθαι
2581 5257 2640 5308 τὸ
2664 5255 2991 5326 παρειμένον
3020 5257 3053 5325 ὴ
3084 5253 3393 5321 ἁναλγησία
3413 5254 3616 5322 γίνεται
3632 5269 3647 5287 '

2079 5349 2127 5400 εί
2175 5346 2230 5400 δὲ
2281 5348 2424 5400 κατά
2469 5364 2590 5400 τινα
2635 5346 2830 5417 τέχνην
2879 5346 3126 5417 ἰατρικὴν
3176 5346 3210 5416 ἡ
3254 5345 3468 5417 ζωτιλὴ
3503 5347 3650 5400 πάλιν

2079 5437 2327 5508 αἴσθησις
2361 5437 2690 5507 ὲπαναχθείη
2720 5437 2798 5508 τῷ
2833 5437 3065 5509 σώματι,
3113 5437 3404 5510 χαίρουσιν
3432 5439 3534 5510 ἤδη
3568 5455 3648 5492 τιο-
