3690 5986
322 280 462 339 1225

1580 271 1637 325 S.
1677 269 2002 325 GREGORII
2042 270 2331 327 NYSSENI

3441 271 3567 325 1⁸1.Ξύ

327 391 458 448 dum
490 385 655 442 fuerit
692 383 832 439 tales
883 397 912 436 a
956 381 1143 437 divina
1176 379 1516 437 beatitudine
1546 381 1809 450 repellere
1839 388 1894 434 et

2082 400 2110 447 ι,
2157 387 2203 435 εί
2237 383 2416 453 μόνοις
2450 386 2559 447 τοῖς
2607 384 2955 453 μετανοοῦσιν
3006 387 3038 456 ἡ
3090 386 3182 439 τοῦ
3216 386 3567 457 Παρακλήτου

320 481 529 536 alienos
558 474 838 546 arbitrari,
876 474 1007 544 quia
1054 487 1231 544 neque
1279 480 1669 542 peccaverunt,
1722 485 1900 540 neque

321 570 473 623 luctu
524 572 806 637 peccatum
842 563 1221 619 sanaverunt?
1274 578 1344 617 an
1382 563 1483 615 hac
1521 561 1734 614 ratione
1768 574 1904 613 sane

323 674 569 730 peccare,
624 671 786 726 quam
845 654 966 709 sine
1019 660 1252 724 peccato
1301 653 1485 707 vivere
1539 649 1904 721 praestabilius

322 751 505 813 fuerit,
538 750 582 803 si
610 748 743 803 solis
777 745 1170 816 pmnitentibus
1199 752 1251 800 et
1288 743 1746 814 resipiscentibus
1779 756 1904 812 gra-

324 844 399 896 tia
428 839 794 897 consolator-is
824 837 1127 891 tribuitur?
1174 836 1328 889 Beati
1365 836 1533 897 enim,
1575 833 1771 903 inquit,
1813 832 1902 902 qui

323 934 520 1003 lugent,
561 930 812 1000 quoniam
847 930 951 997 ip’si
984 926 1395 982 consolationem
1434 924 1710 993 accipient.
1758 921 1901 992 Ergo

322 1022 497 1094 quoad
528 1022 647 1090 ejus
693 1022 810 1076 ﬁeri
842 1020 1058 1091 poterit,
1091 1027 1409 1089 sequentes,
1462 1024 1522 1071 ut
1564 1016 1746 1086 inquit
1791 1012 1899 1066 Ha-

1997 474 2156 542 χάρις
2213 474 2700 545 ἀποκεκλήρωταις
2759 475 3049 544 Μακάριοι
3106 477 3235 546 γὰρ,
3294 476 3471 545 φησὶν,
3510 479 3571 529 οι

1998 564 2359 630 πενθοῦντες
2380 604 2394 629 ,
2434 565 2522 619 ὅτι
2551 567 2720 620 αὐτοὶ
2752 570 3345 638 παρακληθήσονται.
3371 568 3573 622 Οὐκοῦν

1998 653 2074 713 ὡς
2110 652 2225 706 ἐστι
2272 654 2489 708 δυνατὸν
2543 658 2817 728 ἑπόμενοι,
2874 660 3056 725 καθώς
3102 677 3266 732 φησιν
3296 663 3325 714 ό
3377 661 3573 733 Ἀμϐα-

2001 746 2164 814 κούμ,
2202 744 2279 816 τῷ
2303 747 2393 799 ἐπὶ
2414 747 2482 801 τὰ
2511 748 2693 820 ὑψηλὰ
2724 751 3057 816 ἐπιϐιϐῶντι,
3089 753 3247 806 πάλιν
3277 752 3375 824 τὴν
3396 754 3573 821 ὲγκει-

2010 836 2181 907 μένην
2212 837 2449 893 διάνοιαν
2492 844 2606 905 τοῖς
2650 844 2959 914 εἰρημένοις
3004 846 3451 916 ἀναζητήσωμεν,
3495 844 3574 907 ὡς

2008 923 2073 977 ἀν
2105 925 2369 997 μάθοιμεν
2391 928 2528 998 ποίῳ
2556 931 2742 984 πένθει
2773 933 3055 1004 πρόκειται
3083 936 3116 1005 ἡ
3146 933 3241 987 τοῦ
3263 932 3573 1004 Πνεύματος

2002 1014 2096 1068 τοῦ
2128 1018 2283 1086 ἁγίου
2317 1021 2678 1093 παράκλησις.

322 1116 511 1179 bacue,
548 1128 675 1169 eum
718 1114 811 1184 qui
871 1115 939 1166 ad
978 1111 1236 1168 sublimia
1303 1125 1406 1166 nos
1451 1109 1654 1175 evehit,
1703 1118 1897 1161 rursus
1937 1110 2259 1165 sententiam
2303 1128 2424 1182 quae
2465 1117 2813 1171 contineatur
2846 1117 2902 1172 in
2955 1117 3041 1175 his
3112 1119 3295 1175 verbis
3356 1118 3579 1174 investi-

322 1221 535 1277 gemus,
588 1212 649 1260 ut
697 1205 979 1259 discamus
1029 1207 1118 1258 cui
1163 1203 1333 1257 luctui
1376 1202 1685 1259 consolatio
1724 1199 1903 1255 sancti
1944 1197 2181 1268 Spiritus
2212 1208 2491 1276 proposita
2519 1210 2613 1268 sit.

397 1296 692 1353 Videamus
714 1298 879 1368 igitur
901 1298 955 1352 in
973 1298 1083 1351 vita
1105 1298 1364 1363 humana,
1382 1296 1619 1367 primum
1637 1295 1906 1357 omnium,

324 1389 455 1459 quid
491 1388 705 1444 tandem
747 1390 865 1460 ipse
915 1389 1096 1444 luctus
1135 1390 1226 1455 sit,
1264 1389 1353 1443 vel
1387 1389 1457 1443 ob
1484 1403 1621 1458 quas
1663 1402 1752 1441 res
1775 1401 1908 1440 cou-

326 1481 484 1535 flatur
510 1489 562 1535 et
590 1482 967 1535 contrahatur.
1000 1482 1144 1548 Ergo
1172 1479 1523 1535 manifestum
1560 1480 1611 1534 id
1650 1477 1907 1534 omnibus

325 1581 431 1636 cst,
456 1571 599 1641 quod
623 1573 807 1626 luctus
829 1572 903 1629 sit
935 1572 1107 1627 tristis
1138 1572 1302 1625 animi
1333 1572 1552 1625 habitus
1578 1578 1632 1625 et
1655 1569 1903 1634 aﬂ‘ectus,

327 1666 418 1734 qui
450 1662 666 1718 exsistit
694 1672 919 1732 propter
955 1661 1318 1731 privationem
1360 1662 1438 1715 rei
1475 1661 1733 1732 alicujus,
1784 1675 1906 1730 quae

329 1753 537 1821 placeat
555 1762 608 1806 et
638 1758 862 1820 accepta
894 1750 1003 1816 sit;
1056 1750 1148 1819 qui
1193 1750 1371 1804 luctus
1400 1751 1452 1804 in
1494 1750 1581 1807 his
1640 1753 1731 1821 qui
1782 1767 1906 1806 cum

329 1842 514 1896 lmtitia
573 1841 738 1894 vitam
798 1841 1128 1909 transigunt,
1186 1841 1529 1897 consistendi
1578 1843 1755 1896 locum
1800 1858 1907 1897 non

330 1931 515 1987 habet.
551 1929 716 1986 Verbi
747 1946 937 1997 causa,
986 1945 1252 2000 prospera
1276 1933 1476 2003 aliquis
1508 1933 1561 1987 in
1595 1934 1705 1987 vita
1738 1933 1909 1987 utitur

331 2019 575 2082 fortuna,
604 2019 787 2074 omnia
811 2020 1030 2089 negotia
1061 2035 1157 2089 per
1184 2036 1274 2076 res
1298 2021 1574 2092 jucundas
1594 2024 1641 2078 ei
1667 2023 1909 2078 secundo

329 2124 495 2163 cursu
541 2108 716 2163 fluunt
761 2117 926 2179 atque
970 2108 1311 2179 procedunt:
1355 2127 1524 2167 uxore
1569 2112 1903 2178 delectatur;

328 2196 399 2251 ob
435 2197 638 2252 liberos
669 2197 771 2252 sibi
821 2198 1033 2266 placet:
1085 2200 1341 2267 praesidio
1379 2199 1612 2255 fratrum
1663 2202 1910 2257 munitus

328 2298 382 2342 et
417 2296 569 2342 tutus
606 2295 730 2354 est;
790 2289 1118 2343 auctoritate
1154 2291 1413 2356 praeditus
1447 2304 1500 2347 et
1526 2293 1823 2348 honoratus
1854 2292 1906 2347 in

339 2378 497 2445 foro;
535 2378 735 2433 charus
769 2378 1147 2448 principibus;
1182 2381 1506 2438 metuendus
1550 2383 1904 2450 adversariis;

329 2467 567 2523 subditis
600 2483 709 2523 non
736 2471 1211 2536 centemnendus;
1248 2472 1425 2530 facilis
1456 2476 1668 2542 amicis,
1704 2476 1908 2533 divitiis

329 2558 556 2623 ﬂorens,
587 2567 640 2614 et
670 2559 862 2615 iisdem
890 2561 945 2615 in
969 2562 1182 2618 deliciis
1206 2572 1259 2619 et
1283 2565 1658 2635 voluptatibus
1683 2566 1906 2635 fruens;

328 2648 514 2711 suavis
551 2657 606 2703 et
637 2649 935 2720 jucundus,
991 2653 1161 2709 nullis
1194 2655 1463 2711 molestiis
1496 2672 1741 2726 pressus,
1792 2673 1911 2712 cor-

340 2753 476 2808 pore
498 2739 760 2807 robusto;
819 2743 1002 2795 omnia
1052 2755 1385 2801 consecutus
1438 2761 1775 2816 quaecunque
1814 2762 1909 2818 per

329 2829 474 2884 hunc
503 2830 769 2886 mundum
803 2833 858 2887 in
894 2834 1068 2903 pretio
1091 2850 1216 2891 esse
1235 2837 1487 2892 videntur
1507 2856 1521 2905 ;
1540 2839 1668 2895 talis
1699 2855 1755 2894 re
1780 2854 1911 2909 qna-

329 2936 434 2990 qne
472 2922 725 2990 praesenti
766 2938 997 2992 prorsus
1046 2941 1168 2981 cum
1207 2927 1572 2983 delectatione
1618 2938 1784 2999 atque
1814 2930 1907 2984 la:-

2082 1299 2452 1373 Σκοπὴσωμεν
2479 1304 2655 1358 τοίνυν
2683 1307 2741 1360 ἐν
2761 1309 2824 1379 τῇ
2853 1306 3164 1381 ἀνθρωπίνῃ
3196 1306 3334 1380 ζωῇ,
3367 1307 3421 1361 τί
3452 1324 3581 1361 ποτε

2013 1389 2226 1461 πρῶτον
2255 1393 2384 1448 αὐτὸ
2413 1395 2473 1447 τὸ
2503 1397 2694 1460 πένθος
2726 1399 2860 1463 ἐστὶ,
2910 1401 3003 1454 καὶ
3047 1402 3138 1454 ἐπὶ
3163 1401 3301 1454 τίσιν
3333 1402 3583 1456 συνίστα-

2009 1498 2118 1534 ται.
2155 1484 2362 1538 Οὐκοῦν
2382 1487 2646 1559 πρόδηλον
2671 1489 2873 1544 ἅπασιν
2905 1491 2965 1544 τὸ
2992 1492 3249 1557 τοιοῦτον,
3280 1495 3363 1548 ὅτι
3393 1492 3585 1552 πένθος

2010 1574 2129 1626 ἐστὶ
2183 1575 2479 1650 σκυθρωπὴ
2519 1579 2754 1646 διάθεσις
2806 1583 2904 1653 τῆς
2956 1583 3153 1655 ψυχῆς,
3200 1585 3290 1637 ἐπὶ
3332 1587 3584 1656 στερήσει

2009 1668 2153 1733 τινὸς
2183 1669 2292 1722 τῶν
2332 1671 2682 1743 καταθυμίων
2715 1674 3114 1745 συνισταμένηο
3154 1674 3290 1746 ὅπερ
3342 1676 3435 1728 ἐπὶ
3477 1675 3584 1727 τῶν

2012 1758 2069 1811 ἐν
2107 1758 2340 1831 εὐθυμία
2356 1759 2702 1817 διαϐιούντων
2732 1764 3080 1819 συνίστασθαι
3109 1765 3291 1837 χώραν
3313 1768 3411 1820 οὐκ
3436 1767 3546 1837 ἔχει
3566 1783 3581 1794 ·

2011 1844 2141 1914 οἷον,
2179 1850 2444 1923 εὐπραγεί
2476 1871 2562 1919 τις
2594 1854 2737 1909 κατά
2768 1856 2858 1910 τὸν
2886 1856 3018 1927 βίον,
3064 1857 3238 1911 πάντα
3283 1858 3423 1911 κατὰ
3455 1858 3586 1929 ῥοῦν

2010 1941 2155 2014 αὐτῷ
2174 1942 2261 1997 διὰ
2286 1942 2393 1997 τῶν
2421 1944 2590 2015 ἡδέων
2612 1945 2679 1999 τὰ
2714 1947 3010 2018 πράγματα
3044 1948 3286 2019 φέρεται,
3311 1951 3375 2018 τῇ
3405 1966 3586 2019 γαμε-

2009 2035 2555 2107 τῇέπευφραίνεται,
2590 2039 2701 2100 τοῖς
2735 2038 2920 2091 παισὶν
2944 2039 3325 2105 ἐπαγάλλεται,
3367 2039 3458 2091 διὰ
3482 2040 3585 2109 τῆς

2009 2125 2116 2178 τῶν
2139 2125 2382 2195 ἀδελφῶν
2406 2130 2721 2199 συμμαχίας
2749 2129 3058 2201 ὠχύρωται,
3093 2132 3288 2202 σεμνὸς
3321 2133 3466 2185 κατά
3484 2132 3585 2204 τὴν

2010 2215 2234 2288 ἀγορὰν,
2264 2218 2443 2287 τίμιος
2476 2221 2585 2283 τοῖς
2624 2219 3054 2286 δυναστεύουσιν,
3097 2220 3323 2293 φοϐερὸς
3352 2224 3467 2285 τοῖς
3489 2223 3587 2275 ἀν-

2008 2309 2429 2380 τιτεταγμένοις,
2474 2311 2913 2384 ἀκαταφρόνητος
2944 2316 3058 2377 τοῖς
3090 2314 3454 2386 ὑποχειρίοις,
3492 2316 3585 2384 φί-

2012 2398 2124 2475 λοις
2152 2400 2491 2472 εὐπρόσιτος,
2514 2401 2725 2473 πλούτῳ
2751 2403 2955 2472 κομῶν,
2983 2405 3398 2471 ἀπολαυστικὸς,
3428 2406 3581 2476 ἡδὺς,

2008 2491 2231 2558 ἄλυπος,
2268 2492 2524 2563 σθεναρὸς
2555 2494 2634 2564 τῷ
2657 2494 2900 2564 σώματιο
2936 2496 3113 2551 πάντα
3159 2497 3317 2567 ἔχων,
3350 2498 3452 2551 ὅσα
3496 2499 3582 2551 τί-

2012 2598 2107 2651 μια
2140 2583 2280 2636 κατά
2308 2583 2400 2636 τὸν
2445 2584 2645 2654 κόσμον
2675 2584 2862 2637 τοῦτον
2891 2582 3028 2639 εἶναι
3068 2586 3245 2640 δοκεῖ·
3280 2590 3308 2640 ὁ
3342 2588 3586 2651 τοιοῦτος

2010 2673 2226 2737 πάντως
2258 2673 2316 2726 ἐν
2345 2674 2650 2750 εὐφροσύνῃ
2680 2678 2891 2749 ἑκάστῳ
2908 2677 3016 2732 τῶν
3045 2677 3327 2749 παρόντων
3353 2680 3584 2748 ἐπιγαν-

2008 2760 2254 2831 νύμενος.
2290 2763 2351 2815 El
2396 2762 2454 2816 δέ
2494 2781 2578 2827 τις
2613 2764 2880 2837 μεταϐολὴ
2913 2766 3014 2837 τῆς
3052 2766 3350 2838 εὐημερίας
3375 2768 3585 2835 ταύτης

2012 2851 2334 2921 καθάψαιτο,
2362 2854 2395 2925 ἦ
2431 2853 2699 2921 διάζευξιν
2724 2856 2830 2909 τῶν
2856 2856 3147 2924 φιλτάτων,
3181 2858 3214 2928 ἢ
3240 2855 3443 2928 ζημίαν
3471 2859 3583 2912 τῶν

2011 2945 2339 3013 προσόντων,
2374 2946 2406 3017 ἦ
2453 2963 2571 2998 τινα
2612 2948 2857 3018 πήρωσιν
2890 2949 2985 3020 τῆς
3018 2952 3338 3021 σωματικῆς
3377 2952 3585 3024 εὐκλη-

331 3012 450 3063 titia
468 3010 685 3066 fruitur.
706 3011 811 3067 Sed
833 3013 880 3068 si
901 3015 1082 3084 aliqua
1100 3017 1330 3072 mutatio
1348 3021 1724 3087 prosperitatis
1747 3021 1906 3088 hujus

2082 3051 2155 3097 ις,
2202 3036 2266 3088 ἐκ
2317 3038 2556 3107 πονηρᾶς
2594 3055 2736 3102 τινος
2781 3042 3065 3110 συντυχίας
3115 3043 3416 3108 ἐπάγουσα.
3456 3043 3586 3095 τότε

332 3103 618 3166 invaserit,
690 3113 782 3157 aut
827 3105 1249 3174 disjunctionem
1306 3109 1774 3177 charissimorum,
1810 3121 1903 3167 aut

333 3192 592 3246 damnum
612 3191 955 3259 facultatum,
976 3204 1068 3249 aut
1084 3197 1319 3267 aliquam
1338 3201 1584 3269 corporis
1598 3204 1902 3257 commodo-

330 3297 450 3336 rum
472 3298 537 3338 ex
552 3283 735 3351 aliquo
749 3283 979 3341 adverso
1008 3289 1269 3359 gravique
1286 3305 1415 3346 casu
1434 3293 1900 3349 label'ectationem

329 3372 628 3435 adducens,
656 3382 785 3428 tunc
806 3376 1180 3435 subtractione
1199 3381 1582 3437 oblectamenti
1617 3387 1900 3439 contraria

328 3464 548 3518 exsistit
569 3462 786 3519 affectio
826 3480 987 3535 quam
1006 3468 1212 3524 luctum
1236 3472 1588 3541 appellamus.
1610 3474 1750 3544 Ergo
1767 3474 1902 3529 deti-

332 3552 468 3606 nitio
489 3553 609 3623 ejus
649 3556 813 3624 paulo
832 3566 956 3613 ante
979 3559 1123 3614 edita
1150 3576 1276 3616 vera
1302 3569 1404 3628 est,
1449 3564 1727 3629 nimirum,
1758 3567 1901 3634 quod

331 3643 511 3699 luctus
536 3644 608 3698 sit
639 3648 895 3713 acerbus,
921 3666 984 3704 ac
1003 3651 1243 3707 dolorem
1273 3654 1498 3723 capiens
1522 3656 1742 3721 quidam
1778 3672 1903 3712 sen-

331 3747 431 3788 sus
472 3735 798 3803 privationis
820 3753 1006 3793 earum
1036 3755 1217 3796 rerum
1261 3743 1464 3813 quibus
1505 3745 1755 3802 homines
1806 3747 1903 3803 de-

332 3825 626 3879 lectantur.
667 3825 723 3880 Si
757 3828 922 3897 igitur
966 3830 1302 3887 intellectum
1352 3844 1438 3890 est
1496 3849 1524 3888 a
1575 3839 1731 3894 nobis
1777 3839 1901 3908 quis

330 3913 404 3968 sit
435 3914 613 3969 luctus
640 3915 930 3982 humanus,
955 3935 1017 3974 ea
1049 3936 1169 3990 qua:
1202 3924 1349 3976 clara
1375 3932 1429 3977 et
1459 3927 1743 3982 manifesta
1773 3937 1902 3983 sunt

331 4004 475 4057 viam
513 4004 673 4060 nobis
708 4009 1000 4076 quamdam
1037 4011 1101 4063 ad
1135 4027 1196 4065 ea
1233 4028 1355 4081 qua:
1385 4017 1703 4084 ignorantur
1755 4030 1903 4087 pate-

333 4096 556 4163 faciant,
601 4106 659 4151 ut
701 4101 1058 4168 perspicuum"
1096 4105 1257 4159 nobis
1297 4107 1389 4158 liat
1435 4110 1559 4177 quis
1591 4110 1664 4163 sit
1719 4111 1901 4166 luctus

332 4188 425 4243 ille
459 4188 650 4242 beatus
694 4203 853 4257 quem
897 4195 1252 4260 consequitur
1298 4200 1620 4251 consolatio.
1677 4199 1809 4252 Nam
1855 4201 1898 4254 si

330 4278 570 4349 privatio
614 4279 884 4334 bonorum
947 4296 1070 4351 qua:
1115 4287 1315 4354 cuique
1380 4286 1655 4342 adfuerint
1694 4289 1900 4344 luctum

333 4367 495 4423 eﬂicit
528 4370 583 4423 in
612 4370 715 4424 hoe
747 4370 974 4430 mundo,
1028 4388 1185 4429 nemo
1216 4385 1396 4430 autem
1429 4378 1596 4447 ignoti
1647 4379 1770 4432 boni
1809 4381 1896 4449 ja-

338 4470 543 4480 ,.,,,η,
610 4458 952 4480 ..-βυ-,μνη
1065 4465 1075 4475 .
1304 4467 1316 4480 .

2117 4367 2130 4384 ς
2164 4367 2541 4389 -ί-ν·“δν“δ“ι⁷““’“”
2597 4367 2715 4373 ""'

2082 4422 2149 4458 rw
2178 4407 2271 4459 ἐπὶ
2300 4407 2405 4460 τῶν
2435 4411 2493 4462 ἐν
2539 4410 2715 4480 σκότῳ

333 4470 546 4512 cturam
591 4458 958 4528 deploraverit
1009 4481 1022 4517 :
1063 4465 1241 4533 ipsum
1304 4467 1507 4522 bonum
1564 4484 1902 4539 cognoscere

334 4548 508 4616 prius,
546 4548 674 4617 quid
700 4550 919 4605 tandem
950 4567 1141 4608 revera
1188 4557 1282 4619 sit,
1319 4557 1464 4612 haud
1512 4560 1749 4615 alienum
1782 4561 1902 4617 fue-

337 4640 426 4701 rit,
453 4643 615 4706 atque
655 4638 731 4691 ita
771 4639 1028 4711 deinceps
1083 4645 1375 4701 humanam
1424 4658 1673 4705 naturam
1720 4656 1904 4708 consi-

338 4725 553 4782 derarc.
601 4727 703 4782 Per
744 4730 847 4784 hoc
875 4733 1020 4787 enim
1066 4737 1275 4791 accidet
1331 4748 1393 4792 ut
1425 4739 1642 4796 beatum
1693 4744 1900 4799 luctum

334 4830 725 4886 assequamur.
770 4818 942 4885 Quale
999 4825 1145 4878 enim
1195 4829 1453 4882 usuvenit
1497 4830 1549 4883 in
1582 4832 1648 4886 iis
1708 4834 1802 4902 qui
1847 4833 1900 4887 in

332 4933 573 4988 tenebris
611 4934 825 4998 vivunt,
872 4950 994 4989 cum
1024 4938 1164 4991 alius
1189 4939 1407 5006 quidem
1442 4942 1495 4994 in
1530 4945 1763 5014 caligine
1800 4961 1899 4998 na-

333 5032 421 5081 tus
444 5025 534 5088 sit,
573 5026 714 5080 alius
732 5035 912 5081 autem
950 5029 1071 5081 usui
1098 5039 1336 5086 externa:
1370 5034 1508 5088 lucis
1531 5036 1899 5102 assuefactus,
1976 5040 1985 5047 ’

333 5117 385 5169 vi
410 5118 642 5185 quadam
679 5134 743 5173 eo
776 5122 1071 5177 conclusus
1098 5123 1279 5193 fuerit,
1304 5135 1363 5180 ut
1400 5144 1506 5183 non
1530 5131 1718 5185 eodem
1750 5141 1900 5187 uter-

345 5223 452 5276 que
509 5212 673 5264 modo
738 5215 994 5281 praesenti
1056 5216 1407 5273 incommodo
1471 5233 1897 5278 commoveatur.

333 5294 486 5364 (Nam
539 5297 628 5352 hic
664 5299 905 5368 quidem,
940 5303 1035 5371 qui
1090 5308 1259 5369 novit,
1317 5325 1426 5377 quo
1465 5314 1752 5367 commodo
1784 5315 1896 5383 pri-

343 5394 504 5440 vatus
537 5389 629 5454 sit,
654 5407 873 5462 gravem
926 5396 1203 5452 existimat
1245 5416 1368 5456 esse
1409 5403 1682 5473 jacturam
1740 5407 1898 5462 lueis:

330 5476 421 5529 ille
452 5491 579 5530 vero
621 5480 713 5548 qui
776 5497 875 5536 nec
920 5487 1142 5553 penitus
1187 5490 1405 5557 quidem
1436 5496 1689 5563 cognovit
1737 5499 1896 5551 talem

330 5566 686 5632 voluptatem,
717 5570 835 5624 sine
863 5573 1111 5628 molestia
1146 5580 1312 5633 vitam
1355 5586 1643 5656 transiget,
1678 5598 1898 5658 propter

330 5658 579 5727 caliginis
617 5676 773 5714 usum
807 5677 1129 5722 consuetum
1159 5672 1312 5727 nullo
1340 5688 1399 5729 se
1440 5676 1583 5732 bono
1621 5679 1891 5735 excidisse

2007 3129 2073 3196 τῇ
2106 3122 2448 3198 ὑπεξαιρέσει
2475 3128 2568 3181 τοῦ
2592 3129 2990 3199 εὐφραίνοντος,
3032 3135 3066 3203 ἡ
3097 3134 3314 3186 ἐναντία
3337 3134 3588 3198 διάθεσις

2007 3218 2237 3287 γίνεται,
2265 3219 2330 3289 ἢν
2358 3221 2551 3285 πένθος
2583 3223 3075 3294 προσαγορεύομεν.
3117 3226 3324 3279 Οὐκοῦν
3373 3226 3587 3299 ἀληθὴς

2007 3311 2035 3361 ὁ
2065 3309 2451 3380 ἀποδεδομένος
2483 3314 2609 3384 περὶ
2639 3312 2801 3368 αὐτοῦ
2849 3314 3022 3381 λόγος,
3058 3316 3138 3368 ὅτι
3192 3317 3384 3381 πένθος
3433 3320 3586 3371 ἐστὶν

2009 3398 2258 3469 αἴσθησίς
2290 3416 2373 3463 τις
2403 3399 2622 3471 ἀλγεινὴ
2668 3402 2763 3473 τῆς
2792 3403 2900 3457 τῶν
2933 3405 3330 3475 εὐφραινόντων
3368 3409 3587 3479 στερή-

2011 3506 2164 3551 σεως.
2217 3491 2279 3542 Εἰ
2310 3490 2373 3562 δὴ
2424 3493 2669 3563 νενόηται
2701 3495 2834 3565 ἡμῖν
2876 3494 2936 3546 τὸ
2990 3494 3329 3566 ἀνθρώπινον
3365 3498 3583 3563 πένθος,

2008 3582 2245 3648 γενέσθω
2273 3600 2354 3645 τις
2380 3583 2568 3655 όδηγία
2594 3584 2703 3638 τῶν
2730 3586 3103 3656 ἀγνοουμένων
3122 3589 3188 3643 τὰ
3214 3588 3477 3660 πρόδηλα,
3506 3591 3587 3654 ὡς

2008 3674 2073 3728 ἂν
2103 3674 2334 3745 φανερὸν
2367 3675 2593 3744 γένοιτο,
2627 3675 2679 3727 τί
2721 3676 2782 3728 τὸ
2830 3679 3261 3750 μακαριζόμενόν
3292 3682 3407 3733 ἐστι
3455 3680 3580 3734 πέν-

2009 3766 2119 3830 θος,
2164 3759 2210 3834 ᾦ
2252 3764 2603 3818 ἐπακολουθεῖ
2639 3767 2672 3836 η
2707 3766 3067 3837 παράκλησις.
3128 3769 3189 3821 Εί
3237 3761 3344 3838 γὰρ
3389 3772 3422 3839 ὴ
3474 3772 3584 3823 τῶν

2009 3857 2316 3927 προσόντων
2336 3856 2554 3927 ἀγαθῶν
2585 3857 2837 3927 στέρησις
2856 3859 3085 3913 ἐνταῦθα
3110 3860 3170 3913 τὸ
3200 3861 3395 3925 πένθος
3416 3865 3581 3926 ποιεῖ.

2006 3947 2106 3999 οὐκ
2132 3946 2197 4000 ἂν
2227 3947 2282 4000 δέ
2307 3964 2391 4009 τις
2416 3948 2509 4002 τοῦ
2538 3951 2901 4019 ἀγνοουμένου
2930 3950 3026 4023 τὴν
3061 3950 3265 4021 ζημίαν
3307 3952 3574 4022 ἁπολοφύ·

2009 4057 2193 4111 ραιτο·
2229 4040 2429 4109 γνῶναι
2474 4043 2741 4113 προσήκει
2786 4043 3049 4114 πρότερον
3086 4044 3217 4097 αὐτὸ
3246 4044 3306 4097 τὸ
3353 4046 3579 4114 ἀγαθὸν,

2007 4134 2034 4185 ὅ
2057 4133 2107 4184 τί
2138 4133 2264 4185 ποτέ
2306 4135 2420 4186 ἐστι
2459 4135 2597 4187 κατὰ
2620 4136 2895 4205 ἀλήθειαν,
2930 4135 3025 4189 εἶθ’
3054 4136 3223 4199 οὓτως
3247 4138 3344 4209 τὴν
3372 4139 3579 4210 ἀνθρω-

2008 4223 2169 4293 πίνην
2197 4224 2356 4292 φύσιν
2394 4228 2744 4296 κατανοῆσαι.
2788 4229 2888 4282 Διά
2910 4229 3019 4300 γὰρ
3049 4229 3207 4282 τοῦτο
3237 4231 3581 4302 συμϐήσεται

2006 4315 2068 4368 τὸ
2117 4317 2549 4389 μακαριζόμενον
2590 4320 2782 4383 πένθος
2826 4321 3253 4392 κατορθωθῆναι.
3304 4320 3434 4377 Οἶον
3474 4327 3579 4396 γάρ

2749 4410 3112 4482 βιοτευόντων,
3155 4414 3284 4467 ὅταν
3312 4417 3342 4468 ὁ
3375 4417 3475 4487 μὲν
3506 4419 3581 4470 ἐν·

2004 4488 2164 4566 τεχθῇ
2195 4496 2272 4567 τῷ
2315 4498 2489 4568 ζόφῳ,
2537 4501 2565 4551 ό
2593 4499 2649 4551 δὲ
2680 4502 2745 4571 τῇ
2794 4501 3088 4556 ἀπολαύσει
3121 4502 3213 4555 τοῦ
3242 4503 3351 4569 ἔξω
3402 4507 3578 4573 φωτὸς

2006 4586 2421 4657 συνειθισμένος,
2459 4589 2517 4654 ἐξ
2546 4591 2809 4661 ἐπηρείας
2837 4593 2978 4656 τινὸς
3006 4592 3396 4660 κατάκλειστος
3418 4598 3578 4667 γένηο

2003 4696 2110 4740 ται,
2145 4681 2241 4748 οὐχ
2281 4680 2480 4751 ὁμοίως
2528 4682 2851 4754 ἀμφοτέρων
2895 4685 3061 4755 ἡτῶν
3096 4687 3380 4757 παρόντων
3416 4688 3579 4742 καθά-

2003 4788 2197 4827 πτεται
2244 4775 2495 4843 συμφορᾶ
2539 4775 2587 4844 (ό
2638 4775 2734 4845 μὲν
2777 4777 2885 4847 γὰρ
2934 4777 3087 4841 εἰδὼς
3137 4774 3197 4834 οὗ
3260 4782 3571 4855 ἐστέρηται,

2005 4862 2224 4933 βαρεῖαν
2269 4866 2496 4917 ποιεῖται
2526 4865 2618 4918 τοῦ
2650 4869 2825 4935 φωτὸς
2851 4870 2950 4939 τὴν
2993 4871 3225 4939 ζημίαν·
3268 4875 3297 4925 ὁ
3350 4873 3410 4925 δὲ
3448 4875 3576 4945 μηδέ

2002 4954 2134 5016 ὅλως
2159 4954 2410 5021 ἐγνωκὼς
2432 4956 2527 5027 τὴν
2560 4959 2812 5029 τοιαύτην
2839 4962 3017 5032 χάριν,
3042 4960 3261 5027 ἀλύπως
3290 4963 3579 5019 διαϐιὼσε-

2001 5062 2110 5108 ται,
2146 5044 2232 5098 διὰ
2260 5045 2358 5117 τὴν
2385 5048 2610 5117 τροφίαν
2642 5048 2734 5101 τοῦ
2766 5049 2927 5118 ζόφου
2963 5052 3184 5122 μηδενὸς
3224 5055 3581 5109 ἐκπεπτωκέ-

2002 5154 2087 5187 ναι
2111 5136 2216 5188 τῶν
2244 5137 2463 5204 ἀγαθῶν
2492 5139 2832 5210 λογιζόμενος
2853 5158 2866 5170 ·
2898 5145 2962 5195 ἐκ
2990 5144 3045 5196 δέ
3073 5144 3261 5196 τούτου
3295 5146 3386 5199 τὸν
3417 5149 3517 5217 μὲν
3546 5150 3576 5217 ἡ

2001 5226 2262 5296 ἐπιθυμία
2289 5228 2386 5298 τῆς
2409 5229 2502 5281 τοῦ
2534 5229 2708 5297 φωτὸς
2735 5231 3104 5297 ἀπολαύσεως,
3132 5238 3211 5298 είς
3238 5242 3422 5291 πᾶσαν
3466 5241 3579 5305 ἄξει

2005 5318 2248 5389 μηχανὴν
2275 5320 2369 5372 καὶ
2394 5321 2636 5374 ἐπίνοιαν
2667 5321 2760 5374 τοῦ
2793 5324 2953 5378 πάλιν
2990 5326 3113 5379 ἰδεῖν
3142 5319 3203 5379 οὗ
3230 5327 3289 5392 ἐξ
3313 5330 3579 5402 ἐπηρείας

2000 5409 2380 5480 ἀπεστερήθηι
2430 5414 2457 5464 ὁ
2485 5411 2540 5464 δέ
2589 5417 2960 5485 καταγηρὰσει
3005 5416 3083 5487 τῷ
3132 5419 3280 5489 ζόφῳ
3328 5420 3575 5485 διαϐιῶν,

1998 5495 2084 5577 διά
2115 5495 2174 5547 τὸ
2214 5495 2287 5565 μὴ
2332 5498 2627 5565 ἐγνωκέναι
2663 5501 2723 5554 τὸ
2767 5502 2990 5573 βέλτιον,
3038 5507 3240 5574 ἀγαθὸν
3290 5511 3474 5582 ἐαυτῷ
3522 5517 3579 5567 τὺ

2000 5588 2169 5658 παρὸν
2196 5588 2415 5661 κρίνων)
2438 5606 2451 5620 ·
2482 5590 2622 5645 οὕτω
2653 5595 2746 5647 καὶ
2788 5598 2877 5650 ἐπὶ
2918 5598 3011 5650 τοῦ
3039 5604 3404 5670 προκειμένου
3449 5609 3565 5677 νοή-

2003 5697 2188 5745 ματος.
2218 5682 2246 5734 ό
2276 5680 2336 5734 τὸ
2361 5680 2574 5752 ἀληθῶς
2608 5685 2809 5753 ἀγαθὸν
2833 5690 3066 5745 κατιδεῖν
3102 5694 3348 5763 ἰσχύσας,
3387 5697 3572 5752 ἔπειτα
