3690 5986
89 195 217 250 19.25
1130 191 1218 248 DE
1248 190 1844 247 BEATITUDINIBUS.
1887 190 2147 247 ORATIO
2188 190 2274 245 lll.
3196 193 3334 249 129.6

85 317 172 387 τὴν
203 315 474 387 πτωχείαν
520 316 623 388 τῆς
650 316 998 389 ἀνθρωπίνης
1044 315 1258 385 φύσεως
1293 315 1658 383 κατανοήσας,

1830 321 1966 369 ltans
1991 330 2005 380 ;
2031 319 2194 383 atque
2223 327 2288 367 ex
2321 311 2423 366 hac
2464 325 2524 366 re
2558 309 2786 377 accidet,
2825 319 2882 365 ut
2923 310 3156 365 alterum
3206 311 3333 380 qui-

83 411 135 463 ὲν
166 411 419 480 συμφορᾷ
461 410 561 480 τὴν
589 408 768 480 ψυχὴν
807 406 1175 470 πάντωςοέξει,
1202 406 1279 476 τῷ
1309 405 1384 477 μὴ
1431 401 1573 459 εἶναι
1599 406 1659 457 ἐν

1835 421 1882 458 m
1915 405 2054 460 lucis
2078 420 2213 460 usus
2241 403 2574 459 desiderium
2616 403 2752 457 nihil
2779 417 2887 456 non
2929 402 3109 459 moliri
3157 409 3212 456 et
3237 416 3331 456 ex-

83 501 152 571 τῷ
177 500 364 570 ἀγαθῷ
399 500 595 571 ἐκείνῳ
641 500 734 554 τὸν
779 499 1025 569 παρόντα
1068 497 1202 567 βίον,
1252 496 1446 559 πένθος
1486 495 1659 549 ποιού-

1830 495 2000 565 gitare
2034 504 2213 564 cogat,
2235 508 2345 563 quo
2383 507 2578 547 rursus
2610 491 2793 546 videre
2824 490 3106 561 contingat
3127 488 3180 543 id
3210 504 3323 558 quo

86 608 249 662 μενος.
280 590 495 645 Οὐκοῦν
530 592 593 644 οὐ
633 589 730 661 τὴν
762 589 941 660 λύπην
977 605 1067 658 μοι
1101 588 1249 641 δοκεῖ
1279 585 1604 658 μακαρίζειν
1632 586 1659 638 ὁ

1830 604 1853 639 r
1878 587 1986 641 vim
2023 587 2271 657 privatus
2300 593 2420 652 est;
2449 585 2586 640 alter
2611 598 2739 638 vero
2772 592 3057 653 propterea
3085 580 3232 651 quod
3260 579 3336 640 id,

84 683 261 750 Λόγος,
293 681 435 735 ἀλλὰ
459 681 559 753 τὴν
588 682 795 752 εἴδησιν
832 679 927 732 τοῦ
958 677 1184 748 ἀγαθοῦ,
1270 677 1333 730 rb
1358 678 1457 747 τῆς
1485 676 1659 747 λύπης

1832 677 1899 732 od
1931 678 2127 733 melius
2154 686 2258 742 est,
2288 679 2521 749 ignorat,
2562 677 2614 731 id
2649 675 2795 746 quod
2818 675 2923 730 sibi
2958 674 3100 729 adsit
3124 673 3329 727 bonum

85 772 238 835 πάθος
266 770 671 841 ἐπισυμϐαίνει,
700 769 789 824 διὰ
831 770 893 824 rb
936 769 1011 841 μὴ
1041 769 1297 840 παρεῖναι
1324 767 1403 838 τῷ
1450 767 1550 839 βίῳ
1593 768 1655 821 τὸ

1830 768 2178 837 sejudicans,
2230 770 2286 824 in
2320 770 2553 839 caligine
2590 769 2756 823 vitam
2798 767 3109 837 transigens
3144 779 3339 819 conse-

86 863 424 934 ζητούμενον.

1834 859 1992 927 seet.)
2025 859 2217 915 Itidem
2252 875 2312 916 se
2342 875 2430 914 res
2462 861 2625 915 habet
2667 860 2721 913 in
2748 860 3027 929 proposita
3055 853 3331 911 sententia

85 967 235 1027 atque
272 960 590 1021 intellectu;
625 959 719 1027 qui
748 956 802 1012 id
842 955 990 1026 quod
1008 970 1139 1011 vere
1177 956 1379 1021 bonum
1415 962 1520 1022 est,
1568 952 1754 1009 videre
1791 955 1989 1024 potuit,
2050 954 2244 1011 deinde
2284 962 2576 1025 egestatem
2618 955 2870 1008 humanae
2914 960 3123 1007 naturae
3161 951 3339 1005 anim-

86 1051 301 1106 advertit
339 1061 508 1122 atque
544 1051 933 1118 consideravit,
972 1050 1132 1121 quasi
1178 1050 1490 1104 calamitate
1535 1059 1760 1119 accepta
1797 1051 1851 1105 in
1909 1050 2090 1105 animo
2154 1067 2214 1106 se
2289 1051 2446 1120 plane
2519 1049 2797 1105 alllictabit
2864 1055 2918 1103 et
2978 1046 3334 1107 excruciabit,

83 1162 141 1201 eo
174 1150 320 1218 quod
347 1151 402 1204 in
433 1149 528 1203 illo
551 1149 696 1203 bono
732 1162 843 1201 non
878 1156 1146 1213 versetur,
1201 1154 1521 1216 praesentem
1551 1147 1678 1200 vitae
1714 1153 1941 1211 statum,
1999 1146 2208 1200 luctum
2251 1162 2375 1202 esse
2404 1147 2634 1200 ducens.
2706 1143 2847 1213 Ergo
2891 1156 3002 1197 non
3056 1140 3335 1196 tristitiam

85 1238 288 1293 beatam
359 1239 566 1295 ducere
616 1239 857 1293 Verbum
924 1238 1061 1291 mihi
1108 1237 1346 1303 videtur,
1408 1237 1503 1292 sed
1551 1238 1917 1309 cognitionem
1961 1246 2014 1293 et
2060 1238 2346 1294 scientiam
2404 1237 2557 1301 boni,
2617 1235 2704 1290 cui
2772 1234 2941 1288 animi
2994 1231 3200 1286 doloris
3252 1230 3337 1283 af-

84 1329 247 1387 fectus
273 1331 484 1387 accedit
515 1348 529 1397 ;
557 1340 846 1401 propterea
877 1329 1024 1400 quod
1063 1329 1140 1394 id,
1165 1329 1313 1399 quod
1360 1331 1647 1398 quaeritur,
1687 1330 1814 1386 vitae
1850 1346 1960 1385 non
1990 1331 2154 1388 adsit.

156 1426 467 1482 ’Δκόλουθον
521 1426 698 1480 τοίνυν
752 1425 1002 1490 ἐξετάσαι
1057 1424 1111 1477 τί
1157 1442 1287 1478 ποτε
1346 1424 1452 1496 ἄρα
1511 1425 1658 1479 ἐστὶν

1833 1426 1955 1482 Jam
1984 1442 2114 1482 vero
2141 1441 2482 1496 consequens
2498 1432 2550 1480 et
2578 1424 2884 1495 proximum
2910 1424 3075 1479 fuerit
3114 1421 3341 1478 investi-

81 1517 241 1573 ἐκεῖνο
269 1518 331 1571 τὸ
356 1518 474 1587 φῶς
510 1557 527 1584 ,
554 1509 599 1585 ᾧ
632 1517 694 1569 rb
735 1515 971 1584 ζοφῶδες
1008 1513 1166 1568 τοῦτο
1185 1516 1285 1584 τῆς
1321 1516 1659 1587 ἀνθρωπίνης

1836 1533 1912 1580 re.
1939 1534 2058 1587 qua:
2091 1517 2309 1572 tandem
2346 1518 2437 1571 illa
2486 1518 2558 1572 sit
2588 1516 2777 1585 utique
2806 1515 2923 1577 lux,
2959 1529 3065 1584 qua
3104 1513 3340 1568 obscura

83 1609 284 1680 ερύσεως
344 1609 607 1681 σπήλαιον
650 1611 708 1663 ἐν
759 1606 835 1678 τῷ
879 1606 1110 1677 παρόντι
1151 1606 1251 1677 βίῳ
1287 1607 1348 1659 οὐ
1380 1607 1656 1675 καταυγά-

70 1703 239 1779 ,ἔπαι-
258 1699 339 1755 Ἧ
363 1701 527 1770 τάχα,
554 1700 614 1753 οὗ
655 1699 792 1769 πρὸς
838 1697 899 1751 τὸ
943 1697 1204 1768 ἁνήνυτόν
1230 1712 1291 1750 τε
1328 1698 1423 1752 καὶ
1450 1698 1657 1751 ἀκατά-

81 1794 268 1864 ληπτον
293 1796 329 1865 ἡ
354 1791 620 1861 ἐπιθυμία
648 1791 869 1862 planet;
900 1791 996 1853 Τίς
1021 1790 1129 1859 γάρ
1157 1790 1215 1842 ἐν
1244 1791 1375 1861 ἡμῖν
1407 1790 1664 1861 λογισμὸς

80 1886 327 1947 τοιοῦτος,
376 1883 453 1946 ὡς
501 1878 814 1953 ἀνιχνεῦσαι
846 1880 940 1935 τοῦ
971 1881 1300 1952 ζητουμένου
1331 1880 1429 1952 τὴν
1461 1880 1620 1950 φύσιν
1646 1897 1661 1946 ;

82 1976 165 2039 Τίς
198 1976 256 2042 ἐξ
293 1974 573 2044 ὀνομάτων
611 1990 671 2027 τε
716 1974 810 2028 καὶ⁵
856 1974 1115 2046 ῥημάτων
1152 1974 1394 2044 σημασία
1419 1973 1660 2045 τοιαύτη,

80 2067 148 2130 ὡς
189 2066 349 2130 ἀξίαν
389 2069 520 2136 ἡμῖν
559 2065 766 2120 ἔννοιαν
799 2066 894 2119 τοῦ
929 2066 1322 2137 ὑπερκειμένου
1354 2064 1532 2134 φωτὸς
1562 2066 1664 2135 ἐμ-

82 2158 325 2227 amicat;
358 2158 483 2221 Πῶς
510 2159 763 2229 ὀνομάσω
790 2159 851 2211 rb
880 2158 1144 2232 ἀθέατον;
1176 2158 1301 2221 Πῶς
1329 2157 1666 2229 παραστήσω

79 2248 132 2301 τὺ
171 2250 368 2316 άῦλον;
417 2249 543 2313 Πῶς
594 2249 751 2314 δείξω
796 2249 859 2302 rb
912 2249 1120 2314 ἀειδέςς
1163 2248 1280 2313 πῶς
1328 2248 1565 2302 διαλάὸω
1606 2248 1666 2302 rb

78 2342 358 2411 ἀμὲγεθες,
390 2342 452 2394 rb
488 2341 711 2407 άποσον,
758 2340 820 2394 rb
869 2343 1079 2405 ἄποιον,
1122 2340 1181 2394 rb
1218 2341 1663 2411 ἀσχημάτιστον;

77 2434 131 2487 rb
169 2435 305 2505 μήτε
339 2435 510 2505 τόπῳ,
552 2435 690 2504 μήτε
721 2434 898 2505 χρόνῳ
926 2433 1342 2505 εὑρισκόμενον;
1374 2432 1435 2486 τὸ
1474 2432 1667 2499 ἐξώτε-

80 2541 162 2595 ρον
208 2523 411 2588 παντὸς
460 2524 767 2597 περασμοῦ,
799 2525 894 2578 καὶ
938 2524 1119 2596 πάσης
1155 2526 1434 2594 ὁριστικῆς
1464 2539 1665 2590 φανταο

80 2614 190 2677 σίας
214 2632 230 2679 ;
269 2610 331 2669 οὗ
358 2614 517 2685 ἔργον
549 2614 684 2686 ζωὴ,
714 2616 808 2669 καὶ
833 2617 866 2686 ἡ
897 2615 1112 2668 πάντων
1141 2614 1250 2667 τῶν
1278 2613 1421 2668 κατά
1445 2613 1507 2667 rb
1530 2615 1665 2683 ἀγα-

79 2705 159 2758 θὸν
186 2706 493 2777 νοουμένων
516 2707 847 2770 ὑπόστασιςς
886 2707 1012 2777 περὶ
1040 2705 1068 2758 ὃ
1110 2706 1218 2758 πᾶν
1252 2704 1454 2775 ὑψηλὸν
1489 2705 1667 2776 νόημά

76 2810 128 2846 τε
166 2796 262 2848 καὶ
300 2795 473 2866 ὄνομα
509 2794 829 2866 θεωρείται;
872 2795 1083 2865 θεότης,
1118 2794 1380 2865 βασιλεία,
1414 2781 1662 2866 δύναμις,

76 2885 343 2957 ἀῖδιότης,
391 2886 703 2960 ἀφθαρσία,
753 2886 901 2959 χαρά
940 2904 1001 2940 τε
1053 2888 1147 2941 καὶ
1183 2886 1524 2957 ἀγαλλίαμα,
1573 2888 1666 2941 καὶ

78 2976 181 3028 πᾶν
207 2975 287 3028 ὅτι
313 2975 421 3047 πέρ
442 2977 590 3028 ἐστιν
613 2977 669 3029 ἐν
694 2974 817 3044 ὕψει
839 2976 1125 3047 νοούμενον
1148 2993 1206 3029 τε
1228 2978 1321 3030 καὶ
1339 2977 1661 3047 λεγόμενον;

77 3064 194 3127 Πῶς
218 3065 397 3118 τοίνυν
429 3064 546 3118 ἐστι
575 3065 669 3118 καὶ
704 3065 794 3118 διά
827 3065 997 3118 ποίων
1020 3065 1292 3135 λογισμῶν
1320 3066 1381 3118 τὸ
1421 3066 1659 3120 τοιοῦττν

76 3156 225 3225 ἡμῶν
259 3156 462 3225 ἀγαθὸν
504 3157 598 3209 ὑπ’
623 3156 744 3226 ὄψιν
792 3155 986 3219 ἐλθεῖν,
1035 3155 1095 3209 rb
1146 3139 1414 3227 θεώμενοῦ
1447 3157 1542 3211 καὶ
1585 3156 1659 3229 μὴ

77 3242 400 3314 βλεπόμενον
427 3262 442 3310 ;
474 3245 547 3298 Tb
567 3246 699 3299 πᾶσι
722 3247 836 3308 τοῖς
859 3241 978 3298 οὖσι
1004 3244 1066 3298 rb
1091 3241 1229 3300 εἶναι
1256 3247 1657 3318 παρεχόμενον;

76 3331 201 3386 αὐτὸ
239 3333 295 3387 δὲ
336 3334 424 3387 ἀεὶ
462 3332 544 3396 ὃν,
586 3335 679 3387 καὶ
724 3334 819 3387 τοῦ
842 3334 1092 3402 γενέσθαι
1119 3335 1182 3387 οὺ
1226 3335 1655 3406 προσδεόμενον;

1766 1608 1881 1663 haec
1919 1608 2173 1667 humanae
2207 1620 2414 1663 natura
2449 1610 2708 1678 spelunca
2734 1625 2789 1662 tn
2813 1608 3068 1677 praesenti
3093 1606 3201 1660 vita
3229 1619 3339 1660 non

1766 1701 2122 1755 illuminatur.
2153 1700 2408 1771 Nunquid
2431 1702 2498 1755 ad
2524 1701 2578 1755 id
2617 1700 2867 1764 forsitan,
2910 1698 3058 1768 quod
3100 1712 3201 1753 nec
3239 1713 3338 1751 ex-

1767 1792 1964 1860 pediri,
1996 1807 2098 1848 nec
2136 1793 2423 1863 explicari,
2451 1807 2553 1846 nec
2594 1791 2979 1861 comprehendi
3010 1795 3210 1860 potest,
3242 1803 3342 1843 eu-

1765 1881 1966 1950 piditas
1996 1883 2252 1952 spectat?
2280 1887 2413 1949 Quae
2436 1883 2579 1937 enim
2604 1882 2659 1936 in
2688 1881 2847 1936 nobis
2872 1880 3127 1951 cogitatio
3150 1880 3339 1948 conje-

1765 1980 1986 2026 cturave
2012 1972 2137 2028 talis
2169 1981 2273 2037 est,
2304 1982 2365 2026 ut
2392 1973 2682 2042 investiget
2708 1972 2828 2041 ejus
2852 1971 2998 2042 quod
3040 1970 3330 2041 quaeritur,

1765 2062 2054 2116 naturam?
2080 2078 2201 2132 qum
2231 2079 2295 2118 ex
2344 2064 2664 2118 nominibus
2700 2064 2905 2133 pariter
2940 2076 3005 2117 ac
3035 2063 3223 2117 verbis
3255 2062 3335 2117 si-

1766 2153 2045 2222 gniﬁcatio
2088 2164 2347 2210 constans
2375 2156 2498 2211 talis
2535 2164 2637 2219 est,
2714 2163 2772 2209 ut
2823 2154 3043 2225 dignam
3087 2155 3141 2208 i-n
3179 2153 3336 2208 nobis

1766 2257 2016 2311 supernae
2051 2245 2190 2301 lucis
2241 2246 2490 2301 notitiam
2520 2247 2799 2317 ingeneret
2822 2247 2846 2300 ?
2867 2246 3136 2316 quomodo
3159 2246 3336 2300 nomi-

1765 2336 1909 2390 nabo
1944 2335 1996 2390 id
2024 2337 2169 2407 quod
2196 2339 2432 2408 spectari
2461 2355 2570 2393 non
2595 2342 2809 2409 potest?
2841 2340 3116 2411 quomodo
3137 2356 3334 2410 sugge-

1767 2441 1881 2480 ram
1912 2433 2075 2496 atque
2107 2429 2407 2498 eXprimam
2448 2429 2501 2482 id
2541 2431 2682 2499 quod
2715 2431 2961 2485 materiei
2994 2447 3191 2501 expers
3219 2431 3339 2488 est?

1767 2518 2041 2588 quomodo
2055 2520 2338 2574 ostendam
2358 2520 2432 2587 id,
2451 2521 2595 2591 quod
2618 2523 2791 2578 visum
2813 2522 3003 2594 ellugit
3023 2524 3045 2576 ?
3062 2523 3335 2593 quomodo

1767 2612 2221 2681 comprehendam
2246 2612 2322 2676 id,
2354 2612 2498 2681 quod
2526 2621 2749 2683 superat
2789 2629 3007 2669 omnem
3055 2614 3337 2685 magnitu—

1767 2702 1993 2757 dinem?
2018 2703 2162 2772 quod
2194 2704 2298 2758 sub
2330 2704 2710 2774 quantitatem,
2738 2706 2842 2761 sub
2861 2706 3180 2776 qualitatem
3225 2721 3334 2761 non

1766 2792 1953 2847 cadit?
1991 2793 2133 2863 quod
2171 2793 2369 2865 effingi,
2420 2797 2563 2866 quod
2614 2798 2916 2852 assimilari
2962 2813 3074 2852 non
3110 2799 3338 2868 potest?

1766 2884 1912 2953 quod
1939 2901 2114 2954 neque
2150 2885 2301 2951 loco,
2354 2903 2531 2956 neque
2582 2897 2825 2959 tempore
2863 2889 3338 2960 deprehenditur?

1766 2976 1907 3043 quod
1935 2977 2140 3031 excidit
2160 2992 2373 3032 omnem
2406 2979 2809 3045 limitationem,
2858 2988 2913 3034 et
2938 2995 3157 3035 omnem
3193 2980 3333 3035 deli-

1764 3067 1986 3120 nitivam
2071 3069 2560 3138 imaginationem?
2617 3070 2776 3139 cujus
2854 3086 2994 3140 opus
3070 3079 3156 3128 est
3200 3073 3332 3136 vita,

1761 3158 2116 3228 omniumque
2140 3175 2261 3228 qua:
2290 3176 2388 3230 per
2411 3162 2615 3216 bonum
2648 3163 3054 3233 intelliguntur,
3077 3165 3332 3220 substan-

1761 3248 1878 3301 tia?
1907 3249 2051 3302 circa
2078 3250 2223 3318 quod
2265 3252 2444 3307 omnis
2470 3253 2756 3321 cogitatio,
2798 3256 2977 3310 omnis
3009 3257 3175 3311 animi
3204 3271 3337 3311 con-

1760 3346 1950 3409 ceptus
1977 3347 2030 3395 et
2069 3341 2381 3398 intellectus
2430 3344 2684 3399 sublimis
2723 3349 3019 3402 versatur?
3046 3365 3208 3404 omne
3234 3365 3336 3404 no-

77 3440 191 3481 men
255 3426 428 3480 altum
471 3424 856 3480 consideratur
880 3426 904 3479 ?
931 3425 1139 3492 Deitas,
1205 3442 1457 3496 regnum,
1508 3429 1775 3497 potentia,
1799 3430 2098 3494 aeternitas,
2135 3431 2646 3502 incorruptibilitas,
2682 3437 3053 3507 gaudiumque
3085 3449 3139 3494 et
3155 3443 3338 3497 exsul.

77 3518 223 3582 latio,
281 3523 334 3571 et
362 3530 527 3571 omne
590 3516 957 3587 quodcunque
1018 3516 1075 3570 in
1140 3516 1424 3571 altitudine
1490 3524 1601 3571 tam
1662 3518 2002 3590 intelligitur,
2055 3519 2626 3587 quamdieitur?Quo
2656 3522 2820 3592 igitur
2852 3524 3034 3587 modo,
3059 3528 3331 3596 quibusve

76 3610 517 3682 cogitationibus,
564 3608 834 3679 ejusmodi
882 3610 1041 3666 nobis
1074 3610 1278 3665 bonum
1349 3617 1477 3666 ante
1541 3612 1732 3667 oculos
1776 3613 1905 3682 poni
1938 3614 2132 3682 possit,
2168 3615 2314 3683 quod
2350 3623 2631 3684 spectatur
2657 3624 2711 3671 et
2738 3632 2847 3671 non
2886 3621 3164 3676 cernitur?
3186 3626 3333 3693 quod

74 3699 232 3755 rebus
268 3697 544 3753 universis
571 3695 909 3762 facultatem,
931 3707 992 3752 ut
1035 3698 1165 3763 sint,
1201 3698 1426 3768 praebet,
1443 3697 1621 3768 ipsum
1658 3714 1789 3754 vero
1812 3714 2026 3770 semper
2044 3710 2149 3768 est,
2167 3718 2343 3771 neque
2363 3713 2425 3760 ut
2446 3705 2673 3759 exsistat
2694 3708 2928 3777 amplius
2960 3725 3099 3779 opus
3134 3712 3336 3770 habet?

146 3795 285 3848 Ἀλλ’
312 3793 389 3857 ῶς
416 3793 484 3846 ἂν
515 3791 589 3863 μὴ
619 3792 794 3864 μάτην
828 3794 856 3846 ὁ
898 3793 1055 3861 λόγος
1079 3793 1278 3863 κάμνοι
1306 3795 1417 3856 τοῖς
1439 3793 1661 3864 ἀχωρή-

74 3901 177 3949 τοις
198 3884 392 3939 ἑαυτὸν
426 3881 773 3946 ἐπεκτείνων,
799 3881 907 3936 τῶν
938 3883 1035 3951 μὲν
1070 3882 1478 3953 ὑπερκειμένων
1521 3883 1658 3950 ἀγα-

75 3973 173 4029 θῶν
214 3975 318 4046 τὴν
363 3971 557 4041 φύσιν,
602 3970 678 4034 ὡς
728 3971 1010 4041 ἀμήχανον
1052 3969 1112 4024 ὃν
1157 3970 1218 4023 rb
1263 3969 1501 4023 τοιοῦτον
1552 3967 1658 4022 ὑπὸ

75 4063 371 4133 κατάληψιν
410 4060 615 4124 ἐλθεῖν,
664 4057 1246 4130 πολυπραγμονοῦντες
1298 4058 1655 4130 παυσώμεθα,

73 4156 315 4211 τοσοῦτον
351 4152 510 4223 μόνον
532 4154 599 4223 ἐκ
622 4150 729 4204 τῶν
755 4149 1096 4220 ζητηθέντων
1128 4150 1506 4222 κερδάναντες,
1532 4150 1657 4203 ὅσον

72 4243 133 4299 δι’
169 4222 472 4300 αὐτούτοῦ
510 4222 904 4312 μὴδυνηθῆναι
949 4240 1186 4293 κατιδεῖν
1218 4239 1280 4292 rb
1305 4238 1654 4309 ζητούμενον,

72 4335 274 4392 ἔννοιάν
306 4350 427 4387 τινα
462 4331 555 4385 τοῦ
591 4330 854 4402 μεγέθους
904 4329 1012 4384 τῶν
1066 4330 1411 4400 ζητουμένων
1455 4325 1689 4383 ἀνατυ-ο

73 4428 373 4483 πώσασθαι.
401 4427 551 4495 Ὀσῳ
581 4424 638 4478 δέ
671 4426 769 4495 τῆς
814 4422 1070 4491 γνώσεως
1122 4421 1276 4493 ήμῶν
1327 4421 1655 4493 ὑψηλότερον

71 4514 203 4573 εἶναι
236 4518 300 4572 rb
328 4516 530 4585 ἀγαθὴν
562 4518 629 4587 τῇ
660 4514 820 4585 φύσει
854 4511 1200 4582 πιστεύομεν,
1249 4512 1486 4583 τοσούτῳ
1522 4512 1655 4580 μᾶλ-

71 4609 152 4664 λον
190 4609 255 4663 rb
298 4606 493 4670 πένθος
538 4609 596 4660 ἐν
634 4607 816 4669 αὐτοῖς
864 4603 1239 4674 ἐπιτείνωμεν,
1286 4604 1368 4656 ὅτι
1415 4602 1651 4657 τοιοῦτόν

70 4701 178 4754 ἐστι
207 4700 308 4754 καὶ
333 4698 588 4752 τοσοῦτον
613 4698 675 4751 rb
712 4696 935 4767 ἀγαθὸν,
966 4690 1026 4750 οὗ
1058 4695 1425 4766 διεζευγμένοι
1449 4694 1652 4764 τυγχά-

70 4808 245 4862 νομεν,
282 4790 359 4853 ὡς
389 4789 523 4860 μηδέ
562 4789 662 4860 τὴν
690 4788 889 4856 γνῶσιν
930 4786 1093 4840 αὑτοῦ
1130 4788 1327 4859 χωρεῖν
1367 4786 1646 4842 δύνασθαι.

68 4880 266 4934 Τούτου
292 4878 476 4949 μέντοι
503 4877 597 4932 τοῦ
622 4877 1009 4949 ὑπεραίροντος
1030 4878 1211 4930 πᾶσαν
1235 4875 1463 4948 δύναμιν
1491 4894 1652 4931 καταο

67 4971 354 5042 ληπτικὴν,
394 4972 453 5026 ἐν
495 4969 753 5041 μετουσίᾳ
791 4970 920 5024 ποτὲ
952 4965 1094 5041 ἦμεν
1125 4970 1175 5022 οί
1220 4969 1528 5040 ἀνθρώποιο
1556 4969 1650 5024 καὶ

67 5063 314 5117 τοσοῦτον
338 5057 408 5132 ἦν
437 5062 494 5113 ἐν
516 5063 580 5131 τῇ
622 5060 781 5131 φύσει
824 5059 981 5131 ἡμῶν
1035 5061 1208 5113 ἐκεῖνο
1258 5060 1319 5112 rb
1352 5059 1554 5129 ἀγαθὸν
1593 5060 1654 5112 rb

66 5155 199 5226 ὓτὼρ
230 5156 343 5208 πᾶν
366 5153 564 5223 νόημα,
595 5152 671 5214 ὡς
700 5151 827 5207 ἄλλο
855 5152 1031 5205 ἐκεῖνο
1059 5150 1120 5203 rb
1145 5149 1481 5222 ἀνθρώπινον
1515 5145 1655 5205 εἷναι

64 5245 269 5313 δοκεῖν,
292 5247 360 5316 τῇ
410 5242 782 5316 ἀκριϐεστάτη
836 5240 1093 5314 ὁμοιώσει
1148 5241 1290 5294 κατά
1331 5241 1430 5312 τὴν
1473 5240 1655 5295 εἰκόνα

65 5339 153 5392 τοῦ
213 5335 577 5409 πρωτοτύπου
631 5335 1077 5405 μεμορφωμένον.
1116 5337 1184 5388 Ἀ
1227 5335 1335 5406 γὰρ
1382 5333 1476 5388 νῦν
1530 5335 1657 5407 περὶ

67 5429 268 5484 ἐκείνου
314 5425 684 5498 στοχαστικῶς
733 5425 1063 5497 θεωροῦμεν,
1117 5425 1288 5480 ταῦτα
1331 5425 1508 5480 πάντα
1554 5428 1649 5480 καὶ

66 5522 189 5591 περὶ
214 5520 309 5573 τὸν
336 5519 621 5590 ἄνθρωπον
642 5512 730 5588 ἦν,
758 5515 1033 5590 ἀφθαρσίᾳ
1056 5535 1115 5572 τε
1144 5519 1236 5572 καὶ
1265 5517 1642 5588 μακαριότητι·

66 5611 153 5665 καὶ
176 5610 237 5667 τὺ
266 5608 601 5678 αὐτοκρατὲς
624 5606 798 5660 καὶτὸ
823 5606 1135 5676 ἀδέσποτον,
1161 5607 1222 5661 τό
1247 5624 1307 5661 τε
1329 5606 1531 5662 ἄλυπον
1554 5608 1645 5660 καὶ

346 5703 623 5766 Parcet.
662 5700 782 5762 Gn.
819 5697 1022 5760 XLIV.

1828 3794 2031 3850 Verum
2087 3811 2156 3851 ne
2206 3797 2383 3852 oratio
2401 3796 2608 3853 frustra
2651 3800 2880 3866 laboret,
2942 3804 2997 3857 in
3033 3805 3203 3861 rebus
3242 3821 3335 3863 ca-

1758 3894 1913 3958 ptum
1946 3895 2196 3943 nostrum
2220 3889 2608 3959 superantibus
2653 3891 2917 3948 enitendo
2971 3909 3095 3950 sese
3149 3896 3331 3952 inten-

1757 3978 1913 4045 dens,
1942 3995 2306 4048 supernorum
2347 3982 2565 4052 quidem
2598 3983 2869 4040 bonorum
2901 3994 3179 4053 naturam,
3201 4003 3327 4042 cum

1758 4070 1875 4127 fieri
1911 4087 2017 4127 non
2051 4072 2249 4142 possit,
2277 4080 2337 4127 ut
2372 4075 2640 4142 ejusmodi
2663 4075 2935 4147 quispiam
2965 4080 3330 4150 comprehen-

1760 4157 1904 4213 sioni
1940 4159 2287 4228 subjiciatur,
2338 4164 2559 4217 curiose
2605 4172 2660 4218 et
2717 4168 2876 4221 anxie
2934 4167 3209 4237 inquirere
3234 4169 3330 4224 de-

1757 4247 2024 4311 sinamus,
2048 4255 2259 4303 tantum
2287 4250 2552 4306 duntaxat
2601 4267 2666 4306 ex
2701 4255 2948 4322 quaesitis
2992 4256 3210 4321 lucrati,
3270 4266 3325 4310 ut

1758 4353 1857 4406 per
1886 4338 1989 4392 hoc
2031 4339 2208 4407 ipsum
2229 4380 2243 4405 ,
2280 4340 2426 4409 quod
2455 4356 2564 4395 non
2600 4356 2895 4411 possumus
2934 4346 3244 4414 perspicere
3274 4347 3330 4400 id

1759 4432 1903 4500 quod
1933 4432 2252 4502 quaerimus,
2278 4434 2785 4503 aliquamnotitiam
2817 4437 3214 4505 magnitudinis
3241 4452 3328 4492 re-

1759 4536 1907 4587 rum,
1941 4523 2008 4578 de
2036 4524 2235 4593 quibus
2258 4524 2541 4591 quaeritur,
2598 4525 2654 4579 in
2707 4527 2890 4581 animo
2936 4527 3237 4585 formemus
3275 4537 3330 4585 et

1758 4614 2142 4685 imaginemur.
2168 4616 2384 4680 Quanto
2405 4623 2587 4671 autem
2611 4617 2922 4687 cognitione
2945 4628 3134 4675 nostra
3163 4620 3329 4675 altius

1757 4704 1893 4758 illud
1945 4719 2067 4760 esse
2103 4716 2300 4760 natura
2355 4706 2559 4760 bonum
2605 4708 2902 4771 credimus,
2953 4721 3104 4763 tanto
3158 4711 3327 4779 magis

1760 4795 1967 4849 luctum
2026 4796 2080 4849 in
2128 4796 2289 4851 nobis
2333 4796 2680 4852 intendamus
2724 4805 2778 4851 et
2824 4813 3142 4868 augeamus,
3181 4802 3332 4869 quod

1758 4886 1866 4940 tale
1888 4901 1950 4940 ac
1974 4892 2188 4940 tantum
2220 4887 2293 4942 sit
2323 4887 2552 4952 bonum,
2607 4902 2639 4942 a
2668 4902 2777 4957 quo
2800 4887 3064 4957 disjuncti
3111 4904 3326 4955 sumus,

1762 4984 1821 5027 ut
1850 4990 1919 5029 ne
1975 4974 2348 5045 cognitionem
2394 4975 2616 5048 quidem
2647 4976 2767 5046 ejus
2795 4990 2991 5045 capere
3027 4978 3327 5044 possimus.

1759 5060 2149 5119 Verumtamen
2176 5066 2340 5134 hujus
2359 5065 2509 5130 boni,
2538 5066 2683 5136 quod
2713 5073 2935 5136 superat
2957 5080 3176 5120 omnem
3220 5067 3329 5120 vim

1757 5154 2281 5224 comprehendendi,
2307 5172 2409 5213 nos
2438 5156 2690 5211 homines
2728 5157 2857 5210 olim
2886 5155 3176 5226 participes
3206 5170 3330 5209 era-

1755 5260 1879 5300 mus
1912 5263 1925 5299 :
1959 5259 2023 5299 ac
2052 5254 2261 5301 tantum
2284 5255 2403 5302 erat
2426 5248 2483 5302 in
2504 5258 2699 5303 natura
2728 5256 2914 5302 nostra
2944 5247 3147 5301 bonum
3168 5246 3326 5315 illud;

1757 5337 1903 5406 quod
1933 5343 2156 5405 superat
2187 5352 2404 5391 onmem
2433 5339 2823 5409 cogitationem
2869 5346 2923 5395 et
2964 5338 3328 5402 intellectum,

1761 5437 1823 5482 ut
1852 5428 2086 5482 alterum
2110 5427 2246 5482 illud
2280 5428 2581 5487 humanum
2620 5430 2824 5484 bonum
2861 5445 2986 5485 esse
3015 5428 3325 5491 videretur,

1753 5519 2184 5590 exquisitissima
2233 5520 2661 5590 plenissimaque
2709 5522 3109 5577 assimilatione
3157 5530 3322 5589 atque

1755 5610 2065 5668 imitatione
2136 5611 2205 5667 ad
2266 5611 2558 5684 imaginem
2619 5612 2868 5682 primarii
2909 5623 2964 5666 et
3031 5610 3322 5683 originalis
