3738 5984
357 197 494 253 {£27

1582 185 1644 244 S.
1685 183 2014 242 GREGORII
2047 181 2345 238 NYSSENI

3498 180 3615 235 129.3

355 315 686 387 exemplaris
717 314 1032 369 formatum.
1079 311 1218 367 Nam
1251 327 1372 382 quae
1403 325 1550 365 nunc
1584 309 1652 365 de
1691 309 1786 363 illo
1826 325 1831 378 γ

2141 306 2484 376 ιαγμάτευτον
2513 304 2609 374 τῆς
2651 304 2816 375 ζωῆς,
2859 305 2955 357 καὶ
2996 303 3030 373 ἡ
3082 303 3141 357 ἐν
3184 301 3495 373 θειοτέροις
3517 303 3617 356 δια-

355 409 712 478 conjecturas
745 407 1095 477 speculamur
1111 414 1164 461 et
1192 405 1579 475 imaginamur,
1602 403 1720 457 haec
1743 400 1932 454 omnia

355 498 502 551 circa
535 495 811 561 hominem
851 509 1075 564 quoque
1101 500 1261 547 erant
1282 533 1296 557 ,
1341 487 1833 559 incorruptibilitas
1859 484 1935 541 si-

356 587 467 641 mul
496 593 550 641 et
562 583 1099 654 beatitudo,propria
1118 588 1172 637 et
1194 597 1222 635 a
1242 581 1447 636 nullius
1468 578 1691 634 alterius
1708 575 1936 630 arbitrio

357 677 671 733 dominiove
711 676 956 746 pendens
990 680 1255 745 potestas,
1316 672 1425 726 vita
1482 670 1650 725 nullis
1698 666 1934 737 negotiis

359 767 664 836 implicata,
725 766 894 820 nullis
946 764 1236 830 molestiis,
1293 763 1428 816 nulli
1475 759 1789 831 mgritudini
1835 757 1937 812 ob-

360 859 542 922 noxia,
576 857 851 926 statioque
883 855 1195 926 augustior,
1249 860 1415 923 atque
1457 852 1513 906 in
1549 851 1685 905 locis
1726 848 1935 904 divinis

357 952 482 1004 vita:
514 948 810 1010 traductio,
844 946 1081 1002 facultas
1105 946 1235 1000 item
1266 951 1452 1014 aperta
1495 942 1658 998 simul
1692 955 1757 994 ac
1796 951 1934 1011 pura

358 1049 562 1105 mente,
652 1040 802 1095 omni
869 1041 1181 1095 velamento
1239 1038 1508 1099 detracto,
1558 1034 1762 1088 bonum
1798 1047 1935 1086 con-

357 1132 570 1187 tuendi.
602 1131 727 1187 Haec
751 1131 898 1187 enim
929 1131 1113 1186 omnia
1141 1127 1304 1184 nobis
1354 1128 1494 1182 liber
1542 1125 1611 1181 de
1654 1122 1937 1179 creatione

360 1224 551 1278 mundi
587 1238 682 1292 per
705 1222 996 1292 aenigmata
1032 1234 1317 1291 paucaque
1362 1217 1533 1274 verba
1576 1223 1719 1272 tecta
1774 1226 1936 1285 atque

360 1314 606 1368 involuta
636 1311 930 1383 signiﬁcat,
963 1309 1094 1364 dum
1122 1310 1199 1363 ait
1230 1309 1505 1363 hominem
1534 1307 1602 1361 ad
1637 1305 1934 1375 imaginem

360 1406 454 1460 Dei
483 1404 719 1460 eﬂictum
750 1417 815 1457 ac
846 1403 1144 1457 formatum
1183 1416 1330 1465 esse,
1379 1407 1434 1455 et
1459 1401 1515 1454 in
1550 1398 1812 1470 paradiso
1845 1397 1930 1452 vi-

360 1497 529 1561 xisse,
587 1497 777 1565 ibique
803 1495 938 1549 satis
964 1501 1019 1548 et
1042 1493 1223 1548 enatis
1253 1493 1311 1546 in
1346 1490 1562 1547 deliciis
1595 1504 1720 1545 esse
1751 1502 1933 1543 usum.

360 1588 531 1644 Porro
571 1588 884 1657 plantarum
930 1584 1150 1638 illarum
1205 1583 1441 1646 fructus,
1484 1582 1620 1645 vita,
1666 1579 1932 1650 cognitio,

2036 401 2189 469 γωγή
2211 415 2224 429 ·
2255 399 2349 451 καὶ
2388 397 2448 452 τὸ
2488 400 2666 468 γυμνῇ
2709 414 2769 450 τε
2802 396 2893 451 καὶ
2914 396 3157 467 ,καθαρᾷ
3184 396 3396 457 παντὸς
3435 412 3620 465 προκα-

2036 495 2316 566 λύμματος
2347 496 2412 565 τῇ
2436 493 2645 564 διανοίᾳ
2674 493 2810 563 πρὸς
2845 491 2906 544 τὸ
2943 490 3145 559 ἀγαθὸν
3177 490 3424 561 βλέπειν.
3454 488 3621 542 Ταῦτα

2034 588 2143 659 γὰρ
2172 586 2346 640 πάντα
2393 585 2459 638 δι’
2491 584 2687 652 ὀλίγων
2718 582 2976 654 ῥημάτων
3019 582 3048 633 6
3092 581 3194 650 τῆς
3238 579 3620 651 κοσμογενείας

2035 678 2170 748 ἡμῖν
2214 674 2582 730 ὑπαινίττεται
2629 673 2805 741 λόγος,
2853 673 2971 725 κατ’
2999 660 3200 724 ἐίκόνα
3254 669 3399 722 Θεοῦ
3458 668 3622 736 λέγων

2035 764 2342 820 πεπλάσθαι
2369 764 2462 817 τὸν
2488 762 2792 835 ἄνθρωπον,
2830 759 2924 815 καὶ
2957 761 3014 814 ἐν
3048 760 3128 831 τῷ
3155 759 3482 830 παραδείσῳ
3513 759 3621 829 ζῇν,

2034 860 2128 914 καὶ
2153 857 2260 911 τῶν
2289 859 2404 910 ἐκεῖ
2437 855 2857 927 πεφυτευμένων
2881 856 3256 926 κατατρυφᾷν.
3289 854 3418 907 Τῶν
3448 852 3506 907 δὲ
3529 870 3621 921 φυ-

2033 953 2146 1006 τῶν
2176 951 2398 1005 ἐκείνων
2427 947 2796 1020 καρπὸς,’ζωὴ
2830 947 2927 1002 καὶ
2951 947 3153 1017 γνῶσις
3181 949 3279 1002 καὶ
3305 946 3378 1001 τὰ
3411 946 3627 1000 τοιαύτά

2037 1044 2204 1097 ἐστιν.
2246 1043 2310 1095 Εἰ
2339 1041 2394 1095 δὲ
2427 1039 2600 1094 ταῦτα
2626 1041 2683 1092 ἐν
2703 1041 2834 1109 ἡμῖν
2857 1034 2946 1109 ἦν,
2975 1038 3092 1103 πῶς
3110 1034 3204 1093 οὖν
3230 1038 3354 1092 ἐστι
3384 1038 3477 1092 διά
3508 1054 3629 1105 συγ-

2036 1133 2270 1205 κρίσεως
2325 1130 2914 1202 ἀντιπαραθεωροῦντα
2966 1133 3032 1201 τῇ
3086 1130 3207 1183 τότε
3264 1129 3630 1200 μακαριότητι

2037 1226 2136 1296 τὴν
2189 1223 2471 1295 παροῦσαν
2513 1222 2609 1276 νῦν
2661 1222 2970 1293 ἀθλιότητα,
3021 1222 3095 1293 μὴ
3146 1220 3536 1285 ἐπιστενάζειν
3568 1223 3631 1290 τῇ

2039 1316 2326 1386 συμφορᾷ·
2356 1314 2418 1368 τὸ
2457 1313 2659 1383 ὑψηλὸν
2701 1312 3128 1367 τεταπείνωταιο
3168 1311 3235 1365 τὸ
3276 1312 3404 1366 κατ’
3451 1311 3634 1365 εἰκόνα

2034 1405 2131 1459 τοῦ
2158 1406 2478 1476 ἐπουρανίου
2512 1404 2820 1474 γενόμενον,
2853 1401 3143 1473 ἀπεγεὼθη
3164 1420 3178 1434 ’
3218 1402 3283 1456 τδ
3321 1401 3634 1472 βασιλεύειν

2033 1497 2387 1568 τεταγμένον,
2419 1495 2820 1567 κατεδουλώθη*
2854 1495 2916 1549 τὸ
2951 1497 3031 1559 είς
3058 1495 3364 1549 ἀθανασίαν
3390 1493 3634 1555 κτισθέν,

2037 1588 2356 1660 κατεφθάρη
2399 1587 2645 1657 θανάτῳ·
2700 1587 2760 1641 τὸ
2807 1587 2866 1639 ἐν
2913 1589 3090 1659 τρυφῇ
3145 1585 3242 1640 τοῦ
3300 1586 3635 1656 παραδείσου

359 1679 702 1748 scientiaque
741 1685 795 1733 et
831 1693 920 1733 res
962 1678 1176 1732 similes
1218 1682 1368 1731 sunt.
1416 1671 1474 1726 Si
1533 1672 1699 1744 igitur
1736 1670 1835 1724 baet

2155 1696 2241 1743 ὀν,
2271 1659 2352 1743 είς
2379 1678 2439 1732 τὸ
2469 1677 2701 1741 νοσῶδες
2728 1678 2821 1732 xui.
2847 1678 3104 1732 ἐπίπονον
3126 1675 3287 1730 τοῦτο
3313 1674 3631 1746 μετῳκίσθη

359 1768 525 1823 nobis
549 1774 728 1832 erant,
771 1769 866 1837 qui
901 1765 1022 1819 ﬁeri
1067 1774 1268 1835 potest,
1309 1772 1371 1817 ut
1404 1762 1705 1817 calamitati
1742 1760 1835 1814 util

2159 1769 2263 1822 lov'
2300 1768 2362 1823 τὸ
2391 1771 2456 1839 τῇ
2495 1768 2734 1840 ἀπαθείᾳ
2778 1768 3093 1840 σύντροφον,
3124 1767 3215 1820 τὸν
3268 1766 3506 1837 ἐμπαθῆ
3553 1764 3635 1818 καὶ

359 1874 471 1914 non
499 1859 848 1929 ingemiscat,
869 1857 914 1913 si
946 1858 1073 1927 quis
1100 1856 1245 1910 hanc
1284 1863 1607 1925 praesentem
1656 1851 1835 1907 miseri

2160 1876 2301 1931 ιηρον
2361 1859 2728 1929 ἀντηλλάξατο
2768 1859 2882 1930 βίον
2901 1872 2913 1886 ·
2967 1858 3028 1912 τὸ
3080 1856 3380 1912 ἀδέσποτόν
3430 1873 3498 1909 τε
3551 1857 3636 1909 καὶ

361 1963 484 2004 cum
509 1948 848 2003 ὺθδιίωάίηθ
875 1948 988 2011 illa.
1032 1962 1153 2015 ηυδε
1187 1956 1316 2000 ιυηο
1349 1945 1475 2010 tu“.
1506 1944 1811 2012 (εοιηρπθι,
1842 1951 1922 1996 θι-
2042 1951 2404 2017 αύτεξούσιον,
2431 1950 2525 2005 νῦν
2561 1951 2666 2004 ὑπὸ
2701 1949 2955 2005 τοιούτων
2994 1949 3087 2002 καὶ
3134 1947 3413 2002 τοσούτων
3456 1947 3638 2001 κακῶν

361 2056 468 2110 que
496 2056 560 2095 ex
583 2040 819 2096 adverso
846 2038 1124 2095 examinet
1166 2036 1565 2107 excutiatque?
1621 2036 1794 2089 altum

2160 2042 2375 2106 ιεύεται,
2426 2042 2503 2106 ὡς
2552 2041 2686 2113 μηδὲ
2741 2041 2918 2114 ῥᾴδιον
2973 2035 3111 2094 εἶναι
3162 2040 3289 2102 τοὺς
3340 2038 3636 2108 τυράννους

359 2147 613 2202 pressum
648 2139 762 2198 est;
793 2129 942 2201 quod
974 2130 1042 2185 ad
1089 2130 1387 2200 imaginem
1432 2127 1679 2183 caelestis
1728 2124 1935 2179 factum

359 2230 497 2287 erat,
530 2221 586 2275 in
622 2228 826 2275 terram
877 2219 1159 2275 redactum
1194 2226 1314 2285 est;
1365 2218 1456 2273 cui
1498 2229 1728 2284 regnum
1762 2214 1936 2269 desti-

360 2322 549 2370 natqu
581 2321 719 2377 erat,
751 2314 807 2366 in
841 2313 1158 2368 servitutem
1190 2310 1476 2365 redactum
1525 2318 1645 2372 est;
1686 2305 1834 2375 quod
1865 2303 1932 2357 ad

360 2404 823 2460 immortalitatem
865 2402 1148 2458 conditum
1199 2408 1342 2463 erat,
1384 2406 1561 2454 morte
1603 2403 1934 2466 corruptum

365 2504 484 2561 est;
520 2494 669 2566 quod
700 2495 757 2548 in
783 2492 995 2549 deliciis
1020 2491 1261 2562 paradisi
1295 2489 1548 2561 degebat,
1582 2488 1637 2542 in
1661 2487 1767 2542 hoc
1791 2501 1938 2541 mor-

360 2588 450 2643 bis
480 2593 536 2643 et
567 2585 850 2641 laboribus
876 2584 1174 2639 obnoxium
1207 2582 1469 2651 praedium
1494 2579 1803 2635 traductum
1825 2588 1935 2644 est;

360 2678 508 2749 quod
546 2675 963 2747 impatibilitati,
1006 2675 1286 2743 nullisque
1309 2671 1598 2727 affectibus
1619 2676 1674 2724 et
1708 2669 1936 2737 aegritu-

361 2770 586 2825 dinibus
619 2777 900 2824 assuetum
949 2773 1089 2831 erat,
1146 2764 1546 2826 calamitosam,
1593 2760 1845 2831 fragilem
1883 2768 1941 2815 et

361 2860 626 2915 caducam
658 2859 890 2913 invicem
914 2857 1077 2913 vitam
1113 2856 1364 2925 accepit;
1405 2855 1552 2926 quod
1599 2854 1806 2909 nullius
1837 2851 1938 2907 do-

2036 2132 2194 2203 ἡμῶν
2222 2131 2732 2204 ἀπαριθμήσασθαι.
2775 2133 3041 2186 Ἕκαστον
3082 2130 3191 2199 γὰρ
3236 2128 3350 2182 τῶν
3397 2130 3463 2182 ἐν
3515 2131 3637 2198 ἡμῖν

2040 2222 2248 2289 παθῶν,
2279 2224 2406 2277 ὅταν
2438 2223 2802 2294 ἐπικρατήσῃ,
2832 2221 3097 2292 δεσπότης
3136 2218 3231 2274 τοῦ
3269 2218 3635 2280 δουλωθέντες

2040 2314 2249 2382 γίνεται
2276 2330 2289 2343 ·
2337 2314 2430 2367 καὶ
2463 2313 2713 2383 καθάπερ
2749 2328 2833 2375 τις
2878 2310 3139 2382 τύραννος
3177 2309 3515 2364 καταλαϐὼν
3545 2309 3637 2378 τῆς

2037 2399 2214 2471 ψυχῆς
2262 2400 2361 2471 τὴν
2413 2400 2739 2472 ἀκρόπολιν,
2787 2400 2855 2454 δι’
2917 2399 3096 2452 αὐτῶν
3149 2399 3258 2452 τῶν
3301 2398 3636 2469 ὑποχειρίων

2039 2492 2201 2543 κακοῖ
2250 2488 2312 2542 τὸ
2361 2489 2619 2559 ὑπήκοον,
2667 2488 2966 2558 ὑπηρέταις
2998 2490 3112 2551 τοῖς
3151 2486 3453 2559 ἡμετέροις
3502 2487 3639 2555 λογι-

2042 2583 2197 2651 σμοῖς
2236 2579 2373 2651 πρὸς
2416 2576 2477 2632 τὸ
2517 2578 2702 2633 δοκοῦν
2744 2579 2920 2650 ἑαυτῷ
2960 2577 3388 2648 καταχρώμενος
3412 2594 3429 2607 ⁸
3472 2576 3638 2639 οὓτως

2038 2670 2068 2722 6
2120 2670 2308 2741 θυμὸς,
2357 2668 2529 2733 οὕτως
2568 2670 2597 2722 6
2653 2668 2838 2738 φόϐος,
2886 2671 2919 2740 ἡ
2971 2669 3159 2734 δειλία,
3199 2668 3259 2723 τδ
3308 2668 3546 2739 θράσος,
3587 2668 3639 2721 τέ

2042 2760 2181 2815 κατὰ
2199 2759 2375 2830 λύπην
2402 2775 2461 2813 τε
2489 2760 2583 2815 καὶ
2608 2760 2668 2813 τὸ
2702 2759 2823 2814 καθ’
2855 2761 3047 2832 ἡδονὴν
3074 2759 3263 2827 πάθος,
3294 2763 3487 2831 μῖσος,
3507 2760 3636 2832 ἔρις,

2041 2852 2276 2915 ἀνέλεος,
2320 2853 2575 2923 ἀπήνεια,
2614 2852 2826 2922 φθόνος,
2874 2851 3150 2916 κολακεία,
3204 2852 3554 2923 μνησικακία
3584 2869 3637 2903 τε

361 2952 533 3006 minio
583 2951 913 3018 subjectum,
964 2948 1110 3018 quod
1168 2948 1254 3003 sui
1280 2947 1448 3016 juris,
1484 2960 1597 3002 suae
1626 2952 1837 3013 potesta

2179 2940 2503 3011 ἀναλγησία,
2550 2942 2645 2994 καὶ
2690 2940 2865 2995 πάντα
2913 2940 2982 2994 τά
3019 2939 3162 2993 κατά
3192 2941 3254 2993 τὸ
3291 2940 3549 2994 ἐναντίον
3588 2943 3638 2993 ἐν

364 3040 452 3095 sui
470 3038 685 3094 arbitrii
716 3044 854 3102 erat,
877 3052 1025 3091 nunc
1061 3052 1091 3091 a
1117 3044 1198 3091 tot
1222 3051 1285 3091 ac
1310 3036 1515 3090 talibus
1537 3034 1699 3090 malis
1726 3045 1840 3088 tene

2162 3050 2173 3084 ρ
2197 3033 2458 3103 νοούμενα
2482 3034 2649 3105 πάθη,
2669 3033 2946 3106 τυράννων
2977 3033 3092 3086 ἐστί
3125 3049 3288 3087 τινων
3317 3034 3420 3086 καὶ
3444 3033 3638 3087 δεσποο

363 3128 696 3193 obnoxium,
737 3137 797 3181 ut
842 3137 1107 3195 tyrannos
1157 3133 1377 3182 nostros
1417 3124 1634 3179 ditIicile
1684 3125 1756 3179 sit
1805 3139 1941 3179 enuo

363 3232 599 3274 merare.
652 3215 843 3283 Quivis
891 3216 1040 3269 enim
1080 3230 1293 3278 eorum,
1349 3214 1446 3283 qui
1481 3214 1539 3267 in
1582 3213 1742 3269 nobis
1786 3220 1936 3279 sunt,

365 3309 613 3374 aﬁ‘ectus,
669 3323 792 3363 cum
827 3306 1192 3377 praevaluerit,
1244 3306 1503 3360 dominus
1542 3305 1750 3360 subacti
1786 3313 1841 3361 et
1884 3305 1940 3359 in

366 3399 687 3455 servitutem
749 3396 955 3452 redacti
1013 3396 1243 3452 exstitit.
1301 3395 1378 3450 Ac
1438 3395 1606 3452 veluti
1670 3404 1941 3467 tyrannus

365 3491 638 3562 quispiam
669 3503 797 3544 arce
841 3488 1009 3542 animi
1032 3493 1323 3557 occupata,
1350 3502 1448 3556 per
1479 3488 1630 3556 ipsos
1688 3486 1940 3543 subditos

364 3590 526 3637 vexat
547 3595 613 3635 ac
647 3579 833 3649 afﬂigit
859 3577 1201 3643 obedientes,
1238 3577 1511 3634 ministris
1541 3578 1607 3632 ad
1657 3578 1733 3642 id,
1791 3579 1941 3649 quod

364 3675 415 3729 ei
455 3672 713 3743 placitum
748 3670 933 3735 fuerit,
963 3670 1170 3725 nostris
1211 3669 1643 3739 cogitationibus
1683 3669 1939 3725 abutens:

375 3767 459 3822 sic
485 3764 587 3829 ira,
614 3763 696 3818 sic
735 3769 937 3825 metus,
971 3761 1053 3815 sic
1081 3759 1371 3821 timiditas.
1400 3760 1482 3814 sic
1503 3758 1758 3825 audacia,
1782 3761 1941 3832 aegri-

372 3854 582 3909 tudinis
616 3855 825 3924 pariter
853 3859 907 3907 et
956 3852 1257 3922 voluptatis
1289 3850 1538 3917 affectus,
1576 3852 1789 3919 odium,
1815 3868 1945 3908 con-

369 3941 1065 4007 tentio,immisericordia,
1101 3942 1329 4009 saevitia,
1366 3942 1578 4007 feritas,
1623 3943 1942 3997 inhumani-

367 4048 582 4105 tasque,
611 4033 834 4099 invidia,
868 4034 1197 4099 assensatio,
1246 4033 1577 4103 injuriarum
1629 4044 1787 4088 tenax
1827 4050 1945 4089 me-

369 4128 547 4182 moria
608 4126 816 4197 pariter
869 4133 924 4179 et
968 4124 1289 4189 indolentia,
1355 4133 1410 4180 et
1442 4140 1656 4189 omnes,
1715 4127 1811 4195 qui
1844 4140 1945 4195 per

368 4217 712 4275 contrarium
748 4217 805 4271 in
834 4216 994 4272 nobis
1029 4214 1416 4285 intelliguntur
1444 4215 1673 4272 aﬂectus
1717 4223 1771 4270 et
1817 4231 1944 4286 per-

2039 3122 2148 3176 τῶν
2188 3123 2584 3195 ἀπαρίθμησις,
2631 3124 2740 3178 τῶν
2794 3124 2929 3196 πρὸς
2978 3123 3039 3177 τὸ
3096 3124 3226 3178 ἴδιον
3278 3126 3493 3194 κράτος
3548 3126 3642 3196 τὴν

2040 3213 2216 3285 ψυχὴν
2253 3211 2361 3268 οἷόν
2404 3233 2526 3270 τινα
2557 3215 2890 3287 δορυάλωτον
2939 3214 3439 3270 καταδουλούντων.
3483 3217 3552 3270 El
3589 3216 3640 3269 δέ

2040 3322 2124 3368 τις
2167 3305 2262 3359 καὶ⁴
2300 3305 2401 3371 τὰς
2438 3307 2567 3378 περὶ
2608 3306 2668 3360 τὸ
2716 3307 2876 3378 σῶμα
2915 3308 3197 3379 συμφοράς
3229 3307 3640 3381 ἀναλογίζοιτο,

2040 3396 2138 3461 τὰς
2161 3400 2229 3470 τῇ
2264 3397 2424 3467 φύσει
2452 3398 2608 3469 ἡμῶν
2651 3398 3140 3470 συμπεπλεγμένας
3179 3416 3236 3454 τε
3278 3402 3375 3454 καὶ
3407 3418 3644 3472 συστρε-

2042 3491 2300 3562 φομένας,
2337 3490 2437 3555 τὰς
2480 3491 2729 3555 ποικίλας
2771 3490 2917 3560 λέγω
2967 3491 3057 3546 καὶ
3114 3492 3498 3564 πολυτρόπους
3534 3495 3641 3547 τῶν

2042 3583 2364 3653 νοσημάτων
2413 3583 2576 3647 ἰδέας,
2625 3576 2701 3637 ὧν
2739 3583 2956 3637 πάντων
2992 3584 3054 3636 τὸ
3093 3585 3215 3638 κατ’
3259 3583 3443 3656 ἀρχὰς
3484 3586 3642 3640 ἀπεί-

2047 3690 2204 3746 ρατον
2235 3669 2303 3745 ἦν
2340 3673 2401 3726 τδ
2436 3672 2791 3745 ἀνθρώπινον,
2828 3674 2962 3728 πολὺ
3004 3673 3201 3745 μᾶλλον
3239 3675 3543 3731 πλεονάσει
3586 3676 3643 3729 τὸ

2041 3749 2294 3836 δάκρυον,
2327 3765 2390 3818 ἐκ
2427 3764 2777 3837 παραλλήλου
2816 3765 3035 3836 θεωρῶν
3085 3767 3207 3819 ἀντὶ
3251 3766 3361 3820 τῶν
3416 3768 3641 3837 ἀγαθῶν

2041 3853 2111 3908 τά
2153 3853 2392 3925 λυπηρὰ,
2437 3854 2531 3908 καὶ
2570 3854 3008 3926 ἀντιπαρατιθεὶς
3046 3852 3115 3907 τὰ
3161 3853 3308 3908 κακά
3348 3856 3477 3918 τοῖς
3519 3855 3641 3925 βελ-

2041 3945 2233 4000 τίοσιν.
2273 3944 2442 3999 Τοῦτο
2482 3941 2575 4001 οὖν
2613 3945 2785 3999 ἔοικεν
2838 3948 2896 3999 ἐν
2941 3947 3238 4018 ἀπορρήτῳ
3284 3945 3576 4000 διδάσκειν
3616 3950 3643 3999 6

2046 4036 2362 4108 μακαρίζων
2403 4037 2465 4090 τὸ
2515 4037 2723 4102 πένθος,
2767 4037 2827 4091 τὸ
2862 4037 2999 4109 πρὸς
3034 4038 3095 4091 τὸ
3130 4036 3386 4109 ἀληθινὸν
3433 4040 3639 4107 ἀγαθὸν

2042 4128 2142 4198 τὴν
2189 4128 2367 4199 ψυχὴν
2417 4127 2655 4198 βλέπειν,
2707 4129 2839 4199 μηδὲ
2881 4132 2945 4200 τῇ
3000 4129 3246 4201 παρούσῃ
3299 4130 3496 4203 ἀπάτῃ
3549 4129 3637 4182 τοῦ

2047 4218 2163 4289 βίου
2200 4218 2732 4284 κασιῖαὸαιιττίζεσθαι⁸
2774 4220 2836 4273 οὐ
2873 4219 2982 4290 γάρ
3019 4219 3164 4273 ἔστιν
3201 4219 3327 4274 οὕτε
3367 4221 3638 4290 ἀδακρυτὶ

367 4308 733 4370 turbationes,
768 4314 1126 4378 tyrannorum
1180 4304 1547 4374 quorumdam
1579 4319 1644 4360 ac
1687 4305 1835 4360 domi

2184 4310 2274 4363 τὸν
2311 4311 2722 4382 ἐπεσκεμμένον
2756 4311 2824 4365 δι’
2865 4310 3149 4381 ἀκριϐείας
3183 4310 3252 4363 τά
3304 4313 3636 4383 πράγματα,

371 4415 517 4463 rum,
558 4414 660 4468 pro
708 4414 809 4454 suo
856 4397 1087 4468 imperio
1146 4397 1388 4451 animam
1444 4397 1615 4453 veluti
1670 4398 1941 4468 captivam

372 4489 668 4559 quamdam
711 4489 1100 4558 subigentium,
1153 4489 1500 4544 enumeratio
1549 4498 1654 4545 est.
1682 4489 1841 4555 Quod
1896 4489 1944 4543 si

370 4580 497 4650 quis
533 4579 698 4634 etiam
726 4578 1028 4650 perpendat
1058 4580 1395 4635 calamitates
1439 4580 1712 4650 corporis,
1744 4581 1945 4651 quibus

366 4678 566 4727 natura
588 4678 777 4727 nostra
811 4670 1156 4727 conflictatur
1185 4679 1240 4727 et
1268 4672 1553 4742 implicata
1578 4677 1686 4737 ’est,
1735 4673 1942 4739 varias,

364 4762 613 4833 inquam,
642 4771 698 4818 et
720 4762 1069 4818 multimodas
1098 4763 1413 4819 morborum
1451 4764 1687 4835 species,
1707 4779 1943 4834 quorum

366 4855 612 4909 omnium
645 4868 842 4925 expers
872 4862 927 4910 et
971 4855 1217 4911 immune
1266 4864 1387 4911 erat
1442 4856 1512 4911 ab
1556 4855 1717 4911 initio
1763 4871 1940 4927 genus

365 4946 688 5011 humanum,
755 4947 928 5001 multo
988 4947 1424 5003 abundantiores
1483 4947 1759 5020 lacrymas
1803 4963 1938 5019 pro-

366 5039 586 5104 fundet,
614 5040 743 5095 dum
773 5054 871 5110 pro
902 5039 1063 5095 bonis
1090 5055 1181 5095 res
1214 5040 1407 5096 tristes
1448 5047 1503 5095 et
1532 5041 1762 5097 acerbas
1805 5040 1941 5096 invi-

362 5146 483 5188 cem
518 5130 851 5195 considerat,
877 5130 1226 5187 incommoda
1242 5130 1550 5188 commodis
1567 5132 1942 5201 comparando

364 5221 616 5291 apponit.
652 5220 767 5277 Hoc
814 5222 981 5292 igitur
1016 5222 1254 5278 latenter
1287 5231 1342 5279 et
1364 5223 1583 5280 occulte
1628 5222 1829 5279 docere
1862 5222 1944 5277 vi-

364 5311 546 5374 detur,
576 5313 671 5381 qui
712 5312 920 5367 luctum
945 5313 1177 5369 'beatum
1210 5329 1334 5370 esse
1354 5314 1640 5384 praedicat,
1677 5313 1939 5367 nimirum

364 5405 427 5451 ut
461 5400 643 5453 anima
668 5416 858 5455 verum
896 5401 1101 5457 bonum
1157 5403 1460 5468 intueatur,
1521 5419 1660 5459 neve
1703 5419 1942 5474 praesen-

362 5487 439 5543 tis
470 5489 599 5544 vitae
618 5489 805 5546 fraude
835 5491 1193 5562 immergatur
1214 5513 1229 5549 :
1250 5495 1370 5549 ﬁeri
1412 5493 1556 5551 enim
1597 5510 1705 5549 non
1735 5502 1936 5565 potest,

366 5585 430 5636 ut
468 5578 553 5633 vel
610 5578 734 5635 sine
763 5580 1022 5651 lacrymis
1057 5584 1225 5644 vivat,
1261 5584 1315 5641 si.
1346 5585 1474 5653 quis
1515 5584 1808 5654 diligenter
1845 5599 1936 5642 res

2045 4401 2167 4455 οὔτε
2205 4405 2264 4456 ἐν
2309 4403 2568 4473 λυπηροῖς
2614 4398 2751 4456 εἶναι
2790 4402 3028 4473 νομίζειν
3065 4403 3156 4456 τὸν
3194 4405 3314 4466 ταῖς
3353 4403 3640 4473 βιωτικαῖς

2047 4492 2261 4564 ἡδοναῖς
2303 4492 2672 4563 ἐμϐαθύνοντα
2693 4510 2709 4524 ο
2744 4492 2994 4565 καθάπερ
3030 4494 3123 4547 ἐπὶ
3171 4493 3281 4547 τῶν
3330 4494 3554 4563 ἀλόγων
3583 4496 3640 4547 τὸ

2045 4581 2284 4637 τοιοῦτον
2325 4582 2471 4638 ἔστιν
2512 4584 2670 4637 ἰδεῖν·
2708 4576 2790 4646 οἷς
2830 4582 3034 4653 ἐλεεινὴ
3068 4583 3165 4653 μὲν
3206 4585 3240 4654 ὴ
3280 4583 3384 4654 τῆς
3422 4582 3641 4654 φύσεώς

2046 4675 2166 4728 ἐστι
2188 4678 2497 4744 κατασκευή
2520 4692 2532 4704 ·
2562 4674 2638 4745 (τί
2674 4674 2783 4745 γὰρ
2820 4673 3177 4745 ἐλεεινότερον
3209 4675 3311 4745 τῆς
3340 4675 3445 4729 τοῦ
3478 4677 3639 4742 λόγου

2050 4761 2422 4835 στερήσεως;)
2453 4762 2704 4834 αἴσθησις
2738 4762 2794 4816 δὲ
2819 4762 2919 4833 τῆς
2943 4764 3225 4833 συμφορᾶς
3264 4765 3459 4829 αὐτοῖς
3493 4765 3640 4818 οὐδε-

2051 4855 2170 4925 μία,
2211 4852 2346 4908 ἀλλά
2382 4853 2524 4908 κατά
2558 4870 2679 4908 τινα
2716 4852 2907 4925 ἡδονὴν
2945 4853 3215 4917 κάκείνοις
3256 4854 3292 4925 ἠ
3335 4853 3464 4925 ζωὴ
3501 4856 3637 4920 διεξ-

2047 4945 2236 5015 άγεται
2254 4961 2268 4976 ο
2296 4943 2389 4998 καὶ
2419 4945 2448 4996 6
2473 4942 2635 5006 ἵππος
2660 4944 2881 5015 γαυριᾷ,
2910 4944 3003 4997 καὶ
3040 4945 3070 4997 6
3100 4943 3296 5014 ταῦρος
3330 4944 3636 5009 κονίξεται·

2045 5038 2139 5092 καὶ
2163 5038 2193 5090 6
2223 5037 2320 5100 σὺς
2347 5036 2563 5107 φρίσσει
2595 5036 2694 5106 τὴν
2730 5035 2951 5105 λοφιάν⁸
2978 5036 3073 5091 καὶ
3108 5037 3157 5089 oi
3192 5035 3475 5104 σκύλακες
3518 5038 3638 5092 παί-

2045 5129 2219 5194 ζουσι,
2241 5127 2336 5182 καὶ
2358 5127 2741 5198 διασκιρτῶσιν
2778 5128 2828 5180 οι
2869 5127 3080 5199 μόσχοι,
3118 5127 3212 5180 καὶ
3258 5126 3507 5183 ἕκαστον
3543 5130 3641 5182 τῶν

2044 5220 2198 5284 ζώων
2238 5218 2382 5274 ἔστιν
2423 5218 2550 5273 ῑδεῖν
2587 5218 2675 5273 διά
2732 5235 2889 5274 τινων
2923 5218 3235 5290 τεκμηρίων
3285 5219 3397 5291 τὴν
3455 5221 3641 5292 ἡδονὴν

2041 5309 2466 5381 ἐνδεικνύμενον,
2516 5304 2597 5374 οἷς
2662 5309 2716 5363 εί
2772 5326 2857 5375 τις
2916 5311 3241 5381 κατανόησις
3297 5307 3375 5382 ἦν
3398 5314 3503 5384 τῆς
3558 5312 3639 5365 τοῦ

2040 5400 2196 5470 λόγου
2229 5400 2468 5474 χάριτος,
2502 5401 2602 5455 οὐκ
2638 5401 2705 5456 ἂν
2740 5401 2833 5456 τὸν
2868 5402 3050 5472 κωφὸν
3087 5401 3273 5456 αὐτῶν
3313 5404 3420 5458 καὶ
3465 5404 3637 5460 τελεξ-

2042 5509 2223 5564 πωρον
2262 5492 2374 5563 βίον
2404 5495 2462 5547 ἐν
2493 5493 2652 5564 ἡδονῇ
2684 5493 2994 5547 διετίθεντο.
3035 5493 3224 5555 υύτως
3264 5495 3367 5548 καὶ
3406 5495 3507 5548 ἐπὶ
3544 5495 3635 5548 τῶν

2042 5579 2366 5653 ἀνθρώπων,
2421 5576 2502 5648 οἷς
2554 5583 2781 5656 οὐδεμία
2828 5584 2937 5639 τῶν
2988 5583 3208 5655 ἀγαθῶν
3255 5585 3384 5641 ἐστι
3422 5586 3629 5656 γνῶσις,
