3738 5984
88 187 242 243 1⁸229
1169 187 1256 239 DE
1289 185 1886 243 BEATITUDINIBUS.
1921 186 2183 242 ORATIO
2225 186 2309 241 III.
3238 184 3375 238 lEEO

79 292 172 351 ὧν
211 303 246 368 ὴ
286 299 446 370 φύσις
483 297 641 370 ἡμῶν
672 299 1061 370 ἀπεστέρηται,
1103 300 1310 364 τούτοις
1351 301 1471 354 καθ’
1510 300 1700 372 ἡδονὴν

1879 302 2106 372 spexerit
2143 312 2198 358 et
2220 301 2674 364 consideraverit,
2708 300 2790 355 vel
2829 315 2936 356 non
2972 299 3024 353 in
3064 298 3230 353 rebus
3277 299 3378 350 tri-

87 393 126 463 ἡ
173 392 274 463 τῆς
327 391 610 464 παρούσης
647 392 791 461 ζωῆς
827 391 1094 462 διαγωγή.

1881 394 1985 448 bus
2025 398 2080 446 et
2109 393 2323 448 acerbis
2357 392 2567 447 versari
2608 392 2887 447 existimet
2913 405 3060 453 eum,
3085 389 3180 459 qui
3210 389 3378 457 hujus

84 486 228 539 vita:
264 485 639 556 voluptatibus
672 501 796 541 sese
832 486 1138 558 immergat.
1190 485 1665 554 Quemadmodum
1706 487 1762 541 in
1824 487 2003 544 brutis
2041 497 2096 543 et
2136 487 2372 544 rationis
2407 487 2730 557 expertibus
2769 487 3100 542 animalibus
3164 485 3218 540 id
3292 484 3378 536 vi-

85 579 235 633 dere
265 579 392 634 licet
429 598 441 632 :
479 579 680 650 quibus
703 579 1032 636 miserabilis
1063 580 1280 651 quidem
1347 590 1558 636 naturae
1633 580 1955 636 constitutio
1997 580 2150 652 (quid
2204 583 2346 636 enim
2391 581 2759 636 miserabilius
2835 579 3140 650 privatione
3186 591 3379 632 caren-

87 675 292 744 tiaque
319 675 548 729 rationis
570 673 740 746 est?),
782 690 1005 731 sensum
1041 692 1175 731 vero
1205 677 1537 733 calamitatis
1585 677 1798 731 nullum
1865 676 2109 740 habent,
2165 677 2261 732 sed
2308 692 2404 747 per
2462 675 2753 746 quamdam
2829 672 3160 742 voluptatem
3213 671 3376 724 ctiam

91 770 170 823 ab
205 769 314 824 illis
349 770 460 824 vita
491 769 851 841 transigitur:
878 771 1126 842 superbit
1166 779 1220 826 et
1251 770 1444 828 ierocit
1474 788 1669 842 equus;
1712 779 1906 828 taurus
1940 773 2218 842 pulverem
2279 771 2527 842 spargit;
2581 787 2676 826 sus
2746 769 2908 840 erigit
2963 774 3146 830 setas;
3213 762 3380 818 catuli

90 865 338 931 ludunt;
367 865 521 920 vituli
555 866 791 933 saltant;
829 874 990 938 atque
1025 868 1453 939 unumquodque
1477 869 1677 923 animal
1717 869 1901 923 videre
1930 869 2058 923 licet
2092 884 2186 938 per
2207 877 2360 922 certa
2385 869 2630 938 quaedam
2689 865 2844 936 signa
2905 863 3242 932 voluptatem
3307 855 3391 908 in-

101 956 460 1028 dicare,qu:e
494 958 540 1013 si
572 958 802 1014 rationis
826 959 1286 1014 oblectamentum
1304 961 1488 1032 aliquo
1515 961 1679 1016 modo
1713 962 1992 1031 cognitum
2027 961 2310 1024 baberent,
2374 961 2647 1031 stupidam
2685 967 2740 1014 et
2793 967 3156 1012 aerumnosam
3223 962 3380 1004 suam

91 1056 277 1110 vitam
326 1070 451 1109 cum
486 1055 765 1126 voluptate
811 1071 919 1110 non
961 1056 1348 1127 transigerent.
1407 1058 1484 1111 lta
1535 1073 1596 1114 se
1646 1073 1736 1112 res
1784 1060 1947 1114 etiam
2005 1059 2169 1114 habet
2209 1059 2264 1112 in
2302 1057 2652 1122 hominibus;
2700 1055 2793 1126 qui
2846 1054 3049 1108 nullam
3094 1049 3380 1121 cognatio-

91 1168 230 1208 nem
283 1153 487 1206 habent
525 1152 742 1206 illorum
786 1153 1076 1220 bonorum,
1107 1155 1309 1224 quibus
1350 1163 1543 1211 natura
1581 1163 1770 1212 nostra
1810 1159 2022 1228 privata
2060 1165 2163 1222 est,
2209 1156 2383 1212 abhis
2433 1171 2531 1226 per
2590 1155 2918 1224 voluptatem
2975 1163 3217 1222 prmseus
3273 1148 3380 1201 vita

93 1244 455 1315 transigitur.

177 1337 490 1392 Ἀκολουθεῖ
502 1337 558 1391 δὲ
576 1337 652 1409 τῷ
667 1341 780 1403 τοῖς
802 1339 1064 1412 παροῦσιν
1080 1342 1322 1414 ἥδεσθαι,
1337 1343 1396 1397 τὸ
1427 1343 1501 1416 μὴ
1520 1342 1702 1415 ζητεῖν

94 1430 174 1483 τὰ
198 1429 414 1500 βελτίω.
442 1429 502 1482 '0
523 1429 579 1482 δὲ
605 1428 679 1500 μὴ
707 1429 904 1500 ζητῶν,
929 1433 1026 1486 οὐκ
1057 1432 1120 1487 ἂν
1143 1432 1291 1503 εὕροι
1320 1433 1380 1486 τδ
1406 1433 1586 1504 μόνοις
1613 1433 1703 1504 ζη-

96 1523 262 1576 τοῦσι
289 1522 750 1592 παραγενόμενον.
786 1523 994 1576 Οὐκοῦν
1023 1524 1111 1578 διὰ
1143 1525 1301 1579 τοῦτο
1341 1525 1556 1594 ὁΛόγος
1597 1542 1701 1595 μα-

1879 1339 2251 1410 Consequitur
2273 1347 2480 1402 autem,
2524 1346 2582 1392 ut
2616 1336 2696 1403 hi,
2728 1335 2822 1406 qui
2877 1333 3237 1404 praesentibus
3284 1331 3382 1386 de-

1806 1433 2078 1487 lectantur
2101 1439 2156 1487 et
2190 1431 2578 1500 acquiescunt,
2625 1429 2839 1498 potiora
2871 1424 2982 1480 fere
3012 1441 3118 1478 non
3161 1423 3382 1478 deside-

1807 1532 1929 1579 rent
1959 1532 2121 1594 atque
2152 1522 2453 1592 requirant.
2489 1520 2660 1574 Porro
2705 1519 2799 1588 qui
2841 1533 2952 1571 non
2991 1515 3210 1586 quaerit,
3269 1529 3381 1568 non

98 1612 326 1686 χαρίζει
346 1613 407 1666 τὸ
431 1612 646 1676 πένθος,
664 1614 724 1665 οὐ
747 1613 812 1666 δι’
836 1613 994 1668 ἐαυτδ
1026 1617 1225 1686 κρίνων
1245 1613 1382 1670 εἷναι
1409 1618 1697 1688 μακάριον,

1879 1615 2096 1680 venerit,
2135 1615 2188 1669 id
2223 1613 2371 1683 quod
2401 1614 2535 1669 solis
2557 1610 2928 1684 quaerentibus
2969 1607 3223 1676 obtingit.
3267 1602 3383 1658 "ac

99 1706 246 1760 ἀλλὰ
278 1705 368 1758 διὰ
401 1704 463 1757 τὸ
494 1702 554 1768 ἐξ
608 1704 816 1758 ἐκείνου
857 1708 1316 1778 παραγενόμενον.
1357 1709 1606 1762 Δείκνυσι
1641 1707 1698 1760 δὲ

97 1798 201 1851 τοῦ
238 1797 396 1866 λόγου
437 1798 471 1867 ἡ
511 1797 773 1865 συζυγία,
821 1798 902 1851 ὅτι
951 1797 1052 1868 τῆς
1105 1781 1241 1869 πρὸς
1277 1799 1376 1870 τὴν
1416 1798 1700 1870 παράκλη-

101 1907 191 1942 σιν
223 1888 503 1959 ἀναφορᾶς
530 1888 591 1940 τὸ
631 1887 844 1942 πενθεῖν
882 1890 1066 1952 αὐτοῖς
1101 1891 1215 1942 ἐστι
1253 1889 1542 1960 μακάριον.
1583 1893 1702 1944 Μα-

101 1977 302 2046 κάριοι
334 1978 464 2047 γὰρ,
498 1978 681 2047 φησὶν,
711 1981 764 2031 οὶ
792 1977 1154 2045 πενθοῦντες
1174 1995 1188 2010 ·
1219 1980 1315 2032 καὶ
1339 1980 1438 2032 ούκ
1475 1978 1701 2048 ἔστησεν

108 2072 178 2122 ἐν
204 2069 382 2140 τούτῳ
420 2069 510 2121 τὸν
552 2069 728 2136 λόγον,
762 2068 896 2122 ἀλλά
941 2069 1301 2140 προσέθηκεν,
1355 2071 1485 2123 ’Ότι
1531 2068 1701 2123 αὐτοὶ

102 2162 711 2230 παρακληθήσονται.
751 2161 818 2214 Ὀ
865 2179 955 2232 μοι
993 2161 1142 2214 δοκεῖ
1180 2158 1702 2231 προκατανενοηκὼς

98 2254 131 2304 ὁ
168 2250 345 2320 μέγας
372 2251 613 2320 Μωῦσῆς
687 2251 912 2320 (μᾶλλον
930 2250 1007 2314 δὲ,
1035 2251 1064 2301 ὀ
1089 2250 1148 2303 ἐν
1173 2249 1362 2318 ἐκείνῳ
1394 2249 1568 2302 ταῦτα
1589 2250 1703 2302 δια-

97 2342 326 2396 τάσσων
348 2341 540 2409 Λόγος,
567 2343 626 2394 ἐν
648 2343 770 2405 ταῖς
801 2343 1091 2412 μυστικαῖς
1119 2338 1212 2393 τοῦ
1232 2340 1425 2410 Πάσχα
1452 2357 1702 2412 παρατη-

106 2431 389 2501 ρήσεσιν)·
427 2429 634 2500 ἄζυμον
673 2430 773 2501 μὲν
807 2429 989 2493 αὐτοῖς
1020 2430 1184 2502 ἄρτον
1216 2430 1274 2484 ἐν
1304 2433 1423 2494 ταῖς
1453 2431 1701 2502 ἑορτασί-

103 2515 237 2591 μοις
270 2521 506 2592 ἡμέραις
532 2520 910 2591 νομοθετῆσαι·
937 2519 1067 2589 ὄψον
1098 2519 1155 2572 δὲ
1186 2522 1252 2591 τῇ
1289 2520 1490 2592 βρώσει
1519 2522 1702 2593 πικρί-

101 2612 207 2676 δας
239 2609 586 2682 ποιήσασθαι,
615 2611 690 2671 ὡς
710 2610 775 2664 ἂν
800 2611 888 2664 διὰ
912 2610 1019 2663 τῶν
1046 2610 1302 2664 τοιούτων
1333 2611 1596 2681 μάθοιμεν
1620 2615 1702 2666 ai-

103 2702 418 2774 νιγμάτων,
447 2702 528 2754 ὅτι
553 2703 652 2755 ούκ
684 2702 800 2755 ἐστι
829 2702 927 2772 τῆς
962 2702 1228 2772 μυστικῆς
1257 2703 1474 2772 ἐκείνης
1506 2704 1701 2774 ἑορτῆς

110 2795 410 2865 μετασχεῖν
443 2793 638 2860 ἄλλως,
669 2794 718 2846 εί
752 2794 827 2864 μὴ
869 2795 924 2846 αἱ
961 2794 1208 2865 πικρίδες
1239 2794 1334 2847 τοῦ
1369 2795 1485 2864 βίου
1511 2796 1700 2852 τούτου

107 2890 178 2958 τῇ
234 2887 377 2957 ἁπλῇ
412 2887 508 2940 καὶ
540 2886 733 2957 ἀζύμῳ
763 2884 874 2956 ζωῇ
919 2885 1179 2949 ἑκουσίως
1223 2888 1698 2957 καταμιγνύοιντο.

1805 1707 1971 1778 igitur
1999 1705 2066 1762 de
2103 1721 2269 1761 causa
2293 1705 2533 1761 Verbum
2559 1705 2766 1758 luctum
2803 1703 3020 1758 beatum
3048 1698 3221 1760 ducit.
3268 1711 3374 1750 non

1806 1796 1955 1867 quod
2003 1813 2126 1852 eum
2180 1804 2403 1867 propter
2444 1795 2688 1864 seipsum
2743 1793 2961 1848 beatum
2994 1790 3224 1860 judicct,
3285 1785 3380 1842 sed

1804 1896 2032 1958 propter
2065 1888 2118 1941 id
2179 1887 2324 1956 quod
2354 1902 2421 1942 ex
2485 1887 2577 1941 illo
2625 1885 2845 1940 accidit.
2893 1881 3147 1939 Ostendit
3195 1885 3377 1933 autem

1805 1979 2078 2034 sermonis
2140 1985 2452 2045 contextus,
2511 1978 2659 2048 quod
2696 1976 2920 2032 nomine
2971 1975 3256 2030 relationis
3316 1974 3380 2027 ad

1803 2070 2256 2131 consolationem,
2323 2070 2512 2139 lugere
2568 2069 2727 2124 beata
2785 2083 2876 2122 res
2916 2067 3239 2121 hominibus
3287 2066 3380 2120 sit.

1803 2159 1958 2213 Beati
2007 2157 2176 2226 enim,
2213 2158 2412 2229 inquit,
2471 2161 2560 2230 qui
2599 2160 2817 2228 lugent;
2850 2167 2904 2213 et
2957 2174 3067 2213 non
3121 2160 3384 2228 repressit

1803 2259 1967 2322 atque
1993 2251 2166 2306 ﬁnivit
2193 2253 2492 2308 orationem
2513 2253 2565 2306 in
2595 2253 2718 2315 hoc,
2750 2250 2842 2307 sed
2875 2250 3098 2320 adjecit,
3129 2251 3383 2320 quoniam

1803 2344 1904 2411 ipsi
1934 2343 2347 2398 consolationem
2395 2345 2670 2412 accipient.
2713 2342 2885 2410 Quam
2919 2358 3030 2398 rem
3064 2358 3187 2397 cum
3224 2342 3384 2411 longe

1803 2440 1932 2488 ante
1995 2433 2474 2490 animadvertisset
2541 2448 2771 2504 magnus
2831 2433 2921 2488 ille
2973 2431 3186 2503 Moyses
3238 2432 3384 2504 (ium

1806 2539 1956 2589 vero,
1984 2525 2029 2580 is
2054 2525 2146 2595 qui
2175 2525 2289 2580 haec
2320 2523 2374 2578 ir.
2400 2525 2494 2579 illo
2513 2523 2858 2594 disponebat,
2880 2521 3144 2588 Verbum,
3174 2523 3228 2577 in
3268 2539 3383 2594 my-

1805 2617 1958 2672 sticis
2015 2615 2495 2672 observationibus
2559 2615 2857 2685 Pascbaz):
2909 2630 3102 2685 panem
3163 2614 3380 2684 quidem

1804 2706 2055 2763 fermenti
2079 2715 2354 2778 expertem
2387 2707 2702 2763 hominibus
2748 2707 2803 2761 in
2834 2706 3028 2761 diebus
3060 2705 3214 2762 festis
3244 2722 3382 2776 prm-

1804 2799 2122 2869 scripsisse:
2157 2799 2446 2854 obsonium
2472 2813 2622 2862 vero,
2654 2813 2763 2868 quo
2793 2807 3164 2861 vescerentur,
3196 2799 3379 2870 intyba

1804 2889 2036 2958 agrestia
2075 2887 2380 2944 instituisse
2409 2887 2626 2943 videtur
2655 2888 2720 2954 ι’,
2749 2896 2810 2942 ut
2839 2903 2932 2955 per
2952 2887 3222 2958 ejusmodi
3249 2889 3382 2942 πηί-

99 2981 206 3034 Διά
250 2978 410 3032 τοῦτο
451 2978 545 3030 καὶ
573 2979 601 3030 ὁ
652 2977 826 3047 μέγας
860 2977 1041 3042 Δαὸὶδ,
1073 2977 1246 3031 καίτοι
1292 2979 1354 3031 τὸ
1400 2979 1698 3050 ἀκρότατον

1879 2985 1981 3032 lata
2013 2988 2174 3049 atque
2205 2979 2486 3034 involucra
2520 2977 2878 3040 disceremus,
2911 2979 3058 3049 quod
3125 2979 3218 3034 illo
3270 2994 3382 3051 my-

101 3072 214 3142 τῆς
257 3067 603 3140 ἀνθρωπίνης
632 3067 928 3138 εύκληρίας
963 3068 1162 3139 μέτρον
1189 3068 1351 3139 (λέγω
1383 3070 1448 3142 δὴ
1480 3069 1577 3141 τὴν
1606 3070 1701 3141 βα-

102 3164 343 3232 σιλιίαν)
377 3162 504 3233 περὶ
531 3160 720 3214 ἐαυτὸν
754 3161 985 3230 βλέπων·
1014 3162 1250 3232 δαψιλῶς
1281 3163 1562 3218 ἐπιϐάλλει
1591 3162 1701 3217 τῶν

102 3255 376 3328 πικρίδων
410 3257 476 3325 τῇ
512 3251 704 3306 ἑαυτοῦ
741 3252 852 3324 ζωῇ
895 3253 1165 3318 στενάζων
1212 3255 1272 3309 ἐν
1315 3256 1530 3327 οἰμωγῇ
1554 3298 1568 3320 ,
1605 3257 1702 3309 καὶ¹

102 3347 324 3421 θρηνῶν
355 3345 453 3417 τὴν
488 3346 796 3416 παράτασιν
828 3346 926 3416 τῆς
953 3347 1010 3399 ἐν
1047 3346 1212 3416 σαρκὶ
1251 3348 1564 3419 παροικίας,
1608 3348 1701 3400 καὶ

105 3436 401 3500 ἐκλείπων,
443 3434 551 3488 ὑπὸ
581 3437 682 3505 τῆς
713 3433 818 3487 τῶν
853 3433 1112 3504 μειζόνων
1153 3435 1470 3506 ἐπιθυμίας,
1511 3436 1699 3507 φησὶν,

97 3527 272 3596 Οῖμοι
298 3526 386 3579 ὅτι
420 3527 458 3592 ἠ
498 3525 776 3593 παροικία
795 3541 915 3594 μου
943 3524 1305 3594 ἐμακρύνθη.
1350 3525 1608 3596 Ἐτέρωθι
1643 3527 1700 3580 δὲ

106 3617 250 3688 πρὸς
279 3615 339 3668 τὸ
373 3613 564 3676 κάλλος
592 3613 700 3666 τῶν
739 3612 897 3667 θείων
934 3615 1308 3684 σκηνωμάτων
1339 3615 1525 3680 ἀτενὲς
1555 3619 1698 3673 ἀπο-

112 3709 354 3771 ϐλέπων,
407 3705 648 3758 ἐκλιπεῖν
694 3705 796 3757 ὑπὸ
842 3705 940 3774 τῆς
992 3704 1286 3776 ἐπιθυμίας
1323 3707 1474 3777 φησὶ,
1527 3707 1588 3760 τὸ
1639 3709 1700 3761 ἐν

108 3801 361 3871 ἐσχάτοις
395 3799 513 3851 ἐκεῖ
553 3795 831 3865 τετάχθαι,
865 3795 958 3849 τοῦ
994 3795 1293 3867 πρωτεύειν
1321 3797 1380 3849 ἐν
1407 3799 1520 3860 τοῖς
1550 3815 1699 3870 παρ-

101 3893 253 3956 οὖσι,
304 3887 692 3962 προτιμότερον
732 3887 909 3957 ἐαυτῷ
943 3887 1162 3958 κρίνων.
1197 3887 1258 3939 Εἰ
1309 3886 1366 3939 δέ
1409 3904 1493 3951 τις
1527 3889 1685 3959 ἀκρι-

104 3982 367 4052 ϐέστερον
420 3977 753 4046 κατανοῆσαι
807 3976 1048 4048 βούλοιτο
1112 3974 1205 4030 τοῦ
1258 3978 1693 4050 μακαριζομένου

101 4071 296 4128 τούτου
330 4068 559 4132 πένθους
587 4067 682 4137 τὴν
711 4067 956 4138 δύναμιν,
1009 4067 1397 4137 ἐπισκεψάσθω
1427 4069 1603 4140 ἐαυτῷ
1636 4069 1695 4123 ἐν

101 4163 185 4234 τῷ
237 4159 382 4214 κατὰ
412 4159 500 4213 τὺν
545 4158 792 4228 Λάζαρον
830 4159 925 4212 καὶ
953 4158 1043 4213 τὸν
1071 4158 1322 4214 πλούσιον
1352 4160 1654 4232 διηγήματι
1675 4201 1689 4227 ,

101 4258 165 4310 ἐν
259 4251 590 4324 γυμνότερον
615 4249 678 4302 τὸ
703 4248 942 4303 τοιοῦτον
962 4249 1136 4320 δόγμα
1163 4252 1294 4321 ἡμῖν
1315 4253 1686 4323 σαφηνίξεται.

1805 3071 1946 3125 stico
1978 3071 2119 3126 festo
2154 3072 2314 3127 aliter
2342 3070 2448 3125 frui
2478 3087 2585 3126 non
2620 3072 2802 3138 liceat,
2835 3074 2941 3128 nisi
2992 3073 3174 3129 saeculi
3215 3072 3382 3142 hujus

1805 3160 1987 3232 inlyba
2025 3176 2210 3217 amara
2264 3161 2521 3231 simplici,
2555 3169 2610 3217 et
2655 3177 2686 3216 a
2727 3160 2995 3218 fermento
3031 3178 3216 3218 vacuae
3257 3163 3382 3217 vitae

1803 3260 1998 3322 sponte
2057 3261 2244 3308 nostra
2305 3254 2734 3309 immisceantur.
2791 3251 3088 3324 Propterea
3151 3269 3380 3324 magnus

1803 3358 2020 3412 quoque
2055 3342 2242 3410 David,
2275 3344 2492 3398 tametsi
2525 3358 2797 3398 summum
2829 3345 3080 3400 humanae
3106 3343 3380 3400 felicitatis

1803 3433 2130 3504 fastigium(
2176 3435 2244 3490 de
2270 3449 2450 3508 “regno
2497 3434 2752 3488 nimirum
2784 3435 3015 3506 loquor)
3061 3437 3268 3492 circum
3321 3452 3380 3492 se

1801 3536 2069 3590 cerneret,
2120 3526 2342 3597 largiter
2399 3534 2580 3581 tamen
2615 3527 2682 3582 de
2743 3527 2949 3598 intybis
3003 3531 3203 3586 amaris
3265 3547 3379 3586 sua:

1799 3617 1924 3672 vitae
1957 3617 2178 3687 adjicit,
2233 3619 2516 3688 suspirans
2581 3616 2636 3671 in
2681 3616 2910 3686 ejulatu,
2968 3633 3032 3673 ac
3088 3619 3376 3690 deplorans

1800 3709 2238 3780 prorogationem
2267 3708 2630 3778 inquilinatus
2677 3709 2731 3763 in
2768 3723 2950 3775 carne,
3007 3711 3376 3784 deﬁciensque

1800 3815 1912 3871 pm
1959 3799 2256 3871 cupiditate
2305 3815 2369 3856 ac
2400 3800 2672 3857 desiderio
2705 3819 2886 3858 rerum
2943 3803 3229 3873 majorum,
3276 3806 3378 3861 Hei

1800 3891 1951 3953 mihi,
1985 3891 2185 3961 inquit,
2231 3893 2483 3962 quoniam
2536 3892 2885 3963 inquilinatus
2919 3911 3062 3948 meus
3093 3895 3375 3966 prolonga-

1801 3991 1885 4038 tus
1919 3991 1997 4038 est
2023 3983 2096 4036 "l
2135 3981 2194 4037 In
2223 3983 2332 4038 alio
2359 3998 2490 4039 vero
2519 3984 2638 4038 loco
2672 3985 3132 4056 pulchritudinem
3163 3989 3377 4044 divino.

1798 4093 1921 4133 rum
1956 4077 2436 4133 tabernaculorum
2478 4075 2671 4134 deﬁxis
2707 4079 2882 4136 oculis
2941 4090 3228 4148 contuens,
3263 4099 3376 4153 prae

1795 4167 2070 4224 desiderio
2099 4168 2332 4224 deﬁcere
2359 4183 2418 4224 se
2447 4169 2544 4233 ait,
2576 4170 2941 4239 praestabilius
2967 4171 3071 4225 sibi
3115 4187 3238 4226 esse
3271 4173 3373 4225 du-

1795 4274 1932 4316 cens
1965 4257 2076 4313 illic
2123 4258 2178 4313 in
2230 4258 2490 4314 extremis
2537 4259 2864 4314 collocatum
2919 4275 3062 4325 esse,
3121 4278 3282 4332 quam
3317 4262 3373 4318 in

102 4321 423 4412 Μνῆσθὴτι
445 4321 574 4413 γὰρ,
607 4340 770 4410 φησιν
795 4342 824 4393 ὁ
858 4339 1107 4412 Ἀϐραὰμ
1135 4341 1273 4412 πρὸς
1295 4342 1384 4394 τὸν
1413 4321 1687 4410 πλούσιον,

1879 4365 1965 4407 ωε
1998 4349 2359 4421 praesentibus
2415 4351 2619 4420 primas
2674 4358 2875 4406 tenere.
2931 4321 3086 4417 Quod
3138 4321 3188 4408 si
3249 4356 3373 4424 quis

101 4441 196 4495 ὅτι
216 4437 512 4500 ἀπέλαϐες
541 4433 612 4487 τὰ
633 4431 824 4504 ἀγαθά
846 4448 960 4487 σου
988 4432 1148 4502 ὲντῇ
1178 4431 1292 4502 ζωῇ
1317 4448 1454 4488 σουο
1481 4437 1696 4505 ὁμοίως

101 4532 176 4586 δὲ
191 4531 292 4585 καὶ
312 4532 344 4583 ό
365 4527 632 4596 Λάζαρος
651 4527 724 4580 τὰ
740 4525 912 4579 κακά’
935 4523 1032 4578 διὰ
1051 4524 1226 4579 τοῦτο
1249 4520 1426 4592 οὗτος
1442 4525 1561 4595 μὲν
1579 4539 1693 4580 πα-

100 4620 474 4692 ρακαλεῖται,
501 4618 582 4672 σὺ
610 4616 678 4670 δὲ
699 4614 1015 4670 ὀδυνᾶσαι.
1039 4617 1221 4670 Ἕοικε
1237 4615 1366 4689 γὰρ,
1388 4617 1576 4689 ἐπειδὴ
1596 4618 1696 4688 τῆς

1793 4441 2013 4512 plenius
2052 4440 2198 4495 beati
2232 4440 2398 4510 hujus
2434 4441 2614 4496 luctus
2660 4441 2768 4496 vim
2797 4444 3155 4513 contemplari
3212 4453 3374 4516 atque

1793 4530 2236 4586 animadvertere
2265 4529 2416 4593 velit,
2450 4529 2762 4586 consideret
2785 4546 2909 4587 eum
2934 4531 2990 4586 in
3037 4533 3129 4587 illa
3185 4549 3371 4589 narra-

1793 4621 1964 4686 tione,
1995 4635 2116 4691 quae
2147 4621 2214 4676 de
2233 4619 2440 4675 Lazaro
2469 4635 2532 4675 ac
2560 4619 2726 4676 divite
2761 4619 2856 4693 (in
2896 4620 3231 4694 Evangelia)
3267 4626 3366 4679 ha-

102 4713 320 4784 άγαθῆς
345 4711 439 4766 τοῦ
466 4710 600 4764 Θεοῦ
629 4710 756 4781 περὶ
786 4709 876 4762 τὸν
907 4707 1190 4778 ἄνθρωπον
1221 4709 1528 4780 οἰκονομίας
1579 4711 1688 4764 ἀπ·

1879 4724 1974 4777 ω’,
2009 4711 2099 4766 ubi
2125 4712 2395 4783 ejusmodi
2424 4705 2670 4767 doctrina
2701 4713 2858 4768 nobis
2903 4715 3148 4784 apertius
3191 4716 3372 4771 decla-

103 4812 337 4878 ἐστησεν
370 4805 518 4874 ἡμᾶς
550 4805 584 4874 ὴ
619 4801 872 4864 ἀϐουλία,
907 4800 1106 4872 μᾶλλον
1155 4801 1212 4855 δὲ
1260 4803 1293 4873 ἡ
1341 4801 1690 4856 κακοδουλία·

109 4896 208 4949 τοῦ
247 4898 357 4968 γὰρ
376 4895 508 4949 Θεοῦ
536 4894 732 4966 ἀμιγὲς
757 4894 850 4947 τοῦ
871 4892 1042 4946 κακοῦ
1066 4892 1127 4946 τὸ
1149 4893 1353 4963 ἀγαθὸν
1382 4896 1439 4949 ἐν
1458 4897 1525 4967 τῇ
1554 4896 1694 4950 ἁπου
1737 4889 1743 4893 ’

103 4989 297 5044 λαύσει
333 4985 490 5058 ἡμῶν
531 4986 1021 5056 νομοθετήσαντος,
1053 4985 1148 5038 καὶ
1184 4986 1583 5057 καταμιγνύναι
1615 4985 1692 5056 τῷ

103 5080 260 5152 καλῷ
291 5079 389 5152 τὴν
413 5077 507 5132 τοῦ
536 5077 708 5132 κακοῦ
739 5080 932 5148 πεῖραν
963 5077 1470 5148 ἀπαγορεύσαντος,
1501 5078 1688 5151 ἐπειδὴ

102 5176 269 5247 ἡμεῖς
296 5171 402 5228 ὑπὸ
432 5169 765 5241 λαιμαργίας
789 5167 1049 5232 ἑκουσίως
1089 5168 1183 5223 τοῦ
1226 5170 1465 5223 ἐναντίου
1499 5171 1685 5238 ἐνεφο-

107 5267 358 5339 ρήθημεν
415 5262 591 5336 (λέγω
618 5262 674 5315 δὲ
719 5261 818 5332 τῆς
863 5261 958 5315 τοῦ
1005 5261 1149 5315 θείου
1181 5263 1356 5331 Λόγου
1406 5262 1688 5333 παρακοῆς

107 5353 594 5426 ἀπογευσάμενοιγ
623 5353 712 5406 διὰ
735 5353 892 5407 τοῦτο
915 5353 1022 5426 χρὴ
1044 5355 1260 5420 πάντως
1289 5357 1346 5407 ἐν
1365 5353 1690 5426 ἀμφοτέροις

105 5449 360 5521 γενέσθαι
375 5448 471 5517 τὴν
491 5445 836 5518 ἀνθρωπίνην
854 5446 1138 5514 φύσιν,κα.ὶ
1159 5448 1446 5516 μετασχεῖν
1461 5447 1518 5499 ἐν
1537 5447 1687 5526 μέρει

1794 4811 1995 4859 ratur:
2024 4801 2284 4858 Memento
2305 4804 2471 4870 enim,
2508 4803 2683 4872 inquit
2713 4804 2988 4859 Abraham
3021 4804 3089 4859 ad
3123 4805 3368 4871 divitem,

1793 4895 1938 4968 quod
1968 4897 2222 4966 receperis
2259 4896 2395 4950 bona
2425 4906 2517 4950 tua
2553 4895 2608 4949 in
2637 4895 2744 4950 vita
2774 4904 2903 4950 tua:
2965 4897 3210 4950 similiter
3247 4899 3370 4952 item

1793 4985 2042 5040 Lazarus
2076 5002 2280 5057 quoque
2339 4987 2506 5041 mala.
2566 4984 2772 5040 Idcirco
2801 4986 2883 5040 llic
2914 4987 3122 5056 quidem
3178 4988 3370 5043 solatio

1793 5077 2019 5148 fruitur,
2058 5086 2113 5130 tu
2147 5094 2266 5132 vero
2288 5081 2543 5133 cruciaris
2571 5079 2634 5134 ¹⁵.
2667 5078 2771 5134 Par
2801 5079 2944 5134 enim
2977 5087 3032 5134 et
3081 5089 3371 5136 consenta-

1792 5185 1960 5224 neum
1997 5168 2048 5222 id
2089 5175 2194 5233 est,
2228 5169 2670 5240 quandoquidem
2702 5170 2951 5236 ἀϐουλία,
2984 5172 3084 5227 hoc
3113 5181 3218 5236 est,
3247 5189 3373 5228 con-

1793 5264 1900 5318 silii
1943 5269 2292 5331 contemptus
2321 5269 2374 5315 et
2401 5263 2703 5328 temeritas,
2735 5265 2844 5318 imo
2883 5277 3011 5319 vero
3046 5265 3370 5319 κακοδουλία

1797 5356 1848 5409 id
1884 5365 1996 5415 est.
2050 5369 2275 5425 pravum
2322 5354 2638 5420 consilium,
2670 5371 2773 5412 nos
2831 5372 2858 5411 a
2911 5357 3053 5413 bona
3091 5358 3184 5413 Dei
3223 5358 3368 5414 circa

1800 5449 2081 5502 nominem
2133 5444 2494 5515 dispositione
2536 5453 2698 5516 atque
2759 5446 3238 5518 administratione
3273 5449 3370 5504 ab-

182 5630 226 5661 "
266 5626 437 5682 Exod.
472 5640 585 5683 ιιι.
619 5621 672 5680 8.
751 5623 794 5654 ¹³
833 5608 977 5678 Psal.
1016 5637 1137 5677 est:
1163 5661 1178 5684 ,
1213 5622 1267 5677 5.
1347 5623 1390 5654 “
1426 5619 1560 5676 Luc.
1597 5637 1715 5682 va,
1745 5621 1834 5676 25.
