3738 5984
337 153 468 206 1231
1539 148 1596 206 S.
1635 148 1966 207 GREGORII
1998 148 2291 206 NYSSENI
3472 148 3592 201 125‘!

333 263 508 320 duxit.
539 263 672 319 Nam
709 279 833 319 cum
880 264 1021 321 Deus
1080 263 1284 318 bonum
1336 262 1489 317 nulla
1553 263 1809 334 permisti

2137 280 2196 316 τε
2222 259 2516 325 λυποῦντος
2537 259 2631 315 καὶ
2658 257 2752 314 τοῦ
2773 258 3175 330 εὐφραίνοντος.
3211 256 3320 312 Δύο
3346 257 3410 312 δὲ
3437 259 3594 313 ὄντων

332 373 459 411 cum
495 358 639 410 malo
669 357 961 412 confusum
996 357 1154 412 nobis
1185 355 1808 425 fruendum'proposuis:

2118 369 2158 411 ν,
2205 348 2299 402 καὶ
2341 348 2532 419 διπλῆς
2579 347 2678 418 τῆς
2711 347 2857 415 ζωῆς
2881 346 3003 400 καθ’
3033 347 3292 416 ἑκάτερον
3327 345 3444 399 τῶν
3476 346 3594 411 βίων

338 448 711 517 vetuisselque
741 449 1133 519 experientiam
1182 449 1309 502 mali
1345 462 1468 500 cum
1507 447 1652 502 bono
1708 463 1814 518 pert

2119 440 2316 504 ζόντως
2339 438 2734 509 θεωρουμένης,
2757 437 3017 500 ὡσαύτως
3047 436 3102 489 δὲ
3131 437 3224 490 καὶ
3255 435 3594 506 εὐφροσύνης

336 541 497 603 sceri,
532 541 788 608 quoniam
821 557 930 610 prie
962 540 1198 612 ingluvie
1229 546 1423 608 sponte
1469 548 1654 594 nostra
1687 548 1812 593 cont

2117 530 2216 599 ιῆς·
2252 528 2352 598 τῆς
2382 529 2478 599 μὲν
2506 531 2562 580 ὲν
2591 527 2666 598 τῷ
2698 528 2796 598 βίῳ
2822 526 3017 597 τούτῳ,
3048 528 3148 596 τῆς
3189 526 3247 579 δὲ
3276 525 3338 576 ἐν
3375 525 3460 597 τῷ
3484 529 3593 579 κατ’

335 632 417 683 rio
451 630 738 699 degustato
768 629 923 700 (dico
955 638 1134 685 autem
1163 630 1229 683 de
1267 627 1432 682 Verbi
1465 627 1636 682 divini
1671 637 1811 682 conti

2117 622 2228 684 ίδας
2281 623 2411 692 ἡμῖν
2457 620 2820 692 προκειμένῳ’
2879 617 3215 690 μακαριστὸν
3269 619 3339 671 ἂν
3380 618 3472 686 εἴη
3505 619 3592 688 τὴν

338 729 433 790 ptu
465 728 518 775 et
547 720 948 789 inobedientia)
986 734 1086 772 nos
1137 718 1589 788 ingurgitavimus
1638 727 1692 774 et
1725 735 1814 788 ex;

2127 712 2462 783 εὐφροσύνης
2491 714 2683 783 μοῖραν
2709 713 2820 774 τοῖς
2841 711 3112 780 ἀληθινοῖς
3137 708 3372 776 ἀγαθοῖς
3405 710 3486 770 είς
3507 708 3589 760 τὸν

336 814 535 878 vimus,
573 813 778 866 idcirco
805 825 1034 880 prorsus
1056 810 1350 863 humanam
1379 819 1630 864 naturam
1662 810 1716 862 in
1746 818 1812 862 ut:

2113 822 2177 858 ,ον
2205 803 2501 857 ἀποθέσθαι
2543 803 2672 873 βίον·
2706 803 2803 873 τῆς
2831 802 2887 854 δὲ
2907 795 3082 871 λύπης
3109 797 3474 868 ἐκπληρῶσαι
3500 799 3589 868 τὴν

335 919 442 972 que
476 903 706 965 versari,
765 909 877 954 tres
901 899 1062 954 modo
1087 898 1292 960 tristes,
1317 894 1476 950 modo
1504 892 1811 954 laetasinvic

2111 895 2342 966 ῖουργίαν
2359 897 2415 948 ὲν
2438 897 2502 966 τῇ
2535 893 2761 964 βραχείᾳ
2784 891 2954 963 ταύτῃ
2979 893 3072 944 καὶ
3098 890 3430 962 προσκαίρῳ
3460 891 3587 960 ζωῇ,

337 995 569 1063 experiri
595 1001 827 1063 oportet.
860 991 1034 1046 Porro
1075 1006 1198 1045 cum
1227 990 1334 1045 duo
1371 989 1480 1045 sint
1533 992 1751 1055 saecula,
1800 1008 1813 1044 ‹

2114 987 2208 1042 ,ίαν
2237 986 2577 1057 ποιούμενον,
2611 987 2671 1038 οὗ
2702 987 2761 1039 τὸ
2787 985 3112 1056 στερηθῆναι
3143 1002 3289 1047 τινος
3316 984 3431 1036 τῶν
3459 984 3590 1037 κατὰ

333 1084 566 1153 plexque
621 1085 728 1136 vita
763 1098 860 1152 per
897 1088 1190 1150 utrumque
1241 1081 1497 1136 saeculum
1556 1080 1809 1151 peculiari

2127 1077 2240 1148 βίον
2281 1077 2469 1130 τοῦτον
2509 1077 2698 1147 ἡδέων,
2731 1077 2866 1130 ἀλλά
2893 1077 2954 1130 τὸ
2984 1077 3070 1130 διά
3095 1077 3194 1145 τῆς
3234 1074 3591 1137 ἀπολαύσεως

341 1173 718 1228 consideretur
745 1191 759 1238 ;
805 1181 967 1242 atque
1005 1171 1191 1225 itidem
1221 1170 1405 1224 latitia
1439 1184 1656 1240 quoque
1685 1169 1814 1239 dupl

2117 1184 2210 1220 των
2239 1169 2295 1221 ἐν
2335 1167 2646 1222 ἁποπτώσει
2690 1168 2798 1221 τῶν
2837 1169 3136 1239 ἀμεινόνων
3167 1167 3448 1236 γενέσθαι.
3487 1168 3593 1219 02':-

336 1265 440 1316 alia
472 1264 688 1334 quidem
726 1263 780 1316 in
830 1263 932 1316 hoc
971 1261 1189 1328 saeculo,
1251 1261 1357 1315 alia
1382 1276 1512 1316 vero
1563 1262 1618 1317 in
1663 1275 1728 1315 eo
1761 1276 1812 1330 qi

2118 1278 2138 1314 ν
2167 1261 2215 1311 εί
2249 1259 2582 1331 μακαριστόν
2614 1261 2759 1312 ἐστιν
2792 1259 2852 1312 τὸ
2881 1262 2940 1313 ὲν
2970 1262 3079 1322 τοῖς
3107 1259 3362 1328 ἀπείροις
3397 1257 3594 1311 αἰῶσιν

336 1371 432 1425 per
460 1370 608 1423 spem
635 1355 794 1408 nobis
823 1355 1162 1424 propositum
1198 1360 1302 1419 est,
1350 1360 1664 1422 spectetur:
1701 1351 1812 1406 beat

2115 1352 2290 1404 λεστόν
2318 1368 2378 1404 τε
2420 1351 2513 1404 καὶ
2539 1351 2710 1403 εἰσαεὶ
2739 1349 3206 1422 παρατεινομένην
3239 1349 3341 1419 τὴν
3390 1348 3591 1417 εὐφρο-

334 1460 458 1498 ειιιη
490 1444 653 1499 fuerit
683 1443 1129 1507 existimandum,
1167 1444 1212 1498 si
1243 1443 1366 1512 quis
1419 1444 1728 1512 portionem
1765 1442 1810 1496 la

2116 1463 2172 1516 ην
2201 1445 2360 1515 ἔχειν’
2391 1445 2471 1498 δεῖ
2509 1444 2565 1498 δὲ
2599 1445 2814 1508 πάντως
2839 1443 3137 1512 γεύσασθαι
3172 1442 3266 1495 καὶ
3291 1442 3404 1494 τῶν
3432 1441 3592 1492 ἐναν-

334 1535 420 1588 tizc
445 1551 539 1602 per
576 1549 702 1588 vera
762 1534 905 1587 bona
943 1533 997 1585 in
1044 1534 1436 1602 sempiternum
1497 1533 1757 1587 saeculum

2118 1554 2135 1588 ν
2182 1536 2280 1607 τὴν
2325 1535 2669 1607 ἀνθρωπίνην
2719 1534 2898 1603 φύσιν·
2952 1534 3134 1587 οὐκέτι
3174 1531 3414 1603 χαλεπόν
3475 1532 3594 1582 ὲστι

332 1627 530 1680 condat
559 1639 572 1676 :
600 1625 836 1679 tristitia:
867 1640 996 1679 vero
1025 1640 1227 1679 munus
1262 1625 1317 1678 in
1346 1625 1447 1679 hac
1473 1625 1625 1679 brevi
1653 1639 1716 1677 ac
1763 1631 1808 1678 tc

2117 1593 2248 1680 ιδεῖν⁵
2265 1626 2358 1680 τοῦ
2406 1593 2563 1694 λόγου
2597 1593 2656 1679 τί)
2701 1593 2968 1696 βούλημα,
3005 1625 3092 1678 διὰ
3138 1593 3208 1676 τί,
3235 1623 3506 1693 μακάριοι
3547 1622 3593 1672 οἱ

330 1717 550 1786 poraria
583 1717 692 1768 vita
719 1715 956 1784 expleat,
1017 1731 1123 1768 non
1159 1715 1213 1768 in
1253 1713 1453 1767 damno
1483 1728 1547 1768 ac
1579 1713 1806 1768 detrime

2125 1717 2444 1781 πενθοῦντες
2463 1760 2476 1781 ,
2509 1718 2661 1771 αὐτοὶ
2694 1716 2801 1788 γὰρ
2843 1718 2924 1779 είς
2951 1715 3078 1779 τοὺς
3099 1713 3363 1784 ἀπείρους
3389 1711 3595 1773 αἰῶνας

333 1820 559 1874 ponens,
593 1804 638 1859 si
681 1804 858 1872 aliqua
921 1818 1105 1856 rerum
1136 1819 1324 1858 earum
1372 1804 1637 1874 privetur,
1672 1807 1792 1871 Qua:

2119 1809 2535 1879 ακληθήσοντοιι⁹
2566 1810 2598 1879 ἡ
2633 1809 2690 1861 δὲ
2719 1809 3098 1880 παράκλησις,
3133 1808 3198 1859 ὲκ
3218 1807 3316 1876 τῆς
3348 1804 3446 1858 τοῦ
3481 1804 3595 1856 Πα-

331 1895 432 1946 hac
457 1893 564 1946 vita
593 1907 787 1947 suaves
815 1907 877 1946 ac
905 1892 1164 1962 jucundaa
1197 1901 1326 1948 sunt
1354 1911 1366 1946 :
1407 1893 1500 1948 sed
1549 1893 1595 1946 si
1633 1891 1762 1946 dum
1799 1891 1807 1944 i

2117 1900 2270 1969 λήτου
2330 1899 2618 1970 μετουσίας
2665 1899 2893 1968 γίνεται.
2946 1899 3072 1952 Ἰδία
3112 1897 3226 1968 γὰρ·
3273 1896 3372 1950 τοῦ
3418 1895 3593 1950 Ilvati-

327 1983 525 2036 l‘ruitur
551 1988 712 2051 atque
743 1983 967 2051 potitur,
1005 1985 1292 2038 meliorum
1327 1999 1389 2039 ac
1421 1984 1689 2054 potiorum
1727 1984 1803 2038 bo

2115 2007 2171 2054 ος
2224 1991 2473 2062 ἐνέργεια
2523 1993 2556 2062 ἡ
2605 1995 2704 2063 τῆς
2755 1991 3152 2063 παρακλήσεως
3198 1989 3364 2060 χάρις
3418 1987 3591 2040 ἐστίν·

327 2088 445 2126 rum
471 2071 737 2141 jacturam
772 2070 955 2126 faciat.
981 2071 1250 2138 Quocirca
1286 2075 1332 2129 si
1377 2075 1596 2129 beatum
1642 2076 1803 2146 judic:

2114 2079 2194 2134 καὶ
2226 2082 2385 2150 ἡμεῖς
2425 2080 2805 2151 ἀξιωθείημεν,
2850 2083 3032 2154 χάριτι
3069 2080 3162 2133 τοῦ
3188 2079 3399 2150 Κυρίου
3428 2077 3590 2148 ἡμῶν

326 2165 452 2218 dum
483 2171 585 2226 est,
625 2162 678 2214 in
715 2161 941 2218 intinitis
1007 2167 1256 2231 saeculis,
1307 2182 1586 2234 nunquam
1637 2167 1799 2222 ﬁnien

2117 2170 2192 2224 ποῦ
2238 2171 2494 2243 Χριστοῦ,
2523 2164 2568 2240 ᾧ
2606 2174 2639 2244 ὴ
2672 2171 2795 2237 δόξα
2824 2173 2903 2236 είς
2941 2172 3069 2235 τοὺς
3093 2171 3294 2234 αἰῶνας
3317 2170 3431 2224 τῶν
3464 2167 3593 2222 αἰώ-

324 2254 419 2307 sed
448 2255 501 2308 in
527 2257 846 2323 perpetuum
883 2252 1144 2310 duratura
1171 2256 1355 2310 laetitia
1384 2257 1510 2319 l'rui,
1557 2271 1621 2310 ac
1671 2272 1897 2326 prorsus
2004 2277 2132 2315 νων.
2174 2264 2365 2334 Ἀμήν.

325 2349 488 2404 etiam
520 2355 798 2408 contraria
826 2354 1118 2424 degustare
1143 2343 1392 2405 natu'ram
1412 2351 1703 2405 humanam
1731 2361 1980 2422 oportet:
2014 2371 2124 2411 non
2155 2359 2389 2428 amplius
2456 2358 2674 2415 difficile
2743 2364 2828 2414 est
2894 2356 3204 2429 perspicere
3275 2361 3332 2408 et
3387 2352 3596 2407 intelli-

325 2460 451 2512 gere
476 2448 804 2502 sententiam
840 2449 1128 2514 orationis,
1152 2462 1252 2502 cur
1279 2447 1426 2502 beati
1454 2447 1584 2514 sint,
1617 2448 1709 2518 qui
1749 2465 1898 2505 nunc
1933 2450 2140 2523 lugent,
2169 2457 2431 2526 quoniam
2482 2455 2743 2510 nimirum
2815 2454 2921 2523 ipsr
2975 2451 3189 2505 inﬁnita
3251 2449 3308 2503 in
3380 2447 3594 2502 saecula

325 2537 520 2592 solatio
557 2535 826 2592 fruentur.
849 2535 1123 2614 ‘Solatium
1160 2542 1346 2590 autem
1382 2550 1446 2590 ex
1477 2536 1899 2604 consuetudine,
1939 2555 2043 2596 usu
2105 2551 2269 2614 atque
2339 2544 2832 2600 communicatione
2865 2540 3156 2604 Paracleti,
3198 2540 3250 2594 id
3289 2549 3374 2595 est
3419 2539 3596 2592 advo—

323 2632 430 2686 cati
481 2638 536 2687 et
585 2632 955 2688 consolatoris
1009 2630 1248 2686 exsistit.
1282 2630 1690 2705 consolationis
1763 2633 1910 2688 enim
1985 2637 2160 2708 gratia
2229 2638 2511 2709 peculiare
2552 2639 2790 2709 Spiritus
2850 2651 2988 2707 opus
3043 2641 3170 2691 est:
3212 2648 3380 2704 quam
3418 2632 3595 2688 etiam

323 2743 424 2782 nos
452 2742 871 2798 consequamur,
906 2727 1081 2797 gratia
1103 2724 1319 2779 Domini
1348 2724 1524 2780 nostri
1563 2723 1692 2782 Jesu
1730 2726 1958 2798 Christi,
1987 2731 2043 2786 in
2080 2734 2280 2788 saecula
2306 2734 2659 2791 smeulorum.
2687 2733 2884 2787 Amen.

923 2842 1178 2898 ORATIO
1225 2841 1314 2899 Π.
1926 2832 1969 2890 C

1926 2832 1969 2890 ο
2625 2851 2844 2905 ΛΟΓΟΣ
2879 2851 2950 2902 Δν.

328 2932 478 2988 Beati
509 2935 598 3004 qui
631 2935 872 2990 esuriunt
900 2943 949 2988 et
977 2936 1165 3011 sitiunt
1185 2933 1481 3011 justitiam,
1517 2937 1766 3004 quoniam
1799 2956 1804 2990 π

2122 2941 2290 3011 ιάριοι
2319 2941 2745 3007 οὶηπεινῶντες,
2769 2940 2870 2994 καὶ
2898 2938 3189 3011 διψῶντες
3217 2935 3333 3002 τὴν
3361 2935 3598 2991 δικαιο-

877 3004 1260 3057 δαιαναὺιιηιαν
1290 3003 1354 3057 "-
1822 3003 1825 3004 ⁷
2169 3003 2187 3011 ’
2228 3014 2446 3081 σύνηνο
2482 3013 2572 3065 ὅτι
2608 3003 2775 3065 αὐτοὶ
2801 3003 3340 3079 χορτὰσθήσονται.

396 3093 500 3160 Qui
531 3094 812 3149 medicina:
843 3095 1003 3164 periti
1035 3102 1182 3158 sunt,
1211 3095 1365 3146 aiunt
1401 3109 1519 3158 eos,
1578 3096 1672 3165 qui
1724 3111 1756 3152 ε
1785 3105 1869 3152 sto

2122 3107 2210 3166 οὺς
2247 3103 2653 3174 στομαχοῦντας
2693 3103 2788 3155 καὶ
2825 3099 3146 3162 κακοσίτους
3195 3097 3361 3168 φασὶν
3412 3099 3467 3149 οἱ
3496 3099 3598 3166 τῆς

327 3185 522 3239 macho
561 3185 832 3248 laborant,
883 3192 938 3239 et
973 3184 1128 3239 cibos
1192 3183 1501 3249 fastidiunt,
1560 3200 1686 3239 cum
1739 3202 1803 3255 pr

2131 3193 2253 3263 ικῆς
2284 3195 2668 3265 ἐπιστήμονες,
2703 3191 2955 3262 πονηρῶν
2984 3206 3142 3243 τινων
3175 3188 3364 3259 χυμῶν
3389 3204 3456 3244 τε
3499 3187 3600 3240 καὶ

324 3273 548 3341 quidam
593 3274 745 3328 succi
773 3280 826 3328 et
859 3271 1118 3342 superﬂui
1151 3273 1407 3328 humores
1453 3274 1520 3327 ad
1561 3275 1800 3344 superior

2119 3285 2430 3354 πτωμάτων
2483 3286 2575 3337 ἐπὶ
2619 3282 2718 3354 τὴν
2756 3282 2868 3336 ἀνω
2914 3281 3154 3352 γαστέρα
3213 3279 3595 3350 συρρυέντων,

322 3365 611 3420 ventriculi
649 3371 856 3434 partem
889 3363 1272 3430 conﬂuxerint,
1309 3379 1524 3434 semper
1553 3366 1743 3434 plenos
1796 3385 1798 3390 ί

2118 3375 2292 3427 δοκεῖν
2331 3373 2559 3444 πλήρεις
2600 3389 2659 3424 τε
2691 3371 2787 3424 καί
2823 3371 3092 3440 διακορεῖς
3136 3363 3305 3432 εἶναι,
3356 3371 3460 3423 καὶ
3501 3369 3594 3423 διὰ

322 3459 458 3510 riter
488 3471 551 3510 ac
579 3464 798 3511 saturos
825 3470 945 3520 esse.
971 3455 1218 3524 sibiipsis
1265 3455 1459 3518 videri,
1487 3463 1650 3526 atque
1684 3458 1798 3512 idci;

2117 3484 2154 3520 :o
2187 3465 2325 3537 πρὸς
2369 3466 2468 3535 τὴν
2500 3463 2771 3534 ὠφέλιμον
2816 3462 3021 3534 τροφὴν
3069 3460 3362 3531 ἀλλοτρίως
3414 3459 3593 3530 ἔχειν,

326 3564 420 3617 ρει·
459 3549 821 3603 adulterinam
855 3563 917 3603 ac
945 3562 1168 3618 pravam
1195 3549 1551 3617 repletionem
1581 3558 1633 3604 et
1665 3551 1802 3607 satie

2145 3558 2380 3630 φυσικῆς
2425 3558 2609 3619 αὐτοῖς
2654 3554 2883 3627 ὀρέξεως
2911 3557 2967 3608 ὲν
3003 3556 3068 3625 τῇ
3101 3552 3238 3622 νόθῳ
3289 3553 3592 3622 πλησμονῇ

323 3649 454 3704 tem,
492 3641 731 3694 naturali
765 3640 820 3694 in
855 3640 936 3695 eis
964 3639 1206 3710 appetitu
1252 3639 1546 3708 exstincto,
1580 3640 1768 3696 utilem

2117 3649 2390 3721 ανθείσης.
2423 3648 2486 3701 Εί
2517 3647 2572 3700 δέ
2600 3661 2683 3711 τις
2720 3645 2902 3708 αὐτοῖς
2929 3644 2988 3710 ἐξ
3016 3643 3261 3714 ἰατρικῆς
3292 3643 3593 3712 ἐπιμέλεια

323 3731 452 3786 bum
485 3747 743 3800 respuere
793 3738 955 3801 atque
993 3729 1278 3796 aversari;
1333 3727 1430 3784 sed
1485 3729 1532 3785 si
1586 3730 1770 3801 aliqua

2117 3736 2354 3808 ταχθείη,
2381 3738 2470 3791 διά
2493 3753 2638 3800 τινος
2664 3735 2937 3807 τμητικῆς
2963 3731 3424 3804 φαρμακοποσίας
3448 3733 3593 3785 ἀπο-

325 3833 442 3879 arte
467 3823 671 3879 medica
699 3838 832 3880 cura
859 3823 940 3878 eis
973 3821 1214 3876 adhibita
1246 3819 1430 3885 fuerit,
1460 3835 1556 3890 per
1608 3829 1800 3876 acutor

2115 3831 2334 3884 ςθέντων
2369 3823 2476 3883 τῶν
2505 3827 2994 3898 ὲναπειλημμένων
3017 3824 3136 3889 ταῖς
3165 3823 3257 3876 τοῦ
3298 3825 3591 3894 στομάχου

322 3927 378 3968 ει
417 3914 770 3970 incidentium
802 3911 1324 3967 medicamentorum
1355 3910 1651 3980 potionem,
1695 3913 1798 3967 ablt

2119 3920 2322 3990 ότησιν,
2374 3917 2545 3981 οὕτως
2599 3915 2937 3987 συμϐαίνειν,
2985 3913 3075 3967 τοῦ
3129 3908 3410 3982 ἀλλοτρίου
3478 3931 3595 3984 μη-

321 4014 377 4060 ει
408 4005 726 4074 expurgatis
755 4003 938 4073 pravis
969 4017 1033 4058 ac
1070 4001 1361 4072 superﬂuis
1382 4002 1742 4069 humoribus,

2149 4008 2478 4080 διοχλοῦντος
2527 4007 2625 4077 τὴν
2665 4007 2847 4076 φύσιν,
2875 4005 2981 4075 ’τῆς
3012 4000 3324 4074 ὠφελούσης
3369 4019 3435 4056 τε
3494 4007 3593 4058 καὶ

321 4095 756 4150 concavitatibus
805 4093 1075 4148 stomachi
1109 4093 1396 4165 intercepti
1430 4102 1594 4165 atque
1646 4096 1797 4150 concl

2110 4102 2262 4173 ρίμου
2315 4099 2568 4173 βρώσεως
2636 4099 2816 4161 αὐτοῖς
2877 4097 3148 4150 ἐπανιέναι
3208 4095 3307 4165 τὴν
3369 4095 3586 4165 ὄρεξιν·

319 4188 544 4251 fuerint,
571 4187 646 4241 ita
678 4186 896 4241 tandem
927 4185 1199 4250 accidere,
1233 4195 1293 4240 ut
1318 4157 1445 4241 cum
1473 4157 1525 4242 id
1585 4188 1728 4257 quod
1759 4202 1789 4240 a

2112 4157 2267 4246 τόῦτο
2288 4157 2384 4263 τῆθς
2415 4189 2624 4259 ὑγιείας
2654 4183 2792 4242 εἶναι
2825 4184 3066 4258 σημεῖον,
3115 4185 3176 4238 τὸ
3203 4183 3404 4255 μηκέτι
3448 4202 3588 4237 κατ-

318 4297 449 4337 num
479 4288 584 4344 est,
615 4287 823 4334 natura:
851 4293 961 4332 non
992 4277 1224 4348 amplius
1256 4276 1457 4333 olliciat
1490 4286 1654 4349 atque
1710 4294 1794 4334 mo

2107 4283 2442 4353 γκασμένως,
2465 4280 2600 4335 ἀλλὰ
2626 4280 2739 4350 μετ’
2764 4277 3059 4347 ἐπιθυμίας
3078 4293 3136 4329 τε
3157 4277 3248 4329 καὶ
3268 4275 3457 4346 ὁρμῆς
3479 4276 3583 4347 τὴν

317 4381 461 4428 stum
497 4373 599 4436 sit,
654 4370 898 4442 juvantis
958 4371 1162 4440 pariter
1217 4383 1282 4425 ac
1313 4371 1608 4425 nutrientis
1645 4370 1754 4424 cibi

2104 4391 2193 4428 ισιν
2209 4368 2548 4445 προσίεσθαι,
2574 4370 2638 4422 Τί
2658 4365 2750 4423 οὖν
2779 4386 2867 4439 μοι
2895 4368 3144 4438 βούλεται
3173 4365 3233 4419 τὸ
3262 4367 3580 4436 προοίμιονς

318 4465 506 4520 redeat
535 4464 843 4534 appetitus;
870 4471 1030 4532 atque
1061 4462 1165 4516 hoc
1187 4463 1454 4518 restitutae
1481 4462 1735 4517 sanitatis
1767 4477 1794 4517 e

2106 4463 2218 4534 ειδὴ
2253 4461 2456 4533 προϊὼν
2481 4459 2548 4514 δι’
2588 4457 2908 4520 ἀκολουθίας
2947 4455 2974 4509 ὃ
3008 4455 3144 4526 πρὸς
3167 4454 3236 4507 τά
3259 4453 3581 4524 ὑψηλότερα

321 4558 561 4625 signum,
594 4554 742 4625 quod
771 4569 881 4609 non
916 4555 1151 4625 amplius
1178 4556 1353 4610 coacti
1373 4561 1427 4610 ει
1445 4553 1630 4617 inviti,
1669 4553 1765 4609 sed
1793 4577 1797 4602 ι

2135 4551 2242 4604 τῶν
2291 4545 2654 4621 μακαρισμῶν
2697 4545 2965 4615 κλίμακος
3011 4541 3370 4613 χειραγωγῶν
3429 4545 3585 4611 ἡμᾶς

323 4649 452 4721 pide
485 4655 538 4703 et
589 4663 712 4702 cum
769 4646 1006 4715 appetitu
1039 4645 1223 4699 cibum
1271 4652 1508 4701 sumant.
1570 4642 1714 4710 Quid
1761 4661 1799 4701 e'

2106 4656 2165 4702 ις,
2206 4639 2235 4690 ό
2274 4636 2417 4691 κατὰ
2454 4640 2553 4706 τὴν
2581 4633 2673 4688 τὀῦ
2717 4634 3004 4703 Προφήτου
3042 4631 3244 4702 φωνὴν,
3275 4630 3380 4694 τὰς
3404 4631 3582 4696 καλὰς

317 4719 451 4795 mihi
485 4741 588 4795 hoc
619 4739 948 4810 principium
972 4736 1408 4803 vult?Quoniam
1438 4736 1631 4792 ordine
1664 4752 1793 4808 prog

2104 4725 2278 4787 ϐάσεις
2315 4726 2372 4778 ὲν
2392 4727 2460 4795 τῇ
2486 4723 2681 4793 καρδίᾳ
2705 4721 2860 4792 ἡμῶν
2884 4719 3277 4790 διατιθέμενος,
3313 4721 3580 4791 τοιαύτην

317 4832 474 4888 diens
516 4805 723 4894 sermo,
747 4805 840 4898 qui
869 4827 934 4883 ad
957 4827 1270 4897 superiores
1297 4825 1458 4881 scalae
1487 4805 1793 4881 beatitudini

2107 4833 2117 4868 ν
2175 4813 2310 4884 μετά
2356 4805 2453 4877 τὰς
2499 4809 2980 4884 προδιανυσθείσας
3026 4808 3249 4871 ἀνόδους
3301 4811 3583 4880 animi:

313 4923 515 4993 gradus
549 4936 650 4977 nos
683 4919 842 4990 quasi
872 4935 1034 4972 manu
1065 4917 1234 4984 ducit,
1271 4915 1363 4985 qui
1395 4915 1550 4986 juxta
1603 4914 1789 4986 Propht

2106 4907 2360 4962 Ξείκνυσιν
2405 4905 2571 4974 ἄλλην
2615 4902 2901 4965 ἀνάϐασιν,
2945 4900 3136 4968 λέγων·
3183 4899 3489 4968 Μακάριοι
3529 4903 3582 4953 οἱ

312 5030 498 5070 vocem
533 5014 826 5083 praeclaras
857 5011 1209 5067 ascensiones
1248 5008 1303 5062 in
1356 5008 1521 5064 corde
1553 5016 1740 5066 nostro
1773 5027 1788 5065 (

2105 4997 2307 5064 θῶν-τες
2335 4995 2433 5050 καὶ
2462 4993 2756 5063 διψῶντες
2777 4992 2889 5061 τὴν
2909 4990 3328 5057 δικαιοσύνην,
3354 4991 3453 5044 ὅτι
3478 4995 3581 5047 αὐ-

313 5079 560 5173 ponit“,
613 5104 775 5158 talem
807 5101 968 5156 nobis
996 5109 1118 5172 post
1140 5107 1265 5154 ante
1290 5099 1570 5168 expeditos
1600 5115 1789 5158 ascens

2104 5089 2640 5162 χορτασθήσονταν
2674 5085 2856 5149 καλῶς
2895 5083 3039 5155 ἔχειν
3073 5079 3252 5153 οἶμαι,
3289 5084 3354 5136 τὸ
3388 5084 3580 5138 διακο-

311 5204 564 5264 quartam
595 5195 756 5248 aliam
784 5198 1170 5264 praemonstrat
1216 5190 1617 5254 ascensionem,
1649 5189 1779 5246 dum

2118 5202 2177 5237 τε
2222 5185 2316 5238 καὶ
2348 5180 2716 5253 πλησμονικὸν
2752 5177 2854 5248 τῆς
2899 5176 3079 5248 ψυχῆς
3126 5177 3579 5248 ἐκκαθάραντας,

312 5287 386 5339 cit
415 5306 425 5338 :
461 5286 612 5340 Beati
641 5285 732 5355 qui
759 5284 998 5338 esuriunt
1027 5287 1078 5336 et
1113 5281 1304 5335 sitiunt
1318 5279 1607 5348 justitiam,
1638 5281 1788 5349 quani

2105 5273 2206 5328 ἔστι
2244 5270 2486 5337 δυνατὸν,
2536 5269 2638 5340 τῆς
2665 5267 2918 5338 τοιαύτης
2959 5265 3215 5338 βρώσεώς
3266 5285 3332 5320 τε
3363 5269 3462 5321 καὶ

311 5377 410 5444 ipsi
443 5375 849 5439 saturabuntur,
883 5384 1088 5429 rectum
1119 5385 1184 5424 ac
1218 5372 1567 5427 commodum
1612 5385 1734 5428 esse
1763 5384 1787 5426 ο

2099 5383 2123 5430 ς
2152 5365 2249 5437 τὴν
2281 5363 2622 5435 μακαριστὴν
2655 5359 2832 5434 ὖρεξιν
2872 5361 3001 5431 ἡμῖν
3030 5359 3216 5422 αὐτοῖς
3245 5359 3575 5431 ἐμποιῆσαι·

391 5550 437 5581 ¹⁵
478 5545 668 5601 Matth.
700 5564 753 5616 v,
789 5547 841 5601 6.
887 5547 930 5579 ¹⁶
963 5545 1105 5600 Psal.
1137 5559 1382 5610 uuln,
1424 5546 1476 5600 6.
