3738 5984
325 337 462 394 £235

1512 337 1569 393 S.
1606 337 1938 394 GREGORII
1980 337 2276 393 NYSSENI

3476 343 3593 395 197-6

324 451 558 508 subditis
585 451 786 507 tributa
819 452 1030 520 incidit,
1065 468 1186 510 cum
1225 470 1324 526 pro
1354 455 1515 510 modo
1565 457 1763 510 virium
1797 469 1800 506 ι

2117 471 2205 516 ων,
2255 455 2347 508 καὶ
2390 454 2558 508 ἐθνῶν
2593 455 2867 525 βασιλεὺς,
2919 458 2966 509 εἰ
3014 457 3376 528 καταλλήλως
3419 459 3593 526 ἡγοῖτο

323 544 517 598 butum
548 543 800 614 imponit,
829 553 882 599 et
913 545 1326 615 paterfamilias,
1363 555 1418 602 et
1448 555 1666 618 'prtetor
1710 547 1902 603 civita-

325 635 418 698 tis,
463 642 517 688 et
572 635 813 705 gentium
867 651 995 702 rex;
1058 637 1103 690 si
1167 637 1402 707 quisque
1457 637 1651 692 horum
1699 652 1900 692 conve-

326 726 537 778 nienter
589 730 644 778 et
687 724 972 780 commode
1040 727 1275 784 subditis
1347 729 1566 798 praesit,
1641 729 1904 799 nulloque

328 817 531 885 impetu
597 823 760 884 atque
821 817 1066 888 appetitu
1145 819 1359 874 ratione
1437 819 1668 884 carenti,
1744 834 1905 874 occa-

328 908 486 960 sione
572 907 868 976 potestatis
966 921 1280 976 moveatur,
1368 912 1462 966 sed
1552 919 1699 966 recte
1776 911 1904 967 sub—

328 997 456 1051 ditis
529 995 621 1065 jus
700 997 883 1063 dicat,
972 1006 1025 1053 et
1081 999 1149 1053 ad
1221 1001 1531 1056 voluntates
1595 1009 1649 1056 et
1719 999 1901 1055 studia

331 1089 675 1144 subditorum
728 1090 1005 1159 ingenium
1048 1100 1102 1146 et
1137 1092 1429 1147 consilium
1483 1107 1643 1147 suum
1685 1106 1906 1146 accom-

331 1182 514 1237 model
570 1193 624 1236 et
664 1190 928 1252 temperet
977 1202 989 1238 ε
1032 1183 1346 1253 hujusmodi
1376 1185 1558 1238 omnia
1596 1183 1795 1237 rationi
1843 1196 1908 1237 ac

331 1275 635 1330 deﬁnitioni
671 1274 899 1344 justitia:
957 1276 1205 1331 tribuunt
1253 1283 1308 1330 et
1355 1276 1638 1346 assignant
1695 1275 1754 1340 ii,
1815 1276 1906 1344 qui

333 1364 523 1420 habitu
557 1366 652 1418 tali
685 1364 759 1431 id,
791 1365 1166 1435 quodjustum
1204 1368 1298 1428 sit,
1325 1365 1611 1421 deﬁniunt.
1645 1357 1765 1437 Ego'
1780 1381 1907 1421 vero

336 1456 403 1508 ad
461 1456 805 1510 altitudinem
877 1457 1284 1511 constitutionis
1343 1457 1540 1511 divinae
1583 1458 1904 1527 respiciens,

334 1547 538 1615 aliquid
584 1548 820 1616 amplius
869 1563 1031 1616 quam
1077 1562 1163 1612 ea,
1207 1563 1329 1618 quae
1371 1548 1532 1602 modo
1578 1548 1724 1602 dicta
1759 1535 1905 1611 sunt,

334 1653 432 1707 per
478 1638 619 1691 hanc
666 1638 940 1707 justitiam
998 1639 1410 1710 intelligendum
1467 1655 1591 1694 esse
1632 1640 1904 1696 existimo.

332 1728 466 1784 Nam
492 1730 537 1786 si
584 1731 844 1786 salutaris
880 1732 1099 1802 quidem
1147 1746 1331 1787 sermo
1375 1734 1683 1787 cemmunis
1721 1741 1825 1794 est,
1855 1739 1909 1786 et

2007 546 2115 600 τῶν
2138 546 2590 616 ὑποτεταγμένων
2617 545 2847 609 ἕκαστος
2878 547 3107 608 τούτων,
3143 549 3217 618 μὴ
3247 550 3456 617 ὁρμαῖς
3488 549 3583 600 ate

2008 656 2126 708 γοις
2164 640 2255 692 ὑπ’
2286 638 2533 704 ἐξουσίας
2572 639 2906 710 κινούμενος,
2942 641 3056 693 ἀλλ’
3105 639 3366 709 εύθύτητι
3411 639 3473 691 τὸ
3500 640 3593 692 ti:-

2009 733 2172 802 ήκοον
2197 731 2416 802 κρίνων,
2452 730 2546 783 καὶ
2575 730 2710 802 πρὸς
2737 730 2834 795 τάς
2858 731 3203 801 προαιρέσεις
3230 731 3344 790 τῶν
3388 733 3596 800 ὑποχει-

2013 819 2143 892 ρίων
2163 825 2227 892 τῇ
2256 820 2448 895 γνώμῃ
2470 822 2956 892 συναρμοζόμενος·
2980 824 3156 877 πάντα
3178 823 3247 876 τά
3269 821 3502 875 τοιαῦτα
3527 823 3595 891 τῷ

2011 914 2156 984 λόγῳ
2181 914 2281 984 τῆς
2304 912 2650 984 δικαιοσύνης
2674 913 3038 977 ἀνατιθέασιν,
3063 916 3112 966 οἱ
3141 917 3206 985 τῇ
3236 913 3476 984 τοιαύτῃ
3495 913 3593 978 ἕξει

2010 1004 2072 1058 τὸ
2104 1003 2310 1056 δίκαιον
2341 1003 2666 1073 ὁριζόμενοι.
2711 1001 2852 1067 Ἐγὼ
2880 1003 2937 1057 δὲ
2965 1004 3100 1076 πρὸς
3124 1004 3185 1072 τὸ
3215 1004 3356 1073 ὕψος
3389 1003 3596 1071 βλέπων

2011 1092 2111 1163 τῆς
2144 1093 2292 1158 Θείας
2321 1094 2669 1164 νομοθεσίας,
2712 1093 2876 1146 πλέον
2899 1113 2951 1148 τι
2977 1095 3082 1146 τῶν
3105 1095 3421 1166 εἰρημένων
3449 1096 3507 1146 ἐν
3533 1095 3593 1161 τῇ

2012 1187 2324 1260 δικαιοσύνῃ
2350 1187 2524 1260 ταύτῃ
2552 1189 2786 1241 νοεῖσθαι
2816 1187 3166 1258 στοχάζομαι.
3194 1189 3258 1240 ΕΞ
3283 1186 3396 1257 γὰρ
3429 1185 3600 1245 κοινὸς

2017 1279 2113 1347 μὲν
2147 1278 2280 1348 πρὸς
2311 1281 2489 1331 πᾶσαν
2523 1279 2621 1348 τὴν
2670 1277 3016 1349 ἀνθρωπίνην
3064 1278 3227 1346 φύσιν
3257 1278 3288 1329 ὁ
3335 1277 3602 1345 σωτήριος

2013 1367 2187 1436 λόγος,
2216 1369 2276 1422 ού
2316 1369 2516 1430 παντὸς
2553 1367 2609 1420 δέ
2629 1369 2776 1421 ἐστιν
2810 1367 3096 1437 ἀνθρώπου
3122 1368 3184 1420 τὸ
3211 1369 3272 1420 ὲν
3298 1370 3418 1428 τοῖς
3448 1367 3602 1434 εἰρη-

2017 1460 2199 1529 μένοις
2227 1455 2365 1512 εἷναι
2417 1459 2637 1527 (ὀλίγων
2675 1461 2782 1529 γὰρ
2819 1458 2880 1510 τὸ
2922 1457 3247 1527 βασιλεύειν,
3285 1458 3346 1510 τὸ
3389 1459 3601 1526 ἄρχειν,

2013 1552 2074 1605 τὸ
2095 1551 2350 1616 δικάζειν,
2381 1551 2442 1604 τὺ
2468 1553 2524 1603 ὲν
2553 1551 2770 1622 ἐξουσίᾳ
2810 1551 3128 1620 χρημάτων,
3172 1551 3205 1620 ἦ
3242 1567 3394 1611 τινος
3437 1548 3605 1616 ἄλλης

2015 1643 2322 1712 οἰκονομίας
2346 1642 2618 1710 γενέσθαιο
2645 1642 2707 1695 τὸ
2737 1642 2793 1694 δὲ
2821 1640 3020 1711 πλῆθος
3043 1642 3100 1692 ὲν
3129 1644 3238 1704 τοῖς
3267 1639 3605 1710 ὑποχειρίοις

2014 1751 2074 1787 τε
2108 1733 2201 1786 καὶ
2255 1731 2724 1801 οὶκονομουμένοις
2755 1731 2957 1799 ὲστίν)’
2993 1731 3110 1794 πῶς
3155 1731 3218 1784 ἄν
3264 1747 3352 1791 τις
3391 1729 3606 1793 δέξαιτο

333 1821 400 1874 ad
454 1836 669 1876 omnem
721 1821 1016 1874 humanam
1059 1821 1292 1890 pertinet
1340 1829 1589 1874 naturam
1617 1838 1630 1873 :
1657 1835 1766 1874 non

2161 1821 2332 1893 ἀληθῆ
2381 1820 2726 1891 δικαιοσύνην
2773 1820 2988 1889 ἐκείνην
3029 1815 3189 1879 εἶναι,
3239 1819 3274 1886 ἣ
3337 1818 3416 1887 μὴ
3470 1819 3604 1867 πᾶσι

330 1912 509 1980 jusvis
549 1920 730 1968 autem
761 1913 998 1968 hominis
1028 1921 1134 1979 est,
1187 1913 1243 1966 in
1277 1913 1364 1977 iis,
1408 1928 1528 1982 qua:
1563 1911 1725 1967 modo
1765 1912 1910 1967 dicta

333 2013 483 2070 sunt,
514 2005 705 2060 olliciis
739 2020 803 2060 ac
847 2004 1169 2061 muneribus
1190 2005 1458 2061 obeundis
1502 2004 1710 2060 versari
1750 2004 1910 2075 (pau-

336 2111 524 2149 corum
570 2096 716 2150 enim
767 2103 852 2150 est
893 2110 1145 2164 regnare,
1179 2109 1433 2165 praeesse,
1482 2095 1775 2165 imperare,
1819 2094 1912 2164 jus

335 2185 540 2244 dicere,
577 2192 899 2255 potestatem
937 2184 1292 2253 pecuniarum
1327 2183 1908 2248 administrandarum,

338 2284 432 2328 aut
462 2278 688 2330 alterius
721 2277 796 2331 rei
822 2276 1144 2346 cujusquam
1177 2276 1643 2344 dispensationem
1675 2275 1910 2330 habere:

342 2366 632 2420 multitudo
665 2382 794 2420 vero
827 2382 891 2420 ac
922 2368 1115 2437 vulgus
1153 2367 1209 2422 in
1242 2383 1470 2434 numero
1493 2367 1835 2423 subditorum
1860 2375 1914 2422 et

340 2472 526 2510 eorum
561 2458 654 2528 qui
686 2466 970 2526 reguntur,
1028 2463 1201 2528 sunt),
1241 2460 1515 2528 quomodo
1570 2459 1771 2529 aliquis
1818 2457 1915 2512 ad-

342 2551 560 2602 mittere
609 2556 662 2602 et
702 2549 956 2603 assentiri
1003 2550 1195 2618 possit,
1228 2565 1413 2604 veram
1459 2528 1734 2618 justitiam
1787 2564 1912 2605 esse

341 2640 512 2702 illam,
539 2640 696 2709 cujus
727 2655 836 2694 non
875 2641 1101 2710 aequalis
1127 2654 1191 2693 ac
1218 2655 1316 2710 par
1343 2640 1586 2695 conditio
1623 2641 1772 2694 omni
1813 2655 1914 2694 na-

340 2741 476 2787 turae
520 2732 798 2801 proposita
841 2735 962 2788 est?
989 2733 1122 2790 Nam
1176 2735 1221 2791 si
1248 2735 1451 2803 justus,
1495 2739 1660 2800 prout
1698 2732 1918 2788 tradunt

341 2821 642 2890 disciplina:
711 2814 1038 2891 sapientium
1098 2832 1481 2886 externorum,
1554 2823 1916 2893 aequalitatem

342 2911 448 2966 sibi
499 2912 834 2980 propositam
875 2911 1058 2976 habet,
1099 2913 1167 2967 ad
1199 2929 1362 2983 quam
1418 2913 1760 2981 potissimum
1796 2930 1918 2983 spe-

342 3009 452 3056 ctet
486 3021 499 3056 :
543 3002 864 3056 excellentia
895 3011 1076 3057 autem
1102 3019 1168 3056 ac
1208 3003 1448 3074 dignitas
1495 3003 1915 3072 inaequalitatem

342 3095 399 3148 in
447 3109 506 3148 se
550 3095 833 3147 continet:
864 3109 973 3148 non
1028 3101 1211 3164 potest
1257 3095 1488 3164 justitia:
1525 3096 1735 3150 reddita
1776 3095 1918 3150 ratio

2014 1910 2296 1983 πρόκειται
2322 1910 2598 1980 ὁμοτίμως
2637 1911 2703 1979 τῇ
2751 1907 2942 1976 φύσει;
2978 1908 3040 1961 ΕΞ
3073 1909 3177 1979 γὰρ
3224 1907 3252 1958 ὁ
3289 1905 3503 1968 σκοπὸς
3532 1905 3606 1974 τῷ

2011 2003 2204 2072 δικαίῳ
2229 2001 2368 2056 κατά
2409 2003 2534 2066 τοὺς
2563 2001 2760 2068 ἔξωθεν
2788 2000 2982 2069 λόγους
3007 2000 3068 2053 τὸ
3103 2000 3214 2053 ἴσον
3263 1999 3419 2051 ἐστίν
3437 2015 3452 2028 ·
3490 1999 3525 2066 ἡ
3554 1997 3606 2047 δὲ

2013 2095 2254 2166 ὑπεροχὴ
2301 2095 2362 2146 τὸ
2404 2095 2587 2149 ἄνισον
2632 2093 2766 2164 ἔχει·
2796 2095 2896 2146 οὐκ
2935 2092 3049 2145 ἔστι
3082 2093 3172 2145 τὸν
3201 2089 3607 2158 ἀποδεδομένον

2012 2188 2110 2257 τῆς
2132 2186 2473 2255 δικαιοσύνης
2501 2185 2656 2254 λόγον
2683 2184 2858 2254 ἀληθῆ
2889 2183 3129 2255 νομίσαι,
3161 2182 3324 2244 εὐθὺς
3351 2180 3435 2250 τῷ
3466 2179 3606 2232 κατὰ

2013 2277 2103 2330 τὸν
2132 2276 2243 2347 βίον
2279 2277 2448 2346 ἀνίσῳ
2478 2275 2905 2346 διελεγχόμενον.
2957 2275 3052 2338 Τίς
3090 2270 3181 2328 οὖν
3213 2276 3246 2344 ὴ
3277 2271 3605 2336 δικαιοσύνη

2015 2369 2047 2437 ἡ
2075 2368 2154 2430 είς
2187 2369 2392 2429 πάντας
2430 2365 2736 2435 φθάνουσα;
2769 2361 2879 2430 Ἶις
2917 2368 2950 2435 ἡ
2981 2364 3246 2434 ἐπιθυμία
3277 2364 3442 2434 κοινὴ
3476 2364 3606 2433 πρό-

2016 2475 2190 2511 κειται
2215 2458 2380 2511 παντὶ
2426 2456 2502 2527 τῷ
2555 2456 2695 2509 κατά
2750 2457 2850 2526 τὴν
2898 2454 3258 2525 εὐαγγελικὴν
3323 2453 3608 2524 τράπεζαν

2019 2547 2265 2616 βλέποντι
2285 2563 2298 2576 '
2347 2547 2450 2599 κᾶν
2478 2546 2731 2610 πλούσιός
2763 2563 2846 2608 τις
2879 2541 2934 2617 ᾖ,
2978 2545 3082 2599 κᾶν
3111 2545 3279 2614 πένης
3301 2585 3316 2607 ,
3352 2543 3466 2596 κᾶν
3493 2544 3610 2597 δου-

2017 2639 2166 2710 λεύῃ,
2196 2637 2299 2691 κᾶν
2325 2637 2572 2708 κυριεύῃ,
2605 2638 2706 2690 κᾶν
2753 2635 3087 2707 εὐπατρίδης
3106 2676 3120 2699 ,
3150 2635 3253 2688 κᾶν
3280 2635 3609 2704 ἀργυρώνη-

2019 2747 2138 2793 τος,
2200 2728 2454 2798 οὐδεμιᾶς
2510 2727 2918 2799 περιστάσεως,
2983 2725 3108 2779 ούτε
3163 2724 3607 2796 πλεοναζούσης,

2017 2819 2138 2872 ούτε
2163 2818 2592 2890 ὑποστελλούσης
2623 2818 2716 2872 τοῦ
2744 2819 2952 2872 δικαίου
2980 2818 3071 2871 τὸν
3108 2817 3284 2884 λόγον.
3324 2818 3387 2870 Et
3420 2819 3534 2886 γὰρ
3558 2821 3610 2869 ὲν

2022 2912 2165 2980 μόνῳ
2195 2909 2273 2980 τῷ
2297 2911 2587 2981 προήκοντι
2619 2913 2737 2963 κατ’
2767 2910 3012 2974 ἐξουσίαν
3037 2908 3157 2962 τινά
3187 2909 3282 2961 καὶ
3315 2909 3605 2977 ὑπεροχὴν

2016 3001 2078 3054 τὸ
2097 3000 2335 3054 τοιοῦτον
2387 3002 2724 3072 εὑρίσκοιτο·
2779 3001 2895 3064 πῶς
2940 3001 3146 3062 δίκαιος
3194 3002 3224 3051 ὁ
3271 2998 3353 3069 τῷ
3398 2999 3613 3050 πυλῶνι

2018 3091 2112 3144 τοῦ
2151 3091 2405 3145 πλουσίου
2459 3093 2906 3163 παρερῤιμμένος
2947 3091 3226 3161 Λάζαρος,
3260 3092 3290 3143 ὁ
3334 3089 3616 3159 μηδεμίαν

345 3182 702 3253 deﬁnitioque
742 3197 872 3236 vera
919 3183 1248 3252 existimari,
1301 3184 1505 3254 quippe
1551 3199 1676 3238 cum
1732 3193 1821 3240 sta‘

2139 3202 2150 3236 ρ
2172 3185 2306 3254 πρὸς
2330 3185 2428 3254 τὴν
2448 3183 2706 3254 τοιαύτην
2726 3183 3071 3252 δικαιοσύνην
3096 3181 3254 3251 ἔχων,
3279 3182 3381 3233 οὐκ
3413 3180 3615 3251 ἀρχὴν,

343 3273 710 3344 inaequalitate
752 3273 876 3326 vita:
935 3273 1248 3328 communis
1314 3273 1611 3328 refellatur.
1661 3273 1792 3340 Qua:
1835 3283 1921 3330 est

345 3365 510 3435 igitur
545 3365 636 3418 illa
666 3364 903 3433 justitia,
948 3380 1070 3434 quae
1109 3365 1177 3419 ad
1211 3380 1404 3420 omnes
1447 3367 1718 3436 pertinet?
1762 3367 1921 3436 cujus

345 3455 620 3526 appetitus
651 3456 828 3512 cuivis
858 3456 926 3511 ad
963 3457 1330 3526 evangelicam
1378 3472 1622 3511 mensam
1657 3459 1921 3526 spectanti

344 3549 655 3602 communis
685 3549 1002 3618 propositus
1035 3559 1119 3604 est
1147 3567 1160 3601 :
1194 3549 1307 3604 sive
1346 3549 1471 3618 quis
1499 3548 1653 3606 dives
1681 3552 1772 3615 sit,
1808 3552 1923 3605 sive

344 3653 571 3710 pauper,
605 3639 719 3694 sive
748 3654 964 3704 servus,
1008 3640 1124 3695 sive
1153 3639 1433 3704 dominus,
1476 3640 1592 3695 sive
1637 3640 1922 3708 patricius,

346 3732 464 3784 sive
487 3731 716 3800 pecunia
747 3737 1122 3800 comparatus,
1144 3731 1292 3784 nulla
1312 3729 1552 3794 fortuna,
1581 3731 1730 3784 nullo
1755 3739 1921 3796 statu,

347 3821 499 3874 nulla
553 3819 889 3881 conditione,
939 3819 1089 3872 nulla
1133 3818 1546 3873 circumstantia
1599 3833 1774 3886 neque
1822 3833 1923 3872 au-

347 3915 507 3981 gente
548 3923 723 3977 neque
748 3907 1087 3961 diminuente
1099 3905 1235 3976 justi
1272 3905 1666 3960 deﬁnitionem.
1699 3904 1834 3959 Nam
1876 3907 1922 3962 si

349 4001 400 4054 id
435 4000 490 4054 in
525 4015 591 4054 eo
628 3999 768 4064 solo,
806 3998 899 4067 qui
930 4006 1197 4067 potestate
1240 3997 1424 4067 aliqua
1469 4005 1634 4068 atque
1656 3997 1951 4068 dignitate_

349 4102 577 4147 caeteros
608 4089 886 4160 praecedit,
933 4089 1237 4157 reperiatur
1264 4108 1278 4142 :
1309 4090 1584 4158 quomodo
1608 4089 1794 4159 justus
1817 4090 1922 4145 erit

351 4183 443 4236 ille
487 4181 554 4235 ad
600 4179 928 4237 vestibulum
979 4178 1166 4234 divitis
1211 4179 1458 4248 abjectus
1508 4177 1784 4244 Lazarus,
1829 4181 1923 4250 qui

2017 3274 2116 3326 οὐκ
2141 3274 2410 3339 ἐξουσίαν,
2430 3274 2529 3327 ούκ
2552 3270 2718 3337 οἶκον,
2745 3274 2804 3326 οὐ
2831 3272 3130 3344 τράπεζαν,
3153 3272 3252 3324 ούκ
3273 3271 3452 3338 ἄλλην
3482 3272 3608 3323 τινὰ

2019 3367 2156 3436 πρὸς
2181 3366 2272 3418 τὸν
2303 3367 2415 3436 βίον
2443 3365 2822 3436 παρασκευὴν,
2858 3366 2923 3418 δι’
2949 3360 3020 3436 ἦς
3058 3363 3168 3417 ἔστι
3203 3363 3306 3434 τὴν
3332 3361 3622 3416 δικαιοσύ-

2019 3473 2117 3524 νην
2139 3454 2353 3526 ἐκείνην
2381 3455 2746 3527 ὲργάζεσθαις
2776 3457 2838 3508 Εἰ
2861 3455 2969 3525 γὰρ
2997 3455 3055 3506 ὲν
3080 3451 3156 3522 τῷ
3186 3453 3399 3523 ἄρχειν,
3429 3452 3465 3521 ἦ
3501 3452 3620 3505 δια-

2020 3546 2226 3615 νέμειν,
2259 3546 2294 3616 ἦ
2323 3565 2376 3599 τι
2408 3547 2544 3610 ὅλως
2575 3549 2876 3617 οἰκονομεῖν
2905 3545 2966 3598 τὸ
2998 3544 3204 3598 δίκαιόν
3246 3545 3398 3595 ἐστιν
3432 3539 3583 3595 εἶναι
3604 3583 3617 3603 ,

2020 3640 2050 3690 ὁ
2077 3639 2150 3708 μὴ
2181 3637 2257 3691 ὢν
2302 3639 2360 3692 ἐν
2398 3640 2654 3702 ἐκείνοις,
2685 3637 2789 3702 ἔξω
2822 3637 2916 3690 τοῦ
2949 3636 3157 3689 δικαίου
3187 3635 3410 3696 πάντως
3439 3635 3616 3687 ἐστίν.

2023 3730 2146 3792 Πῶς
2183 3723 2276 3782 οὖν
2305 3728 2546 3793 ἀξιοῦται
2586 3731 2683 3800 τῆς
2712 3729 3072 3792 ἀναπαύσεως
3099 3729 3126 3780 ὁ
3156 3727 3322 3797 μηδὲν
3356 3727 3619 3796 ἐσχηκὼς

2019 3820 2246 3885 τούτων,
2293 3820 2359 3873 δι’
2393 3815 2530 3891 ὧνή
2571 3820 2885 3890 δικαιοσύνη
2930 3819 3072 3872 κατὰ
3107 3819 3195 3871 τὸν
3244 3817 3354 3869 τῶν
3402 3817 3623 3871 πολλῶν

2019 3912 2174 3980 λόγον
2205 3913 2684 3983 χαρακτηρίζεται.
2711 3911 2916 3966 Ούκοῦν
2939 3910 3176 3981 ζητητέα
3198 3911 3330 3979 ἡμῖν
3352 3910 3387 3979 ὴ
3410 3909 3622 3961 δικαιο-

2027 4004 2158 4074 σύνη
2207 4002 2426 4072 ἐκείνη,
2480 3998 2547 4073 ἧς
2592 4004 2621 4054 ὁ
2677 4001 3018 4073 ἐπιθυμήσας
3060 4003 3118 4055 ὲν
3169 4000 3483 4070 ἐπαγγελίᾳ.
3524 4001 3622 4069 τὴν

2026 4095 2322 4148 ἀπόλαυσιν
2347 4093 2480 4163 ἔχει.
2505 4093 2792 4160 Μακάριοι
2820 4094 2953 4164 γὰρ,
2983 4094 3166 4164 φησὶν,
3196 4095 3249 4146 οἱ
3286 4091 3622 4158 πεινῶντες

2029 4183 2145 4252 τὴν
2175 4183 2590 4250 δικαιοσύνην·
2619 4181 2705 4235 ὅτι
2729 4182 2900 4236 αὐτοὶ
2925 4181 3474 4250 χορτασθήσονται.

350 4274 555 4328 nullam
582 4271 868 4327 materiam
913 4271 980 4325 ad
1015 4271 1175 4326 talem
1198 4271 1474 4340 justitiam
1522 4273 1777 4336 habebat,
1855 4289 1964 4329 non
2040 4276 2352 4347 imperium,
2383 4291 2491 4330 non
2520 4282 2865 4345 potestatem,
2894 4291 3002 4329 non
3023 4276 3268 4340 domum,
3310 4291 3428 4330 non
3470 4290 3616 4330 men-

349 4382 489 4431 sam,
568 4380 677 4423 non
723 4363 889 4418 alium
920 4363 1230 4434 quempiam
1305 4363 1373 4418 ad
1426 4365 1594 4420 vitam
1651 4375 1994 4435 apparatum,
2036 4383 2132 4438 per
2165 4385 2327 4440 quem
2363 4368 2491 4422 licet
2524 4367 2671 4421 illam
2699 4366 2968 4436 justitiam
3003 4368 3070 4421 ad
3101 4380 3238 4434 opus
3267 4374 3324 4419 et
3358 4365 3620 4420 effectum

351 4463 623 4522 deducere
657 4469 821 4529 atque
869 4461 1296 4529 repraesentare?
1359 4458 1494 4514 Nam
1540 4460 1587 4516 si
1653 4461 1996 4531 imperando,
2041 4472 2134 4518 aut
2205 4462 2615 4528 distribuendo,
2677 4470 2771 4516 aut
2828 4461 3053 4515 omnino
3113 4459 3320 4530 aliquid
3381 4461 3620 4516 admini-

351 4557 575 4612 strando
599 4556 805 4626 justum
841 4570 964 4612 esse
995 4554 1272 4619 consistit,
1337 4556 1428 4624 qui
1497 4556 1550 4610 in
1590 4558 1700 4612 illis
1739 4559 2057 4614 muneribus
2079 4575 2188 4614 non
2217 4568 2492 4625 versatur,
2517 4574 2712 4630 expers
2743 4559 2970 4629 justitiae
2996 4571 3222 4626 prorsus
3290 4565 3400 4610 est.
3468 4556 3618 4624 Quo-

351 4653 517 4708 modo
562 4653 730 4723 igitur
772 4651 1017 4723 requiete
1046 4650 1246 4722 dignus
1275 4651 1511 4706 habetur
1540 4653 1607 4718 is,
1644 4653 1738 4724 qui
1785 4656 1922 4709 nihil
1965 4655 2157 4709 habuit
2190 4670 2403 4721 eorum,
2438 4670 2532 4725 per
2591 4669 2713 4725 quae
2745 4653 2952 4723 justitia
3028 4651 3187 4721 juxta
3213 4652 3362 4721 vulgi
3408 4653 3622 4722 opinio-

352 4762 474 4803 nem
513 4746 865 4816 designatur?
893 4745 1161 4812 Quocirca
1197 4747 1491 4815 quaerenda
1519 4749 1680 4804 nobis
1739 4757 1822 4804 est
1888 4750 1979 4804 illa
2014 4751 2251 4820 justitia,
2306 4749 2468 4819 cujus
2514 4759 2823 4819 compotem
2871 4748 2984 4803 fore
3034 4746 3276 4801 Verbum
3332 4749 3614 4816 promittit

351 4839 526 4898 illum,
567 4837 660 4907 qui
687 4850 807 4891 eam
845 4837 1168 4906 expetiverit
1203 4857 1216 4893 :
1247 4837 1401 4893 Beati
1427 4839 1598 4910 enim,
1623 4841 1820 4911 inquit,
1859 4842 1949 4912 qui
1987 4844 2229 4896 esuriant
2254 4843 2529 4909 justitiam
2559 4857 2576 4894 :
2611 4842 2861 4912 quoniam
2894 4841 2996 4907 ipsi
3019 4838 3443 4893 saturabuntur.

423 4927 606 4983 Multis
637 4942 701 4984 ac
733 4929 898 4983 variis
923 4933 1088 5004 rebus
1131 4929 1293 4984 nobis
1327 4929 1395 4984 ad
1427 4945 1582 4984 usum
1610 4934 1899 5003 propositis

2144 4935 2321 4989 [ολλῶν
2355 4936 2450 4988 καὶ
2485 4932 2841 4986 παντοδαπῶν
2887 4932 3262 5001 προκειμένων
3298 4931 3382 4993 εἰς
3436 4947 3620 5000 μετου·

355 5021 560 5091 quibus
609 5022 869 5087 aﬁicitur,
927 5037 1157 5091 quaeque
1208 5023 1414 5092 appetit
1471 5032 1699 5090 natura,
1760 5043 1831 5082 mt

2144 5045 2174 5092 ι,
2205 5028 2290 5096 ἐφ’
2320 5028 2406 5097 ἃή
2447 5025 2761 5096 ἀνθρωπίνη
2792 5022 2951 5091 φύσις
2981 5023 3078 5090 τὴν
3108 5022 3413 5092 ὁρεκτικὴν
3450 5023 3620 5093 ὁρμὴν

353 5110 517 5165 nobis
555 5125 694 5179 Opus
725 5119 808 5166 est
834 5111 1085 5176 scientia,
1121 5123 1179 5167 ut
1211 5115 1368 5169 nobis
1398 5116 1452 5170 in
1477 5115 1746 5185 ejusmodi
1772 5133 1829 5175 es

2148 5159 2162 5181 ,
2208 5117 2407 5187 πολλῆς
2448 5119 2580 5187 ἡμῖν
2609 5115 2765 5186 χρεία
2795 5115 2894 5184 τῆς
2924 5113 3233 5182 ἐπιστήμης
3259 5151 3276 5174 ,
3312 5112 3468 5164 ὥστε
3495 5115 3620 5182 ἡμῖν

356 5201 524 5256 lentis
555 5201 956 5267 discernamus,
991 5202 1134 5272 quod
1169 5205 1396 5272 nutriat,
1429 5209 1574 5276 quod
1609 5219 1826 5272 noceat,

2140 5210 2318 5281 ιρίνειν
2347 5211 2404 5260 ὲν
2436 5211 2548 5270 τοῖς
2572 5205 2830 5268 τοιούτοις
2857 5203 3136 5272 ὲδωδίμοις
3163 5202 3221 5254 τὸ
3249 5203 3534 5273 τρόφιμον
3567 5219 3616 5254 τε

358 5293 435 5356 id,
475 5293 622 5362 quod
680 5295 1002 5354 nutrimenti
1053 5297 1174 5350 loco
1225 5298 1329 5353 sibi
1379 5300 1448 5355 ab
1495 5301 1676 5355 anima
1724 5317 1834 5356 εδει

2152 5301 2504 5371 δηλητήριον,
2549 5298 2624 5359 ὡς
2648 5296 2712 5349 ἂν
2753 5296 2826 5366 μὴ
2857 5297 2918 5348 τὸ
2950 5293 3138 5348 δοκοῦν
3171 5293 3283 5346 ὑπὸ
3314 5295 3422 5364 τῆς
3448 5295 3620 5364 ψυχῆς

360 5382 597 5447 videtur,
637 5399 735 5454 pro
764 5387 873 5439 vita
921 5397 1151 5442 mortem
1189 5391 1349 5445 nobis
1377 5397 1430 5446 et
1479 5401 1686 5461 pestem
1717 5392 1932 5448 etﬁciat.

361 5470 613 5525 Forsitan
665 5484 846 5530 autem
896 5492 1007 5532 non
1054 5479 1495 5552 intempestivum
1543 5499 1645 5539 nec
1696 5487 1934 5540 alienum

359 5559 545 5623 fuerit,
587 5575 681 5628 per
723 5566 881 5618 aliam
928 5569 1220 5635 quamdam
1268 5573 1632 5640 evangelicam
1682 5576 1940 5644 quaestio-

2033 5394 2091 5447 έν
2136 5395 2340 5463 τροφῆς
2397 5391 2550 5461 μέρει
2597 5387 3160 5461 παραλαμϐάνεσθαι,
3204 5386 3449 5440 θάνατον
3497 5389 3619 5455 ἡμῖν

2035 5484 2126 5536 καὶ
2153 5481 2446 5552 διαφθορὰν
2469 5481 2588 5534 ἀντὶ
2610 5480 2708 5549 τῆς
2735 5480 2879 5549 ζωῆς
2909 5479 3275 5548 ὲνεργήσειεν.
3315 5479 3438 5530 υύκ
3467 5479 3619 5530 iiut-

2037 5591 2127 5645 ρον
2159 5575 2215 5626 δὲ
2250 5575 2376 5638 ἴσως
2399 5613 2412 5636 ,
2442 5573 2531 5625 διά
2559 5589 2702 5635 τινος
2744 5572 2930 5640 ἑτέρου
2965 5569 3071 5622 τῶν
3097 5568 3240 5621 κατά
3273 5568 3336 5620 τὺ
3373 5569 3614 5636 Εὐαγγέ-

362 5665 488 5706 nem
553 5650 716 5720 hujus
775 5654 905 5708 dicti
984 5661 1307 5713 sententiam
1361 5662 1699 5733 distinguere
1775 5677 1838 5718 an

2136 5685 2144 5712 ι
2195 5665 2557 5736 ζητουμένων,
2592 5663 2690 5734 τὴν
2726 5663 2852 5731 περὶ
2889 5660 3080 5713 τούτου
3110 5659 3461 5729 διαρθρῶσιι
3512 5659 3612 5711 διᾶ-

367 5741 682 5807 explanare.
730 5740 834 5808 Qui
881 5760 975 5811 per
1026 5749 1208 5804 omnia
1253 5767 1595 5810 communem
1648 5757 1933 5813 nobiscum

2034 5773 2203 5811 νοιαν.
2250 5757 2306 5808 ’0
2342 5757 2480 5809 κατά
2513 5755 2691 5808 πάντα
2724 5754 3054 5823 κοινωνήσας
3084 5754 3212 5822 ἡμῖν
3245 5755 3424 5824 χωρὶς
3450 5755 3610 5821 ἀμαρ-
