3738 5984
83 272 113 324 1
133 275 258 329 9.77

1173 284 1264 338 DE
1296 285 2195 379 BEATITUDINIBUS..ORATIO
2229 294 2315 348 IV.

3245 304 3266 352 l
3278 301 3380 354 “258

77 392 259 459 τεας,
293 395 385 448 καὶ
418 396 819 468 συμμετασχὼν
842 400 974 470 ἡμῖν
1003 401 1113 454 τῶν
1138 404 1320 458 αὐτῶν
1344 407 1553 479 παθημι

1901 427 2065 465 Luram
2109 413 2299 467 habuit
2331 419 2557 481 excepto
2591 420 2836 481 peccato,
2875 420 3034 484 atque
3063 418 3377 472 eorumdem

77 486 212 556 τὴν
247 488 438 541 πεῖναν
467 488 567 540 οὐκ
594 486 804 559 ἔκρινεν
835 492 1129 561 ἁμαρτίαν,
1157 496 1277 548 οὐδὲ
1321 498 1579 554 ἀπώσατο
1604 503 1699 573 τῆς

82 575 312 629 ἑαυτοῦ
341 577 534 647 πείρας
563 578 623 630 τὸ
647 581 768 631 κατ’
796 581 966 652 αὐτὴν
987 582 1179 648 πάθος,
1213 587 1326 640 ἀλλ’
1356 588 1572 652 ἐδέξατο
1601 593 1699 662 τὴν

81 667 409 737 ὀρεκτικὴν
437 668 613 739 ὁρμὴν
639 669 740 740 τῆς
779 671 995 741 φύσεως
1023 675 1123 744 τὴν
1173 677 1268 730 ἐπὶ
1305 682 1364 750 τῇ
1401 685 1572 752 τροφῇ
1610 699 1697 750 γι·-

85 758 372 828 νομένην.
420 760 701 823 Ἀπὸσιτος
735 761 844 832 γὰρ
870 766 1280 836 τεσσαράκοντα
1329 771 1551 842 ἡμερῶν
1581 774 1698 826 δια-

92 849 332 918 μείνας,
366 849 589 921 ὖστερον
618 851 906 908 ἐπείνασεν
925 871 938 884 ·
981 855 1148 910 ἔδωκε
1179 859 1288 930 γὰρ
1331 861 1420 914 ὅτε
1449 863 1700 918 ἐϐούλετο

87 942 176 1010 τῇ
214 941 377 1010 φύσει
407 942 599 1013 καιρὸν
633 943 702 996 τά
746 945 946 1016 ἑαυτῆς
991 947 1305 1019 ἐνεργῆσαι.
1361 952 1499 1005 Ἀλλ’
1533 955 1561 1006 ὁ
1591 955 1700 1009 τῶν

92 1032 445 1103 πειρασμῶν
472 1033 702 1106 εὑρετὴς
726 1073 740 1097 ,
768 1035 857 1088 ὅτε
879 1036 1022 1105 ἔγνω
1052 1039 1113 1090 τὸ
1148 1041 1290 1095 κατὰ
1312 1044 1500 1096 πεῖναν
1530 1044 1701 1110 πάθος

91 1123 208 1174 καὶ
245 1125 302 1176 ὲν
349 1125 544 1195 ἐκείνῳ
585 1127 910 1197 γενόμενον,
969 1131 1353 1186 συνεϐούλευσε
1397 1134 1565 1199 λίθοις
1604 1138 1702 1206 τὴν

89 1214 296 1284 ὄρεξιν
343 1215 732 1280 δεξιώσασθαι’
767 1220 924 1275 τοῦτο
959 1223 1017 1276 δέ
1047 1225 1161 1276 ἐστι
1185 1263 1201 1290 ,
1252 1225 1312 1278 τὸ
1357 1228 1701 1298 παρατρέψαι

90 1305 212 1374 τὴν
240 1304 537 1376 ἐπιθυμίαν
568 1310 632 1360 ὲκ
660 1309 756 1380 τῆς
789 1310 930 1364 κατά
960 1312 1121 1381 φύσιν
1149 1315 1353 1385 τροφῆς
1383 1317 1476 1369 ἐπὶ
1504 1317 1572 1370 τά
1597 1317 1702 1383 ἔξω

90 1397 211 1466 τῆς
242 1396 479 1464 φύσεως.
518 1399 667 1452 Εἰπὲ
710 1399 838 1470 γὰρ,
870 1403 1054 1471 φησὶν,
1096 1403 1198 1458 ἵνα
1241 1407 1296 1458 οἱ
1340 1407 1496 1459 λίθοι
1539 1402 1703 1462 οὗτοι

93 1488 282 1554 ἄρτοι
317 1488 618 1558 γένωνται.
661 1490 726 1542 Τί
755 1491 862 1563 γάρ
889 1493 1200 1566 ήδίκησενή
1230 1497 1508 1566 γεωργία;
1546 1499 1701 1562 Τίνος

93 1578 163 1630 δὲ
195 1579 362 1650 χάριν
391 1579 685 1651 ἐϐδελύχθη
718 1581 788 1634 τὰ
831 1583 1121 1654 σπέρματα
1142 1626 1156 1650 ,
1198 1586 1273 1650 ὡς
1298 1589 1398 1657 τὴν
1441 1589 1551 1642 ἀπὸ
1577 1589 1701 1643 τού-

97 1685 220 1719 των
256 1669 626 1740 ἀτιμασθῆναι
656 1674 898 1742 τροφήν;
935 1675 998 1726 Τί
1041 1675 1097 1728 δὲ
1150 1679 1618 1746 καταγινώσκεται
1666 1684 1698 1753 ἡ

1801 505 2086 559 nobiscum
2147 505 2458 566 affectuum,
2510 503 2978 559 incommodorum
3021 515 3073 559 et
3131 506 3381 563 amictioe

1801 609 1928 647 num
1969 594 2239 664 particeps
2273 593 2394 655 iuit,
2427 592 2624 647 famem
2667 608 2775 646 non
2798 591 3064 661 judicavit
3093 609 3215 648 esse
3256 609 3381 663 pec-

1800 693 2011 750 catum,
2060 700 2238 754 neque
2289 685 2408 754 ejus
2461 682 2792 738 incommodi
2844 683 3147 752 periculum
3201 683 3381 737 facere

1799 777 2093 840 recusavit,
2132 775 2228 830 sed
2272 774 2522 829 all‘ectum
2565 782 2796 835 natura),
2827 787 2934 842 quo
2965 772 3123 826 cibus
3166 773 3378 841 appeti-

1800 872 1909 929 tur,
1964 865 2182 919 admisit
2233 873 2399 933 atque
2447 864 2707 932 suscepit.
2750 862 2888 918 Cum
2939 862 3086 918 enim
3140 862 3378 932 quadra-

1799 957 1952 1028 ginta
2009 956 2129 1011 dies
2179 955 2404 1024 jejunus
2450 954 2865 1022 permansisset,
2897 960 3087 1022 postea
3137 952 3376 1007 esuriit:

1799 1047 1950 1101 dedit
1999 1047 2167 1109 enim,
2220 1043 2441 1114 quando
2493 1042 2728 1107 volebat,
2779 1043 3126 1097 occasionem
3170 1050 3379 1095 natura:

1799 1135 1978 1191 otlicio
2033 1149 2134 1190 suo
2189 1132 2469 1201 fungendi.
2525 1130 2635 1186 Sed
2683 1130 3046 1185 tentationum
3104 1131 3377 1194 inventor,

1799 1241 1924 1279 cum
1953 1223 2220 1280 intellexit
2246 1221 2498 1276 allectum
2531 1218 2693 1273 famis
2714 1219 2876 1274 etiam
2911 1218 3064 1272 illum
3090 1217 3375 1280 invasisse,

1800 1315 2097 1378 consuluit,
2145 1320 2204 1367 ut
2249 1311 2524 1381 lapidibus
2581 1310 2858 1378 exciperet
2900 1308 3198 1378 appetitum
3230 1327 3243 1362 :
3275 1307 3380 1362 hoc

1801 1418 1982 1462 autem
2037 1413 2120 1461 est
2164 1409 2477 1474 pervertere
2530 1417 2596 1456 ac
2629 1401 2956 1469 detorquere
3007 1400 3303 1468 appetitum
3348 1414 3380 1451 a

1800 1495 2037 1550 naturali
2074 1494 2198 1549 cibo
2231 1492 2297 1546 ad
2321 1508 2408 1555 ea,
2439 1506 2562 1561 quae
2600 1505 2630 1543 a
2670 1497 2866 1543 natura
2899 1489 3073 1542 aliena
3105 1499 3253 1542 sunt.
3285 1487 3382 1540 Dic

1799 1587 1964 1650 enim,
2001 1584 2215 1654 inquit,
2254 1591 2312 1634 ut
2353 1580 2556 1649 lapides
2590 1579 2642 1632 hi
2675 1593 2834 1646 panes
2863 1577 3018 1646 ﬁant.
3052 1575 3193 1642 Quid
3235 1577 3380 1631 enim

1801 1673 2048 1744 peccavit
2095 1670 2467 1742 agricultura?
2496 1669 2657 1739 cujus
2705 1667 2786 1721 rei
2834 1667 3007 1737 gratia
3049 1674 3383 1736 respuuntur

94 1756 206 1808 τοῦ
223 1760 572 1830 Δημιουργοῦ
612 1760 792 1828 σοφία,
817 1763 892 1826 ὡς
922 1764 981 1816 ού
1013 1765 1242 1830 δεόντως
1274 1768 1362 1823 διὰ
1392 1771 1500 1823 τῶν
1530 1789 1570 1824 σι

1907 1763 2032 1826 tina,
2067 1770 2128 1816 ut
2164 1761 2323 1815 cibus
2352 1775 2419 1814 ex
2452 1758 2520 1814 iis
2565 1755 2848 1812 confectus
2880 1754 3246 1825 reprobetur?
3283 1770 3383 1809 cur

101 1848 309 1917 μάτων
349 1849 409 1900 τὸ
439 1849 780 1921 ἀνθρώπινον
821 1853 1130 1924 τρέφουσα;
1164 1857 1228 1909 Et
1263 1859 1370 1930 γὰρ
1399 1863 1426 1912 ὁ
1451 1860 1595 1925 λίθος
1621 1864 1701 1927 είς

96 1936 321 2007 τροφὴν
351 1937 679 2010 οἰκειότερος
704 1939 798 1993 νῦν
833 1943 1188 2010 ἀναφαίνεται
1214 1961 1229 1977 ο
1261 1947 1368 2016 ἄρα
1401 1952 1500 2019 τῆς
1545 1951 1700 2018 δεούέ

99 2045 215 2096 σης
249 2027 381 2099 περὶ
423 2029 520 2100 τὴν
567 2029 913 2101 ἀνθρωπίνην
952 2031 1096 2104 ζωὴν
1145 2039 1487 2108 προμηθείας
1524 2044 1556 2111 ἡ
1604 2043 1699 2096 τοῦ

97 2120 249 2174 ε’εοῦ
278 2123 440 2190 σοφία
465 2123 780 2193 διήμαρτεν.
803 2127 950 2178 Εἰπὲ
973 2128 1067 2180 ἵνα
1091 2131 1145 2182 οἱ
1167 2131 1325 2186 λίθοι
1350 2128 1514 2188 οὗτοι
1535 2135 1701 2203 ἄρτοι

97 2212 422 2281 γένωνται.
455 2214 638 2267 Ταῦτα
669 2215 817 2283 λέγει
853 2217 1016 2288 μέχρι
1045 2218 1136 2272 τοῦ
1163 2219 1256 2275 νῦν
1305 2224 1414 2286 τοῖς
1448 2224 1551 2276 ὑπὸ
1598 2225 1699 2295 τῆς

103 2306 254 2367 ἰδίας
305 2305 720 2378 πειραζομένοις
752 2309 987 2381 ὀρέξεως
1006 2351 1020 2375 ,
1053 2311 1146 2364 καὶ
1180 2311 1353 2380 λέγων
1374 2353 1388 2376 ,
1415 2313 1490 2375 ὡς
1521 2316 1700 2370 ἐπιτο-

99 2397 252 2450 πολὺ
285 2399 460 2452 πείθει
494 2401 586 2453 ἐπί
612 2401 1188 2458 λίθων-σιτοποιεῖσθαι
1213 2406 1340 2470 τοὺς
1370 2408 1507 2477 πρὸς
1535 2409 1698 2461 αὐτὸν

100 2489 432 2558 βλέποντας.
459 2491 625 2546 Ὅταν
647 2492 756 2563 γὰρ
772 2493 997 2568 ἐκϐαίνῃ
1023 2497 1149 2559 τοὺς
1174 2497 1506 2565 ἀναγκαίους
1538 2499 1697 2570 ὅρους

99 2583 210 2652 τῆς
236 2583 428 2652 χρείας
468 2585 501 2654 ἡ
535 2582 732 2654 ὄρεξις,
768 2586 821 2639 τί
856 2586 985 2639 ἄλλο
1025 2587 1120 2640 καὶ
1145 2587 1266 2657 οὐχ).
1306 2589 1552 2642 διαϐόλου
1578 2592 1697 2644 ἐστὶ

103 2674 426 2745 συμϐουλὴ,
459 2675 553 2728 τοῦ
586 2675 708 2729 τότε
747 2676 844 2748 τὴν
878 2679 942 2730 ἐκ
975 2679 1304 2749 σπερμάτων
1341 2698 1697 2752 παραγραφο-

105 2766 280 2837 μένου
321 2765 545 2837 τροφὴν,
578 2767 672 2819 καὶ
702 2768 793 2821 ἐπὶ
834 2768 903 2822 τά
947 2768 1052 2833 ἔξω
1080 2770 1180 2839 τῆς
1219 2770 1436 2839 φύσεως
1486 2788 1696 2842 προκα-

99 2857 377 2927 λουμένου
409 2859 506 2928 τὴν
525 2858 703 2928 ὄρεξιν
727 2876 741 2924 ;
779 2860 876 2914 Ἐκ
905 2859 1067 2914 λίθων
1091 2861 1380 2926 ἐσθίουσιν,
1408 2863 1455 2914 οί
1479 2863 1569 2915 τὸν
1597 2863 1696 2933 τῆς

103 2950 430 3014 πλεονεξίας
461 2951 625 3021 ἄρτον
655 2951 1074 3022 παρατιθέμενοι
1104 2967 1117 2980 ⁶
1149 2953 1200 3004 οἱ
1229 2953 1330 3016 τὰς
1358 2953 1694 3006 πολυταλάν-

1802 1855 2051 1926 arguitur
2089 1853 2358 1922 sapientia
2407 1849 2710 1911 Creatoris,
2765 1849 2921 1917 quasi
2956 1861 3064 1900 non
3105 1853 3254 1900 recte
3286 1861 3383 1915 per

1803 1948 2013 2002 semina
2039 1959 2212 2014 genus
2247 1943 2546 1996 humanum
2588 1939 2736 1992 alat?
2775 1952 2900 1991 nam
2947 1937 2992 1991 si
3028 1937 3168 2005 lapis
3208 1936 3275 1990 ad
3302 1937 3382 1990 ci-

1800 2037 1930 2091 bum
1963 2034 2142 2104 aptior
2184 2040 2348 2102 atque
2378 2029 2717 2084 commodior
2747 2043 2894 2081 nunc
2927 2035 3175 2096 apparet,
3218 2026 3382 2079 nimi-

1799 2141 1918 2190 rum
1949 2140 1978 2178 a
2009 2123 2194 2179 debita
2225 2120 2568 2193 providentia
2591 2119 2736 2173 circa
2761 2119 2928 2170 vitam
2958 2117 3252 2170 humanam
3287 2115 3378 2171 Dei

1800 2215 2068 2285 sapientia
2117 2212 2409 2268 aberravit.
2452 2209 2551 2262 Dic
2589 2217 2646 2260 ut
2677 2207 2876 2276 lapides
2907 2206 2997 2259 isti
3027 2221 3187 2276 partes
3223 2205 3378 2273 ﬁant.

1799 2307 1924 2363 llaec
1959 2306 2124 2362 etiam
2175 2319 2324 2359 nunc
2368 2303 2500 2357 dicit
2543 2302 2610 2357 iis
2655 2301 2746 2370 qui
2793 2315 2824 2355 a
2867 2300 3092 2370 proprio
3137 2300 3380 2370 appetitu

1797 2405 2100 2463 tentantur,
2132 2409 2196 2449 ac
2229 2393 2461 2448 dicendo
2482 2393 2820 2462 plerumque,
2853 2406 2969 2456 eos,
2994 2391 3088 2460 qui
3111 2390 3176 2444 ad
3204 2391 3380 2459 ipsum

1799 2496 2065 2558 spectant,
2097 2485 2326 2555 impellit
2377 2490 2436 2537 ut
2469 2498 2500 2538 e
2539 2481 2816 2553 lapidibus
2862 2497 3031 2552 panes
3061 2480 3378 2535 conﬁciant.

1797 2579 1932 2632 Cum
1963 2577 2106 2631 enim
2143 2574 2418 2644 appetitus
2460 2571 2756 2626 necessarii
2795 2585 2929 2625 usus
2966 2570 3101 2624 ﬁnes
3135 2569 3375 2631 excedit,

1797 2668 1928 2738 quid
1957 2667 2010 2722 id
2043 2667 2190 2721 aliud
2225 2665 2327 2720 nisi
2358 2663 2562 2719 diaboli
2614 2671 2746 2716 tunc
2779 2660 3166 2715 calumniantis
3196 2667 3251 2713 et
3291 2674 3380 2714 re-

1792 2758 2035 2829 jicientis
2068 2772 2137 2812 ex
2177 2754 2479 2811 seminibus
2511 2752 2819 2807 confectum
2845 2752 3051 2816 cibum,
3091 2758 3144 2805 et
3179 2751 3244 2805 ad
3280 2766 3369 2814 ea,

1797 2869 1918 2925 quae
1954 2868 1985 2906 a
2015 2861 2211 2906 natura
2261 2849 2438 2902 aliena
2488 2855 2637 2909 sunt,
2674 2845 2969 2915 appetitum
3005 2842 3379 2913 provocantis,

1797 2948 2088 3004 consilium
2149 2944 2265 3000 est?
2328 2941 2404 2997 De
2461 2941 2734 3011 lapidibus
2797 2938 3124 3001 comedunt,
3180 2937 3380 3008 quibus

100 3059 240 3104 τους
271 3041 362 3094 καὶ¹
386 3041 822 3133 φλεγμαινούσας
843 3043 1120 3112 τραπέζας
1150 3044 1361 3107 ἑαυτοῖς
1393 3043 1451 3109 ἐξ
1473 3044 1576 3097 ἀδιι

1905 3039 2008 3094 ldis
2042 3047 2098 3092 et
2126 3035 2369 3090 avaritiae
2398 3033 2556 3102 panis
2588 3030 2884 3100 apponitur
2913 3047 2927 3083 :
2959 3029 3053 3098 qui
3094 3034 3381 3096 sumptuo-

104 3132 494 3202 ὲτοιμάζοντες
513 3147 526 3160 ·
553 3126 627 3186 ὧν
655 3134 686 3202 ἠ
719 3133 1041 3204 παρασκευὴ
1083 3133 1190 3186 τῶν
1217 3134 1468 3198 δείπνων,
1506 3139 1694 3207 πομπή

102 3225 196 3288 τίς
256 3225 372 3276 ἐστι
426 3223 856 3294 μεμηχανημένη
909 3224 1047 3294 πρὸς
1095 3223 1375 3294 ἔκπληξιν,
1431 3225 1535 3290 ἔξω
1585 3227 1694 3280 τῶν

107 3312 428 3381 ἀναγκαίων
474 3315 540 3382 τῇ
575 3310 688 3382 ζωῇ
739 3311 1188 3383 παραπίπτουσα.
1248 3315 1314 3366 Τί
1357 3315 1466 3385 γὰρ
1514 3316 1690 3369 κοινὸν

108 3406 230 3474 ἔχει
262 3406 397 3475 πρὸς
426 3404 524 3474 τὴν
553 3403 650 3474 τῆς
681 3403 896 3472 φύσεως
927 3403 1171 3474 χρείανή
1200 3405 1444 3475 ἄϐρωτος
1477 3406 1577 3478 ὖλη
1602 3407 1694 3460 τοῦ

110 3497 385 3568 ἀργύρου,
421 3497 478 3550 ἐν
506 3496 662 3566 βαρεῖ
682 3513 741 3548 τε
780 3495 873 3548 καὶ
902 3494 1294 3565 δυσϐαστάκτῳ
1329 3496 1694 3568 προτιθεμένη

111 3592 193 3659 τῷ
224 3588 476 3659 σταθμῷ;
512 3589 576 3640 Τί
605 3590 720 3641 ἐστι
744 3587 804 3640 τὸ
832 3587 932 3657 τῆς
959 3587 1150 3658 πείνης
1192 3587 1362 3651 πάθος
1388 3605 1402 3653 ;
1434 3590 1568 3659 Οὐχὶ
1602 3589 1696 3642 τοῦ

113 3681 386 3743 ἐνδέοντος
411 3679 594 3748 ἔφεσις
614 3696 628 3743 ;
649 3678 1109 3749 Διαπνευσθείσης
1137 3678 1245 3748 γὰρ
1267 3679 1367 3747 τῆς
1394 3679 1694 3749 δυνάμεως,

116 3769 281 3823 πάλιν
330 3768 734 3838 ἀναπληροῦται
756 3769 816 3821 τὸ
850 3768 1032 3824 λεῖπον
1075 3771 1142 3839 τῇ
1175 3767 1493 3839 καταλλήλῳ
1522 3787 1692 3840 προσ-

117 3860 283 3932 θήκῃ.
321 3860 517 3930 "Apto;
544 3858 652 3928 γάρ
704 3860 874 3922 ἐστιν,
917 3857 950 3928 ἢ
988 3857 1114 3910 ἄλλο
1161 3876 1212 3910 τι
1255 3857 1361 3910 τῶν
1395 3859 1694 3929 ἐδωδίμων,

116 3939 175 3998 οὗ
209 3947 241 4014 ή
275 3943 436 4012 φύσις
472 3945 704 4014 ἐφίεται.
752 3945 814 3997 Εἰ
846 3940 938 3997 οὖν
965 3962 1049 4008 τις
1081 3947 1422 4016 προσαγάγοι
1470 3947 1697 4018 χρυσίον

116 4039 240 4089 ἀντὶ
261 4036 429 4107 ἄρτου
458 4036 536 4106 τῷ
568 4036 793 4105 στόματι
811 4074 826 4098 ,
853 4031 962 4104 ἆρα
997 4035 1292 4107 θεραπεύει
1319 4037 1418 4108 τὴν
1447 4037 1652 4093 ἔνδειαν
1678 4057 1693 4105 ;

119 4135 288 4185 Ὅταν
320 4125 412 4183 οὖν
444 4129 544 4192 τὰς
577 4127 854 4201 ἀϐρώτους
879 4145 964 4191 τις
997 4127 1129 4192 ὕλας
1155 4129 1260 4200 πρὸ
1289 4131 1396 4184 τῶν
1425 4131 1698 4202 ἐδωδίμων

116 4221 383 4291 ἐπιζητῇ,
419 4220 476 4272 ὲν
503 4219 670 4282 λίθοις
699 4219 956 4289 ἄντικρυς
982 4218 1093 4290 ἕχει
1126 4219 1224 4291 τὴν
1261 4221 1538 4291 ἀσχολίαν,
1571 4222 1699 4277 ἄλλο

116 4310 389 4382 ζητούσης
418 4310 514 4379 τῆς
539 4308 770 4378 φύσεως,
801 4309 857 4362 ἐν
886 4308 1029 4380 ἄλλῳ
1059 4311 1502 4381 καταγινδμενος.
1536 4312 1698 4382 Λέγει

1801 3146 1892 3186 sas
1929 3139 1984 3185 et
2022 3127 2412 3190 redundantes,
2448 3131 2503 3179 et
2554 3122 2778 3192 opipare
2821 3127 3063 3175 structas
3099 3126 3152 3175 et
3189 3133 3383 3173 cumu-

1800 3224 1938 3278 latas
1969 3235 2186 3276 mensas
2233 3235 2301 3274 ex
2335 3217 2536 3286 injuste
2571 3212 2744 3284 partis
2779 3212 2940 3267 bonis
2985 3211 3090 3265 sibi
3138 3218 3333 3280 parant
3364 3227 3376 3262 ε

1800 3325 2033 3382 quorum
2064 3317 2362 3380 apparatus
2397 3318 2701 3366 cumarum,
2745 3317 2942 3372 pompa
2987 3301 3257 3371 quaedam,
3291 3299 3376 3353 fa-

1800 3411 1918 3458 stus
1947 3410 2001 3456 et
2031 3399 2326 3456 ostentatio
2357 3402 2442 3451 est
2473 3394 2539 3448 ad
2569 3400 2842 3458 stuporem
2877 3400 2930 3445 et
2954 3392 3376 3446 admirationem

1798 3493 1941 3562 vulgi
1989 3487 2439 3546 commovendam
2479 3482 2808 3551 excogitata,
2853 3496 2974 3549 quae
3009 3483 3132 3534 vitae
3184 3497 3378 3535 neces-

1799 3586 2002 3641 sarium
2035 3596 2194 3636 usum
2246 3575 2650 3648 pra:terlabitur
2682 3581 2736 3626 et
2783 3572 3015 3626 excedit.
3048 3571 3188 3636 Quid
3231 3571 3378 3625 enim

1797 3689 2088 3732 commune
2143 3671 2472 3726 habetcum
2529 3683 2632 3722 usu
2680 3673 2890 3719 naturae
2935 3663 3266 3725 necessario,
3322 3663 3378 3717 in

1799 3767 1948 3840 gravi
1990 3765 2197 3836 pariter
2228 3770 2282 3817 et
2314 3773 2550 3816 oneroso
2595 3755 2832 3827 pondere
2879 3756 3087 3825 argenti
3125 3754 3376 3824 exposita

1799 3859 2049 3922 materia,
2087 3870 2208 3927 quia
2235 3854 2357 3910 esui
2388 3861 2513 3923 apta
2554 3867 2665 3906 non
2705 3849 2827 3904 est?
2864 3847 3003 3914 Quid
3035 3855 3118 3902 est
3152 3846 3379 3902 alfectus

1799 3949 1998 4005 famis?
2044 3962 2225 4001 nonne
2279 3943 2612 4000 desiderium
2677 3940 2828 4010 ejus,
2875 3953 2983 4008 quo
3033 3953 3224 3992 carere
3268 3953 3377 3991 non

1798 4040 2133 4114 possumus?
2166 4038 2302 4092 Cum
2343 4036 2488 4092 enim
2535 4049 2631 4103 per
2656 4035 2819 4091 ﬂatus
2863 4041 2916 4088 et
2963 4032 3377 4100 evaporationes

1798 4132 2079 4190 evanuerit
2109 4141 2161 4185 et
2190 4128 2457 4184 eﬂluxerit
2499 4128 2920 4191 nutrimentum,
2961 4139 3070 4194 quo
3111 4123 3256 4176 vires
3289 4137 3380 4176 re-

1800 4223 1957 4278 fecta:
1991 4221 2213 4287 fuerint,
2247 4233 2444 4274 rursus
2477 4218 2788 4288 adjectione
2820 4213 3168 4270 convenienti
3200 4212 3377 4280 reple-

1801 4323 1888 4369 tur
1936 4312 1992 4368 id
2048 4312 2193 4383 quod
2246 4310 2419 4365 deest.
2462 4308 2628 4364 Panis
2678 4316 2764 4364 est
2808 4307 2976 4371 enim,
3031 4313 3125 4359 aut
3171 4302 3376 4372 aliquid

115 4407 149 4473 ἡ
196 4401 377 4471 φύσις,
405 4399 491 4453 διὰ
519 4400 612 4453 τοῦ
642 4399 783 4452 κατά
811 4399 909 4470 τὴν
948 4402 1138 4454 πεῖναν
1168 4399 1376 4465 πάθους
1412 4419 1591 4472 μονον(

1895 4403 1948 4458 id
1995 4404 2111 4458 esui
2167 4407 2376 4472 aptum,
2411 4401 2559 4470 quod
2613 4407 2807 4454 natura
2856 4395 3081 4467 appetit.
3138 4393 3198 4448 Si
3246 4394 3371 4465 quis

116 4492 304 4560 φωνὴν
331 4490 573 4559 ἀφιεῖσα,
602 4489 662 4540 τὺ
680 4491 736 4541 ἐν
765 4489 923 4560 χρείᾳ
946 4488 1039 4543 νῦν
1067 4485 1202 4542 εἶναι
1232 4489 1503 4559 βρώσεως
1529 4493 1616 4546 διά
1643 4494 1702 4545 τὸ

111 4584 230 4635 δεῖν
252 4583 668 4649 ἀντεισαγαγεῖν
699 4579 859 4633 πάλιν
893 4580 971 4651 τῷ
1003 4580 1216 4651 σώματι
1245 4582 1308 4635 τὸ
1346 4581 1703 4637 διαπνευσθὲν

115 4674 220 4743 τῆς
264 4673 576 4743 δυνάμεως’
615 4674 679 4725 σὺ
718 4673 775 4725 δὲ
817 4673 916 4724 οὐκ
949 4672 1167 4736 ἀκούεις
1203 4671 1304 4743 τῆς
1353 4673 1606 4744 φύσεως’
1641 4677 1700 4729 οὑ

117 4763 232 4834 γὰρ
272 4761 299 4815 ὃ
332 4763 485 4832 ζητεῖ
521 4762 706 4825 δίδως’
744 4763 859 4815 ἀλλ’
893 4763 1040 4826 ὅπως
1087 4764 1155 4816 ἂν
1197 4764 1328 4818 πολύ
1371 4782 1452 4818 σοι
1495 4767 1702 4834 γένοιτο

116 4854 216 4908 τοῦ
251 4853 492 4924 ἀργύρου
518 4853 578 4905 τὸ
605 4852 766 4923 ἄχθος
798 4855 889 4905 ἐπὶ
919 4854 1016 4922 τῆς
1049 4855 1331 4925 τραπέζης
1361 4857 1698 4928 φροντίζεις,

119 4949 219 5000 καὶ
267 4947 395 5008 τοὺς
441 4946 745 5015 χαλκευτὰς
790 4946 887 5016 τῆς
928 4945 1060 5017 ὕλης
1109 4948 1432 5020 ἀναζητεῖς·
1470 4953 1563 5004 καὶ
1602 4953 1702 5023 τὴν

123 5038 368 5108 ἱστορίαν
407 5038 515 5090 τῶν
541 5036 962 5108 ἐγγλυφομένων
991 5040 1110 5102 ταῖς
1145 5038 1297 5102 ὕλαις
1333 5039 1566 5094 εἰδώλων
1601 5059 1702 5094 πε-

126 5129 416 5202 ριεργάζῃ,
456 5129 603 5193 ὅπως
631 5128 696 5182 ἂν
740 5129 806 5182 δι’
850 5129 1136 5200 ἀκριϐείας
1178 5134 1292 5193 τοῖς
1323 5131 1606 5202 γλύμμασι
1638 5134 1703 5188 τὰ

124 5221 276 5291 πάθη
305 5239 364 5273 τε
391 5221 486 5274 καὶ
512 5221 581 5274 τὰ
615 5220 718 5291 ἢθη
745 5221 832 5274 διά
863 5223 959 5292 τῆς
996 5221 1192 5292 τέχνης
1223 5223 1552 5294 εἰσενεχθείη
1579 5242 1592 5256 ·
1626 5225 1702 5287 ώς

125 5312 422 5382 ὲπιγνῶναί
453 5329 513 5364 τε
555 5312 645 5364 τὸν
693 5311 864 5382 θυμὸν
898 5311 987 5366 τοῦ
1020 5312 1268 5378 ὁπλίτου,
1299 5314 1425 5367 ὅταν
1460 5315 1522 5367 τὸ
1552 5314 1702 5384 ξίφος

126 5403 262 5473 πρὸς
287 5403 384 5473 τὴν
415 5401 627 5472 σφαγὴν
673 5401 1039 5470 ἀνατείνηται,
1071 5401 1163 5455 καὶ
1189 5401 1285 5472 τὴν
1315 5401 1580 5472 ἀλγηδόνα
1607 5401 1700 5455 τοῦ

127 5496 464 5567 τραυματίου
489 5537 504 5559 ,
544 5497 670 5549 ὅταν
705 5495 841 5567 πρὸς
879 5497 977 5567 τὴν
1022 5497 1242 5569 καιρίαν
1279 5499 1704 5570 συνεσταλμένος

128 5581 385 5650 οἰμώζειν
410 5582 536 5653 δόξῃ
567 5583 655 5636 διὰ
687 5583 781 5637 τοῦ
821 5586 1096 5654 σχήματος
1115 5603 1128 5616 ·
1163 5588 1256 5640 καὶ
1284 5590 1379 5658 τὴν
1404 5589 1578 5659 ὁρμὴν
1607 5587 1700 5640 τοῦ

136 5671 475 5743 θηρεύοντος,
505 5675 598 5726 καὶ
627 5674 720 5727 τοῦ
763 5675 950 5746 θηρίου
981 5676 1076 5748 τὴν
1104 5678 1401 5750 ἀγριότητα
1423 5696 1438 5708 ·
1481 5681 1571 5734 καὶ
1602 5681 1700 5734 ὅσα

1804 4497 1969 4566 igitur
2018 4496 2138 4549 loco
2181 4491 2339 4563 panis
2384 4505 2577 4546 aurum
2632 4489 2717 4543 ori
2765 4487 3072 4551 admoveat,
3130 4485 3376 4556 nunquid

1802 4587 2121 4642 necessitati
2157 4583 2497 4641 medebitur?
2543 4582 2679 4637 Cum
2715 4581 2878 4651 igitur
2909 4579 3108 4649 aliquis
3154 4593 3254 4647 pro
3288 4592 3378 4632 re-

1802 4678 1903 4731 bus
1951 4676 2244 4731 esculentis
2295 4673 2553 4728 materias
2590 4672 2707 4728 esui
2761 4687 2870 4725 non
2919 4677 3074 4740 aptas
3115 4669 3370 4739 requirit,

1802 4768 1858 4822 in
1881 4767 2152 4836 lapidibus
2183 4767 2340 4836 plane
2366 4773 2666 4834 occupatus
2691 4772 2794 4826 est,
2828 4761 3028 4830 quippe
3063 4775 3186 4813 cum
3228 4759 3375 4813 aliud

1803 4868 2082 4930 quaerente
2111 4857 2345 4921 natura,’
2364 4856 2418 4910 in
2443 4856 2550 4909 alio
2580 4854 2696 4924 ipse
2717 4861 2984 4906 versetur.
3011 4848 3153 4902 Dicit
3179 4856 3376 4902 natura

1801 4966 1896 5020 per
1939 4948 2098 5005 famis
2142 4948 2490 5004 all‘ectionem
2537 4943 2928 5016 propemodum
2981 4955 3168 4995 vocem
3217 4939 3376 4995 emit-

1805 5049 1944 5103 tens,
1989 5055 2048 5094 sc
2087 5054 2232 5094 nunc
2288 5054 2448 5110 egere
2487 5039 2610 5093 cibo
2642 5057 2655 5091 :
2690 5044 2974 5105 propterea
3009 5031 3156 5101 quod
3195 5031 3375 5085 denuo

1802 5137 2054 5200 oporteat
2094 5130 2326 5184 invicem
2365 5129 2536 5199 ingeri
2561 5127 2777 5198 corpori
2804 5126 3196 5180 nutrimentum
3227 5124 3375 5193 quod

1802 5221 2089 5284 eﬂluxerit,
2121 5228 2175 5274 et
2202 5235 2298 5288 per
2327 5234 2557 5288 vapores
2581 5227 2634 5273 et
2656 5216 3024 5287 expirationes
3053 5212 3371 5269 evanuerit:

1802 5321 1858 5364 tu
1890 5323 2019 5363 vero
2070 5316 2276 5362 natura:
2326 5307 2476 5361 dicto
2516 5307 2747 5362 audiens
2791 5321 2898 5360 non
2943 5320 3037 5370 es;
3070 5319 3178 5357 non
3222 5304 3373 5358 enim

1803 5402 1945 5472 quod
1973 5400 2184 5471 quaerit,
2213 5401 2331 5462 das,
2364 5399 2459 5453 sed
2486 5408 2545 5454 ut
2572 5414 2827 5468 magnum
2865 5397 2959 5452 tibi
2993 5398 3202 5467 argenti
3233 5411 3372 5465 pon-

1804 5496 1906 5550 dus
1935 5496 1990 5549 in
2031 5508 2217 5564 mensa
2249 5493 2340 5557 sit,
2383 5506 2569 5554 curas,
2606 5498 2660 5546 et
2686 5506 2981 5547 excusorcs
3011 5489 3255 5544 materiae
3286 5504 3373 5542 re—

1802 5587 2000 5658 quiris,
2051 5593 2105 5641 et
2145 5584 2427 5640 historiam
2476 5583 2892 5637 simulacrorum
2940 5592 2995 5636 et
3050 5582 3368 5650 imaginum,

1805 5694 1926 5750 qua:
1968 5679 2022 5734 in
2057 5677 2282 5734 materia
2330 5675 2732 5745 insculpantur,
2769 5673 2983 5728 curiose
3016 5671 3275 5740 exquiris,
3312 5677 3370 5723 ut
