3738 5984
340 264 476 320 1239

1569 270 1624 327 S.
1669 269 1993 329 GREGORII
2025 271 2317 327 NYSSENI

3476 267 3604 323 42:0

339 389 557 444 habitus
599 394 652 442 et
685 386 916 444 aiieclus
954 389 1119 443 animi
1156 400 1269 445 tum
1300 391 1749 461 vehementiores,
1790 405 1812 451 t

2130 398 2254 450 ιδιά
2281 398 2380 467 τῆς
2419 394 2668 466 τοιαύτης
2706 392 3024 465 περιεργίας
3052 393 3109 445 ἐν
3140 391 3265 454 ταῖς
3300 390 3606 456 ἐπιτραπε-

338 480 663 541 sedatiores.
691 481 928 535 artilicio
946 497 1161 536 summo
1177 484 1332 553 plene
1369 486 1656 555 scripturis
1670 489 1914 558 expressi

339 569 774 638 conspiciantur,
826 578 885 623 ut
927 580 981 625 et
1029 572 1164 625 iram
1213 588 1481 642 agnoscas
1523 576 1740 641 armati,
1793 591 1914 631 cum

339 659 581 729 giadium
649 659 959 714 trucidandi
1032 675 1201 715 causa
1259 663 1428 726 tollit,
1495 672 1551 718 et
1608 666 1913 719 cruciatum

340 750 536 813 saucii,
578 764 701 804 cum
738 758 963 820 accepto
1008 752 1235 808 vulnere
1280 753 1488 818 lethali,
1520 755 1704 809 animo
1730 772 1789 811 se
1818 756 1914 810 de-

341 842 565 896 mittens
604 857 668 895 ac
710 857 970 906 mmrens,
1003 842 1189 898 habitu
1221 845 1341 914 ipso
1371 862 1590 917 gemere
1630 855 1685 902 et
1712 848 1919 917 ejulare

341 926 596 984 videtur:
626 931 888 1001 impetum
924 933 1053 987 item
1086 934 1361 999 venantis,
1409 943 1463 990 et
1491 934 1616 990 ferae
1660 937 1916 990 immani-

342 1024 509 1074 tatem
544 1039 558 1074 :
598 1036 663 1075 ac
705 1036 1046 1092 quaecunque
1088 1023 1194 1077 alia
1245 1039 1340 1093 per
1384 1024 1653 1093 ejusmodi
1685 1027 1919 1081 curiosi-

343 1119 509 1165 tatem
534 1122 591 1170 et
626 1113 865 1182 ineptam
902 1114 1255 1179 industriam,
1284 1116 1530 1173 homines
1558 1119 1681 1171 vani
1720 1118 1775 1171 in
1806 1132 1920 1171 ma-

342 1204 484 1256 teria
537 1204 603 1257 ad
644 1220 802 1259 usum
844 1221 1154 1260 mensarum
1191 1208 1465 1262 destinata
1507 1208 1641 1264 eﬂici
1675 1209 1919 1265 studiose

342 1300 557 1346 curant.
593 1292 786 1348 Potum
824 1303 1018 1349 natura
1053 1295 1350 1364 desiderat,
1383 1306 1440 1352 tu
1483 1314 1613 1354 vero
1641 1300 1911 1369 pretiosos

339 1382 586 1451 tripodas
616 1399 799 1454 paras,
843 1385 1021 1450 labra,
1066 1395 1333 1451 crateras,
1365 1389 1678 1457 amphoras,
1718 1397 1773 1443 et
1805 1389 1911 1444 alia

2013 489 2146 553 ςίοις
2173 488 2327 552 ὖλαις
2359 484 2761 556 φιλοτεχνοῦσιν
2790 486 2837 537 oi
2877 485 3115 554 μάταιοι.
3168 482 3332 535 Πιεῖν
3364 481 3401 549 ἡ
3446 478 3607 547 φύσις

2013 578 2296 648 ἐζήτησεν,
2333 577 2396 629 σὺ
2426 576 2482 628 δὲ
2510 577 2634 638 τοὺς
2661 573 3094 635 πολυταλάντους
3117 570 3392 642 τρίποδας
3418 569 3608 639 εὑτρε-

2013 666 2209 732 πίζεις,
2236 665 2467 730 πλυνούς
2494 682 2553 718 τε
2579 665 2673 718 καὶ
2705 663 3010 735 κρατῆρας,
3039 663 3132 715 καὶ
3170 658 3496 730 ἀμφορέας,
3521 658 3613 709 καὶ

2013 757 2147 810 ἄλλα
2178 759 2367 828 μυρία,
2414 756 2579 829 μηδὲν
2625 755 2816 826 ἔχοντα
2862 754 2997 825 πρὸς
3033 754 3130 823 τὴν
3158 750 3612 822 ἐπιζητουμένην

2015 849 2205 919 χρείαν
2247 849 2442 903 κοινόν.
2498 843 2647 917 Ἀρα
2697 847 2817 915 οὐχὶ
2851 844 3101 915 φανερῶς
3147 843 3379 905 ἀκούεις
3418 841 3498 894 δι’
3537 834 3612 892 ὧν

2016 943 2190 1002 ποιεῖς
2203 939 2292 994 τοῦ
2319 940 2565 1011 πρὸςιτδν
2587 939 2731 992 λίθον
2751 957 2832 991 σοι
2853 955 2914 990 συ
2923 935 3315 1007 μϐουλεύοντος
3344 934 3575 1004 βλέπειν
3596 950 3609 997 ;

2017 1029 2082 1082 Τί
2119 1030 2163 1082 δ’
2194 1030 2258 1084 ἄν
2287 1048 2369 1094 τις
2413 1030 2480 1084 τὰ
2522 1030 2683 1083 λοιπά
2713 1029 2812 1100 τῆς
2858 1027 3115 1090 λιθώδους
3154 1026 3367 1096 ταύτης
3419 1023 3612 1090 διεξίοι

2014 1123 2241 1190 τροφῆς,
2272 1118 2342 1172 τά
2371 1119 2571 1190 αίσχρά
2593 1119 2869 1189 θεάματας
2901 1118 2968 1172 τά
2997 1118 3220 1189 ἐμπαθῆ
3249 1116 3612 1187 ἀκροάματα,

2016 1209 2082 1264 δι’
2106 1203 2180 1264 ὧν
2205 1211 2537 1265 ὁδοποιοῦσιν
2566 1214 2779 1276 ἑαυτοῖς
2806 1211 2906 1283 τὴν
2930 1210 3037 1263 τῶν
3062 1210 3250 1263 κακῶν
3274 1205 3615 1262 ἀκολουθίαν

2007 1305 2127 1366 ’τοῖς
2158 1302 2547 1374 ὑπεκκαύμασι
2594 1304 2693 1375 τῆς
2720 1304 3015 1366 ἀκολασίας
3043 1301 3141 1373 τὴν
3166 1300 3381 1373 τροφὴν
3428 1303 3615 1368 ἐπαρ-

2016 1391 2233 1458 τύοντες
2256 1411 2271 1459 ;

343 1482 622 1542 sexcenta,
674 1493 795 1546 quze
842 1480 978 1533 nihil
1025 1494 1148 1534 cum
1181 1497 1269 1546 eo,
1301 1481 1444 1551 quod
1493 1498 1628 1538 usus
1666 1484 1915 1554 requirit,
1954 1498 2245 1541 commune
2305 1487 2525 1543 habent.
2561 1488 2643 1541 An
2676 1500 2783 1541 non
2815 1484 2975 1555 plane
3009 1499 3106 1554 per
3130 1496 3216 1546 ea,
3253 1494 3381 1551 quae
3450 1476 3612 1535 facus.

347 1567 497 1620 dicto
531 1568 760 1624 audiens
796 1585 857 1625 es
901 1571 973 1634 ei,
1011 1572 1105 1641 qui
1155 1573 1255 1626 tibi
1289 1575 1548 1638 consulit,
1584 1582 1644 1629 ut
1675 1576 1743 1630 ad
1789 1576 2025 1647 lapidem
2072 1578 2372 1648 respicias?
2439 1579 2583 1646 Quid
2649 1586 2831 1635 autem
2903 1578 3114 1639 attinet,
3182 1575 3398 1645 reliqua
3441 1572 3613 1641 hujus

345 1659 541 1729 lapidei
574 1660 681 1715 cibi
728 1662 908 1732 turpia
942 1678 1215 1733 exponere
1262 1668 1617 1734 spectacula?
1654 1669 1849 1724 vitiosa
1883 1677 1937 1724 et
1971 1671 2207 1727 absurda
2252 1682 2585 1741 acroamata,
2655 1674 2855 1744 quibus
2901 1672 2969 1727 ad
3021 1668 3421 1740 consequentia
3466 1666 3611 1720 mala

347 1752 452 1806 sibi
499 1752 642 1806 viam
684 1759 958 1819 sternunt,
1012 1756 1382 1812 incitamentis
1413 1760 1699 1815 libidinum
1734 1761 1914 1816 cibum
1955 1766 2307 1822 condientes?

421 1840 534 1896 Hoc
578 1842 876 1899 adversarii
910 1843 978 1899 de
1025 1845 1149 1900 cibo
1175 1847 1466 1902 consilium
1512 1857 1618 1914 est,
1674 1851 1787 1905 haec
1824 1867 1897 1921 pri

2137 1855 2245 1927 ,ῦτη
2280 1857 2373 1910 τοῦ
2392 1857 2780 1927 ἀντικειμένου
2810 1856 2937 1927 περὶ
2964 1855 3062 1925 τῆς
3087 1853 3296 1924 τροφῆς
3320 1853 3446 1904 ἐστι
3474 1868 3613 1920 συμ-

345 1941 610 1989 consueto
650 1942 704 1988 et
732 1935 1012 1989 ordinario
1042 1939 1198 2006 panis
1238 1953 1362 2003 usu,
1400 1954 1497 2008 per
1535 1939 1639 1995 hoc
1666 1942 1813 2011 quod
1853 1942 1919 1997 ad

348 2024 556 2094 lapides
594 2026 871 2094 respicere
915 2026 1093 2096 jubet,
1147 2029 1390 2103 suggerit
1436 2038 1599 2101 atque
1645 2031 1918 2101 proponit.

345 2112 547 2170 Verum
592 2115 926 2187 proﬂigator,
961 2124 1016 2172 et
1060 2129 1372 2189 peremptor
1423 2108 1804 2187 tentationuin,
1838 2106 1921 2176 fa-

347 2223 488 2263 mem
532 2208 690 2277 quasi
735 2209 1004 2263 malorum
1059 2224 1282 2265 causam
1323 2226 1429 2266 non
1482 2213 1812 2267 exterminat
1856 2228 1918 2267 ex

346 2314 528 2355 rerum
555 2307 771 2362 natura,
805 2300 898 2354 sed
928 2300 1099 2354 solam
1143 2301 1577 2370 superﬂuitatem
1609 2317 1673 2357 ac
1696 2303 1920 2357 nimiam

349 2389 696 2459 ineptamque
729 2389 1055 2446 industriam
1090 2398 1143 2446 et
1176 2407 1386 2457 curam,
1420 2408 1541 2462 qua:
1586 2392 1653 2447 de
1688 2394 1923 2449 consilio

350 2480 653 2535 adversarii
686 2495 793 2535 una
823 2496 947 2535 cum
978 2481 1294 2537 necessario
1336 2498 1437 2536 usu
1469 2483 1781 2537 introducta
1816 2495 1920 2549 est,

351 2579 656 2637 aversatus,
708 2572 826 2628 suis
875 2572 1073 2628 ﬁnibus
1108 2573 1402 2642 gubernari
1443 2581 1695 2628 naturam
1731 2576 1926 2644 permi-

351 2663 444 2717 sit.
476 2661 941 2728 Quemadmodum
973 2662 1118 2718 enim
1147 2661 1186 2715 ii
1224 2663 1317 2732 qui
1347 2664 1533 2718 vinum
1565 2665 1921 2732 transcolant,

350 2768 461 2814 non
526 2753 825 2823 reprobant
865 2752 921 2807 id
973 2753 1118 2823 quod
1174 2754 1227 2807 in
1254 2770 1319 2808 eo
1370 2754 1505 2809 utile
1550 2765 1652 2820 est,
1707 2764 1927 2826 prepter

352 2845 623 2899 immistos
660 2846 709 2899 ei
746 2844 1008 2913 furfures,
1038 2846 1130 2900 sed
1157 2846 1279 2900 colo
1306 2845 1581 2916 superﬂua
1624 2862 1927 2902 excernen-

352 2945 457 2999 tcs,
493 2937 614 3005 puri
652 2952 812 2992 usum
860 2952 970 2990 non
1004 2937 1266 3006 rejiciunt
1294 2956 1305 2992 :
1330 2938 1404 2991 ita
1433 2940 1723 3008 perspicax
1754 2947 1807 2993 et
1837 2955 1929 2994 so-

354 3027 464 3082 lers
498 3029 555 3081 in
595 3027 961 3081 examinando
996 3036 1158 3097 atque
1182 3029 1547 3085 discernenda
1578 3046 1663 3096 ea,
1699 3047 1820 3101 quae
1860 3033 1929 3087 ab

356 3127 551 3172 natura
590 3118 763 3171 aliena
791 3124 952 3182 sunt,
982 3117 1244 3185 Verbum,
1280 3119 1579 3175 subtilitate
1604 3123 1929 3191 speculatio-

356 3208 444 3262 nis
479 3207 674 3261 famem
720 3206 962 3276 quidem,
1006 3210 1196 3276 utpote
1239 3210 1363 3263 vitae
1408 3218 1606 3265 nostra:
1643 3195 1997 3266 conserva-C

356 3299 571 3361 tricem,
604 3313 714 3351 non
756 3297 1176 3366 exterminavit;
1212 3299 1615 3370 superﬂuitates
1663 3317 1791 3357 vero
1838 3318 1932 3358 ne-

358 3391 600 3445 cessario
646 3389 772 3444 usui
819 3403 1097 3446 connean
1139 3398 1193 3445 et
1239 3392 1547 3461 implicatas
1580 3394 1932 3448 transcolavit

357 3491 411 3537 et
443 3483 664 3552 ahjecit,
700 3497 824 3537 cum
858 3483 994 3537 dixit
1026 3501 1039 3535 :
1076 3484 1227 3537 illum
1258 3500 1318 3540 se
1348 3484 1566 3539 novisse
1596 3501 1790 3554 panem
1824 3502 1931 3539 nu-

357 3575 633 3635 trientem,
676 3574 770 3643 qui
803 3574 969 3630 verbo
999 3572 1095 3629 Dei
1144 3583 1350 3629 naturze
1378 3577 1700 3631 conciliatus
1741 3577 1830 3632 sit.
1874 3574 1931 3629 Si

359 3667 527 3736 igitur
559 3666 755 3720 esuriit
778 3664 960 3733 Jesus,
998 3666 1216 3720 beatum
1259 3665 1421 3721 fuerit
1448 3668 1679 3731 esurire,
1716 3681 1836 3721 cum
1865 3666 1931 3720 ad

358 3758 722 3811 imitationem
786 3757 932 3813 illius
989 3757 1337 3827 ingeneretur
1394 3773 1457 3812 ac
1512 3765 1935 3827 repraesentetur

360 3852 523 3902 etiam
553 3846 725 3902 fames
758 3848 812 3901 in
843 3848 1020 3902 nobis.
1058 3848 1112 3901 Si
1166 3849 1334 3917 igitur
1366 3849 1759 3915 intelleximus,
1806 3848 1935 3919 quid

361 3939 433 3994 sit
476 3940 530 3993 id
579 3941 726 4009 quod
776 3942 946 3995 esurit
984 3948 1038 3995 et
1080 3943 1285 4011 appetit
1339 3942 1622 4008 Dominus,
1677 3944 1794 3998 ﬁeri
1824 3959 1935 3998 non

360 4038 542 4101 potest
583 4039 643 4084 ut
686 4046 835 4084 nunc
876 4032 1172 4099 propositae
1226 4033 1387 4088 nobis
1424 4034 1780 4091 beatitudinis
1828 4036 1935 4089 vim

361 4136 473 4176 non
512 4120 901 4190 intelligamus.
937 4120 1072 4186 Quis
1115 4129 1199 4176 est
1233 4122 1399 4193 igitur
1429 4124 1521 4180 ille
1563 4127 1741 4191 cibus,
1779 4128 1936 4196 cujus

364 4210 664 4281 appetitum
710 4209 871 4265 Jesus
922 4210 1026 4264 sibi
1073 4217 1285 4280 turpem
1336 4228 1445 4267 non
1498 4214 1688 4269 ducit?
1737 4216 1829 4270 Ait
1869 4215 1937 4270 ad

362 4302 663 4371 discipulos
704 4310 828 4373 post
876 4302 1125 4357 habitum
1160 4316 1286 4357 cum
1339 4302 1682 4359 Samaritana
1726 4322 1937 4362 sermo-

361 4411 485 4450 nem
522 4414 535 4449 :
575 4395 724 4449 Meus
756 4396 900 4449 cibus
942 4403 1040 4461 est,
1086 4405 1144 4448 ut
1198 4385 1395 4465 faciam
1445 4399 1584 4467 quod
1622 4399 1731 4453 vult
1779 4398 1938 4454 Pater

2022 1947 2187 2019 ϐουλὴ
2208 1989 2222 2012 ,
2253 1948 2426 2002 ταῦτα
2450 1948 2538 2002 διὰ
2569 1947 2663 2001 τοῦ
2695 1948 2828 2018 πρὸς
2854 1948 2980 2010 τοὺς
3006 1945 3185 2008 λίθους
3209 1944 3460 2015 βλέπειν,
3492 1943 3612 1996 ἀντὶ

2019 2039 2118 2108 τῆς
2160 2039 2551 2109 νενομισμένης
2609 2037 2702 2091 τοῦ
2750 2038 2914 2109 ἄρτου
2967 2037 3216 2107 χρήσεως
3258 2032 3609 2087 ὑποτίθεται.

2034 2127 2173 2181 Ἀλλ’
2207 2129 2236 2180 ό
2262 2128 2368 2181 τῶν
2391 2127 2709 2199 πειρασμῶν
2741 2126 3091 2198 καθαιρέτης,
3125 2127 3247 2195 οὐχὶ
3280 2124 3386 2194 τὴν
3418 2126 3613 2177 πεῖναν

2023 2216 2252 2289 ἐξορίζει
2300 2219 2400 2289 τῆς
2445 2218 2696 2287 φύσεως,
2740 2217 2817 2280 ὡς
2859 2216 3044 2283 κακῶν
3095 2215 3294 2278 αἰτίαν,
3339 2213 3489 2268 ἀλλά
3518 2212 3614 2281 τὴν

1980 2346 1988 2354 -
2023 2310 2343 2380 περιεργίαν
2369 2309 2466 2381 τὴν
2508 2311 2573 2362 ἐκ
2604 2308 2910 2379 συμϐουλῆς
2941 2305 3034 2360 τοῦ
3059 2304 3450 2376 ἀντικειμένου
3491 2321 3615 2357 συν-

2023 2401 2297 2455 εισιοῦσαν
2322 2404 2387 2472 τῇ
2418 2400 2605 2471 χρείᾳ,
2641 2400 2806 2470 μόνην
2838 2397 3310 2467 ἀποπεμψάμενος
3339 2436 3361 2461 ,
3389 2395 3615 2465 ἀφῆκεν

2024 2496 2133 2555 τοῖς
2149 2492 2296 2554 ίδίοις
2316 2493 2461 2562 ὅροις
2475 2490 2873 2561 οἰκονομεῖσθαι
2893 2489 2990 2560 τὴν
3004 2489 3413 2558 φύσιν.Ὅσπερ
3436 2485 3552 2557 γὰρ
3566 2484 3615 2537 οἱ

2024 2584 2336 2655 διηθοῦντες
2362 2582 2450 2636 τὸν
2483 2579 2625 2636 οἶνον
2651 2584 2751 2635 οὐκ
2782 2581 3140 2653 ἀτιμάζουσιν
3171 2577 3342 2635 αὑτοῦ
3374 2578 3447 2631 τὸ
3479 2579 3615 2648 χρή-

2028 2692 2207 2745 σιμον,
2263 2674 2352 2729 διὰ
2400 2675 2498 2745 τὴν
2547 2673 2976 2744 καταμιχθεῖσαν
3016 2676 3183 2742 ἄχνην
3233 2669 3388 2740 αὐτῷ
3418 2685 3437 2701 ⁶
3480 2669 3616 2723 ἀλλά

2025 2766 2102 2837 τῷ
2136 2765 2276 2836 ίθμῷ
2310 2766 2378 2818 τὰ
2411 2765 2639 2835 περιττὰ
2666 2765 3037 2836 διακρίναντες
3063 2803 3078 2828 ,
3100 2763 3193 2815 τοῦ
3228 2760 3487 2833 καθαροῦ
3518 2762 3615 2829 τὴν

2027 2859 2222 2929 χρῆσιν
2248 2857 2348 2909 οὐκ
2377 2856 2787 2910 ἀποὸάλλουσιν·
2818 2854 3030 2924 οὕτωςρ
3060 2852 3394 2924 θεωρητικός
3427 2868 3495 2904 τε
3525 2851 3619 2904 καὶ
3644 2876 3653 2883 -

2027 2948 2358 3018 διακριτικὸς
2396 2945 2503 2999 τῶν
2553 2944 2849 3015 ἀλλοτρίων
2876 2945 2975 3015 τῆς
3024 2944 3266 3013 φύσεως,
3298 2942 3505 3010 Λόγος,
3552 2943 3619 3008 τῇ

2028 3038 2316 3106 λεπτότητι
2366 3037 2464 3105 τῆς
2503 3035 2763 3107 ἀκριϐοῦς
2805 3036 3066 3106 θεωρίας,
3107 3034 3205 3109 τῂν
3252 3034 3354 3105 μὲν
3391 3035 3619 3094 πεῖναν,

2030 3131 2106 3194 ὡς
2140 3145 2302 3199 συντη
2312 3127 2536 3199 ρητικὴν
2559 3122 2722 3181 οὖσαν
2745 3126 2845 3196 τῆς
2861 3124 3005 3194 ζωῆς
3024 3125 3180 3196 ἡμῶν
3203 3125 3303 3178 οὐκ
3320 3123 3621 3196 ἐξώρισεν

2030 3221 2130 3285 τάς
2158 3223 2213 3274 δὲ
2247 3222 2699 3292 συμπλεκομένας
2721 3222 2787 3290 τῇ
2810 3220 2966 3290 χρείᾳ
2987 3217 3326 3289 περιεργίας,
3351 3216 3625 3288 διήθησέν

2033 3333 2091 3369 τε
2122 3316 2215 3369 καὶ
2242 3313 2567 3385 ἀπέρριψεν,
2606 3312 2776 3367 εἰπών
2801 3330 2815 3343 ·
2850 3313 3053 3364 ἐκεῖνον
3098 3309 3293 3362 εἰδέναι
3342 3310 3625 3379 τρόφιμον

2033 3408 2214 3479 ἄρτον,
2243 3407 2301 3470 ὃς
2327 3406 2403 3476 τῷ
2432 3407 2633 3478 ῥήματι
2659 3404 2751 3459 τοῦ
2780 3403 2912 3457 Θεοῦ
2940 3402 3076 3474 πρὸς
3099 3401 3197 3472 τὴν
3221 3401 3385 3470 φύσιν
3404 3401 3626 3472 ᾠκείω-

2031 3515 2138 3551 ται.
2163 3499 2226 3550 Εἰ
2255 3493 2348 3550 οῦν
2373 3496 2655 3549 ἐπείνασεν
2684 3496 2712 3547 ὁ
2739 3491 2963 3563 Ἰησοῦς,
2990 3490 3323 3560 μακαριστὸν
3353 3490 3424 3542 ἂν
3452 3492 3542 3560 εἴη
3567 3494 3627 3543 τι

2034 3590 2246 3657 πεινᾷν,
2271 3590 2400 3641 ὃταν
2432 3586 2570 3640 κατά
2619 3586 2849 3657 μίμησιν
2873 3582 3079 3636 ἐκείνου
3108 3581 3398 3651 ἐνεργῆται
3434 3581 3537 3633 καὶ
3568 3582 3627 3632 ἐν

2033 3674 2187 3751 ἡμῖν.
2218 3680 2282 3732 Ei
2313 3680 2493 3733 τοίνυν
2540 3678 2787 3747 ἔγνωμεν
2816 3674 2869 3728 τί
2904 3674 3051 3727 ἐστιν
3085 3665 3147 3727 οῦ
3178 3673 3343 3742 πεινᾷ
3373 3672 3624 3741 Κύριος,

2035 3769 2358 3841 γνωσόμεθα
2401 3770 2617 3833 πάντως
2661 3766 2753 3821 τοῦ
2803 3762 3151 3837 μακαρισμοῦ
3202 3762 3296 3816 τοῦ
3338 3761 3440 3818 ὧν
3489 3764 3624 3832 ἡμῖν

2036 3862 2396 3935 προκειμένου
2435 3862 2534 3932 τὴν
2560 3859 2806 3929 δύναμιν.
2843 3858 2978 3911 Ποία
3004 3853 3100 3910 οῦν
3132 3858 3277 3909 ἐστιν
3307 3857 3341 3926 ἡ
3374 3854 3622 3924 βρῶσις,

2035 3951 2102 4027 ἧς
2132 3957 2160 4008 ὁ
2207 3954 2417 4024 Ἰησοῦς
2442 3954 2541 4023 τὴν
2576 3950 2867 4022 ἐπιθυμίαν
2890 3950 2990 4003 οὐκ
3020 3948 3448 4018 ἐπαισχύνεται;
3481 3949 3623 4018 Φησὶ

2037 4047 2173 4117 πρὸς
2200 4049 2324 4108 τοὺς
2359 4044 2605 4115 μαθητὰς
2655 4044 2791 4114 μετά
2826 4043 2914 4095 τὸν
2960 4042 3096 4114 πρὸς
3135 4041 3233 4112 τὴν
3278 4041 3623 4112 Σαμαρεῖτιν

2035 4138 2279 4205 διάλογον
2307 4154 2320 4168 ·
2350 4137 2431 4189 ὅτι
2472 4134 2650 4203 Ἐμὸν
2672 4133 2883 4203 ,ϐρῶμά
2913 4134 3104 4195 ἐστιν,
3136 4134 3237 4185 ἵνα
3260 4129 3421 4184 ποιῶ
3446 4129 3511 4183 τὸ
3531 4130 3623 4185 θέ-

2036 4233 2200 4298 λημα
2228 4227 2333 4281 τοῦ
2364 4222 2594 4297 Πατρός
2612 4240 2752 4293 μουυ
2785 4224 3016 4294 φανερὸν
3056 4222 3114 4275 δὲ
3136 4220 3231 4274 τοῦ
3254 4220 3480 4291 Πατρός
3508 4224 3621 4273 ἐστι

2037 4321 2097 4374 τὸ
2142 4320 2386 4390 θέλημα,
2429 4318 2489 4383 ὃς
2534 4318 2741 4380 πάντας
2787 4314 3108 4386 ἀνθρώπους
3152 4312 3296 4365 θέλει
3338 4312 3617 4383 σωθῆναι,

2038 4412 2133 4466 καὶ
2166 4414 2244 4475 είς
2269 4411 2563 4477 ἐπίγνωσιν
2593 4407 2849 4478 ἀληθείας
2878 4405 3068 4458 ἐλθεῖν.
3105 4403 3318 4458 Οὐκοῦν
3343 4405 3393 4457 εί
3418 4405 3620 4467 ἐκεῖνος

363 4503 509 4541 meus
535 4488 612 4555 ";
646 4504 754 4541 non
783 4488 965 4557 ignota
991 4495 1076 4541 est
1105 4495 1285 4542 autem
1317 4490 1573 4545 voluntas
1604 4489 1807 4557 Patris,

2142 4518 2287 4569 γεται
2316 4499 2410 4553 τοῦ
2447 4500 2593 4571 ἡμᾶς
2633 4496 2889 4567 σωθῆναι,
2925 4495 3020 4548 καὶ
3055 4494 3227 4564 τροφὴ
3267 4493 3444 4546 αὐτοῦ
3475 4494 3618 4567 γίνεο

364 4593 555 4633 omnes
588 4577 834 4633 homines
866 4577 1097 4643 servari,
1135 4585 1188 4633 et
1231 4580 1297 4634 ad
1327 4581 1660 4651 agnitionem
1685 4584 1938 4641 veritatis

365 4670 550 4725 venire
576 4670 690 4723 vult
716 4670 780 4726 ¹⁸.
834 4669 1000 4739 Igitur
1046 4671 1093 4726 si
1137 4670 1227 4727 ille
1271 4687 1374 4731 nos
1428 4675 1578 4743 cupit
1617 4677 1845 4739 servari,
1887 4685 1943 4732 et

361 4765 475 4817 vita
514 4771 703 4817 nostra
730 4762 887 4817 cibus
917 4763 1037 4832 ejus
1070 4764 1306 4831 exsistit,
1337 4764 1629 4822 didicimus
1656 4770 1780 4838 quis
1807 4787 1941 4835 usus

365 4857 436 4911 sit
485 4854 752 4925 ejusmodi
809 4855 1002 4908 animae
1049 4854 1270 4909 habitus
1331 4864 1386 4910 et
1443 4856 1764 4915 aﬂ‘ectionis.
1809 4864 1941 4927 Quis

365 4947 534 5017 igitur
573 4945 664 4999 hic
704 4945 829 5000 est?
859 4944 1178 5000 Esuriamus
1221 4955 1465 5000 nostram
1512 4949 1753 5018 ipsorum
1794 4953 1942 5008 salu-

365 5047 498 5103 tem,
532 5036 781 5091 sitiamus
810 5035 1050 5089 divinam
1077 5035 1434 5100 voluntatem,
1461 5054 1583 5108 qure
1612 5049 1717 5105 est,
1755 5051 1813 5097 ut
1842 5058 1941 5099 nos

366 5143 668 5185 servemur.
716 5129 833 5193 Qua
874 5127 1087 5181 ratione
1126 5126 1293 5197 igitur
1341 5129 1505 5185 talem
1538 5132 1696 5188 nobis
1744 5132 1941 5188 famem

365 5219 636 5273 coniicere
665 5218 961 5286 possimus,
1000 5233 1146 5272 nunc
1179 5218 1470 5275 didicimus
1511 5236 1541 5274 a
1587 5222 1937 5281 beatitudine.

366 5309 471 5376 Qui
503 5310 646 5364 enim
673 5308 943 5377 justitiam
978 5307 1073 5362 Dei
1125 5308 1423 5377 desiderat,
1465 5313 1673 5368 invenit
1713 5316 1765 5368 id
1796 5318 1942 5385 quod

365 5414 495 5453 vere
541 5398 904 5466 expetendum
946 5409 1030 5453 est
1063 5418 1077 5454 :
1111 5400 1270 5469 cujus
1303 5402 1631 5458 desiderium
1670 5423 1777 5460 non
1828 5423 1938 5461 uno

369 5487 532 5544 modo
570 5500 783 5552 eorum,
838 5488 928 5556 qui
984 5504 1080 5558 per
1110 5492 1409 5560 appetitum
1447 5506 1932 5567 repraesentantur,

445 5661 490 5694 "
528 5656 697 5716 Joan.
726 5674 799 5723 tv,
835 5659 923 5713 δι.
999 5663 1042 5695 ¹⁸
1081 5662 1100 5714 l
1141 5662 1283 5718 Tim.
1319 5680 1387 5732 ιι,
1424 5666 1475 5718 li.

2038 4611 2125 4646 ται
2153 4596 2185 4664 ἡ
2216 4591 2459 4663 ἡμετέρα
2493 4589 2605 4660 ζωὴ
2629 4628 2645 4651 ,
2692 4586 3086 4658 μεμαθήκαμεν
3117 4586 3196 4646 είς
3229 4583 3258 4635 ὄ
3279 4601 3335 4638 τι
3358 4584 3619 4654 χρηστέον

2040 4687 2106 4740 ἃν
2130 4684 2215 4756 εἴη
2242 4687 2306 4754 τῇ
2340 4682 2561 4753 τοιαύτῃ
2593 4680 2693 4750 τῆς
2725 4679 2900 4747 ψυχῆς
2939 4676 3199 4730 διαθέσει.
3237 4674 3306 4727 Τί
3336 4670 3436 4727 οὖν
3468 4674 3619 4727 τοῦτό

2040 4779 2193 4841 eam;
2230 4773 2583 4842 Πεινάσωμεν
2606 4770 2704 4840 τὴν
2737 4766 2941 4822 ἑαυτῶν
2978 4765 3273 4836 σωτηρίαν,
3302 4765 3618 4836 διψήσωμεν

2039 4864 2132 4918 τοῦ
2169 4864 2312 4916 θείου
2357 4862 2692 4934 θελήματος,
2727 4860 2861 4929 ὅπερ
2908 4857 3023 4909 ἐστὶ
3066 4854 3125 4908 τὸ
3167 4856 3320 4925 ἡμᾶς
3360 4856 3615 4925 σωθῆναι.

2042 4957 2166 5020 Πῶς
2189 4951 2280 5010 οῦν
2314 4958 2429 5008 ἐστι
2461 4954 2557 5024 τὴν
2582 4951 2835 5020 τοιαύτην
2864 4952 2995 5020 ἡμῖν
3047 4946 3471 5016 κατορθωθῆναι
3506 4949 3618 5000 mi-

2040 5066 2165 5113 ναν,
2220 5047 2314 5101 νῦν
2361 5045 2509 5115 παρά
2547 5043 2640 5097 τοῦ
2691 5038 3043 5113 μακαρισμοῦ
3093 5037 3521 5109 μεμαθήκαμεν.
3566 5041 3620 5093 '0

2039 5138 2147 5211 γὰρ
2170 5139 2266 5210 τὴν
2286 5135 2629 5204 δικαιοσύνην
2657 5130 2749 5186 τοῦ
2772 5131 2905 5185 Θεοῦ
2932 5130 3193 5202 ποθήσας,
3224 5123 3383 5200 εὗρεν
3410 5131 3473 5183 τὸ
3498 5131 3621 5199 ἀλη-

2042 5230 2149 5293 θῶς
2190 5229 2413 5301 όρεκτόν
2437 5246 2451 5258 ο
2489 5220 2549 5281 οῦ
2591 5226 2687 5296 τὴν
2721 5223 3018 5293 ἐπιθυμίαν
3047 5222 3144 5291 οὐχ
3177 5222 3258 5273 ἐνὶ
3300 5221 3494 5292 τρόπῳ
3518 5222 3617 5273 τῶν

2042 5319 2183 5372 κατά
2217 5318 2314 5389 τὴν
2351 5316 2530 5388 ὄρεξιν
2568 5314 2973 5384 ἐνεργουμένων
3003 5311 3327 5381 ἐπλήρωσεν
3355 5327 3372 5342 ·
3418 5313 3480 5363 ού
3520 5312 3620 5381 γὰρ

2047 5409 2204 5479 μόνον
2230 5407 2304 5470 ὡς
2329 5407 2528 5479 βρῶσιν
2549 5404 2648 5476 τὴν
2673 5403 2767 5456 τοῦ
2786 5402 2994 5455 δικαίου
3020 5400 3317 5471 μετουσίαν
3338 5402 3614 5470 ἐπόθησεν.

2052 5499 2343 5569 Ἦμιτελὴς
2375 5498 2481 5568 γὰρ
2502 5496 2566 5551 ἂν
2590 5492 2655 5569 ἦν
2682 5496 2773 5550 ἐπὶ
2798 5493 2998 5564 ταύτης
3027 5494 3193 5564 μόνης
3213 5493 3317 5566 τῆς
3337 5493 3615 5557 διαθέσεως
