3738 5984
60 294 213 348 1281

1115 299 1204 354 DE
1234 296 1835 354 BEATITUDiNiBUS.
1860 296 2119 353 ORATIO
2156 295 2247 352 IV.

3202 279 3344 336 1241

58 417 260 471 στᾶσα
298 417 331 489 ἡ
361 416 562 488 ὄρεξις,
597 417 713 472 νυνὶ
740 416 797 470 δὲ
825 417 917 469 καὶ
946 415 1174 485 πότιμον
1196 416 1257 468 τὸ
1277 414 1480 485 ἀγαθδν
1505 434 1534 469 τ

1867 414 2025 480 ›1ενίι,
2066 429 2173 468 non
2202 411 2347 469 enim
2380 407 2557 466 solum
2591 413 2850 474 tanquam
2894 399 3076 456 cibum
3110 396 3343 468 justitia

58 507 363 576 ἐποίησεν,
397 508 482 561 ἵνα
514 507 575 560 τὸ
602 506 864 577 ἔνθερμόν
884 523 942 559 τε
977 507 1072 559 καὶ
1103 505 1324 570 διακαὲς
1350 506 1451 575 τῆς
1477 506 1668 558 ἐπιθυ-

65 600 215 668 μίας
241 599 324 670 τῷ
362 599 523 653 πάθει
556 601 655 670 τῆς
681 598 840 668 δίψης
863 596 1183 668 ἐνδείξηται.
1213 596 1379 667 Ξηροὶ
1411 596 1522 668 γάρ
1545 596 1667 668 τρό-

64 709 187 744 πον
221 691 348 744 τινά
380 691 474 744 καὶ
497 690 790 761 φλογώδεις
817 691 876 742 ὲν
899 688 978 759 τῷ
1004 687 1180 760 καιρῷ
1211 688 1304 740 τοῦ
1327 687 1509 756 δίψους
1534 687 1672 756 γινό-

72 796 275 847 μενοι,
308 780 383 841 ὡς
428 778 822 848 θεραπευτικὸν
863 779 963 848 τῆς
992 779 1244 848 τοιαύτης
1280 777 1573 840 διαθέσεως
1610 778 1673 830 τὸ

68 872 255 924 ποτὸν
275 870 593 941 μεθ’ήδονῆς
610 869 1048 941 προσφερόμεθα.
1079 870 1229 923 Ἐπεὶ
1249 865 1341 923 οὖν
1366 869 1462 940 μία
1481 870 1578 939 μὲν
1595 869 1673 939 τῷ

69 964 239 1029 γένει
264 966 295 1033 ή
335 962 516 1032 ὄρεξις
535 963 627 1014 ἐπὶ
660 960 916 1032 βρώσεώς
935 979 994 1014 τε
1023 965 1116 1015 καὶ
1139 962 1349 1024 πόσεως
1379 977 1395 993 ’
1421 961 1674 1032 διάφορον

70 1051 137 1103 δὲ
172 1054 207 1123 ἡ
233 1053 368 1123 πρὸς
401 1053 660 1123 ἑκάτερον
693 1052 895 1105 τούτων
929 1052 1186 1117 διάθεσις,
1218 1052 1294 1114 ῶς
1323 1051 1389 1106 ἂν
1414 1052 1475 1104 τὸ
1512 1051 1676 1120 ἀκρό-

72 1158 256 1195 τατον
283 1143 383 1211 τῆς
422 1142 558 1216 πρὸς
600 1142 660 1194 τὸ
704 1143 905 1210 ἀγαθὸν
940 1142 1235 1212 ἐπιθυμίας
1269 1144 1299 1195 6
1341 1143 1499 1210 λόγος
1540 1143 1672 1211 ἡμῖν

79 1231 547 1302 νομοθετήσειεν
585 1233 881 1303 μακαρίζει
929 1234 1055 1297 τοὺς
1091 1232 1160 1285 τά
1199 1233 1293 1286 δύο
1320 1231 1492 1286 ταῦτα
1541 1230 1678 1302 πρὸς

74 1322 190 1392 τὴν
239 1322 586 1394 δικαιοσύνην
617 1325 925 1393 πάσχοντας
947 1362 962 1386 ,
995 1322 1094 1394 τὴν
1134 1322 1323 1376 πεϊνάν
1350 1340 1410 1376 τε
1453 1322 1549 1375 καὶ
1575 1321 1676 1391 τὴν

75 1414 253 1481 δίψαν
275 1457 291 1481 ,
319 1414 396 1477 ὡς
421 1414 605 1468 ίκανοῦ
649 1415 799 1478 ὄντος
824 1413 918 1467 τοῦ
955 1412 1291 1484 ποθουμένου
1320 1398 1460 1483 ’πρὸς
1486 1410 1676 1464 ἐκατέ-

82 1522 199 1576 ραν
220 1504 569 1575 ἁρμοσθῆναι
594 1503 943 1575 καταλλήλως
970 1503 1069 1574 τὴν
1093 1503 1292 1573 ὄρεξιν,
1321 1503 1416 1556 καὶ
1446 1501 1679 1572 στερρὰν

86 1597 201 1665 μὲν
241 1595 322 1662 τῷ
371 1596 625 1649 πεινῶντι
663 1595 907 1665 γίνεσθαι
952 1594 1179 1665 τροφὴν,
1220 1594 1449 1664 πότιμον
1498 1593 1556 1645 δὲ
1602 1590 1680 1662 τῷ

81 1687 401 1758 διψητικῶς
429 1686 854 1759 ἐφελκυσαμένῳ
884 1687 980 1756 τὴν
1007 1687 1186 1757 χάριν.

1771 522 1931 562 usum
1969 507 2274 576 proposuit.
2320 498 2744 571 Semiperfectus
2791 495 2936 550 enim
2984 498 3150 557 esset,
3193 489 3240 545 si
3288 487 3346 540 in

1771 596 1876 651 hac
1923 596 2041 652 sola
2093 593 2383 649 affectione
2429 590 2776 649 consisteret,
2838 582 3161 652 appetitus:
3198 591 3346 631 nunc

1773 694 1955 741 autem
1985 686 2149 740 etiam
2178 683 2415 754 potabile
2444 682 2547 735 hoc
2585 678 2790 733 bonum
2820 672 2971 733 fecit,
3010 677 3067 722 ut
3091 667 3344 721 ardorem

1772 786 1827 833 et
1866 776 2133 832 fervorem
2171 772 2482 843 cupiditatis
2515 784 2612 840 per
2644 768 2767 823 silis
2813 762 3157 818 affectionem
3202 757 3347 811 indi-

1773 877 1942 923 caret.
1979 866 2114 920 Cum
2143 865 2287 920 enim
2339 864 2394 918 in
2430 871 2676 931 tempore
2718 858 2841 913 sitis
2895 852 3033 907 aridi
3080 847 3347 919 quodam-

1773 955 1935 1010 modo
1980 954 2175 1008 ﬁamus
2224 959 2277 1006 et
2328 950 2601 1012 ardentes,
2645 960 2743 1016 pro
2794 941 3037 999 remedio
3076 934 3349 1007 ejusmodi

1775 1045 2083 1101 affectionis
2131 1052 2318 1114 potum
2367 1041 2637 1096 sumimus
2684 1052 2808 1091 cum
2847 1035 3145 1103 voluptate.
3199 1027 3350 1093 Quo-

1778 1138 1928 1192 niam
1976 1138 2142 1208 igitur
2177 1151 2323 1191 unus
2352 1133 2570 1203 quidem
2621 1143 2819 1199 genere
2848 1127 2966 1196 ipso
2995 1124 3102 1179 cibi
3139 1121 3347 1191 pariter

1776 1239 1830 1286 et
1856 1231 2091 1301 potionis
2131 1229 2405 1299 appetitus
2440 1232 2559 1291 est;
2614 1223 2830 1277 diversa
2871 1232 3000 1273 vero
3028 1215 3092 1269 ad
3138 1220 3352 1267 utrum-

1782 1334 1889 1390 que
1916 1321 2111 1371 horum
2153 1317 2371 1369 allectio
2387 1322 2493 1379 est,
2514 1321 2575 1366 ut
2595 1327 2871 1367 summum
2903 1311 3063 1364 nobis
3093 1317 3147 1363 et
3168 1315 3353 1362 extre-

1780 1423 1930 1463 mum
1968 1407 2099 1461 boni
2138 1405 2474 1461 desiderium
2517 1416 2700 1459 sermo
2731 1402 3130 1472 praescriberet,
3162 1399 3352 1454 beatos

1777 1496 1989 1568 judicat
2007 1511 2125 1563 eos,
2146 1497 2239 1566 qui
2261 1494 2480 1550 duobus
2511 1493 2598 1549 his
2625 1491 2933 1550 aﬂ'cctibus,
2957 1489 3100 1544 fame
3126 1489 3348 1551 pariter.

1780 1602 1834 1647 et
1865 1593 1955 1648 siti
1991 1590 2058 1644 ad
2081 1588 2353 1659 justitiam
2386 1588 2698 1643 moventur,
2738 1576 2895 1647 quasi
2937 1572 3073 1628 satis
3102 1569 3358 1622 idoneum

1782 1685 1853 1738 sit
1884 1683 1933 1736 id
1965 1656 2111 1751 quod
2144 1676 2511 1735 desideratur.
2542 1679 2603 1727 ut
2647 1686 2704 1724 se
2733 1668 2952 1735 utrique
2979 1657 3241 1733 appetitui
3276 1656 3363 1710 in-

82 1783 277 1837 vicem
311 1783 711 1847 accommodet,
761 1789 925 1851 atque
961 1780 1223 1837 esurienti
1250 1777 1468 1849 quidem
1510 1774 1904 1831 nutrimentum
1936 1774 2196 1837 solidum,
2227 1784 2350 1826 cum
2385 1766 2480 1824 siti
2526 1778 2656 1820 vero
2721 1760 2952 1833 gratiam
3018 1753 3086 1808 ad
3148 1766 3207 1805 se
3283 1754 3364 1802 at-

88 1877 343 1931 trahenti
373 1877 613 1946 potabile
653 1878 905 1932 exsistat.

168 1970 464 2040 Μακάριοι
484 1976 537 2027 οἱ
560 1970 878 2037 πεινῶντες
903 1971 1001 2025 καὶ
1017 1968 1311 2040 διψῶντες
1333 1967 1447 2034 τὴν
1464 1965 1644 2019 δικαία

1888 1960 2009 2013 teati
2048 1956 2139 2028 qui
2181 1953 2422 2009 esuriant
2460 1956 2511 2003 et
2547 1946 2737 2001 sitiunt
2769 1937 3043 2010 justitiam
3066 1974 3080 1996 ,
3113 1931 3364 2000 quoniam

90 2066 329 2132 σύνην,
361 2063 449 2115 ὅτι
477 2063 646 2117 αὐτοὶ
677 2062 1215 2132 χορτασθήσονται.
1241 2053 1367 2132 'Ap‘
1391 2054 1484 2112 οὖν
1505 2056 1565 2111 τὸ
1587 2056 1684 2127 μὲν

96 2159 244 2230 πρὸς
288 2159 386 2228 τὴν
418 2155 762 2225 δικαιοσύνην
800 2154 1099 2226 ὀρεκτικῶς
1136 2152 1279 2224 ἔχειν
1331 2150 1684 2222 μακαριστὸν,

95 2253 152 2306 εξ
185 2251 246 2304 δέ
274 2267 360 2313 τις
386 2249 522 2321 πρὸς
543 2248 641 2320 τὴν
672 2247 1043 2318 σωφροσύνην,
1075 2245 1108 2317 ἢ
1132 2247 1231 2316 τὴν
1275 2243 1464 2312 σοφίαν
1482 2284 1497 2308 ,
1526 2242 1559 2313 ἢ
1592 2239 1689 2311 τὴν

100 2344 397 2417 φρόνησιν,
428 2342 461 2413 ἢ
494 2341 546 2394 εί
568 2358 620 2395 τι
640 2339 766 2394 ἄλλο
792 2340 893 2410 τῆς
925 2339 1124 2410 ἀρετῆς
1150 2334 1285 2401 εἶδός
1307 2333 1690 2404 ὲστιν,ὁμοίως

102 2436 250 2507 ἔχει,
288 2434 478 2487 τοῦτον
515 2435 574 2486 οὐ
624 2429 914 2503 μακαρίζει
944 2433 972 2483 ό
1002 2431 1203 2498 Λόγος;
1248 2425 1408 2480 Ἀλλά
1453 2422 1692 2478 τοιοῦτόν

100 2545 235 2581 τινα
261 2525 409 2597 τάχα
435 2524 558 2579 νοῦν
580 2526 641 2578 τὸ
672 2524 963 2594 λεγόμενον
994 2520 1105 2592 ἔχει
1123 2534 1138 2550 ·
1159 2520 1255 2573 Ἓν
1279 2517 1387 2572 τῶν
1421 2517 1541 2571 κατ’
1569 2515 1695 2586 ἀρε-

102 2619 213 2690 τὴν
250 2616 575 2687 νοουμένων,
604 2617 637 2684 ἡ
663 2613 975 2684 δικαιοσύνη
1007 2612 1174 2666 ἐστίν.
1200 2609 1454 2682 Συνήθως
1478 2608 1535 2661 δὲ
1568 2605 1698 2660 πολ-

105 2709 279 2767 λὰκις
324 2708 358 2776 ἡ
406 2704 525 2758 θεία
562 2702 753 2775 Γραφὴ
800 2702 888 2757 διὰ
929 2704 1027 2771 τῆς
1056 2698 1146 2753 τοῦ
1195 2701 1393 2771 μέρους
1443 2697 1692 2769 μνήμης,

117 2783 528 2872 περιλαμΰάνεῖ
566 2795 627 2849 τὸ
658 2796 808 2849 δλοψ
848 2795 920 2857 ὼς
966 2795 1095 2847 ὅταν
1138 2790 1234 2862 τὴν
1266 2790 1417 2843 θείαν
1445 2787 1603 2858 φύσιν
1633 2785 1697 2838 δι’

109 2889 401 2959 ὀνομάτων
431 2885 591 2940 τινῶν
630 2883 926 2956 έρμηνεύῃ.
959 2881 1121 2949 Λέγει
1144 2881 1272 2951 γὰρ,
1306 2877 1446 2947 Ἐγὼ
1467 2876 1698 2943 Κύριος,

110 2983 195 3047 ὡς
219 2983 288 3034 ὲκ
300 2977 588 3051 προσώπου
603 2974 696 3029 τοῦ
713 2974 846 3029 Θεοῦ
861 2978 894 3046 ὴ
918 2970 1238 3045 προφητεία·
1261 2968 1438 3023 τοῦτό
1450 2984 1549 3035 μοι
1567 2964 1700 3018 ὄνο-

110 3095 202 3146 μα
223 3073 467 3127 αἰώνιον
486 3087 501 3100 '
531 3070 629 3124 καί
654 3069 1053 3138 μνημόσυνον
1081 3059 1301 3134 γενεῶν
1319 3057 1567 3130 γενεαῖς.
1594 3056 1706 3109 Καὶ

117 3167 294 3222 πάλιν
319 3161 543 3234 ἑτέρωθί
574 3177 739 3231 φησιν
756 3176 769 3188 ·
800 3157 946 3227 Ἐγὼ
967 3158 1083 3225 εἰμι
1105 3157 1137 3208 ό
1163 3153 1265 3205 ὧν.
1289 3150 1400 3204 Καὶ
1433 3151 1490 3202 ὲν
1512 3146 1702 3216 ἑτέρῳ·

116 3263 208 3315 ὅτι
255 3250 557 3325 Ἐλεῆμων
587 3253 729 3323 εἰμί.
753 3249 859 3304 Καὶ
890 3247 1101 3320 μυρίοις
1143 3245 1322 3305 ἄλλοις
1345 3241 1570 3311 ὀνόμασι
1597 3239 1708 3299 τοῖς

121 3355 187 3407 τὸ
240 3348 443 3421 ὑψηλόν
479 3364 538 3401 τε
573 3346 669 3399 καὶ
713 3340 1015 3413 θεοπρεπὲς
1052 3334 1500 3407 διασημαίνουσιν
1521 3371 1536 3395 ,
1570 3324 1710 3380 οἶδεν

124 3439 423 3512 ὀνομάζειν
451 3437 612 3492 αὐτὸν
639 3438 673 3507 η
704 3434 834 3502 ἁγία
860 3428 1070 3501 Γραφὴ,
1097 3427 1236 3480 ὥστε
1267 3423 1354 3476 διά
1385 3421 1586 3474 τούτων
1618 3434 1712 3488 μα-

1735 3291 1782 3352 C

1786 2052 1891 2122 ipsi
1935 2022 2345 2104 saturabuutur.
2385 2035 2642 2108 Nunquid
2670 2048 2800 2102 ergo
2841 2027 3114 2100 justitiam
3143 2022 3364 2093 quidem

1787 2116 2041 2213 expetere
2086 2140 2305 2194 beatum
2344 2129 2698 2204 iudicandum
2729 2130 2851 2189 est;
2885 2118 2979 2176 sed
3014 2119 3060 2172 si
3088 2116 3214 2187 quis
3239 2128 3369 2183 erga

1789 2208 2204 2302 temperantiam
2224 2267 2240 2291 ,
2267 2221 2661 2280 continentiam
2685 2258 2700 2285 ,
2731 2213 3081 2271 sobrietatem
3105 2248 3119 2274 ,
3152 2208 3246 2262 aut
3275 2221 3369 2262 sa-

1790 2298 2052 2396 pientiam
2078 2365 2092 2388 ,
2127 2327 2221 2375 aut
2255 2315 2597 2389 prudentiam
2618 2351 2633 2376 ,
2667 2315 2762 2364 aut
2795 2308 2840 2363 si
2872 2318 2981 2375 qua
3013 2301 3117 2356 alia
3152 2298 3373 2353 virtutis

1794 2388 2005 2487 species
2050 2419 2170 2476 est,
2224 2388 2478 2465 similiter
2527 2401 2755 2456 aﬂ‘ectus
2788 2405 2902 2460 est,
2956 2395 3104 2448 hunc
3130 2388 3371 2445 Verbum

1794 2477 2014 2562 beatum
2047 2518 2161 2558 non
2205 2497 2455 2567 iudicat?
2483 2493 2685 2549 Verum
2738 2490 2898 2543 talem
2951 2484 3184 2540 forsitan
3227 2477 3375 2551 quod

1796 2596 1999 2652 dicitur.
2025 2590 2350 2648 sententiam
2382 2587 2439 2640 in
2473 2599 2532 2640 se
2558 2581 2823 2638 continet:
2852 2576 3032 2632 Unum
3063 2589 3129 2629 ex
3161 2571 3230 2627 iis
3255 2583 3378 2639 quae

1797 2702 1894 2757 per
1944 2684 2199 2738 virtutem
2242 2678 2640 2746 intelliguntur,
2682 2668 2897 2739 justitia
2941 2674 3045 2720 est.
3087 2662 3199 2717 Pro
3237 2674 3375 2727 con—

1801 2750 2091 2835 suetudine
2120 2782 2299 2826 antem
2332 2767 2387 2822 id
2433 2778 2577 2834 saepe
2617 2760 2801 2816 divina
2844 2756 3130 2826 Scriptura
3174 2750 3336 2804 habet
3360 2785 3377 2810 ,

1801 2878 1862 2925 ut
1891 2867 2034 2922 facta
2067 2863 2345 2919 mentione
2373 2857 2543 2928 partis
2563 2893 2579 2918 ,
2611 2860 2784 2907 totum
2812 2842 3278 2916 comprehendat,
3321 2845 3383 2892 ut

1803 2975 1926 3016 cum
1959 2958 2198 3012 divinam
2233 2958 2486 3006 naturam
2517 2960 2616 3016 per
2642 2943 2823 3012 aliqua
2856 2937 3079 2993 nomina
3109 2933 3380 3001 designat.

1809 3051 1950 3105 Dicit
1978 3048 2124 3104 enim
2158 3053 2420 3112 tanquam
2454 3053 2521 3093 ex
2549 3046 2784 3106 persona
2811 3030 2906 3085 Dei
2933 3026 3200 3098 prepbeta
3226 3040 3240 3076 :
3269 3019 3385 3090 Ego

1808 3142 2069 3198 Dominus
2092 3176 2107 3203 ,
2155 3136 2252 3188 hoc
2279 3131 2408 3185 mihi
2440 3143 2626 3184 nomen
2655 3134 2949 3181 internum:
2980 3129 3030 3173 et
3076 3111 3387 3170 memorial:

1808 3230 2209 3305 generationum
2244 3218 2675 3295 generationibus
2704 3216 2783 3280 “;
2830 3219 2886 3268 et
2933 3221 3129 3264 rursus
3176 3204 3237 3259 in
3280 3202 3390 3256 alio

1812 3292 1934 3379 ioco
1964 3321 2040 3374 ait
2066 3338 2079 3372 :
2128 3292 2387 3385 Ego‘sum
2430 3311 2522 3379 qui
2563 3324 2683 3362 sum
2712 3305 2761 3337 ⁸⁸
2788 3323 2802 3358 :
2833 3310 2888 3358 et
2919 3302 2975 3355 in
3004 3299 3148 3354 alio:
3179 3292 3392 3348 Miseri—

1812 3427 1930 3466 cors
1966 3424 2083 3463 sum
2116 3378 2204 3458 “V:
2239 3411 2292 3457 et
2326 3398 2605 3456 sexcentis
2636 3394 2760 3449 aliis
2806 3389 3125 3445 nominibus
3157 3385 3213 3439 id
3243 3378 3389 3453 quod

1816 3506 1871 3555 et
1915 3498 2086 3551 altum
2137 3499 2191 3548 et
2241 3494 2535 3557 augustum
2588 3491 2674 3537 est
2722 3476 3200 3549 significantibus,
3254 3468 3394 3524 solet

1818 3590 1988 3645 Deum
2020 3590 2208 3642 sancta
2236 3580 2523 3649 Scriptura
2551 3573 2869 3635 nominare,
2903 3576 2960 3623 ut
2987 3580 3084 3636 per
3106 3565 3222 3618 haec
3245 3568 3402 3637 certo.

1819 3681 2095 3739 sciamus,
2126 3672 2271 3743 quod
2309 3682 2437 3724 cum
2467 3678 2638 3720 unum
2671 3657 2895 3731 aliquod
2934 3657 3097 3718 edat,
3141 3659 3255 3705 tota
3294 3663 3396 3703 no-

1820 3773 2032 3828 minum
2057 3763 2344 3834 congeries
2369 3758 2533 3813 tacite
2557 3768 2683 3810 cum
2710 3767 2821 3807 uno
2847 3750 3012 3806 simul
3036 3744 3394 3814 exprimatur.

1822 3865 1939 3921 Non
1964 3862 2108 3918 enim
2142 3833 2487 3919 conceditur,
2521 3864 2626 3906 nec
2657 3843 2940 3919 probabile
2967 3845 3083 3903 est,
3120 3836 3169 3891 si
3217 3833 3400 3888 Domi-

1826 3974 1931 4015 nus
1955 3956 2192 4015 dicatur,
2217 3962 2341 4004 eum
2368 3986 2383 4011 ,
2416 3959 2526 3999 non
2555 3941 2722 3997 etiam
2754 3936 2959 4004 reliqua
2986 3944 3141 3994 esse,
3170 3925 3265 3982 sed
3291 3939 3400 3979 om-

1826 4050 1919 4104 nia
1952 4059 2050 4117 per
2079 4055 2248 4097 unum
2283 4051 2483 4093 nomen
2514 4031 2916 4102 exprimuntur.
2949 4022 3052 4077 Per
3086 4018 3202 4073 haec
3234 4013 3403 4085 igitur

1828 4109 2120 4197 didicimus
2141 4173 2157 4198 ,
2189 4129 2336 4203 quod
2370 4142 2467 4198 per
2497 4131 2707 4196 partem
2758 4119 2997 4189 aliquam
3047 4109 3220 4166 multa
3254 4117 3405 4160 com-

1829 4233 1992 4306 plecti
2026 4201 2493 4285 soleat'divinitus
2524 4214 2737 4287 prodita
2768 4210 3076 4279 Scriptura.
3111 4201 3254 4271 Ergo
3280 4211 3405 4251 cum

1832 4290 1996 4380 etiam
2027 4320 2120 4374 hic
2152 4314 2390 4370 Verbum
2419 4309 2681 4370 dixisset,
2713 4301 2984 4372 justitiam
3009 4295 3109 4359 iis,
3134 4291 3228 4362 qui
3251 4290 3410 4344 beate

128 3506 253 3589 θεῖν
283 3530 545 3603 ἀκριϐῶς,
582 3506 669 3581 ὅτι
689 3527 816 3579 ὅταν
841 3523 899 3575 ἓν
929 3538 981 3573 τι
1011 3519 1161 3588 εἴπῃ,
1195 3516 1303 3578 πᾶς
1330 3515 1358 3565 6
1385 3510 1492 3564 τῶν
1527 3506 1717 3578 ὀνομά-

129 3643 248 3682 wv
272 3622 570 3689 κατάλογος
601 3617 740 3671 κατὰ
768 3614 829 3668 τὸ
855 3610 1204 3678 σιωπώμενον
1233 3605 1311 3677 τῷ
1333 3604 1412 3656 ἐνὶ
1440 3616 1719 3668 συνεκφω-

131 3718 335 3770 νεῖται.
377 3711 451 3763 Οὐ
490 3685 611 3777 ⁷γιέιρ
663 3704 958 3774 ἐνδέχεται,
995 3699 1091 3752 ἐὰν
1130 3694 1336 3760 Κύριος
1368 3692 1616 3775 λέγηται,
1644 3685 1718 3757 μὴ

133 3766 238 3862 καὶ
258 3804 327 3858 τὰ
348 3801 482 3858 ἄλλα
507 3766 646 3853 etv-tu
675 3812 687 3824 '
715 3766 854 3850 ἀλλά
882 3792 1059 3846 πάντα
1090 3789 1156 3842 δι’
1183 3786 1300 3850 ἐνὸς
1325 3785 1585 3855 ὀνόματος
1605 3766 1722 3834 dvo-

140 3898 401 3971 μάζεται.
441 3892 541 3946 Διά
583 3888 786 3943 τούτων
811 3881 904 3940 οὖν
930 3881 1349 3955 μεμαθήκαμεν,
1380 3876 1460 3929 ὅτι
1502 3873 1591 3927 διὰ
1623 3869 1722 3941 μέ-

140 3964 275 4062 ρους
310 3983 455 4046 τινὸς
486 3980 657 4034 πολλά
688 3973 1116 4047 περιλαμϐάνειν
1140 3966 1280 4023 οἶδεν
1308 3970 1337 4020 6
1365 3964 1725 4049 θεόπνευστος

138 4041 340 4148 λόγος.
397 4041 604 4144 Οῦκοῦν
648 4041 1016 4124 καὶ-ἐνταῦθα
1065 4063 1163 4134 τὴν
1216 4041 1583 4126 δικαιοσύνην
1613 4053 1727 4114 τοῖς

146 4165 507 4245 μακαριστῶς
532 4161 752 4217 πεινῶσι
796 4156 1114 4235 προκεῖσθαι
1143 4157 1171 4207 ὁ
1197 4153 1369 4221 Λόγος
1401 4147 1599 4211 εἰπὼν,
1621 4146 1727 4198 πᾶν

144 4236 293 4326 εἶδος
312 4236 546 4332 ἀρετῆς,
596 4253 685 4307 διά
738 4250 940 4320 ταύτης
972 4242 1366 4315 ἀποσημαίνει,
1401 4240 1478 4301 ὡς
1533 4236 1730 4301 ἐπίσης

149 4327 490 4431 μακαριστὸν
527 4345 664 4401 εἶναι
694 4345 785 4397 τὸν
811 4342 904 4395 καὶ
925 4339 1204 4410 φρόνησιν,
1224 4334 1318 4387 καὶ
1342 4330 1613 4401 ἀνδρείαν,
1636 4327 1732 4380 καὶ

150 4379 488 4431 μακαριστυν
527 4379 664 4401 uvas
706 4379 784 4397 νυν
814 4379 904 4395 nun
925 4379 1204 4410 Yrvvu‘v-v'
1226 4379 1317 4387 ην.-
1344 4379 1580 4401 ...Ἴ-μη
1601 4379 1613 4393 ,

150 4445 512 4519 σωφροσύνην
545 4437 834 4500 πεινῶντα,
863 4433 958 4487 καὶ
985 4431 1116 4484 εἴτι
1157 4429 1344 4498 ἕτερον
1377 4424 1434 4477 ὲν
1469 4422 1549 4491 τῷ
1586 4438 1626 4474 α

1937 4414 2114 4476 riant,
2148 4404 2487 4480 propositam
2518 4412 2668 4460 osse,
2705 4407 2803 4463 per
2835 4392 2979 4445 hanc
3000 4426 3015 4451 ,
3046 4396 3265 4441 omnem
3296 4379 3411 4434 vir-

2112 4501 2234 4519 -·-μ.
2270 4494 2511 4519 ,εμε-...εο
2581 4495 2639 4519 ..ο
2670 4501 2734 4519 ιη
2764 4496 2921 4519 ωηιιη
2950 4480 3147 4519 hamum
3181 4474 3287 4519 κίι-
3316 4469 3411 4519 nui

150 4469 512 4519 σωφροσύνην
545 4469 834 4500 πεινωνυυι,
866 4469 958 4487 η...
985 4469 1033 4484 ς..
1073 4469 1116 4483 ..
1159 4469 1339 4498 νη.-.
1378 4469 1427 4477 η
1482 4469 1543 4491 -τ
1589 4469 1619 4474 ν-

150 4542 254 4612 τῆς
313 4533 512 4607 ἀρετῆς
560 4529 702 4597 λόγῳ
750 4517 1244 4591 καταλαμϐάνεται.
1292 4509 1424 4565 Οὐδὲ
1462 4507 1570 4577 γάρ
1619 4508 1626 4556 i

1934 4509 1971 4562 is
1999 4469 2239 4573 speciem
2265 4494 2549 4565 designat,
2581 4495 2643 4543 ut
2669 4501 2735 4540 ex
2764 4496 2921 4553 aequo
2950 4480 3147 4535 beatus
3181 4474 3287 4537 sit,
3316 4469 3410 4542 qui

2006 4610 2017 4612 ς
2046 4591 2266 4612 ἠις-..η
2360 4593 2407 4612 Α.
2457 4575 2832 4612 εηυιιιιηιὶηρηι
2919 4576 2975 4612 οι
3025 4565 3375 4612 sobrietatem
3395 4598 3410 4612 .

313 4565 347 4589 υι
389 4565 510 4596 et...
562 4565 619 4581 ηυ
659 4565 702 4597 ιε,
752 4565 958 4578 ...η-η..
1011 4565 1242 4571 ---ψη
1474 4565 1485 4576 ,
1540 4565 1553 4577 ,

152 4565 385 4688 Eligant»:
410 4565 480 4679 ’ἐνὶ
517 4640 570 4676 τι
607 4565 708 4689 τιῆς
737 4614 937 4687 ἀρετῆς
965 4565 1115 4671 ⁵ἐἶδος
1139 4605 1246 4659 τῶν
1291 4599 1493 4654 λοιπῶν
1525 4594 1628 4654 διεζ

1936 4565 2306 4667 prudentiam,
2356 4593 2411 4640 et
2457 4575 2873 4637 fortitudinem,
2919 4576 2975 4625 et
3025 4565 3412 4623 sobrietatem,

1984 4686 1994 4689 λ
2141 4683 2152 4689 -
2319 4675 2342 4689 ι·
2454 4672 2685 4689 λιιι-η.
2753 4674 2798 4689 Α.
2853 4662 2895 4689 ..ι
2950 4658 3078 4689 ...ἀλ
3131 4652 3276 4689 aliut!
3319 4664 3412 4689 me

156 4652 384 4688 ουνατον
412 4652 471 4679 εν
517 4652 570 4676 ἰιι
608 4652 706 4689 ἐιμι
737 4652 935 4687 νινε-νει,
976 4652 1112 4671 ν.--.,
1150 4652 1239 4659 -._-
1295 4652 1391 4654 -.-κν
1627 4652 1632 4656 η

156 4724 385 4797 γμένον,
414 4716 545 4772 αὐτὸ
595 4711 715 4767 καθ’
752 4702 913 4760 ἑαυτὸ
963 4698 1172 4754 τελείαν
1206 4695 1306 4767 τὴν
1348 4690 1549 4763 ἀρετὴν
1576 4682 1632 4740 ei

1942 4683 2244 4740 ttinentiam
2268 4719 2283 4745 ,
2315 4672 2717 4745 frugalitatem.
2751 4674 2804 4719 et
2851 4662 2898 4718 si
2948 4658 3082 4730 quid
3131 4652 3279 4710 aliud
3319 4664 3418 4722 per

1946 4780 2089 4797 με-..
2140 4770 2359 4797 -ε-....ι..
2402 4760 2771 4797 ,ιοιιηιιίιίηριη
2826 4749 3128 4797 neri-initur
3169 4751 3224 4797 et
3269 4755 3418 4797 com-

155 4749 385 4889 35:2:
404 4749 481 4867 ἐξ
497 4749 581 4879 μὴ
597 4749 1001 4869 ῆσῦνθεωρῆταί
1239 4749 1402 4841 κατὰ.
1432 4749 1517 4835 τὸ.
1536 4780 1631 4847 ἀγο

1942 4780 2092 4833 iidem
2140 4770 2362 4828 virtutis
2401 4760 2772 4820 definitionem
2826 4749 3128 4823 percipitur
3169 4751 3224 4799 et
3269 4755 3418 4798 com-

1945 4864 2206 4889 unus“..-
2264 4858 2468 4889 ...η-..ειη
2527 4850 2715 4889 Nomm
2753 4845 2897 4889 enim
2937 4839 3053 4889 fieri
3099 4840 3318 4889 υοιεει.
3360 4836 3418 4886 ut

166 4836 235 4889 ἰιι
264 4836 374 4885 γαρ
404 4836 472 4867 αν
507 4836 581 4879 μη
633 4836 1001 4869 υυνντ-υθιιϊυυ-
1033 4836 1072 4845 η
1115 4836 1205 4843 --ν-
1588 4836 1600 4847 .

160 4902 490 4976 νοουμένων,
522 4896 736 4965 ἀνάγκη
780 4890 931 4943 πᾶσα
978 4885 1039 4937 τὸ
1069 4873 1630 4943 ἀντιδιαστελλόμενον

1946 4864 2228 4928 henditur,
2262 4858 2492 4917 esuriat.
2527 4850 2716 4920 Neque
2753 4845 2897 4900 enim
2937 4839 3053 4895 ﬁeri
3099 4840 3318 4907 potest,
3360 4836 3422 4886 ut

1991 4958 2049 4976 μυ
2066 4969 2157 4976 ΛΑ
2186 4950 2407 4976 --:-....:..
2436 4943 2644 4976 "mnino
2670 4955 2698 4976 σι
2724 4932 2948 4976 rolimlin
2973 4929 3282 4976 disiuncta.
3304 4923 3421 4976 i088

164 4923 490 4976 νοουμενων,
522 4923 736 4965 αναγκη
781 4923 931 4943 ⁷ι-υιυυυ
990 4923 1039 4937 υν
1069 4923 1558 4943 -...-._--------r.-.
1586 4923 1589 4924 ,

164 4995 335 5054 αὑτοῦ
378 4991 564 5064 χώραν
612 4987 757 5057 ἔχειν
789 4997 803 5011 ·
833 4975 1203 5045 ἀντιδιέστηκε
1235 4969 1292 5023 δὲ
1320 4970 1388 5039 τῇ
1424 4979 1640 5035 σωφροο

1944 4978 1956 5014 ι
1983 4958 2163 5027 aliqua
2186 4950 2410 5007 virtutis
2435 4943 2646 5015 species
2670 4955 2701 4994 a
2724 4932 2948 5004 reliquis
2973 4929 3282 4998 disjuncta,
3304 4923 3420 4991 ipsa

2096 5048 2231 5064 ’νει-η
2269 5038 2510 5064 -ι-Ρι-ηοιι
2548 5033 2616 5064 .h
2669 5026 2804 5064 Nam
2835 5035 2959 5064 pum
2986 5033 3097 5064 mm
3121 5030 3231 5064 non
3262 5012 3420 5064 simul

172 5012 335 5054 αὐτου
378 5012 564 5064 χωραν
612 5012 757 5057 εχειν
833 5012 1203 5045 autumn”..-
1237 5012 1292 5023 --
1332 5012 1388 5039 -η
1427 5012 1632 5035 ,πημ

172 5087 275 5160 μὲν
301 5084 364 5138 τὸ
412 5080 708 5137 ἀκόλαστον
735 5091 751 5108 ο
778 5075 843 5144 τῇ
884 5068 1143 5140 φρονήσει
1169 5062 1225 5116 δὲ
1268 5064 1302 5131 ἠ
1328 5057 1628 5130 ἀφροσύνη,

1972 5065 2030 5106 se
2059 5012 2234 5103 virtus
2269 5038 2513 5112 perfecta
2548 5033 2637 5090 sit.
2669 5026 2805 5084 Nam
2835 5035 2960 5079 eum
2986 5033 3097 5090 quo
3121 5030 3232 5070 non
3262 5012 3424 5068 simul

1950 5138 2052 5160 """
2092 5133 2472 5160 “mcum-Mn-
2495 5137 2685 5160 nmmm
2755 5131 2877 5160 nutat.
2907 5127 3005 5160 ner
3033 5110 3239 5160 bonum
3265 5102 3424 5158 intel-

172 5102 275 5160 μεν
301 5102 364 5138 το
412 5102 708 5137 ακολαστυν
736 5102 750 5108 ‘
778 5102 843 5144 τη
884 5102 1143 5140 γμυνιιυςνυ
1170 5102 1225 5116 νε,
1275 5102 1302 5131 ,ι
1328 5102 1628 5130 πγτν--,.μ

168 5179 391 5248 ἑκάστῳ
421 5174 531 5228 τῶν
574 5171 707 5241 πρὸς
750 5166 810 5220 τὸ
842 5165 1085 5235 κρεῖττον
1115 5152 1535 5225 ὑπειλημμένων
1566 5151 1644 5200 ὲσι

1950 5138 2057 5212 μιἰά
2088 5133 2472 5191 consideratur
2495 5137 2686 5182 eorum
2708 5161 2724 5185 ,
2755 5131 2877 5188 quat
2907 5127 3005 5185 per
3033 5110 3239 5164 bonum
3265 5102 3426 5158 intel-

1986 5237 2095 5248 λίκ-
2152 5224 2369 5248 Α-η-εαιι
2399 5229 2625 5248 nonnum
2653 5217 2734 5248 aut
2811 5214 2872 5248 nl
2897 5198 3238 5248 contrarium
3270 5196 3327 5248 ἰι]
3360 5207 3426 5248 eo

174 5196 391 5248 εκαστῳ
421 5196 531 5228 των
574 5196 705 5241 προς
750 5196 810 5220 ἰυ
846 5196 1085 5235 Lycum."
1118 5196 1528 5225 ue.-.n.‘r.r.-._,
1568 5196 1650 5200 ___

174 5273 396 5332 πάντως
429 5265 490 5319 τὸ
519 5266 584 5317 ὲκ
633 5259 726 5314 τοῦ
772 5254 1015 5310 ἐναντίου
1066 5246 1374 5317 νοούμενον.
1421 5243 1486 5294 Et
1537 5234 1631 5292 οῦν

1950 5237 2118 5293 mtur,
2148 5224 2372 5281 omnino
2399 5229 2626 5274 necesse
2653 5217 2739 5268 est
2759 5249 2775 5273 ,
2811 5214 2872 5263 ut
2897 5198 3238 5261 contrarium
3270 5196 3327 5249 in
3360 5207 3426 5248 eo

2084 5319 2099 5332 ·
2158 5316 2183 5332 ι
2207 5321 2279 5332 η.
2314 5330 2323 5332 ξ
2367 5307 2659 5332 -.η--..ειη-
2708 5308 2886 5332 nudam
2922 5288 3277 5332 nnnlinenlim
3303 5283 3426 5332 (Illi-

262 5731 305 5764 ”
343 5730 446 5785 lsa.
475 5699 619 5793 xui,
661 5721 713 5777 8.
792 5720 836 5751 ’°
876 5714 1045 5771 Exod.
1074 5727 1171 5780 ιιι,
1202 5712 1250 5766 4.
1288 5784 1293 5787 1
1328 5710 1369 5743 ﬂ
1414 5702 1770 5769 Exod.'xxn,
1799 5695 1890 5751 27.
