3696 5986
329 221 470 275 ματ

1526 221 1583 277 S.
1626 219 1953 278 GREGORII
1995 218 2285 274 NYSSENI

3448 216 3597 271 1244

329 337 607 391 tristiorem
644 343 850 408 partem
886 338 1253 409 accipiuntur,
1286 355 1514 410 prorsus
1540 349 1624 397 est
1659 345 1786 412 aliqi

2166 339 2273 392 τῶν
2300 341 2357 392 ἐν
2385 339 2553 410 κακίᾳ
2605 339 3015 410 θεωρουμένων.
3051 340 3112 392 Ei
3147 339 3205 390 δὲ
3253 337 3456 401 παντὸς
3494 337 3596 389 τοῦ

325 427 474 495 quod
504 443 567 482 ex
599 431 880 484 contrario
910 429 1264 499 intelligatur.
1299 429 1354 484 Si
1387 431 1550 502 igitur
1579 447 1685 487 non
1713 433 1898 486 omnia

327 533 451 571 cum
491 518 706 588 justitia
750 521 1250 586 considerarentur,
1299 522 1414 576 fieri
1463 539 1569 577 non
1611 534 1793 593 posset
1841 533 1900 576 ut

328 606 473 676 quod
521 610 953 679 relinqueretur,
991 611 1192 664 bonum
1249 619 1427 679 esset;
1465 628 1571 666 non
1608 614 1751 667 enim
1795 613 1897 666 ali-

329 700 454 769 quis
497 701 698 757 dixerit
746 704 968 758 stultam
996 703 1265 772 justitiam
1286 743 1301 768 ,
1353 712 1445 757 aut
1477 705 1771 769 audacem,
1802 712 1899 757 aut

330 789 757 846 incontinentem
812 804 904 846 aut
949 794 1094 849 aliud
1152 795 1448 864 quidquam
1499 812 1724 860 eorum,
1776 812 1898 866 quae

328 897 425 950 per
448 882 793 942 vitiositatem
815 884 1232 940 considerantur
1253 895 1304 940 et
1323 886 1717 956 intelliguntur.
1742 885 1898 951 Quod

329 971 376 1026 si
409 974 550 1027 ratio
581 973 805 1043 justitiaa
832 976 899 1029 ab
931 976 1218 1040 omnibus,
1253 991 1589 1047 quaecunque
1638 976 1693 1030 in
1742 977 1895 1046 pejo-

2006 432 2246 502 χείρονος
2272 431 2476 499 ἀμιγὴς
2507 433 2534 483 6
2567 430 2664 500 τῆς
2691 430 3036 500 δικαιοσύνης
3061 430 3217 498 λόγος
3245 431 3418 492 ἐστὶν,
3440 431 3597 482 ἅπαν

2006 526 2064 576 ἐν
2087 521 2265 593 ἐαυτῷ
2295 522 2509 585 πάντως
2535 522 2595 575 τὸ
2639 522 2840 589 ἀγαθὸν
2884 521 3236 592 περιείληφεν
3255 539 3266 550 '
3296 521 3507 589 ἀγαθὸν
3536 521 3598 571 δὲ

2006 617 2114 668 πᾶν
2139 616 2198 667 τὸ
2233 616 2350 667 κατ’
2368 613 2568 683 ἀρετὴν
2593 613 2983 684 θεωρούμενον.
3003 612 3213 665 Ούκοῦν
3237 613 3384 664 πᾶσα
3416 610 3598 680 ἀρετὴ

2004 705 2081 776 τῷ
2108 706 2330 775 ὀνόματι
2366 705 2464 774 τῆς
2497 703 2843 774 δικαιοσύνης
2877 702 3111 756 ἐνταῦθα
3138 701 3596 771 διασημαίνεται,

2004 793 2072 869 ἧς
2099 798 2223 860 τοὺς
2249 796 2549 859 πεινῶντας
2582 813 2640 848 τε
2667 797 2762 849 καὶ
2806 795 3071 861 διψῶντας
3113 794 3407 866 μακαρίζει
3429 796 3457 845 ὁ
3483 794 3600 846 Λό-

2003 906 2118 958 γος,
2141 889 2239 959 τὴν
2267 889 2584 960 πλησμονὴν
2633 890 2816 951 αὐτοῖς
2866 888 2973 941 τῶν
3007 887 3463 958 ἐπιθυμουμένων
3489 887 3599 938 ἐπ-

2003 980 2420 1050 αγγελλόμενος.

327 1075 679 1134 rem‘partem
713 1069 1074 1136 accipiuntur,
1128 1084 1296 1122 vacua
1319 1108 1334 1132 ,
1383 1084 1518 1138 pura
1547 1077 1708 1137 atque
1749 1070 1956 1138 integra
1988 1080 2105 1137 est,
2138 1071 2454 1126 universum
2501 1071 2555 1125 in
2601 1085 2659 1125 se
2690 1067 2890 1125 bonum
2923 1072 3084 1139 plane
3147 1069 3434 1137 complexa
3459 1075 3553 1122 est
3581 1085 3593 1118 :

327 1156 530 1209 bonum
585 1165 763 1210 autem
810 1171 893 1212 est
941 1159 1203 1227 quidquid
1261 1173 1355 1226 per
1408 1159 1658 1211 virtutem
1711 1158 2086 1214 consideratur
2135 1169 2190 1215 et
2235 1161 2572 1231 intelligitur.
2628 1159 2768 1229 Ergo
2806 1162 2984 1214 omnis
3022 1160 3196 1214 virtus
3234 1159 3326 1212 hic
3365 1158 3598 1211 nomine

327 1245 553 1313 iustitiae
610 1245 971 1315 significatur,
1031 1264 1191 1317 quam
1242 1249 1548 1303 esurientes
1603 1255 1656 1301 et
1714 1247 1962 1304 sitientes
2027 1249 2256 1305 Verbum
2317 1252 2505 1305 beatos
2553 1252 2796 1322 judicat,
2850 1252 3153 1305 satietatem
3213 1264 3408 1303 eorum
3466 1263 3598 1317 qua:

327 1344 676 1405 expetuntur,
711 1339 1052 1406 promittens.

397 1425 548 1478 Beati
591 1428 767 1494 enim,
807 1429 1017 1497 inquit,
1055 1430 1341 1482 esurientes
1380 1438 1428 1483 et
1470 1429 1704 1483 sitientes
1729 1430 1856 1500 justi

2136 1422 2357 1492 ακάριοι
2379 1423 2508 1493 γὰρ,
2538 1425 2720 1494 φησὶν,
2748 1427 2800 1476 οἱ
2822 1424 3144 1489 πεινῶντες
3167 1427 3262 1478 καὶ
3287 1426 3595 1496 διψῶντες

329 1517 490 1582 tiam,
524 1519 775 1585 quoniam
808 1519 908 1586 ipsi
951 1518 1352 1573 saturabtmtur.
1399 1519 1554 1585 Quod
1592 1532 1773 1573 autem

2173 1515 2566 1581 δικαιοσύνην
2593 1556 2607 1579 ,
2664 1513 2753 1567 ὅτι
2808 1514 2978 1567 αὐτοὶ
3034 1518 3589 1585 χορτασθήσονται.

327 1609 469 1658 citur
489 1606 756 1673 ejusmodi
787 1608 1076 1676 quamdam
1103 1611 1428 1664 sententiam
1455 1612 1732 1666 continere
1757 1628 1785 1662 v

2126 1605 2167 1656 Ξέ
2196 1605 2485 1674 λεγόμενον
2513 1603 2750 1656 τοιοῦτόν
2794 1605 2883 1674 μοί
2919 1621 3039 1658 τινα
3071 1605 3196 1658 νοῦν
3239 1607 3388 1676 ἐχειν
3411 1611 3585 1664 δοκεῖ·

329 1705 418 1750 tur
451 1715 464 1751 :
497 1697 640 1752 Nihil
687 1715 875 1754 earum
929 1716 1107 1754 rerum
1157 1703 1358 1770 quibus
1398 1703 1690 1772 voluptatis
1725 1719 1785 1773 gr

2131 1712 2167 1747 ιν
2209 1694 2318 1748 τῶν
2369 1694 2487 1746 καθ’
2514 1694 2704 1764 ἡδονὴν
2743 1696 2802 1747 ἐν
2849 1695 2927 1764 τῷ
2978 1694 3076 1765 βίῳ
3127 1697 3590 1769 σπουδαζομένων

329 1789 576 1843 studetur
601 1790 654 1843 in
687 1791 788 1843 hoc
819 1791 1014 1845 saeculo
1036 1832 1052 1855 ,
1108 1807 1327 1862 operam
1359 1792 1620 1848 dantibus
1671 1796 1897 1850 satieta-

327 1889 433 1933 tem
476 1879 671 1946 affert,
723 1880 855 1944 sed,
910 1890 968 1934 ut
1015 1881 1213 1936 alicubi
1263 1897 1357 1952 per
1403 1883 1691 1953 aenigmata
1737 1892 1898 1952 atque

325 1970 606 2024 involucra
639 1971 927 2025 verborum
952 1971 1224 2040 Sapientia
1255 1973 1424 2038 dicit,
1477 1973 1692 2026 Dolium
1723 1975 1899 2044 perfo-

323 2069 500 2113 ratum
534 2069 611 2113 est
654 2062 926 2130 occupatio
956 2061 1098 2114 circa
1158 2061 1476 2130 voluptates,
1529 2079 1637 2132 quo
1686 2080 1899 2134 semper

324 2150 515 2205 sedulo
537 2151 910 2218 infundentes,
934 2152 1150 2206 irritum
1177 2161 1229 2207 et
1251 2154 1684 2223 inexplicabilem
1707 2171 1898 2224 quem-

323 2239 448 2293 dam
477 2239 854 2310 inlinitumque
886 2241 1124 2294 laborem
1155 2248 1470 2304 ostentant,
1499 2241 1592 2310 qui
1619 2240 1704 2295 bis
1733 2241 1896 2295 rebus

322 2329 582 2395 student,
613 2347 831 2400 semper
857 2330 1077 2401 quidem
1107 2331 1314 2400 aliquid
1343 2331 1396 2385 in
1425 2330 1654 2386 fundum
1686 2333 1898 2402 cupidi-

324 2424 451 2477 tatis
481 2421 859 2484 infundentes,
893 2438 956 2477 ac
983 2422 1249 2493 quidquid
1277 2423 1343 2476 ad
1371 2424 1699 2492 voluptatem
1728 2422 1894 2488 facit,

323 2513 817 2582 superinjicicntes,
841 2515 904 2568 ad
927 2516 1230 2570 satietatem
1259 2530 1386 2570 vero
1410 2515 1760 2584 cupiditatem
1788 2530 1894 2570 non

322 2605 671 2660 deducentes.
693 2605 826 2672 Quis
845 2606 1230 2661 animadvertit
1251 2607 1318 2661 ad
1341 2607 1582 2660 avaritiae
1604 2609 1896 2661 terminum

323 2706 641 2766 perventum
671 2713 794 2752 esse
826 2713 923 2767 per
957 2698 1010 2752 id
1032 2739 1047 2764 ,
1085 2698 1230 2768 quod
1263 2699 1560 2753 accesserit
1611 2699 1792 2753 avaris
1843 2698 1897 2752 id

323 2787 467 2855 quod
498 2789 814 2858 quaerebant
836 2789 859 2842 ?
885 2790 1008 2858 quis
1039 2789 1267 2843 honoris
1297 2789 1489 2843 insana
1520 2789 1775 2858 cupidine
1804 2803 1898 2842 ca-

323 2887 483 2946 ptus,
530 2879 844 2934 ambitionis
887 2880 1046 2933 finem
1097 2877 1254 2944 fecit,
1307 2886 1592 2933 assecutus
1637 2892 1730 2941 ea,
1779 2893 1900 2947 qua:

322 2968 647 3036 expetebat?
672 2971 783 3039 jam
819 2985 947 3024 vero
975 2970 1072 3040 qui
1105 2971 1440 3038 voluptatem
1471 2970 1708 3040 explevit
1740 2984 1897 3023 acro—

1999 1785 2268 1855 πλήσμιον
2312 1785 2521 1853 γίνεται
2565 1788 2677 1847 τοῖς
2722 1785 3150 1851 σπουδάζουσιν,
3183 1788 3344 1851 ἀλλὰ,
3405 1792 3592 1856 καθώς

1999 1874 2130 1943 φησί
2163 1891 2260 1927 που
2293 1873 2359 1925 δι’
2386 1873 2704 1942 αἰνίγματος
2731 1875 2764 1943 ἡ
2792 1874 2982 1942 Σοφίαο
3011 1876 3190 1940 Πίθος
3223 1878 3590 1947 τετρημένος

1995 1964 2167 2017 ἐστὶν
2194 1965 2230 2032 ὴ
2252 1964 2386 2031 περὶ
2413 1964 2520 2028 τὰς
2551 1963 2776 2029 ἡδονὰς
2806 1965 3096 2033 ἀσχολία·
3114 1961 3157 2034 ᾧ
3181 1967 3421 2022 πάντοτε
3449 1973 3591 2024 κατά

2000 2055 2236 2125 σπουδὴν
2274 2054 2662 2119 ἐπαντλοῦντες
2687 2095 2702 2120 ,
2736 2057 3058 2126 ἀπλήρωτόν
3091 2075 3210 2110 τινα
3247 2060 3348 2112 καὶ
3389 2062 3590 2130 ἀνήνυ-

1997 2164 2088 2200 τον
2109 2145 2509 2200 ἐπίδεικνυνται
2537 2148 2702 2201 κόπον
2723 2150 2770 2200 οί
2803 2165 2869 2199 πε
2880 2149 2931 2218 ρ).
2960 2148 3131 2201 ταῦτα
3164 2151 3586 2216 σπουδάζοντες,

1999 2237 2278 2307 ἐγχέοντες
2314 2239 2410 2308 μὲν
2441 2238 2525 2291 ἀεί
2550 2255 2602 2291 τι
2640 2239 2721 2309 τῷ
2752 2239 2895 2309 βυθῷ
2929 2241 3023 2310 τῆς
3053 2241 3373 2311 ἐπιθυμίας,
3405 2244 3499 2296 καὶ
3529 2245 3589 2295 τὸ

1999 2329 2135 2398 πρὸς
2173 2329 2363 2399 ἡδονὴν
2418 2330 2872 2400 ἐπεμϐάλλοντες,
2901 2333 2980 2394 είς
3027 2331 3186 2402 κόρον
3221 2333 3278 2386 δὲ
3319 2335 3422 2404 τὴν
3468 2337 3589 2386 ἐπιο

1998 2418 2195 2489 θυμίαν
2228 2420 2326 2470 ούκ
2354 2419 2595 2486 ἄγοντες.
2614 2419 2707 2484 Τίς
2738 2421 2876 2489 ἔγνω
2903 2422 2999 2490 τῆς
3031 2421 3402 2492 φιλαργυρίας
3423 2426 3574 2494 ὅρον,

1997 2511 2084 2564 διὰ
2110 2510 2202 2564 τοῦ
2236 2512 2625 2579 προσγενέσθαι
2671 2515 2783 2576 τοῖς
2826 2514 3219 2584 φιλαργυροῦσι
3242 2516 3305 2568 τὸ
3343 2517 3585 2568 σπουδα-

2001 2600 2386 2672 ζόμενον;Τίς
2436 2602 2741 2672 δοξομανῶν
2789 2603 2999 2675 ἔληξεν,
3044 2608 3101 2658 ἐν
3156 2606 3232 2677 τῷ
3285 2612 3470 2676 τυχεῖν
3510 2602 3584 2660 ὧν

2000 2693 2328 2757 ἐσπούδαζεν
2351 2697 2408 2758 ;ὁ
2427 2695 2482 2747 δὲ
2509 2695 2608 2766 τὴν
2631 2695 2822 2766 ἡδονὴν
2847 2696 3121 2767 ἐκπλήσας
3153 2701 3210 2750 ἐν
3235 2701 3586 2770 ἀκροάμασιν

1999 2781 2494 2853 ῆθεάμασιν,ἦτῇ
2548 2783 2675 2855 περὶ
2723 2786 2966 2855 γαστέρα
3017 2788 3111 2838 καὶ
3159 2788 3297 2856 μετὰ
3338 2790 3587 2860 γαστέρα

2003 2870 2172 2940 μανίᾳ
2201 2871 2294 2922 καὶ
2325 2869 2494 2942 λύσσῃ
2516 2887 2528 2900 ·
2552 2872 2604 2923 τί
2637 2865 2794 2942 εὗρεν
2820 2874 2883 2925 ἐκ
2916 2875 3010 2944 τῆς
3045 2875 3405 2941 ἀπολαύσεως
3436 2880 3587 2949 αύτῴ

1999 2959 2202 3031 ταύτης
2248 2961 2664 3031 περιγενόμενον
2691 2979 2704 3027 ;
2732 2963 2805 3015 Ού
2854 2964 3031 3033 πάσης
3064 2967 3256 3038 ἡδονῆς
3296 2965 3439 3032 εἶδος
3485 2970 3589 3039 τῆς

325 3060 600 3113 amatibus
626 3063 1022 3128 spectaculisve
1040 3104 1054 3128 ,
1083 3071 1178 3116 aut
1204 3063 1412 3130 insanis
1439 3069 1492 3116 et
1518 3063 1744 3117 furiosis
1767 3081 1784 3115 v

2131 3049 2376 3121 σώματος
2423 3051 2870 3122 ἐκπληρουμένης
2909 3055 3042 3124 ὁμοῦ
3072 3055 3150 3125 τῷ
3203 3059 3586 3128 προσπελάσαι

322 3150 424 3204 tris
453 3149 650 3205 studiis
670 3189 687 3214 ,
719 3158 813 3204 aut
855 3151 924 3204 iis
967 3151 1130 3206 rebus
1169 3151 1476 3214 sectandis,
1507 3165 1626 3220 quae
1652 3159 1898 3205 ventrem

325 3240 543 3310 plenum
573 3243 834 3311 consequi
864 3243 1042 3297 solent
1070 3261 1082 3296 τ
1121 3241 1249 3310 quid
1283 3240 1388 3295 sibi
1417 3255 1482 3295 ex
1507 3256 1604 3308 eo,
1634 3241 1778 3311 quod
1812 3242 1898 3297 bis

323 3331 488 3386 rebus
523 3331 626 3385 frui
678 3340 841 3401 atque
870 3332 1030 3402 potiri
1062 3333 1245 3394 licuit,
1284 3346 1572 3401 superesse
1600 3333 1900 3402 deprehen-

324 3422 446 3476 dit?
509 3421 706 3476 Annon
768 3423 946 3478 omnis
997 3423 1286 3492 voluptatis
1325 3425 1568 3492 species,
1613 3439 1736 3494 qua:
1775 3438 1899 3478 cor-

324 3529 456 3583 pore
492 3515 809 3584 percipitur,
841 3515 1003 3570 simul
1036 3524 1200 3585 atque
1233 3516 1721 3586 appropinquavit,
1757 3531 1896 3587 pra:-

325 3608 587 3670 tervolat,
614 3621 682 3660 ne
707 3607 1092 3662 brevissimum
1123 3605 1341 3676 quidem
1374 3614 1589 3676 tempus
1617 3606 1757 3676 apud
1781 3622 1896 3672 eos,

324 3697 417 3766 qui
469 3697 616 3751 illam
661 3697 981 3765 attigerint,
1034 3696 1311 3751 manens?
1343 3695 1496 3750 lianc
1535 3697 1697 3766 igitur
1729 3697 1899 3750 subli-

325 3802 488 3851 mem,
521 3797 723 3842 certam
754 3789 1111 3856 stabilemque
1142 3788 1466 3842 sententiam
1504 3775 1532 3840 a
1557 3787 1783 3842 Domino
1811 3789 1898 3842 di-

325 3878 564 3945 scimus,
597 3879 744 3948 quod
778 3880 954 3933 solum
989 3879 1210 3934 virtutis
1245 3878 1490 3934 studium
1527 3879 1580 3932 in
1611 3879 1770 3934 nobis
1800 3894 1896 3932 ex-

337 3969 578 4031 sistens,
615 3968 861 4033 stabilis,
898 3968 1037 4031 fixa,
1074 3968 1228 4021 firma
1252 4007 1267 4032 ,
1303 3967 1723 4037 consistensque
1752 3983 1898 4036 quae-

325 4061 452 4116 dam
491 4077 576 4117 res
603 4063 696 4118 sit.
727 4060 862 4115 Nam
893 4061 986 4130 qui
1021 4059 1225 4129 aliquid
1255 4076 1322 4115 ex
1366 4060 1529 4116 rebus
1573 4061 1898 4115 sublimibus

325 4160 610 4206 assecutus
641 4157 757 4217 est,
795 4151 944 4204 verbi
979 4151 1154 4220 gratia
1175 4190 1190 4216 ,
1220 4150 1613 4204 continentiam
1635 4190 1649 4214 ,
1691 4160 1898 4218 tempe-

324 4243 560 4298 rantiam
582 4283 597 4308 ,
629 4242 950 4298 modestiam
977 4251 1070 4294 aut
1102 4241 1529 4297 moderationem
1552 4281 1568 4306 ,
1604 4249 1696 4295 aut
1723 4241 1896 4311 pieta-

324 4341 432 4388 tem
463 4348 591 4404 erga
627 4349 828 4388 numen
858 4333 1100 4387 divinum
1123 4371 1138 4397 ,
1182 4341 1276 4386 aut
1306 4333 1453 4387 illam
1483 4333 1794 4403 quampiam
1825 4349 1892 4387 ex

319 4421 652 4477 sublimibus
701 4424 909 4493 pariter
955 4431 1010 4478 et
1053 4423 1382 4493 evangelicis
1427 4423 1729 4490 doctrinis,
1782 4439 1892 4478 non

323 4511 702 4566 transitoriam
740 4521 794 4566 et
831 4513 1213 4581 temporariam
1244 4514 1314 4567 ob
1344 4513 1771 4583 unumquodque
1801 4529 1893 4569 eo-

323 4615 481 4666 rum,
516 4615 636 4670 qua:
667 4609 999 4656 consecutus
1033 4609 1118 4656 est
1141 4642 1156 4667 ,
1189 4610 1244 4656 et
1287 4603 1595 4659 instabilem
1650 4603 1892 4659 laetitiam

316 4691 522 4756 habet,
573 4691 669 4746 sed
713 4699 1092 4758 constantem,
1143 4703 1594 4764 permanentem,
1644 4705 1699 4752 et
1747 4697 1893 4752 omni

317 4784 500 4853 spatio
555 4783 678 4837 vita:
723 4783 1031 4839 durantem.
1077 4783 1296 4850 Quare?
1328 4787 1456 4856 quia
1511 4787 1625 4842 haec
1670 4789 1889 4860 quidem

319 4890 542 4945 semper
571 4874 699 4929 licet
729 4889 888 4944 agere
910 4914 926 4941 ,
956 4889 1020 4930 ac
1064 4876 1274 4930 nullum
1326 4888 1410 4932 est
1457 4883 1716 4949 temporis
1747 4897 1889 4951 pun-

317 4974 471 5018 .ctum
499 4964 552 5019 in
581 4964 729 5019 omni
761 4968 883 5018 vita:
905 4964 1107 5035 spatio,
1145 4966 1292 5035 quod
1341 4970 1496 5022 bona:
1548 4970 1780 5025 actionis
1814 4972 1890 5025 in-

319 5064 542 5126 generet
577 5057 898 5112 satietatem.
940 5055 1074 5110 Nam
1117 5066 1169 5112 et
1212 5059 1548 5113 continentia
1586 5068 1640 5114 et
1680 5063 1891 5130 puritas

322 5148 496 5201 animi
531 5155 585 5202 et
609 5149 663 5202 in
694 5150 844 5202 omni
872 5150 1014 5205 bono
1038 5151 1348 5212 constantia
1369 5191 1384 5216 ,
1432 5160 1486 5206 et
1515 5153 1702 5210 vitatio
1733 5157 1889 5222 mali,

326 5237 504 5294 donec
529 5239 726 5309 aliquis
753 5241 1004 5296 virtutem
1035 5243 1137 5297 sibi
1165 5245 1496 5313 propositam
1527 5246 1686 5301 habet
1705 5287 1719 5312 ,
1750 5264 1892 5302 sem-

326 5344 425 5399 per
454 5340 802 5396 exercentur,
855 5341 907 5386 et
949 5350 1052 5387 una
1100 5348 1222 5387 cum
1268 5336 1485 5389 actione
1535 5346 1590 5390 et
1622 5339 1892 5392 exercita-

319 5419 470 5473 tione
513 5433 634 5473 scse
673 5425 1058 5489 producentem
1092 5435 1145 5480 et
1180 5426 1464 5482 durantem
1513 5429 1753 5482 laetitiam
1794 5430 1891 5483 ha-

323 5508 472 5560 bent.
514 5502 573 5559 ln
612 5509 680 5563 iis
719 5521 897 5564 autem
921 5554 934 5578 ,
967 5516 1062 5584 qui
1091 5515 1346 5573 absurdis
1377 5519 1769 5588 cupiditatibus
1801 5538 1890 5575 ar-

324 5597 489 5663 dent,
519 5598 730 5655 etiamsi
759 5615 970 5671 semper
1015 5609 1194 5661 anima
1237 5623 1426 5664 eorum
1471 5622 1677 5680 spectet
1723 5615 1888 5670 lasci-

2003 3141 2495 3210 παρίπταται,ούδέ
2524 3143 2659 3213 πρὸς
2678 3143 2737 3194 τὸ
2769 3143 3106 3213 βραχύτατον
3137 3147 3248 3210 τοῖς
3277 3148 3586 3219 ἁψαμένοις

2002 3233 2173 3302 αὐτῆς
2198 3235 2649 3304 παραμενούσης;
2684 3235 2852 3287 Τοῦτο
2876 3237 3055 3289 τοίνυν
3088 3237 3146 3290 τὸ
3181 3239 3383 3310 ὑψηλὸν
3405 3241 3587 3312 δόγμα

2001 3323 2154 3394 παρὰ
2184 3322 2279 3376 τοῦ
2318 3325 2522 3396 Κυρίου
2555 3325 2917 3395 μανθάνομεν,
2947 3328 3027 3380 ὅτι
3064 3330 3196 3399 μόνη
3225 3332 3257 3400 ἠ
3293 3332 3417 3384 κατ’
3453 3335 3587 3403 ἁρε-

2001 3413 2097 3485 τὴν
2127 3416 2256 3484 ἡμῖν
2295 3416 2616 3486 ἐγγινομένη
2659 3417 2862 3488 σπουδὴ
2903 3419 3101 3487 πάγιόν
3137 3421 3189 3472 τί
3224 3423 3339 3474 ἐστι
3367 3426 3460 3476 καὶ
3501 3426 3587 3476 ἐν·

2001 3506 2322 3559 υπόστατον.
2375 3507 2434 3558 Ὀ
2457 3507 2564 3576 γάρ
2599 3525 2649 3560 τι
2687 3507 2793 3561 τῶν
2827 3510 3044 3582 ὑψηλῶν
3069 3512 3445 3583 κατορθώσας,
3469 3511 3585 3570 οἷον

2001 3597 2372 3668 σωφροσύνην,
2409 3597 2441 3668 ἢ
2489 3599 2837 3671 μετριότητα,
2865 3601 2894 3671 ἦ
2934 3601 3032 3673 τὴν
3060 3601 3195 3672 πρὸς
3220 3604 3280 3655 τὸ
3307 3605 3461 3660 Θεῖον
3496 3610 3584 3660 εύ-

2001 3686 2235 3749 σέϐειαν,
2272 3687 2304 3756 ἢ
2349 3688 2475 3742 ἀλλο
2509 3707 2561 3742 τι
2586 3689 2696 3742 τῶν
2737 3691 2953 3760 ὑψηλῶν
2986 3709 3045 3744 τε
3080 3694 3174 3744 καὶ
3203 3695 3581 3762 εύαγγελικῶν

1997 3776 2358 3848 διδαγμάτων,
2385 3780 2444 3831 ού
2476 3780 2772 3853 παροδικὴν
2807 3782 2889 3851 ἐφ’
2919 3783 3133 3852 ἑκάστῳ
3165 3785 3273 3837 τῶν
3301 3788 3583 3858 κατορθω-

2001 3869 2185 3938 μάτων
2215 3870 2308 3922 καὶ
2335 3872 2564 3924 ἄστατον
2585 3871 2683 3942 τὴν
2709 3873 3046 3944 εὐφροσύνην
3073 3874 3207 3945 ἔχει,
3226 3877 3338 3929 ἀλλ’
3365 3880 3580 3951 ἐνιδρυ-

2001 3961 2168 4030 μένην
2194 3961 2286 4013 καὶ
2325 3961 2681 4029 διαμένουσαν
2704 4005 2718 4027 ,
2745 3964 2839 4016 καὶ
2869 3965 3030 4016 παντὶ
3066 3982 3126 4016 συ
3137 3971 3578 4040 μπαρατεινομέ-

1997 4067 2093 4120 νην
2113 4051 2188 4122 τῷ
2216 4055 2312 4122 τῆς
2343 4051 2487 4122 ζωῆς
2515 4053 2861 4124 διαστήματι.
2888 4054 2987 4107 Διά
3007 4055 3091 4120 τί;
3115 4055 3239 4110 ’Ότι
3265 4059 3438 4112 ταῦτα
3479 4062 3578 4130 μὲν

1997 4141 2168 4206 ἔξεστι
2197 4142 2483 4206 διαπαντὸς
2513 4145 2751 4216 ἐνεργεῖν
2772 4187 2785 4209 ,
2814 4147 2908 4199 καὶ
2937 4147 3110 4211 οὐδείς
3151 4151 3264 4202 ἐστι
3299 4153 3492 4221 καιρὸς
3522 4155 3580 4205 ἐν

1996 4235 2159 4286 παντὶ
2188 4231 2264 4303 τῷ
2302 4233 2401 4304 τῆς
2451 4231 2596 4304 ζωῆς
2638 4233 2986 4306 διαστήματι,
3019 4237 3116 4307 τῆς
3159 4239 3369 4309 ἀγαθῆς
3418 4242 3577 4310 κόρον

1997 4324 2240 4394 ἐμποιῶν
2275 4325 2574 4395 ἐνεργείας.
2594 4325 2668 4377 ’Ἢ
2688 4346 2744 4382 τε
2759 4327 2866 4398 γὰρ
2890 4329 3207 4401 σωφροσύνη
3233 4332 3326 4383 καὶ
3350 4334 3385 4403 ἡ
3415 4333 3576 4385 καθα-

1999 4416 2180 4488 ρότης,
2214 4416 2308 4469 καὶ
2338 4416 2398 4468 τὸ
2449 4416 2507 4469 ἐν
2537 4417 2698 4470 παντὶ
2722 4417 2911 4489 ἀγαθῴ
2948 4420 3360 4489 ἀμετάπτωτον,
3394 4424 3490 4476 καὶ
3516 4424 3575 4476 τὸ

1995 4506 2132 4576 πρὸς
2165 4505 2224 4558 τὸ
2274 4506 2440 4559 κακὸν
2483 4505 2847 4578 ἀκοινώνητον
2888 4510 2974 4563 ἀεὶ
3007 4512 3341 4582 ἐνεργεῖται,
3367 4513 3474 4576 ἕως
3510 4515 3574 4568 ἄν

1993 4613 2077 4659 τις
2105 4596 2241 4667 πρὸς
2268 4597 2467 4668 ἀρετὴν
2491 4597 2690 4671 βλέπῃ,
2722 4601 2816 4652 καὶ
2850 4605 3430 4675 συμπαρατεινομένην
3462 4605 3573 4676 ἔχει

1993 4690 2060 4759 τῇ
2097 4689 2341 4759 ἐνεργείᾳ
2357 4689 2454 4758 τὴν
2488 4689 2844 4760 εὐφροσύνην.
2893 4693 3012 4744 Ἐπὶ
3044 4693 3101 4745 δέ
3143 4693 3252 4746 τῶν
3295 4699 3416 4760 ταῖς
3446 4697 3570 4750 ἀτό-

1994 4795 2116 4841 ποις
2143 4779 2460 4848 ἐπιθυμίαις
2493 4781 2892 4852 ἐκκεχυμένων,
2916 4782 3016 4836 κᾶν
3065 4783 3358 4850 διαπαντὸς
3391 4787 3572 4851 αὐτοῖς

1993 4871 2027 4939 ὴ
2057 4867 2201 4939 ψυχὴ
2254 4869 2422 4940 βλέπῃ
2474 4871 2608 4942 πρὸς
2650 4871 2710 4924 τὸ
2743 4873 3042 4927 ἀκόλαστον
3063 4914 3076 4939 ,
3103 4875 3216 4928 ἀλλ’
3241 4877 3343 4930 οὐκ
3375 4879 3463 4930 ἀεὶ
3514 4878 3571 4931 τὸ

1992 4961 2215 5032 ἥδεσθαι
2273 4962 2554 5033 πάρεστιν.
2608 4963 2719 5034 Τήν
2762 4981 2821 5017 τε
2875 4965 2981 5037 γὰρ
3024 4967 3153 5037 περὶ
3200 4967 3303 5038 τὴν
3369 4967 3568 5038 βρῶσιν

1992 5044 2228 5116 λιχνείαν
2258 5048 2285 5098 6
2327 5047 2487 5118 κόρος
2520 5047 2765 5116 ἔστησεν,
2797 5053 2891 5104 καὶ
2921 5054 2953 5122 ή
2997 5053 3091 5106 τοῦ
3127 5053 3372 5118 πίνοντος
3410 5056 3567 5126 ἡδονή

1994 5139 2435 5208 συγκατεσϐέσθη
2465 5143 2527 5210 τῇ
2557 5140 2702 5213 δίψῃ,
2733 5141 2825 5194 καὶ
2855 5143 2923 5195 τὰ
2953 5143 3088 5196 ἄλλα
3124 5146 3267 5199 κατά
3295 5147 3386 5198 τὸν
3409 5148 3566 5200 αὐτὸν

1989 5229 2188 5296 τρόπον
2231 5229 2323 5280 καὶ
2363 5229 2555 5298 χρόνου
2595 5230 2737 5292 τινὸς
2773 5229 2984 5302 χρῄζει,
3015 5234 3109 5287 καὶ
3150 5233 3563 5305 διαλείμματος,

1990 5316 2130 5368 ὥστε
2163 5315 2534 5387 μαρανθείσης
2567 5317 2674 5369 ἀπὸ
2701 5318 2802 5386 τῆς
2831 5319 3023 5390 ἡδονῆς
3052 5322 3143 5374 καὶ
3176 5322 3275 5392 τῆς
3322 5323 3566 5394 πλησμοο

1990 5410 2110 5479 νῆς,
2137 5411 2298 5463 πάλιν
2332 5409 2699 5479 ἀνακληθῆναι
2725 5411 2820 5482 τὴν
2843 5409 2935 5463 τοῦ
2967 5412 3250 5481 ὴδύνοντος
3273 5413 3474 5484 ὄρεξιν.
3501 5417 3562 5467 Ἦ

1987 5500 2042 5553 δέ
2070 5501 2170 5569 τῆς
2192 5501 2392 5570 ἀρετῆς
2419 5503 2609 5570 κτῆσις
2625 5545 2638 5567 ,
2663 5497 2742 5564 οἷς
2777 5501 2840 5554 ἂν
2865 5502 3010 5566 ἅπαξ
3035 5503 3265 5570 βεϐαίως
3291 5505 3558 5575 ἐνιδρυθῇ,

1988 5592 2048 5644 οὐ
2082 5593 2260 5663 χρόνῳ
2312 5597 2620 5664 μετρεῖται,
2645 5593 2766 5646 οὕτε
2811 5594 2956 5665 κόρῳ
2995 5595 3396 5667 πεμορίζεταν
3429 5597 3559 5649 ἀλλά
