3738 5984
41 285 182 340 2ἰ5

1072 290 1159 344 DE
1198 284 1800 345 BEATITUDINIBUS.
1820 284 2081 343 ORATIO
2112 284 2204 340 Ν.

3164 275 3302 333 ΙΞίϐ

41 404 279 455 amre-rs
313 402 425 466 τοῖς
442 405 564 456 κατ’
589 403 756 476 αὐτὴν
787 403 954 470 ζῶσιν
985 406 1262 478 ἀκραιφνῆ
1291 423 1351 459 τε
1384 405 1517 459 xuii

1822 419 1869 455 m
1902 409 1957 458 et
1986 398 2439 456 incontinentiam
2459 437 2475 464 ,
2506 403 2745 451 attamen
2780 408 2890 450 non
2925 407 3142 462 semper
3168 407 3298 462 gau-

42 493 159 556 ἀν,
198 494 297 547 καὶ
332 494 686 563 ἀκμάζουσαν
718 495 826 551 τῶν
857 497 999 551 ίδίων
1025 497 1246 566 ἀγαθῶν
1273 496 1502 567 παρέχει
1529 493 1628 566 τὴν

48 581 318 651 ἶσθησιν.
338 582 428 636 Διὸ
455 587 567 647 τοῖς
592 582 762 638 ταῦτα
790 586 1066 652 πεινῶσιν,
1101 589 1130 641 ὁ
1164 587 1296 651 Θεὸς
1331 586 1503 654 Λόγος
1530 584 1630 655 τὴν

41 672 368 746 πλησμονὴν
418 675 814 744 ἐπαγγέλλεται
855 694 870 709 ο
918 677 1235 749 πλησμονὴν
1293 678 1629 743 ἐξάπτουσαν

41 762 197 834 πόρῳ
225 764 321 836 τὴν
347 763 527 836 ὄρεξιν
545 807 557 829 ,
584 767 684 819 ούκ
714 766 1113 838 ἀμϐλύνουσαν.
1144 768 1312 823 Τοῦτο
1338 766 1431 824 οὖν
1461 770 1628 834 ἐστιν,

41 880 45 899 ›
94 855 360 910 διδάσκει
398 858 463 909 ἐκ
503 856 598 910 τοῦ
629 857 832 929 ὑψηλοῦ
862 859 969 912 τῶν
1008 861 1295 931 νοημάτων
1330 860 1488 931 δρους
1517 861 1634 917 δια-

41 948 367 1017 .εγόμενος,
404 948 483 1021 τῷ
524 950 714 1020 μηδενὶ
755 951 981 1023 τοιούτῳ
1016 951 1115 1024 τὴν
1154 952 1446 1023 ἐπιθυμίαν
1478 952 1635 1023 ἡμῶν

41 1036 471 1108 τροσασχολεῖν,
517 1030 585 1090 οὗ
613 1038 777 1110 μηδὲν
812 1040 1098 1111 πρόκειται
1132 1042 1244 1105 τοῖς
1274 1041 1632 1106 σπουδάζουσι

41 1126 252 1197 τέρας,
290 1129 348 1181 ἐν
380 1121 463 1191 οἷς
492 1128 696 1198 ματαία
722 1145 781 1181 τε
805 1129 898 1182 καὶ
926 1130 1152 1199 ἀνόητός
1178 1131 1328 1184 ἐστιν
1350 1132 1383 1202 ή
1407 1131 1630 1200 σπουδή·

41 1218 312 1289 ιαθάπερ
340 1221 453 1282 τοῖς
479 1221 546 1290 τῇ
582 1224 791 1293 κορυφῇ
826 1222 924 1292 τῆς
968 1221 1177 1275 ἑαυτῶν
1213 1224 1372 1285 σκιᾶς
1420 1222 1637 1294 ἐπιτρέ-

41 1300 272 1379 (ουσινξ
316 1304 447 1373 οῗςό
492 1311 691 1382 δρόμος
741 1312 834 1365 ἐπὶ
874 1313 935 1366 τὸ
966 1315 1227 1385 ἀνήνυτον
1274 1315 1533 1386 φέρεται,
1561 1317 1640 1378 είς

1728 495 1856 549 dere
1898 494 2046 548 licet.
2090 490 2228 546 Nam
2274 498 2328 546 ct
2374 488 2688 545 aviditatem
2732 484 2838 539 cibi
2887 484 3301 538 immoderatam

1729 584 1958 640 satietas
1985 582 2161 647 sistit,
2192 596 2245 636 et
2293 577 2533 635 bibentis
2577 576 2831 644 voluptas
2882 587 2988 627 una
3038 587 3160 626 cum
3210 568 3304 625 siti

1729 671 2128 740 exstinguitur,
2175 679 2481 739 caateraque
2531 666 2600 721 ad
2658 664 2913 721 eumdem
2970 659 3191 715 modum
3250 667 3306 713 et

1730 772 1974 834 tempore
2012 763 2195 834 aliquo
2236 777 2374 833 Opus
2420 760 2621 815 habent
2658 766 2715 814 et
2756 754 3072 815 intervallo,
3123 761 3182 806 ut
3210 765 3308 805 ex-

1733 855 1968 911 stinctus
1997 868 2028 908 a
2057 853 2338 923 voluptate
2383 859 2437 905 et
2482 853 2732 904 satietate
2776 861 2971 902 rursus
3018 848 3309 899 revocetur

1734 944 1857 1014 ejus
1896 945 2042 1015 quod
2064 944 2304 999 delectat
2342 949 2397 997 et
2436 941 2614 1012 placet
2650 937 2952 1009 appetitus.
2988 934 3066 989 Ac
3092 932 3310 989 virtutis

1734 1038 2011 1109 possessio
2060 1035 2484 1107 quibuscunque
2534 1030 2701 1086 semel
2742 1027 2969 1082 ﬁrmiter
3012 1022 3306 1086 insederit,

1735 1144 1844 1183 non
1876 1128 2138 1197 temporis
2172 1123 2417 1193 subiacet
2444 1133 2751 1182 mensurae,
2788 1130 2897 1171 non
2924 1114 3173 1169 satietate
3198 1122 3312 1167 ter-

1737 1220 1999 1282 minatur,
2049 1216 2145 1272 sed
2197 1229 2413 1285 semper
2437 1226 2667 1283 purum,
2698 1209 3085 1275 sincerumque
3124 1212 3178 1258 et
3228 1217 3311 1256 re-

1738 1319 1948 1366 centem
1968 1347 1984 1371 ,
2015 1322 2080 1362 ac
2111 1288 2382 1377 vigentem
2422 1302 2722 1359 secundum
2752 1314 2812 1354 se
2843 1296 3152 1354 viventibus
3189 1308 3314 1349 sen—

41 1403 237 1454 ἐκεῖνο
265 1402 353 1455 ἀεὶ
374 1403 584 1473 ταχέως
606 1402 699 1457 τοῦ
719 1405 1049 1477 διωκομένου
1081 1406 1390 1471 ὑπεξιόντος
1418 1406 1495 1477 τῷ
1517 1408 1641 1460 ἐπι-

41 1491 310 1563 τρέχοντι
354 1509 368 1523 ⁸
401 1492 515 1545 ἀλλ’
555 1496 673 1547 ἐκεῖ
724 1494 918 1565 τρέψαι
962 1495 1060 1566 τὴν
1115 1495 1326 1566 ὄρεξιν,
1370 1498 1427 1549 ἐν
1475 1491 1557 1560 οἷς
1605 1497 1639 1567 ή

41 1583 267 1654 σπουδὴ
299 1585 484 1655 κτῆμα
505 1585 600 1639 τοῦ
640 1586 1029 1651 σπουδάζοντος
1054 1587 1282 1656 γίνεται.
1324 1588 1381 1641 Ὁ
1404 1587 1512 1659 γάρ
1542 1588 1642 1658 τῆς

41 1672 268 1743 ἀρετῆς
298 1673 662 1745 ἐπιθυμήσας,
699 1676 886 1746 κτῆμα
930 1676 1060 1729 ῐδιον
1089 1678 1320 1729 ποιεῖται
1334 1675 1395 1728 τὸ
1418 1675 1638 1743 ἀγαθὸν,

41 1766 110 1815 ἐν
144 1763 328 1835 ἐαυτῷ
359 1763 570 1834 βλέπων
598 1766 627 1819 ὃ
658 1745 1024 1838 ἐπεθύμησεν.
1052 1769 1335 1840 Μακάριος
1361 1763 1454 1822 οὖν
1480 1769 1508 1820 ὁ
1530 1786 1648 1823 πει·
1675 1745 1718 1800 Β

42 1856 237 1919 νάσας
296 1856 397 1928 τὴν
452 1859 804 1932 σωφροσύνην
830 1876 844 1891 ο
882 1861 1326 1932 ἐμπλησθήσεται
1378 1863 1486 1933 γὰρ
1549 1863 1648 1932 τῆς

47 1947 461 2019 καθαρότητος.
497 1950 561 2003 Ἥ
590 1950 647 2003 δὲ
696 1951 1014 2024 πλησμονὴ,
1045 1952 1226 2018 καθὼς
1273 1954 1519 2025 εἴρηται,
1550 1954 1651 2007 οὐκ

46 2039 461 2110 ἀποστροφὴν,
497 2040 612 2093 ἀλλ’
650 2042 900 2097 ἐπίτασιν
949 2046 1092 2097 ποιεῖ
1139 2045 1236 2116 τῆς
1279 2043 1530 2117 ὀρέξεως,
1557 2045 1652 2099 καὶ

52 2134 399 2201 συναύξεται
425 2136 673 2208 ἀλλήλοις
704 2139 845 2194 κατὰ
877 2140 940 2194 τὸ
981 2135 1097 2193 ἴσον
1124 2140 1428 2212 ἀμφότερα.
1468 2142 1546 2212 Τῇ
1590 2156 1650 2193 τε

52 2224 178 2297 γάρ
206 2225 477 2300 ἐπιθυμίᾳ
502 2229 601 2298 τῆς
635 2229 837 2300 ἀρετῆς
875 2231 910 2301 ή
940 2229 1034 2283 τοῦ
1070 2229 1503 2301 ἐπιθυμηθέντος
1522 2228 1654 2299 κτῆσ-

57 2334 151 2379 σις
189 2316 630 2389 ἐπηκολούθησεν
651 2336 664 2349 ·
690 2321 785 2373 καὶ
806 2320 867 2374 τὸ
887 2321 1240 2392 ἐγγενόμενον
1264 2321 1465 2389 ἀγαθὸν
1486 2321 1655 2376 ἀπαυ-

57 2427 191 2462 στοι
230 2408 331 2481 τὴν
361 2410 696 2484 εὐφροσύνην
714 2420 780 2485 τῇ
798 2412 942 2485 ψυχῇ
970 2415 1404 2485 συνεισήνεγκεν.
1421 2412 1653 2484 Τοιαύτη

57 2501 183 2573 γὰρ
214 2503 251 2573 ή
283 2502 376 2556 τοῦ
411 2503 616 2572 ἀγαθοῦ
663 2506 850 2558 τούτου
883 2505 1041 2575 φύσις
1073 2504 1242 2570 ἐστὶν,
1270 2504 1346 2568 ὡς
1383 2504 1456 2576 μὴ
1498 2506 1556 2558 ἐν
1580 2504 1657 2573 τῷ

64 2589 310 2662 παρόντι
340 2590 499 2657 μόνον
537 2591 990 2660 καταγλυκαίνειν
1025 2591 1115 2645 τὸν
1141 2590 1511 2657 ἀπολαύοντα,
1542 2591 1659 2645 ἀλλ’

1741 1417 1863 1458 sum
1898 1414 2127 1455 suorum
2159 1398 2425 1453 bonorum
2459 1394 2681 1466 praebet.
2721 1389 3086 1457 Quamobrem
3118 1387 3187 1440 iis
3222 1383 3315 1453 qui

1742 1493 1856 1546 hanc
1883 1490 2133 1546 esuriunt
2152 1528 2167 1553 ,
2197 1487 2338 1542 Deus
2358 1484 2596 1541 Verbum
2621 1481 2984 1552 expletiouem
3011 1476 3313 1547 promittit:

1741 1583 2102 1653 expletionem
2120 1620 2137 1646 ,
2160 1580 2384 1650 inquam
2406 1618 2421 1641 ,
2452 1590 2574 1647 qua:
2601 1575 2853 1630 satietate
2879 1568 3177 1631 accendat,
3209 1580 3316 1620 non

1746 1676 1963 1730 hebetet
2004 1658 2324 1744 appetitum.
2367 1668 2483 1724 Hoc
2524 1667 2690 1740 igitur
2736 1672 2820 1722 est
2868 1660 3016 1734 quod
3054 1660 3214 1715 docet
3250 1657 3322 1711 ab

1750 1765 1969 1821 excelso
2021 1762 2394 1817 intellectuum
2452 1765 2638 1811 monte
2676 1753 3081 1815 sermocinans,
3124 1761 3323 1817 nempe

1751 1865 1811 1913 ut
1841 1855 1908 1910 ad
1943 1853 2146 1909 nullam
2181 1849 2451 1920 ejusmodi
2483 1863 2597 1903 rem
2619 1887 2635 1913 ,
2685 1844 3040 1915 cupiditatem
3074 1846 3320 1894 nostram

1752 1948 2087 2017 applicemus
2110 1982 2126 2008 ,
2160 1944 2320 2012 cujus
2353 1941 2563 1995 nullum
2598 1936 2978 2009 expetentibus
3006 1930 3324 2004 propositus

1753 2044 1838 2094 est
1869 2036 2023 2100 ﬁnis,
2055 2035 2114 2089 in
2149 2034 2351 2103 quibus
2380 2038 2437 2087 et
2464 2045 2663 2086 vanum
2687 2069 2702 2095 ,
2746 2040 2800 2084 et
2847 2025 3040 2080 inutile
3084 2020 3324 2078 studium

1756 2136 1878 2186 est:
1930 2124 2389 2198 quemadmodum
2440 2123 2495 2177 in
2549 2121 2618 2178 iis
2669 2119 2765 2191 qui
2809 2116 3070 2173 verticem
3118 2110 3329 2167 umbra

1757 2234 1872 2276 suae
1903 2233 2071 2274 cursu
2102 2218 2490 2286 insequuntur,
2527 2225 2762 2283 quorum
2812 2221 3013 2264 cursus
3059 2203 3234 2259 fertur
3271 2200 3329 2255 in

1756 2310 2065 2372 inﬁnitum,
2118 2315 2174 2361 et
2221 2303 2661 2375 inexplicabile,
2696 2315 2762 2357 eo
2813 2310 3030 2368 semper
3079 2291 3331 2348 celeriter

1758 2402 2038 2465 elabente,
2072 2414 2138 2454 eo
2165 2396 2311 2468 quod
2341 2398 2565 2467 petitur,
2592 2407 2707 2463 quo
2749 2404 2949 2447 cursus
2992 2381 3333 2454 insequentis

1759 2490 2073 2553 contendit,
2113 2488 2210 2544 sed
2254 2497 2313 2542 ut
2357 2487 2423 2542 ad
2454 2502 2548 2543 eas
2590 2501 2679 2541 res
2716 2482 3012 2555 appetitum
3049 2480 3335 2533 converta-

1760 2599 1883 2640 mus
1932 2583 1987 2638 in
2035 2582 2233 2653 quibus
2279 2596 2377 2651 per
2421 2580 2659 2635 studium
2705 2583 2854 2632 certa
2900 2569 3179 2645 possessio
3220 2573 3337 2622 stu-

64 2683 130 2732 ἐν
156 2658 306 2732 πᾶσι
341 2682 453 2743 τοῖς
488 2679 583 2733 τοῦ
633 2658 824 2752 χρόνου
869 2681 1089 2753 μέρεσιν
1131 2681 1350 2754 ἐνεργὸν
1400 2682 1540 2754 παρέ

1856 2674 1913 2728 uti
1957 2672 2285 2742 acquiritur.
2339 2669 2476 2725 Nam
2520 2670 2615 2740 qui
2675 2668 2742 2723 ad
2788 2666 3052 2721 virtutem
3096 2658 3332 2729 aspirat,

62 2772 174 2842 τὴν
217 2770 577 2843 εὐφροσύνην.
635 2747 748 2825 Καὶ
783 2747 891 2842 γάρ
914 2747 954 2842 ἡ.
992 2773 1180 2842 μνήμη
1360 2747 1535 2842 ὀρθῶς

1861 2782 1878 2819 ι
1918 2766 2193 2835 propriam
2230 2763 2497 2833 acquirit,
2546 2761 2746 2817 bonum
2793 2755 2940 2827 quod
2980 2749 3240 2822 expetivit
3282 2747 3337 2801 in

68 2839 366 2931 διωμένων
395 2839 677 2932 εὐφραίνει
707 2839 803 2915 τὸν
825 2839 1247 2933 κατορθώσαντα
1265 2878 1279 2892 ο
1308 2839 1459 2933 καλή
1495 2862 1544 2914 ἐν

1866 2873 1887 2914 e
1906 2872 2157 2913 cernens.
2185 2856 2385 2911 Beatus
2425 2860 2512 2909 est
2552 2853 2719 2922 igitur
2745 2849 2836 2920 qui
2864 2845 3037 2902 esurit
3058 2839 3342 2898 continen-

71 2953 316 3026 παρόντι
341 2953 489 3026 ζωὴ,
521 2956 650 3009 ὅταν
684 2953 750 3008 δι’
799 2953 998 3025 ἀρετῆς
1029 2951 1364 3022 διεξάγηται,
1392 2952 1542 3023 καὶὴ

1863 2966 1942 3015 n;
1983 2948 2296 3019 implebitur
2329 2946 2474 3001 enim
2523 2943 2781 3015 puritate.
2828 2936 3074 3008 Repletio
3128 2939 3339 2995 autem,

72 3022 410 3106 ἀντιδόσεως
443 3022 761 3115 προσδοκία,
799 3022 864 3114 ἢν
892 3022 993 3095 οὐκ
1026 3041 1194 3112 ἀλλην
1222 3037 1361 3095 εἷναί
1391 3022 1548 3095 τιναι

1866 3048 1913 3095 at
1959 3040 2164 3094 dictum
2215 3046 2333 3105 est,
2369 3052 2479 3091 non
2514 3033 2906 3090 aversationem
2940 3038 2995 3082 et
3024 3022 3303 3080 fastidium
3326 3058 3342 3081 ,

74 3132 372 3205 λαμϐάνω,
399 3132 433 3203 ἢ
464 3132 633 3203 αὐτὴν
690 3129 852 3185 πάλιν
880 3128 977 3202 τὴν
1017 3130 1240 3201 ἀρετὴν,
1275 3129 1309 3200 ἢ
1365 3130 1461 3183 καὶ
1507 3128 1550 3200 ἐκ

1891 3130 2245 3185 intentionem
2271 3135 2325 3183 et
2351 3125 2745 3182 vehementiam
2770 3119 2934 3177 eﬁicit
2959 3115 3230 3187 appetitus
3248 3153 3265 3178 ,
3292 3116 3346 3165 et

76 3203 206 3279 ἐστὶ
235 3224 346 3278 τῶν
373 3223 799 3296 κατορθούντων,
824 3222 918 3276 καὶ
946 3221 1116 3296 γέρας
1139 3222 1232 3275 ἐπὶ
1259 3222 1370 3285 τοῖς
1393 3237 1552 3292 κατορ

1873 3236 2022 3292 aequo
2053 3229 2281 3292 utraque
2309 3220 2472 3276 simul
2498 3217 2639 3274 inter
2667 3228 2787 3273 sese
2811 3218 3095 3282 augentur.
3126 3203 3262 3259 Nam
3294 3208 3349 3255 et

84 3331 232 3386 μασι
262 3312 491 3381 γίνεται.
1020 3293 1033 3296 -
1773 3312 2013 3366 studium
2034 3323 2086 3367 et
2100 3310 2437 3367 aﬁ‘ectionem
2455 3310 2673 3364 virtutis
2693 3309 2767 3363 rei
2788 3304 3051 3361 aﬁ‘ectatae
3066 3293 3351 3367 acquisitio

83 3405 493 3488 consequitur;
531 3412 585 3460 et
621 3404 868 3458 innatum
897 3403 1101 3458 bonum
1130 3401 1411 3457 assiduam
1449 3408 1880 3471 perpetuamque
1925 3403 2168 3457 laetitiam
2215 3402 2381 3456 simul
2425 3402 2482 3455 in
2532 3401 2770 3454 animam
2813 3395 2999 3451 infert.
3033 3389 3182 3444 Talis
3208 3385 3352 3442 enim

88 3480 265 3569 liujus
291 3494 419 3550 boni
464 3502 661 3549 natura
699 3501 781 3549 est
804 3531 822 3558 ,
859 3499 1059 3546 utnon
1095 3491 1153 3545 in
1189 3489 1477 3560 praesentia
1516 3488 1687 3557 modq
1716 3488 1986 3546 fruentem
2024 3491 2330 3546 demulceat
2360 3500 2524 3560 atque
2559 3488 2821 3551 delectet,
2868 3485 2963 3541 sed
3006 3483 3063 3537 in
3101 3478 3355 3536 omnibus

90 3589 363 3662 temporis
393 3586 644 3657 partibus
671 3585 913 3639 laetitiam
942 3591 1309 3652 repraesentet.
1343 3580 1477 3634 Nam
1508 3590 1562 3636 et
1588 3582 1712 3638 vitae
1744 3591 1891 3638 recte
1924 3591 2213 3637 transactae
2241 3582 2536 3646 memoria,
2566 3594 2691 3637 eum
2717 3580 2812 3650 qui
2839 3579 2893 3634 id
2928 3586 3214 3633 assecutus
3244 3572 3354 3639 sit,

90 3693 149 3739 et
181 3694 425 3751 praesens
452 3677 583 3743 vita,
602 3676 731 3731 dum
760 3690 859 3746 per
885 3675 1139 3730 virtutem
1160 3671 1503 3741 transigitur,
1518 3680 1572 3727 et
1594 3672 1933 3742 exspectatio
1957 3671 2331 3727 retributionis
2357 3678 2412 3725 et
2439 3667 2898 3725 remunerationis
2925 3665 3177 3730 delectat,
3191 3675 3357 3734 quam

92 3773 600 3833 remunerationem
636 3786 746 3826 non
790 3770 952 3825 aliam
991 3769 1282 3839 quamdam
1310 3782 1434 3823 esse
1463 3779 1621 3837 puto,
1644 3783 1809 3840 quam
1836 3769 2009 3840 ipsam
2038 3785 2232 3826 rursus
2258 3767 2514 3824 virtutem
2534 3806 2549 3832 ,
2577 3780 2698 3836 qua:
2724 3772 2778 3820 et
2807 3778 2947 3834 opus
2977 3768 3126 3817 recte
3156 3757 3361 3814 facien-

94 3871 241 3925 tium
281 3873 398 3934 est,
433 3873 489 3921 et
518 3865 800 3934 praemium
828 3869 976 3918 recte
1001 3861 1270 3915 factorum
1302 3859 1541 3916 exsistit.

173 3964 242 4017 Εἰ
275 3961 331 4015 δὲ
356 3961 461 4033 χρή
498 3977 641 4021 τινος
673 3958 769 4013 καὶ
797 3955 1067 4029 τολμηροῦ
1108 3955 1455 4027 καθάψασθαι
1480 3955 1640 4025 λόγου

1880 3954 2115 4009 laterum
2147 3951 2196 4007 si
2234 3949 2398 4006 etiam
2438 3948 2672 4018 aliquem
2733 3944 2996 3999 audacem
3088 3937 3356 4009 attingere

98 4057 255 4111 δοκεῖ
270 4027 409 4124 τιέᾶ
435 4027 521 4124 μοι
546 4049 634 4103 διὰ
654 4049 748 4104 τοῦ
768 4027 908 4104 κατά
926 4027 1024 4122 τήν
1048 4051 1252 4121 ἀρετήν
1280 4066 1340 4102 τε
1366 4049 1458 4102 καὶ
1485 4049 1574 4102 δικ

1884 4058 2095 4100 mortem
2143 4049 2379 4112 oportet,
2414 4039 2647 4095 forsitan
2675 4052 2772 4110 per
2796 4032 3020 4092 virtutis
3048 4040 3102 4087 et
3130 4027 3360 4101 justitia:

103 4147 279 4218 σύνην
309 4144 468 4214 λόγου
500 4140 689 4195 ἐαυτὸν
709 4140 1021 4214 προτιθέναι
1041 4143 1105 4212 τῇ
1131 4138 1307 4209 ὀρέξει
1327 4139 1435 4193 τῶν
1462 4141 1579 4195 ἀκοι

1890 4132 2119 4187 rationem
2142 4132 2382 4200 seipsum
2418 4127 2755 4184 audientium
2777 4124 3041 4197 appetitui
3063 4132 3366 4194 proponere

100 4210 273 4292 των-6
304 4210 504 4306 Κύριος
532 4249 545 4262 ·
570 4232 628 4296 ὃς
654 4210 886 4303 ἐγενήθη
921 4233 1052 4303 ἡμῖν
1079 4210 1238 4299 σοφία
1273 4229 1381 4285 ἀπὸ
1423 4229 1576 4296 Θεοῦ,

1891 4225 1929 4279 ii
1954 4222 2223 4279 Dominus
2245 4220 2499 4276 videtur:
2527 4219 2621 4289 qui
2652 4216 2830 4272 factus
2852 4223 2938 4271 est
2962 4213 3124 4269 nobis
3149 4210 3367 4281 sapien-

105 4299 470 4398 καιοσύνηπε
512 4324 606 4378 καὶ
649 4299 1078 4392 ἁγιασμδςίκαὶ
1127 4321 1581 4392 ἀπολύτρωσις,ὀ

1908 4330 1939 4369 a
1968 4314 2098 4378 Deo,
2131 4320 2186 4367 et
2211 4311 2444 4382 justitia,
2469 4316 2524 4364 et
2546 4307 2929 4369 sanctiﬁcatio,
2955 4311 3011 4360 et
3038 4299 3366 4370 redemptio,

106 4422 211 4477 atati.
240 4387 401 4491 ἄρτος
432 4415 489 4483 ἐξ
528 4387 754 4486 ούρανοῦ
783 4387 1146 4477 καταϐαίνων,
1173 4412 1268 4465 καὶ
1302 4387 1445 4483 ὕδωρ
1474 4410 1580 4476 ζῶν

1894 4404 2098 4460 uetiam
2131 4403 2289 4473 panis
2330 4399 2399 4456 de
2447 4399 2590 4455 calo
2622 4396 2964 4453 descendens
3006 4399 3059 4449 et
3105 4404 3247 4461 aqua
3288 4387 3370 4444 vi-

108 4478 560 4581 διψῇνιόμολογεῖ
587 4478 750 4560 λαὸὶδ
776 4504 832 4559 ἔν
877 4521 986 4558 τινι
1022 4501 1327 4574 ψαλμῳδίᾳ,
1365 4478 1428 4554 τδ
1459 4518 1584 4571 μακι

1895 4513 1975 4553 IS:
2008 4510 2171 4566 quam
2203 4493 2355 4551 sitire
2384 4505 2508 4547 sese
2546 4487 2716 4543 David
2771 4487 2832 4541 in
2885 4482 3123 4556 quodam
3157 4478 3371 4581 psalmo

277 4566 436 4653 τούτο
467 4566 567 4668 τῆς
602 4596 781 4667 ψυχῆς
808 4594 977 4658 πάθος
1005 4566 1082 4664 si?)
1257 4566 1590 4664 προσφέρων,

1898 4582 2113 4648 ditetur,
2145 4583 2292 4636 hunc
2322 4580 2541 4637 beatum
2578 4576 2831 4632 aﬁ‘ectum
2870 4574 3067 4630 animae
3102 4571 3213 4626 Deo
3237 4566 3374 4623 offe-

116 4693 201 4760 οἴς
230 4710 395 4765 φησιν
420 4708 432 4721 '
823 4688 861 4757 ή
890 4659 1064 4756 ψυχῆ
1083 4659 1382 4755 μουνποὸς
1413 4659 1526 4737 τὸν
1555 4684 1592 4737 8

1899 4690 1939 4730 ιε
1970 4675 2054 4729 bis
2082 4673 2265 4730 verbis
2290 4691 2305 4727 ι
2334 4670 2515 4727 Sitiuit
2557 4669 2740 4723 anima
2772 4682 2889 4721 mea
2918 4663 2988 4718 ad
3024 4662 3188 4717 Deum
3220 4659 3375 4714 illum

116 4749 535 4853 ’ἰσχυρύη
562 4749 679 4835 τόγ’
712 4749 930 4840 ῶνέανο
1141 4749 1394 4846 ἥξωνκαὶ
1438 4775 1592 4845 ὀρθή

1904 4766 2064 4831 idum,
2098 4766 2347 4821 viventem
2368 4781 2388 4830 ;
2434 4761 2645 4833 quando
2678 4759 2881 4815 ueniam
2914 4764 2965 4810 et
3011 4751 3271 4824 apparebo
3322 4749 3380 4803 in

117 4895 225 4950 μαι
256 4875 334 4941 τῷ
362 4871 661 4941 προσώπῳ
689 4870 793 4926 τοῦ
818 4870 998 4934 Θεοῦ;
1021 4866 1122 4933 ’Ός
1158 4886 1246 4940 μοι
1266 4868 1415 4922 δοκεῖ
1451 4870 1517 4938 τῇ
1546 4866 1707 4921 δυνά-

125 4986 221 5040 μει
262 4965 354 5019 τοῦ
404 4963 719 5035 Πνεύματος
779 4959 1194 5032 προπαιδευθεὶς
1255 4958 1323 5013 τά
1388 4958 1707 5030 μεγαλοφυῆ

120 5059 301 5114 ταῦτα
354 5056 449 5110 τοῦ
503 5056 708 5126 Κυρίου
758 5054 1084 5124 διδάγματα,
1111 5051 1207 5122 καὶ
1257 5054 1357 5119 τὴν
1395 5047 1714 5121 πλησμονὴν

124 5152 226 5223 τῆς
259 5147 514 5218 τοιαύτης
557 5145 788 5218 ὀρέξεως
814 5145 993 5217 ἐαυτῷ
1015 5146 1349 5216 προσειπεῖν.
1396 5140 1545 5212 Ἐγὼ
1581 5140 1714 5212 γὰρ,

131 5243 318 5313 φησὶν,
339 5241 408 5295 ἐν
424 5238 780 5306 δικαιοσύνῃ
801 5236 1139 5307 ὀφθήσομαι
1159 5233 1239 5300 τῷ
1259 5233 1557 5303 προσώπῳ
1574 5244 1713 5296 σου,

131 5328 621 5406 χορτασθήσομαι
647 5328 718 5382 ἐν
742 5326 821 5393 τῷ
841 5326 1097 5397 ὀφθῆναί
1107 5344 1209 5397 μοι
1231 5324 1347 5394 τὴν
1364 5323 1553 5388 δόξαν
1575 5339 1712 5377 σου.

134 5427 284 5494 Αὕτη
309 5420 401 5478 οὗν
430 5426 545 5477 ἐστι
569 5421 709 5477 κατά
727 5439 789 5490 γε
812 5421 902 5475 τὸν
921 5421 1053 5492 ἐμὸν
1070 5421 1276 5490 λόγονὴ
1301 5416 1508 5489 ἀληθὴς
1523 5416 1711 5487 ἀρετὴ,

135 5520 197 5574 τὸ
227 5516 426 5588 ἁμιγές
457 5513 550 5567 τοῦ
600 5514 839 5585 χείρονος
883 5512 1086 5582 ἀγαθὸν
1112 5554 1126 5577 ,
1160 5511 1286 5583 περὶ
1323 5509 1351 5562 ὃ
1386 5511 1494 5563 πᾶν
1537 5507 1714 5578 νόημα

208 5700 254 5730 ²¹
296 5695 440 5753 Psal.
483 5711 567 5749 xu
589 5736 602 5761 ,
635 5694 688 5749 5.
765 5692 809 5725 ⁸³
844 5689 989 5746 Psal.
1024 5704 1111 5744 xv:
1135 5730 1150 5759 ,
1185 5687 1271 5742 i5.

1812 4871 2089 4930 conspectu
2132 4861 2233 4916 Dei
2265 4858 2357 4913 “?
2393 4858 2498 4925 Qui
2537 4854 2703 4910 David
2745 4850 2880 4907 mihi
2922 4848 3138 4904 videtur
3183 4843 3379 4898 virtute

1819 4953 2059 5029 Spiritus
2073 4953 2175 5009 has
2203 4952 2522 5023 magniﬁcas
2554 4945 2769 5005 Domini
2800 4942 3080 4999 doctrinas
3104 4937 3215 5009 jam
3253 4941 3384 4991 ante

1810 5026 2064 5111 edoctus,
2095 5046 2260 5100 etiam
2283 5043 2649 5114 expletionem
2673 5034 2942 5109 ejusmodi
2969 5031 3241 5103 appetitus
3270 5026 3383 5083 sibi

1812 5135 2146 5209 praedixisse.
2196 5133 2312 5205 Ego
2358 5136 2529 5200 enim,
2569 5132 2766 5203 inquit,
2801 5125 3089 5194 iniustitia
3121 5116 3387 5209 apparebo

1812 5208 1867 5282 in
1896 5234 2178 5294 conspectu
2211 5234 2321 5291 tuo,
2354 5224 2595 5278 satiabor
2627 5219 2847 5276 videndo
2874 5217 3100 5289 gloriam
3141 5222 3290 5265 tuam
3309 5208 3381 5264 “.

1818 5316 1944 5372 Haec
1976 5314 2164 5386 igitur,
2195 5321 2255 5368 ut
2280 5327 2397 5367 mea
2426 5312 2645 5382 quidem
2677 5310 2862 5380 opinio
2890 5306 3014 5373 fert,
3045 5315 3174 5359 vera
3206 5299 3388 5354 virtus

1819 5415 1925 5474 est,
1954 5407 2156 5462 bonum
2192 5404 2336 5476 quod
2374 5420 2498 5460 cum
2558 5403 2700 5458 malo
2732 5400 3051 5472 permistum
3105 5407 3217 5449 non
3276 5395 3384 5452 est,

1821 5501 1968 5557 circa
1997 5498 2143 5579 quod
2183 5497 2363 5554 omnis
2400 5495 2711 5553 intellectus
2743 5508 2955 5559 eorum,
2989 5503 3110 5563 qua:
3147 5486 3205 5543 in
3251 5497 3387 5555 pra:-
