3690 5986
323 274 457 330 1247

1506 267 1565 322 S.
1607 261 1929 319 GREGORII
1967 261 2258 317 NYSSENI

3439 244 3572 297 liis

319 383 635 438 stantlorem
670 389 878 452 partem
932 381 1297 450 accipiuntur,
1346 379 1774 449 deprehenditur
1830 384 1885 431 et

2078 394 2093 427 ι
2130 375 2268 446 πρὸς
2311 374 2376 427 τὸ
2420 375 2662 445 κρεῖττον
2693 367 2998 438 νοουμένων
3029 360 3534 452 καταλαμὸςὶινετοιιΔ
3556 373 3569 386 -

318 474 621 543 percipitur
666 475 780 542 ipse
834 473 974 528 Deus
1012 471 1270 535 Verbum,
1318 471 1492 526 virtus
1546 487 1666 541 quae
1721 474 1890 528 caelos

322 565 454 617 texit
477 606 492 629 ,
527 572 584 617 ut
619 563 872 619 Habacuc
915 563 1168 632 exponit,
1218 577 1282 616 ac
1316 571 1464 618 recte
1500 565 1590 632 qui
1626 564 1766 618 hanc
1797 563 1888 621 Dei

319 654 588 722 justitiam
617 655 900 717 esuriunt,
951 655 1090 709 beati
1119 654 1454 724 judicantur.
1494 653 1628 708 Nam
1684 669 1888 721 revera,

326 745 417 813 qui
442 743 727 798 Dominum
755 747 983 818 gustavit
1012 769 1038 814 ,ξ
1071 757 1130 800 ιιι
1162 746 1463 817 psalmodia
1511 747 1644 800 dicit
1667 747 1734 812 “,
1791 747 1892 801 hoc

325 843 432 899 est,
470 840 562 905 qui
599 836 652 888 in
680 820 800 890 sese
843 836 1007 888 Deum
1064 836 1291 905 recepit,
1347 836 1594 904 expletur
1630 851 1697 890 eo
1747 835 1890 906 quod

325 934 380 980 et
411 927 601 990 sitivit,
635 935 689 981 et
715 928 963 990 esurivit,
998 928 1149 995 juxta
1184 927 1596 996 promissionem
1628 927 1765 994 ejus,
1799 927 1890 996 qui

326 1018 500 1072 dixit:
537 1017 648 1087 Ego
704 1027 754 1072 et
785 1017 948 1073 Pater
991 1021 1272 1081 veniemus,
1314 1029 1362 1074 et
1397 1020 1717 1072 mansionem
1756 1017 1894 1086 apud

325 1122 444 1160 eum
475 1107 728 1174 faciemus
753 1108 818 1170 ⁸⁸,
844 1108 1118 1170 videlicet,
1149 1107 1357 1177 Spiritu
1394 1116 1590 1163 sancto
1623 1107 1776 1176 prius
1811 1107 1896 1160 iu-

328 1200 628 1254 habitante.
666 1201 742 1252 Ita
774 1200 904 1252 mihi
943 1200 1156 1254 videtur
1185 1200 1348 1253 etiam
1377 1213 1606 1266 magnus
1633 1198 1723 1252 ille
1750 1196 1895 1251 Pau-

327 1289 433 1352 lus,
466 1289 556 1357 qui
591 1304 823 1343 arcanos
865 1289 987 1343 illos
1033 1288 1272 1358 paradisi
1326 1287 1536 1342 fructus
1570 1287 1893 1357 degustavit,

329 1391 379 1434 et
415 1381 608 1450 plenus
641 1396 829 1434 eorum
870 1396 991 1450 quae
1011 1381 1268 1451 gustavit,
1316 1388 1369 1434 et
1411 1371 1623 1448 semper
1650 1378 1898 1432 esuriens

328 1485 474 1525 esse.
506 1468 718 1525 Etenim
764 1471 1030 1540 repletum
1089 1485 1148 1525 se
1173 1485 1295 1525 esse
1322 1469 1462 1538 ejus,
1501 1469 1644 1538 quod
1685 1469 1900 1524 deside~

331 1560 574 1622 rabatur,
611 1559 831 1623 fatetur,
876 1560 1004 1614 dum
1041 1559 1213 1614 dicit:
1282 1559 1414 1613 Vivit
1468 1569 1644 1613 autem
1709 1561 1762 1613 in
1818 1576 1899 1614 me

332 1650 576 1705 Christus
597 1652 664 1716 “,
696 1658 750 1705 et
780 1658 1037 1720 tanquam
1066 1651 1335 1716 esuriens,
1363 1665 1577 1719 semper
1611 1651 1900 1719 praeteritis

333 1741 553 1795 omissis
584 1713 658 1795 adi
683 1713 944 1795 ulteriora
971 1743 1194 1811 aspirat.
1228 1713 1356 1795 dum
1393 1713 1572 1795 dicit:
1607 1713 1730 1795 Non
1758 1741 1897 1811 quod
1935 1713 1972 1766 Β

327 1832 444 1901 jam
468 1834 712 1899 ceperim,
753 1841 846 1886 aut
884 1833 1002 1902 jam
1027 1834 1286 1903 perfectus
1325 1834 1464 1893 sim;
1515 1850 1669 1886 curro
1701 1843 1896 1900 autem,

333 1932 391 1976 ut
426 1939 697 1993 assequar,
723 1932 771 1977 et
797 1923 1230 1992 comprehendam
1258 1925 1321 1978 '7.
1351 1923 1515 1978 Detur
1541 1924 1684 1978 enim
1715 1925 1896 1989 nobis,

335 2023 397 2068 ut
447 2013 515 2067 ad
571 2013 857 2068 arbitrium
911 2027 1157 2070 nostrum
1221 2015 1422 2085 aliquid
1457 2016 1687 2086 exempli
1729 2018 1901 2084 gratia

333 2119 460 2160 esse
491 2104 761 2170 dicamus,
791 2105 937 2175 quod
974 2107 1028 2160 in
1057 2121 1239 2161 rerum
1272 2114 1465 2160 natura
1496 2123 1603 2162 non
1647 2108 1898 2171 habetur.

335 2195 804 2262 Quemadmodum
859 2198 1002 2252 enim
1058 2198 1114 2251 in
1169 2198 1414 2252 sensibili
1456 2199 1597 2260 cibo,
1658 2199 1704 2254 si
1770 2199 1904 2254 nihil

335 2305 548 2352 eorum,
582 2305 703 2358 quae
739 2289 1059 2343 nutrimenti
1117 2303 1282 2343 causa
1338 2299 1647 2352 sumuntur,
1683 2305 1782 2359 pro
1811 2307 1904 2344 ex-

336 2388 616 2434 cremento
670 2379 980 2447 ejiceretur,
1043 2380 1137 2434 sed
1197 2388 1366 2433 totum
1423 2381 1489 2435 ad
1546 2380 1902 2449 adjectionetn

338 2483 612 2538 corporea:
641 2470 986 2540 proceritatis
1017 2479 1409 2532 assumeretur,
1443 2471 1762 2539 quotidiano
1803 2488 1904 2525 nu-

337 2560 595 2614 trimento
651 2575 748 2630 per
803 2575 924 2615 sese
973 2564 1275 2630 adaugente
1332 2561 1786 2630 magnitudinem,
1848 2563 1901 2616 in

337 2651 566 2704 multam
604 2651 989 2720 proceritatem
1023 2665 1256 2722 corpora
1287 2661 1670 2707 excrcscerent
1711 2660 1766 2708 et
1820 2664 1900 2708 ato

338 2741 698 2806 tollerentur;
731 2741 919 2796 itidem
950 2741 1042 2794 illa
1068 2741 1302 2810 justitia,
1337 2750 1394 2798 et
1429 2743 1609 2799 omnis
1638 2759 1744 2798 una
1778 2761 1902 2800 cum

338 2844 405 2885 ea
432 2831 629 2894 virtus,
658 2833 917 2901 quoniam
951 2831 1248 2886 secundum
1273 2848 1420 2896 eum,
1453 2835 1544 2904 qui
1575 2842 1755 2889 mente
1791 2851 1886 2905 per

339 2920 567 2990 cipitur,
601 2923 655 2975 in
683 2922 792 2976 cibi
823 2921 1044 2975 modum
1079 2931 1318 2977 comesta
1347 2938 1471 2976 .non
1507 2925 1766 2994 egeritur,
1825 2924 1904 2977 al-

339 3012 510 3066 tiores
569 3027 782 3080 semper
838 3025 936 3079 per
991 3027 1111 3066 sese
1158 3013 1545 3082 participantes
1595 3014 1776 3077 eiIicit,
1817 3015 1900 3068 sui

342 3111 556 3168 semper
581 3098 885 3166 adjectione
925 3099 1353 3168 magnitudinem
1383 3115 1607 3169 augens.
1637 3101 1906 3167 Quocirca

343 3185 454 3241 sia
496 3186 656 3241 nobis
713 3187 988 3242 intellecta
1026 3196 1111 3243 est
1172 3189 1262 3242 illa
1306 3189 1464 3244 beata
1514 3189 1704 3255 fames,
1757 3193 1904 3246 omni

342 3277 662 3332 vitiositatis
707 3278 1062 3333 redundantia
1102 3295 1196 3349 per
1225 3280 1488 3334 vomitum
1518 3282 1742 3350 rejecta,
1776 3299 1908 3339 esu-

344 3367 550 3422 riamus
576 3368 842 3436 justitiam
897 3368 1013 3437 Dei,
1040 3377 1100 3425 ut
1132 3372 1296 3426 etiam
1341 3371 1407 3425 ad
1460 3372 1819 3440 expletionem
1851 3381 1906 3427 et

1989 467 2151 530 αὑτὸς
2169 468 2197 519 ό
2217 465 2348 530 Θεὸς
2364 466 2550 533 Λόγος,
2568 465 2602 534 ἡ
2631 462 2756 525 τοὺς
2778 459 3038 532 οὑρανοῦς
3055 455 3344 524 καλύψασα
3375 447 3572 520 ἀρετὴ.

1989 557 2214 620 καθὼςό
2249 556 2566 626 Ἀμὸακοὺμ
2589 548 3048 623 διεξέρχεται,καὶ
3077 545 3256 608 καλῶς
3280 545 3326 596 οἰ
3359 540 3575 609 ταύτην

1989 647 2082 700 τοῦ
2098 646 2229 699 Θεοῦ
2259 647 2356 717 τὴν
2385 644 2727 714 δικαιοσύνην
2749 642 3060 703 πεινῶντες,
3078 634 3573 708 ’ἐμακαρίσθησαν.

1991 738 2081 809 Τῷ
2113 739 2225 791 δντι
2252 738 2360 808 γὰρ
2401 741 2435 792 ό
2482 733 2853 805 γευσάμενος
2883 733 2990 787 τοῦ
3040 730 3280 797 Kvplov.
3312 723 3510 787 καθὼς
3543 725 3575 793 ἡ

1991 829 2274 899 ψαλμῳδία
2296 829 2464 897 λέγει,
2496 826 2792 889 τουτέστιν,
2829 827 2856 878 ὁ
2887 827 2942 877 ἐν
2959 821 3133 892 ἐαυτῷ
3165 821 3464 889 δεξάμενος
3488 816 3578 868 τὸν

1992 919 2124 972 Θεὸν
2145 959 2159 983 ,
2192 919 2402 988 πλήρης
2430 917 2637 986 γίνεται
2665 911 2724 971 οὕ
2758 914 3006 984 ἐδίψησέν
3038 930 3097 965 τε
3135 911 3228 964 καὶ
3257 907 3574 968 ἐπείνασεν,

1993 1013 2136 1066 κατὰ
2181 1010 2276 1080 τὴν
2308 1010 2600 1080 ὑπόσχεσιν
2632 1008 2724 1062 τοῦ
2774 1006 3020 1070 εἰπόντος
3043 1021 3058 1035 ο
3087 1005 3168 1058 ὅτι
3222 1000 3364 1070 Ἐγὼ
3407 999 3516 1052 καὶ
3548 1001 3577 1051 ὁ

1993 1099 2194 1168 Πατὴρ
2209 1098 2596 1170 ἐλευσόμεθα,
2622 1099 2717 1154 καὶ
2738 1098 2938 1169 μονὴν
2973 1097 3107 1165 παρ’
3133 1094 3293 1158 αὐτῷ
3316 1090 3578 1157 ποιήσο-

1966 1193 2229 1267 μεν,τοῦ
2259 1194 2415 1262 ἁγίου
2451 1193 2763 1263 Πνεύματος
2792 1192 3034 1263 δηλονότι
3057 1188 3578 1262 προενοικήσαντος.

1997 1285 2152 1339 Οὕτω
2181 1302 2270 1356 μοι
2293 1285 2440 1337 δοκεῖ
2466 1285 2560 1337 καὶ
2579 1283 2786 1346 Παῦλος
2815 1285 2840 1336 ό
2859 1282 3029 1352 μέγας
3055 1283 3082 1333 ὁ
3107 1279 3213 1332 τῶν
3239 1275 3583 1348 ἀπορρήτων

1997 1377 2217 1428 ἐκείνων
2258 1373 2483 1445 καρπῶν
2511 1372 2618 1426 τῶν
2647 1375 2710 1425 ἐκ
2742 1371 2835 1425 τοῦ
2889 1369 3211 1442 παραδείσου
3254 1362 3580 1433 ἀπογευσάο

2001 1483 2179 1537 μενος,
2211 1464 2302 1518 καὶ
2346 1464 2558 1534 πλήρης
2591 1455 2666 1516 ὧν
2713 1461 2971 1529 ἐγεύσατο
3010 1455 3178 1516 εἶναι.
3210 1459 3304 1510 καὶ
3332 1456 3430 1509 ἀεὶ
3464 1471 3582 1506 πει-

2000 1560 2124 1612 νῶν.
2147 1557 2256 1611 Καὶ
2276 1555 2382 1626 γάρ
2411 1552 2798 1624 πεπληρῶσθαι
2829 1552 2920 1605 τοῦ
2958 1549 3286 1620 ποθουμένου
3317 1545 3584 1616 ὁμολογεῖ

2000 1650 2170 1718 λέγων
2188 1663 2200 1676 '
2242 1651 2288 1701 Ζ
2294 1647 2327 1715 ᾖ
2353 1646 2419 1700 δὲ
2452 1647 2521 1700 ἐν
2551 1645 2677 1714 ἐμοὶ
2713 1641 2963 1712 Χριστός
2985 1659 2998 1672 '
3026 1642 3118 1695 καὶ
3144 1640 3219 1702 ὡς
3261 1637 3475 1692 πεινῶν
3501 1636 3584 1688 ἀεὶ

2000 1744 2112 1803 τοῖς
2155 1738 2459 1810 ἔμπροσθεν
2495 1735 2864 1791 ἐπεκτείνεται
2897 1733 3068 1801 λέγων
3092 1747 3104 1760 ·
3141 1732 3262 1797 Οὐχ
3311 1728 3408 1781 ὅτι
3465 1725 3580 1793 ἤδη

2002 1833 2223 1887 ἔλαϐον
2251 1830 2288 1898 ἢ
2322 1829 2436 1897 ἤδη
2491 1827 2893 1895 τετελείωμαι,
2925 1823 3114 1892 τρέχω
3147 1820 3215 1873 δὲ
3248 1821 3349 1873 ἵνα
3393 1832 3582 1871 κατα-

2001 1923 2180 1976 λάϐω.
2209 1920 2449 1974 Δεδόσθω
2481 1919 2589 1989 γὰρ
2639 1921 2770 1989 ἡμῖν
2799 1917 2918 1970 κατ’
2959 1914 3203 1982 ἐξουσίαν
3234 1907 3583 1969 ὑποθετικῶς

2003 2010 2141 2066 εἰναί
2161 2029 2214 2065 τι
2242 2012 2441 2080 λέγειν,
2461 2010 2543 2081 δή
2575 2009 2733 2079 φύσις
2759 2010 2858 2062 οὑκ
2885 2008 3018 2078 ἔχει.
3054 2005 3318 2074 Καθάπερ
3345 2001 3469 2072 γὰρ
3495 2001 3585 2052 ἐπὶ

2002 2103 2102 2172 τῆς
2159 2102 2420 2172 αἰσθητῆς
2476 2099 2750 2171 βρώσεως,
2786 2099 2836 2150 εί
2873 2097 3040 2168 μηδὲν
3089 2093 3584 2165 περιττωματικῶς

2001 2194 2108 2247 τῶν
2148 2196 2226 2257 εἰς
2271 2193 2474 2264 τροφὴν
2517 2189 2938 2262 λαμϐανομένων
2983 2187 3292 2252 ἐξεποιεῖτο,
3332 2183 3481 2237 ἀλλὰ
3526 2183 3586 2234 τὸ

2003 2285 2122 2337 ὅλον
2168 2285 2248 2346 εἰς
2298 2282 2612 2353 προσθήκην
2648 2281 2743 2333 τοῦ
2793 2276 3104 2349 σωματικοῦ
3137 2276 3302 2346 ὕψους
3338 2273 3585 2343 ἀνελαμο

2005 2374 2228 2437 ϐἀνετο,
2266 2375 2345 2436 εἰς
2382 2372 2512 2425 πολὺ
2542 2371 2606 2425 ἂν
2639 2369 2771 2440 ὕψος
2823 2367 3038 2439 ἐπήρθη
3069 2367 3141 2419 τὰ
3183 2366 3453 2436 σώματα,
3489 2365 3586 2434 τῆς

2004 2471 2124 2523 καθ’
2157 2471 2368 2541 ἡμέραν
2403 2468 2610 2538 τροφῆς
2634 2468 2699 2517 δι’
2729 2465 2926 2536 ἑαυτῆς
2958 2461 3295 2533 ἐπαυξοὺσης
3323 2460 3380 2513 τὸ
3422 2460 3586 2531 μέγεο

2005 2561 2095 2624 θος
2123 2577 2136 2591 ·
2169 2559 2340 2623 οὕτως
2384 2561 2418 2630 ἡ
2463 2557 2772 2626 δικαιοσύνη
2818 2557 2998 2626 ἐκείνη
3020 2594 3035 2618 ,
3064 2556 3158 2608 καὶ
3196 2555 3346 2606 πάσα
3374 2555 3413 2622 ἠ
3471 2551 3584 2621 μετ’

2005 2651 2173 2722 αὑτῆς
2201 2649 2400 2720 ἁρετὴ,
2431 2649 2616 2720 ἐπειδὴ
2651 2649 2750 2702 οὑκ
2787 2649 3085 2701 ἐκποιεῖται
3119 2645 3403 2715 ἐσθιομένη
3447 2641 3586 2695 κατᾶ

2002 2740 2092 2793 τὸν
2141 2739 2328 2809 νοητὸν
2373 2740 2471 2809 τῆς
2523 2737 2776 2809 βρώσεως
2828 2737 3045 2808 τρόπον,
3098 2734 3473 2805 ὑψηλοτέρους
3502 2733 3585 2784 ἀεὶ

2005 2833 2148 2884 ποιεῖ
2170 2830 2233 2883 δι’
2268 2830 2464 2899 ἑαυτῆς
2514 2829 2638 2891 τοὺς
2674 2828 2996 2897 μετέχοντας
3016 2869 3030 2892 ,
3063 2827 3293 2879 πάντοτε
3326 2828 3390 2894 τῇ
3455 2823 3586 2892 παρ’

2005 2922 2200 2990 ἑαυτῆς
2229 2919 2508 2990 προσθήκῃ
2536 2918 2596 2971 τὸ
2629 2918 2857 2988 μέγεθος
2886 2917 3143 2981 αὔξουσα.
3178 2915 3386 2971 Οὑκοῦν
3428 2916 3480 2967 εἰ
3513 2931 3590 2965 vs-

2005 3008 2190 3080 νόηται
2223 3011 2350 3081 ἡμῖν
2386 3011 2418 3080 ἡ
2455 3009 2764 3079 μακαριστὴ
2801 3010 2980 3070 πεῖνα,
3017 3010 3196 3060 πᾶσαν
3220 3007 3320 3076 τὴν
3347 3004 3463 3058 ἀπὸ
3487 3022 3589 3057 κα-

2009 3099 2136 3162 κίας
2176 3100 2465 3170 πληθώραν
2519 3099 2830 3169 ἐμέσαντες,
2867 3099 3211 3167 πεινάσωμεν
3240 3097 3339 3166 τὴν
3375 3097 3588 3149 δικαιο-

2013 3191 2176 3263 σύνην
2202 3190 2295 3244 τοῦ
2329 3192 2483 3256 Θεοῦ,
2513 3191 2600 3244 ἵνα
2627 3193 2720 3244 καὶ
2746 3193 2822 3254 εἰς
2865 3191 3177 3262 πλησμονὴν
3206 3191 3374 3260 αὐτῆς
3413 3189 3588 3242 ἔλθω-

2015 3301 2131 3353 μεν,
2162 3285 2219 3336 ἐν
2240 3283 2455 3353 Χριστῷ
2493 3283 2664 3354 Ἰησοῦ
2697 3283 2775 3353 τῷ
2803 3283 2989 3354 Κυρίῳ
3022 3282 3200 3353 ἡμῶν,
3289 3283 3322 3352 ἡ
3353 3281 3484 3347 δόξα
3510 3282 3588 3343 εἰς

2011 3377 2136 3439 τοὺς
2161 3377 2359 3440 αἰῶνας
2387 3375 2492 3428 τῶν
2524 3374 2754 3428 αἰώνων.
2789 3376 2963 3446 Αμήν.

345 3461 650 3516 satietatem
695 3461 816 3532 ejus
861 3461 1264 3532 perveniamus,
1297 3476 1394 3531 per
1447 3463 1726 3519 Christum
1781 3463 1966 3520 Jesum
2003 3465 2290 3520 Dominum
2328 3460 2599 3532 nostrum,
2633 3465 2720 3519 cui
2755 3465 2927 3536 gloria
2990 3465 3045 3519 in
3085 3465 3285 3523 saecula
3351 3466 3587 3519 sarculo-

347 3565 489 3605 rum.
516 3550 706 3606 Amen.

941 3664 1197 3723 ORATIO
1231 3667 1300 3723 ν.

351 3775 504 3831 Beati
557 3774 954 3840 misericordes,
1019 3779 1267 3847 quoniam
1333 3777 1436 3846 ipsi
1489 3776 1912 3831 misericordiam

902 3860 1275 3916 consequentur
1293 3847 1362 3902 ’⁸.

421 3935 672 3992 Forsitan
701 3935 905 4006 aliquid
933 3937 1040 3992 tale
1087 3937 1248 3993 estid
1295 3937 1441 4008 quod
1472 3953 1569 4008 per
1618 3937 1910 4009 quamdam

349 4026 614 4081 visionem
643 4025 810 4080 Jacob
843 4042 938 4096 per
959 4027 1193 4098 aenigma
1225 4027 1450 4082 edoctus
1471 4035 1575 4093 est,
1615 4043 1741 4082 cum
1775 4043 1910 4084 sca-

349 4117 458 4171 lam
489 4131 521 4169 a
551 4123 694 4170 terra
723 4117 792 4170 ad
835 4118 1180 4173 altitudinem
1239 4119 1365 4174 caeli
1421 4121 1804 4189 pertinentem,
1855 4129 1911 4173 et

350 4205 519 4260 Deum
547 4221 710 4275 super
736 4221 800 4262 ea
833 4215 1066 4262 stantem
1099 4207 1324 4262 vidisset
1344 4209 1412 4273 ",
1445 4195 1606 4279 quale
1652 4209 1909 4262 nimirum

350 4311 497 4351 nunc
523 4297 683 4351 etiam
709 4297 864 4354 nobis
891 4298 1144 4353 doctrina
1176 4298 1568 4355 beatitudinem
1601 4297 1758 4362 facit,
1786 4312 1908 4368 quae

353 4404 565 4456 semper
595 4388 663 4443 ad
696 4390 1044 4445 sublimiores
1066 4389 1376 4445 intellectus
1412 4406 1507 4460 per
1551 4404 1669 4446 eam
1719 4403 1908 4444 ascen-

352 4479 543 4534 dentes
566 4479 726 4548 erigit
750 4488 805 4534 et
827 4481 1058 4534 extollit.
1106 4479 1242 4533 Nam
1269 4487 1325 4534 et
1356 4479 1467 4534 illic
1497 4479 1692 4549 opinor
1739 4478 1907 4532 vitam

351 4583 476 4622 cum
505 4569 706 4622 virtute
735 4569 1085 4638 conjunctam
1139 4569 1466 4639 patriarcha:
1520 4583 1617 4638 per
1671 4568 1909 4638 speciem

353 4656 515 4711 scalae
557 4655 734 4727 ellingi
777 4666 940 4726 atque
969 4657 1278 4722 informari,
1313 4666 1372 4712 ut
1402 4664 1456 4712 et
1492 4657 1608 4726 ipse
1652 4657 1908 4722 disceret,

351 4752 407 4798 et
452 4746 686 4814 posteris
724 4747 962 4802 traderet
1015 4747 1162 4818 quod
1217 4748 1376 4802 aliter
1429 4747 1494 4801 ad
1553 4745 1720 4801 Deum
1777 4747 1911 4817 erigi

352 4845 517 4905 atque
543 4836 732 4891 extolli
760 4852 868 4891 non
896 4838 1046 4904 licet,
1081 4838 1191 4894 nisi
1221 4839 1345 4908 quis
1401 4852 1615 4906 semper
1673 4852 1911 4908 superna

351 4933 674 4981 contueatur
700 4941 766 4982 ac
794 4937 1022 4998 spectet,
1053 4943 1118 4984 ac
1178 4929 1495 4984 sublimium
1546 4943 1727 4984 rerum
1761 4928 1913 4984 desi-

351 5013 506 5070 derio
537 5017 837 5072 continenti
866 5027 1132 5084 teneatur,
1168 5027 1229 5074 ut
1269 5034 1378 5073 non
1411 5029 1697 5074 contentus
1741 5019 1814 5074 sit
1858 5019 1916 5075 in

355 5103 449 5169 iis,
478 5120 600 5175 quae
628 5114 779 5162 recte
805 5107 919 5178 jam
953 5108 1165 5173 fecerit,
1201 5115 1256 5164 et
1283 5117 1612 5164 consecutus
1646 5109 1739 5175 sit,
1795 5124 1914 5164 ma-

354 5208 506 5257 nere,
542 5195 635 5250 sed
661 5195 716 5250 in
754 5195 954 5251 damno
984 5205 1152 5266 ponat
1203 5199 1249 5253 si
1289 5198 1574 5268 superiora
1613 5213 1721 5251 non
1752 5198 1918 5252 attin-

356 5290 446 5352 gat
479 5290 534 5338 et
567 5295 910 5356 assequatur.
942 5287 1008 5342 Et
1037 5290 1127 5344 hic
1170 5289 1334 5359 igitur
1365 5289 1594 5344 aliarum
1643 5289 1778 5344 alias
1811 5304 1910 5344 ex-

355 5370 678 5442 cipientium
735 5376 1135 5434 beatitudinum
1198 5377 1428 5434 altitudo
1476 5378 1658 5444 eﬂicit,
1692 5386 1753 5432 ut
1803 5378 1906 5448 ipsi

427 5543 476 5578 ’δ
512 5543 657 5620 Psal.
689 5564 892 5620 χχχιιι,
927 5553 979 5609 9.
1053 5555 1099 5588 "
1134 5552 1289 5609 loan.
1319 5564 1432 5618 xtv,
1465 5551 1556 5607 25.
1632 5550 1677 5583 “
1715 5549 1833 5607 Gal.
1868 5566 1940 5620 ιι,
1970 5550 2058 5606 20.

355 5629 545 5678 κχνιιι,
585 5614 668 5668 12.

2628 3664 2843 3718 ΛΟΓΟΣ
2887 3665 2963 3719 Ε’.

2007 3777 2294 3845 Μακάριοι
2331 3778 2384 3830 οί
2435 3776 2774 3846 ἐλεήμονες,
2804 3777 2894 3832 ὅτι
2922 3777 3090 3833 αὐτοὶ
3120 3779 3583 3850 ἐλεηθήσονται.

2078 3931 2230 4001 Τάχα
2270 3948 2324 3984 τι
2369 3931 2607 3986 τοιοῦτόν
2649 3935 2816 3997 ἐστιν,
2852 3934 2880 3986 ὃ
2922 3934 3010 3988 διά
3066 3952 3212 3999 τινος
3263 3936 3535 4002 ὀπτασίας
3561 3941 3589 3993 ό

2020 4020 2212 4098 Ἰακὼϐ
2254 4022 2323 4075 δι’
2344 4022 2662 4093 αἰνίγματος
2704 4025 3013 4097 ἐπαιδεύθη,
3039 4025 3282 4097 κλίμακα
3321 4027 3443 4082 ἰδὼν
3477 4029 3588 4083 ἀπὸ

2007 4113 2112 4183 γῆς
2165 4113 2257 4166 ἐπὶ
2294 4113 2354 4166 τὸ
2384 4113 2630 4184 οὐράνιον
2670 4115 2800 4184 ὕψος
2849 4116 3160 4187 διήκουσαν,
3205 4119 3414 4172 καὶτὸν
3451 4121 3588 4174 Θεὸν

2009 4203 2094 4256 ἐπ’
2120 4202 2290 4272 αὑτῆς
2318 4203 2730 4274 ἐστηριγμένον,
2777 4199 2887 4258 οἷον
2912 4205 2975 4277 δὴ
3008 4205 3104 4259 νῦν
3135 4209 3230 4262 καὶ
3268 4209 3400 4279 ἡμῖν
3425 4210 3458 4280 ἡ
3500 4209 3588 4263 διὰ

2009 4293 2117 4347 τῶν
2146 4294 2509 4365 μακαρισμῶν
2539 4294 2856 4350 διδασκαλία
2892 4301 3050 4360 ποιεῖ,
3074 4298 3159 4351 ἀεὶ
3183 4299 3319 4369 πρὸς
3349 4300 3417 4353 τὰ
3446 4301 3589 4371 ὑψη-

2010 4384 2204 4455 λότερα
2246 4384 2355 4438 τῶν
2397 4385 2683 4455 νοημάτων
2729 4387 2856 4450 τοὺς
2885 4387 2952 4440 δι’
2992 4389 3159 4459 αὑτῆς
3193 4390 3442 4453 ἀνιόντας
3490 4395 3589 4444 ἐπ-

2011 4475 2260 4546 αίρουσα.
2279 4477 2388 4530 Καὶ
2408 4476 2515 4546 γὰρ
2544 4478 2659 4528 ἐκεῖ
2675 4476 2752 4546 τῷ
2781 4480 3094 4552 πατριάρχῃ
3115 4479 3204 4532 τὸν
3233 4481 3352 4533 κατ’
3382 4483 3585 4552 ἀρετὴν

2007 4560 2157 4635 οἶμαι
2191 4565 2303 4635 βίον
2334 4565 2410 4636 τῷ
2454 4565 2581 4618 εἴδει
2609 4567 2708 4636 τῆς
2751 4567 3014 4637 κλίμακος
3052 4569 3443 4624 διατυποῦσθαι
3467 4611 3482 4635 ,
3510 4572 3587 4635 ώς

2007 4656 2072 4710 ἂν
2103 4658 2263 4720 αὑτός
2300 4674 2358 4709 τε
2393 4656 2551 4727 μάθοι
2581 4658 2674 4710 καὶ
2720 4661 2831 4720 τοῖς
2875 4661 2992 4729 μετ’
3021 4661 3180 4714 αὑτὸν
3219 4663 3582 4733 ὑφηγήσαιτο,

2006 4746 2088 4799 ὅτι
2117 4747 2217 4799 οὑκ
2245 4746 2389 4799 ἔστιν
2415 4747 2588 4812 ἄλλως
2615 4748 2750 4820 πρὸς
2789 4749 2876 4803 τὸν
2911 4750 3042 4804 Θεὸν
3072 4753 3368 4822 ὑψωθῆναι,
3397 4754 3469 4823 μὴ
3498 4756 3586 4808 ἀεὶ

2009 4837 2143 4908 πρὸς
2168 4837 2235 4890 τὰ
2264 4837 2374 4890 άνω
2409 4838 2695 4908 βλέποντα,
2732 4842 2823 4894 καὶ
2862 4841 2962 4911 τὴν
3006 4842 3115 4895 τῶν
3146 4844 3364 4914 ὑψηλῶν
3395 4846 3587 4899 ἐπιθυ-

2015 4925 2140 4995 μίαν
2179 4923 2408 4995 ἄληκτον
2454 4926 2664 4996 ἔχοντα,
2711 4928 2787 4992 ὡς
2830 4929 2905 4999 μὴ
2937 4931 3156 5002 ἀγαπᾷν
3201 4933 3429 4985 ἐπὶτῶν
3481 4937 3584 5006 ἥδη

2012 5015 2462 5088 κατορθωθέντων
2498 5018 2710 5089 μένειν,
2760 5019 2894 5072 ἀλλὰ
2943 5021 3143 5090 ζημίαν
3197 5025 3501 5089 ποιεῖσθαι,
3539 5029 3588 5079 εί

2011 5107 2105 5159 τοῦ
2130 5107 2524 5177 ὑπερκειμένου
2564 5109 2636 5179 μὴ
2667 5108 2882 5177 ἅψαιτο.
2928 5111 3038 5164 Καὶ
3071 5112 3299 5166 ἐνταῦθα
3326 5110 3418 5167 οὖν
3456 5114 3590 5184 ὕψος

2013 5197 2120 5249 τῶν
2147 5198 2232 5249 ἐπ’
2254 5198 2496 5269 ἀλλήλων
2539 5200 2896 5269 μκαρισμῶν
2926 5203 3076 5272 αὑτῷ
3106 5206 3485 5273 προσεγγίζειν
3511 5207 3588 5278 τῷ

2014 5287 2132 5356 Θεῷ
2180 5289 2606 5359 παρασκευάζει,
2631 5289 2707 5359 τῷ
2736 5291 2951 5362 άληθῶς
2982 5295 3255 5365 μακαρίῳ,
3282 5297 3376 5349 καὶ
3406 5298 3589 5365 πάσης

2015 5377 2460 5450 ἐπεστηριγμένῳ
2514 5380 2932 5452 μακαριότητος.
2983 5383 3204 5449 Πάντως
3262 5386 3355 5451 δὲ,
3392 5386 3468 5450 ώς
3512 5387 3589 5457 τῷ

2153 5554 2196 5587 ³⁷
2238 5551 2469 5623 Philipp.
2506 5567 2600 5621 ιιι,
2643 5555 2722 5611 15.

2810 5558 2854 5590 ⁸⁸
2893 5555 3079 5613 Matth.
3117 5574 3146 5610 ν
3170 5599 3184 5625 ,
3221 5557 3276 5613 7.
3368 5561 3416 5592 "
3449 5559 3584 5616 ch.
