3696 5986
15 184 135 237 ιειι)

1064 183 1152 238 DE
1192 181 1788 239 BEATITUDINIBUS.
1829 178 2084 236 ORATIO
2131 179 2193 235 ν.

3115 177 3254 234 1950

15 297 151 367 τοφῷ
183 297 276 351 διὰ
310 297 526 367 σοφίας,
573 297 669 352 καὶ
709 298 798 352 διὰ
839 299 1208 370 καθαρότητος
1239 300 1317 371 τῷ
1357 298 1580 371 καθαρῷ

1753 313 1794 351 :o
1843 297 2348 367 appropinquetur,
2403 292 2496 362 qui
2545 308 2672 349 vere
2726 293 2916 351 beatus
2973 305 3026 350 et
3083 311 3251 366 super

15 388 477 460 τροσεγγίζομεν,
509 387 652 444 οὕτω
694 391 786 444 καὶ
834 391 911 462 τῷ
949 394 1199 462 μακαρίῳ
1220 393 1308 445 διά
1337 393 1437 460 τῆς
1463 391 1582 446 ὁδοῦ

15 483 99 534 τῶν
156 478 525 552 μακαρισμῶν
551 480 918 552 οἰκειούμεθα.
951 481 1085 534 Θεοῦ
1120 482 1228 552 γὰρ
1265 483 1340 545 ὡς
1372 481 1587 552 ἀληθῶς

15 573 130 623 ’διον
179 571 214 641 ἡ
254 571 591 641 μακαριότης
623 569 802 621 ἐστίν·
840 569 920 622 διδ
949 569 1042 622 καὶ
1090 568 1480 639 ὲπεστηρίχθαι
1518 570 1584 638 τῇ

15 661 231 734 τοιαύτῃ
277 661 503 730 κλίμακι
556 662 584 713 6
630 659 824 713 Ἰακὼϐ
866 660 956 712 τὸν
998 661 1128 712 Θεὸν
1169 661 1484 730 διηγήσατο.
1523 659 1587 712 Ἦ

15 748 88 804 ὧν
119 751 235 803 τῶν
249 749 627 822 -μακαρισμῶν
659 749 916 819 μετουσία
946 749 1097 803 οὐδὲν
1121 748 1268 812 ἄλλο,
1297 751 1343 800 εί
1372 748 1445 818 μὴ
1469 747 1584 800 056-

15 859 164 912 τητος
191 840 446 894 κοινωνία
486 840 622 906 ἐστὶ,
668 840 804 910 πρὸς
835 839 902 910 ἦν
945 841 1091 910 ἡμᾶς
1119 839 1306 907 ἀνάγει
1351 839 1440 893 διὰ
1474 838 1582 893 τῶν

15 932 313 1004 λεγομένων
334 934 361 985 6
383 929 604 1002 Κύριος.

71 1286 238 1338 Δοκεῖ
266 1276 358 1338 οὖν
400 1299 488 1354 μοι
511 1280 773 1335 θεοποιεῖν
801 1282 1000 1352 τρόπον
1035 1283 1157 1336 τινὰ
1187 1281 1274 1336 διὰ
1295 1282 1394 1353 τῆς
1415 1284 1494 1346 είς
1525 1283 1587 1336 τὸ

15 1375 303 1429 ἀκόλουθον
331 1375 697 1446 προκειμένης
729 1373 820 1427 τοῦ
853 1373 1202 1446 μακαρισμοῦ
1237 1375 1582 1446 ύφηγήσεως,

15 1468 96 1520 τὸν
137 1465 408 1519 ἀκούοντά
435 1483 492 1518 τε
534 1465 629 1520 καὶ
677 1466 922 1519 συνιέντα
961 1466 1055 1518 τοῦ
1099 1465 1276 1534 λόγου.
1299 1465 1584 1534 Μακάριοι

1682 402 1897 443 omnem
1936 385 2326 442 beatitudinem
2382 384 2716 440 constitutus
2766 395 2820 440 et
2861 389 3108 441 ﬁrmatus
3140 394 3246 442 est.
3356 397 3362 404 '

1681 477 1916 533 Prorsus
1945 485 2146 538 autem,
2183 484 2244 529 ιιι
2292 475 2522 544 sapienti
2551 490 2646 544 per
2683 478 3010 545 sapientiam
3055 485 3110 531 et
3156 493 3252 548 per

1685 569 1978 640 puritatem
2015 584 2152 636 puro
2181 568 2707 636 appropinquatuus,
2739 568 2812 620 ita
2842 568 3000 622 beato
3029 584 3250 639 quoque

1684 674 1781 729 per
1809 658 1952 712 viam
1992 657 2392 712 beatitudinum
2419 656 2797 710 conciliamur.
2840 655 2934 711 Dei
2967 658 3109 712 enim
3165 675 3252 713 re-

1686 765 1816 805 vera
1854 749 2075 818 propria
2110 749 2389 803 beatitudo
2419 756 2503 804 est
2531 767 2543 801 :
2573 750 2926 817 quamobrem
2957 751 3120 804 etiam
3161 749 3253 804 Ja-

1688 840 1791 895 cob
1820 855 1988 910 super
2011 840 2282 909 ejusmodi
2309 841 2508 895 scalam
2538 840 2707 895 Deum
2740 842 2959 897 stetisse
2988 843 3252 896 narravit.

1689 931 1859 1001 Igitur
1889 931 2241 1001 participatio
2293 932 2688 985 beatitudinum
2752 933 2886 986 nihil
2929 924 3024 988 est
3081 934 3250 997 aliud,

1684 1023 1790 1078 nisi
1823 1022 2052 1078 Deitatis
2085 1023 2512 1077 communicatio
2540 1041 2552 1076 :
2596 1023 2661 1075 ad
2691 1039 2854 1092 quam
2891 1039 2986 1094 per
3013 1039 3096 1091 ea,
3130 1039 3255 1094 qua:

1683 1114 1967 1179 dicuntur,
1999 1113 2263 1170 Dominus
2295 1129 2394 1169 nos
2429 1114 2708 1169 subducit.

1753 1289 1981 1346 Videtur
2006 1304 2135 1359 ergo
2169 1289 2300 1342 mihi
2330 1301 2426 1358 per
2451 1303 2590 1350 eam,
2625 1304 2745 1357 quae
2779 1288 2844 1342 ad
2903 1303 3253 1359 consequen-

1689 1381 1821 1434 tiam
1857 1381 2138 1450 pr0posita
2167 1387 2273 1444 est,
2301 1379 2655 1433 beatitudinis
2679 1380 3097 1448 expositionem,
3150 1381 3253 1434 ali-

1690 1486 1800 1541 quo
1827 1471 1987 1524 modo
2019 1468 2186 1524 Deum
2223 1469 2400 1523 facere
2427 1485 2576 1531 eum,
2612 1469 2703 1539 qui
2730 1477 2784 1523 et
2837 1470 3023 1524 audiat
3079 1479 3134 1525 et
3172 1471 3261 1524 in-

15 1560 134 1629 γὰρ,
163 1560 350 1630 φησιν,
383 1561 435 1612 οἱ
459 1557 800 1626 ἐλεήμονες,
829 1556 913 1609 ὅτι
937 1554 1105 1612 αὐτοὶ
1133 1556 1584 1624 ἐλεηθήσονται.

1753 1563 1895 1632 [ligat
1924 1576 2252 1617 sermonem.
2300 1559 2452 1613 Beati
2489 1560 2654 1624 enim,
2703 1561 2901 1628 inquit,
2960 1562 3263 1615 misericor-

15 1647 142 1704 Οἶδα
195 1648 466 1719 πολλαχοῦ
504 1649 602 1718 τῆς
642 1647 790 1712 θείας
824 1648 1076 1720 Γραφῆς,
1102 1647 1179 1718 τῷ
1221 1649 1444 1719 ὀνόματι
1494 1647 1586 1702 τοῦ

15 1743 304 1812 ὲ).εήμονος
348 1740 473 1804 τοὺς
531 1740 716 1809 ἁγίους
759 1741 956 1810 ἄνδρας
1006 1739 1105 1811 τὴν
1157 1737 1309 1794 θείαν
1361 1739 1589 1810 δύναμιν

15 1830 526 1902 προσκαλουμένους
547 1849 560 1860 ’
597 1830 767 1894 οὕτως
799 1832 828 1883 6
853 1830 1015 1884 Aa6‘t6
1041 1831 1098 1883 tv
1125 1831 1244 1894 ταῖς
1267 1830 1585 1900 ὑμνῳδίαις*

15 1923 183 1985 οὕτως
234 1923 418 1984 Ἰωνᾶς
455 1923 512 1974 ἐν
537 1923 601 1992 τῇ
632 1919 752 1973 καθ’
782 1920 972 1974 ἑαυτὸν
1004 1919 1310 1991 προφητείᾳ
1328 1935 1341 1949 ⁸
1366 1919 1536 1983 οὕτως
1563 1921 1591 1972 6

15 2014 190 2081 μέγας
217 2013 460 2082 Μωῦσῆς
489 2014 546 2065 ὲν
591 2010 802 2074 πολλοῖς
824 2013 924 2080 τῆς
943 2011 1262 2081 νομοθεσίας
1289 2012 1592 2083 κατανομά-

15 2103 88 2167 ζει
108 2103 363 2156 τὸθείον.
398 2103 461 2154 Εἰ
508 2096 600 2154 οὖν
635 2101 918 2172 πρέπουσα
939 2102 1017 2172 τῷ
1046 2101 1164 2173 Θεῷ
1193 2103 1226 2174 ἡ
1254 2103 1592 2174 προσηγορία

15 2192 100 2245 τοῦ
128 2192 424 2262 ἐλεήμονος
449 2208 461 2221 ·
481 2191 532 2244 τί
551 2191 677 2244 ἄλλο
703 2191 796 2244 καὶ
824 2191 944 2261 οὐχὶ
970 2190 1092 2245 θεόν
1121 2211 1179 2245 σε
1208 2192 1592 2262 προσκαλεῖται

15 2283 266 2350 γενέσθαι
292 2285 319 2336 ὁ
346 2281 520 2350 λόγος,
547 2282 707 2334 οἱονεὶ
737 2281 1088 2352 μορφωθὲντα
1109 2282 1187 2352 τῷ
1217 2285 1318 2353 τῆς
1344 2284 1593 2354 θεότητος

15 2373 304 2444 ίδιὼματις
338 2375 400 2426 Et
420 2373 528 2444 γὰρ
558 2373 806 2444 ἐλεήμων
827 2375 855 2426 6
885 2372 1016 2436 Θεὸς
1049 2374 1198 2443 παρὰ
1220 2375 1316 2444 τῆς
1339 2374 1594 2428 θεοπνεύ-

15 2487 136 2522 που
167 2469 390 2539 Γραφῆς
417 2467 738 2539 ὀνομάζεται
768 2485 782 2500 ο
815 2468 875 2520 τὸ
903 2469 959 2522 δὲ
997 2469 1208 2539 ἀληθῶς
1241 2470 1592 2542 μακαριστὸν,

15 2564 38 2629 ἡ
81 2561 276 2630 θεότης
310 2558 426 2612 ἐστί
452 2576 463 2589 ·
492 2559 719 2631 φανερὸν
747 2558 812 2612 ἂν
861 2559 946 2629 εἴη
974 2559 1034 2612 τὸ
1060 2562 1124 2612 ὲκ
1156 2559 1248 2612 τοῦ
1302 2561 1594 2614 ἀκολούθου

15 2650 128 2702 νοού
139 2649 419 2719 μενον,ὃτι
449 2647 550 2701 κᾶν
572 2648 856 2719 ἄνθρωπός
875 2666 958 2712 τις
979 2647 1052 2700 ὢν
1079 2648 1322 2718 ἐλεήμων
1349 2649 1592 2720 γένηται,

15 2742 108 2810 τῆς
136 2740 292 2803 θείας
336 2739 579 2803 ἀξιοῦται
614 2741 1030 2811 μακαριότητος,
1070 2741 1126 2792 tv
1153 2740 1344 2811 ἐκείνῳ
1375 2743 1596 2813 γενόμε-

15 2848 122 2893 νος,
156 2823 201 2897 ᾧ
235 2828 296 2881 τὸ
319 2828 470 2884 Θεϊον
499 2830 942 2901 κατονομάζεται.
992 2830 1296 2900 Ἐλεήμων
1327 2835 1359 2885 ό
1381 2834 1596 2901 Κύριος

1689 1653 1802 1718 des,
1848 1653 2100 1722 quoniam
2125 1652 2226 1720 ipsi
2265 1651 2681 1705 misericordiam
2708 1661 3103 1721 consequentur.
3135 1651 3264 1707 Scio

1691 1745 1748 1799 in
1788 1743 1980 1798 multis
2010 1743 2146 1797 locis
2177 1743 2374 1796 divinae
2423 1741 2720 1811 Scriptura:
2769 1743 2990 1796 nomine
3046 1744 3264 1797 miseri-

1690 1835 1873 1890 cordis
1896 1840 2120 1889 sanctos
2157 1833 2308 1887 viros
2334 1831 2574 1886 divinam
2607 1833 2905 1902 potentiam
2947 1834 3256 1904 appellare:

1690 1927 1772 1982 sic
1798 1925 1967 1980 David
1999 1925 2052 1978 in
2085 1920 2344 1988 Psalmis,
2388 1923 2470 1978 sic
2501 1920 2668 1975 Jonas
2703 1922 2756 1976 in
2800 1937 2898 1976 sua
2950 1924 3259 1993 praphetia,

1689 2019 1764 2073 ita
1795 2031 2028 2086 magnus
2059 2015 2274 2086 Moyses
2301 2014 2355 2068 in
2395 2013 2584 2068 multis
2616 2013 2751 2068 locis
2783 2028 2896 2068 suae
2959 2015 3264 2071 sanctiouis

1693 2109 1938 2163 nominat.
1969 2123 2168 2162 numen
2199 2107 2468 2161 divinum.
2501 2103 2558 2158 Si
2587 2119 2718 2174 ergo
2754 2105 3130 2162 misericordis
3161 2122 3262 2175 ap-

1691 2199 1910 2270 pellatio
1941 2199 2106 2251 Deum
2141 2198 2297 2252 decet
2319 2236 2335 2260 ,
2373 2195 2442 2248 ad
2473 2195 2604 2264 quid
2653 2195 2802 2248 aliud
2831 2205 2883 2249 te
2919 2211 3103 2250 sermo
3138 2198 3266 2250 hor-

1693 2295 1860 2350 tatur,
1897 2287 2006 2343 nisi
2050 2296 2108 2341 ut
2150 2282 2287 2342 deus
2324 2283 2444 2351 ﬁas,
2477 2293 2736 2354 tanquam
2771 2285 3036 2342 formatus
3089 2295 3148 2342 'et
3181 2288 3265 2342 in-

1693 2380 1930 2448 signitus
1959 2379 2182 2448 propria
2218 2384 2346 2432 nota
2390 2376 2609 2431 deitatis
2629 2377 2652 2429 ?
2676 2375 2810 2429 Nam
2843 2377 2888 2432 si
2922 2376 3064 2432 Deus
3095 2379 3265 2434 mise-

1693 2471 1870 2524 ricors
1898 2485 1927 2522 a
1959 2469 2142 2523 divina
2177 2466 2460 2537 Scriptura
2502 2467 2817 2521 nominatur
2842 2507 2858 2529 ,
2905 2469 3049 2538 quod
3083 2476 3264 2524 autem

1693 2575 1820 2614 vere
1849 2561 2067 2613 beatum
2110 2558 2469 2625 judicandum
2507 2557 2597 2622 sit,
2643 2557 2697 2611 id
2747 2558 2922 2613 dcitas
2973 2568 3097 2614 est:
3147 2576 3268 2630 per-

1695 2650 1942 2717 spicuum
1977 2648 2139 2703 luerit
2168 2647 2300 2717 quid
2359 2663 2427 2702 ex
2483 2648 2842 2716 consequenti
2900 2649 3260 2718 intelligatur,

1693 2739 1970 2802 videlicet,
1996 2739 2042 2793 si
2077 2739 2160 2792 vel
2195 2754 2262 2792 ex
2296 2738 2612 2793 hominibus
2640 2739 2838 2808 aliquis
2873 2739 3120 2803 exsistat,
3171 2742 3266 2810 qui

1696 2832 2012 2888 misericors
2044 2831 2136 2896 sit,
2181 2831 2519 2887 beatitudine
2545 2833 2729 2888 divina
2759 2832 2956 2902 dignus
2979 2834 3265 2898 habeatur,

15 2925 106 2977 Iud
142 2923 406 2988 δίκαιος,
443 2921 541 2975 καὶ
585 2925 618 2976 ό
656 2921 800 2988 Θεὸς
837 2921 1005 2991 ἡμῶν
1029 2923 1202 2976 ἐλεεῖ.
1241 2921 1365 2987 Πῶς
1398 2919 1490 2976 οὖν
1537 2925 1587 2976 oi

1753 2925 1902 2994 tippe
1928 2939 2051 2977 cum
2087 2923 2137 2977 id
2175 2933 2462 2979 assecutus
2495 2925 2587 2989 sit,
2639 2939 2748 2993 quo
2785 2941 2985 2979 numen
3019 2924 3264 2980 divinum

15 3013 290 3084 μακάριον
335 3013 510 3067 ἐκεῖνο
540 3011 802 3084 κληθῆναι
836 3014 926 3067 καὶ
969 3014 1222 3081 γενέσθαι
1255 3013 1344 3067 τὸν
1387 3015 1598 3086 ἀνθρω-

17 3122 136 3168 πον,
173 3097 330 3174 ᾧπερ
367 3105 395 3156 ὁ
423 3102 554 3164 Θεὸς
585 3104 649 3156 ὲκ
673 3101 763 3155 τοῦ
785 3106 954 3156 ποιεῖν
983 3102 1344 3174 όνομάζεταις
1378 3103 1512 3157 ἀλλά
1538 3103 1598 3157 τὸ

17 3198 114 3266 μὲν
142 3194 342 3266 ζηλοῦν
363 3193 434 3248 τὰ
459 3194 680 3265 μείζονα
699 3193 807 3247 τῶν
836 3196 1208 3266 χαρισμάτων,
1239 3195 1597 3267 συμϐουλεύει

17 3289 100 3341 5ιά
137 3285 250 3339 τῶν
285 3283 428 3338 ίδίων
455 3284 625 3352 λόγων
660 3284 754 3338 καὶ
781 3285 809 3336 6
834 3284 976 3348 θεῖος
1002 3285 1320 3349 Ἀπὸστολος
1341 3299 1355 3314 ⁶
1381 3286 1513 3355 ἡμῖν
1542 3284 1600 3337 δὲ

17 3378 223 3440 σκοπός
257 3377 425 3438 ἐστιν,
455 3376 553 3446 ούχ
587 3376 734 3438 ὅπως
777 3377 1234 3448 ἀναπεισθείημεν
1274 3375 1383 3428 τῶν
1417 3374 1599 3429 καλῶν

17 3468 307 3542 ὀρέγεσθαι
366 3467 543 3538 (τοῦτο
563 3467 672 3539 γὰρ
697 3468 1016 3537 αὐτομάτως
1037 3467 1277 3536 ἔγκειται
1299 3469 1368 3537 τῇ
1400 3465 1601 3537 ἀνθρω-

17 3566 150 3634 πίνῃ
181 3560 362 3630 φύσει,
396 3559 458 3614 τὸ
489 3562 624 3630 πρὸς
654 3559 714 3612 τὸ
737 3559 899 3614 καλὸν
936 3559 1249 3632 ὲπιρῤεπῶς
1267 3559 1430 3629 ἔχειν)
1450 3575 1464 3589 ·
1485 3557 1599 3611 ἀλλ’

17 3657 166 3715 ὅπως
197 3652 263 3706 ἂν
288 3652 364 3723 μὴ
401 3651 742 3721 ἁμάρτοιμεν
770 3649 870 3718 τῆς
910 3651 1001 3702 τοῦ
1032 3649 1195 3703 καλοῦ
1221 3650 1472 3720 κρίσεως.
1512 3649 1601 3701 Ἐν

17 3741 193 3810 τούτῳ
226 3741 334 3810 γὰρ
386 3740 619 3810 μάλιστα
648 3737 725 3808 τῷ
767 3738 923 3808 μέρει
954 3737 1352 3808 πλημμελείται
1378 3736 1534 3807 ἡμῶν
1567 3737 1601 3808 ἡ

17 3831 156 3902 ζωὴ,
179 3833 238 3883 tv
269 3829 347 3900 τῷ
379 3828 453 3900 μὴ
473 3827 730 3882 δύνασθαι
753 3826 996 3897 άκριὸὦς
1029 3827 1268 3880 συνιέναι
1293 3826 1342 3879 τί
1357 3828 1417 3879 τὸ
1443 3825 1602 3895 φύσει

17 3922 206 3984 καλὸν,
225 3920 320 3974 καὶ
353 3920 404 3974 τί
436 3920 495 3972 τὸ
535 3919 602 3972 δι’
635 3919 850 3989 ἀπάτης
894 3917 1132 3972 τοιοῦτον
1182 3918 1600 3988 ὑπονοούμενον.

19 4016 79 4067 Εἰ
116 4013 227 4084 γὰρ
253 4010 434 4082 γυμνὴ
462 4009 744 4080 προέκειτο
767 4012 800 4080 ὴ
827 4009 997 4064 κακία
1017 4009 1095 4080 τῷ
1118 4009 1238 4080 βίῳ,
1267 4010 1360 4062 καὶ
1395 4011 1468 4080 μή
1495 4025 1603 4062 τινι

19 4105 188 4160 πιαλοῦ
215 4103 1033 4174 φαντασίᾳπροσκεχρωσμένη,
1055 4103 1154 4155 οὐκ
1179 4101 1245 4156 ἂν
1266 4101 1603 4173 ηὐτομόλησε

19 4199 160 4269 πρὸς
212 4195 382 4266 αὐτὴν
417 4194 478 4247 τὸ
525 4192 882 4264 ἀνθρώπινον.
912 4193 1120 4247 Οὐκοῦν
1165 4193 1431 4256 συνέσεως
1471 4195 1605 4263 ἡμῖν

19 4267 203 4358 (ρεία,
239 4286 377 4355 πρὸς
405 4283 502 4355 τὴν
521 4283 616 4336 τοῦ
650 4282 1006 4353 προκειμένου
1052 4282 1216 4356 ῥητοῦ
1248 4284 1594 4354 κατανόησιν,
1625 4267 1672 4324 Ῑ)

19 4383 96 4443 ὓς
134 4377 203 4431 ἂν
239 4375 578 4446 διδαχθέντες
617 4373 679 4427 τὸ
721 4373 970 4444 ἀληθινὸν
1011 4373 1107 4427 τοῦ
1147 4375 1464 4444 ἐγκειμένου
1490 4376 1607 4446 νοή-

19 4482 197 4539 ματος
221 4465 432 4528 κάλλος,
464 4462 584 4518 κατ’
615 4463 746 4516 αὐτὸ
790 4463 1228 4534 μορφωθείημεν.
1266 4464 1476 4536 ’Ὠσπερ
1497 4464 1606 4536 γὰρ

19 4563 48 4630 ἡ
95 4558 225 4628 περὶ
255 4555 318 4609 τὸ
332 4557 488 4611 Θεῖον
539 4552 827 4623 ὑπόληψις,
863 4552 1104 4621 ἔγκειται
1136 4555 1236 4624 μὲν
1285 4555 1418 4609 πᾶσι
1449 4573 1607 4624 φυσι-

19 4649 135 4711 (ὥς
173 4648 286 4710 τοῖς
337 4642 643 4715 ἀνθρώποις
681 4659 696 4673 °
739 4645 797 4697 tv
825 4643 882 4696 δὲ
927 4646 992 4714 τῇ
1039 4643 1232 4716 ἀγνοίᾳ
1259 4646 1352 4699 τοῦ
1392 4646 1608 4718 ἀληθῶς

19 4745 177 4804 ivro;
213 4737 380 4801 Θεοῦ,
416 4738 450 4808 ή
499 4736 627 4807 περὶ
670 4734 732 4788 τὸ
780 4734 1213 4806 σπουδαζόμενον
1262 4737 1469 4805 γίνεται
1521 4739 1602 4792 δι..

19 4829 271 4903 ιμαρτεα
322 4823 424 4898 (οἷς
444 4827 541 4896 μὲν
556 4826 711 4898 γὰρὴ
728 4825 931 4897 ἀληθὴς
953 4825 1142 4896 θεότης
1158 4828 1272 4881 ἐστι
1289 4829 1602 4902 σεϐάσμιος,

21 4929 46 4996 ἡ
83 4924 142 4974 ὲν
163 4919 360 4990 Πατρὶ,
379 4917 473 4970 καὶ
504 4915 636 4988 Υίῴ,
650 4916 744 4969 καὶ
773 4915 912 4986 ἀγίῳ
933 4915 1211 4987 Πνεύματι
1231 4918 1598 4992 θεωρουμένη·

21 5015 68 5067 at
135 5010 193 5062 δὲ
238 5008 375 5080 πρὸς
408 5007 638 5068 ἀτόπους
685 5005 938 5070 ὑπονοίας
987 5007 1396 5080 ἐπλανήθησαν,
1426 5013 1486 5065 ὲν
1533 5013 1602 5083 τῇ

21 5106 203 5161 ιιτίσει
223 5100 462 5156 τοιοῦτον
493 5096 842 5161 ὑπονοοῦντες
860 5098 983 5152 ’καὶ
1012 5098 1099 5152 διὰ
1130 5099 1335 5172 τοῦτοή
1362 5103 1420 5155 ὲν
1440 5101 1604 5173 ὀλίγῳ

21 5199 123 5269 τῆς
155 5195 415 5266 ἀληθείας
439 5192 783 5264 παρατροπὴ,
800 5194 864 5263 τῇ
886 5191 1106 5263 ἀσεϐείᾳ
1133 5192 1228 5263 τὴν
1259 5193 1490 5265 πάροδον
1520 5195 1605 5250 δέ-

21 5288 233 5354 ΙΣωκεν)
260 5303 274 5319 ο
297 5286 440 5340 οὕτω
481 5285 575 5338 καὶ
611 5283 705 5336 ἐπὶ
743 5282 834 5336 τοῦ
873 5285 1230 5354 προκειμένου
1252 5287 1538 5357 νοήματος⁴
1556 5288 1606 5342 εί

21 5382 106 5454 μὴ
151 5376 554 5447 καταλάϐοιμεν
598 5374 696 5446 τὴν
727 5373 904 5446 ἀληθῆ
937 5375 1194 5442 διάνοιαν,
1233 5377 1334 5431 ούκ
1358 5379 1414 5432 ἐν
1444 5377 1608 5453 ὀλίγῳ

137 5558 182 5590 ³⁸
215 5556 363 5613 l’sal.
393 5569 540 5618 cxw,
580 5555 633 5610 5.
710 5555 750 5586 ³⁸
786 5553 958 5609 ICor.
993 5570 1089 5624 xu,
1126 5555 1146 5609 l
1187 5571 1309 5628 sqq.

1698 3015 2078 3069 denominatur
2108 3033 2120 3068 :
2152 3013 2457 3068 Misericors
2481 3015 2738 3070 Dominus
2758 3027 2809 3070 et
2821 3017 3024 3085 justus,
3047 3027 3096 3071 et
3129 3017 3266 3072 Deus

1697 3115 1871 3159 noster
1893 3106 2170 3160 miseretur
2192 3107 2262 3162 ³ο.
2293 3107 2395 3172 Qui
2425 3121 2553 3177 ergo
2579 3122 2686 3160 non
2716 3109 2932 3161 beatum
2957 3115 3040 3164 est
3064 3109 3194 3163 illud
3213 3117 3269 3162 ct.

1699 3196 1814 3250 ﬁeri
1843 3204 1898 3251 et
1929 3197 2115 3250 vocari
2146 3197 2418 3252 hominem
2441 3239 2456 3264 ,
2503 3212 2613 3268 quo
2652 3197 2796 3253 Deus
2821 3238 2836 3262 ,
2893 3214 2960 3254 ex
2997 3214 3062 3254 eo
3124 3200 3268 3268 quod

1699 3282 1851 3347 facit,
1889 3285 2318 3340 denominatur?
2352 3285 2554 3341 Verum
2585 3286 2839 3342 aliectare
2863 3288 3082 3356 quidem
3127 3289 3269 3342 dona

1700 3375 1906 3444 majora
1949 3376 2006 3430 in
2045 3377 2162 3432 suis
2193 3378 2412 3446 scriptis
2451 3377 2647 3433 suadet
2677 3379 2842 3432 etiam
2871 3379 3090 3434 divinus
3121 3381 3270 3450 Apo-

1701 3466 1876 3521 stolus
1895 3462 1965 3532 ",
1989 3465 2150 3523 nobis
2169 3475 2351 3523 autem
2409 3467 2463 3523 id
2490 3466 2756 3538 agendum
2779 3475 2896 3532 est,
2944 3456 3052 3524 non
3089 3478 3148 3524 ut
3214 3471 3268 3526 in

1699 3554 1942 3608 animum
1980 3555 2305 3614 inducamus
2339 3566 2591 3629 appetere
2639 3574 2728 3615 res
2766 3561 2933 3614 bonas
2986 3569 3041 3614 et
3098 3560 3270 3616 hone-

1702 3654 1819 3702 stas
1853 3645 2003 3713 (hoc
2033 3649 2180 3702 enim
2215 3660 2406 3719 sponte
2449 3651 2674 3705 insitum
2727 3657 2811 3706 est
2865 3651 3116 3706 humana
3173 3667 3271 3705 na-

1704 3744 1860 3798 turze,
1895 3742 1955 3789 ut
1990 3737 2058 3791 ad
2089 3737 2427 3797 honestatem
2457 3756 2728 3813 propensa
2759 3742 2888 3813 sit).
2925 3741 3021 3796 sed
3072 3757 3142 3796 ne
3183 3758 3272 3797 er-

1702 3841 1889 3882 remus
1926 3836 1980 3882 et
2014 3826 2272 3885 fallamur
2294 3833 2664 3901 injudicando
2691 3839 2852 3902 atque
2886 3832 3272 3900 discernendo,

1701 3922 1832 3993 quid
1858 3922 2062 3976 bonum
2092 3931 2146 3978 et
2170 3923 2462 3981 honestum
2493 3929 2587 3983 sit.
2618 3927 2674 3980 ln
2705 3927 2808 3981 hac
2841 3927 2986 3981 enim
3030 3927 3271 3982 maxime

1703 4023 1858 4085 parte
1884 4014 1996 4069 vita
2020 4023 2211 4068 nostra
2251 4025 2460 4086 peccat,
2521 4035 2714 4090 nempe
2746 4020 2801 4074 in
2831 4035 2898 4075 eo
2927 4013 3074 4090 quod
3111 4019 3272 4091 pleno

1707 4106 2010 4176 intelligere
2041 4120 2150 4160 non
2183 4116 2382 4176 potest,
2418 4111 2548 4178 quid
2583 4119 2782 4166 natura
2827 4112 3030 4167 bonum
3086 4123 3138 4168 et
3167 4113 3270 4168 ho-

1706 4205 1922 4252 nestum
1956 4198 2050 4263 sit,
2083 4198 2213 4268 quid
2250 4197 2388 4254 falso
2419 4202 2524 4256 tale
2554 4210 2811 4273 putetur:
2877 4219 3002 4259 nam
3035 4204 3080 4259 si
3117 4204 3264 4259 nulla

1700 4289 1825 4344 vita:
1853 4290 2130 4360 proposita
2155 4291 2358 4344 malitia
2387 4293 2758 4364 nequitiaque,
2786 4305 2841 4349 et
2898 4311 3008 4351 non
3045 4295 3263 4350 honesti

1701 4380 1935 4450 quadam
1976 4383 2214 4452 imagine
2243 4381 2480 4437 obducta
2513 4393 2678 4454 atque
2731 4387 3048 4442 decolorata
3103 4396 3270 4453 esset,

1701 4485 1874 4541 genus
1906 4473 2205 4527 humanum
2242 4471 2310 4526 ad
2353 4488 2472 4528 eam
2505 4489 2614 4528 non
2684 4477 3091 4549 transfugisset.
3126 4479 3273 4546 Quo-

1703 4561 1849 4616 circa
1881 4560 2236 4631 intelligentia
2270 4567 2433 4630 atque
2488 4562 2775 4630 prudentia
2805 4568 2962 4622 nobis
3013 4575 3098 4624 est
3134 4583 3275 4638 Opus

1704 4651 1770 4706 ad
1806 4651 2074 4720 propositi
2107 4651 2239 4706 dicti
2283 4651 2671 4723 cognitionem,
2709 4662 2769 4708 ut
2797 4656 2996 4723 edocti,
3035 4675 3158 4728 quae
3200 4661 3274 4715 sit

1706 4757 1836 4798 vera
1864 4743 2014 4798 insiti
2061 4743 2372 4800 intellectus
2401 4743 2771 4814 pulchritudo,
2801 4748 2868 4802 ad
2899 4764 3018 4804 eam
3069 4750 3276 4807 forme-

1708 4849 1854 4890 mur.
1873 4833 2341 4904 Quemadmodum
2371 4834 2516 4891 enim
2542 4836 2725 4906 opinio
2752 4838 2820 4891 de
2836 4835 3068 4896 Numine
3090 4841 3278 4898 divino

1709 4925 2034 4979 naturaliter
2061 4925 2283 4995 quidem
2317 4926 2482 4982 insita
2512 4934 2596 4982 est
2647 4928 2903 4983 omnibus
2931 4929 3275 5000 hominibus,

1710 5017 1805 5073 sed
1843 5017 2150 5088 ignorantia
2179 5020 2294 5075 veri
2324 5019 2416 5076 Dei
2447 5029 2711 5091 peccatur.
2730 5022 2876 5076 circa
2902 5022 2956 5077 id
2986 5025 3132 5092 quod
3151 5028 3280 5081 coli-

1711 5115 1803 5163 tur
1846 5110 1864 5179 (
1890 5124 2016 5164 nam
2043 5109 2135 5164 alii
2165 5112 2386 5182 quidem
2418 5120 2749 5168 venerantur
2777 5127 2960 5168 veram
2995 5115 3278 5181 deitatem,

1709 5213 1831 5269 quae
1858 5209 1911 5253 et
1935 5199 1990 5253 in
2025 5197 2206 5262 Patre,
2237 5208 2292 5256 et
2314 5200 2476 5266 Filio,
2507 5212 2562 5258 et
2591 5201 2798 5274 Spiritu
2847 5214 3039 5258 sancto
3090 5205 3280 5260 consi-

1710 5289 1977 5356 deratur;
2014 5290 2108 5344 alii
2160 5307 2292 5347 vero
2321 5293 2390 5348 ad
2419 5293 2686 5351 absurdas
2727 5295 3011 5366 opiniones
3049 5294 3278 5366 delapsi,

1713 5383 1769 5438 in
1796 5389 2050 5440 creatura
2081 5382 2187 5440 tale
2218 5385 2346 5455 quid
2385 5400 2510 5443 esse
2539 5387 2890 5459 suspicantur
2921 5406 2934 5443 :
2999 5399 3162 5460 atque
3200 5389 3284 5444 id-
