3696 5986
374 104 507 159 ηδε

1592 97 1650 150 S.
1691 96 2018 152 GREGORII
2055 96 2348 188 NYSSEN}

3491 94 3626 148 12.22

369 217 522 272 circo
553 230 676 270 cum
711 214 764 268 in
794 227 855 268 re
890 213 1086 282 exigua
1117 226 1146 266 a
1171 211 1396 267 veritate
1438 211 1749 266 aberratum
1779 220 1945 275 esset,

2126 230 2258 267 mro
2288 213 2354 266 ἂν
2384 215 2512 284 ἡμῖν
2547 215 2579 283 η
2608 213 2779 284 ζημία
2815 213 2914 284 τῆς
2951 212 3208 281 ἀληθείας
3259 216 3628 282 rapacis-uisi;

370 310 638 379 impietati
673 309 852 363 aditus
884 307 1189 377 patefactus
1209 306 1351 376 est):
1375 305 1564 361 eodem
1583 305 1744 360 modo
1772 322 1831 360 se
1860 321 1946 361 res

2054 324 2158 359 σιν.

375 403 540 456 habet
580 401 635 454 in
677 400 956 470 proposito
995 399 1294 464 intellectu,
1342 399 1451 452 nisi
1496 413 1682 453 veram
1731 397 2058 452 sententiam
2121 398 2525 469 perceperimus
2581 409 2632 454 et
2681 401 2918 455 assecuti
2992 399 3281 466 fuerimus,
3325 413 3436 452 non
3479 399 3532 452 in
3572 411 3631 450 re

379 495 570 562 exigua
602 492 758 546 nobis
786 507 817 544 a
866 493 1094 546 veritate
1139 493 1520 546 aberrantibus
1548 492 1807 546 damnum
1845 493 2120 548 acciderit.

451 583 594 649 Quid
628 583 794 652 igitur
832 581 1210 637 misericordia
1239 597 1344 646 εει,
1376 590 1429 637 et
1460 583 1606 637 circa
1645 596 1809 652 quam
1839 596 1953 635 rem

381 675 721 730 exercetur?
749 681 801 728 et
833 673 1108 743 quomodo
1136 673 1328 728 beatus
1362 680 1445 728 est
1478 673 1544 739 is,
1598 673 1691 742 qui
1720 672 1953 726 invicem

378 766 577 834 accipit
605 766 749 835 quod
776 765 910 820 dat?
947 765 1096 818 Beati
1130 766 1295 828 enim,
1332 765 1526 835 inquit,
1569 763 1953 827 misericordes,

376 857 628 924 quoniam
667 857 771 923 ipsi
805 857 1224 911 misericordiam
1255 867 1652 927 consequentur.
1677 856 1797 912 1am
1827 873 1956 912 vero

377 961 499 1016 quae
530 947 752 1016 quidem
782 949 959 1018 prima
990 948 1130 1003 facie
1167 950 1430 1017 occurrit,
1477 960 1644 1020 atque
1676 952 1729 1005 in
1772 966 1958 1020 prom-

377 1049 471 1108 ptu
503 1048 587 1094 est
622 1039 755 1094 dicti
801 1043 1090 1108 sententia,
1128 1042 1196 1095 ad
1229 1050 1474 1097 mutuam
1527 1043 1852 1097 charitatem
1902 1052 1956 1098 et

375 1131 812 1196 eompassionem
845 1131 1361 1202 condolentiamque
1395 1133 1670 1188 hominem
1731 1135 1951 1196 invitat,

375 1230 596 1290 propter
619 1222 1055 1291 inaequalitatem
1087 1231 1141 1278 et
1179 1224 1498 1278 varietatem
1546 1225 1672 1278 vita:
1706 1225 1956 1294 negotio-

377 1328 498 1366 rum
531 1328 640 1366 non
670 1314 928 1369 omnibus
961 1315 1147 1370 eadem
1188 1315 1425 1379 fortuna,
1457 1317 1602 1386 quod
1631 1317 1715 1372 vel
1754 1317 1822 1372 ad
1867 1318 1954 1372 di-

375 1403 664 1473 gnitatem,
689 1405 771 1459 vel
796 1405 863 1459 ad
895 1407 1345 1462 constitutionem
1373 1416 1426 1462 et
1449 1409 1653 1462 cultum
1685 1409 1953 1478 corporis,

376 1494 458 1548 vel
483 1494 549 1547 ad
581 1495 822 1565 reliquas
858 1495 1144 1552 facultates
1175 1499 1392 1561 attinet,
1427 1498 1482 1552 in
1512 1500 1622 1552 vita
1657 1500 1954 1554 utentibus.

377 1582 662 1640 Scinditur
695 1589 840 1640 enim
873 1589 978 1640 vita
1013 1589 1334 1660 plerumque
1366 1590 1420 1644 in
1455 1591 1751 1656 contraria,
1780 1591 1954 1646 servi-
1988 1628 2024 1682 Β

375 1685 493 1730 tute
525 1687 580 1731 et
610 1678 1018 1742 dominatione,
1071 1680 1276 1736 divitiis
1316 1693 1370 1736 et
1399 1689 1739 1751 paupertate,
1784 1682 1954 1751 gloria

371 1776 429 1821 et
461 1769 776 1838 ignominia,
821 1770 1131 1825 inﬁrmitate
1161 1771 1401 1841 vitioque
1435 1772 1684 1842 corporis
1717 1780 1772 1828 et
1814 1773 1956 1827 bona

375 1859 706 1925 valetudine,
742 1868 796 1915 et
836 1862 1092 1917 omnibus
1123 1863 1324 1918 talibus
1359 1863 1553 1918 divisa.
1594 1861 1666 1918 Ut
1698 1863 1866 1933 igitur
1892 1878 1956 1918 ea

376 1965 522 2019 pars,
546 1956 633 2004 cui
658 1941 829 2017 deest,
854 1953 918 2006 ad
943 1953 1189 2011 eamdem
1213 1955 1654 2008 commoditatem
1679 1954 1958 2023 perveniat

372 2056 496 2094 cum
513 2056 596 2102 ea,
615 2041 698 2095 cui
719 2042 846 2110 quid
865 2050 1135 2110 superest,
1156 2050 1209 2097 et
1223 2045 1541 2114 suppleatur
1559 2043 1610 2097 id
1625 2043 1768 2114 quod
1782 2042 1954 2112 deest,

372 2135 444 2186 ob
472 2147 538 2186 eo
581 2131 726 2200 quod
759 2133 1048 2197 redundat,
1087 2135 1517 2190 misericordiam
1569 2135 1832 2191 adversus
1876 2143 1958 2191 te-

373 2221 595 2276 nuiores
620 2229 673 2276 et
705 2221 989 2278 inferiores
1007 2222 1320 2280 hominibus
1342 2223 1676 2294 praescribit;
1704 2239 1827 2278 nam
1850 2224 1955 2278 nisi

373 2311 752 2366 misericordia
785 2313 1028 2367 animum
1060 2313 1127 2367 ad
1150 2314 1415 2383 ejusmodi
1443 2323 1647 2368 motum
1681 2313 1957 2368 emollive-

372 2403 462 2468 rit,
487 2417 595 2456 non
621 2403 822 2474 poterit
855 2403 1056 2473 alioqui
1097 2404 1221 2472 quis
1255 2405 1308 2457 in
1344 2405 1583 2458 animum
1618 2402 1875 2457 inducere
1903 2411 1957 2457 et

371 2495 618 2574 itnpellin
643 2503 701 2550 ut
738 2495 792 2550 in
847 2497 1154 2551 calamitate
1203 2497 1508 2566 proximum
1560 2495 1848 2550 sublevet:
1883 2509 1948 2549 ex

372 2589 654 2642 rontrario
685 2589 856 2654 enim,
892 2588 1148 2643 videlicet
1182 2587 1602 2653 inhumanitate,
1639 2588 1952 2642 misericor-

369 2679 462 2734 dia
513 2680 854 2751 intelligitur.
895 2679 964 2734 Ut
1004 2681 1168 2750 igitur
1197 2679 1368 2746 ferus,
1399 2695 1578 2735 saevus
1635 2687 1689 2734 et
1724 2679 1950 2736 immitis

371 2773 945 2843 appropinquantibus
978 2773 1299 2827 inaccessus
1325 2780 1430 2835 est,
1459 2771 1535 2826 ita
1564 2771 1658 2840 qui
1692 2779 1746 2825 et
1787 2770 1951 2825 mise-

372 2865 553 2918 ricors
575 2872 680 2926 est,
714 2875 767 2918 et
799 2863 1162 2918 incommodis
1197 2864 1429 2934 proximi
1466 2862 1826 2923 condolescit,
1877 2860 1950 2914 af-

2123 585 2187 638 Ti
2219 584 2394 637 τοίνυν
2417 588 2564 638 ἐστὶν
2595 587 2622 637 6
2643 583 2806 646 ἕλεος,
2843 584 2937 637 καὶ
2968 585 3094 655 περὶ
3123 583 3176 637 τί
3203 579 3634 654 ἐνεργούμενος;

2053 674 2162 726 Καὶ
2200 675 2316 736 πῶς
2349 674 2615 746 μακάριος
2651 677 2680 728 6
2713 673 3144 743 ἀντιλαμϐάνων,
3167 674 3196 726 ὃ
3225 675 3443 727 δίδωσιν
3474 691 3489 734 ;
3516 677 3636 726 Ma-

2055 763 2246 832 κάριοι
2278 766 2404 837 γάρ,
2440 767 2624 836 φησιν,
2656 769 2709 820 οἱ
2737 768 3092 836 ἐλεήμονες,
3129 765 3217 818 ὅτι
3245 766 3420 819 αὐτοὶ
3464 765 3638 830 ἐλεη-

2055 857 2365 922 θήσονται.
2403 858 2466 911 Ἦ
2513 860 2610 928 μὲν
2651 854 2743 912 οὖν
2779 859 3067 929 πρόχειρος
3090 857 3184 910 τοῦ
3215 857 3383 929 ῥητοῦ
3405 858 3635 920 διάνοια,

2056 949 2192 1021 πρὸς
2223 949 2282 1003 τὸ
2322 949 2644 1020 φιλάλληλον
2681 968 2743 1002 τε
2790 952 2884 1003 καὶ
2933 950 3212 1020 συμπαθὲς
3244 949 3638 1019 προσκαλεῖται

2052 1041 2143 1093 τὸν
2169 1040 2474 1111 ἄνθρωπον,
2505 1040 2595 1094 διὰ
2637 1041 2698 1094 τὸ
2726 1041 2909 1096 ἄνισόν
2952 1059 3011 1093 τε
3060 1043 3152 1094 καὶ
3196 1041 3492 1110 ἀνώμαλον
3534 1041 3638 1094 τῶν

2051 1131 2146 1184 τοῦ
2178 1130 2293 1200 βίου
2325 1133 2662 1203 πραγμάτων
2706 1133 2767 1184 οὐ
2802 1132 3019 1185 πάντων
3043 1133 3100 1184 ἐν
3141 1134 3497 1203 τοῖς-ὁμοίοις
3533 1132 3640 1202 βιο-

2051 1219 2337 1284 τευόντων,
2363 1220 2486 1274 οὗτε
2527 1221 2668 1275 κατά
2713 1221 2813 1292 τὴν
2863 1221 3040 1288 ἀξίαν,
3080 1221 3201 1274 οὔτε
3235 1195 3382 1276 Qua
3411 1224 3517 1292 τὴν
3554 1224 3640 1276 τοῦ

2055 1312 2307 1384 σώματος
2337 1314 2697 1386 κατασκευὴν,
2725 1312 2848 1366 οὔτε
2877 1314 3018 1367 κατά
3063 1315 3160 1384 τὴν
3190 1313 3387 1384 λοιπὴν
3421 1332 3492 1367 πε
3503 1332 3642 1382 pio-J-

2057 1407 2195 1460 σίαν.
2217 1407 2557 1477 Μεμέρισται
2583 1408 2690 1478 γάρ
2725 1407 2801 1470 ὡς
2826 1406 2892 1460 τὰ
2921 1406 3110 1467 πολλὰ,
3132 1407 3217 1459 διά
3242 1406 3351 1460 τῶν
3385 1408 3642 1460 ἐναντίων

2054 1499 2082 1551 6
2115 1495 2249 1566 βίος,
2269 1496 2484 1566 δουλείᾳ
2513 1495 2607 1548 καλ¹
2637 1496 2937 1566 κυριότητι,
2963 1496 3175 1567 πλούτῳ
3195 1498 3289 1549 καὶ
3313 1497 3638 1566 πενίᾳ,δὸξη

2055 1588 2148 1641 καὶ
2171 1586 2383 1657 ἀτιμίᾳ,
2409 1585 2700 1656 σαθρότητι
2737 1586 2986 1656 σώματος
3019 1587 3112 1640 καὶ
3138 1587 3341 1657 εὐεξία,
3377 1589 3480 1640 καὶ
3516 1591 3638 1640 πᾶσι

2054 1681 2165 1742 τοῖς
2191 1679 2452 1743 τοιούτοις
2488 1678 2914 1750 διασχιζόμενος.
2956 1681 3046 1743 Ὦς
3078 1679 3143 1733 ἂν
3181 1676 3275 1734 οὖν
3298 1683 3382 1743 είς
3412 1681 3532 1733 ἴσον
3563 1681 3637 1732 ἐλ-

2055 1773 2136 1826 θοι
2168 1773 2244 1843 τῷ
2269 1772 2675 1826 πλεονεκτοῦντι
2705 1773 2764 1826 τὸ
2813 1772 3222 1844 ὑστερούμενον,
3249 1775 3348 1826 καὶ
3397 1774 3636 1842 ἀναπλη-

2058 1863 2254 1937 ρωθείη
2287 1865 2346 1918 τὸ
2367 1865 2685 1936 λειπόμενον
2703 1865 2778 1934 τῷ
2803 1865 3197 1935 περισσεύοντι,
3220 1865 3514 1936 νομοθετεῖ
3542 1871 3638 1929 τοῖς

2055 1955 2360 2027 ἀνθρώποις
2394 1956 2484 2008 ἐπὶ
2520 1954 2628 2008 τῶν
2653 1955 3085 2025 καταδεεστέρων
3123 1954 3182 2008 τὸ
3212 1954 3390 2009 ἔλεον.
3429 1956 3508 2008 Οὐ
3544 1955 3637 2023 γάρ

2055 2048 2202 2100 ἐστιν
2230 2047 2404 2110 ἄλλως
2429 2047 2564 2118 πρὸς
2585 2046 2880 2117 θεραπείαν
2904 2048 3002 2116 τῆς
3033 2049 3321 2118 συμφορᾶς
3350 2047 3451 2099 τοῦ
3483 2047 3638 2109 πέλας

2055 2137 2316 2208 ὁρμῆσαι,
2353 2136 2428 2207 μὴ
2451 2137 2598 2189 ἐλέου
2625 2136 2724 2207 τὴν
2761 2134 2938 2206 ψυχὴν
2967 2135 3103 2202 πρὸς
3136 2137 3234 2206 τὴν
3269 2135 3535 2205 τοιαύτην
3558 2136 3639 2204 ὁρ-

2057 2227 2163 2298 μὴν
2207 2226 2614 2297 ἐκμαλάξαντος
2639 2243 2651 2256 ·
2683 2229 2746 2280 ἐκ
2777 2227 2888 2297 γὰρ
2919 2224 3010 2278 τοῦ
3041 2225 3286 2278 ἐναντίου
3315 2228 3386 2296 τῇ
3413 2227 3638 2296 ἀπηνεία

2054 2322 2254 2373 νοεῖται
2271 2321 2299 2372 6
2321 2319 2487 2383 ἕλεος.
2517 2321 2604 2382 Ὠς
2624 2313 2714 2372 οὖν
2728 2321 2755 2372 6
2776 2319 2988 2388 ἀπηνής
3002 2335 3059 2371 τε
3081 2319 3172 2371 καὶ
3193 2317 3412 2387 ἄγριος,
3437 2319 3612 2388 ἀπροσ
3627 2348 3638 2355 -

2055 2409 2319 2472 πέλαστὸς
2363 2411 2477 2462 ἐστι
2524 2411 2634 2471 τοῖς
2676 2407 2984 2476 ἐγγίζουσιν
3015 2423 3030 2437 ·
3064 2405 3235 2470 οὕτως
3273 2407 3302 2458 6
3353 2407 3640 2477 συμπαθής

2057 2518 2119 2553 τε
2144 2501 2238 2554 καὶ
2272 2501 2539 2572 ἐλεήμων,
2572 2499 2968 2570 κατακιρνᾶταί
2999 2515 3114 2563 πως
3149 2501 3214 2569 τῇ
3244 2499 3494 2553 διαθέσει
3514 2500 3638 2569 πρὶς

2057 2593 2117 2645 τὸ
2149 2592 2420 2661 δεόμενον,
2449 2591 2640 2660 ἐκείνῳ
2667 2589 2742 2660 τῷ
2773 2589 3094 2660 λυπουμένῳ
3127 2590 3446 2659 γενόμενος,
3477 2589 3507 2641 ὃ
3532 2592 3639 2640 ἐπι·

2059 2681 2210 2749 ζητεῖ
2240 2682 2272 2750 ἡ
2303 2680 2578 2749 ἀνιωμένη
2606 2679 2832 2732 διάνοια.
2871 2680 2981 2731 Καὶ
3022 2679 3166 2732 ἐστιν
3194 2680 3221 2730 6
3257 2679 3432 2741 ἔλεος,
3479 2679 3553 2740 ὡς
3580 2678 3640 2730 ἂν

2056 2789 2140 2835 τις
2174 2773 2284 2842 ὅρῳ
2307 2771 2618 2842 περιλαϐὼν
2649 2771 3056 2842 ἐρμηνεύσειεν,
3092 2770 3341 2833 ἐκούσιος
3375 2771 3524 2840 λύπη
3558 2772 3638 2823 ἐπ’

2056 2861 2356 2932 ἀλλοτρίοις
2388 2863 2578 2923 κακοῖς
2617 2860 2998 2931 συνισταμένη.

375 2954 608 3009 lectione
632 2957 790 3024 quasi
820 2963 1263 3024 contemperatur
1293 2970 1419 3009 cum
1460 2970 1547 3018 eo,
1577 2955 1671 3024 qui
1701 2955 1787 3008 vel
1839 2954 2021 3023 aliqua
2088 2969 2146 3008 re
2215 2969 2350 3022 apus
2423 2953 2608 3017 habet,
2678 2952 2743 3006 ad
2770 2951 2822 3006 id
2866 2968 2990 3007 sese
3017 2952 3227 3007 dolenti
3283 2961 3455 3023 atque
3495 2952 3645 3006 solli-

374 3046 486 3101 cito
527 3046 972 3108 accommodans,
1009 3046 1155 3114 quod
1187 3060 1340 3100 mens
1381 3046 1541 3099 anxia
1591 3044 1970 3113 molestiisque
2008 3044 2379 3099 circumventa
2418 3045 2668 3113 requirit.
2695 3045 2771 3098 Ac
2799 3044 3196 3112 misericordia,
3228 3053 3287 3098 ut
3361 3061 3482 3102 eam
3551 3045 3644 3097 ali-

376 3135 502 3204 quis
534 3133 850 3189 definitione
881 3135 1330 3203 comprehensam
1363 3134 1712 3205 interpretari
1757 3143 1811 3190 et
1856 3136 2126 3204 explicare
2194 3135 2388 3206 possit,
2427 3136 2734 3190 voluntaria
2799 3137 3022 3192 tristitia
3066 3144 3171 3203 est,
3230 3153 3358 3207 quae
3429 3136 3642 3192 conﬂa-

375 3236 466 3282 tur
491 3228 562 3281 ob
591 3226 938 3280 incommoda
969 3227 1168 3280 aliena.

449 3317 609 3385 Quod
644 3317 689 3372 si
737 3332 849 3372 non
882 3306 1068 3388 plene,
1091 3315 1225 3386 quid
1291 3331 1388 3386 per
1416 3330 1534 3371 eam
1598 3317 1954 3388 intelligatur,
1985 3319 2027 3375 C

375 3410 800 3482 expressimus:
839 3408 1071 3462 forsitan
1104 3409 1210 3461 alia
1240 3409 1452 3463 ratione
1497 3409 1671 3480 magis
1715 3408 1954 3464 dilucide

375 3521 439 3561 ac
489 3505 711 3577 planius
735 3503 994 3574 explicari
1031 3500 1236 3572 possit.
1294 3501 1669 3557 Misericordia
1712 3511 1796 3558 est
1824 3517 1954 3572 erga

373 3615 491 3661 eos,
539 3598 632 3668 qui
664 3597 735 3652 ob
786 3612 878 3651 res
918 3595 1131 3665 aliquas
1189 3595 1378 3650 tristes
1425 3608 1488 3648 ac
1535 3593 1794 3649 molestas
1833 3609 1955 3650 sese

374 3690 745 3752 discruciant,
804 3703 930 3742 cum
989 3687 1286 3744 dilectione
1338 3687 1639 3756 conjuncta
1712 3685 1951 3740 alfectio.

374 3780 848 3849 Quemadmodum
891 3780 1038 3834 enim
1094 3779 1468 3834 inhumanitas
1521 3785 1575 3833 et
1632 3775 1820 3832 feritas
1885 3775 1954 3829 ab

377 3874 505 3928 odio
539 3886 764 3927 causam
794 3877 848 3925 et
881 3870 1148 3940 originem
1186 3869 1417 3924 habent:
1450 3868 1531 3923 sic
1563 3883 1628 3922 ex
1657 3867 1951 3923 dilectione

377 3961 782 4035 quodammodo
813 3961 1191 4015 misericordia
1227 3962 1507 4015 enascitur
1536 3977 1550 4014 :
1588 3974 1689 4014 nec
1736 3959 1955 4014 aliunde

376 4054 694 4116 exsisteret,
729 4050 834 4104 nisi
862 4066 927 4105 ex
951 4051 1074 4104 hac.
1111 4051 1188 4104 Ac
1221 4053 1267 4105 si
1294 4051 1418 4119 quis
1458 4051 1617 4121 plene
1646 4051 1957 4106 misericor-

377 4146 480 4201 dia:
508 4142 894 4213 prOprietatem
912 4141 1292 4210 exquisiverit,
1320 4142 1678 4197 intentionem
1704 4151 1758 4197 et
1796 4144 1954 4198 vehe-

378 4233 638 4289 mentiam
674 4232 916 4287 inveniet
949 4231 1210 4300 diligendi
1247 4230 1550 4287 alfectionis
1585 4249 1710 4287 cum
1755 4232 1952 4288 allectu

377 4325 618 4379 tristitia:
647 4325 1014 4379 commistam.
1047 4321 1182 4376 Nam
1216 4325 1690 4394 participationem
1733 4325 1952 4395 quidem

377 4415 644 4470 bonorum
665 4431 857 4470 omnes
894 4416 1150 4470 similiter
1193 4425 1546 4486 appetunt,et
1564 4416 1749 4480 amici,
1780 4417 1956 4471 etini-

379 4506 503 4560 mici
522 4523 536 4572 ;
556 4513 611 4558 at
635 4513 694 4558 ut
713 4506 1208 4572 incommodorum,
1235 4515 1289 4562 et
1318 4523 1499 4562 rerum
1529 4508 1768 4564 tristium
1792 4516 1955 4578 atque

380 4595 698 4651 acerbarum
734 4595 1027 4664 participes
1054 4611 1181 4652 esse
1231 4599 1420 4661 velint,
1453 4613 1640 4652 eorum
1686 4601 1954 4653 duntaxat

382 4687 665 4758 proprium
697 4695 804 4750 est,
853 4686 948 4756 qui
1006 4687 1302 4744 dilectione
1350 4695 1648 4754 tenentur;
1699 4691 1850 4760 atqui
1885 4705 1953 4744 ex

377 4780 637 4835 omnibus
671 4780 857 4842 rebus,
905 4795 1027 4849 quae
1079 4795 1176 4850 per
1211 4781 1376 4834 vitam
1413 4780 1668 4835 coluntur
1715 4790 1770 4834 et
1797 4794 1957 4835 exer-

379 4878 599 4934 centur,
651 4877 872 4926 constat
921 4885 1036 4926 rem
1085 4871 1594 4940 praestantissimam
1649 4887 1772 4926 esse
1821 4871 1959 4926 dile-

377 4963 637 5018 ctionem.
687 4961 1011 5017 Dilectionis
1057 4970 1238 5015 autem
1281 4961 1509 5017 intentio
1559 4975 1724 5033 atque
1776 4962 1955 5016 incre-

380 5064 627 5111 mentum
663 5054 1045 5112 misericordia
1069 5061 1174 5108 est.
1207 5053 1302 5109 Est
1329 5055 1494 5126 igitur
1520 5055 1743 5126 proprie
1764 5055 1957 5110 beatus

377 5148 802 5212 existimandus,
837 5148 930 5218 qui
966 5147 1023 5202 in
1059 5147 1153 5201 tali
1184 5145 1472 5202 all‘ectione
1514 5147 1752 5200 animam
1786 5161 1956 5200 occu-

379 5249 558 5308 patam
592 5240 776 5306 habet,
811 5247 1000 5310 utpote
1027 5240 1120 5310 qui
1143 5254 1418 5294 summum
1441 5239 1659 5297 virtutis
1679 5238 1956 5310 fastigium

379 5331 681 5400 contingat.
707 5332 784 5386 Ae
817 5347 980 5387 nemo
1010 5333 1065 5386 in
1095 5331 1229 5386 solis
1256 5331 1502 5386 materiis
1530 5321 1677 5384 illam
1696 5331 1956 5386 virtutem

381 5427 632 5487 spectet:
689 5423 772 5476 sic
825 5422 970 5475 enim
1029 5438 1138 5476 non
1196 5421 1466 5490 cujusque
1517 5421 1756 5474 hominis
1809 5427 1958 5473 esset

378 5509 648 5579 ejusmodi
684 5512 761 5566 rei
791 5525 1102 5579 successus,
1133 5523 1496 5584 praeterquam
1528 5512 1670 5582 ejus,
1699 5511 1792 5581 qui
1824 5525 1956 5581 opes

2129 3314 2192 3366 Εί
2219 3313 2275 3367 δὲ
2303 3313 2403 3366 οὐκ
2431 3312 2675 3384 ἀκριϐῶς
2708 3311 2804 3401 ῖὴν
2819 3313 3064 3369 διάνοιαν
3096 3317 3261 3373 αὐτοῦ
3293 3321 3643 3390 παρεστήσαο

2061 3422 2160 3476 μεν
2180 3421 2194 3435 ·
2225 3405 2364 3475 τάχα
2392 3403 2458 3458 ἂν
2485 3404 2628 3474 ἄλλῳ
2666 3403 2808 3476 λόγῳ
2837 3405 3249 3478 διερμηνευθείη
3287 3409 3641 3482 σαφέστερον.

2062 3497 2250 3560 Ἔλεός
2266 3499 2414 3548 ἐστιν
2441 3496 2658 3550 ἐπὶτῶν
2679 3495 3085 3568 δυσφορούντων
3111 3497 3201 3550 ἐπί
3225 3515 3371 3551 τισιν
3399 3502 3644 3572 ἀνιαροῖς

2058 3585 2373 3656 ἀγαπητικὴ
2397 3585 2756 3649 συνδιάθεσις.
2775 3585 2986 3655 Ὠσπερ
3011 3584 3120 3656 γὰρ
3137 3586 3196 3638 τὸ
3216 3587 3422 3656 ἀπηνές
3455 3605 3520 3640 τε
3553 3589 3643 3640 καὶ

2058 3677 2340 3748 θηριῶδες,
2357 3676 2466 3730 ἀπὸ
2515 3676 2608 3730 τοῦ
2654 3676 2844 3746 μίσους
2872 3675 2970 3739 τάς
3011 3677 3263 3748 ἀφορμὰς
3298 3677 3412 3749 ἔχει
3433 3696 3447 3707 ο
3474 3679 3644 3742 οὕτως

2056 3769 2317 3837 ἐκφύεταί
2375 3785 2492 3831 πως
2548 3767 2646 3838 τῆς
2706 3767 2926 3838 ἀγάπης
2967 3769 2996 3820 6
3033 3767 3214 3832 ἔλεος,
3247 3769 3347 3822 οὑκ
3387 3770 3458 3824 ἂν
3494 3772 3643 3840 γενό-

2061 3870 2243 3930 μενος,
2271 3861 2320 3913 εί
2355 3859 2428 3930 μὴ
2458 3861 2521 3912 ἐκ
2552 3858 2774 3930 ταύτης.
2823 3859 2933 3912 Καὶ
2964 3859 3019 3911 εἴ
3055 3876 3137 3923 τις
3175 3861 3417 3930 ἀκριϐῶς
3463 3864 3643 3929 ἐξετά-

2059 3967 2169 4003 σειε
2216 3949 2277 4003 τὸ
2339 3949 2430 4003 τοῦ
2492 3949 2642 4002 ἐλέου
2694 3949 2920 4020 ἰδίωμα,
2961 3949 3210 4004 ἐπίτασιν
3263 3953 3490 4023 εὑρήσει
3547 3956 3643 4024 τῆς

2057 4043 2404 4114 ἀγαπητικῆς
2457 4041 2767 4107 διαθέσεως,
2805 4041 2883 4111 τῷ
2935 4041 3074 4094 κατὰ
3122 4043 3220 4114 τὴν
3269 4043 3447 4116 λύπην
3485 4047 3643 4099 πάθει

2059 4134 2543 4206 συμμεμιγμένην.
2587 4135 2652 4186 Ἡ
2699 4133 2796 4204 μὲν
2847 4132 2956 4204 γάρ
2993 4133 3102 4185 τῶν
3151 4134 3333 4188 καλῶν
3387 4139 3639 4190 κοινωνία

2058 4231 2223 4282 πᾶσιν
2287 4227 2522 4298 ὁμοίιος,
2576 4226 2668 4279 καὶ
2721 4225 2968 4297 ἐχθροῖς,
3019 4227 3113 4279 καὶ⁸
3174 4226 3348 4296 φίλοις
3407 4231 3638 4283 σπουδά-

2057 4320 2239 4384 ζεται·
2281 4319 2340 4372 τὸ
2393 4318 2449 4371 δὲ
2502 4319 2610 4371 τῶν
2659 4318 2899 4390 ἀνιαρῶν
2944 4322 3220 4373 κοινωνεῖν
3258 4321 3466 4373 ἐθέλειν
3493 4363 3508 4386 ,
3550 4323 3637 4392 μό-

2057 4431 2145 4466 νον
2175 4412 2306 4466 ἴδιον
2343 4410 2450 4464 τῶν
2487 4413 2553 4482 τῇ
2594 4411 2781 4484 ἀγάπῃ
2820 4413 3244 4482 κεκρατημένων
3281 4415 3454 4467 ἐστίν.
3486 4415 3640 4466 Ἀλλά

2061 4504 2168 4574 μὴν
2206 4503 2423 4557 πάντων
2459 4502 2802 4573 ὡμολόγηται
2839 4503 2948 4555 τῶν
2986 4503 3126 4556 κατά
3170 4504 3261 4558 τὸν
3301 4504 3416 4574 βίον
3457 4505 3639 4559 τοῦτον

2059 4594 2525 4666 ἐπιτηδευομένων
2563 4595 2597 4665 ἡ
2636 4594 2824 4664 ἀγάπη
2866 4592 2926 4646 τὸ
2962 4594 3249 4664 κράτιστον
3288 4590 3448 4646 εἶναι.
3493 4595 3638 4647 Ἐπί-

2048 4699 2215 4750 ’τασις
2259 4686 2314 4739 δέ
2350 4685 2570 4756 ἀγάπης
2603 4686 2632 4737 ὁ
2669 4684 2835 4748 ἕλεος.
2877 4684 3098 4756 Κυρίως
3135 4685 3242 4756 ἀρα
3283 4686 3637 4756 μακαριστὸς,

2054 4781 2082 4833 6
2105 4781 2162 4832 ἐν
2183 4781 2248 4850 τῇ
2271 4777 2492 4849 τοιαύτῃ
2517 4776 2755 4832 διαθέσει
2776 4777 2875 4848 τὴν
2893 4776 3069 4847 ψυχὴν
3097 4776 3253 4848 ἔχων,
3273 4777 3349 4840 ὡς
3369 4777 3466 4830 τοῦ
3486 4781 3639 4848 ἀκρο-

2054 4871 2218 4925 τάτου
2239 4869 2382 4923 κατά
2402 4869 2500 4941 τὴν
2520 4869 2720 4942 ἀρετὴν
2739 4868 3127 4938 ἐφαπτόμενος·
3148 4869 3241 4921 καὶ
3264 4869 3454 4939 μηδεὶς
3481 4869 3538 4921 ἐν
3562 4869 3635 4938 μὰ

2055 4980 2176 5026 ναις
2212 4963 2331 5026 ταῖς
2369 4961 2522 5025 ὕλαις
2559 4961 2657 5032 τὴν
2694 4961 2893 5032 ἀρετὴν
2927 4959 3226 5032 θεωρείτω·
3260 4960 3405 5014 οὕτω
3445 4961 3556 5032 γάρ
3585 4961 3639 5012 ἂν

2055 5055 2116 5107 οὐ
2142 5055 2356 5118 πάντως
2383 5037 2816 5125 εῐηέκατόρθωμα
2839 5052 2901 5105 τὸ
2928 5052 3190 5117 τοιοῦτον,
3211 5053 3350 5124 πλὴν
3376 5055 3474 5108 τοῦ
3500 5055 3639 5107 δύνα-

2061 5146 2151 5217 μίν
2176 5164 2296 5200 τινα
2321 5147 2454 5218 πρὸς
2475 5147 2716 5199 εὐποιΐαν
2740 5144 2979 5217 ἔχοντος·
2999 5145 3133 5199 ἀλλά
3160 5163 3248 5217 μοι
3273 5147 3424 5200 δοκεῖ
3444 5148 3638 5201 δικαιό-

2055 5253 2213 5307 τερον
2247 5239 2304 5289 ἐν
2332 5237 2646 5308 προαιρέσει
2692 5239 2760 5306 τδ
2793 5236 3030 5290 τοιοῦτον
3069 5235 3313 5306 βλέπειν.
3346 5238 3406 5290 Ὁ
3430 5240 3538 5310 γὰρ
3564 5240 3636 5293 Θε-

2056 5327 2222 5398 λὴσας
2258 5328 2319 5380 τὸ
2355 5327 2556 5395 ἀγαθὸν
2597 5327 2778 5398 μόνον,
2807 5327 3069 5390 κωλυθεὶς
3106 5327 3163 5380 δὲ
3184 5329 3322 5399 πρὸς
3363 5328 3423 5382 τὸ
3464 5330 3632 5391 καλὸν,

2055 5417 2132 5486 τῷ
2173 5416 2246 5486 μὴ
2281 5415 2562 5479 δύνασθαι,
2608 5416 2728 5469 κατ’
2776 5416 2928 5468 οὐδὲν
2970 5415 3284 5470 ἐλαττοῦται
3331 5419 3435 5488 τῆς
3473 5418 3631 5488 ψυχῆς

2055 5509 2309 5575 διαθέσει,
2343 5508 2437 5562 τοῦ
2477 5508 2561 5563 διὰ
2601 5509 2707 5563 τῶν
2744 5508 2918 5581 ἔργων
2947 5509 3043 5578 τὴν
3085 5511 3312 5580 γνώμην
3355 5512 3626 5578 δείξαντος.
