3696 5986
58 189 192 241 1253

1108 183 1197 239 DE
1231 177 1836 237 BEATITUDINIBUS.
1877 177 2138 234 ORATIO
2178 178 2245 235 ν.

3171 183 3308 238 1231

55 301 214 353 ὐσον
245 299 340 370 μὲν
360 291 452 353 οὖν
482 298 672 369 κέρδος
700 299 816 351 ἐστὶ
843 296 922 366 τῷ
952 297 1070 367 βίῳ,
1115 299 1162 349 εἰ
1197 298 1334 368 πρὸς
1362 296 1514 350 τοῦτό

1850 296 2212 352 uashaberet
2245 293 2311 349 ad
2345 291 2796 348 henefaciendum
2825 308 2838 345 :
2895 290 3142 362 quinimo
3177 297 3306 348 mihi

54 390 380 459 ἐκλαμϐάνει
402 389 496 443 τοῦ
523 388 872 461 μακαρισμοῦ
895 389 992 458 τὴν
1012 388 1268 450 διάνοιαν,
1292 387 1544 458 περιττὸν
1563 387 1630 440 ἂν

53 482 135 550 εἴη
155 481 423 545 διεξιέναι,
451 482 696 552 φανερῶν
719 481 888 534 ὅντων
911 481 1005 532 καὶ
1032 482 1142 542 τοῖς
1174 478 1368 549 κομιδῆ
1393 479 1628 548 νηπίοις,

55 571 158 624 τῶν
187 573 245 624 ἐκ
273 572 372 646 τῆς
408 571 715 642 συμϐουλῆς
755 570 954 640 ταύτης
981 568 1059 640 τῷ
1121 569 1221 641 βίῳ
1263 570 1632 640 κατορθουμέ-

54 680 178 716 νων.
213 664 272 717 Εἰ
296 663 405 732 γὰρ
430 664 563 715 πᾶσι
591 662 710 714 καθ’
736 661 990 715 ὑπόθεσιν
1021 661 1053 732 ἡ
1079 661 1296 732 τοιαύτη
1325 662 1423 730 τῆς
1455 661 1633 732 ψυχῆς

56 753 326 820 ἐγγένοιτο
367 753 503 824 πρὸς
547 752 610 805 τὸ
661 751 1047 820 ἐλαττούμενον
1099 754 1301 822 σχέσις,
1351 751 1529 804 οὐκέτ’
1567 752 1633 805 ἂν

59 844 142 912 εἴη
173 844 228 896 τὸ
260 845 549 914 ὑπερέχον,
586 845 677 896 καί
709 843 1124 913 ἐλαττούμενον·
1167 843 1350 896 οὐκέτι
1392 830 1534 914 πρὸς
1563 843 1632 897 τὰ

58 934 270 988 ἐναντία
316 934 426 987 τῶν
471 933 751 1003 ὀνομάτων
803 935 831 986 6
885 933 996 1002 βίος
1041 934 1476 1005 διενεχθήσεταιο
1533 935 1632 989 οὐκ

57 1025 263 1078 ἀνιάσει
297 1024 456 1078 πενία
483 1024 574 1078 τὸν
604 1024 915 1096 ἄνθρωπον·
956 1024 1016 1078 οὐ
1045 1023 1369 1077 ταπεινώσει
1401 1024 1628 1078 δουλεία·

54 1117 114 1170 οὐ
145 1117 372 1186 λυπήσει
399 1117 589 1186 ἀτιμία
610 1134 624 1147 ο
657 1118 834 1170 πάντα
863 1117 971 1188 γὰρ
1001 1117 1152 1170 ἔσται
1178 1117 1311 1170 πᾶσι
1333 1118 1513 1172 κοινά·
1539 1117 1633 1171 καὶ

58 1210 301 1279 ἰσονομία
331 1209 425 1262 καὶ
462 1210 711 1280 ἰσηγορία
743 1209 821 1280 τῷ
849 1208 948 1278 βίῳ
989 1208 1097 1262 τῶν
1130 1208 1431 1280 ἀνθρώπων
1464 1209 1633 1280 ἐμπο-

54 1299 355 1352 λιτεύεται·
387 1299 650 1362 ἑκουσίως
704 1299 797 1351 τοῦ
851 1298 1221 1362 πολιτεύοντοες
1267 1299 1400 1369 πρὸς
1435 1298 1492 1352 τὸ
1527 1299 1634 1352 λεῖ-

55 1408 156 1443 πον
190 1391 559 1461 ἐξισουμένου,
591 1389 652 1444 Εἰ
681 1391 736 1443 δὲ
759 1389 916 1443 τοῦτο
947 1389 1176 1458 γένοιτο,
1208 1390 1386 1443 οὐκέτ’
1408 1390 1473 1444 ἂν
1504 1390 1634 1444 ὑπο-

53 1483 296 1552 λειφθείη
336 1500 420 1546 τις
465 1482 760 1553 ἀπεχθείας
801 1482 1086 1546 ὑπόθεσις·
1135 1482 1299 1552 ἀργὸς
1325 1485 1353 1536 6
1406 1483 1629 1552 φθόνος·

53 1574 245 1644 νεκρὸν
273 1574 332 1626 τὸ
357 1576 511 1644 μῖσος
531 1591 543 1604 ·
573 1574 860 1646 ὑπερόριος
886 1574 918 1644 ἡ
949 1575 1300 1644 μνησικακία,
1327 1574 1389 1627 τὸ
1415 1574 1629 1643 ψεῦδος,

54 1666 87 1734 ἠ
123 1630 324 1735 ἀπάτη,
357 1630 398 1718 I6
450 1630 718 1736 πόλεμοςο
749 1630 918 1736 ίᾶτίερ
949 1630 1152 1734 ’ἔγγονα
1199 1630 1374 1719 πάντα
1414 1630 1480 1736 τῇ
1537 1630 1630 1718 τού
1667 1630 1706 1684 Β

55 1757 295 1820 πλείονος
332 1757 595 1828 ἐπιθυμίᾳ
637 1757 826 1824 ἐστίν.)
867 1757 1109 1823 Ἐκείνης
1149 1757 1205 1810 δὲ
1249 1757 1348 1828 τῆς
1379 1759 1633 1826 ἀσυμπα-

55 1845 179 1909 θοῦς
212 1845 499 1909 διαθέσεως
522 1844 908 1917 ἐξορισθείσης,
937 1845 1354 1899 συνεκϐάλλεται
1397 1847 1630 1908 πάντως,

53 1933 167 1991 οἷόν
201 1956 306 1992 τινι
347 1939 558 2008 πονηρᾷ
587 1937 732 2008 ῥίζῃ,
779 1937 850 1991 τὰ
897 1937 996 2006 τῆς
1030 1937 1227 2000 κακίας
1257 1935 1628 2006 βλαστήματα.

55 2031 222 2101 Ί“ῇ.δὲ
253 2029 358 2083 τῶν
388 2029 638 2100 πονηρῶν
661 2027 1004 2098 ύπεξαιρέσει
1035 2029 1064 2082 6
1087 2027 1196 2081 τῶν
1217 2026 1436 2096 ἀγαθῶν
1463 2027 1633 2081 κατά-

52 2123 215 2189 λογος
257 2121 694 2190 ἀντεισέρχεται,
753 2120 941 2190 εἰρήνη
989 2119 1081 2172 καὶ
1139 2118 1450 2188 δικαιοσύνη
1475 2154 1491 2179 ,
1540 2117 1636 2171 καὶ

54 2213 211 2266 πᾶσα
237 2211 344 2264 τῶν
371 2212 505 2282 πρὸς
527 2211 586 2265 τὸ
611 2212 857 2282 κρεῖττον
904 2210 1204 2281 νοουμένων
1233 2208 1540 2262 ἀκολουθία.
1571 2209 1635 2261 Τί

53 2304 237 2357 τοίνυν
280 2303 344 2356 ἂν
390 2303 476 2373 εἴη
529 2301 1007 2373 μακαριστότερον,
1057 2301 1117 2354 τὸ
1171 2300 1314 2354 οὕτω
1377 2300 1470 2353 τὸν
1523 2299 1636 2370 βίον

54 2395 224 2466 ἔχειν,
263 2394 445 2448 οὐκέτι
487 2395 698 2465 μοχλοῖς
738 2393 832 2448 καί⁸
875 2393 1041 2457 λίθοις
1075 2392 1172 2464 τὴν
1207 2393 1503 2462 ἀσφάλειαν
1539 2392 1638 2462 τῆς

55 2487 207 2556 ζωῆς
235 2487 390 2556 ἡμῶν
426 2485 813 2552 πιστευόντων,
859 2485 970 2540 ἀλλ’
1021 2487 1079 2538 ἐν
1117 2484 1362 2555 ἀλλήλοις
1408 2485 1638 2555 ἠσφαλι-

57 2578 315 2648 σμένων;
352 2578 563 2648 ’Ὠσπερ
611 2577 720 2648 γὰρ
765 2579 793 2630 6
846 2577 1060 2647 ἀπηνής
1110 2592 1169 2629 τε
1212 2575 1304 2628 καὶ
1347 2575 1634 2645 θηριώδης,

55 2669 341 2738 δυσμενεῖς
368 2668 547 2739 ἑαυτῷ
583 2669 708 2731 τοὺς
739 2668 836 2738 τῆς
868 2666 1186 2739 ἀγριότητος
1207 2668 1639 2737 πεπειραμένους

56 2761 242 2812 ποιεῖ·
296 2758 468 2822 οὕτως
511 2761 574 2813 ἐκ
612 2759 703 2813 τοῦ
752 2758 990 2812 ἐναντίου
1017 2798 1032 2822 ,
1077 2758 1220 2812 εὖνοι
1284 2757 1517 2820 ἅπαντες
1560 2757 1639 2828 τῷ

57 2848 298 2904 ἐλεοῦντι
335 2851 616 2920 γινόμεθα,
648 2849 890 2920 φυσικῶς
920 2853 1030 2912 τοῖς
1059 2849 1339 2920 μετέχουσι
1370 2850 1463 2902 τοῦ
1490 2851 1638 2902 ἐλέου

1733 389 1945 458 aequius
1972 395 2026 441 et
2058 387 2243 442 verius
2281 400 2404 442 esse
2439 385 2656 439 videtur
2705 385 3018 454 hujusntodi
3049 386 3306 440 virtutem

1733 498 1802 537 ex
1861 480 2044 535 studio
2103 486 2268 547 atque
2324 477 2604 531 voluntate
2659 478 2954 531 aestimare.
3010 477 3146 531 Nam
3214 477 3308 547 qui

1734 573 1936 628 bonum
1969 571 2248 624 voluntate
2278 568 2543 623 duntaxat
2573 569 2625 621 in
2659 569 2846 622 animo
2881 568 2984 622 sibi
3018 570 3310 639 proposuit

1735 680 1797 719 ac
1830 664 2143 726 destinavit,
2183 663 2278 718 sed
2313 663 2517 732 inopia,
2553 661 2848 729 quominus
2907 661 2958 712 id
3013 661 3158 730 quod
3211 663 3310 715 ho-

1733 767 1953 812 nestum
1989 764 2071 811 est
2103 764 2384 824 sequatur,
2418 754 2725 823 prohibitus
2757 761 2860 815 est,
2916 754 3081 807 animi
3139 755 3309 808 desti-

1734 849 1959 902 natione
2014 847 2188 901 nihilo
2245 845 2472 899 inferior
2522 853 2606 901 est
2667 860 2764 908 eo,
2828 846 2920 913 qui
2993 860 3089 914 per
3147 859 3309 915 opera

1732 941 2070 996 voluntatem
2104 953 2258 994 suam
2286 937 2544 992 ostendit.
2574 936 2694 990 Jam
2732 952 2863 990 vero
2889 943 3154 1006 quantum
3188 937 3310 991 vitze

1734 1035 1952 1089 lucrum
2009 1039 2063 1087 et
2132 1030 2479 1086 commodum
2544 1029 2616 1084 sit
2683 1030 2727 1082 si
2793 1031 2917 1098 quis
2979 1029 3306 1084 sententiam

1734 1125 2095 1180 beatitudinis
2129 1123 2182 1176 in
2213 1123 2355 1176 hanc
2383 1129 2589 1192 partem
2623 1121 2876 1189 accipiat,
2911 1135 3306 1188 supervacuum

1738 1213 1905 1270 fuerit
1929 1227 2228 1283 exponere,
2265 1226 2388 1264 cum
2420 1211 2504 1265 vel
2540 1210 2833 1264 admodum
2888 1210 3229 1278 simplicibus
3257 1218 3310 1263 et

1736 1305 2003 1376 imperitis
2057 1303 2361 1358 manifestae
2390 1303 2501 1358 sint
2553 1317 2630 1357 ea:
2659 1317 2779 1371 qua:
2821 1317 2886 1356 ex
2932 1301 3034 1355 hoc
3079 1301 3310 1356 consilio

1733 1395 1856 1450 vita:
1886 1393 2083 1446 confici
2119 1391 2540 1446 commoditates
2589 1392 2823 1460 possint.
2862 1389 2996 1442 Nam
3035 1390 3102 1454 si,
3154 1389 3308 1444 verbi

1735 1489 1936 1558 gratia,
1974 1485 2230 1541 omnibus
2276 1485 2546 1555 ejusmodi
2579 1484 2745 1537 animi
2780 1481 3007 1537 aliectus
3044 1483 3309 1539 adversus

1735 1580 2024 1635 inferiores
2057 1579 2280 1632 innatus
2313 1586 2477 1643 esset,
2511 1591 2623 1630 non
2665 1575 2899 1644 amplius
2947 1574 3132 1634 fuerit,
3163 1571 3307 1643 quod

1735 1672 1818 1726 vel
1845 1678 2086 1740 pra-stet,
2112 1670 2193 1724 vel
2219 1668 2452 1723 inferius
2481 1667 2551 1723 sit
2577 1685 2588 1721 :
2619 1682 2724 1720 non
2755 1667 2991 1736 amplius
3013 1667 3066 1718 in
3091 1665 3308 1721 diversa

1736 1765 1957 1819 nomina
1990 1765 2098 1818 vita
2135 1763 2457 1827 diducetur;
2506 1775 2616 1814 non
2670 1759 2900 1813 molesta
2932 1758 3138 1812 homini
3175 1774 3310 1828 pau-

1734 1864 1920 1924 pertas
1950 1853 2054 1908 erit
2083 1871 2097 1919 ;
2132 1867 2239 1906 non
2272 1851 2509 1907 servitus
2535 1850 2805 1919 deprimet
2833 1867 2846 1915 ;
2877 1864 2984 1903 non
3013 1849 3307 1918 ignominia

1735 1954 1934 2016 anget;
1984 1944 2167 1998 omnia
2226 1943 2373 1999 enim
2430 1941 2686 1995 omnibus
2737 1947 2897 1994 erunt
2955 1941 3306 2006 communia;

1734 2037 2093 2110 aequilibritas
2139 2044 2190 2090 et
2238 2032 2525 2102 aequabilis
2569 2031 2797 2086 tributio
2847 2031 3028 2100 juris,
3085 2041 3196 2085 tum
3252 2032 3307 2085 in

1738 2128 2006 2187 faciendo.
2040 2134 2154 2180 tum
2196 2126 2251 2180 in
2285 2123 2518 2179 dicendo
2547 2125 2599 2177 in
2632 2123 2741 2176 vita
2777 2122 3058 2176 hominum
3087 2138 3310 2177 exerce-

1736 2219 1902 2280 bitur,
1931 2233 2054 2272 cum
2107 2217 2176 2280 is,
2213 2216 2301 2270 cui
2355 2214 2486 2284 quid
2523 2212 2874 2283 superfuerit,
2921 2228 3045 2267 cum
3084 2230 3169 2278 eo,
3217 2215 3308 2269 cui

1737 2308 1991 2372 defuerit,
2016 2314 2209 2376 sponte
2241 2320 2339 2360 sua
2369 2319 2428 2358 se
2462 2311 2705 2372 exaequet
2733 2323 2744 2356 :
2777 2303 2920 2371 quod
2945 2305 2988 2358 si
3015 2304 3308 2368 accideret,

1739 2401 1887 2454 nulla
1913 2399 2148 2468 amplius
2172 2397 2587 2451 inimicitiarum
2615 2393 2843 2448 materia
2861 2394 3266 2463 relinqueretur
3292 2412 3308 2450 :

1739 2496 1982 2545 cessaret
2040 2489 2291 2554 invidia;
2349 2495 2627 2542 mortuum
2667 2486 2895 2549 odium;
2934 2485 3174 2539 extorris
3223 2485 3310 2538 in-

1734 2583 2005 2652 juriarum
2072 2590 2231 2636 tenax
2300 2579 2604 2644 memoria;
2669 2577 3052 2639 mendacium,
3117 2574 3309 2637 fraus,

1739 2675 1940 2730 bellum
1980 2673 2121 2742 (quae
2171 2671 2355 2725 omnia
2421 2669 2638 2725 soboles
2689 2675 2851 2738 atque
2898 2682 3137 2738 pr0pago
3189 2667 3312 2736 plus

1741 2766 1977 2822 habendi
2009 2765 2326 2834 cupiditatis
2358 2763 2504 2830 sunt)
2531 2762 2747 2818 sublata
2777 2769 2980 2814 essent.
3015 2759 3104 2812 Illa
3129 2767 3310 2813 autem

1744 2856 2142 2927 incompatibili
2207 2855 2674 2923 condolcntiteque
2733 2860 2957 2922 experte
3021 2853 3311 2906 affectione

57 2942 157 3012 τὴν
195 2941 418 3010 ἀγάπην
447 2941 796 3004 ἐντίκτοντος.
829 2940 1035 2993 Ούκοῦν
1059 2942 1204 2994 ἐστιν
1237 2941 1264 2992 6
1288 2939 1450 3003 ἔλεος,
1479 2939 1516 2992 ὦ

1852 2947 2143 3011 :rminata,
2202 2962 2311 3001 una
2372 2947 2530 3015 plane
2587 2944 2899 3013 ejicientur,
2962 2943 3128 2998 veluti
3188 2959 3311 2997 cum

57 3036 86 3086 6
112 3031 274 3100 λόγος
299 3031 596 3098 ὑπέδειξεν,
623 3033 834 3093 εὐνοίας
860 3031 1063 3102 πατὴρ,
1099 3031 1318 3099 ἀγάπης
1367 3031 1642 3102 ἐνέχυρον,

58 3123 367 3192 σύνδεσμος
408 3123 586 3192 πάσης
621 3123 838 3192 φιλικῆς
875 3123 1198 3186 διαθέσεωςο
1236 3123 1335 3192 τῆς
1377 3121 1434 3175 δὲ
1473 3123 1647 3190 ἀσφα-

57 3213 216 3276 λείας
251 3210 475 3282 ταύτης,
509 3211 562 3263 τί
596 3210 660 3264 ἂν
695 3212 1003 3282 ἐπινοηθείη
1045 3213 1185 3266 κατὰ
1223 3212 1321 3284 τὴν
1351 3212 1494 3282 ζωὴν
1521 3214 1646 3282 ὀχυ-

61 3303 308 3374 ρώτερον
331 3317 346 3366 ;
375 3302 535 3354 Ὥστε
555 3301 778 3365 εἰκότως
809 3303 836 3353 6
861 3302 1031 3371 Λόγος
1057 3303 1348 3374 μακαρίζει
1377 3304 1469 3356 τὸν
1490 3301 1645 3374 ἐλεή-

60 3409 229 3463 μονα,
259 3391 525 3445 τοσούτων
553 3391 771 3461 ἀγαθῶν
813 3392 889 3464 τῷ
927 3393 1148 3464 ὀνόματι
1184 3394 1359 3463 τούτῳ
1391 3396 1647 3465 ἐμφαινοά

62 3484 270 3554 μένων.
315 3483 476 3537 Ἀλλά
502 3484 560 3536 τὸ
597 3483 694 3554 μὲν
735 3483 968 3554 βιωφελῆ
1007 3486 1105 3554 τὴν
1133 3484 1389 3556 τοιαύτην
1419 3485 1650 3554 συμϐου-

54 3575 165 3647 λὴν
191 3570 355 3638 εἶναι,
397 3575 595 3638 παντός
635 3577 748 3628 ἐστι
801 3575 874 3645 μὴ
924 3575 1220 3645 ἀγνοῆσαι⁸
1255 3577 1378 3645 ἐμοὶ
1413 3577 1470 3629 δὲ
1504 3576 1651 3628 δοκεῖ

59 3666 234 3718 πλέον
261 3684 316 3719 τι
352 3666 460 3720 τῶν
499 3668 562 3719 ἐκ
599 3666 692 3720 τοῦ
738 3666 1023 3736 προχείρου
1078 3666 1400 3736 νοουμένων.
1445 3668 1512 3737 τῇ
1553 3664 1648 3719 τοῦ

63 3752 363 3826 μέλλοντος
411 3757 633 3829 ἐκλήψει
704 3758 770 3811 δι’
821 3758 1147 3833 ἀπορρήτων
1212 3757 1555 3829 παραδηλοῦν
1615 3759 1649 3829 ὴ

57 3845 299 3900 διάνοια.
325 3846 613 3916 Μακάριοι
632 3849 760 3921 γὰρ,
779 3848 962 3919 φησὶν,
987 3852 1040 3903 οἰ
1061 3849 1403 3918 ἐλεήμονες·
1431 3849 1517 3902 ὅτι
1550 3851 1650 3903 αὺ-

1747 3054 1909 3108 prava
1944 3039 2178 3108 quadam
2235 3038 2439 3099 radice,
2473 3037 2638 3091 etiam
2695 3035 3012 3089 vitiositatis
3043 3035 3311 3105 germina.

1744 3130 1803 3185 In
1857 3132 2038 3186 locum
2090 3140 2271 3185 autem
2312 3137 2689 3198 exemplorum
2733 3129 3000 3183 malorum
3058 3127 3316 3182 succedet

1744 3222 2016 3277 bonorum
2037 3231 2276 3289 caterva,
2309 3237 2436 3290 pax,
2467 3229 2520 3276 et
2542 3221 2777 3289 justitia,
2797 3219 3082 3288 omnisque
3103 3233 3313 3280 eorum,

1751 3329 1871 3384 quae
1907 3315 1960 3368 in
2002 3314 2284 3368 meliorem
2333 3321 2542 3382 partem
2583 3311 2980 3381 intelliguntur,
3024 3310 3316 3365 comitatus

1745 3411 1906 3470 atque
1955 3402 2199 3471 sequela.
2263 3399 2406 3468 Quid
2460 3400 2626 3470 igitur
2677 3400 2850 3469 magis
2902 3400 3119 3455 beatum
3155 3399 3318 3453 fuerit

1743 3491 2126 3561 iudicandum,
2167 3508 2328 3563 quam
2380 3493 2422 3547 si
2458 3491 2529 3544 ita
2557 3490 2792 3555 vivatur,
2830 3500 2887 3544 ut
2938 3505 3046 3544 non
3084 3491 3318 3560 amplius

1744 3583 1990 3638 vectibus
2029 3592 2084 3638 et
2133 3583 2410 3653 lapidibus
2440 3583 2563 3637 vita:
2594 3590 2796 3636 nostrae
2827 3581 3096 3636 securitas
3123 3580 3316 3634 creda-

1745 3681 1855 3737 tur,
1893 3675 1986 3728 sed
2022 3673 2228 3727 mutuis
2257 3673 2446 3727 officiis
2477 3672 2670 3726 muniti
2703 3671 2919 3727 simus?
2966 3671 3320 3741 quemadmo-

1748 3765 1876 3820 dum
1911 3763 2057 3818 enim
2093 3763 2317 3819 immitis
2347 3773 2400 3818 et
2423 3764 2681 3820 efferatus
2714 3762 2955 3818 infensos
2983 3771 3038 3817 et
3067 3762 3319 3816 inimicos

1745 3855 1924 3912 eﬂ'ccit
1981 3869 2116 3918 eos,
2178 3854 2272 3924 qui
2329 3853 2606 3912 feritatem
2662 3865 2826 3925 atque
2873 3853 3136 3909 saavitiam
3199 3853 3319 3921 ejus

57 3936 159 3991 τοί
199 3937 676 4007 ἐλεηθήσονταιο
719 3941 795 4004 ὼς
853 3940 1076 4010 ὕστερον
1124 3940 1489 4011 ἀποκειμένης

1860 3948 1952 4002 erti
2007 3947 2161 4002 sint:
2210 3946 2291 4000 sic
2341 3961 2407 4000 ex
2471 3949 2751 4002 contrario
2803 3947 3080 4002 misereuti
3128 3959 3319 3998 omnes

58 4028 286 4080 ἐλεοῦσι
319 4029 420 4098 τῆς
456 4030 596 4084 κατὰ
623 4031 713 4086 τὸν
746 4032 890 4085 ἔλεον
924 4031 1260 4095 ἀντιδόσεως.

1862 4033 1995 4086 evoli
2053 4031 2351 4096 efﬁcimur,
2414 4033 2794 4090 misericordia
2865 4033 3321 4105 partieipantibus

57 4119 426 4175 dilectionem
493 4123 819 4177 naturaliter
866 4122 1238 4192 ingenerante.
1291 4123 1436 4192 Ergo
1498 4120 1899 4185 misericordia,
1938 4130 1998 4177 ut
2059 4122 2306 4177 definitio
2341 4125 2562 4194 quidem
2633 4126 2892 4188 ostendit.
2933 4124 3324 4180 benevolentia

61 4221 253 4265 mater
300 4220 418 4277 est,
478 4213 790 4269 dilectionis
860 4214 1077 4284 pignus,
1136 4215 1419 4268 vinculum
1478 4213 1657 4268 onmis
1733 4214 1923 4269 amicae
1986 4213 2327 4268 ali'eetionis:
2371 4215 2474 4268 hac
2512 4231 2644 4270 vero
2673 4219 2926 4272 cautione
2973 4225 3133 4285 atque
3167 4229 3323 4268 secua

60 4302 259 4366 ritate,
279 4305 484 4372 quidin
514 4305 626 4358 vita
659 4306 865 4360 firmius
887 4313 940 4360 et
960 4306 1132 4360 tutius
1169 4306 1465 4376 excogitari
1505 4306 1736 4376 'possit?
1774 4305 1958 4376 Itaque
2018 4306 2213 4361 merito
2276 4303 2514 4359 Verbum
2544 4348 2559 4370 ,
2630 4307 3038 4362 misericordem
3106 4309 3322 4362 beatum

57 4394 309 4461 judicat,
340 4411 464 4450 cum
498 4404 575 4450 tot
618 4396 672 4450 in
730 4396 831 4450 hoc
882 4397 1104 4451 nomine
1180 4396 1321 4450 bona
1365 4402 1683 4467 appareant.
1759 4395 2026 4452 Caeterum
2078 4394 2223 4465 quod
2275 4393 2382 4448 hoc
2432 4394 2649 4463 quidem
2703 4397 2995 4450 consilium
3051 4397 3174 4450 vitze
3216 4411 3326 4448 non

63 4485 278 4540 inutile
328 4486 436 4554 sit,
497 4487 744 4556 cujusvis
801 4496 881 4542 est
952 4487 1095 4540 haud
1163 4486 1461 4557 ignorare:
1520 4485 1656 4540 mihi
1698 4495 1880 4542 autem
1911 4487 2116 4557 aliquid
2147 4484 2404 4554 amplius,
2429 4498 2590 4551 quam
2620 4499 2704 4546 ea,
2736 4499 2856 4553 qua:
2914 4486 3087 4554 prima
3150 4484 3329 4539 fronte

64 4576 484 4649 intelliguntur,
516 4580 868 4649 cxpressione
896 4579 1158 4649 temporis
1191 4578 1361 4632 futuri
1389 4578 1658 4634 sententia
1733 4593 1830 4648 per
1901 4591 2102 4632 arcana
2153 4577 2384 4632 innuere
2437 4574 2671 4631 videtur.
2727 4575 2881 4630 Beati
2913 4573 3082 4638 enim,
3128 4579 3326 4648 inquit,

67 4673 483 4739 misericordes,
528 4674 779 4742 quoniam
835 4673 938 4740 ipsi
997 4672 1418 4726 misericordiam
1472 4680 1897 4741 consequentur;
1931 4672 2089 4742 quasi
2118 4673 2172 4727 in
2243 4679 2521 4744 posterum
2578 4669 2859 4724 recondita
2920 4672 3311 4729 miserantibus

66 4764 480 4822 misericm-dire
508 4763 967 4818 remuneratione.

142 4853 363 4908 Οὓκοῦν
401 4855 478 4917 ὡς
518 4853 584 4906 ἂν
626 4847 728 4906 οἶοί
769 4868 828 4905 τε
859 4845 1007 4921 ὦμεν
1035 4852 1130 4921 τὴν
1159 4850 1423 4923 εὔληπτον
1454 4849 1601 4904 ταύτ1

1872 4848 1976 4918 lrgo
2002 4860 2162 4919 prout
2181 4849 2482 4919 poterimus
2498 4849 2704 4904 omisso
2725 4847 2829 4902 hoc
2851 4845 2997 4902 facili
3027 4850 3331 4922 intellectu,

61 4948 170 5002 καί¹
220 4949 290 5000 ἐκ
344 4945 438 4999 τοῦ
503 4945 790 5016 προχείρου
837 4947 947 5008 τοῖς
997 4944 1211 5007 πολλοῖς
1267 4945 1520 5014 εὑρισκομ

1891 4947 2140 5010 prompte
2165 4942 2450 5012 primoque
2481 4948 2704 5011 aspectu
2742 4955 2772 4993 a
2815 4939 2975 5009 vulgo
3007 4944 3329 5011 percipitur,

62 5035 477 5098 καταλιπόντες
504 5034 759 5100 διάνοιαν,
789 5035 924 5107 πρὸς
961 5033 1022 5086 τὸ
1064 5033 1326 5105 ἐσώτερον
1362 5033 1455 5086 τοῦ
1491 5051 1521 5085 κ

1876 5033 2034 5086 telum
2081 5033 2335 5097 interius,
2370 5032 2584 5087 ratione
2618 5047 2718 5102 pro
2767 5031 2976 5086 viribus
3019 5036 3335 5102 prospicere

65 5127 433 5197 πετάσματος
465 5124 836 5196 διακύψαι,τῷ
877 5125 1019 5195 λόγῳ
1064 5123 1203 5177 κατά
1228 5123 1288 5176 τὸ
1319 5123 1524 5176 δυνατδη

1872 5137 2046 5177 emur.
2095 5122 2251 5177 Beati
2289 5124 2658 5178 misericordes
2686 5164 2700 5187 ,
2737 5123 2985 5193 quoniam
3035 5124 3136 5191 ipsi
3169 5126 3331 5178 mise-

62 5222 447 5291 χειρήσωμεν.
466 5216 753 5286 Μακάριοι
778 5219 831 5270 οἱ
849 5216 1192 5284 ἐλεήμονες,
1206 5215 1290 5267 ὅτι
1316 5213 1521 5268 αύτοίὲ

1878 5213 2050 5268 rdiam
2083 5225 2480 5286 consequentur.
2512 5215 2631 5270 Jam
2659 5232 2790 5271 vero
2821 5223 3024 5270 certam
3053 5217 3334 5270 stabilem-

63 5311 393 5377 θήσονται.
435 5309 590 5362 Ἔστι
621 5308 717 5379 μὲν
745 5305 836 5361 οὖν
867 5325 920 5361 τι
965 5309 1058 5360 καὶ
1089 5307 1369 5376 δογμάτων
1395 5305 1522 5376 ὕψη]

1888 5308 2212 5361 sententiam
2239 5308 2528 5376 quamdam
2550 5315 2604 5361 et
2637 5307 3007 5363 sublimiorem
3029 5308 3333 5362 doctrinam

62 5417 166 5470 ρον
226 5401 289 5452 ἐν
328 5397 408 5467 τῷ
453 5397 594 5466 λόγῳ
636 5397 853 5466 μαθεῖν·
906 5397 987 5449 ὅτι
1033 5396 1248 5450 πάντων
1297 5393 1518 5461 ἀγαθῶν

1893 5399 2006 5451 hmo
2038 5398 2201 5452 verba
2231 5397 2444 5453 discere
2477 5399 2642 5463 licet;
2672 5401 2818 5470 quod
2867 5400 3126 5453 nimirum
3164 5398 3209 5452 is
3241 5396 3338 5466 qui

60 5488 339 5562 ἀφορμὰς
365 5491 395 5541 6
424 5490 542 5541 κατ’
564 5489 748 5541 εἰκόνα
777 5487 968 5540 ἑαυτοῦ
989 5488 1220 5557 ποιήσας
1248 5485 1336 5538 τὸν
1357 5484 1519 5554 ἄνθρυ

1877 5499 1918 5541 La
1986 5489 2071 5542 sui
2143 5488 2434 5557 imaginem
2506 5488 2779 5543 hominem
2855 5490 3025 5553 fecit,
3089 5489 3336 5544 omnium

59 5584 134 5653 τῇ
173 5580 347 5652 φύσει
375 5580 467 5633 τοῦ
503 5578 813 5648 πλάσματος
850 5575 1158 5643 ἐναπέθετο,
1195 5575 1270 5639 ὡς
1327 5574 1491 5647 μηδὲν

1873 5595 2038 5636 torum
2093 5580 2354 5635 materias
2404 5588 2564 5648 atque
2608 5578 2854 5636 subsidia
2900 5580 2956 5634 in
3001 5589 3219 5651 natura_
3244 5576 3332 5634 sui
