3690 5986
368 139 506 190 1255

1561 134 1619 190 S.
1657 128 1986 189 GBEGORll
2024 128 2311 188 NYSSENI

3485 134 3608 188 193,6

365 249 548 320 operis
579 248 918 320 deposuerit,
946 259 1007 306 ut
1037 252 1187 307 nulla
1217 266 1307 308 res
1339 251 1482 308 bona
1515 259 1679 321 atque
1708 250 1822 304 honi

2178 250 2357 305 καλῶν
2400 250 2595 316 ἔξωθεν
2628 251 3087 323 ὲπεισκρίνεσθαι,
3124 252 3237 304 ἀλλ’
3268 253 3349 320 ἐφ’
3379 253 3511 320 ἡμῖν
3544 245 3607 300 εἷ·

364 342 708 397 extrinsecus
745 343 800 396 in
855 359 954 399 nos
996 359 1054 399 se
1100 345 1316 413 ingerat
1345 352 1400 399 et
1442 343 1708 407 insinuet,
1744 341 1839 397 sed
1879 340 1935 394 in

366 438 634 499 potestate
679 439 865 486 nostra
901 434 992 498 sit,
1049 442 1109 487 ut
1139 434 1458 498 habeamus,
1500 433 1645 503 quod
1680 432 1932 496 velimus.

367 529 622 590 tanquam
673 537 740 577 ex
801 523 936 578 cella
996 524 1230 593 quadam
1271 526 1558 594 penuaria,
1613 540 1681 580 ex
1741 533 1937 578 natura

364 611 566 664 bonum
603 623 958 682 promentes;
1000 631 1096 685 per
1126 616 1425 686 singularia
1473 616 1619 670 enim
1662 625 1713 672 et
1762 616 1937 686 parti-

365 706 572 758 cnlaria
609 707 675 761 de
721 708 1124 763 universalibus
1157 709 1441 772 docemur,
1479 709 1622 778 quod
1675 724 1784 762 non
1830 708 1937 761 alia

365 797 578 850 ratione
607 799 767 866 potiri
796 801 922 868 quis
971 800 1146 869 possit
1183 815 1399 863 eorum,
1446 815 1568 869 quae
1615 799 1788 868 cupit,
1831 798 1937 852 nisi

367 889 486 958 ipse
515 891 619 944 sibi
671 892 869 946 bonum
925 893 1228 963 largiatur:
1278 896 1630 964 quamobrem
1676 892 1938 948 Dominus

367 982 566 1036 alicubi
595 983 726 1036 dicit
754 985 818 1038 ad
849 986 1128 1040 auditores
1157 985 1224 1048 ³³,
1255 984 1488 1054 Regnum
1518 984 1616 1038 Dei
1674 985 1816 1038 intra
1850 1000 1937 1038 vos

367 1084 478 1130 est:
527 1083 601 1134 et,
651 1075 958 1144 Quicunque
1010 1078 1160 1144 petit,
1193 1079 1434 1146 accipit:
1487 1085 1538 1130 et
1590 1077 1681 1146 qui
1727 1077 1937 1144 quaerit,

367 1165 602 1227 invenit;
649 1174 696 1217 et
731 1167 968 1233 pulsanti
1026 1169 1289 1234 aperietur
1313 1169 1393 1234 ³³;
1444 1177 1504 1222 ut
1549 1175 1602 1222 et
1636 1166 1939 1235 accipiendi

367 1255 513 1323 quod
565 1254 926 1320 desideretur,
975 1264 1030 1311 et
1081 1258 1394 1313 inveniendi
1441 1258 1584 1326 quod
1633 1269 1932 1328 quaeratur,

367 1354 421 1399 et
455 1345 766 1400 introeundi
815 1361 923 1415 quo
973 1349 1281 1417 cupiamus,
1322 1365 1490 1419 penes
1542 1365 1644 1404 nos
1694 1358 1939 1419 potestas

367 1437 483 1500 sit,
523 1445 576 1491 et
624 1451 654 1490 a
701 1447 894 1492 nostro
926 1439 1158 1506 pendeat
1195 1441 1448 1506 arbitrio,
1505 1457 1631 1495 cum
1688 1442 1936 1496 velimus.

371 1529 523 1585 Unde
575 1546 671 1600 per
727 1546 1071 1600 consequens
1135 1531 1300 1584 simul
1357 1531 1623 1599 probatur
1669 1533 1832 1585 etiam
1886 1529 1937 1584 id

366 1623 513 1692 quod
545 1638 613 1676 ex
652 1625 930 1676 contrario
965 1622 1306 1692 intelligitur,
1329 1623 1473 1692 quod
1489 1624 1746 1677 nimirum
1774 1622 1938 1678 etiam

368 1712 655 1766 inclinatio
686 1719 847 1781 atque
877 1713 1170 1781 propensio
1213 1712 1268 1766 in
1313 1714 1516 1767 malum
1565 1715 1715 1767 nulla
1751 1729 1942 1769 neces-

368 1804 530 1858 sitate
553 1804 901 1858 extrinsecus
927 1803 1231 1872 expellente
1263 1804 1589 1861 innascitur.
1637 1805 1733 1860 sed
1777 1804 1941 1860 simul

368 1903 528 1962 atque
565 1895 982 1963 sumpserimus,
1004 1894 1204 1948 malum
1228 1895 1500 1958 subsistit,
1523 1895 1725 1949 tuncin
1758 1910 1940 1949 rerum

367 1993 618 2037 naturam
649 1988 994 2053 proveniens,
1013 2000 1136 2038 cum
1156 1987 1558 2056 sumpserimus
1581 2005 1596 2052 ;
1629 1997 1785 2042 extra
1809 2001 1942 2041 vero

367 2075 696 2129 destinatam
731 2076 896 2130 animi
931 2077 1266 2132 voluntatem
1313 2078 1492 2147 ipsum
1529 2091 1626 2146 per
1663 2093 1786 2133 sese
1825 2092 1942 2131 ma-

368 2165 478 2219 lum
497 2166 798 2221 secundum
814 2167 1087 2236 propriam
1105 2169 1468 2223 substantiam
1489 2183 1758 2238 nusquam
1776 2169 1940 2223 situm

366 2258 659 2326 reperitur.
707 2256 782 2310 Ex
817 2257 904 2312 his
935 2267 1117 2313 autem
1155 2260 1349 2324 libera,
1395 2260 1575 2329 plena,
1620 2276 1943 2330 summaque

367 2353 630 2416 potestas,
661 2362 823 2417 quam
872 2347 926 2402 in
961 2355 1158 2402 natura
1217 2347 1480 2404 Dominus
1517 2357 1727 2403 naturze
1774 2349 1941 2404 fabri-

367 2445 527 2494 catus
580 2447 684 2504 est,
733 2447 922 2508 aperte
963 2439 1370 2496 demonstratur
1404 2458 1418 2495 :
1459 2451 1748 2511 pr0pterea
1792 2439 1942 2510 quod

369 2531 576 2598 omnia,
624 2532 737 2587 sive
768 2533 930 2596 bona,
969 2533 1083 2588 sive
1117 2532 1256 2586 mala
1283 2533 1414 2596 sint,
1446 2548 1512 2587 ex
1546 2542 1738 2588 nostra
1769 2531 1943 2588 libera

368 2623 650 2678 voluntate
691 2623 1036 2693 dependent;
1091 2633 1146 2678 et
1194 2623 1340 2693 quod
1378 2623 1625 2678 divinum
1671 2623 1939 2692 judicium

367 2719 685 2787 incorrupta
737 2718 996 2787 justaque
1047 2717 1320 2772 sententia
1393 2731 1630 2785 sequens
1687 2730 1772 2779 ea,
1821 2728 1944 2784 quae

363 2808 520 2877 juxta
561 2807 898 2876 propositum
947 2812 1194 2859 nostrum
1235 2805 1526 2859 commissa
1560 2818 1624 2858 ac
1657 2803 1942 2874 designata

2035 359 2124 394 ναι
2151 342 2287 413 ὅπερ
2311 343 2630 413 βουλόμεθα,
2663 339 2774 396 οἷον
2805 347 2870 397 ὲκ
2913 343 3134 413 ταμείου
3169 341 3314 404 τινὸς
3340 357 3605 412 προχειρι-

2036 435 2295 504 ζομένους
2323 437 2384 489 τὸ
2412 437 2612 505 ἀγαθὸν
2641 438 2704 489 ἐκ
2739 436 2838 506 τῆς
2869 440 3112 504 φύσεως·
3146 434 3254 486 ἀπὸ
3286 433 3486 502 μέρους
3515 431 3606 500 γὰρ

2037 530 2164 602 περὶ
2211 529 2306 582 τοῦ
2345 529 2543 592 παντὸς
2577 528 2957 598 διδασκόμεθα,
2986 529 3067 580 ὅτι
3112 527 3212 579 οὐκ
3259 525 3407 598 ἔστιν
3452 523 3607 585 ἄλλως

2036 621 2156 675 τινὰ
2185 621 2291 674 τῶν
2328 624 2449 674 κατ’
2482 621 2775 690 ἐπιθυμίαν
2804 622 3006 689 τυχεῖν,
3041 619 3114 689 μὴ
3151 619 3314 671 αὑτὸν
3354 615 3530 684 ἑαυτῷ
3558 615 3609 666 τὸ

2038 710 2242 778 ἀγαθὸν
2269 711 2654 782 χαριζόμενον·
2679 709 2759 761 διό
2793 711 2924 778 φησί
2950 724 3053 760 που
3081 708 3212 777 πρὸς
3240 707 3366 768 τοὺς
3399 705 3609 757 ἀκούον·

2035 817 2135 866 τας
2178 803 2208 855 ό
2257 803 2481 873 Κύριος,
2528 802 2609 854 ὅτι
2653 801 2725 854 Ἦ
2759 800 3049 863 ,βασιλεία
3096 798 3202 851 τοῦ
3259 796 3409 851 Θεοῦ
3451 798 3609 861 ἐντιῖς

2037 884 2208 960 ὑμῶν
2237 885 2431 940 ἐστιν·
2455 893 2568 948 καὶ,
2590 890 2671 942 ὃτι
2710 887 2835 954 Πᾶς
2877 892 2910 942 ό
2959 889 3140 942 αὶτῶν
3169 887 3482 956 λαμϐάνει,
3521 888 3606 939 καὶ

2037 984 2072 1036 ὁ
2108 979 2294 1049 ζητῶν
2329 982 2593 1049 εὑρίσκει
2613 1021 2628 1045 ,
2659 980 2759 1034 καὶ
2785 979 2866 1044 τῷ
2894 981 3168 1048 κρούοντι
3203 978 3603 1046 ἀνοιγήσεται·

2036 1074 2112 1137 ὼς
2145 1076 2237 1128 καὶ
2279 1074 2338 1126 τὸ
2384 1074 2566 1128 λαϐεῖν
2615 1073 2673 1126 τὸ
2707 1073 3060 1142 ποθούμενον,
3102 1072 3192 1124 καὶ
3225 1070 3287 1122 τὸ
3338 1071 3520 1140 εὑρεῖν
3557 1069 3608 1121 τὸ

2039 1166 2387 1238 ζητούμενον,
2425 1167 2518 1220 κιιι)⁸
2551 1166 2610 1219 τὸ
2661 1165 2810 1228 ἐντὸς
2841 1164 2947 1218 τῶν
2987 1163 3440 1232 ὲπιθυμουμένων
3470 1161 3608 1228 γενέ-

2040 1261 2182 1323 σθαι,
2211 1262 2292 1327 ἐφ’
2320 1261 2450 1330 ἡμῖν
2479 1255 2616 1312 εἶναι
2647 1260 2773 1311 ὅταν
2807 1255 3137 1326 βουλώμεθα,
3170 1255 3263 1306 καὶ
3290 1253 3396 1323 τῆς
3424 1249 3608 1322 ἡμετὲ-

2043 1371 2140 1424 ρας
2165 1352 2493 1425 ἐξηρτῆσθαι
2521 1349 2764 1420 γνώμης.
2791 1343 2862 1418 ’ᾫ
2895 1346 3036 1400 κατὰ
3067 1346 3126 1398 τὸ
3151 1343 3449 1397 ἀκόλουθον
3495 1361 3610 1410 συγ-

2040 1443 2526 1507 κατασκευάζεται,
2562 1444 2655 1494 καὶ
2699 1441 2759 1494 τὸ
2808 1440 2866 1506 ἐξ
2913 1437 3156 1494 ἐναντίου
3188 1437 3500 1506 νοούμενον,
3538 1438 3607 1490 ὅτι

2040 1539 2190 1608 καὶὴ
2224 1536 2358 1608 πρὸς
2387 1535 2446 1588 τὸ
2472 1537 2653 1606 χεῖρον
2695 1533 2856 1604 ῥοπὴ,
2901 1535 3168 1603 μηδεμιᾶς
3205 1533 3406 1599 ἔξωθεν
3439 1530 3606 1601 βιαζο⁵

2045 1633 2210 1702 μένης
2251 1628 2496 1696 ἀνάγκης
2543 1625 2836 1694 ἐγγίνεται,
2881 1625 2995 1678 ἀλλ’
3033 1623 3168 1695 ὁμοῦ
3211 1625 3270 1677 τὸ
3314 1624 3531 1677 ἑλέσθαι
3557 1622 3608 1676 τδ

2040 1722 2228 1783 κακὸν,
2273 1719 2580 1788 ὑφίσταται,
2625 1717 2744 1770 τότε
2783 1718 2862 1779 είς
2899 1717 3110 1784 γένεσιν
3158 1716 3604 1787 παραγενόμενον.

2039 1816 2162 1868 ὅταν
2196 1811 2476 1881 ἑλώμεθα·
2509 1809 2640 1863 αὐτὸ
2677 1809 2733 1860 δὲ
2778 1809 2860 1876 ἐφ’
2901 1806 3092 1860 ἑαυτοῦ
3143 1808 3264 1859 κατ’
3306 1806 3448 1859 ἰδίαν
3487 1807 3605 1860 ὑπό·

2043 1922 2227 1959 στασιν
2262 1903 2365 1968 ἔξω
2399 1901 2786 1972 προαιρέσεως,
2815 1893 3050 1968 οὐδαμοῦ
3084 1896 3144 1950 τὸ
3179 1899 3350 1951 κακὸν
3376 1897 3606 1966 εὑρίσκε-

2039 2014 2128 2050 ται
2147 1995 2414 2064 κείμενον.
2441 1993 2534 2045 Ἐκ
2561 1992 2618 2044 δὲ
2645 1990 2847 2044 τούτων
2876 1989 2907 2058 ἠ
2929 1989 3266 2059 αὐτοκρατὴς
3285 2004 3350 2040 τε
3378 1987 3472 2040 καὶ
3492 1987 3604 2040 αὑτ-

2041 2086 2278 2151 εξούσιος
2305 2084 2552 2154 δύναμις,
2582 2083 2648 2153 ἢν
2676 2082 3059 2152 ὲνετεκτήνατο
3086 2083 3151 2150 τῇ
3190 2080 3352 2149 φύσει
3395 2079 3500 2132 τῶν
3529 2079 3608 2132 ἀν-

2041 2177 2272 2248 θρώπων
2315 2177 2342 2229 ὁ
2379 2176 2478 2245 τῆς
2503 2174 2717 2242 φύσεως
2752 2171 2975 2242 Κύριος,
3007 2171 3192 2240 σαφῶς
3231 2171 3606 2236 ἐπιδείκνυται,

2040 2269 2128 2322 διὰ
2161 2266 2252 2321 τοῦ
2285 2266 2460 2322 πάντα
2495 2265 2595 2334 τῆς
2622 2255 2992 2334 προαιρέσεως
3019 2263 3114 2332 τῆς
3142 2262 3426 2334 ἡμετέρας
3455 2262 3606 2332 ἠρτῆ-

2044 2360 2186 2422 σθαι,
2217 2361 2324 2412 εί¹τε
2355 2356 2558 2425 ἀγαθὰ,
2592 2354 2701 2408 εἴτε
2729 2355 2944 2425 χείρονα
2965 2371 2977 2384 ·
3011 2353 3107 2424 τὴν
3147 2354 3203 2406 δὲ
3253 2354 3408 2408 θείαν
3447 2355 3607 2425 κρίσιν

2041 2451 2318 2521 ἀδεκάστῳ
2355 2448 2449 2502 καὶ
2485 2447 2677 2516 δικαίῳ
2714 2445 2880 2516 ψήφῳ
2909 2445 3010 2515 τῆς
3045 2444 3184 2499 κατὰ
3222 2445 3318 2516 τὴν
3351 2446 3607 2516 ἡμετέραν

2042 2542 2296 2615 πρόθεσιν
2339 2539 2631 2610 ἑπομένην,
2672 2539 2847 2592 ἐκεῖνο
2889 2537 3072 2607 νέμειν
3120 2537 3361 2607 ἑκάστῳ,
3393 2539 3523 2608 ὅπερ
3552 2536 3607 2588 ἂν

2042 2633 2218 2703 ἐαυτῷ
2258 2650 2339 2695 τις
2381 2629 2751 2701 παρεχόμενος
2801 2627 2966 2699 τύχῃ·
2999 2631 3110 2691 τοῖς
3151 2628 3268 2697 μὲν,
3309 2627 3495 2690 καθώς
3521 2645 3607 2696 φη-

2044 2741 2128 2776 σιν
2154 2725 2182 2776 ὁ
2215 2721 2552 2783 Ἀπόστολος,
2585 2717 2704 2770 καθ’
2733 2717 3006 2785 ὑπομονὴν
3031 2715 3196 2788 ἔργου
3225 2715 3434 2784 ἀγαθοῦ
3469 2715 3605 2779 δόξαν

2043 2813 2138 2866 καὶ
2169 2813 2333 2882 τιμὴν
2361 2809 2601 2880 ζητοῦσι,
2631 2809 2774 2878 ζωὴν
2807 2807 3022 2861 αἰώνιον
3041 2825 3055 2838 ·
3095 2810 3208 2870 τοῖς
3240 2807 3298 2860 δὲ
3341 2809 3607 2861 ἀπειθοῦσι

370 2901 504 2961 εἰηι,
541 2899 739 2968 cuique
773 2899 965 2952 tribuit
1016 2897 1070 2951 id
1131 2897 1276 2967 quod
1319 2898 1444 2967 quis
1488 2897 1595 2952 sibi
1644 2897 1760 2967 ipse
1806 2896 1827 2948 f

2177 2905 2244 2972 τῇ
2276 2899 2521 2970 ἀληθείᾳ,
2551 2897 2891 2967 πειθομένοις
2922 2897 2978 2949 δὲ
3003 2899 3067 2967 τῇ
3102 2897 3306 2967 ἀδικίᾳ,
3330 2899 3504 2969 ὀργὴν
3529 2898 3608 2951 καὶ

370 2989 685 3058 praestiterit
718 3008 730 3041 :
766 2989 851 3042 his
878 2987 1253 3056 quidem,qui,
1276 2999 1332 3042 ut
1355 2988 1850 3058 inquitApostolus
1867 2985 1934 3050 “,

373 3084 790 3147 perseverantes
822 3076 877 3129 in
912 3077 1055 3130 bono
1105 3091 1269 3144 Opere
1309 3079 1538 3146 gloriam
1582 3085 1637 3131 et
1676 3077 1939 3130 honorem

370 3173 647 3237 quaerunt.
679 3167 844 3220 vitam
872 3176 1166 3233 aeternam;
1193 3167 1260 3220 iis
1299 3181 1429 3222 vero
1457 3166 1550 3235 qui
1581 3167 1802 3219 veritati
1827 3179 1938 3219 non

371 3260 772 3328 obtemperant,
803 3256 897 3313 sed
915 3252 1196 3322 iniustitia:
1222 3271 1425 3311 morem
1449 3263 1664 3326 gerunt,
1681 3257 1941 3322 iram,af-

369 3349 664 3404 ﬂictionem
703 3356 758 3402 et
801 3347 986 3402 omnia
1029 3360 1371 3417 quaecunque
1402 3347 1627 3402 nomina
1671 3348 1738 3403 ad
1782 3363 1941 3404 acer-

371 3441 497 3496 bam
537 3451 590 3496 et
623 3441 837 3496 tristem
889 3441 1162 3509 pertinent
1203 3440 1643 3496 retributionem.
1671 3440 1945 3508 Quemad-

371 3533 591 3589 modum
619 3531 762 3587 enim
813 3531 948 3586 artis
999 3538 1224 3597 exactae,
1279 3530 1474 3600 proba,
1520 3546 1648 3584 vera
1685 3539 1944 3601 certaque

372 3625 614 3695 specula,
653 3625 790 3678 tales
825 3623 1070 3678 vultuum
1112 3621 1412 3678 ostendunt
1449 3620 1674 3692 eﬂigies,
1726 3623 1945 3692 quales-

372 3731 590 3786 cunque
621 3715 724 3785 ipsi
765 3716 948 3770 vultus
983 3715 1114 3777 sint,
1147 3715 1349 3767 hilares
1385 3713 1605 3783 quidem
1647 3712 1937 3778 alacrium,

372 3807 597 3862 demissi
637 3815 837 3872 autem,
865 3806 1082 3862 obscuri
1115 3813 1168 3860 et
1209 3805 1467 3859 inamoani
1506 3805 1853 3860 mmrentium
1881 3819 1946 3860 ac

373 3899 728 3964 tetricorum;
762 3913 863 3952 nec
903 3897 1110 3966 speculi
1156 3904 1407 3950 naturam
1461 3895 1660 3965 aliquis
1723 3897 1944 3965 culpare

382 3991 587 4062 possit,
635 3991 681 4044 si
729 3997 869 4044 tetra
919 3996 973 4042 et
1019 3989 1292 4041 inamoena
1337 3993 1725 4056 repraesentata
1782 3986 1946 4042 fuerit

377 4081 602 4151 elligies,
629 4079 918 4150 principali
953 4077 1130 4132 forma
1172 4085 1397 4148 propter
1439 4092 1732 4132 maerorem
1779 4077 1946 4131 colla-

378 4188 476 4243 psa
507 4190 520 4227 :
549 4172 623 4225 ita
663 4171 872 4239 justum
911 4184 1130 4239 quoque
1164 4167 1259 4222 Dei
1318 4167 1586 4237 judicium
1625 4167 1834 4222 nostris
1871 4165 1946 4219 af-

2044 2994 2244 3063 θλίψιν,
2286 2992 2378 3044 καὶ
2428 2991 2604 3044 πάντα
2653 2989 2751 3041 ὅσα
2788 2991 2888 3058 τῆς
2936 2987 3264 3057 σκυθρωπῆς
3305 2988 3608 3050 ἀντιδόσεώς

2043 3087 2191 3138 ἐστιν
2217 3083 2474 3153 ὀνόματα.
2501 3082 2712 3150 Ὥσπερ
2733 3080 2842 3149 γὰρ
2861 3078 2930 3132 τὰ
2949 3079 3148 3149 ἀκριϐῆ
3170 3078 3278 3132 τῶν
3299 3081 3608 3150 κατόπτρων

2043 3174 2295 3236 τοιαύτας
2344 3173 2579 3225 δείκνυσι
2629 3170 2728 3234 τὰς
2787 3170 2896 3223 τῶν
2952 3170 3258 3241 προσώπων
3319 3172 3608 3242 ἐμφάσεις,

2044 3261 2132 3320 οἶά
2160 3283 2264 3335 περ
2305 3264 2370 3318 ἂν
2406 3264 2474 3316 τὰ
2511 3262 2776 3334 πρόσωπα
2807 3257 2863 3334 ᾗ,
2895 3260 3094 3330 φαιδρὰ
3131 3261 3227 3330 μὲν
3259 3260 3374 3314 τῶν
3406 3262 3611 3332 φαιδρυ-

2046 3361 2304 3431 νομένων,
2329 3356 2546 3427 κατηφῆ
2584 3354 2640 3406 δὲ
2669 3352 2778 3406 τῶν
2819 3351 3352 3422 σκυθρωπαξόντων⁹
3390 3354 3482 3405 καὶ
3524 3351 3612 3405 οὐκ

2047 3453 2112 3506 ἄν
2141 3470 2224 3516 τις
2252 3449 2552 3503 αἰτιάσαιτο
2590 3446 2689 3514 ’τὴν
2717 3443 2809 3496 τοῦ
2845 3443 3149 3512 κατόπτρου
3195 3442 3382 3511 φύσιν,
3416 3445 3464 3496 εί
3491 3461 3608 3496 σκυ-

2049 3543 2263 3614 θρωπὸν
2286 3539 2550 3611 ὲμφανείη
2571 3536 2630 3590 τὸ
2656 3534 3019 3604 ἀπεικόνισμα
3040 3533 3132 3586 τοῦ
3161 3535 3517 3605 πρωτοτύπου
3536 3534 3611 3586 διὰ

2048 3630 2346 3703 κατηφείας
2389 3625 2881 3699 συμπεπτωκότος·
2909 3624 3048 3677 οὕτω
3095 3624 3187 3676 καὶ
3231 3627 3264 3694 ἡ
3305 3625 3490 3677 δικαία
3529 3623 3610 3676 τοῦ

2047 3721 2182 3776 Θεοῦ
2227 3720 2402 3792 κρίσις
2431 3722 2550 3781 ταῖς
2588 3717 2880 3788 ἡμετέραις
2926 3715 3226 3769 διαθέσεσιν
3260 3714 3610 3785 ἐξομοιοῦται,

2048 3811 2263 3882 οἷάπερ
2300 3810 2366 3863 ἂν
2405 3809 2473 3862 τὰ
2511 3807 2641 3878 παρ’
2687 3806 2842 3876 ἡμῶν
2888 3801 2944 3879 ᾖ,
2988 3804 3212 3858 τοιαῦτα
3248 3807 3382 3875 ἡμῖν
3425 3807 3488 3857 ὲκ
3516 3805 3612 3855 τῶν

2053 3904 2199 3958 ἰδίων
2242 3899 2572 3974 παρέχουσα.
2625 3897 2823 3960 Δεῦτε,
2857 3895 3052 3964 φησὶν,
3090 3899 3145 3949 οἱ
3193 3895 3608 3964 εὐλογημένοι·

2050 3994 2164 4056 καὶ,
2215 3990 2567 4057 Πορεύεσθε,
2606 3990 2658 4040 ol
2699 3985 3115 4054 κατηραμένοι.
3151 3986 3240 4055 Μή
3285 4001 3370 4048 τις
3410 3985 3610 4051 ἀνάγκη

2049 4081 2157 4136 τῶν
2194 4078 2391 4144 ἔξωθεν
2436 4078 2528 4131 ἐπὶ
2565 4075 2767 4129 τούτων
2809 4075 2976 4136 ἐστὶν,
3023 4075 3136 4135 τοῖς
3164 4072 3356 4136 δεξιοῖς
3389 4073 3484 4142 μὲν
3522 4073 3612 4140 τὴν

2051 4170 2302 4238 γλυκεῖαν
2332 4166 2534 4236 φωνὴν,
2580 4166 2692 4226 τοῖς
2732 4163 2787 4215 δὲ
2828 4163 3131 4232 ἀριστεροῖς
3168 4162 3263 4232 τὴν
3296 4161 3612 4233 σκυθρωπὴν

380 4262 712 4318 fectionibns
729 4261 1068 4317 assimilatur
1091 4278 1103 4314 :
1123 4259 1526 4330 qualiacunque
1547 4273 1577 4311 a
1608 4259 1766 4312 nobis
1795 4273 1837 4311 Ct

2153 4256 2463 4328 κληροῦσας
2497 4257 2608 4325 Οὐχ
2636 4247 2780 4308 οὗτοι
2810 4253 2908 4324 μὲν
2941 4253 3007 4305 δι’
3041 4246 3116 4306 ὧν
3151 4252 3436 4322 ἐποίησαν,
3468 4253 3610 4321 ἔσχον

376 4357 544 4411 missa
577 4353 802 4416 fuerint,
842 4354 980 4409 tales
1005 4353 1163 4409 nobis
1190 4352 1259 4406 de
1295 4367 1396 4406 suo
1424 4353 1672 4420 praebens
1702 4349 1945 4404 retribu-

378 4445 579 4500 tiones.
629 4444 826 4507 Venite,
878 4443 1052 4514 inquit
1075 4444 1141 4508 ³⁸,
1191 4443 1477 4505 benedicti;
1516 4448 1571 4496 et
1601 4458 1615 4494 :
1645 4439 1748 4504 Ite,
1790 4440 1948 4494 male-

381 4537 536 4590 dicti.
560 4535 742 4605 Ecqua
769 4537 1074 4591 necessitas
1120 4543 1348 4591 externa
1382 4535 1436 4587 in
1470 4533 1557 4586 his
1583 4540 1687 4598 est,
1719 4549 1841 4602 quae
1877 4532 1946 4586 ad

378 4630 658 4683 dexteram
686 4627 905 4696 quidem
925 4627 1207 4682 collocatis
1223 4623 1548 4696 jucundam,
1568 4623 1634 4678 ad
1657 4624 1942 4678 sinistram

377 4709 510 4772 vero
553 4716 828 4770 stantibus
855 4715 1110 4771 acerbam
1153 4729 1340 4769 vocem
1375 4713 1679 4769 attribuat?
1721 4713 1804 4765 An
1833 4726 1944 4765 non

378 4805 435 4858 hi
479 4803 698 4874 quidem
750 4811 973 4873 pr0pter
1015 4818 1080 4858 ea
1123 4818 1245 4873 quae
1299 4802 1583 4866 fecerunt,
1625 4800 1944 4855 misericor-

378 4898 524 4950 diam
558 4896 841 4950 consecuti
867 4904 1014 4960 sunt,
1067 4895 1143 4948 illi
1175 4909 1325 4960 vero,
1394 4894 1603 4949 idcirco
1655 4890 1802 4962 quod
1848 4891 1945 4946 ad-

377 5001 572 5042 versus
601 4986 901 5055 proximos,
948 4992 1004 5038 et
1050 4984 1342 5054 p0pulares
1382 4983 1644 5047 immites,
1699 4989 1754 5037 et
1790 4980 1946 5035 inhu-

376 5077 525 5130 mani
559 5073 803 5138 fuerunt,
835 5089 1037 5129 saevum
1069 5083 1123 5130 et
1163 5073 1373 5129 immite
1418 5072 1663 5142 sibiipsis
1695 5071 1940 5127 divinum

379 5182 580 5221 numen
627 5165 1034 5220 reddiderunt?
1091 5163 1251 5221 Dives
1299 5166 1389 5220 ille
1431 5164 1684 5220 diﬂluens
1730 5163 1944 5220 deliciis

380 5264 542 5324 atque
568 5255 804 5320 luxuria,
835 5253 1072 5309 mendici
1104 5254 1173 5308 ad
1193 5254 1525 5310 vestibulum
1563 5252 1760 5321 abjecti
1780 5261 1944 5321 atque

379 5347 564 5401 amicti
610 5346 871 5402 misertus
920 5361 1029 5400 non
1092 5355 1205 5413 est;
1258 5347 1465 5402 idcirco
1509 5343 1939 5401 misericordiam

2048 4351 2138 4404 τὸν
2156 4350 2326 4414 ἔλεον,
2345 4347 2394 4398 οἰ
2408 4347 2465 4401 δὲ
2479 4346 2556 4415 τῷ
2582 4346 2716 4412 πρὸς
2742 4346 2865 4407 τοὺς
2885 4343 3184 4413 ὁμοφύλους
3209 4343 3436 4412 ἀπηνῶς
3458 4344 3609 4412 ἔχειν,

2050 4439 2254 4510 ἀπηνὲς
2282 4439 2490 4500 ἑαυτοῖς
2529 4437 2587 4490 τὸ
2617 4437 2765 4490 Θεῖον
2807 4435 3102 4504 ὲποίησαν;
3141 4435 3253 4487 Οὐκ
3297 4435 3492 4505 ἠλέησε
3530 4434 3610 4486 τὸν

2050 4529 2128 4600 τῷ
2165 4529 2367 4582 πυλῶνι
2407 4525 2990 4598 προσταλαιπωροῦντα
3024 4525 3256 4594 πτωχὸν,
3280 4526 3309 4577 ό
3343 4529 3463 4586 ταῖς
3491 4542 3610 4593 τρυ-

2051 4625 2178 4692 φαῖς
2215 4620 2597 4688 διακεχυμένος
2638 4617 2906 4680 πλούσιος,
2945 4617 3031 4669 διὰ
3078 4616 3232 4670 τοῦτο
3277 4617 3456 4685 ἐαυτῷ
3488 4617 3612 4669 ἀπο-

2045 4715 2234 4767 κόπτει
2262 4711 2350 4765 τὸν
2382 4711 2546 4772 ἔλεον,
2569 4709 2852 4779 ἐλεηθῆναι
2887 4707 3152 4776 δεόμενος,
3179 4707 3273 4760 καὶ
3301 4708 3401 4760 οὐκ
3431 4705 3612 4760 ἀκουόο

2048 4819 2224 4874 μενος·
2243 4802 2340 4870 οὐχ
2357 4801 2436 4852 ὅτι
2463 4799 2665 4868 ζημίαν
2695 4797 2854 4866 ἔφερε
2875 4796 2971 4866 μία
2993 4796 3144 4868 ῥανὶς
3165 4798 3244 4855 είς
3263 4797 3362 4868 τὴν
3383 4795 3610 4866 μεγάλην

2041 4892 2136 4947 τοῦ
2153 4891 2474 4964 παραδείσου
2497 4891 2696 4961 πηγὴν,
2714 4890 2826 4944 ἀλλ’
2847 4891 2926 4943 ὃτι
2949 4891 2981 4960 ἡ
3001 4889 3096 4958 τῆς
3118 4887 3238 4957 ὲλεη
3247 4887 3482 4957 μοσύνης
3506 4903 3610 4938 au-

2041 4984 2153 5052 γὼν
2175 4983 2419 5054 ὰμίκτως
2438 4981 2551 5051 ἔχει
2578 4981 2711 5052 πρὸς
2734 4983 2831 5052 τὴν
2857 4981 3138 5050 ἀπήνειαν.
3181 4983 3277 5044 Τίς
3292 4979 3402 5048 γὰρ
3421 4994 3611 5032 κοινω-

2046 5073 2147 5127 νία
2167 5071 2309 5142 φωτὶ
2329 5071 2478 5139 πρὸς
2499 5072 2719 5136 σκότος
2739 5086 2754 5131 ;
2778 5065 2901 5130 Οἷα,
2922 5068 3106 5138 φησιν,
3124 5067 3200 5122 ἂν
3213 5067 3432 5136 σπείρῃ
3462 5069 3494 5119 ὁ
3520 5065 3611 5116 ἆν-

2049 5162 2296 5227 θρωπος,
2322 5159 2563 5212 τοιαῦτα
2596 5159 2694 5212 καί
2724 5158 2962 5224 θερίσει·
2988 5157 3070 5210 ὅτι
3101 5157 3130 5209 ό
3155 5157 3390 5226 σπείρων
3415 5158 3492 5220 είς
3524 5155 3611 5222 τὴν

2051 5249 2248 5319 σάρκα,
2289 5250 2352 5302 ὲκ
2392 5249 2490 5318 τῆς
2535 5249 2733 5318 σαρκὸς
2777 5247 2979 5317 θερίσει
3019 5246 3254 5314 φθοράν·
3293 5247 3322 5297 ό
3369 5246 3426 5299 δὲ
3473 5243 3607 5297 σπεί-

2050 5359 2158 5412 ρων
2196 5341 2275 5404 είς
2313 5340 2372 5393 τὸ
2398 5338 2613 5410 πνεῦμα
2654 5341 2719 5392 ὲκ
2758 5339 2851 5392 τοῦ
2887 5337 3193 5408 πνεύματος
3232 5337 3432 5408 θερίσει
3479 5333 3608 5403 ζωὴν

445 5522 490 5552 ³²
517 5519 650 5576 Luc.
687 5540 820 5588 xvu,
853 5528 912 5581 21
975 5524 1020 5556 ³³
1048 5523 1235 5578 Matth.
1265 5540 1338 5590 vl,
1385 5526 1435 5591 7,
1465 5526 1518 5582 8.
1578 5525 1621 5556 “
1651 5523 1814 5581 llebr.
1845 5539 1897 5578 ιι

1287 5540 1338 5590 ιι,
1385 5526 1435 5591 7,
1465 5526 1518 5582 8.
1578 5525 1621 5556 “
1651 5523 1814 5581 llebr.
1845 5538 1943 5588 ιιι,
1979 5517 2033 5572 7-
2091 5519 2134 5552 ³³
2165 5519 2352 5576 Matth.
2384 5533 2507 5584 xxv,
2537 5517 2624 5582 Si,
2658 5517 2744 5571 Η.
