3696 5986
60 226 99 280 1
116 226 224 281 257

1157 227 1241 282 DE
1265 224 1856 284 liEATlTUDlNlBUS.
1895 228 2153 284 ORATIO
2193 229 2257 283 ν.

3183 239 3323 298 ΙΞΞΞ

60 338 321 406 αἰώνιον.
368 340 584 411 Σποράν
630 336 780 412 οἶμαι
828 341 921 411 τὴν
963 342 1308 415 ἀνθρωπίνην
1350 343 1487 401 εἶναι
1526 365 1653 418 προ-

1828 348 1861 401 ii
1903 349 2170 416 praecidit,
2199 348 2573 405 misericordia
2602 351 2888 422 implorata
2929 369 3038 409 non
3079 358 3321 427 auditus;

58 431 327 501 aipsatv'
361 432 515 502 θέρος
553 432 611 486 δὲ
645 434 742 504 τὴν
790 435 881 488 ὲπὶ
925 436 991 504 τῇ
1023 435 1334 505 προαιρέσει
1369 436 1654 491 ἀντίδοσιν.

61 522 356 593 Πολύχους
386 525 414 576 ὀ
444 523 551 577 τῶν
595 523 815 592 ἀγαθῶν
859 525 1077 595 στάχυς,
1110 528 1220 588 τοῖς
1260 526 1512 598 τοιαύτην
1544 527 1661 581 ἑλο-

65 611 269 680 μένοις
303 612 539 683 σποράνι
595 613 850 675 ἐπίπονος
893 612 926 681 ἡ
970 611 1324 679 ἀκανθολογία
1346 614 1457 675 τοῖς
1488 612 1659 666 ἀκαν-

62 702 224 772 Οώδη
271 702 563 775 σπέρματα
601 702 1088 773 καταϐαλλομένοις
1126 700 1205 771 τῷ
1250 701 1367 772 βίῳ.
1404 703 1523 772 Χρὴ
1551 702 1653 772 γὰρ

1828 707 2020 762 unitate
2043 723 2153 762 non
2181 718 2376 777 potest.

59 791 297 854 πάντως
333 791 464 845 αὐτὸ
499 791 710 863 θερίσαι
758 792 897 855 τινὰ,
946 792 1081 863 ὅπερ
1126 790 1395 863 ἔσπειρεν,
1428 793 1520 847 καὶ
1556 793 1656 846 οὐκ

57 882 225 936 ἐστιν
256 883 450 948 ἄλλως.
546 932 557 939 .

1718 450 1865 511 __non
1932 438 2075 507 quod
2130 445 2280 508 gutta
2330 453 2438 492 una
2492 439 2558 494 de
2612 454 2809 509 magno
2873 443 3113 513 paradisi
3176 446 3327 504 fonte

1754 527 1971 598 dempta
2017 529 2280 585 damnosa
2342 539 2521 596 esset,
2587 530 2682 587 sed
2742 534 2871 602 quia
2937 536 3324 593 misericordia:

1761 619 1906 674 stilla
1945 621 2288 675 commisceri
2325 629 2487 692 atque
2535 623 2928 679 communicari
2979 641 3102 681 cum
3161 628 3324 683 inliu-

2457 711 2590 778 Qme
2608 711 2747 765 enim
2775 710 2882 765 luci
2895 713 3191 764 communio
3203 727 3322 765 cum

1763 794 1988 847 tenebris
2011 804 2090 849 est
2131 801 2242 855 '5‘?
2282 800 2510 867 Qualia,
2542 801 2738 870 inquit,
2774 802 3105 855 seminaverit
3144 800 3318 856 homo.

1756 890 1894 944 talia
1926 898 2124 955 metet;
2155 892 2280 961 quia
2312 891 2401 962 qui
2429 890 2653 945 seminat
2698 893 2752 944 in
2784 907 3017 955 carnem,
3054 906 3119 944 ex
3165 904 3324 943 carne

62 990 232 1032 metet
286 979 707 1047 corruptionem;
763 985 817 1031 at
870 978 958 1048 qui
999 977 1221 1032 seminat
1278 978 1331 1030 in
1387 978 1655 1046 spiritum,
1712 995 1778 1032 ex
1825 982 2015 1050 spiritu
2066 992 2219 1038 metet
2261 985 2418 1037 vitam
2457 991 2703 1037 cateruam
2727 982 2795 1036 ⁸⁸.
2848 982 3153 1038 Sementem
3200 996 3325 1037 esse

48 1070 316 1123 ‘arliitror
345 1069 583 1123 hominis
611 1069 935 1123 destinatam
983 1070 1750 1136 voluntatem;messemvero
1784 1073 2049 1129 voluntati
2080 1082 2244 1145 atque
2285 1075 2568 1147 proposito
2611 1074 3025 1130 convenientem
3064 1087 3320 1146 compen-

62 1158 345 1214 sationem
373 1166 427 1212 et
447 1158 1149 1214 retributionem.Fecunda
1181 1158 1331 1228 spica
1354 1161 1619 1214 bonorum
1660 1169 1746 1215 est
1777 1163 1843 1219 iis
1888 1164 1982 1233 qui
2028 1165 2295 1234 ejusmodi
2349 1172 2644 1220 sementem
2682 1163 2786 1219 sibi
2828 1164 3130 1234 elegerint;
3171 1163 3322 1220 labo-

56 1255 219 1310 riosa
262 1254 544 1323 spinarum
587 1253 837 1307 collectio
879 1262 958 1306 est
1016 1252 1086 1306 iis
1149 1250 1245 1320 qui
1310 1252 1532 1320 spinosa
1579 1253 1634 1306 in
1656 1253 1820 1308 vitam
1862 1256 2072 1311 semina
2111 1257 2431 1329 dejecerint.
2479 1253 2707 1325 Oportet
2747 1253 2892 1309 enim
2931 1255 3091 1324 plane
3122 1244 3325 1311 metere

60 1358 346 1414 quemque
400 1344 452 1397 id
496 1344 638 1412 quol
687 1342 1059 1409 seminaverit,
1117 1358 1180 1397 ac
1233 1342 1345 1397 ﬁeri
1409 1344 1562 1398 aliter
1615 1360 1724 1399 non
1767 1354 1967 1417 potest.

142 1435 434 1502 Μακάριοι
472 1437 526 1488 οὶ
564 1433 906 1503 ἐλεήμονες,
947 1433 1045 1491 ὅτι
1083 1435 1250 1488 αὐτοὶ
1285 1433 1653 1500 ἐλεηθήσον-

1828 1437 1983 1493 Bcati
2010 1434 2373 1492 misericordes
2406 1450 2424 1489 :
2452 1437 2701 1507 quoniam
2752 1436 2855 1506 ipsi
2902 1436 3322 1492 misericordiam

59 1544 187 1581 ται.
217 1527 314 1589 Τίς
338 1525 404 1579 ἂν
433 1525 686 1590 διεξέλθοι
714 1524 869 1592 λόγος
905 1523 1242 1595 ἀνθρώπινος
1270 1524 1331 1578 τὸ
1357 1523 1516 1594 βάθος
1541 1523 1649 1578 τῶν

1831 1536 2145 1598 tsequentur.
2178 1525 2435 1591 Quanam
2486 1525 2661 1580 oratio
2702 1526 2940 1578 humana
2983 1524 3325 1594 profunditat-

59 1616 409 1686 ἐγκειμένων
461 1612 747 1687 νοημάτων
789 1614 868 1685 τῷ
911 1614 1083 1686 λόγως
1125 1616 1197 1669 Τὸ
1239 1615 1346 1686 γὰρ
1390 1615 1654 1668 ἀπόλυτὸν

57 1725 127 1763 τε
160 1710 256 1762 καὶ⁸
282 1708 530 1778 ἀόριστον
562 1706 661 1775 τῆς
691 1706 874 1775 φωνῆς
902 1705 1084 1759 δίδωσί
1122 1723 1174 1759 τι
1212 1707 1303 1759 καὶ
1350 1704 1510 1759 πλέον
1546 1705 1654 1759 τῶν

57 1798 380 1870 εἰρημένων
413 1796 890 1869 περιεργάζεσθαι,
923 1797 984 1850 τὸ
1034 1795 1109 1867 μὴ
1161 1796 1475 1867 προσθεῖναι
1512 1796 1655 1859 τίνες

59 1892 211 1944 εἰσὶν
235 1893 316 1953 εἰς
340 1888 434 1951 οὓς
458 1888 675 1960 ἐνεργὸν
710 1884 846 1943 εἷναι
886 1890 1149 1959 προσήκει
1193 1887 1283 1942 τὸν
1318 1887 1497 1940 ἑλεονθ
1539 1885 1653 1940 ἀλλ’

58 1978 260 2042 ἁπλῶς
288 1979 459 2031 εἰπεῖν
490 1977 571 2031 ὅτι
601 1976 887 2045 Μακάριοι
911 1979 963 2031 oi
989 1975 1331 2046 ἐλεήμονες.
1361 1975 1514 2045 Τάχα
1550 1974 1653 2045 γὰρ

58 2073 205 2141 ἡμῖν
236 2068 476 2123 τοιοῦτόν
504 2086 557 2121 τι
580 2068 667 2121 διά
698 2068 806 2122 τῶν
838 2066 1143 2138 εἰρημένων
1173 2069 1203 2120 ὁ
1238 2066 1393 2136 λόγος
1421 2067 1654 2121 αἰνίττε-

58 2177 185 2222 ται,
207 2159 284 2222 ὡς
308 2158 615 2211 ἀκολουθεῖν
646 2156 722 2227 τῷ
747 2154 997 2226 μακαρίῳ
1024 2154 1204 2208 πένθει
1230 2154 1326 2225 τὴν
1354 2153 1447 2207 τοῦ
1473 2154 1654 2219 ἐλέους

57 2250 329 2303 διάνοιαν.
375 2249 484 2300 Καὶ
525 2247 632 2317 γὰρ
678 2247 794 2299 ἐκεῖ
836 2245 1167 2317 μακαριστὸς
1210 2240 1300 2315 ἦν,
1343 2247 1372 2299 ὁ
1414 2244 1501 2297 τὸν
1528 2245 1656 2315 τῇδε

62 2340 186 2409 βίον
229 2341 285 2392 ὲν
316 2338 497 2392 πένθει
539 2337 877 2408 ποιούμενος,
918 2338 1013 2392 καὶ
1062 2336 1190 2390 ἔνθα
1227 2354 1316 2407 μοι
1360 2336 1507 2389 δοκεῖ
1554 2336 1653 2397 τὴν

61 2432 197 2502 ἴσην
230 2433 257 2484 ὁ
285 2429 441 2498 λέγος
479 2429 870 2503 ὑποσημαίνειν
918 2428 1283 2483 διδασκαλίαν,
1303 2430 1388 2491 Ὠς
1420 2428 1528 2500 γάρ
1561 2428 1660 2487 ἐπὶ,

58 2522 178 2574 τῶν
224 2521 514 2591 ἀλλοτρίων
572 2519 919 2588 διατιθέμεθα
971 2519 1283 2592 συμφορῶν,
1329 2520 1457 2572 ὅταν
1511 2521 1654 2583 τινὲς

58 2613 181 2668 τῶν
235 2613 548 2684 ἐπιτηδείων
594 2614 722 2684 ἡμῖν
774 2612 1089 2684 ἀϐουλήτοις
1141 2613 1249 2666 τισὶ
1296 2611 1651 2683 ωνενεχθῶσι

59 2705 354 2775 λύπαις,ἤ
395 2702 653 2775 πατρῴας
697 2702 873 2766 οἰκίας
927 2702 1361 2766 ἐκπεπτωκότες,
1401 2701 1434 2771 ἢ
1487 2717 1653 2755 ναυα-

60 2798 196 2867 γίου
252 2794 644 2867 περισωθέντες
686 2795 903 2865 γυμνοὶ,
939 2793 970 2854 ἦ
1008 2796 1309 2865 πειραταῖς,
1346 2792 1378 2864 ἦ
1431 2793 1653 2864 λῃσταῖς

61 2856 373 2960 δποχείριοι
442 2856 723 2955 γεγονότες
742 2856 840 2955 ,νῆ
889 2885 1062 2939 δοῦλοι
1101 2856 1178 2950 ’ἐξ
1227 2856 1562 2955 ἐλευθέρων,
1615 2856 1719 2954 ἥδ

62 2981 406 3051 αἰχμάλωτοι
454 2978 514 3045 ἐξ
560 2978 914 3049 εὐδαιμόνων,
949 2978 982 3049 ἢ
1015 2977 1142 3034 ἄλλο
1164 2996 1215 3031 τι
1241 2975 1480 3030 τοιοῦτον
1510 2978 1653 3030 ἀντι-

59 3072 325 3135 λαϐόντες
357 3074 544 3135 κακον,
581 3072 634 3125 οἰ
681 3069 820 3133 τέως
856 3070 914 3122 ἐν
950 3068 1214 3139 εὐκληρίᾳ
1258 3067 1363 3122 τινί.
1406 3066 1497 3120 τὸν
1538 3065 1651 3137 βίον

62 3162 467 3231 ἐξεταζόμενοι.
484 3162 572 3224 Ὧς
594 3160 771 3214 τοίνυν
792 3160 886 3213 ἐπὶ
912 3158 1117 3239 τούτων
1141 3159 1358 3229 ἁλγεινή
1399 3176 1482 3239 τις
1510 3157 1652 3227 γίνε-

62 3226 161 3310 ται
198 3226 317 3317 ταῖς
339 3254 535 3324 ψυχαῖς
558 3252 714 3324 ἡμῶν
741 3255 773 3325 ἡ
801 3226 1130 3316 συνδιάθεσις
1152 3270 1166 3283 ο
1199 3226 1491 3322 τάχανπολί)
1518 3226 1653 3320 μᾶλ-

64 3348 162 3401 λον
200 3348 285 3415 ἐφ’
317 3345 472 3417 ἡμῶν
510 3346 685 3399 αὐτῶν
734 3344 988 3416 εὔκαιρον
1017 3344 1083 3398 ἂν
1129 3345 1212 3415 είη
1254 3345 1351 3413 τὴν
1395 3342 1650 3411 τοιαύτην

65 3436 388 3493 ἀνακεῖσθαι
421 3436 651 3490 διάνοιαν
681 3436 771 3489 ἐπὶ
798 3438 862 3506 τῇ
893 3437 1019 3506 παρ⁴
1043 3434 1196 3498 ἀξίαν
1224 3434 1314 3486 τοῦ
1342 3433 1454 3503 βίου
1499 3432 1646 3502 βολῇ.

68 3531 245 3583 Ὅταν
283 3528 392 3599 γὰρ
439 3526 808 3597 λογισώμεθα,
840 3526 923 3590 τίς
970 3528 1002 3593 ὴ
1043 3524 1269 3594 λαμπρά
1309 3522 1464 3594 ἡμῶν
1502 3523 1649 3577 οἰκία

64 3616 137 3692 ἧς
158 3618 627 3688 ἐκπεπτώκαμεν
648 3616 767 3680 ’πῶς
799 3616 902 3670 ὑπὸ
933 3618 1046 3679 τοῖς
1075 3615 1295 3688 λῃσταῖς
1324 3613 1645 3684 γεγόναμεν’

67 3709 193 3772 πῶς
216 3709 295 3780 τῷ
333 3707 474 3778 βυθῷ
499 3707 589 3760 τοῦ
622 3706 746 3777 τῇδε
778 3706 892 3777 βίον
921 3704 1410 3775 καταϐυθισθέντες
1439 3703 1647 3771 ens-{u-

69 3802 367 3874 μνώθημεν
388 3819 400 3831 ·
431 3801 576 3862 οἴους
608 3800 701 3852 καί.
731 3800 887 3857 ὅσους
929 3799 1190 3861 δεσπΰτας
1219 3796 1339 3850 ἀντὶ
1370 3796 1466 3866 τῆς
1496 3794 1648 3848 ἐλευ-

60 3876 257 3966 θερίας
289 3909 346 3945 τε
394 3892 488 3946 καί.
534 3891 830 3962 αὐτονόμου
864 3890 1137 3960 διαγωγῆς
1178 3886 1607 3958 ὲπεσπασὰμεθα
1631 3903 1644 3916 ·

67 3984 191 4048 πῶς
236 3983 296 4036 -ιὸ
347 3983 680 4055 μακαριστὸν
734 3982 835 4052 τῆς
876 3980 1016 4052 ζωῆς
1070 3981 1282 4052 θανάτῳ
1328 3981 1421 4035 καὶ
1475 3978 1648 4051 φθορᾷ

64 4073 291 4142 διεκόψα
301 4090 427 4144 μεν·
456 4069 567 4143 ἆρα
588 4073 833 4131 δυνατὴν,
855 4073 904 4124 εἰ
924 4072 1122 4136 ταύτας
1143 4072 1398 4142 λάϐοιμεν
1419 4064 1646 4138 ἐννοίας,

64 4160 380 4231 ἀλλοτρίαις
403 4164 708 4231 συμφοραῖς
735 4160 1218 4232 προσασχολεῖσθαι
1243 4161 1333 4214 τὸν
1360 4160 1526 4226 ἔλεον,
1555 4161 1649 4213 καὶ

68 4255 173 4305 οὐκ
204 4250 373 4322 αὐτὴν
418 4252 662 4315 ἐλεεινῶς
694 4252 790 4322 τὴν
820 4252 995 4324 ψυχὴν
1029 4252 1393 4317 διατίθεσθαι,
1438 4251 1649 4320 λογιζο-

69 4342 245 4413 μένην
269 4342 387 4395 ἆτε
434 4338 599 4413 εἶχεν,
632 4335 706 4397 ὧν
747 4361 806 4396 τε
851 4345 1239 4408 ἐκπέπτωκενς
1295 4344 1359 4396 Τί
1398 4344 1505 4414 γὰρ
1552 4344 1648 4414 τῆς

67 4431 449 4503 αἰχμαλωσίας
488 4433 692 4506 ταύτης
722 4435 1109 4506 ἐλεεινότερον;
1169 4435 1312 4488 Ἀντί
1344 4433 1444 4503 τῆς
1480 4435 1538 4486 ὲν
1571 4432 1650 4504 τῷ

69 4524 387 4596 παραδείσῳ
417 4527 653 4596 τρυφῆς,
707 4527 769 4579 τὸ
810 4526 1037 4590 νοσῶδες
1080 4526 1237 4580 τοῦτο
1266 4526 1359 4579 καὶ
1396 4524 1649 4578 ἐπίπονον

69 4614 274 4685 χωρίον
302 4616 359 4666 ὲν
396 4617 464 4686 τῇ
497 4617 607 4687 ζωῇ
643 4615 1067 4687 κεκληρώμεοα’
1110 4617 1229 4671 ἀντὶ
1254 4617 1352 4687 τῆς
1385 4614 1651 4678 ἀπαθείας

68 4703 313 4774 ἐκείνης,
350 4703 446 4768 τὰς
484 4706 682 4778 μυρίας
722 4706 830 4760 τῶν
881 4706 1218 4779 παθημάτων
1256 4706 1650 4777 ἀντειλήφαμεν

69 4796 287 4868 κῆρας
322 4797 443 4849 ἀντὶ
478 4797 575 4867 τῆς
611 4796 821 4869 ὑψηλῆς
860 4799 1072 4869 ἐκείνης
1096 4798 1391 4868 διαγωγῆς,
1422 4797 1516 4850 καὶ
1553 4796 1651 4863 τῆς

73 4886 218 4959 μετά
244 4886 352 4939 τῶν
377 4888 624 4956 ἀγγέλων
654 4888 819 4958 ζωῆς,
851 4892 963 4954 τοῖς
993 4890 1199 4961 θηρίοις
1230 4889 1328 4959 τῆς
1354 4891 1455 4959 γῆς
1482 4905 1654 4940 συνοι-

70 4981 193 5032 κεῖν
229 4978 666 5049 κατεκρίθημεν
701 4981 795 5034 τοῦ
837 4980 1126 5050 ἀγγελικοῦ
1174 4998 1233 5035 τε
1277 4981 1372 5034 καὶ
1410 4978 1654 5042 ἀπαθοῦς

69 5072 168 5124 τὸν
207 5069 448 5141 κτηνὼδη
477 5069 590 5140 βίον
614 5072 1069 5145 ἀνταλλαξάμενοι
1089 5115 1104 5137 ,
1141 5072 1265 5135 τοὺς
1298 5072 1527 5142 πικροὺς
1556 5071 1655 5140 τῆς

72 5160 223 5230 ζωῆς
244 5158 401 5228 ἡμῶν
417 5159 730 5230 τυράννους,
755 5164 878 5228 τοὺς
903 5162 1210 5225 λυσσῶντας
1236 5161 1328 5215 καὶ
1349 5162 1656 5232 ἀγριαίνον-

71 5269 173 5315 τας
206 5248 469 5313 δεσπότας
489 5292 503 5315 ,
532 5251 616 5314 τίς
648 5252 712 5306 ἂν
748 5254 943 5324 ῥαδίως
973 5252 1187 5327 ἀριθμῷ
1216 5252 1527 5321 περιλάϐοις
1557 5251 1655 5302 Πι-

74 5340 207 5411 κρδς
230 5332 492 5408 δεσπότης
529 5341 556 5393 ὁ
591 5339 789 5411 θυμός’
824 5344 1063 5408 τοιοῦτος
1093 5343 1248 5406 ἄλλος
1280 5345 1308 5395 ὁ
1337 5341 1528 5411 φθόνος
1554 5357 1566 5370 ο
1601 5340 1657 5393 τὸ

78 5433 256 5503 μῖσος.
283 5428 344 5479 τὸ
366 5425 486 5480 καθ’
515 5428 889 5500 ὑπερηφανίαν
932 5433 1120 5498 πάθος,
1147 5431 1425 5502 λυσσώδης
1452 5449 1534 5494 τις
1565 5431 1657 5486 καί

150 5624 217 5659 τε·
246 5624 292 5682 ιι
326 5623 452 5678 εον,
486 5636 558 5684 γι,
597 5620 682 5675 Μ,
760 5614 938 5669 “Gul.
964 5629 1038 5677 IV,
1071 5612 1125 5671 6,

323 5721 593 5795 Ριιτιιοι,ἶ
641 5714 761 5777 Gn.
806 5709 1023 5774 XLIV-

1756 1618 2274 1675 temintellectuum
2320 1616 2413 1687 qui
2459 1617 2544 1671 bis
2581 1616 2763 1670 verbis
2810 1615 3183 1680 continentur,
3223 1632 3322 1672 ex-

1755 1725 1957 1779 ponere
1989 1709 2204 1779 possit?
2231 1706 2366 1762 Nam
2403 1708 2655 1762 absoluta
2680 1707 2884 1778 pariter
2934 1714 3101 1777 atque
3129 1706 3321 1763 indeii-

1754 1802 1867 1855 nita
1892 1816 1995 1855 vox
2018 1800 2360 1855 occasionem
2390 1799 2596 1870 praebet
2622 1799 2786 1853 etiam
2819 1798 3026 1869 aliquid
3063 1799 3319 1869 amplius,

1753 1908 1915 1963 quam
1955 1906 2016 1947 ca
2042 1906 2164 1961 qua:
2186 1893 2346 1946 modo
2374 1892 2516 1946 dicta
2548 1899 2679 1947 sunt
2718 1892 3060 1962 exquirendi,
3090 1907 3156 1948 eo
3175 1894 3320 1962 quod

1756 1997 1866 2037 non
1910 1982 2110 2051 adjecit
2146 1981 2239 2050 qui
2285 1981 2395 2035 sint
2444 1982 2707 2037 adversus
2751 1996 2890 2051 quos
2932 1983 3317 2051 reprtesentari

1752 2074 2187 2129 miscricordiam
2246 2074 2557 2136 conveniat,
2621 2071 2717 2128 sed
2777 2072 3100 2143 simpliciter
3134 2074 3317 2128 dixit:

1753 2168 1910 2222 Beati
1964 2165 2349 2221 misericordes.
2406 2164 2660 2221 Forsitan
2709 2164 2854 2220 enim
2907 2164 3069 2220 nobis
3115 2164 3318 2234 aliquid

1750 2255 2020 2325 ejusmodi
2048 2269 2232 2309 sermo
2256 2269 2351 2325 per
2374 2252 2488 2308 haec
2518 2253 2751 2308 latenter
2772 2252 2972 2318 innuit,
2998 2259 3071 2311 ut,
3089 2261 3315 2308 senten-

1754 2346 1828 2399 tia
1860 2344 2253 2400 misericordiae
2276 2345 2434 2399 beato
2470 2343 2642 2398 luctui
2673 2350 3041 2399 consentanea
3071 2343 3319 2399 sitznam

1751 2444 1806 2491 et
1838 2436 1947 2490 illic
1974 2436 2164 2492 beatus
2200 2432 2524 2500 habebatur,
2570 2435 2664 2505 qui
2710 2442 3032 2505 prmscntem
3061 2433 3226 2490 vitam
3262 2434 3319 2488 in

1756 2527 1904 2582 luctu
1929 2527 2207 2596 transigit,
2235 2536 2289 2582 et
2321 2527 2411 2581 hic
2444 2526 2576 2580 mihi
2610 2540 2793 2581 sermo
2821 2526 3037 2583 videtur
3064 2525 3316 2582 eamdem

1751 2615 2057 2673 doctrinam
2090 2618 2361 2674 indicare;
2381 2617 2452 2673 Ut
2476 2619 2623 2673 enim
2642 2618 2697 2672 in
2716 2619 2910 2675 alienis
2937 2619 3204 2675 allicimur
3223 2634 3320 2675 ca-

1756 2709 2112 2771 lamitatibus,
2171 2724 2295 2763 cum
2330 2711 2769 2765 necessariorum
2811 2718 3129 2765 nostrorum
3174 2711 3317 2765 ami-

1755 2815 1943 2854 corum
1970 2800 2132 2869 aliqui
2161 2800 2214 2853 in
2257 2799 2549 2869 improvisa
2579 2799 2826 2869 quaedam
2859 2799 3201 2855 incommoda
3235 2800 3321 2855 in-

1754 2890 2009 2956 ciderint,
2038 2890 2120 2945 vel
2153 2888 2363 2944 aedibus
2389 2889 2634 2957 paternis
2662 2888 2863 2958 ejecti,‘
2884 2890 2968 2946 vel
2988 2905 3054 2946 ex
3082 2888 3312 2946 naufra-

1753 2979 1991 3050 gionudi
2023 2980 2246 3046 servati,
2306 2979 2392 3033 vel
2450 2979 2505 3033 in
2548 2980 2887 3048 potestatem'
2905 2980 3220 3049 praedonum
3255 2990 3310 3035 et

1755 3071 2024 3125 latronum
2061 3067 2288 3134 redacti,
2316 3069 2400 3124 vel
2431 3070 2572 3124 servi
2609 3085 2675 3125 ex
2711 3070 2898 3125 liberis
2944 3067 3096 3135 facti,
3124 3070 3210 3125 vel
3231 3083 3321 3124 ca-

1753 3161 1971 3234 ptiviex
2015 3160 2312 3221 fortunatis
2361 3160 2641 3225 etbcatis,
2693 3161 2779 3215 vel
2811 3176 2934 3215 cum
2991 3160 3173 3232 aliqua
3210 3161 3317 3215 alia

1752 3253 1916 3310 simili
1941 3253 2250 3308 calamitate
2284 3267 2546 3323 prospera
2599 3267 2791 3309 eorum
2823 3251 3046 3307 fortuna
3069 3266 3319 3308 commu-

1752 3354 1882 3409 tata,
1908 3345 2001 3414 qui
2032 3345 2193 3414 paulo
2221 3353 2346 3398 ante
2392 3344 2448 3397 in
2481 3344 2663 3414 aliqua
2688 3344 2946 3399 felicitate
2972 3350 3139 3416 atque
3167 3358 3320 3399 com-

1753 3436 2009 3490 moditate
2055 3436 2182 3488 vitm
2228 3435 2513 3505 conspicui
2567 3443 2860 3491 erant:ut
2896 3436 3064 3505 igitur
3118 3437 3318 3492 acerba

1749 3526 1993 3598 qutedam
2031 3527 2084 3580 in
2120 3526 2318 3581 animis
2351 3526 2721 3592 nostris,dum
2749 3526 2835 3581 his
2851 3527 3317 3586 condolescimus.

1749 3621 1967 3676 exsistit
1997 3618 2211 3674 affectio
2233 3625 2417 3672 mutua
2440 3636 2454 3685 ;
2477 3618 2710 3674 fortasse
2726 3619 2898 3672 multo
2922 3618 3096 3687 magis
3127 3618 3183 3674 in
3216 3635 3321 3673 no-

1749 3713 1834 3768 bis
1864 3712 1996 3782 ipsis
2039 3718 2409 3780 opportunum
2455 3710 2619 3765 fuerit
2662 3708 2934 3779 ejusmodi
2982 3710 3184 3765 mentis
3236 3710 3322 3763 in-

1750 3807 1978 3864 stituere
2001 3804 2343 3859 alfectionem
2373 3818 2439 3859 ac
2458 3802 2907 3873 dispositionem,
2926 3809 3149 3871 propter
3172 3816 3316 3866 eam,

1748 3916 1867 3972 quae
1888 3908 2083 3971 praeter
2113 3898 2429 3969 dignitatem
2451 3896 2508 3951 in
2530 3896 2639 3950 vita
2669 3902 2860 3950 nostra
2881 3892 3176 3963 contingit,
3196 3908 3315 3948 mu-

1750 3991 2032 4047 tationem.
2055 3989 2192 4044 Cum
2228 3987 2374 4042 enim
2400 3984 2836 4057 reputaverimus
2870 3998 2990 4054 quae
3014 3983 3085 4039 sit
3131 3982 3318 4052 Splen-

1764 4082 1893 4138 dida
1920 4082 2010 4136 illa
2041 4088 2230 4136 nostra
2271 4077 2434 4134 sedes
2470 4076 2617 4132 unde
2657 4075 2999 4141 excidimus,
3041 4072 3315 4143 quomodo

1682 4187 1726 4243 ι)
1755 4176 1809 4231 in
1864 4179 2193 4245 potestatem
2235 4172 2510 4226 latronum
2553 4169 2890 4234 venerimus,
2942 4165 3217 4234 quomodo
3261 4165 3337 4221 in'

1757 4265 2035 4338 profundo
2095 4263 2260 4334 huius
2315 4261 2500 4317 saeculi
2556 4259 2793 4315 demersi
2861 4257 3048 4312 nudati
3101 4256 3314 4317 simus.

1753 4359 1941 4430 quales
1969 4367 2024 4413 et
2051 4370 2217 4427 quam
2258 4354 2460 4407 multos
2494 4366 2594 4421 pro
2625 4364 2691 4404 eo
2741 4347 2887 4417 quod
2929 4347 3102 4400 libere
3149 4354 3201 4400 et
3247 4344 3314 4397 ad

1752 4448 2042 4504 arbitrium
2063 4454 2308 4501 nostrum
2326 4442 2490 4497 vitam
2517 4438 2874 4509 degebamus,
2897 4435 3152 4491 dominos
3170 4434 3284 4489 asci
3302 4464 3315 4473 -

1752 4541 2032 4604 verimus,
2085 4532 2356 4607 quomodo
2380 4528 2774 4587 beatitudinem
2835 4529 2959 4582 vitae
3018 4532 3195 4581 morte
3240 4531 3317 4578 at-

1753 4620 1859 4704 que
1878 4629 2231 4700 corruptione
2263 4620 2750 4691 interruperimus:
2800 4617 3045 4687 nunquid
3069 4616 3183 4671 ﬁeri
3203 4629 3314 4686 po-

1752 4734 1895 4789 test,
1927 4723 1974 4777 si
1999 4723 2099 4777 lias
2138 4717 2498 4790 cogitationes
2535 4710 2956 4781 sumpserimus,
3002 4717 3062 4760 ut
3103 4706 3317 4761 miseri-

1753 4813 1941 4870 cordia
1971 4812 2025 4865 in
2054 4807 2248 4864 alienis
2275 4800 2678 4860 calamitatibus
2710 4804 2979 4865 occupata
3013 4795 3104 4859 sit,
3123 4801 3177 4848 et
3203 4807 3312 4847 non

1755 4904 1970 4960 animus
2009 4902 2157 4955 circa
2204 4897 2445 4967 seipsum
2480 4888 2864 4948 miserabiliter
2903 4885 3189 4943 afﬁciatur.
3231 4898 3315 4941 rc-

1755 5003 1955 5066 putans
1982 5007 2105 5061 qua:
2137 4998 2192 5045 et
2230 4990 2447 5052 habeat,
2496 4993 2551 5041 et
2582 4982 2803 5054 quibus.
2830 4977 3142 5035 exciderit?
3172 4974 3314 5043 Quid

1754 5087 1898 5143 enim
1924 5085 2028 5139 hac
2066 5081 2387 5150 captivitate
2425 5070 2836 5132 miserabilius?
2883 5084 2979 5140 pro
3008 5083 3074 5123 eo
3106 5073 3165 5121 ut
3203 5066 3316 5120 ala-

1756 5191 1878 5234 mur
1899 5177 1955 5227 in
1979 5172 2256 5243 paradiso,
2288 5171 2392 5237 huc
2405 5167 2614 5223 morbis
2636 5173 2691 5220 et
2707 5162 2987 5218 laboribus
3012 5157 3315 5215 obnoxium

1758 5267 2017 5339 praedium
2043 5265 2097 5319 in
2136 5264 2244 5317 vita
2281 5262 2450 5341 sortiti
2507 5270 2563 5314 et
2600 5257 2782 5326 adepti
2829 5266 3062 5316 sumus;
3093 5264 3192 5341 pro
3223 5247 3317 5302 illa

1759 5355 2188 5429 impatibilitate,
2229 5342 2473 5406 inﬁnitas
2508 5350 2828 5419 passionum
2861 5351 2915 5399 ct
2958 5340 3313 5397 alllictionum

1758 5446 2181 5506 sortcsinvicem
2213 5441 2558 5511 accepimus;
2584 5453 2684 5508 pro
2709 5437 2799 5492 illa
2823 5433 3044 5492 sublimi
3089 5442 3318 5487 conver-

3200 5580 3225 5592 θ

2959 5679 3035 5744 to
