3696 5986
348 228 492 286 4259

1650 232 1706 288 S.
1749 231 2076 287 GREGORII
2112 232 2154 286 Ν
2167 226 2407 287 YSSENI

3476 235 3606 291 ιεοο

348 344 580 411 satione,
604 345 821 414 vitaque
846 346 1123 403 communi
1154 359 1279 403 cum
1322 345 1552 417 angelis,
1605 346 1673 401 ad
1732 348 1807 402 vit

2148 364 2206 410 ος
2242 347 2532 419 τύραννος·
2586 346 2661 410 ὡς
2712 347 3111 419 ἀργυρωνήτων
3165 349 3535 420 κατατρυφῶν
3578 358 3607 409 ὁ

347 449 475 491 cum
505 452 629 491 cum
684 437 812 492 feris
852 438 1204 493 terrestribus
1251 438 1497 493 damnati
1542 452 1755 500 sumus,
1821 451 1919 491 an-

348 528 518 595 gelica
547 530 749 598 pariter
777 536 831 585 et
856 529 1144 599 impatibili
1173 529 1298 594 vita,
1351 544 1476 584 cum
1515 530 1770 599 pecuaria
1819 528 1918 583 be-

349 619 603 689 stialique
652 628 998 688 permutata:
1033 623 1157 690 quis
1202 634 1426 674 numero
1474 618 1633 675 facile
1676 634 1922 689 compre-

337 709 585 766 hendere
619 710 794 781 possit
825 712 1053 766 acerbos
1087 712 1210 765 vitae
1249 718 1451 766 nostrae
1479 720 1742 781 tyrannos
1763 751 1775 773 ,
1825 709 1910 764 fu-

346 813 530 858 rentes
558 809 613 858 et
647 802 934 859 saevientes
963 802 1262 859 dominos?
1291 804 1493 859 acerba
1547 803 1769 858 domina
1809 803 1920 856 ira-

336 895 544 950 cundia
572 911 587 961 ;
613 895 782 949 altera
813 895 942 950 talis
984 896 1193 951 invidia
1218 904 1345 963 est;
1380 896 1588 956 odium,
1633 897 1904 966 superbire

340 987 560 1049 vitium,
591 985 798 1043 furiosa
828 987 1081 1058 quaedam
1114 1003 1178 1044 ac
1200 1004 1342 1044 saeva
1368 990 1620 1061 tyrannis
1639 997 1724 1044 est
1753 1006 1767 1050 ;
1796 997 1919 1044 tan-

343 1093 507 1148 quam
554 1080 786 1148 pecunia
831 1078 1128 1149 redemptis
1172 1079 1446 1135 insultans
1491 1087 1652 1149 atqne
1689 1079 1945 1135 illudens.

343 1168 630 1223 libidinosa
662 1169 919 1239 cogitatio
952 1176 1192 1239 est,quae
1210 1170 1466 1225 absurdis
1496 1178 1551 1225 et
1581 1170 1798 1227 vitiosis
1825 1185 1920 1241 pa-

340 1261 479 1316 riter
530 1269 696 1330 atque
727 1259 960 1330 impuris
982 1260 1307 1315 ministeriis
1346 1267 1600 1317 naturam
1642 1262 1937 1331 mancipat.

343 1361 511 1423 atque
564 1351 809 1407 addicit:
844 1366 965 1422 quae
1023 1368 1154 1409 vero
1186 1360 1335 1408 tanta
1388 1360 1609 1424 tamque
1653 1355 1917 1409 immensa

342 1444 615 1500 acerbitas
644 1451 750 1506 est,
777 1458 943 1513 quam
977 1443 1222 1498 avaritiae
1267 1444 1516 1515 tyrannis
1551 1459 1663 1499 non
1695 1452 1920 1515 superet

342 1532 510 1605 atque
540 1532 855 1605 praecedat,
879 1549 1001 1603 quae
1025 1533 1284 1590 miseram
1327 1535 1564 1588 animam
1595 1536 1651 1589 in
1683 1535 1918 1590 servitu-

339 1636 452 1681 tem
508 1625 790 1707 redactam
833 1639 1048 1694 semper
1092 1625 1446 1694 inexplebiles
1472 1636 1526 1680 et
1576 1627 1917 1683 insatiabiles

338 1730 471 1771 suas
500 1714 831 1786 cupiditates
876 1715 1021 1784 cogit
1062 1715 1283 1784 explere
1311 1755 1328 1781 ,
1378 1730 1499 1785 qua:
1545 1731 1670 1770 cum
1704 1731 1918 1787 semper

342 1809 563 1878 accipit,
606 1817 718 1862 tum
767 1820 1047 1876 nunquam
1090 1805 1365 1875 impletur,
1407 1807 1571 1861 veluti
1625 1806 1917 1877 multiceps

340 1896 588 1965 quedam
645 1893 759 1949 fera
801 1894 992 1949 oribus
1026 1893 1333 1949 innumeris
1385 1893 1697 1964 inexplebili
1745 1894 1917 1948 ventri

340 1987 520 2042 cibum
547 1985 924 2041 transmittens
957 1984 1077 2038 :cui
1103 1985 1251 2037 nulla
1278 1998 1518 2054 unquam
1547 1984 1795 2038 lucrandi
1824 1999 1915 2039 sa-

339 2080 502 2147 tietas
530 2076 782 2143 exsistit;
812 2074 907 2131 sed
943 2075 997 2130 id
1029 2074 1175 2145 quod
1212 2089 1431 2145 semper
1470 2075 1761 2146 accipitur,
1801 2089 1917 2130 ma-

2020 438 2316 501 ἀκόλαστός
2364 439 2478 491 ἐστι
2516 437 2802 507 λογισμὸς,
2832 439 2861 492 ό
2915 439 3050 507 πρὸς
3090 439 3191 502 τάς
3229 439 3507 509 ἐμπαθεῖς
3549 457 3609 495 τε

2021 526 2116 580 καὶ
2154 526 2494 598 ἀκαθάρτους
2522 528 2824 598 ὑπηρεσίας
2853 526 3320 599 ἐξανδραποδίζων
3367 529 3473 601 τὴν
3512 532 3612 601 φύ-

2024 634 2108 671 σιν
2129 633 2143 646 ·
2175 620 2206 688 ἡ
2248 617 2304 670 δὲ
2331 617 2430 688 τῆς
2459 617 2769 682 πλεονεξίας
2799 619 3071 689 τυραννὶς,
3099 620 3219 672 τίνα
3244 621 3306 673 οὑ
3335 622 3615 693 παρέρχε-

2021 725 2111 761 ται
2142 707 2365 779 πικρίας
2399 707 2700 779 ὑπερϐολήν
2724 726 2740 775 ;
2785 708 2850 761 Ἡ
2872 709 2971 779 τὴν
3001 708 3192 764 ἀθλίαν
3221 709 3609 783 δουλωσαμένη

2020 797 2199 869 ψυχὴν
2218 836 2233 861 ,
2262 798 2350 851 ἀεὶ
2377 797 2476 861 τὰς
2502 798 2815 869 ἀπλήστους
2842 799 3014 870 αὐτῆς
3044 800 3340 870 ἐπιθυμίας
3366 801 3613 872 πληροῦν

2019 887 2341 957 ἀναγκάζει,
2381 889 2612 943 πάντοτε
2652 888 2915 959 δεχομένη
2952 890 3048 943 καὶ
3078 889 3334 945 οὐδέποτε
3373 892 3614 963 πληρου-

2024 979 2160 1052 μένη
2179 997 2193 1010 ·
2232 977 2348 1034 οἷόν
2379 998 2433 1034 τι
2468 980 2841 1050 πολυκέφαλον
2870 979 3058 1053 θηρίον
3077 1021 3093 1044 ,
3127 982 3340 1052 μυρίοις
3377 983 3613 1054 στόμασι

2018 1073 2084 1142 τῇ
2120 1071 2429 1144 ἀπληρώτῳ
2469 1072 2669 1142 γαστρὶ
2726 1073 2825 1142 τὴν
2874 1072 3080 1144 τροφὴν
3130 1074 3541 1145 παραπέμπον·

2020 1159 2194 1224 οὐδείς
2239 1177 2369 1214 ποτε
2402 1160 2499 1214 τοῦ
2543 1160 2847 1231 κερδαίνειν
2886 1161 3094 1230 γίνεται
3143 1163 3337 1236 κόρος·
3372 1163 3517 1217 ἀλλά
3555 1166 3617 1218 τὺ

2020 1252 2107 1306 ἀεὶ
2123 1252 2553 1323 λαμϐανόμενον,
2578 1251 2679 1323 ὕλη
2709 1254 2802 1306 καὶ
2824 1252 3156 1323 ὑπέκκαυμα
3186 1257 3287 1325 τῆς
3306 1241 3408 1308 τοῦ
3436 1255 3617 1309 πλείο-

2018 1360 2108 1407 νος
2146 1343 2439 1415 ἐπιθυμίας
2470 1342 2816 1397 καθίσταται.
2856 1343 2953 1408 Τίς
2998 1343 3178 1397 τοίνυν
3214 1343 3310 1397 τὸν
3349 1344 3615 1414 δύστηνον

2017 1434 2207 1490 τοῦτον
2258 1435 2371 1506 βίον
2416 1437 2759 1507 κατανοήσας
2810 1434 3053 1506 ἀνηλεῶς
3089 1436 3182 1489 καὶ
3214 1437 3446 1507 ἀπηνῶς
3482 1438 3617 1509 πρὸς

2017 1526 2116 1591 τὰς
2160 1526 2412 1591 τοιαύτας
2449 1527 2735 1600 συμφορὰς
2765 1527 3097 1595 διατίθεται;
3150 1528 3290 1582 Ἀλλ’
3333 1531 3515 1584 αἴτιον
3556 1531 3615 1583 τὸ

2023 1620 2097 1691 μὴ
2142 1618 2311 1672 ἐλεεῖν
2350 1621 2497 1690 ἡμᾶς
2546 1620 2743 1683 αὐτοὺς
2793 1620 2850 1673 ἐν
2893 1619 3221 1691 ἀναισθησίᾳ
3265 1620 3393 1687 τῶν,
3431 1621 3613 1674 κακῶν

1950 1692 1989 1747 Β
2018 1707 2191 1765 εἶναι’
2219 1706 2330 1766 οἷόν
2352 1729 2403 1765 τι
2432 1713 2728 1782 πάσχουσιν
2759 1712 2808 1764 οἱ
2838 1713 2903 1765 ἐκ
2939 1711 3133 1781 μανίας
3174 1712 3514 1782 παράφοροι,
3544 1706 3614 1765 ὧν

2013 1807 2048 1873 ή
2072 1802 2344 1875 ὑπερϐολὴ
2367 1801 2459 1857 τοῦ
2490 1801 2685 1868 κακοῦ,
2707 1803 2802 1856 καὶ
2826 1803 2926 1874 τὴν
2952 1802 3205 1872 αἴσθησιν
3225 1796 3304 1855 ὧν
3331 1803 3613 1873 πάσχουσι

2014 1895 2450 1966 προσαφῄρηται.
2492 1896 2557 1948 Εἰ
2606 1894 2783 1951 τοίνυν
2816 1912 2904 1960 τις
2948 1896 3138 1948 ἐαυτὸν
3185 1894 3466 1963 ἐπιγνοίη,
3507 1891 3617 1958 οἷὸς

2015 2005 2075 2040 τε
2103 1989 2369 2059 πρότερον
2413 1982 2516 2057 ἦν,
2554 1988 2649 2041 καὶ
2697 1983 2806 2050 οἶος
2836 1987 2930 2040 ἐπὶ
2965 1984 3057 2040 τοῦ
3107 1985 3382 2057 παρόντος
3437 1986 3611 2039 ἐστίν·

2015 2078 2153 2149 φησι
2176 2077 2235 2132 δέ
2269 2095 2370 2131 που
2401 2076 2495 2132 καὶ
2523 2078 2552 2130 ὁ
2591 2077 2861 2149 Σολομῶν,
2890 2078 2972 2131 ὅτι
3001 2080 3066 2131 Ol
3088 2076 3324 2131 ἑαυτῶν
3353 2078 3611 2146 ἐπιγνὼο

339 2170 506 2225 teries
529 2177 694 2238 atque
724 2167 1131 2221 incitamentum
1175 2166 1296 2235 plus
1327 2166 1561 2221 habendi
1597 2166 1798 2236 cupidit

2153 2187 2197 2236 rc
2238 2168 2443 2238 σοφοί·
2486 2168 2736 2223 οὐδέποτε
2767 2168 2931 2222 ἐλεῶν
2971 2171 3000 2224 ὁ
3032 2167 3273 2230 τοιοῦτος
3316 2168 3612 2227 παύσεται.

340 2261 443 2317 lit?
470 2259 604 2327 Quis
633 2260 799 2331 igitur
850 2258 953 2313 hac
994 2256 1199 2312 infelici
1240 2271 1305 2311 ac
1344 2257 1545 2312 misera
1595 2257 1705 2312 vita
1731 2272 1797 2312 co

2154 2262 2185 2316 ἑὲ
2218 2260 2441 2333 τοιαύτῃ
2475 2261 2574 2332 τῆς
2611 2261 2789 2333 ψυχῆς
2828 2260 3065 2314 διαθέσει
3094 2260 3189 2315 καὶ
3226 2263 3256 2314 ὁ
3287 2259 3435 2325 θεῖος
3469 2259 3613 2321 ἔλεος

338 2356 527 2409 derata
553 2361 717 2420 atque
746 2365 1033 2421 perpensa,
1079 2348 1350 2419 ejusmodi
1379 2349 1720 2404 calamitates
1742 2356 1796 2404 et

2153 2372 2160 2407 :
2189 2353 2251 2407 τὸ
2279 2353 2423 2417 εἰκὸς
2454 2352 2827 2423 ἀκολουθήσει.
2871 2352 2961 2405 Διό
2997 2369 3157 2423 φησιν
3183 2367 3198 2382 ο
3233 2350 3538 2419 Μακάριοι
3560 2351 3612 2403 oi

334 2442 623 2499 commoda
655 2458 761 2496 non
801 2442 1097 2497 miseratur
1120 2481 1135 2505 ,
1178 2455 1288 2495 non
1323 2440 1562 2496 humano
1606 2428 1757 2498 more

1683 2458 1757 2498 ire
1792 2441 1913 2497 am-
2021 2446 2367 2517 ἐλεήμονες,
2392 2446 2479 2500 ὅτι
2499 2447 2665 2501 αὐτοὶ
2688 2445 3142 2516 ἐλεηθήσονται.

340 2536 482 2590 citur
527 2541 581 2589 et
645 2531 1057 2587 commovetur?
1107 2528 1242 2584 Nam
1295 2530 1503 2586 idcirco
1560 2534 1926 2604 nosmetipsos
1980 2550 2090 2591 non
2157 2538 2507 2600 miseremur,
2563 2537 2691 2608 quia
2743 2552 2910 2594 sensu
2974 2538 3240 2592 malorum
3309 2549 3611 2596 caremus:

336 2629 498 2699 quale
544 2626 798 2698 quiddam
869 2623 1052 2679 furore
1073 2624 1339 2694 correptis
1363 2623 1586 2689 accidit,
1613 2641 1846 2695 quorum
1886 2626 2258 2700 insuperabile
2312 2631 2515 2685 malum
2593 2630 2756 2685 etiam
2822 2644 3046 2685 sensum
3114 2644 3306 2685 eorum
3355 2644 3483 2700 qua!
3527 2645 3615 2699 pa-

338 2720 550 2775 tiuntur
596 2719 818 2787 insuper
866 2717 1089 2771 ademit.
1142 2715 1199 2770 Si
1250 2716 1375 2785 quis
1446 2717 1613 2786 igitur
1641 2718 1882 2789 seipsum
1920 2722 2220 2793 agnoverit,
2246 2723 2427 2793 qualis
2454 2731 2509 2778 et
2544 2723 2695 2794 prius
2728 2731 2897 2788 esset,
2941 2730 2996 2777 et
3026 2721 3206 2793 qualis
3254 2723 3310 2776 in
3351 2725 3614 2792 praesenti

337 2810 410 2864 sit
441 2808 538 2880 (ait
577 2810 720 2865 enim
771 2806 933 2862 etiam
999 2806 1256 2861 Salomon
1316 2806 1539 2870 alicubi,
1581 2806 1727 2877 quod
1785 2809 1883 2879 qui
1946 2812 2158 2882 seipsos
2200 2821 2539 2885 cognoscunt
2586 2820 2641 2867 et
2686 2821 3023 2878 scrutantur,
3059 2813 3338 2883 sapientes
3364 2814 3530 2881 sint),
3572 2814 3614 2867 is

337 2916 614 2971 nunquam
646 2899 855 2955 desinet
883 2900 1132 2956 miserari
1166 2921 1177 2954 :
1248 2902 1410 2955 talem
1481 2915 1661 2957 autem
1713 2904 1910 2960 anima:
1946 2906 2288 2963 affectionem
2317 2907 2686 2971 ctiamdivina
2716 2908 2971 2962 nimirum
2999 2907 3379 2962 misericordia
3415 2923 3615 2965 conse-

329 3007 555 3068 quetur.
589 2998 950 3064 Quamobrem
1017 2999 1093 3053 ait
1133 3017 1145 3051 :
1215 2998 1371 3052 Beati
1424 3001 1812 3065 misericordes,
1833 3005 2083 3073 quoniam
2112 3006 2216 3075 ipsi
2243 3003 2664 3059 misericordiam
2692 3013 3089 3074 consequentur.
3116 3014 3130 3025 '

405 3089 534 3158 Ipsi,
559 3104 667 3143 non
700 3090 790 3143 alii
815 3108 828 3143 :
860 3104 953 3158 per
981 3090 1083 3142 hoc
1109 3090 1254 3144 enim
1276 3103 1475 3144 nomen
1505 3089 1841 3158 declaratur,

2157 3096 2260 3148 ὅτοὶ
2309 3095 2429 3164 οὐχὶ
2479 3094 2688 3165 ἕτερον
2733 3094 2792 3147 ἐν
2837 3092 3009 3162 τούτῳ
3052 3091 3160 3164 γάρ
3212 3091 3510 3163 σαφηνίζει
3560 3090 3616 3145 τὸ

337 3186 384 3239 si
424 3183 549 3254 quis
597 3183 746 3237 dicat
780 3201 794 3238 :
838 3181 1063 3237 Beatum
1105 3190 1189 3236 est
1215 3181 1415 3236 habere
1452 3198 1641 3237 curam
1669 3187 1918 3254 corporis

338 3274 613 3329 sanitatis.
650 3271 782 3326 Nam
819 3272 909 3342 qui
940 3287 1129 3327 curam
1180 3272 1367 3336 habet,
1403 3275 1522 3343 ipse
1574 3274 1630 3328 in
1684 3276 1919 3331 sanitate

339 3368 522 3420 vivet:
563 3367 637 3419 ita
673 3364 1214 3435 misericorsbeatus
1232 3362 1636 3429 esthabendus,
1654 3367 1916 3435 quoniam

338 3460 551 3513 fructus
589 3455 982 3512 misericordia:
1018 3455 1300 3526 proprium
1386 3472 1552 3512 onum
1601 3460 1919 3517 misericor-

337 3551 423 3607 dis
474 3547 881 3614 exsistit,-sive
935 3547 1092 3617 juxta
1132 3563 1277 3603 nunc
1335 3557 1605 3620 repertam
1666 3566 1696 3605 a
1760 3552 1918 3607 nobis

309 3643 604 3697 .rationem
638 3640 787 3696 dicta
811 3640 1207 3712 intelligantur,
1256 3656 1377 3697 sive
1427 3642 1766 3713 etiamjuxta
1796 3659 1915 3700 eam

337 3747 460 3802 quae
487 3742 612 3787 ante
637 3730 889 3787 discussa
913 3739 1078 3801 atque
1103 3731 1375 3802 explicata
1416 3740 1520 3796 est,
1562 3732 1630 3788 de
1672 3749 1739 3789 eo
1770 3735 1916 3801 dico,

336 3823 511 3893 quiin
535 3821 729 3877 alienis
755 3821 1164 3877 calamitatibus
1205 3822 1376 3876 animi
1414 3823 1817 3880 eondolentiam
1862 3833 1917 3882 et

340 3912 776 3984 compassionem
798 3910 1039 3967 ostendit
1072 3930 1085 3965 :
1114 3904 1281 3967 simili
1307 3915 1453 3969 enim
1485 3923 1783 3987 utrumque
1812 3933 1916 3972 ra-

341 4005 489 4060 tione
529 4005 733 4059 bonum
785 4010 893 4065 est,
946 4011 1001 4059 et
1028 4003 1294 4074 seipsum,
1321 4004 1480 4074 juxta
1505 4006 1676 4063 modo
1705 4007 1912 4063 dictam

341 4095 630 4159 rationem,
702 4094 977 4162 miserari,
1049 4103 1103 4149 et
1154 4094 1544 4153 condolescere
1594 4098 1914 4163 infortuniis

340 4195 504 4256 atque
541 4185 948 4241 calamitatibus
980 4185 1378 4253 proximorum,
1435 4197 1727 4259 propterea
1761 4178 1909 4262 quod

335 4283 545 4349 justum
601 4276 692 4333 Dei
723 4277 993 4347 judicium
1035 4277 1275 4334 hominis
1317 4279 1583 4336 adversus
1620 4281 1913 4340 inferiores

286 4388 295 4392 -
339 4380 394 4424 et
431 4369 707 4425 tenuiores
733 4383 1060 4439 propensam
1088 4369 1419 4426 voluntatem
1440 4372 1498 4426 in
1525 4386 1787 4443 suprema
1816 4388 1913 4441 po-

341 4470 540 4517 testate
566 4462 923 4526 demonstrat,
941 4468 999 4515 ut
1030 4461 1605 4534 homoquodammodo
1624 4464 1710 4520 sui
1737 4466 1912 4535 ipsius
1947 4458 1988 4511 Ι)

337 4550 503 4620 judex
541 4554 631 4617 sit,
651 4553 755 4608 sibi
788 4553 903 4621 ipse
936 4554 1260 4609 sententiam
1277 4554 1457 4610 ferens
1485 4555 1541 4609 in
1566 4556 1910 4612 subditorum

343 4642 527 4697 causis
552 4640 887 4711 iudicandis.
918 4639 1191 4706 Quoniam
1226 4641 1391 4712 igitur
1417 4641 1664 4696 creditur
1693 4652 1748 4698 et
1779 4658 1904 4699 vere

341 4734 581 4788 creditur
612 4731 853 4787 futurum
883 4746 1007 4788 esse
1032 4740 1093 4786 ut
1122 4733 1302 4788 omnis
1337 4732 1567 4787 humana
1603 4741 1795 4788 natura
1818 4733 1916 4787 tri-

336 4825 528 4885 bunali
556 4823 759 4879 Christi
789 4825 1041 4888 sistatur,
1073 4830 1137 4878 ut
1167 4819 1395 4891 recipiat
1423 4823 1655 4895 quisque
1668 4839 1768 4895 per
1793 4838 1915 4878 cor-

342 4933 445 4986 pus
481 4916 703 4986 praemia
742 4916 897 4986 paria
937 4915 1119 4980 l'actis,
1143 4914 1260 4968 sive
1294 4915 1520 4979 bonum,
1553 4915 1671 4971 sive
1707 4915 1911 4968 malum

342 5008 469 5079 quis
496 5007 687 5062 fecerit
746 5005 947 5075 (dicam
1004 5005 1235 5059 forsitan
1287 5005 1450 5061 etiam
1487 5005 1694 5077 aliquid
1745 5004 1916 5059 auda-

342 5100 509 5169 cius),
546 5100 590 5153 si
629 5097 743 5153 fieri
773 5104 954 5168 potest
1007 5107 1066 5151 ut
1094 5110 1293 5152 arcana
1315 5096 1519 5167 pariter
1541 5106 1594 5153 et
1628 5098 1802 5152 visum
1832 5098 1915 5152 ef-

343 5189 604 5262 fugientia
666 5191 879 5245 ratione
939 5187 1493 5258 comprehcndamus,
1557 5190 1720 5245 etiam
1765 5205 1914 5246 nunc

342 5283 556 5337 beatam
589 5295 781 5335 eorum
832 5280 929 5350 qui
996 5279 1431 5335 misericordiam
1481 5292 1913 5350 consequuntur,

342 5370 841 5426 remunerationem
911 5368 1348 5423 animadvertere
1418 5369 1563 5423 licet.
1611 5368 1745 5424 Nam
1793 5385 1915 5440 qua!

343 5456 609 5512 adversus
641 5472 736 5511 eos
760 5458 852 5526 qui
886 5473 979 5527 per
1006 5458 1108 5511 hoc
1150 5457 1412 5512 saeculum
1453 5458 1505 5511 in
1539 5458 1648 5511 vita
1693 5459 1912 5513 miseri-

344 5547 591 5601 cordiam
650 5547 909 5601 exhibent
981 5548 1200 5603 exsistit
1261 5547 1316 5600 in
1370 5548 1569 5604 animis
1629 5547 1909 5603 hominum

337 5635 743 5699 benevolentia,
795 5651 857 5690 ea
912 5638 1169 5692 nimirum
1226 5638 1279 5693 in
1344 5647 1666 5708 perpetuum
1731 5647 1913 5695 manet

2019 3187 2224 3257 ὄνομα,
2256 3188 2332 3251 ὡς
2382 3187 2450 3240 ἂν
2483 3187 2536 3239 εί
2569 3201 2653 3248 τις
2698 3184 2865 3252 λέγει,
2899 3182 3186 3255 Μακάριόν
3217 3184 3335 3235 ὲστι
3380 3183 3440 3236 τὸ
3492 3185 3616 3236 ἐπι-

2023 3277 2304 3348 μελεῖσθαι
2329 3276 2428 3347 τῆς
2457 3274 2774 3346 σωματικῆς
2816 3273 3044 3342 ὑγιείας.
3087 3273 3146 3324 '.O
3174 3271 3283 3344 γὰρ
3314 3271 3617 3343 ἐπιμελού-

2023 3352 2201 3440 μενος,
2237 3369 2397 3432 αὑτὸς
2444 3370 2503 3422 ὲν
2548 3365 2726 3436 ὑγιεία
2771 3364 3064 3445 βιώσεται]
3098 3364 3270 3426 οὓτως
3299 3365 3331 3416 ὁ
3358 3363 3616 3434 ἐλεήμων

2021 3461 2138 3513 ἐστὶ
2172 3459 2526 3533 μακαριστὸς,
2557 3459 2638 3512 ὅτι
2662 3459 2691 3511 ὁ
2719 3458 2928 3528 καρπὸς
2947 3456 3040 3510 τοῦ
3062 3456 3211 3509 ἐλέου
3258 3454 3391 3509 [διον
3420 3457 3615 3527 κτῆμα

2018 3551 2110 3605 τοῦ
2141 3550 2417 3613 ἐλεοῦντος
2447 3549 2683 3617 γίνεται·
2714 3550 2823 3602 εἴτε
2855 3547 2995 3602 κατὰ
3026 3548 3117 3601 τὸν
3145 3547 3242 3601 νῦν
3271 3548 3405 3618 ἡμῖν
3451 3549 3615 3618 εὑρε-

2020 3643 2179 3697 θέντα
2211 3641 2396 3710 λόγονο
2426 3640 2535 3693 εἴτε
2565 3638 2707 3694 κατά
2738 3638 2829 3693 τὸν
2861 3636 3361 3711 προεξητασμένον,
3392 3638 3488 3694 τὸν
3517 3641 3613 3693 ἐπὶ

2017 3733 2125 3786 τῶν
2164 3732 2456 3803 ἀλλοτρίων
2488 3730 2631 3800 λέγω
2661 3730 2954 3802 συμφορῶν
2990 3730 3274 3783 δεικνύντα
3300 3732 3401 3801 τῆς
3424 3730 3613 3802 ψυχῆς

2017 3826 2115 3898 τὴν
2146 3825 2487 3896 συμπάθειαν
2506 3840 2520 3855 ’
2550 3823 2752 3893 ἀγαθὸν
2781 3823 2889 3894 γὰρ
2917 3823 3116 3894 ὁμοίως
3143 3821 3421 3893 ἑκάτερον,
3452 3824 3517 3876 τό
3543 3839 3608 3876 τε

2017 3918 2209 3972 ἐαυτὸν
2237 3918 2404 3971 ἐλεεῖν
2425 3917 2566 3971 κατὰ
2592 3916 2680 3970 τὸν
2701 3914 2992 3987 εἰρημένον
3018 3915 3239 3986 τρόπον,
3265 3914 3359 3968 καὶ⁵
3379 3915 3440 3967 τὸ
3466 3932 3611 3985 συμο

2019 4011 2247 4081 πάσχειν
2272 4012 2391 4072 ταῖς
2413 4008 2776 4079 δυσπραγίαις
2795 4005 2905 4060 τῶν
2941 4005 3127 4069 πέλας·
3155 4005 3288 4059 διότι
3314 4006 3374 4059 τὸ
3393 4005 3608 4059 δίκαιον

2015 4104 2116 4175 τῆς
2150 4102 2299 4166 θείας
2332 4101 2586 4174 κρίσεως,
2618 4099 2717 4172 τὴν
2746 4100 2838 4153 ἐπὶ
2868 4100 2979 4153 τῶν
3022 4100 3463 4170 καταδεεστέρων
3508 4099 3604 4153 τοῦ

2017 4194 2302 4266 ἀνθρώπου
2333 4193 2651 4265 προαίρεσιν
2673 4232 2688 4256 ,
2736 4191 2830 4243 ἐπὶ
2857 4190 2958 4261 τῆς
2986 4189 3358 4261 ὑπερεχούσης
3386 4189 3606 4244 δείκνυ-

2013 4305 2102 4340 ται
2126 4284 2394 4352 ἐξουσίας⁹
2426 4284 2569 4338 ὥστε
2597 4282 2797 4353 τρόπον
2818 4281 2937 4335 τινὰ
2955 4280 3149 4335 ἑαυτοῦ
3177 4280 3436 4353 δικαστὴν
3462 4279 3602 4336 εἶναι

2013 4379 2107 4431 τὸν
2132 4378 2437 4448 ἄνθρωπον,
2469 4374 2647 4445 ἐαυτῷ
2675 4374 2773 4445 τὴν
2801 4372 2981 4444 ψῆφον
3014 4374 3074 4427 ἐν
3101 4375 3167 4445 τῇ
3198 4372 3308 4427 τῶν
3339 4373 3602 4445 ὑπηκόων

2014 4469 2247 4540 φέροντα
2297 4468 2495 4539 κρίσει.
2568 4464 2782 4535 Ἐπειδὴ
2841 4452 3018 4541 τοίνυν
3069 4463 3449 4529 πεπίστευται,
3505 4466 3600 4519 καὶ

2014 4558 2230 4629 ἀληθῶς
2261 4558 2635 4625 πεπίστευται,
2671 4558 2853 4611 πᾶσαν
2886 4554 3343 4627 παραστήσασθαι
3374 4555 3475 4626 τὴν
3505 4557 3599 4610 ἀν-

2014 4652 2041 4704 θ
2051 4652 2288 4721 ρωπίνην
2307 4650 2465 4719 φύσιν
2477 4648 2555 4720 τῷ
2578 4649 2779 4720 βήματι
2802 4648 2895 4702 τοῦ
2915 4647 2958 4701 X
2970 4646 3176 4720 ριστοῦ,
3196 4647 3286 4700 ἵνα
3301 4648 3597 4719 κομίσηται

2013 4742 2241 4806 ἕκαστος
2275 4741 2343 4795 τὰ
2378 4741 2466 4795 διὰ
2494 4739 2589 4794 τοῦ
2621 4740 2874 4810 σώματος
2895 4779 2910 4803 ,
2941 4738 3077 4811 πρὸς
3112 4738 3147 4792 ἃ
3176 4736 3450 4810 ἔπραξεν,
3489 4740 3596 4793 εἴτε

2015 4833 2236 4898 ἀγαθὸν,
2257 4834 2364 4886 εἴτε
2386 4831 2607 4900 φαῦλον·
2633 4831 2774 4902 τάχα
2802 4832 2895 4885 καὶ¹
2912 4829 3179 4901 τολμηρὸν
3202 4832 3379 4884 εἰπεῖν
3394 4847 3409 4862 ·
3435 4832 3488 4883 εἰ
3513 4830 3599 4883 δυ-

2018 4923 2172 4976 νατόν
2205 4925 2319 4975 ἐστι
2347 4922 2418 4976 τὰ
2448 4923 2734 4994 ἀπόρρητα
2764 4921 2860 4975 καὶ
2894 4920 3099 4974 ἀθέατα
3118 4919 3365 4991 λογισμῷ
3387 4920 3594 4984 λαϐεῖν,

2020 5016 2112 5067 καὶ
2137 5012 2237 5083 ἤδη
2259 5011 2318 5065 τὸ
2344 5013 2612 5083 μακάριον
2644 5011 2743 5080 τῆς
2774 5010 3094 5072 ἀντιδόσεως
3124 5009 3233 5062 τῶν
3263 5008 3596 5081 ἐλεουμένων

2019 5102 2370 5172 κατανοῆσαι.
2426 5102 2489 5154 Ἢ
2514 5101 2621 5171 γὰρ
2658 5099 2983 5169 ἐγγινομένη
3014 5102 3136 5162 ταῖς
3160 5098 3364 5170 ψυχαῖς
3392 5100 3593 5167 εὔνοια,

2019 5191 2156 5263 πρὸς
2185 5192 2309 5255 τοὺς
2345 5190 2435 5244 τὸν
2467 5189 2612 5243 ἔλεον
2644 5188 3133 5258 ἐπιδεικνυμένους,
3170 5189 3321 5259 παρᾶ
3360 5192 3457 5245 τὸν
3489 5193 3597 5263 βίον

2018 5283 2076 5335 ἐν
2101 5284 2166 5352 τῇ
2206 5282 2317 5353 ζωῇ
2344 5282 2515 5335 εἰσαεὶ
2549 5280 2687 5335 κατά
2715 5280 2775 5332 τὸ
2807 5278 2951 5342 εἰκὸς
2979 5279 3285 5349 παραμένει
3326 5285 3445 5345 τοῖς
3476 5301 3595 5353 μετ-

2011 5374 2267 5445 εσχηκόσι
2298 5374 2396 5444 τῆς
2434 5375 2673 5445 χάριτος.
2705 5370 2769 5424 Τί
2790 5366 2893 5425 οὖν
2919 5370 3064 5433 εἰκὸς
3096 5372 3154 5423 ἐν
3180 5371 3259 5441 τῷ
3285 5373 3471 5444 καιρῷ
3503 5375 3593 5443 τῆς

2009 5464 2327 5528 ἐξετάσεως,
2359 5465 2406 5516 εἰ
2445 5460 2808 5531 ἐπιγνωσθείη
2837 5458 2987 5530 παρά
3013 5457 3121 5511 τῶν
3146 5454 3205 5512 εὖ
3247 5463 3592 5516 πεπονθότων

2005 5555 2032 5605 ὁ
2064 5553 2376 5623 εὐεργέτης,
2413 5553 2560 5615 ὅπως
2597 5550 2971 5622 διατεθήσεται
3006 5549 3105 5620 τὴν
3132 5549 3315 5621 ψυχὴν
3346 5553 3443 5606 ἐπὶ
3478 5556 3588 5616 ταῖς

2012 5642 2350 5715 εὐχαρίστοις
2378 5645 2581 5713 φωναῖς
2610 5642 2698 5697 ἐπὶ
2723 5641 2866 5719 9εοῦ
2903 5641 3079 5712 πάσης
3112 5640 3212 5711 τῆς
3242 5643 3478 5711 κτίσεως
3507 5647 3587 5699 εὑ·
