3696 5986
424 149 456 185 ο

95 225 227 282 1261

1155 223 1242 277 DE
1274 221 1870 278 BEATITUDINIBUS.
1908 220 2166 277 ORATIO
2197 222 2256 276 V.

3206 227 3225 279 Ι
3236 227 3341 282 “2.62

92 345 477 416 φημούμενοςς
508 339 655 415 τΑρά
682 361 824 407 τινος
847 343 1004 397 ἄλλου
1035 345 1382 415 μακαρισμοῦ
1413 344 1670 416 προσδεη-

1847 343 1924 398 ud
1955 359 2052 399 eos
2093 343 2186 412 qui
2225 343 2371 398 illius
2416 343 2602 413 gratia:
2645 351 2810 411 atque
2853 341 3012 396 officii
3049 343 3343 414 participes

92 437 342 506 θήσεται,
369 437 397 488 ό
426 437 482 487 ὲν
512 435 750 504 τοσούτῳ
781 434 992 506 θεάτρῳ
1019 433 1115 488 ἐπὶ
1141 437 1252 498 τοῖς
1284 436 1524 506 ἀρίστοις
1549 436 1680 487 ἀνα-

91 527 532 598 κηρυττόμενος;
563 527 636 579 Τὸ
661 525 766 597 γὰρ
798 528 1052 596 παρεῖναι
1084 527 1208 590 τοὺς
1234 522 1290 579 εὖ
1321 524 1676 589 πεπονθότας,

89 619 119 686 ἡ
161 616 260 669 τοῦ
296 616 628 684 Εὑαγγελίου
675 615 916 668 διδάσκει
961 615 1146 686 φωνὴ,
1175 617 1233 668 ὲν
1275 619 1343 686 τῇ
1383 615 1518 686 πρὸς
1551 615 1676 677 τοὺς

87 709 331 771 δικαίους
361 710 454 760 καὶ
487 710 552 777 τῇ
582 707 718 778 πρὸς
748 707 874 769 τοὺς
904 706 1260 776 ἁμαρτωλοὺς
1289 705 1381 760 τοῦ
1414 705 1674 776 βασιλέως

91 799 294 868 κρίσει.
347 799 489 868 Πρὸς
538 797 880 868 ἀμφοτέρους
912 797 1022 868 γὰρ
1054 796 1130 867 τῷ
1159 797 1412 869 δεικτικῷ
1457 798 1672 869 χρῆται,

89 891 258 944 οἱονεὶ
312 889 560 960 δακτύλῳ
613 889 674 942 τὸ
726 887 1120 959 ὑπερκείμενον
1178 888 1479 956 γνωρίσαςο
1552 889 1674 956 Ἐφ’

90 981 247 1035 ὅσον
273 981 596 1050 ἐποιήσατε
617 979 707 1033 ἐνὶ
731 980 956 1032 τούτων
983 977 1102 1031 τῶν
1125 977 1402 1047 ἀδελφῶν
1423 995 1534 1046 μου
1561 976 1681 1030 τῶν

88 1071 453 1139 ἐλαχίστων.
490 1073 563 1124 Τὸ
594 1073 703 1140 γάρ
740 1069 954 1122 Τούτων
987 1071 1190 1134 εἰπεῖν,
1225 1070 1324 1140 τὴν
1373 1068 1480 1122 τῶν
1521 1068 1680 1120 εὑπε-

90 1163 368 1216 πονθότων
395 1163 697 1234 παρουσίαν
725 1161 1078 1214 ἐνδείκνυται.

89 1257 183 1310 ubi
202 1273 296 1311 rex
323 1257 565 1326 etjustis
596 1263 649 1310 et
693 1253 1079 1324 peccatoribus
1103 1255 1418 1324 respondet.
1461 1254 1540 1307 Ad
1593 1259 1856 1322 utrosque
1899 1255 2046 1308 enim
2097 1255 2548 1310 demonstrativis
2590 1257 2774 1312 verbis
2816 1257 3007 1322 utitur,

1777 437 2004 490 fuerint.
2033 435 2171 501 Quid
2203 435 2386 505 igitur,
2446 436 2491 490 si
2527 434 2840 490 benefactor
2885 435 2938 488 in
2970 443 3212 505 tempore
3263 436 3348 490 in-

1775 525 2091 592 quisitionis
2124 526 2346 597 agnitus
2375 527 2445 581 sit
2470 526 2539 580 ab
2579 527 2647 582 iis
2706 529 2798 597 qui
2823 527 3086 582 beneﬁcio
3113 529 3233 595 ejus
3261 531 3346 582 usi

1775 616 2006 688 fuerint,
2027 618 2302 686 quomodo
2337 617 2633 673 verisimile
2672 625 2755 672 est
2807 633 2952 683 eum,
2988 619 3114 672 dum
3147 619 3347 688 jucun-

1773 709 1860 763 dis
1886 682 1943 763 et
1966 709 2138 777 gratis
2165 709 2392 765 vocibus
2417 724 2600 764 coram
2632 709 2741 764 Deo
2760 711 2939 764 omnis
2959 719 3225 764 creatura:
3253 727 3348 765 ex-

1775 799 2011 868 cipietur
2061 808 2225 869 atque
2277 800 2664 862 celebrabitur,
2694 800 2878 854 animo
2914 800 3165 854 affectum
3234 801 3348 854 iri?

1777 890 2022 960 nunquid
2065 891 2246 960 aliqua
2271 892 2375 945 alia
2427 892 2765 948 beatitudine
2802 893 3027 963 insuper
3069 909 3210 963 opus
3247 893 3345 946 ha-

1778 981 1952 1044 bebit,
1989 981 2080 1050 qui
2114 981 2168 1034 in
2204 988 2314 1034 tam
2350 980 2620 1052 frequenti
2650 983 2865 1038 theatro
2893 985 2962 1038 ob
2993 1000 3080 1039 res
3109 984 3346 1053 optimas

1782 1071 1942 1138 quasi
1973 1071 2245 1140 praeconis
2272 1086 2407 1125 voce
2437 1072 2780 1126 celebretur?
2815 1089 2937 1127 nam
2967 1073 3112 1144 quod
3143 1073 3345 1133 adsint.

1783 1161 1876 1230 qui
1938 1161 2265 1216 beneficium
2315 1166 2646 1232 acceperint,
2685 1165 2842 1220 docet
2889 1165 3166 1236 Evangelii
3216 1181 3345 1226 vos.

3088 1265 3349 1326 tanquam

86 1350 266 1421 digito
291 1349 538 1404 indicans
573 1349 878 1417 subjectum
913 1368 928 1405 :
958 1347 1234 1411 Quatenus
1272 1339 1472 1419 fecistis
1514 1347 1602 1398 imi
1630 1360 1694 1398 ea:
1731 1344 1812 1399 his
1844 1345 2102 1414 fratribus
2143 1349 2268 1402 meis
2337 1348 2569 1402 minimis
2586 1349 2654 1405 ³⁷.
2699 1347 2802 1404 Per
2833 1351 2934 1403 hoc
2976 1349 3144 1414 enim,
3203 1347 3350 1419 quod

87 1444 251 1508 dixit,
309 1444 384 1498 Ex
420 1445 524 1507 bis,
557 1459 745 1498 eorum
797 1446 998 1513 quibus
1041 1444 1384 1500 benefactum
1441 1441 1604 1494 fuerit
1643 1439 1989 1508 prmsentiam
2018 1438 2280 1493 ostendit.

165 1541 280 1594 Νῦν
311 1557 401 1610 μοι
433 1540 638 1608 λεγέτω
665 1542 693 1594 ὀ
723 1540 818 1610 τὴν
846 1540 1051 1612 ἄψυχον
1085 1542 1215 1611 ὑλην
1243 1541 1349 1594 τῶν
1374 1538 1670 1610 χρημάτων

1847 1535 2001 1588 Dicat
2061 1551 2206 1590 nunc
2259 1536 2433 1599 mihi,
2490 1537 2581 1606 qui
2640 1537 2936 1590 inanimam
2990 1538 3346 1607 pecuniarum

89 1633 376 1705 προτιμῶν
402 1632 497 1702 τῆς
529 1631 824 1702 μελλούσης
849 1633 1274 1703 μακαριότητος’
1295 1632 1428 1685 Ποία
1446 1631 1670 1702 χρυσίου

1847 1628 2060 1681 ηενίοιι]
2122 1627 2320 1682 futura:
2368 1629 2696 1683 beatitudini
2742 1627 2958 1698 praefert
2989 1669 3003 1692 ,
3043 1625 3174 1691 Quis
3226 1631 3347 1684 auri

89 1726 416 1796 λαμπρότης
451 1723 710 1794 τοιαύτης
756 1725 912 1787 Τίνες
938 1725 1062 1780 ,τῶν
1097 1725 1476 1797 πολυτιμήτων
1513 1721 1673 1774 λίθων

93 1818 264 1886 αὑγαί
285 1836 299 1882 ;
329 1817 423 1879 Τίς
451 1815 508 1881 ἐξ
530 1816 842 1886 ἐνδυμάτων
862 1815 1064 1886 κόσμος
1083 1815 1344 1878 τοιοῦτος,
1367 1810 1478 1868 οἷον
1501 1815 1675 1867 ἐκεῖνο

91 1910 155 1962 τὸ
183 1906 389 1974 ἀγαθον
413 1909 446 1976 ἡ
474 1905 626 1967 ἐλπὶς
650 1906 993 1970 ὑποτίθεται;
1019 1907 1186 1960 Ὅταν
1205 1907 1232 1959 ὀ
1255 1904 1548 1975 βασιλεύων
1573 1905 1673 1974 τῆς

91 2000 325 2061 κτίσεως
359 1999 549 2051 ἑαυτὸν
577 1997 897 2069 άνακαλύψῃ
929 2001 996 2068 τῇ
1026 1997 1338 2069 ἀνθρωπίνη
1374 1997 1554 2066 φύσει,
1581 1997 1674 2050 ἐπὶ

88 2091 186 2145 τοῦ
243 2089 450 2159 ὑψηλοῦ
512 2089 699 2159 Θρόνου
755 2089 1188 2160 μεγαλοπρεπῶς
1237 2087 1670 2160 προκαθήμενος,

88 2185 221 2237 ὅταν
276 2182 484 2252 ὀφθῶσι
533 2182 662 2251 περὶ
713 2181 874 2234 αὑτὸν
919 2183 973 2233 αἱ
1012 2179 1372 2250 ἀναρίθμητοι
1417 2178 1674 2250 μυριάδες

88 2275 203 2330 τῶν
228 2274 495 2342 ἀγγέλων,
521 2273 615 2326 καὶ
637 2271 700 2342 δὴ
729 2273 855 2326 ὅταν
884 2274 940 2326 ὲν
967 2271 1263 2340 ὀφθαλμοῖς
1286 2271 1510 2342 γένηται
1540 2270 1674 2325 πάν·

88 2384 202 2420 των
235 2367 542 2436 ἀπόρρητος
574 2362 682 2416 τῶν
720 2362 964 2432 οὐρανῶν
1012 2361 1254 2431 βασιλεία
1275 2404 1289 2426 ,
1347 2363 1440 2414 καὶ
1469 2361 1674 2415 ἀναδει-

89 2457 196 2527 χθῇ
228 2456 392 2508 πάλιν
442 2456 506 2506 ὲκ
549 2452 643 2505 τοῦ
677 2453 919 2505 ἐναντίου
962 2452 1032 2505 τὰ
1070 2451 1273 2522 φοϐερὰ
1308 2451 1633 2521 κολαστήρια
1658 2466 1670 2478 °

85 2552 144 2604 ὲν
204 2549 356 2620 μέσῳ
421 2542 478 2595 δὲ
513 2542 716 2595 τούτων
751 2543 958 2611 πᾶσαή
992 2533 1300 2612 ἀνθρωπίνή
1349 2540 1528 2610 φύσις,
1567 2539 1674 2593 τῶν

89 2633 202 2686 ἀπὸ
235 2633 456 2704 πρώτης
483 2633 711 2696 κτίσεως
744 2632 838 2686 καὶ
883 2633 1043 2703 μέχρι
1072 2633 1170 2703 τῆς
1195 2631 1286 2684 τοῦ
1318 2632 1517 2693 παντὸς
1546 2649 1675 2702 συμ-

90 2723 428 2794 πληρώσεως
461 2723 780 2792 γεγονότων,
812 2723 962 2794 φόϐῳ
988 2741 1046 2775 τε
1073 2723 1166 2776 καὶ
1193 2722 1369 2775 ἐλπίδι
1409 2723 1516 2775 τῶν
1543 2723 1673 2793 μελ-

90 2811 292 2865 λόντων
332 2815 537 2885 ἑστήκῃ
567 2814 856 2884 μετέωρος,
888 2816 953 2883 τῇ
997 2814 1080 2882 ἐφ’
1110 2813 1345 2882 ἑκάτερα
1376 2813 1482 2866 τῶν
1515 2831 1675 2885 προσ-

89 2905 416 2976 δοκωμένων
439 2906 659 2960 ἐκϐάσει
691 2905 1086 2976 κραδαινομένη
1125 2905 1383 2968 πολλάκις
1403 2922 1416 2935 ο
1445 2907 1536 2958 καὶ
1565 2906 1672 2958 τῶν

1775 1718 2035 1787 splendor
2115 1720 2431 1788 ejusmodi?
2505 1723 2596 1790 qui
2678 1722 3038 1791 pretiosorum
3105 1721 3345 1791 lapidum

1777 1807 2062 1876 fulgores?
2093 1795 2216 1879 quis
2261 1810 2706 1866 indumentorum
2739 1820 2968 1864 ornatus
2999 1811 3143 1876 talis,
3189 1811 3350 1880 quale

1776 1894 1979 1949 bonum
2028 1897 2161 1951 illud
2211 1913 2334 1953 esse
2383 1914 2508 1967 spes
2560 1899 2804 1969 suggerit
2849 1908 3013 1970 atque
3051 1901 3345 1971 proponit,

1775 1999 1900 2039 cum
1933 2002 2026 2041 rex
2057 1995 2324 2043 creaturae
2349 1990 2404 2044 in
2433 1991 2653 2044 sublimi
2679 1991 2820 2046 solio
2850 1992 3037 2060 gloriae
3065 1991 3349 2062 magniﬁce

1777 2077 2096 2147 prmsidens,
2149 2079 2404 2136 humanae
2457 2089 2670 2136 natura!
2719 2096 2842 2136 sese
2899 2083 3243 2148 revelaverit,
3292 2092 3349 2138 et

1775 2165 2223 2234 conspiciendum
2290 2169 2626 2238 praebuerit,
2688 2184 2812 2224 cum
2900 2171 3107 2225 circum
3165 2172 3347 2242 ipsum

1776 2252 2207 2313 innumerabiles
2269 2261 2586 2328 angelorum
2636 2262 2766 2318 visa:
2826 2261 3031 2316 fuerint
3080 2262 3345 2332 legiones,

1777 2353 1939 2416 atque
1973 2346 2108 2401 adeo
2141 2363 2264 2403 cum
2301 2351 2354 2404 in
2391 2355 2564 2410 oculis
2597 2357 2845 2412 omnium
2882 2357 3046 2413 fuerit
3083 2374 3347 2414 arcanum

1773 2445 1828 2490 et
1857 2437 2128 2494 ineffabile
2177 2441 2309 2496 illud
2352 2460 2578 2515 regnum
2613 2449 2876 2503 caelorum
2898 2491 2914 2516 ,
2947 2465 3012 2506 ac
3051 2466 3245 2506 rursus
3273 2467 3342 2506 ex

1774 2530 2050 2586 contrario
2097 2531 2470 2590 demonstrata
2519 2537 2721 2595 fuerint
2755 2542 3016 2597 terribilia
3064 2542 3155 2596 illa
3209 2558 3346 2612 sup-

1775 2619 1977 2689 plicia,
2041 2621 2096 2676 in
2153 2623 2330 2678 medio
2387 2641 2516 2682 vero
2565 2627 2761 2684 horum
2815 2631 2998 2687 omnis
3060 2631 3343 2686 hominum

1775 2718 1968 2763 natura
2008 2713 2101 2782 qui
2158 2728 2188 2766 a
2245 2715 2420 2784 prima
2469 2717 2750 2774 creatione
2805 2736 2980 2790 usque
3031 2721 3097 2774 ad
3159 2736 3342 2776 rerum

1775 2799 2153 2855 universarum
2215 2806 2749 2862 consummationem
2807 2811 2920 2863 nati
2970 2809 3195 2876 fuerint,
3227 2820 3344 2866 tum

1777 2901 1945 2954 metu,
2005 2901 2118 2946 tum
2177 2910 2274 2964 spe
2336 2896 2649 2951 futurorum
2712 2905 2819 2954 stet
2870 2915 3136 2971 suspensa
3184 2910 3348 2972 atque

90 2997 270 3067 ἀγαθῇ
310 2995 607 3066 συνειδήσει
639 2992 1011 3064 συνεζηκότων
1043 2994 1414 3048 ἀπιστούντων
1445 2985 1522 3064 τῷ
1553 2995 1670 3066 μέλ-

1847 2983 2028 3049 llicita,
2087 2984 2141 3038 in
2197 2993 2487 3056 utramque
2518 2995 2728 3057 partem
2781 2999 3010 3046 eventus
3055 3001 3343 3062 exspecta-

90 3090 273 3155 λοντι,
322 3093 451 3146 ὅταν
507 3088 725 3157 ἑτέρους
755 3087 954 3149 ῐδωσιν,
1000 3087 1102 3139 ὑπὸ
1140 3086 1233 3140 τοῦ
1273 3087 1507 3158 πονηροῦ
1544 3105 1669 3140 συν-

88 3181 315 3244 ειδότος,
348 3182 426 3242 είς
451 3180 510 3232 τὸ
537 3178 856 3250 σκυθρωπὸν
888 3180 1062 3232 ἐκεῖνο
1104 3179 1315 3242 σκότος,
1345 3177 1537 3250 ῶσπερ
1567 3180 1670 3233 ὑπό

89 3287 237 3332 τινος
261 3269 458 3338 δημίου
489 3266 917 3338 καθελκομένους
939 3284 953 3329 ;
990 3267 1114 3321 Ἐὰν
1141 3260 1294 3331 οὗτος
1320 3269 1378 3321 ὲν
1405 3269 1671 3340 εὐφήμοις

89 3378 151 3414 τε
202 3361 298 3413 καὶ
342 3360 683 3430 εὑχαρίστοις
727 3361 844 3423 ταῖς
900 3358 1050 3429 παρά
1096 3359 1204 3412 τῶν
1265 3360 1670 3414 εὑπεπονθότων

92 3454 323 3520 φωιαῖς,
367 3450 617 3521 λαμπρὸς
643 3441 708 3521 τῇ
748 3450 1029 3522 παρρησία
1072 3449 1150 3520 τῷ
1189 3453 1362 3520 κριτῇ,
1385 3451 1533 3520 παρὰ
1561 3453 1670 3504 τῶν

91 3545 274 3617 ἔργων
305 3545 718 3615 προσαγάγηται
740 3561 753 3574 ο
793 3543 898 3612 ἆρα
935 3541 1075 3594 κατὰ
1103 3542 1192 3594 τὸν
1232 3542 1406 3611 ὑλώδη
1445 3544 1670 3598 πλοῦτον

91 3633 389 3705 εὑκληρίαν
415 3634 627 3702 ἐκείνην
656 3627 794 3684 εἶναι
819 3630 1120 3698 λογίσεται;
1147 3622 1217 3682 Ἀ
1229 3647 1293 3701 ρα
1317 3629 1524 3696 δέξεται
1551 3633 1670 3686 ἀντὶ

90 3725 202 3777 τῶν
232 3723 448 3791 ἀγαθῶν
487 3722 706 3775 ἐκείνων
739 3721 839 3792 ὅρη
879 3721 1052 3773 πάντα
1091 3720 1183 3772 καὶ
1221 3719 1406 3785 πεδία,
1439 3723 1532 3774 καὶ
1578 3724 1670 3777 νά-

89 3834 222 3878 πας,
257 3815 349 3867 καὶ
381 3813 672 3877 θάλασσαν,
707 3815 788 3876 είς
825 3813 1023 3882 χρυσὸν
1054 3812 1201 3882 αὑτῷ
1237 3813 1670 3885 μεταποιηθέντα

89 3907 378 3977 γενέσθαι;
436 3905 496 3960 Ὀ
551 3906 606 3958 δὲ
658 3906 899 3973 ἀκριϐῶς
955 3906 1214 3974 σφραγίσι
1247 3906 1341 3959 καὶ¹
1378 3906 1666 3979 κλείθροις,

47 4001 193 4054 ,καὶ
249 3998 604 4068 σιδηροδέτοις
656 3997 870 4062 πύλαις,
919 3999 1012 4050 καὶ
1048 3998 1264 4070 ὀχυροῖς
1314 4001 1671 4072 κρυπτηρίοις

90 4089 188 4143 τὸν
250 4088 509 4158 μαμωνὰν
564 4087 941 4158 κατακρύψας,
995 4089 1087 4141 καὶ
1136 4091 1314 4160 πάσης
1357 4091 1571 4160 ἐντολῆς
1609 4091 1670 4144 τὸ

91 4178 420 4232 ἀποκεῖσθαι
449 4177 596 4248 αὑτῷ
628 4179 1082 4250 συγκεχωσμένην
1116 4182 1173 4234 ὲν
1203 4181 1280 4252 τῷ
1315 4182 1538 4254 κρυπτῷ
1573 4183 1669 4254 τὴν

1774 3074 1923 3129 tione
1982 3090 2125 3146 saepe
2185 3084 2459 3140 tremens,
2539 3088 2701 3150 atque
2755 3081 2919 3136 etiam
2976 3083 3043 3138 iis
3093 3084 3346 3153 quicum

1774 3163 1916 3219 bona
1976 3168 2313 3223 conscientia
2371 3171 2604 3226 vixerint
2656 3171 2901 3228 futurum
2951 3174 3030 3228 rei
3092 3186 3344 3230 eventum

1773 3267 2092 3328 suspectum
2125 3261 2454 3318 habentibus
2477 3305 2492 3329 ,
2524 3280 2649 3318 cum
2679 3265 2816 3320 alios
2855 3266 3094 3322 viderint
3119 3283 3148 3320 a
3179 3281 3345 3336 prava

1773 3349 2113 3402 conscientia
2165 3351 2220 3404 in
2258 3351 2511 3408 horridas
2546 3354 2667 3409 illas
2725 3371 2790 3410 ac
2845 3365 3012 3411 tetras
3071 3358 3342 3422 tenebras,

1773 3451 2028 3508 tanquam
2063 3441 2128 3494 ab
2167 3441 2351 3511 aliquo
2398 3444 2656 3499 carnifice
2698 3447 2876 3500 trahi?
2904 3449 2960 3501 Si
3009 3449 3122 3512 hic,
3153 3450 3346 3504 faustis

1772 3529 1977 3600 parncr
2039 3545 2104 3585 ac
2150 3532 2320 3602 gratis
2351 3533 2420 3586 ab
2461 3534 2527 3589 iis
2572 3535 2666 3604 qui
2712 3535 2975 3590 beneficia
3026 3543 3345 3609 acceperint

1771 3623 1932 3678 editis
1966 3624 2194 3679 vocibus
2245 3632 2409 3695 atque
2439 3627 2956 3695 acclamationibus,
2982 3629 3175 3688 fiducia
3214 3648 3345 3704 ope-

1772 3732 1890 3770 rum
1938 3717 2262 3786 magnificus
2313 3733 2378 3772 ac
2429 3719 2749 3788 splendidus
2798 3720 2975 3790 judici
3025 3740 3083 3779 se
3136 3726 3340 3792 sistat,

1772 3807 2020 3876 nunquid
2091 3808 2328 3862 similem
2378 3825 2442 3866 ac
2475 3826 2659 3881 parem
2717 3815 3094 3872 materialibus
3131 3818 3342 3893 divitiis

1771 3898 2089 3954 felicitatem
2115 3915 2180 3954 ac
2204 3900 2597 3958 beatitudinem
2629 3905 2776 3958 illam
2807 3922 2930 3962 esse
2959 3908 3295 3982 existimabit
3319 3912 3343 3963 ?

1771 3990 2017 4060 nunquid
2051 3998 2267 4046 montes
2315 4007 2508 4048 omnes
2557 4003 2611 4049 et
2658 4011 2905 4066 campos,
2957 4007 3012 4053 ct
3058 4000 3252 4064 saltus,
3287 4009 3343 4054 et

1769 4099 1921 4138 mare
1948 4083 2000 4137 in
2030 4099 2224 4137 aurum
2253 4093 2616 4139 transmutata
2648 4103 2746 4157 pro
2772 4089 2878 4146 illis
2907 4090 3065 4147 bonis
3087 4092 3188 4147 sibi
3219 4092 3342 4146 cedi

1771 4192 1836 4231 ac
1881 4176 2019 4229 tradi
2073 4184 2336 4245 pacturus
2385 4176 2502 4232 sit?
2561 4179 2658 4233 ille
2719 4196 2847 4235 vero
2904 4182 2996 4252 qui
3056 4183 3343 4254 diligenter

94 4271 231 4341 ὓλην
265 4271 654 4340 προτιμότερον
681 4269 891 4341 κρίνας,
922 4269 1016 4324 ὲάν
1041 4272 1131 4322 ἐπὶ
1157 4272 1214 4325 τὸ
1248 4274 1518 4328 σκοτεινὸν
1557 4274 1668 4345 πῦρ

1847 4266 2074 4335 piaculis
2107 4275 2161 4321 ct
2211 4267 2491 4332 claustris,
2527 4267 2854 4340 ferratisque
2889 4273 3062 4340 portis
3109 4281 3161 4328 et
3210 4274 3342 4329 tutis

93 4362 192 4415 ἐπὶ
220 4360 459 4430 κεφαλὴν
486 4359 853 4430 κατασὺρηται
874 4378 887 4391 ·
924 4361 1139 4414 πάντων
1167 4363 1315 4434 αὑτῷ
1357 4364 1416 4417 τὺ
1453 4365 1669 4429 ἀπεινὲς

91 4453 192 4508 καὶ
216 4453 487 4522 ἀνήμερον
513 4451 913 4522 προφερόντων,
938 4453 1044 4506 τῶν
1074 4454 1216 4507 κατά
1241 4456 1340 4526 τὴν
1369 4457 1512 4527 ζωὴν
1541 4457 1672 4512 ταύ-

93 4560 197 4613 την
234 4542 686 4611 πεπειραμένων,
729 4540 822 4593 καὶ
876 4540 1166 4608 λεγόντων·
1215 4544 1528 4612 Μνήσθητι
1582 4546 1672 4598 ὅτι

93 4632 392 4695 ἀπέλαϐες
412 4629 600 4698 ἀγαθά
627 4645 741 4684 σου
762 4630 834 4683 ὲν
857 4630 929 4699 τῇ
952 4629 1063 4699 ζωῇ
1084 4647 1220 4686 o’ov'
1246 4633 1669 4700 συναπέκλεισας

94 4727 153 4776 ἐν
182 4724 292 4784 τοῖς
320 4719 636 4792 ὀχυρώμασι
671 4719 764 4772 τοῦ
797 4721 1022 4775 πλούτου
1065 4725 1155 4776 τὸν
1185 4723 1364 4787 ἔλεον,
1407 4726 1501 4777 καὶ
1537 4743 1669 4778 κατ·

94 4815 281 4876 ἑλιπες
327 4813 466 4882 ὑπὲρ
508 4814 611 4881 γῆς
661 4810 757 4882 τὴν
802 4811 1232 4884 εὑσπλαγχνίαν·
1276 4815 1376 4868 οὑκ
1429 4816 1700 4888 ὲκομίσω.

94 4907 233 4978 προς
273 4903 363 4957 τὸν
394 4904 519 4974 τῇδε
555 4903 668 4972 βίον
698 4904 796 4974 τὴν
836 4903 1240 4976 φιλανθρωπίαν
1263 4922 1280 4937 ’
1309 4907 1408 4960 οὑκ
1454 4907 1597 4978 ἔχεις
1645 4909 1673 4961 ὀ

93 4999 172 5070 μὴ
219 4997 406 5067 ἔσχες·
436 4997 533 5066 οὑχ
573 4996 844 5067 εὑρίσκεις
876 4995 907 5048 ὂ
937 4995 1010 5066 μὴ
1049 4997 1285 5050 ἀπέθουο
1322 4999 1381 5051 οὑ
1424 5003 1672 5069 συνάγεις

86 5091 116 5142 ὃ
161 5089 236 5159 μὴ
285 5087 641 5158 ὲσκόρπισας·
678 5087 740 5139 οὑ
775 5087 972 5158 θεριεῐς
1028 5080 1102 5140 ὧν
1153 5089 1214 5142 οὑ
1253 5090 1551 5144 κατεϐάλου
1603 5093 1672 5146 τά

91 5182 422 5250 σπέρματαο
455 5179 603 5244 ἄξιόν
635 5195 717 5230 σοι
748 5179 846 5249 τῆς
886 5181 1090 5250 σπορᾶς
1130 5180 1190 5232 τὸ
1224 5181 1414 5252 θέρος·
1453 5186 1673 5256 πικρίαν

89 5273 381 5342 ἔσπειρας,
417 5270 615 5341 δρέπου
659 5268 728 5321 τὰ
765 5269 1082 5339 δράγματαο
1127 5271 1188 5324 τὸ
1221 5272 1446 5342 ἀνηλεὲς
1485 5257 1706 5348 ἐτίμηε⁵

91 5381 215 5426 σας,
251 5362 341 5430 gl;
384 5361 519 5430 ὅπερ
548 5355 838 5430 ἠγάπησας
856 5376 869 5388 °
915 5361 1013 5413 οὑκ
1042 5357 1180 5424 εἷδες
1207 5364 1505 5433 συμπαθῶς
1532 5384 1545 5396 ·
1575 5369 1674 5422 οὑκ

91 5453 316 5525 ὀφθήσῃ
353 5447 615 5512 ἐλεεινῶς.
649 5449 922 5520 Περιεῖδες
962 5449 1304 5523 θλιϐόμενον,
1336 5456 1676 5532 περιοφθήσῃ

166 5633 213 5666 ⁸⁷
254 5630 437 5688 Matth.
508 5647 633 5697 xxv,
681 5630 877 5696 l0,45.

995 5633 1037 5665 ’⁸
1081 5633 1214 5690 L'fc.
1257 5653 1366 5700 vri,
1434 5635 1524 5692 25.

1774 4355 2097 4412 conditoriis
2155 4371 2524 4412 mammonam
2608 4358 2999 4424 absconderit,
3068 4368 3122 4415 et
3188 4364 3338 4416 omni

1769 4448 2024 4502 mandato
2076 4445 2357 4515 antiquius
2410 4447 2691 4517 magisque
2745 4447 3050 4501 curandum
3101 4449 3339 4512 duxerit,

1769 4548 1828 4592 ut
1864 4538 2091 4592 materia
2125 4537 2230 4592 sibi
2265 4536 2318 4589 in
2345 4538 2564 4591 occulto
2617 4537 2835 4595 defossa
2876 4551 3039 4611 atque
3083 4554 3342 4612 congesta

1770 4636 1956 4683 esset:
1991 4628 2037 4682 si
2069 4629 2138 4690 is,
2173 4629 2419 4697 inquam,
2459 4642 2700 4698 praeceps
2728 4630 2780 4683 in
2815 4631 3160 4686 tenebrosum
3190 4634 3343 4688 illum

1773 4723 1952 4793 ignem
1987 4723 2313 4777 detrudatur
2338 4762 2352 4786 ,
2376 4724 2634 4778 omnibus
2667 4724 2733 4779 iis
2775 4725 2865 4795 qui
2894 4742 2987 4796 per
3013 4726 3154 4781 hanc
3175 4727 3344 4781 vitam

1775 4813 1984 4884 experti
2055 4813 2258 4869 fuerint
2329 4815 2590 4870 saevitiam
2660 4823 2714 4870 et
2784 4815 3236 4871 inbumanitatem
3293 4817 3346 4871 ci

1774 4907 2162 4974 objicientibus
2190 4920 2245 4964 et
2266 4908 2577 4964 dicentibus
2602 4925 2614 4961 :
2647 4905 2908 4961 Memento
2930 4907 3068 4977 quod
3088 4909 3344 4975 receperis

1776 5000 1910 5052 bona
1945 5007 2036 5051 tua
2069 5000 2122 5052 in
2152 5001 2258 5054 vita
2286 5011 2379 5053 tua
2405 5002 2450 5033 ³⁸
2481 5019 2494 5054 :
2525 4999 2842 5056 conclusisti
2872 4999 3032 5054 simul
3066 4999 3120 5053 in
3159 5001 3342 5054 muni-

1777 5089 1974 5144 mentis
1996 5089 2307 5146 divitiarum
2333 5094 2786 5158 misericordiam,
2810 5102 2863 5147 et
2887 5091 3155 5161 reliquisti
3181 5107 3347 5161 super

1775 5189 1978 5234 terram
2009 5181 2307 5236 miserandi
2333 5184 2619 5252 affectum;
2653 5203 2758 5241 non
2785 5185 3108 5256 portastiad
3128 5187 3233 5240 hoc
3254 5202 3348 5240 sm-

1775 5272 1958 5327 cnlum
1981 5273 2376 5327 humanitatem
2400 5291 2540 5340 ;non
2565 5278 2736 5334 babes
2760 5279 2904 5349 quod
2929 5294 3037 5333 non
3061 5278 3299 5332 habuisti
3327 5295 3344 5344 ;

1777 5381 1885 5419 non
1909 5365 2120 5427 invenis
2143 5365 2289 5434 quod
2315 5382 2424 5421 non
2461 5369 2802 5439 deposuisti;
2829 5386 2936 5426 non
2973 5370 3183 5441 colligis
3199 5369 3346 5442 quod

1779 5473 1885 5513 non
1917 5457 2260 5527 dispersisti;
2309 5475 2416 5514 non
2459 5469 2630 5518 metes
2668 5479 2901 5534 quorum
2954 5481 3061 5520 non
3094 5462 3344 5534 dejecisti
