3696 5986
308 162 349 215 ‘1
363 160 466 216 205

1571 156 1628 209 S.
1672 154 1997 210 οιιεοοῐιιι
2031 153 2329 209 NYSSENI

3433 153 3455 207 1
3466 153 3577 207 τοι

329 279 574 343 semina;
614 274 775 346 digna
822 275 1083 330 sementis
1124 274 1221 330 libi
1272 276 1490 343 messis;
1546 258 1902 349 acerbitatem

2075 275 2392 341 παλλόμενος.
2433 275 2665 342 Ἔᾳυγες
2692 272 2782 323 τὸν
2803 270 2969 336 ἔλεον,
2992 268 3245 339 φεύξεταί
3274 285 3335 322 σε
3356 271 3383 324 6
3407 270 3575 335 ἕλεος·

325 367 630 425 seminasti,
666 365 859 434 collige
889 366 1227 434 manipulos;
1249 366 1467 421 coluisti
1510 367 1900 421 immisericor-

326 461 493 523 diam,
522 458 661 512 habe
684 456 827 527 quod
862 457 1126 524 dilexisti;
1150 472 1259 511 non
1282 456 1543 527 aspexisti
1566 471 1896 527 quemquam

326 550 824 613 condolenter,non
849 549 1134 619 aspieicris
1165 563 1289 603 cum
1310 549 1661 603 miseratione
1682 565 1697 613 ;
1715 546 1900 616 despe-

328 640 455 694 xisti
480 654 604 694 cum
633 639 725 708 qui
749 637 1102 707 amigerctur,
1130 636 1452 706 tlespicicris
1499 637 1627 692 dum
1658 637 1895 703 peribis;

330 729 516 800 fugisti
549 726 1000 792 misericordiam,
1040 726 1209 797 fugiet
1238 737 1288 781 te
1329 725 1746 787 misericordia;
1775 724 1901 779 abo-

328 817 567 873 minatus
589 825 648 872 es
674 824 729 872 et
760 814 1017 871 fastidisti
1037 831 1292 886 egenum,
1324 814 1565 871 fastidiet
1592 824 1645 872 te
1668 815 1761 884 qui
1782 829 1901 884 pro-

305 919 445 981 ,pter
472 915 523 964 te
553 922 756 978 egenus
788 908 930 974 fuit;
958 909 1002 962 si
1035 908 1149 962 haec
1175 918 1339 979 atque
1372 908 1572 963 similia
1621 906 1895 969 dicantur,

326 998 415 1054 ttbi
444 999 664 1052 aurum?
692 998 782 1053 ubi
810 997 1094 1067 splendida
1121 1012 1270 1061 vasa,
1290 996 1573 1067 splendida
1635 995 1899 1066 supellex?

326 1091 416 1145 ubi
470 1107 566 1161 per
614 1090 897 1160 signacula
953 1088 1229 1143 thesauris
1261 1089 1504 1144 adhibita
1552 1085 1780 1141 cautio?
1809 1084 1897 1139 ubi

326 1184 392 1238 ad
449 1191 750 1239 nocturnas
804 1181 1066 1237 excubias
1108 1181 1346 1235 ordinati
1398 1194 1585 1241 canes,
1633 1176 1897 1231 adversus

326 1276 647 1331 insidiantes
678 1287 950 1326 armorum
1006 1272 1345 1341 apparatus?
1378 1272 1431 1325 in
1466 1269 1750 1325 codicibus
1777 1283 1899 1338 per-

326 1364 528 1436 scripta
562 1364 845 1418 nominum
883 1362 1210 1418 aunotatio?
1243 1362 1373 1433 quid
1412 1362 1525 1416 haec
1545 1360 1612 1415 ad
1633 1359 1815 1414 ﬂetum
1844 1366 1898 1414 et

324 1457 615 1514 stridorem
646 1455 890 1511 dentium
909 1453 932 1508 ?
951 1456 1075 1529 quis
1100 1455 1432 1510 illuminabit
1453 1452 1750 1508 tenebras?
1769 1451 1896 1521 quis

318 1552 633 1620 exstinguet
684 1546 997 1601 flanmram?
1047 1546 1172 1616 quis
1216 1554 1424 1601 avertet
1466 1559 1702 1600 vermem
1751 1558 1896 1597 nun-

2001 367 2266 434 ὲϐδελύξω
2293 366 2383 419 τὸν
2421 366 2668 436 πτωχὸν,
2705 362 3009 433 βδελύξεταί
3046 379 3104 414 σε
3136 362 3166 413 6
3204 361 3295 414 διὰ
3339 361 3400 414 σὲ
3434 377 3585 414 πτω-

1999 463 2219 535 χεύσας.
2263 462 2324 513 Εἰ
2356 458 2527 512 ταῦτα
2573 458 2668 511 καὶ
2717 456 2786 511 τὰ
2818 454 3042 509 τοιαῦτα
3078 454 3322 523 λέγοιτο,
3374 453 3480 509 ποῦ
3520 454 3589 508 τὸ

2001 547 2258 620 χρυσίον;
2300 544 2413 599 Ποῦ
2456 544 2524 597 τὰ
2555 541 2783 613 λαμπρὰ
2824 539 3022 610 σκεύη;
3064 538 3173 591 Ποῦ
3215 542 3249 609 ἡ
3293 538 3589 606 ἐπιϐεβλη-

2004 640 2139 712 μένη
2171 640 2283 700 τοῖς
2322 635 2617 707 θησαυροῖς
2655 633 2743 687 διὰ
2782 631 2890 686 τῶν
2927 630 3237 702 σφραγίδων
3278 628 3586 699 ἀσφαλείας

1976 730 2111 785 .Ποῦ
2164 730 2213 783 οἱ
2260 729 2380 791 ταῖς
2427 710 2785 798 νυκτεριναῖς
2816 723 3081 794 φυλακαῖς
3138 721 3588 789 ὲπιτετευγμὲνοι

2001 816 2194 881 κύνες.
2244 819 2339 871 καὶ
2390 816 2528 887 πρὸς
2572 815 2700 878 τοὺς
2746 811 3192 875 ἐπιϐουλεύοντας
3235 810 3345 863 τῶν
3399 809 3588 862 ὅπλων

1998 908 2356 979 παρασκευῆς
2431 908 2495 960 Ἦ
2551 909 2609 959 ἐν
2662 908 2773 970 τοῖς
2834 904 3059 975 βιῦλίοις
3113 900 3587 970 ἅναγεγραμμένη

2000 998 2334 1068 σημείωσιςς
2377 998 2419 1049 Τ
2425 998 2441 1050 ί
2488 996 2659 1052 ταῦτα
2700 996 2837 1068 πρὸς
2881 995 2973 1047 τὸν
3029 993 3304 1063 κλαυθμὸν
3347 993 3448 1044 καὶ
3496 991 3591 1044 τὸν

2002 1088 2245 1159 βρυγμὺν
2290 1090 2399 1143 τῶν
2436 1090 2700 1153 ὀδόντων;
2745 1088 2840 1151 Τίς
2881 1087 3215 1154 καταυγάσει
3252 1085 3314 1137 τὸ
3354 1084 3590 1147 σκότοςς

2000 1183 2099 1244 Τίς
2124 1183 2451 1236 κατασϐέσει,
2478 1182 2577 1251 τὴν
2608 1180 2812 1250 φλόγας
2856 1180 2952 1243 Τίς
2984 1178 3317 1249 ἀποστρέψει
3339 1177 3437 1229 τὸν
3463 1177 3596 1228 ἀτε-

1998 1274 2253 1346 λεύτητον
2281 1273 2572 1344 exmia-pta;
2608 1272 2816 1327 Οὐκοῦν
2852 1274 3151 1342 νοήσωμεν,
3189 1268 3448 1335 ἀδελφοὶ.
3492 1268 3593 1335 τὴν

1997 1366 2092 1419 τοῦ
2125 1366 2331 1436 Κυρίου
2366 1366 2572 1436 φωνὴν,
2598 1366 2656 1418 ὲν
2686 1364 2853 1434 ὀλίγῳ
2879 1361 3118 1416 τοσαῦτα
3154 1361 3286 1432 περὶ
3314 1358 3430 1412 τῶν
3460 1357 3596 1427 μελ-

1998 1455 2197 1509 λόντων
2240 1454 2629 1509 παιδεύουσαν*
2667 1455 2762 1508 καὶ
2794 1451 3080 1522 γενώμεθα
3122 1451 3454 1520 ἐλεήμονες,
3503 1449 3594 1500 ἵνα

2000 1543 2288 1614 γενώμεθα
2318 1542 2408 1597 διὰ
2429 1543 2586 1596 τοῦτο
2625 1544 2904 1613 μακάριοι,
2933 1543 2990 1594 ὲν
3020 1539 3240 1611 Χριστῷ
3297 1538 3480 1610 Ἰησοῦ
3513 1538 3594 1607 τῷ

320 1658 486 1712 quam
521 1638 889 1694 morientem?
926 1636 1196 1704 Quocirca
1245 1636 1664 1693 consideremus
1712 1641 1768 1690 ct
1812 1633 1896 1687 in-

2075 1635 2192 1706 »ρίῳ
2212 1634 2388 1706 ἡμῶν,
2412 1629 2456 1704 ᾧ
2480 1636 2514 1707 ή
2543 1635 2669 1701 δόξα
2691 1635 2785 1689 καὶ
2816 1633 2877 1686 τὸ
2904 1634 3101 1697 κοάτος
3124 1634 3205 1696 εἰς
3234 1633 3363 1694 τοὺς
3386 1630 3595 1691 αἰῶνας

325 1731 655 1801 tclligamus,
714 1730 949 1791 fratres,
997 1742 1184 1782 vorem
1239 1726 1498 1789 Domini,
1552 1734 1661 1780 tam
1726 1723 1896 1777 inulta

325 1821 515 1892 paucis
545 1818 725 1876 verbis
766 1817 834 1872 de
869 1817 1033 1873 rebus
1089 1816 1287 1873 futttris
1325 1818 1655 1872 docentem:
1690 1822 1746 1868 et
1779 1813 2078 1869 eﬂiciamur
2130 1814 2533 1881 misericordes,
2606 1821 2664 1868 ut
2735 1812 2941 1868 idcirco
2982 1811 3125 1868 beati
3189 1810 3415 1875 ﬁamus,

2004 1724 2113 1779 τῶν
2157 1726 2389 1780 αἰώνων.
2437 1726 2628 1797 Ἀμήν.

3500 1825 3596 1880 per

318 1894 603 1971 Christum
649 1909 834 1968 Jesum
883 1909 1173 1964 Dominum
1204 1919 1479 1986 nostrum,
1511 1908 1599 1963 eui
1631 1907 1802 1979 gloria
1849 1915 1903 1962 et
1944 1906 2259 1977 imperium,
2294 1906 2348 1961 in
2379 1905 2577 1962 saecula
2608 1906 2960 1961 saeculorum.
2983 1904 3179 1959 Amen.

908 1998 1166 2055 ORATIO
1207 1998 1294 2053 vr.
1570 2082 1577 2085 ἡ

322 2094 474 2153 Beati
517 2110 648 2162 puro
708 2092 865 2148 corde
894 2132 910 2159 ,
945 2094 1198 2163 quoniam
1266 2093 1369 2161 ipsi
1421 2090 1591 2146 Deum
1640 2088 1903 2144 ridebunt.

396 2250 549 2317 Quod
576 2249 825 2305 accidere
849 2246 1145 2304 verisimile
1166 2257 1250 2304 est
1269 2247 1338 2301 iis
1375 2246 1466 2318 qui
1491 2262 1555 2301 ex
1584 2236 1774 2314 aliquo
1795 2243 1906 2296 alto

324 2342 532 2395 vertice
554 2341 756 2395 montis
780 2341 833 2395 in
850 2348 1062 2394 vastum
1082 2339 1302 2405 aliquod
1329 2338 1550 2408 pelagus
1572 2333 1903 2403 desiiiciunt,

323 2430 381 2484 id
430 2430 597 2486 menti
655 2444 787 2484 meae
847 2428 1046 2482 accidit
1101 2428 1169 2482 ab
1218 2427 1435 2482 excelsa
1489 2439 1621 2479 voce
1657 2422 1907 2487 Domini,

322 2520 674 2592 tanquamde
706 2522 892 2590 aliquo
932 2522 1218 2575 cacumine
1245 2519 1468 2582 montis,
1510 2519 1576 2570 ad
1608 2515 1905 2585 inexplica-

329 2614 491 2669 bilem
570 2613 947 2668 intcllettuum
1031 2611 1374 2682 despectanti
1457 2608 1905 2680 profunditatem.

329 2704 797 2775 Quemadmodum
847 2706 992 2760 enim
1058 2703 1112 2758 in
1169 2702 1357 2758 multis
1413 2701 1550 2756 locis
1619 2699 1909 2754 maritimis

330 2806 570 2852 montem
605 2796 791 2851 videre
831 2797 955 2851 licet
991 2796 1137 2851 circa
1189 2810 1306 2850 eam
1359 2803 1566 2864 partem
1607 2806 1712 2862 qua
1757 2804 1906 2844 mare

332 2897 563 2958 spectat,
593 2887 752 2957 quasi
783 2887 1069 2942 dimidimn
1102 2885 1434 2949 abscissum,
1461 2893 1515 2939 et
1542 2901 1570 2937 a
1600 2883 1805 2938 vertice
1838 2881 1905 2936 ad

261 2982 269 2993 '
334 2979 663 3050 profundum
696 2995 870 3050 usque
901 2979 1111 3034 directo
1155 2978 1434 3043 abrasum,
1465 2976 1621 3042 cujus
1657 2975 1711 3028 in
1744 2988 1906 3053 supe-

2600 1995 2822 2049 ΛΟΓΟΣ
2872 1997 2965 2061 ς’.

2000 2088 2293 2157 Μακάριοι
2340 2091 2394 2143 οἱ
2438 2089 2685 2155 καθαροί
2727 2086 2802 2155 τῇ
2844 2085 3092 2154 καρδίᾳ,
3137 2084 3228 2138 ὅτι
3271 2083 3450 2139 αὐτοὶ
3492 2083 3595 2138 τὸν

2567 2159 2715 2212 Θεὸν
2736 2159 3011 2225 ὄψονται.

2075 2248 2252 2321 Ὅπερ
2283 2248 2474 2304 παθεῖν
2506 2249 2815 2313 εἰκὸς-τοὺς
2854 2248 2916 2301 ἐκ
2966 2265 3108 2311 τινος
3151 2246 3370 2318 ὑψηλῆς
3412 2249 3592 2318 ἀκρω-

2004 2342 2153 2414 ρείας
2186 2344 2264 2406 εἰς
2304 2343 2503 2412 ἀχανές
2550 2359 2601 2394 τι
2639 2341 3085 2404 κατακύπτοντας
3133 2340 3398 2408 πέλαγος,
3443 2338 3595 2393 τοῦτό

2006 2452 2095 2504 μοι
2136 2434 2401 2487 πέπονθεν
2432 2435 2464 2505 ἡ
2497 2434 2731 2499 διάνοια,
2776 2437 2839 2488 ἐκ
2874 2435 2968 2504 τῆς
3008 2433 3220 2502 ὐῂλῆς
3252 2433 3350 2487 τοῦ
3388 2434 3593 2503 Κυρίου
3670 2482 3671 2491 η

2005 2525 2206 2594 φωνῆς,
2245 2521 2354 2578 οἷον
2376 2524 2487 2577 ἀπό
2512 2542 2654 2587 τινος
2678 2525 2923 2594 κορυφῆς
2953 2524 3112 2595 ὅρους
3137 2564 3152 2588 ,
3182 2525 3262 2586 εἰς
3294 2521 3357 2576 τὸ
3394 2523 3594 2587 ἀδιεξξ-

2004 2631 2164 2684 τητον
2196 2615 2305 2667 τῶν
2344 2614 2632 2686 νοημάτων
2660 2614 2930 2684 βλέπουσα
2964 2614 3142 2683 βάθος.
3176 2612 3457 2684 Καθάπερ
3494 2613 3595 2681 γὰρ

2004 2707 2061 2760 ἐν
2093 2706 2304 2770 πολλοῖς
2334 2706 2441 2760 τῶν
2463 2705 2921 2779 παραθαλασσίων
2948 2707 3095 2759 ἔστιν
3137 2704 3265 2757 ἰδεῖν
3305 2705 3439 2773 ὄρος
3472 2704 3595 2775 ἡμίο

2012 2815 2197 2868 τομον,
2231 2799 2373 2853 κατά
2427 2799 2488 2852 τὸ
2538 2798 2801 2869 παράλιον
2857 2797 3021 2869 μέρος
3059 2797 3166 2851 ἀπὸ
3213 2797 3471 2868 κορυφῆς
3506 2796 3595 2848 ἐπὶ

2011 2888 2072 2941 τὸ
2109 2888 2270 2960 βάθος
2301 2890 2367 2944 δι’
2398 2890 2613 2953 εὐθείας
2649 2890 3047 2960 ἁπεξεσμένον,
3089 2881 3150 2942 οὗ
3198 2889 3344 2942 κατὰ
3381 2889 3446 2941 τὸ
3487 2889 3596 2942 ἀνω

2013 2981 2187 3052 πέρας
2224 2983 2367 3054 ἄκρα
2399 3000 2481 3046 τις
2519 2981 2935 3052 προϐεϐλημένη
2977 2981 3113 3053 πρὸς
3148 2981 3238 3033 τὸν
3272 2980 3441 3051 βυθὸν
3480 2982 3598 3033 ἐπ’.-

336 3060 476 3123 ι·ἰο”ιο
500 3076 653 3137 parte
687 3082 950 3121 cacumen
980 3067 1253 3137 quoddam
1293 3066 1593 3136 projectum
1634 3062 1905 3135 profundo

2075 3091 2261 3127 νευκεν
2296 3092 2310 3109 σ
2350 3077 2488 3145 ὅπερ
2529 3070 2622 3140 οὖν
2653 3073 2841 3128 παθεῖν
2870 3074 3012 3138 εἰκὸς
3034 3113 3048 3137 ,
3084 3074 3176 3126 τὸν
3205 3074 3316 3126 ἀπὸ
3351 3073 3460 3142 τῆς
3486 3090 3597 3125 τοι-

335 3158 615 3222 imminet;
643 3156 788 3226 quod
810 3157 1235 3227 igituraccidere
1251 3157 1543 3211 verisimile
1558 3165 1640 3210 est
1658 3156 1727 3222 ei,
1752 3156 1844 3224 qui
1876 3169 1907 3208 a

336 3250 428 3304 tali
458 3257 728 3318 tantaeque
745 3248 1052 3304 altitudinis
1079 3249 1299 3311 specula
1329 3248 1382 3302 in
1406 3247 1737 3319 profundum
1760 3261 1910 3301 mare

334 3341 634 3412 despiciat,
689 3340 872 3395 itidem
900 3341 1032 3395 mihi
1057 3357 1201 3395 nunc
1225 3340 1441 3394 animus
1465 3342 1623 3411 quasi
1647 3339 1911 3408 vertigine

334 3432 545 3488 laborat
584 3433 637 3486 in
691 3447 887 3503 magna
941 3431 1045 3486 hac
1096 3431 1310 3486 Domini
1368 3446 1502 3487 voce
1565 3445 1906 3500 suspensus:

337 3523 492 3578 Beati
521 3537 652 3593 puro
707 3524 882 3589 corde,
930 3522 1179 3592 quoniam
1210 3522 1310 3590 ipsi
1375 3520 1542 3576 Deum
1577 3520 1820 3575 ridebunt
1844 3520 1908 3572 ³⁸.

338 3615 483 3671 Deus
510 3614 823 3686 spectaculo
866 3616 1176 3685 propositus
1198 3620 1283 3668 est
1332 3613 1400 3667 iis
1461 3613 1553 3684 qui
1584 3628 1681 3668 cor
1714 3627 1912 3684 expur-

339 3713 522 3775 gatum
547 3704 853 3760 habuerint.
886 3704 1054 3758 Deum
1086 3721 1235 3759 nemo
1259 3705 1387 3758 vidit
1419 3720 1671 3775 unquam,
1697 3714 1756 3759 ut
1802 3717 1913 3757 ma-

306 3813 479 3867 gnus
510 3796 689 3867 inquit
731 3794 972 3852 Joannes
992 3797 1073 3852 θοι
1111 3798 1403 3852 conﬁrmat
1434 3807 1614 3853 autem
1640 3812 1758 3852 eam
1790 3810 1913 3851 sen-

340 3890 565 3943 tentiam
597 3889 763 3945 etiam
800 3889 891 3942 illa
939 3890 1163 3945 sublimi
1199 3897 1381 3944 mente
1419 3887 1642 3950 Paulus,
1695 3888 1787 3958 qui
1829 3885 1915 3941 di-

338 3980 422 4035 xit
445 3997 461 4035 :
486 3979 653 4044 Quem
682 3979 861 4034 nullus
894 3981 1165 4033 hominum
1212 3981 1364 4045 vidit,
1404 3997 1567 4052 neque
1617 3978 1787 4033 videre
1816 3993 1913 4046 po-

340 4070 525 4126 test“.
563 4069 689 4126 Haec
740 4080 824 4126 est
856 4071 946 4126 illa
984 4073 1153 4137 laevis,
1205 4074 1400 4128 abrasa
1438 4085 1600 4144 atque
1642 4078 1915 4142 praerupta

340 4171 522 4235 petra,
559 4178 681 4234 quae
719 4164 927 4217 nullum
964 4164 1019 4217 in
1051 4180 1172 4221 sese
1222 4166 1598 4220 intellectuum
1638 4171 1917 4220 sustenta-

342 4269 585 4313 mentum
637 4268 690 4313 et
734 4257 1139 4313 ﬁrmamentum
1201 4259 1476 4315 ostendit:
1539 4273 1702 4330 quam
1751 4258 1915 4312 etiam

343 4349 561 4422 Moyses
581 4349 771 4405 itidem
803 4350 1144 4407 inaccessam
1178 4352 1230 4405 in
1259 4351 1375 4407 suis
1402 4350 1640 4406 decretis
1667 4364 1915 4420 pronun-

2012 3165 2182 3236 αύτης
2224 3167 2477 3232 σκοπιᾶς,
2511 3168 2574 3220 ἐκ
2603 3165 2799 3219 πολλοῦ
2844 3164 2939 3218 τοῦ
2974 3164 3141 3235 ὕψους
3170 3164 3265 3216 ἐπὶ
3291 3164 3399 3235 τὴν
3430 3165 3492 3216 ἐν
3527 3163 3601 3231 τῷ

2013 3256 2167 3327 βάθει
2197 3257 2561 3312 διακόπτοντα
2594 3256 2887 3311 θάλατταψ
2919 3255 3091 3318 οὕτως
3122 3255 3333 3326 ἰλιγγιᾷ
3368 3272 3473 3325 μου
3508 3253 3600 3307 νῦν

2008 3345 2174 3417 ψυχὴ,
2205 3346 2263 3399 ὲν
2299 3349 2365 3416 τῇ
2400 3346 2607 3420 μεγάλῃ
2647 3346 2818 3420 ταύτῃ
2849 3345 2942 3400 τοῦ
2992 3345 3196 3416 Κυρίου
3244 3331 3400 3413 φωνῇ
3442 3360 3601 3411 γενο-

2012 3438 2149 3508 μένη
2181 3439 2478 3509 μετέωρος·
2495 3439 2780 3508 Μακάριοι
2803 3441 2857 3492 οἱ
2876 3430 3120 3508 καθαροί
3148 3437 3224 3508 τῇ
3249 3438 3490 3507 καρδίᾳ,
3513 3437 3599 3489 ὅτι

2010 3528 2181 3584 αὐτοὶ
2225 3531 2331 3584 τὸν
2366 3530 2516 3588 Θεὸν
2548 3531 2819 3599 ὄψονται.
2849 3532 2981 3594 Θεὸς
3025 3531 3313 3600 πρόκειται
3342 3532 3454 3591 τοῖς
3501 3527 3600 3598 τὴν

2012 3623 2235 3695 καρδίαν
2257 3622 2642 3695 ἐκκαθαρθείσι
2662 3623 2721 3676 τὸ
2742 3622 2937 3695 θέαμα.
2973 3623 3121 3677 Θεὸν
3141 3622 3345 3687 οὐδεὶς
3369 3619 3600 3688 ἑώρακε

2012 3715 2266 3780 πώποτε,
2294 3714 2473 3778 καθώς
2499 3732 2663 3785 φησιν
2705 3715 2956 3785 Ἰωάννης
2979 3718 3007 3768 6
3036 3715 3208 3784 μέγας
3230 3730 3243 3742 ⁸
3276 3711 3600 3782 ἐπιψηφίζει

2012 3804 2070 3857 δὲ
2103 3805 2197 3858 καὶ
2226 3804 2435 3869 Παῦλος
2465 3807 2492 3858 ὁ
2522 3805 2723 3874 ὑψηλὸς
2750 3806 2847 3875 τὴν
2873 3802 3335 3877 διάνοιαν,εἰπών’
3372 3804 3454 3856 ὅτι
3490 3804 3601 3854 “Ur

2013 3893 2172 3951 εἶδεν
2203 3897 2402 3963 οὐδεὶς
2434 3897 2925 3966 ἀνθρώπωννοῧτε
2955 3897 3104 3951 ἰδεῖν
3135 3897 3408 3950 δύναται.
3445 3895 3629 3965 Αὕτη⁴

2014 3990 2158 4042 ἐστὶν
2201 3992 2234 4061 ὴ
2272 3989 2393 4049 λεία
2441 3989 2533 4043 καὶ
2561 3989 2836 4060 ἀπότομος
2883 3989 3082 4060 πέτρα,
3116 3992 3150 4062 ἡ
3188 3989 3462 4060 μηδεμίαν
3513 3989 3597 4056 εἶμ’

2015 4081 2211 4152 ἑαυτῆς
2241 4081 2348 4135 τῶν
2391 4082 2678 4153 νοημάτων
2715 4082 2871 4152 βάσιν
2905 4082 3354 4146 ὑποδεικνύουσα,
3398 4084 3466 4153 ῆν
3504 4083 3596 4134 καὶ

2015 4173 2043 4226 6
2102 4173 2345 4244 Μωῦσῆς
2398 4173 2659 4237 ὡσαύτως
2716 4174 3011 4246 ἀπρόσιτον
3058 4177 3172 4237 τοῖς
3229 4174 3352 4228 καθ’
3405 4174 3597 4228 ἑαυτὸν

2015 4264 2277 4335 δόγμασιν
2310 4266 2646 4337 ἀπεφήνατο,
2673 4265 2747 4330 ὼς
2781 4267 3032 4338 μηδαμοῦ
3065 4266 3323 4321 δύνασθαι
3361 4268 3598 4338 προσϐῆ-

2017 4375 2103 4411 ναι
2152 4357 2306 4429 ἡμῶν
2362 4358 2461 4431 τὴν
2504 4358 2739 4413 διάνοιαν
2764 4397 2779 4420 ,
2851 4360 3031 4430 πάσης
3074 4358 3417 4431 ἀντιλήψεως
3438 4362 3594 4433 ,ἁπο-

342 4443 527 4513 ιίοτιίι,
552 4452 610 4496 ut
637 4458 905 4512 nusquam
938 4457 1091 4498 mens
1120 4454 1308 4499 nostra
1342 4443 1494 4498 adire
1521 4442 1721 4512 possit,
1753 4439 1906 4510 quid‘

2075 4451 2303 4522 ισθείσης
2322 4449 2411 4504 διά
2436 4451 2535 4521 τῆς
2551 4451 2896 4522 ἀποφάσεως.
2920 4454 3040 4505 Οὐκ
3062 4451 3195 4504 ἔστι
3227 4452 3336 4521 γὰρ
3352 4492 3367 4515 ,
3404 4453 3593 4519 φησὶν.

312 4576 317 4583 .
346 4533 476 4604 quid
508 4534 723 4588 enitens
763 4534 1191 4604 apprehendere,
1239 4550 1417 4605 quove
1445 4549 1567 4588 sese
1630 4533 1917 4588 sublevare

347 4625 546 4697 poterit
576 4640 671 4696 per
715 4625 861 4679 illam
885 4629 1205 4682 sententiam
1229 4629 1426 4681 abraso
1448 4643 1465 4680 :
1491 4624 1615 4679 Non
1639 4634 1715 4679 est
1746 4625 1915 4688 enim,

344 4720 545 4789 inquit,
611 4722 700 4789 qui
753 4715 1038 4774 Dominum
1067 4719 1292 4784 videbit,
1338 4727 1387 4773 et
1416 4720 1545 4773 vivet
1580 4719 1716 4772 ἠ-δθ,
1754 4719 1917 4788 Atqui

343 4812 527 4867 \idere
603 4799 814 4876 Deum,
850 4814 961 4865 vita
1031 4814 1364 4881 sempiterna
1421 4819 1525 4865 est.
1586 4807 1701 4865 Hoc
1737 4819 1916 4863 autem

346 4904 460 4959 fieri
530 4917 642 4957 non
691 4918 881 4974 posse,
958 4913 1014 4956 ut
1099 4901 1242 4957 Deus
1302 4902 1584 4970 videatur,
1651 4905 1919 4959 columna:

344 4992 470 5049 fnlci
491 4991 731 5048 Joannes
761 5002 815 5048 et
858 4991 1060 5047 Paulus
1089 5000 1142 5046 et
1169 4991 1383 5063 Moyses
1413 4993 1700 5048 afﬁrmant.
1735 4995 1920 5051 Vides-

344 5104 415 5141 ne
441 5085 760 5157 vertiginem
787 5127 801 5151 ,
835 5101 958 5141 cum
1010 5101 1114 5155 qua
1150 5101 1257 5140 una
1313 5087 1548 5142 trahitur
1582 5087 1798 5144 animus
1851 5088 1917 5142 ad

342 5177 771 5248 profunditatem
802 5193 992 5233 eorum
1028 5195 1149 5250 quae
1180 5179 1235 5233 in
1277 5179 1378 5234 hac
1432 5181 1681 5236 oratione
1731 5182 1916 5238 consi-

275 5295 285 5302 -
342 5268 649 5324 derantur?
682 5268 741 5321 Si
768 5268 909 5325 Deus
935 5279 1018 5327 est
1056 5272 1166 5325 vita
1189 5313 1202 5338 ,
1239 5272 1331 5340 qui
1369 5286 1477 5326 non
1511 5272 1658 5327 videt
1721 5272 1914 5338 Deum,

347 5360 512 5415 vitam
544 5377 653 5415 non
680 5361 824 5431 videt
881 5361 1036 5427 Quod
1075 5364 1214 5421 Deus
1246 5364 1412 5420 videri
1447 5380 1552 5419 non
1581 5357 1775 5436 possit,
1799 5376 1914 5421 tum

443 5529 486 5560 ³⁸
520 5538 711 5595 Matth.
751 5557 804 5608 ν,
846 5545 895 5599 δ.

398 5664 421 5672 θ

973 5547 1020 5580 ⁸⁸
1056 5544 1214 5601 Joan.
1251 5560 1290 5612 ι,
1331 5547 1418 5601 i8.

1495 5548 1538 5581 “
1580 5548 1598 5602 l
1638 5548 1779 5604 Tim.
1823 5564 1900 5620 vt,
1942 5549 2027 5608 l6.

2014 4541 2183 4608 ὅστις
2236 4544 2442 4612 ὄψεται
2501 4544 2753 4612 Κύριον,
2798 4544 2896 4596 καί
2951 4541 3210 4611 ζήσεται.
3276 4542 3436 4596 Ἀλλὰ
3478 4545 3594 4614 μὴν

2015 4633 2229 4697 αἰώνιος
2264 4634 2376 4706 ζωὴ
2427 4635 2487 4687 τὸ
2530 4635 2655 4687 ἰδεῖν
2706 4636 2821 4688 ἐστι
2874 4634 2964 4687 τὸν
3004 4633 3156 4688 Θεὸν.
3208 4633 3381 4687 Τοῦτο
3427 4633 3487 4686 δὲ
3530 4634 3595 4686 ἀ-

2019 4728 2257 4797 μήχανον
2283 4727 2330 4779 oi
2356 4726 2536 4779 στύλοι
2571 4726 2668 4797 τῆς
2698 4727 2953 4789 πίστεως,
2984 4725 3236 4795 Ἰωάννης
3256 4725 3353 4777 καὶ
3386 4723 3597 4786 Παῦλος

2017 4817 2110 4871 καὶ
2149 4818 2353 4887 Μωσῆς
2393 4816 2735 4889 διορίζονται.
2779 4816 2938 4888 Ὁρᾷς
2981 4818 3072 4870 τὸν
3107 4816 3328 4885 ίλιγνον.
3365 4812 3411 4884 ᾧ
3448 4816 3594 4889 ψυχὴ

2018 4908 2154 4978 πρὸς
2184 4908 2245 4962 τὸ
2283 4907 2442 4978 βάθος
2471 4908 2579 4963 τῶν
2622 4911 2680 4962 ἐν
2726 4907 2803 4980 τῷ
2846 4909 2988 4979 λόγῳ
3037 4908 3427 4981 θεωρουμένων
3476 4926 3597 4963 συν-

2018 4999 2267 5065 έλκεται;
2297 5001 2360 5053 Ei
2388 5000 2502 5072 ζωὴ
2541 5003 2568 5054 6
2601 5001 2753 5063 Θεὸς.
2779 5003 2807 5054 6
2839 5001 2912 5071 μὴ
2955 4999 3079 5054 ἰδὼν
3108 5002 3293 5064 αὐτὸν,
3322 5002 3425 5072 τὴν
3454 5001 3596 5072 ζωὴν

2016 5095 2077 5146 οὐ
2111 5093 2327 5164 βλέπεις
2362 5093 2424 5147 τὸ
2465 5094 2540 5164 μὴ
2572 5092 2829 5147 δύνασθαι
2872 5094 2999 5146 ἰδεῖν
3035 5093 3202 5160 Θεὸν,
3250 5095 3300 5147 οἱ
3347 5094 3596 5167 θεοφόρα

2019 5183 2125 5237 τῶν
2174 5182 2467 5254 προφητῶν
2514 5200 2573 5237 τε
2614 5184 2707 5237 καὶ
2755 5183 3068 5237 ἀποστόλων
3109 5182 3593 5254 διαμαρτύρονται.

2024 5274 2116 5337 Εἰς
2164 5273 2216 5327 τί
2258 5277 2370 5338 τοῖς
2416 5273 2722 5347 ἀνθρώποις
2760 5275 2793 5344 ἡ
2844 5273 2999 5338 ἐλπὶς
3035 5274 3425 5347 περιΐπαταις
3462 5274 3595 5327 Ἀλλ’

2025 5366 2374 5438 ὑποστηρίζει
2428 5364 2873 5420 καταπίπτουσαν
2920 5364 3019 5437 τὴν
3064 5364 3251 5419 ἐλπίδα
3298 5366 3326 5419 6
3378 5363 3593 5439 Κύριος.

2107 5553 2152 5583 ⁶²
2187 5551 2231 5584 ⁸⁸
2270 5551 2440 5608 Exod.
2486 5570 2677 5623 xxmt,
2716 5554 2806 5610 20.
