3696 5986
63 323 195 383 1205

1107 331 1194 387 DE
1229 333 1824 393 BEATITUDINIBUS.
1866 334 2125 391 ORATIO
2157 335 2243 391 Vl.

3158 335 3343 393 1205’

59 438 320 509 Καθάπερ
366 439 457 492 ἐπὶ
500 441 594 495 τοῦ
644 442 863 515 Πέτρου
903 444 1178 516 ἐποίησεν,
1231 448 1624 514 κινδυνεύοντος

1797 434 2028 521 0pltct1e,
2072 459 2184 506 tum
2216 448 2453 519 apostoli
2485 449 2673 506 divino
2720 450 3125 520 spiritu-ducti
3168 460 3308 506 atte-

61 528 396 600 βυθισθῆναι,
442 532 601 587 πάλιν
646 534 739 588 ἐπὶ
770 534 997 607 στερῤού
1033 539 1126 591 καὶ
1169 540 1459 594 ἀντιτύπου
1502 542 1629 611 στή-

62 639 157 685 σας
197 623 290 676 τοῦ
339 623 549 689 ὓδατος.
584 625 645 679 Εἰ
686 626 865 682 τοίνυν
897 629 1024 702 ἔλθῃ
1055 632 1147 684 καὶ
1179 632 1265 700 ἐφ’
1295 634 1444 703 ἡμᾶς
1469 636 1503 705 ἡ
1534 633 1627 687 τοῦ

60 713 230 781 Λόγου
258 716 398 786 χεὶρ,
425 717 520 770 καὶ
543 718 908 785 ἀστατοῦντας
939 724 995 776 ὲν
1017 722 1094 793 τῷ
1116 722 1263 794 βυθῷ
1291 724 1400 777 τῶν
1430 724 1630 796 θεωρη·

65 805 266 873 μάτων,
301 807 392 860 ἐπὶ
419 806 643 880 θατέρου
680 811 942 880 νοήματος
969 814 1376 885 καταστήσειεν,
1406 814 1510 880 ἔξω
1536 815 1627 869 τοῦ

60 897 226 967 φόϐου
261 898 523 969 γινόμεθα
565 902 802 975 ἰσχυρῶς
842 903 936 958 τοῦ
982 906 1444 978 χειραγωγοῦντος
1486 909 1631 979 ἡμᾶς

60 990 233 1057 Λόγου
271 991 741 1063 περιδραξάμενοι.
789 995 1076 1065 Μακάριοι
1109 997 1243 1069 γὰρ,
1268 1000 1424 1071 φησὶ,
1446 1003 1626 1054 καθα-

54 1079 149 1146 ροὶ
174 1079 249 1149 τῇ
274 1082 504 1150 καρδίᾳ,
536 1083 625 1138 ὅτι
658 1087 826 1140 αὐτοὶ
851 1087 958 1141 τὸν
988 1087 1136 1142 Θεὸν
1161 1088 1431 1158 ὄψονται.

1732 550 1963 603 stantur.
2009 541 2064 597 ln
2090 557 2229 613 quas
2273 542 2554 612 angustias
2594 557 2721 612 spes
2760 542 3077 599 hominibus
3117 543 3309 613 redigi:-

1680 694 1687 701 _
1736 634 1865 687 tur?
1900 634 2095 690 Verum
2128 634 2381 690 sublevat
2407 641 2571 707 atque
2601 642 2878 690 sustentat
2910 634 3176 691 Dominus
3224 636 3305 690 la-

1736 725 2049 780 bescentem
2095 740 2270 795 spem.
2318 725 2791 792 Quemadmodum
2837 725 2895 782 in
2929 726 3089 783 Petro
3138 727 3305 782 fecit:

1735 831 1897 887 quem
1949 817 2350 887 periclitantem
2389 832 2457 872 ne
2506 818 2953 888 submergerctur
3001 832 3196 874 rursus
3253 820 3307 873 in

1737 905 1911 962 solida
1943 914 2107 976 atque
2144 906 2418 961 resistenti
2465 907 2713 977 vestigiis
2741 922 2880 978 aqua
2902 908 3217 963 ,coliocavit
3240 908 3306 961 δ’.

1737 996 1793 1050 Si
1824 997 1989 1066 igitur
2020 996 2185 1050 etiam
2225 996 2291 1050 ad
2316 1011 2416 1052 nos
2446 1011 2640 1051 manus
2671 996 2834 1051 Verbi
2867 997 3084 1052 admota
3121 998 3304 1057 fuerit;

1733 1098 1786 1143 et
1813 1086 2096 1143 instabiles
2161 1086 2215 1140 in
2247 1086 2519 1156 profundo
2553 1087 2987 1159 speculationum
3040 1090 3095 1142 in
3140 1091 3308 1142 altero

62 1180 186 1225 ntro
212 1172 490 1228 intellectu
526 1176 894 1242 constituerit,
930 1185 1084 1233 extra
1121 1187 1325 1235 metum
1368 1179 1574 1235 erimus
1600 1219 1619 1243 ,
1659 1177 1883 1232 ﬁrmiter
1913 1177 2069 1247 quasi
2111 1191 2272 1230 manu
2303 1176 2511 1231 ducens
2584 1190 2685 1231 nos
2732 1174 2971 1231 Verbum
3043 1180 3307 1248 amplexi-

61 1260 216 1314 Beati
253 1261 420 1326 enim,
455 1263 652 1334 inquit,
713 1268 802 1336 qui
829 1283 961 1336 puro
1013 1269 1169 1324 corde
1189 1269 1401 1338 prwdiu’
1447 1280 1568 1325 sunt
1601 1285 1621 1323 :
1659 1267 1908 1340 quoniam
1932 1267 2031 1335 ipsi
2059 1266 2228 1321 Deum
2258 1266 2524 1321 videbunt.

141 1354 206 1408 Ἦ
238 1356 336 1424 μὲν
390 1352 482 1411 οὖν
516 1358 813 1428 ἐπαγγελία
843 1360 1100 1434 τοσαύτη,
1145 1364 1222 1428 ὡς
1247 1366 1500 1437 παριέναι
1531 1365 1624 1418 τὸν

1794 1361 2092 1418 Promissio
2147 1360 2367 1432 quidem
2415 1354 2567 1416 cer‘te
2605 1365 2757 1416 tanta
2809 1368 2916 1424 est,
2977 1367 3310 1429 utsupent

59 1446 354 1517 ἀκρότατον
400 1448 500 1516 τῆς
555 1452 953 1523 μακαριότητος
1000 1454 1145 1527 δρον.
1181 1455 1246 1513 Ἰῗί
1288 1456 1396 1529 γὰρ
1446 1457 1512 1512 ἄν
1544 1474 1624 1522 τις

1795 1458 2028 1506 tremum
2051 1451 2347 1506 terminum
2367 1451 2746 1507 beatitudinis.
2766 1450 2910 1517 Quid
2930 1451 3076 1506 enim
3108 1450 3315 1520 aliquis

62 1536 205 1607 μετά
244 1538 305 1591 τὸ
349 1537 587 1593 τοιοῦτον
643 1542 868 1611 ἀγαθὸν,
914 1545 1042 1600 ἄλλο
1096 1546 1402 1618 ποθήσειεν,
1455 1547 1624 1601 πάντα

1794 1550 1851 1597 νει
1873 1542 2076 1597 bonum
2089 1540 2357 1611 ejusmodi
2377 1542 2526 1596 aliud
2544 1541 2961 1603 desideraverit,
2977 1556 3100 1595 cum
3118 1542 3307 1595 omnia

60 1629 202 1699 ἔχων
241 1628 300 1681 ἐν
347 1631 677 1703 ὲωραμένῳ;
725 1632 799 1685 Τὸ
841 1632 951 1706 γὰρ
998 1634 1124 1689 ἰδεῖν
1153 1635 1347 1690 ταύτὸν
1380 1637 1624 1710 σημαίνει

1794 1633 1931 1688 ὼοσι
1980 1632 2038 1686 in
2088 1647 2157 1688 eo
2200 1648 2363 1703 quem
2394 1632 2632 1688 viderit?
2663 1631 2800 1687 Nam
2846 1633 3055 1694 videre,
3109 1634 3165 1686 in
3206 1648 3308 1686 usu

58 1717 143 1786 τῷ
180 1718 324 1788 σχεῖν
364 1721 421 1772 ὲν
451 1723 516 1791 τῇ
546 1722 643 1790 τῆς
675 1723 892 1794 Γραφῆς
924 1725 1178 1798 συνηθείᾳ
1199 1743 1212 1758 ·
1263 1727 1514 1800 καθάπερ
1532 1734 1631 1798 τὸ,

64 1807 253 1872 Ἰδοις
289 1807 362 1862 τὰ
404 1810 594 1880 ἀγαθὰ
638 1813 1045 1886 Ἰερουσαλὴμ,
1096 1819 1215 1872 ιὶιντλ⁵
1266 1819 1360 1873 τοῦ
1392 1820 1627 1889 Εὖροίς,

58 1896 156 1950 τοῦ
210 1895 367 1966 λόγου
404 1899 791 1971 σημαίνοντοςο
832 1906 926 1959 καὶ⁹
964 1904 1061 1964 τὸ.
1116 1908 1372 1976 Ἀροήτω
1408 1913 1441 1964 ὁ
1488 1912 1630 1965 ἀσε-

56 1986 200 2053 ϐὴς.
237 1988 334 2042 ἵνα
359 1989 445 2059 μὴ
492 1990 591 2060 ἴδῃ
637 1992 751 2058 τὴν
779 1993 967 2059 δόξαν
1008 1998 1250 2064 Κυρίου,
1278 1998 1368 2052 διὰ
1408 2000 1502 2054 τοῦ
1553 2001 1629 2072 μὴ

64 2079 220 2143 ἰδεῖν,
272 2081 335 2133 τὸ
387 2081 463 2152 μὴ
517 2088 803 2155 μετασχεῖν
856 2087 949 2139 τοῦ
1001 2090 1277 2159 προφήτου
1325 2089 1628 2161 δηλοῦντος.

61 2165 275 2218 Οὐκοῦν
306 2168 333 2219 ό
360 2167 448 2220 τὸν
477 2168 608 2223 Θεὸν
653 2172 798 2235 ἰδὼν,
835 2175 942 2227 πᾶν
972 2174 1107 2246 ὅπερ
1142 2177 1288 2231 ἐστὶν
1321 2179 1379 2231 ὲν
1411 2180 1631 2247 ἀγαθῶν

60 2255 370 2326 καταλόγῳ,
436 2257 523 2312 διὰ
576 2261 670 2314 τοῦ
727 2262 853 2316 ἰδεῖν
909 2265 1066 2336 ἔσχε,
1122 2266 1220 2338 τὴν
1276 2269 1630 2342 ἀτελεύτητον

60 2342 233 2415 ζωὴν,
290 2346 386 2416 τὴν
429 2349 596 2403 ἀΐδιον
642 2352 969 2422 ἀφθαρσίαν,
1001 2354 1098 2427 τὴν
1139 2357 1407 2412 ἀθάνατον
1461 2378 1630 2431 μακα-

66 2431 309 2501 ριότητα,
365 2435 463 2508 τὴν
507 2437 861 2510 ἀτελεύτητον
913 2441 1207 2512 βασιλείαν,
1256 2445 1355 2517 τὴν
1399 2447 1630 2518 ἄληκτον

61 2523 404 2595 εὐφροσύνην
426 2562 442 2589 ,
461 2528 521 2581 τὸ
549 2528 798 2600 ἀληθινὸν
831 2532 966 2601 φῶς,
998 2536 1097 2608 τὴν
1140 2538 1513 2610 πνευματικὴν
1541 2543 1632 2596 καὶ

60 2612 320 2678 γλυκεῖαν
340 2619 642 2692 φ‹ο›νὴν,τὴν
653 2617 943 2688 ἀπρόσιτον
954 2621 1193 2689 δόξαν,τὸ
1202 2622 1447 2696 διηνεκὲς
1464 2632 1631 2700 ἀγαλ-

59 2701 252 2774 λίαμα,
283 2706 343 2758 τὸ
374 2708 481 2761 πᾶν
507 2708 729 2778 ἀγαθόν.
763 2711 835 2767 Τὸ
868 2714 966 2786 μὲν
994 2711 1087 2771 οὖν
1112 2721 1229 2772 κατ’
1262 2722 1450 2776 ἐλπίδα
1496 2740 1630 2795 προ-

60 2795 314 2865 κείμενον
340 2798 399 2870 ἐν
429 2803 495 2872 τῇ
530 2804 928 2875 μακαριότητος
960 2809 1278 2880 ἐπαγγελίᾳ,
1306 2814 1544 2867 τοιοῦτόν
1572 2833 1632 2869 τε

57 2886 154 2939 καὶ
200 2887 472 2943 τοσοῦτον.
528 2891 679 2944 Ἐπεὶ
719 2892 776 2947 δὲ
807 2894 835 2946 ό
870 2895 1066 2968 τρόπος
1107 2899 1198 2951 τοῦ
1236 2900 1362 2955 ἰδεῖν
1406 2903 1490 2956 διὰ
1536 2904 1629 2959 τοῦ

55 2982 301 3055 καθαρὸν
331 2986 587 3055 γενέσθαι
616 2992 680 3060 τῇ
710 2991 906 3064 καρδίᾳ
937 2994 1343 3065 προδέδεικται·
1374 2998 1433 3050 ὲν
1461 2998 1633 3071 τούτῳ

1730 1723 2047 1794 Scriptum,
2087 1723 2229 1784 idem
2262 1724 2535 1795 signiﬁcat
2580 1724 2728 1795 quod
2757 1723 3001 1780 habere:
3042 1725 3303 1795 quemad-

1731 1816 1951 1871 modum
1974 1816 2141 1880 illud,
2171 1815 2359 1871 Videas
2385 1818 2519 1878 bona
2565 1815 2867 1871 Jerusalem
2891 1816 2958 1880 ⁸⁸,
2992 1816 3137 1872 idem
3163 1816 3307 1888 quod

1731 1906 1989 1975 invenias,
2028 1906 2378 1975 signiﬁcante
2422 1907 2613 1962 verbo.
2645 1907 2711 1962 Ει
2744 1925 2759 1962 ;
2805 1906 3051 1961 Tollalur
3092 1908 3305 1978 impius,

1731 2014 1794 2052 ne
1837 1996 2011 2052 videat
2050 1997 2277 2068 gloriam
2317 1996 2533 2052 Domini
2558 1997 2625 2061 ⁸⁷,
2660 2012 2758 2067 per
2806 2012 2917 2052 non
2963 1999 3166 2061 videre,
3196 2012 3304 2052 non

1732 2088 2055 2159 participem
2108 2102 2233 2144 esse
2283 2087 2547 2157 prepbeta
2595 2081 2958 2159 signiﬁcante.
3013 2087 3155 2159 Ergo
3210 2088 3306 2159 qui
3358 2080 3367 2093 ’

1730 2174 1901 2237 Deum
1932 2179 2090 2243 vidit,
2122 2179 2389 2250 quidquid
2423 2179 2478 2234 in
2511 2178 2668 2234 bonis
2698 2188 3042 2247 numeratur,
3078 2195 3173 2249 per
3202 2180 3307 2235 hoc

1730 2270 1877 2340 quod
1923 2271 2078 2336 vidit,
2114 2269 2344 2341 adeptus
2373 2277 2478 2334 est,
2517 2270 2683 2324 vitam
2721 2269 2851 2341 sine.
2882 2269 3010 2333 ﬁne,
3041 2278 3306 2324 aeternam

1731 2359 2327 2431 incorruptibilitatem,
2428 2360 2792 2414 immortalem
2887 2360 3301 2421 beatitudinem,

1733 2467 1955 2523 regnum
2007 2452 2127 2507 sine
2178 2451 2304 2518 ﬁne,
2361 2451 2604 2507 laztitiam
2660 2451 3054 2515 continentem,
3114 2466 3302 2506 verum

1733 2541 1937 2607 lumen,
1970 2543 2307 2613 spiritualem
2352 2550 2407 2599 et
2431 2542 2645 2597 dulcem
2695 2556 2909 2615 vocem,
2956 2542 3183 2612 gloriatn
3223 2541 3307 2599 in-

1732 2648 2035 2698 accessam,
2066 2643 2381 2705 perpetuam
2408 2634 2852 2698 exsultationem,
2879 2648 3042 2689 omne
3062 2633 3314 2703 denique

1732 2725 1956 2779 bonum.
1993 2724 2281 2780 Enimvero
2306 2724 2452 2795 quod
2479 2726 2532 2778 in
2564 2722 3311 2796 promissionebeatitudinis

1734 2833 1828 2887 per
1880 2832 2034 2886 Spem
2088 2817 2435 2889 proponitur,
2490 2818 2597 2872 tale
2647 2831 2713 2871 ac
2769 2808 2979 2870 tantum
3029 2824 3147 2879 est;
3210 2816 3306 2871 scd

1734 2910 1989 2979 quoniam
2025 2919 2150 2964 ante
2193 2910 2624 2965 demonstratum
2658 2913 2766 2973 est,
2820 2907 3042 2962 modum
3088 2907 3316 2962 videndi

1736 2999 1902 3055 Deum
1933 2999 2124 3059 conﬁci
2148 3015 2244 3069 per
2273 2999 2397 3065 hoc,
2431 2999 2478 3055 si
2501 2999 2624 3069 quis
2646 3013 2783 3068 puro
2810 2990 2975 3054 corde
2999 2998 3303 3055 exstiterit:

60 3092 153 3143 μοι
186 3075 350 3129 πάλιν
381 3077 584 3150 ίλιγγιᾷ
628 3081 660 3149 ἡ
693 3080 920 3146 διάνοια,
955 3086 1028 3156 μὴ
1060 3086 1167 3156 ἄρα
1197 3087 1307 3140 τῶν
1339 3088 1624 3160 ἀμηχάνων

1825 3091 1927 3146 hoc
1960 3105 2180 3146 rursum
2228 3104 2381 3144 mens
2412 3103 2530 3144 mea
2560 3089 2718 3159 quasi
2750 3089 3013 3159 vertigine
3056 3096 3309 3158 correpta

52 3184 116 3219 τε
146 3167 244 3222 καὶ
272 3168 701 3240 ὑπερϐαινόντων
726 3172 1024 3243 “rip/.9639)
1053 3176 1228 3247 ἡμῶν,
1257 3179 1290 3248 ἡ
1329 3179 1634 3252 καθαρότης

54 3261 160 3332 τῆς
189 3261 418 3331 καρδίας
447 3263 613 3316 ἐστίν.
657 3266 717 3318 EE
747 3267 855 3337 γάρ
893 3267 979 3320 διὰ
1007 3253 1227 3323 τοῦτοό
1256 3269 1387 3334 Θεὸς
1410 3273 1600 3342 ὁρᾶται
1618 3290 1634 3306 ’

52 3352 271 3422 Μωσῆς
320 3352 377 3404 δὲ
427 3355 518 3407 καὶ
577 3354 780 3420 Παῦλος
829 3356 931 3411 οὐκ
981 3357 1107 3422 ἴδον,
1154 3358 1216 3410 τὸ
1263 3359 1402 3429 μήτε
1448 3360 1634 3428 αὑτὸν,

58 3443 203 3511 μήτε
236 3441 395 3496 ἄλλον
425 3444 549 3498 τινὰ
591 3443 846 3498 δύνασθαι
880 3446 1007 3500 ἰδεῖν
1038 3447 1346 3518 διωρίσατο,
1381 3448 1637 3504 ἀδύνατον

54 3532 207 3585 ἔοικέ
253 3549 306 3585 τι
349 3527 487 3586 εἶναι
520 3532 577 3586 τὸ
600 3532 677 3604 τῷ
712 3533 1041 3605 μακαρισμῷ
1073 3535 1167 3590 νῦν
1198 3536 1301 3589 ὑπὸ
1337 3537 1434 3590 τοῦ
1462 3537 1636 3606 Λόγου

56 3621 446 3693 προκείμενον.
501 3623 565 3675 Τί
598 3619 689 3677 οὖν
732 3625 862 3696 ἡμῖν
890 3625 951 3677 τὸ
984 3625 1170 3695 κέρδος
1201 3626 1264 3678 ἐκ
1303 3624 1397 3678 τοῦ
1438 3627 1638 3694 γνῶναι

54 3711 181 3774 πῶς
226 3713 257 3764 ὁ
306 3711 437 3777 Θεὸς
469 3714 688 3785 ὁρᾶται,
725 3717 774 3769 εί
820 3715 881 3769 τὸ
926 3716 1148 3769 δυνατὸν
1194 3717 1260 3786 τῇ
1312 3716 1524 3788 ἐπινοίᾳ
1562 3718 1637 3788 μὴ

55 3804 392 3875 πρόσεστιν;
446 3805 668 3877 Ὅμοιον
716 3807 825 3879 γὰρ
859 3809 920 3861 τὸ
960 3808 1225 3875 τοιοῦτον,
1261 3806 1452 3879 ὥσπερ
1489 3808 1556 3862 ἂν
1587 3808 1643 3863 εἴ

52 3912 145 3958 τις
176 3895 448 3967 μακάριον
475 3892 612 3951 εἶναι
643 3897 791 3967 λέγοι
820 3899 880 3953 τὸ
906 3901 964 3954 ἐν
996 3899 1210 3973 οὐρανῷ
1237 3897 1490 3971 γενέσθαι
1515 3917 1528 3928 ·
1558 3900 1640 3954 ὅτι

53 3989 184 4040 ἐκεῖ
214 3989 509 4057 κατόψεται
553 3990 621 4044 τὰ
672 3993 730 4045 ὲν
765 3993 843 4064 τῷ
884 3994 984 4065 βίῳ
1034 3994 1109 4066 μὴ
1145 3995 1525 4069 καθορώμενα.
1575 3996 1639 4049 Et

51 4081 174 4152 γάρ
218 4099 304 4145 τις
346 4079 414 4154 ἦν
449 4083 664 4155 μηχανὴ
738 4088 837 4157 τῆς
883 4087 976 4140 ἐπὶ
1006 4087 1099 4141 τὸν
1144 4086 1371 4158 οὐρανὸν
1415 4088 1639 4159 πορείας

49 4172 153 4225 διὰ
180 4172 278 4225 τοῦ
312 4173 468 4242 λόγου
517 4175 944 4247 προδεικνυμένη
965 4194 978 4207 ·
1018 4177 1078 4230 τὸ
1119 4180 1307 4248 μαθεῖν
1337 4180 1418 4233 ὅτι
1461 4196 1639 4250 μακα-

54 4262 254 4334 ριστόν
289 4264 402 4316 ἐστι
429 4264 490 4317 τὸ
522 4266 578 4317 ὲν
623 4260 814 4337 ἐκείνῳ
860 4266 1130 4335 γενέσθαι,
1177 4269 1447 4339 χρήσιμον
1479 4269 1544 4322 ἂν
1569 4264 1637 4340 ἦν

46 4358 175 4419 τοῖς
213 4354 521 4410 ἀκούουσιν.
556 4357 698 4420 Ἕως
730 4357 774 4411 δ’
805 4358 870 4412 ἂν
901 4358 962 4411 τὸ
996 4359 1136 4413 κατὰ
1161 4359 1258 4430 τὴν
1280 4358 1463 4414 ἄνοδον
1496 4362 1639 4432 ἀμή-

1738 3190 1953 3248 aastuat,
2005 3181 2330 3253 ambigendo
2370 3197 2512 3237 annc
2556 3181 2766 3252 puritas
2815 3181 2998 3236 cordis
3039 3181 3113 3236 sit
3145 3197 3210 3236 cx
3240 3182 3309 3237 iis

1740 3274 1904 3331 rebus
1952 3289 2072 3343 quae
2092 3289 2267 3343 neque
2282 3272 2416 3329 (ιωυί
2438 3279 2691 3342 possunt,
2718 3280 2772 3327 et
2794 3278 3044 3325 naturam
3064 3281 3306 3327 nostram

1739 3370 2001 3432 superant
2038 3367 2093 3417 et
2118 3360 2411 3417 excedunt.
2451 3359 2586 3414 Nam
2620 3360 2665 3413 si
2692 3374 2787 3429 per
2817 3360 2957 3415 banc
2986 3358 3127 3414 Deus
3161 3360 3309 3414 vide-

1740 3461 1871 3517 tur,
1929 3450 2146 3522 Moyses
2189 3448 2370 3504 autem
2414 3456 2468 3502 ct
2505 3446 2869 3502 Paulusnon
2903 3448 3158 3501 viderunt
3218 3463 3313 3517 per

1739 3542 1845 3598 boc
1871 3541 2016 3612 quod
2059 3555 2237 3611 neque
2279 3539 2350 3595 ab
2382 3553 2522 3605 sese,
2572 3552 2750 3608 neque
2789 3536 2857 3591 ab
2892 3537 2999 3592 alio
3035 3551 3309 3607 quoquam

1739 3635 1908 3688 Deum
1934 3632 2103 3691 videri
2135 3646 2295 3702 posse
2333 3628 2620 3696 aﬁirmaut,
2648 3644 2710 3683 ea
2738 3642 2860 3698 qua:
2893 3642 3039 3682 nunc
3066 3642 3097 3680 a
3135 3626 3312 3684 Verbo

1739 3725 2059 3780 beatitudini
2101 3722 2446 3795 proponitur,
2479 3735 2569 3776 res
2610 3719 2880 3789 ejusmodi
2922 3733 3046 3779 esse
3073 3720 3307 3782 videtur,

1738 3832 1860 3888 quae
1885 3814 2020 3871 etﬁci
2056 3822 2219 3886 atque
2240 3811 2617 3884 repraesentari
2652 3825 2758 3866 non
2804 3811 3000 3881 possit.
3037 3810 3177 3877 Quid
3210 3811 3308 3881 ἱεὶς

1738 3915 1829 3961 tur
1869 3904 2008 3961 lucri
2053 3905 2213 3961 nobis
2264 3902 2476 3958 accedit
2529 3917 2605 3959 ex
2640 3916 2728 3967 eo,
2781 3902 2923 3972 quod
2955 3902 3312 3972 cognovimus

1739 4012 1846 4067 qua
1875 3996 2088 4051 ratione
2136 3994 2281 4051 Deus
2308 3993 2580 4057 videatur,
2626 3993 2672 4049 si
2709 3992 2853 4049 vires
2886 3992 2963 4048 rei
2990 3993 3312 4062 excogitatae

1739 4106 1849 4146 non
1874 4089 2117 4147 adsunt?
2148 4087 2202 4144 id
2225 4087 2370 4144 enim
2398 4088 2578 4144 simile
2624 4094 2728 4151 est,
2756 4100 2828 4143 .ac
2851 4086 2898 4141 si
2928 4088 3053 4157 quis
3080 4086 3308 4149 diceret,

1738 4181 1956 4237 beatum
2001 4194 2124 4235 esse
2153 4179 2211 4235 in
2242 4178 2384 4237 casio
2413 4177 2654 4241 versari,
2708 4178 2970 4247 quoniam
3016 4176 3131 4232 illic
3171 4191 3308 4232 con—

1741 4270 2047 4342 spiciuntur
2068 4283 2154 4332 ea,
2195 4282 2315 4339 qua’
2342 4267 2401 4324 in
2438 4268 2543 4323 hoc
2571 4268 2776 4323 saeculo
2821 4281 2930 4322 non
2960 4266 3312 4335 conspiciam-

1741 4372 1849 4416 tur.
1885 4358 2017 4414 Nam
2054 4357 2100 4414 si
2130 4358 2311 4428 aliqua
2344 4358 2484 4411 ratio
2515 4355 2836 4426 expediendi
2871 4355 3083 4410 itineris
3109 4354 3164 4408 in
3196 4369 3310 4409 cato

49 4464 230 4518 χανον
261 4444 322 4520 ᾗ,
355 4430 408 4500 τί
449 4447 601 4519 φέρει
635 4448 821 4519 κέρδος
850 4450 883 4520 ἡ
914 4448 1114 4517 γνῶσις
1161 4449 1260 4519 τῆς
1306 4430 1624 4521 μακαριόίττί.

1803 4470 1851 4508 ιιι
1882 4434 1981 4524 per
2016 4466 2321 4508 sermonem
2352 4456 2881 4520 praemonstraretur,
2919 4448 3052 4503 utile
3083 4445 3311 4503 audien-

48 4556 154 4600 τος
187 4539 286 4608 τῆς
315 4538 589 4610 οὐρανίας,
612 4539 853 4592 λυποῦσα
882 4540 1042 4610 μόνον
1070 4537 1195 4603 τοὺς
1232 4539 1638 4611 μεμαθηκότας,

46 4631 191 4684 οἴων
220 4629 309 4684 διὰ
331 4631 390 4683 τὸ
418 4630 673 4703 ἀδύνατον
693 4633 791 4702 τῆς
815 4631 1004 4684 ἀνόδου
1034 4630 1488 4702 ἀποστερήμεθας
1512 4626 1582 4684 1rA
1592 4632 1640 4704 ρ’

44 4719 156 4776 οὖν
196 4720 305 4786 ἔξω
332 4722 435 4793 πῆς
482 4722 695 4791 φύσεως
739 4721 896 4793 ήμῶν
939 4725 968 4774 ὸ
1023 4722 1225 4793 Κύριος
1274 4712 1638 4791 ὲγκελεύέται,

47 4812 159 4865 καὶ
196 4811 444 4883 ὑπερέϐη
494 4812 563 4866 τὰ
616 4813 788 4883 μέτρα
833 4812 933 4882 τῆς
975 4813 1319 4884 ἀνθρωπίνης
1362 4813 1643 4884 δυνάμεως

41 4901 141 4972 τῷ
193 4902 468 4973 μεγαλείῳ
517 4902 609 4955 τοῦ
661 4903 1065 4973 ὲπιτάγματος;
1122 4903 1235 4956 Οὐκ
1285 4902 1406 4957 ἐστι·
1449 4895 1639 4960 ταῦτα.

46 4992 206 5047 Οὔτε
250 4994 361 5065 γὰρ
390 4994 625 5065 πτηνοὺς
663 4994 915 5062 γενέσθαι
959 4993 1188 5058 κελεύει,
1218 4988 1298 5058 οἷς
1342 4995 1402 5048 τὸ
1445 4994 1642 5065 πτερὸν

39 5087 165 5141 οὐκ
203 5086 488 5156 ἐνέφυσεν,
528 5087 646 5140 οὐδὲ
693 5087 797 5140 ὑπὸ
835 5086 978 5157 ὕδωρ
1027 5088 1126 5157 ζῇν
1158 5081 1238 5150 οἷς
1268 5087 1361 5140 τὸν
1391 5090 1641 5159 χερσαῖον

42 5179 430 5251 ἀπεκλήρωσε
478 5179 610 5249 βίον.
651 5180 713 5233 Εἰ
743 5176 834 5234 οὖν
865 5181 921 5233 ὲν
951 5182 1082 5234 πᾶσι
1108 5182 1221 5243 τοῖς
1262 5179 1440 5242 ἄλλοις
1473 5180 1644 5251 πρόσ-

46 5275 234 5347 φορός
263 5276 382 5327 ἐστι
427 5276 494 5344 τῇ
528 5273 752 5344 δυνάμει
780 5274 887 5328 τῶν
933 5273 1232 5344 δεχομένων
1270 5273 1300 5324 ὁ
1332 5273 1513 5342 νόμος,
1546 5275 1641 5326 καὶ

41 5367 219 5422 οὐδὲν
268 5367 411 5437 ὑπὲρ
454 5367 554 5436 τὴν
598 5365 757 5436 φύσιν
786 5366 1062 5435 βιάζεται·
1108 5367 1202 5419 καὶ
1233 5364 1392 5418 τοῦτο
1424 5364 1641 5428 παντως

44 5464 126 5515 ἐκ
166 5457 270 5513 τοῦ
303 5457 594 5512 ἀκολούθου
620 5451 903 5530 νοήσομεν,
940 5458 1014 5528 μὴ
1047 5459 1140 5512 ἀπ’
1170 5450 1382 5521 ἐλπίδος
1414 5453 1555 5529 εἶναι,
1581 5457 1644 5509 τὸ

46 5552 146 5607 6ιά
181 5549 285 5605 τοῦ
319 5549 667 5620 μακαρισμοῦ
700 5550 1168 5625 προδεικνύμενον.
1222 5548 1379 5604 Ἀλλά
1430 5548 1523 5604 καὶ
1552 5548 1642 5601 τὸν

1738 4547 1884 4600 tibus
1910 4553 2058 4601 esset
2079 4544 2342 4600 didicisse
2384 4540 2528 4612 quod
2560 4540 2784 4596 beatum
2831 4539 2905 4594 sit
2935 4540 2990 4594 in
3016 4539 3158 4594 caelo
3189 4554 3309 4593 ver-

1739 4636 1871 4693 sari.
1916 4636 2170 4703 Quandiu
2218 4642 2396 4691 autem
2441 4647 2707 4689 ascensus
2748 4630 3036 4701 expeditus
3062 4645 3170 4685 non
3201 4637 3306 4696 est,

1738 4726 2275 4798 quid_emolumenti
2319 4724 2475 4780 aﬂ'ert
2515 4722 2754 4793 cognitio
2805 4720 3046 4776 caelestis
3076 4720 3311 4775 beatitu-

1739 4817 1905 4883 dinis,
1932 4832 2137 4887 angens
2167 4818 2432 4872 duntaxat
2457 4825 2510 4871 et
2538 4815 2678 4869 male
2706 4814 2912 4870 habens
2933 4827 3037 4867 nos
3084 4810 3310 4868 edoctos

1740 4908 1996 4980 qualibus
2026 4909 2189 4964 rebus
2217 4909 2411 4980 privati
2438 4908 2633 4971 simus,
2672 4911 2728 4961 et
2770 4911 2990 4975 propter
3018 4918 3307 4959 ascensum

1740 5000 2058 5071 impeditum
2094 5001 2418 5056 careamus?
2472 4997 2728 5069 Nunquid
2755 4996 2922 5066 igitur
2955 4993 3020 5049 ad
3038 4992 3128 5059 .id,
3166 4990 3310 5062 quod

1742 5097 1993 5145 naturam
2045 5100 2289 5146 nostram
2339 5089 2577 5154 excedit,
2625 5088 2890 5144 Dominus
2939 5085 3207 5147 hortatur,
3261 5095 3314 5138 et

1741 5188 1963 5250 supcrat
1996 5182 2214 5235 modum
2261 5182 2622 5237 humanarum
2668 5180 2863 5235 virium
2912 5174 3314 5249 magniﬁcentia

1749 5270 2039 5345 praeccpti?
2084 5269 2202 5325 Non
2262 5271 2339 5325 ita
2372 5286 2432 5327 sc
2464 5286 2554 5326 res
2582 5271 2764 5326 habet.
2813 5268 2998 5339 Neque
3031 5268 3176 5323 enim
3216 5281 3315 5319 vo-

1699 5364 1705 5369 ’
1750 5366 1929 5420 lucres
1957 5363 2070 5419 ﬁeri
2099 5362 2276 5432 jubet,
2309 5362 2510 5431 quibus
2533 5362 2651 5417 alas
2678 5377 2788 5416 non
2814 5360 3069 5432 produxit
3094 5375 3108 5411 :
3139 5374 3315 5428 neque

1749 5456 1853 5511 sub
1884 5469 2026 5523 aqua
2059 5454 2262 5516 vivere,
2310 5451 2509 5522 quibus
2533 5461 2846 5507 terrestrem
2879 5453 3045 5507 vitam
3072 5450 3313 5521 assigna.

1752 5548 1848 5602 vit.
1902 5545 1959 5603 Si
2009 5545 2170 5617 igitur
2218 5545 2302 5599 lex
2356 5544 2410 5597 in
2464 5539 2585 5597 aliis
2625 5542 2878 5598 onmibus
2932 5542 3314 5612 accipientium

88 5725 183 5759 ’δ’
230 5723 423 5780 Matth.
486 5739 560 5794 tv,
598 5723 685 5779 50.
763 5725 808 5757 ιθ
857 5723 999 5781 Psal.
1040 5742 1240 5793 cxxvn,
1299 5726 1349 5781 ὃ.
1427 5728 1468 5760 ⁸⁷
1530 5726 1624 5781 Ιειι⁴

1794 5739 1822 5791 ι,
1866 5722 1947 5792 lO,
1985 5720 2140 5792 juxta
2173 5715 2341 5773 LXX.
