3696 5986
348 352 498 410 ’1167

1598 352 1656 410 s.
1699 352 2027 411 onsconu
2067 352 2367 435 stssa!

3475 351 3601 412 1268

354 471 565 525 viribus
608 470 940 529 conveniens
992 481 1111 537 est,
1152 483 1207 529 et
1255 474 1323 528 ad
1373 474 1575 528 nullam
1628 487 1741 529 rem
1802 488 1924 544 quae

2117 476 2311 547 »ἀννην,
2342 475 2436 528 καὶ
2476 473 2565 528 τδν
2610 472 2842 537 Παῦλον,
2880 472 2986 527 -καὶ
3033 471 3126 526 τὸν
3170 471 3400 535 Munia,
3433 472 3527 525 καὶ
3556 472 3603 525 εί

351 577 519 634 supra
552 571 802 618 naturam
832 565 904 620 sit
953 566 1136 637 cogit,
1168 567 1330 622 etiam
1372 567 1475 622 hoc
1506 582 1730 637 prorsus
1762 582 1830 622 ex
1865 580 1931 621 eo

353 656 500 724 quod
540 665 968 713 consentaneum
1017 667 1103 714 est
1137 658 1505 729 intelligemus
1529 700 1544 722 ,
1586 673 1696 713 nou
1737 657 1932 728 despe-

353 745 585 801 randum
634 747 887 803 videlicet
936 765 1058 805 esse
1095 749 1150 805 id
1209 751 1354 820 quod
1402 765 1498 821 per
1539 750 1930 805 beatitudinem

354 845 826 908 prtemonstratur,
878 841 973 896 sed
1027 848 1083 896 et
1126 840 1415 905 Joannem,
1480 851 1533 896 et
1572 840 1824 906 Paulum,
1881 850 1934 903 ct

354 928 601 998 Moysen,
651 937 706 984 et
757 930 802 985 si
824 932 961 1011 quis
993 932 1134 988 alius
1170 933 1385 988 illorum
1433 933 1629 1011 similis
1678 941 1784 997 est,
1824 947 1934 986 non

354 1017 629 1074 excidisse
659 1019 762 1075 hac
798 1004 1019 1077 sublimi
1056 1024 1417 1089 beatitudine,
1452 1004 1574 1094 qua:
1602 1039 1669 1078 ex
1704 1037 1937 1092 conspe-

356 1109 541 1165 ctiune
571 1110 664 1167 Dei
700 1112 930 1177 accedit,
984 1130 1160 1185 neque
1198 1116 1352 1169 illum
1399 1115 1492 1185 qui
1524 1114 1700 1168 dixit:
1737 1114 1936 1168 Recon-

357 1201 477 1256 dita
513 1212 590 1257 est
622 1204 752 1257 mihi
772 1204 1001 1273 justitiw
1027 1223 1248 1271 corona,
1298 1223 1458 1277 quant
1485 1205 1664 1260 reddet
1695 1206 1825 1259 mihi
1843 1205 1937 1275 ju-

358 1303 475 1348 stus
497 1294 665 1364 judex
684 1296 752 1362 ⁸⁸,
788 1312 966 1368 neque
989 1313 1114 1352 eum
1149 1299 1243 1369 qui
1272 1298 1524 1354 recubuit
1557 1313 1722 1367 super
1750 1306 1939 1369 pectus

360 1380 493 1437 Jesu
537 1383 605 1448 ",
663 1399 842 1453 neque
890 1400 1015 1439 eum
1068 1385 1162 1455 qui
1210 1386 1419 1440 audivit
1469 1401 1500 1439 a
1551 1400 1685 1439 voce
1731 1385 1936 1450 divina,

361 1472 597 1544 Cognovi
629 1483 678 1528 te
701 1485 893 1543 pra'ter
925 1491 1103 1531 omnes
1125 1476 1192 1532 ".
1227 1476 1284 1531 Si
1319 1491 1452 1547 ergo
1480 1491 1588 1530 non
1623 1474 1937 1545 ambigitur,

308 1607 333 1617 -
362 1563 494 1630 quin
529 1564 602 1617 illi
641 1566 736 1633 qui
774 1566 1286 1635 contemplationem
1312 1565 1410 1622 Dei
1443 1581 1609 1636 supra
1642 1566 1790 1620 vires
1820 1578 1942 1621 esse

365 1651 982 1721 p-'aedicaverunt,beati
1008 1655 1138 1721 sint,
1174 1655 1452 1711 beatitudo
1500 1664 1679 1712 autem
1711 1673 1776 1713 ex
1811 1672 1941 1712 con-

366 1743 647 1813 spectione
695 1742 789 1799 Dei
824 1745 1064 1812 exsistit,
1105 1753 1270 1816 atque
1297 1745 1465 1802 Deum
1497 1748 1684 1804 videre
1722 1748 1939 1804 contin~

2031 585 2116 632 τις
2143 567 2299 631 ἄλλος
2343 567 2461 620 κατ’
2498 566 2735 630 ἐκείνους
2763 565 2900 632 ἐστὶ,
2937 565 3009 637 μὴ
3051 564 3472 642 ἐκπεπτωκέναι
3512 562 3603 632 τῆς

2030 658 2242 730 ὑψηλῆς
2271 658 2473 730 ταύτης
2511 657 2928 729 μακαριότητος,
2972 657 3067 727 τῆς
3107 657 3171 708 ἐκ
3208 655 3302 708 τοῦ
3352 655 3485 708 ἰδεῖν
3519 652 3605 706 τὸν

2032 751 2164 805 Θεὸν
2194 750 2639 822 προσγινομένης,
2679 748 2811 821 μηδὲ
2836 749 2926 802 τὸν
2959 748 3201 810 εἰπόντα,
3220 748 3302 800 ὅτι
3343 747 3605 801 Ἀπόκει-

2033 843 2129 898 ταί
2153 861 2254 914 μοι
2300 847 2333 898 ὀ
2366 842 2475 912 τῆς
2500 842 2891 910 δικαιοσύνης
2919 839 3240 909 στέφανος,
3276 839 3351 893 ὃν
3374 836 3607 893 (1.106(6-

2033 948 2129 988 σει
2156 950 2258 1003 μοι
2288 935 2320 987 ὁ
2347 931 2573 998 δίκαιος
2612 930 2837 1000 κριτὴς,
2872 931 3009 1001 μήτε
3034 929 3127 982 τὸν
3169 930 3260 982 ἐπὶ
3302 928 3363 995 τὸ
3414 925 3609 997 στῆθος

2034 1023 2373 1078 ἀναπεσόντα
2421 1022 2516 1076 τοῦ
2560 1021 2755 1092 Ἰησοῦ,
2811 1023 2953 1093 μήτε
2994 1020 3085 1075 τὸν
3133 1019 3411 1090 ἀκηκοότα
3464 1018 3613 1087 παρᾶ

2033 1115 2133 1185 τῆς
2165 1113 2312 1177 θείας
2340 1113 2541 1183 φωνῆς,
2573 1113 2653 1165 ὅτι
2687 1113 2911 1181 Ἕτνων
2937 1127 3011 1165 σε
3055 1112 3212 1180 παρὰ
3242 1110 3505 1175 πάντας.
3553 1110 3612 1161 Εἰ

2037 1201 2129 1259 οὖν
2153 1206 2369 1267 ἐκεῖνοι,
2403 1204 2532 1274 παρ’
2556 1195 2630 1255 ὧν
2659 1203 2796 1273 ὑπὲρ
2830 1201 3057 1272 δύναμιν
3086 1204 3118 1271 ἡ
3148 1199 3240 1255 τοῦ
3273 1200 3411 1254 Θεοῦ
3444 1216 3614 1253 κατα-

2036 1296 2219 1367 νόησις
2264 1290 2403 1348 εἶναι
2435 1296 2808 1366 κεκήρυκται,
2844 1293 3167 1366 μακαριστοὶ
3210 1288 3351 1346 εἶναι
3380 1288 3486 1345 οῗδκ
3514 1293 3620 1360 ἀμ-

2041 1385 2414 1456 φιϐάλλονταιο
2443 1385 2475 1454 ἡ
2507 1384 2562 1437 δὲ
2599 1385 2933 1456 μακαριότης
2971 1385 3052 1447 είς
3087 1384 3148 1436 τὸ
3178 1382 3303 1436 ἰδεῖν
3349 1382 3446 1435 τὸν
3491 1381 3619 1434 Θεόν

2040 1480 2207 1541 ἐστ.ν,
2238 1475 2395 1531 τοῦτο
2421 1476 2478 1530 δὲ
2507 1477 2571 1528 ὲκ
2602 1475 2692 1529 τοῦ
2733 1474 2970 1546 καθαρὸν
2999 1477 3064 1545 τῇ
3092 1474 3290 1545 καρδίᾳ
3328 1472 3617 1542 γενέσθαι·

2041 1570 2148 1640 ἄρα
2192 1570 2292 1622 οὐκ
2338 1567 2595 1631 ἀδύνατος
2624 1567 2723 1638 τῆς
2750 1566 2976 1638 καρδίας
3018 1569 3052 1638 ἡ
3081 1566 3417 1637 καθαρότης,
3449 1565 3519 1618 δι’
3553 1560 3618 1636 ἧς

2040 1658 2157 1714 ἔστι
2210 1657 2462 1726 γενέσθαι
2523 1654 2808 1727 μακάριον.
2860 1654 2983 1718 Πῶς
3041 1650 3134 1708 οὖν
3178 1654 3294 1706 ἔστι
3350 1652 3451 1705 καὶ
3500 1652 3620 1713 τοὺς

2043 1746 2185 1801 κατὰ
2213 1745 2423 1800 Παῦλον
2448 1744 2622 1816 ἀληθῆ
2660 1744 2837 1814 λέγειν
2870 1744 3059 1814 φῆσαι,
3094 1743 3234 1813 ὑπὲρ
3264 1741 3365 1813 τὴν
3397 1741 3620 1810 δύναμιν

365 1834 469 1904 git,
528 1834 573 1891 si
603 1836 729 1906 quis
777 1836 1110 1905 puro‘corde
1160 1837 1254 1902 sit,
1293 1848 1440 1893 certe
1482 1839 1693 1909 puritas
1738 1838 1941 1902 cordis,

2117 1837 2200 1890 ὧν
2250 1834 2710 1906 ὐποφαινομένους
2752 1830 2889 1887 εἶναι
2918 1834 3016 1905 τὴν
3049 1833 3141 1886 τοῦ
3176 1832 3310 1885 Θεοῦ
3350 1831 3617 1900 κατανόη-

372 1938 474 1992 per
503 1939 666 1994 quam
711 1926 931 1982 beatum
973 1927 1089 1983 ﬁeri
1122 1927 1279 1995 licet,
1329 1944 1439 1984 non
1472 1938 1557 1985 est
1585 1944 1650 1984 ex
1686 1930 1755 1986 iis
1781 1929 1949 1984 rebus

369 2031 492 2085 qua:
539 2016 733 2072 conﬁci
788 2034 898 2073 non
948 2030 1199 2089 possunt.
1256 2021 1359 2089 Qui
1418 2021 1584 2091 igitur
1615 2020 1723 2075 dici
1773 2028 1950 2091 potest

305 2106 316 2119 '
369 2107 521 2176 quod
553 2115 606 2163 et
638 2108 718 2162 illi
775 2110 867 2179 qui
916 2126 1041 2165 cum
1074 2111 1245 2167 Paulo
1293 2111 1810 2183 contemplationem
1847 2110 1944 2196 Dei

2044 1946 2148 1993 σιν,
2179 1928 2275 1981 καὶ
2299 1926 2396 1999 τὴν
2440 1925 2535 1979 τοῦ
2580 1925 2784 1995 Κυρίου
2818 1923 3002 1994 φωνὴν
3046 1922 3119 1994 μὴ
3149 1920 3618 1991 ἀντιδογματίζειν

2045 2020 2294 2085 ἐκείνοις,
2343 2019 2400 2073 ὲν
2446 2016 2775 2088 καθαρότητι
2810 2014 3139 2086 ὀφθήσεσθαι
3172 2014 3266 2067 τὸν
3313 2013 3453 2066 Θεὸν
3502 2013 3624 2065 ὐπι-

2051 2112 2318 2182 σχομένην
2346 2128 2362 2178 ς

369 2213 535 2268 supra
577 2200 720 2257 vire's
747 2217 870 2258 esse
904 2205 1276 2274 pronuntiant,
1306 2221 1434 2261 vera
1481 2205 1686 2271 dicant,
1740 2216 1794 2262 et
1829 2205 2042 2262 Domini
2069 2223 2169 2263 vox
2201 2208 2308 2263 illis
2360 2222 2467 2261 non
2494 2205 2834 2272 adversetur,
2902 2220 3021 2276 quae
3084 2203 3254 2258 Deum
3317 2216 3420 2273 per
3481 2199 3626 2271 puri-

370 2300 538 2349 tatem
575 2294 759 2350 cordis
787 2305 1141 2368 eonspectum
1172 2299 1238 2352 iri
1268 2299 1608 2370 pollicetur?

442 2382 673 2439 Videtur
700 2386 835 2441 mihi
863 2387 1008 2443 haud
1041 2390 1280 2444 alienum
1312 2404 1454 2453 esse,
1493 2389 1541 2445 si
1571 2389 1639 2446 de
1674 2389 1759 2446 his
1783 2392 1947 2447 rebus

374 2477 565 2546 paucis
598 2478 952 2549 digrediendo
993 2482 1229 2552 primum
1263 2482 1509 2552 quaedam
1556 2498 1945 2555 proponamus,

375 2583 502 2636 qua:
528 2575 787 2639 tanquam
822 2572 977 2625 ﬁrma
1010 2580 1175 2643 atque
1200 2573 1403 2628 nullius
1426 2573 1759 2643 probationis
1787 2590 1951 2645 egen-

374 2659 452 2713 tia
481 2674 785 2727 sumamus,
830 2670 887 2715 ut
921 2663 1207 2718 commode
1238 2663 1396 2729 nobis
1429 2665 1576 2718 circa
1607 2680 1720 2719 rem
1757 2679 1951 2735 pr0po—

375 2752 537 2806 sitam
561 2752 863 2823 speculatio
894 2754 1174 2824 procedat.
1204 2755 1395 2809 Divina
1426 2766 1645 2821 natura,
1676 2756 1949 2827 quidquid

377 2844 495 2912 ipsa
531 2842 751 2899 tandem
779 2859 876 2915 per
902 2860 964 2901 se
988 2846 1290 2901 secundum
1319 2847 1613 2903 essentiam
1647 2856 1752 2913 est,
1791 2863 1952 2917 supe-

380 2940 465 2987 rat
491 2948 708 2990 omnem
735 2936 1231 3006 comprehendendi
1266 2938 1533 3004 rationem
1567 2945 1729 3008 atque
1778 2939 1952 2994 soler-

381 3025 531 3089 tiam,
563 3027 764 3097 quippe
793 3043 914 3097 qua:
946 3028 1347 3097 coniecturales
1378 3030 1619 3085 rationes
1648 3037 1702 3084 et
1734 3028 1951 3101 excogi-

378 3115 617 3171 tationes
648 3116 879 3185 rejiciat,
930 3120 1177 3188 repellat.
1234 3128 1564 3189 aspernetur
1600 3126 1654 3174 et
1689 3134 1797 3173 non
1851 3120 1950 3173 ad-

2117 2389 2274 2441 Δοκεί
2321 2403 2410 2458 μοι
2464 2385 2640 2449 καλῶς
2688 2384 2831 2456 ἔχειν
2882 2383 3009 2454 περὶ
3055 2382 3243 2436 τούτου
3295 2383 3501 2454 χρῆναι
3546 2384 3627 2437 διὰ

2050 2478 2294 2550 βραχέων
2341 2478 2554 2550 πρῶτον
2591 2475 2793 2541 λαϐεῖν,
2839 2474 2916 2538 ὡς
2963 2473 3029 2527 ἂν
3076 2473 3198 2527 καθ’
3242 2473 3362 2526 ὁδὸν
3417 2475 3626 2541 γένοιτο

2047 2574 2178 2643 ἡμῖν
2213 2571 2341 2641 περὶ
2367 2570 2428 2622 τὸ
2464 2567 2821 2639 προκείμενον
2847 2568 2881 2637 ἡ
2920 2564 3142 2634 θεωρία.
3192 2563 3256 2617 Ἡ
3302 2563 3424 2617 θεία
3472 2566 3626 2634 φύσις

2049 2662 2187 2735 αὐτὴ
2232 2662 2353 2717 καθ’
2380 2661 2550 2733 αὐτὴν
2575 2659 2602 2713 ὅ
2625 2677 2677 2714 τι
2714 2658 2842 2713 ποτὲ
2876 2656 2995 2711 κατ’
3023 2656 3210 2708 οὐσίαν
3260 2658 3402 2721 ἐστὶ,
3450 2658 3626 2724 πάσης

2049 2754 2369 2825 ὑπέρκειται
2424 2751 2829 2823 καταληπτικῆς
2877 2747 3142 2811 ἐπινοίας,
3181 2747 3484 2818 ἀπρόσιτος
3541 2748 3627 2800 καὶ

2051 2844 2496 2914 ἀπροσπέλαστος
2545 2838 2678 2896 οὖσα
2733 2842 2853 2902 ταῖς
2905 2840 3286 2908 στοχαστικαῖς
3338 2839 3626 2904 ἐπινοίαις,

2053 2935 2147 2988 καὶ
2195 2933 2346 2987 οὔπω
2392 2950 2476 2996 τις
2525 2929 2830 3002 ἀνθρώποις
2868 2929 3000 3000 πρὸς
3045 2928 3143 3000 τὴν
3178 2927 3289 2982 τῶν
3338 2928 3629 3000 ὲκλήπτων

2054 3027 2380 3096 κατανόησιν
2417 3024 2705 3095 ἐξεύρηται
2736 3023 2959 3094 δύναμις
2981 3039 2994 3052 ·
3027 3021 3148 3075 οὐδὲ
3188 3038 3270 3084 τις
3303 3020 3501 3090 ἕςοδος
3542 3038 3632 3075 κα·

2054 3118 2359 3189 ταληπτικὴ
2389 3117 2495 3170 τῶν
2526 3115 2820 3187 ἀμηχάνων
2851 3114 3138 3184 ἐπενοήθη.
3189 3112 3278 3165 Διὸ
3306 3111 3404 3166 καὶ
3444 3113 3634 3177 Ἁνεξ-

381 3207 584 3272 tnittat,
633 3221 698 3263 ac
728 3208 875 3262 nulla
906 3208 1086 3263 adhuc
1130 3209 1276 3264 inter
1306 3209 1554 3265 homines
1608 3209 1838 3266 facultas
1883 3211 1947 3265 ad

2120 3210 2412 3272 νίαστυυς
2439 3206 2537 3271 τὰς
2556 3206 2707 3269 ὀδοὺς
2732 3205 2895 3259 αὐτοῦ
2921 3208 2949 3259 ὁ
2978 3205 3154 3276 μέγας
3179 3203 3437 3274 ὀνομάζει
3483 3203 3635 3256 ’Λπό-

382 3298 962 3368 comprehensibilium
977 3298 1505 3356 animadversionem
1520 3309 1573 3355 et
1586 3302 1950 3371 cognitionem

384 3391 605 3444 inventa
647 3397 754 3454 est,
787 3390 1046 3461 nullaque
1095 3391 1260 3456 ratio,
1289 3388 1514 3446 nullum
1547 3392 1951 3462 compendium,

384 3479 536 3534 nulla
563 3479 674 3546 via,
710 3480 893 3537 nullus
926 3489 1243 3551 apparatus,
1289 3482 1498 3536 nullum
1534 3482 1953 3538 instrumentum

386 3572 749 3642 excogitatum
767 3579 873 3639 est,
903 3586 1012 3642 quo
1043 3587 1131 3628 res
1164 3573 1576 3644 inexplicabiles
1598 3574 1955 3644 comprehen-

383 3662 605 3717 dantur.
650 3663 993 3734 Quapropter
1037 3680 1268 3736 maguus
1304 3665 1396 3720 ille
1436 3666 1733 3736 Apostolus
1776 3665 1956 3732 ἀνεξι-

387 3755 695 3825 χνιάστους,
752 3755 806 3810 id
850 3764 934 3811 est
966 3757 1112 3811 omni
1161 3756 1577 3827 investigatione
1624 3758 1955 3827 superiores,

388 3844 507 3902 sive
532 3846 1059 3918 impervestigabiles
1082 3848 1199 3902 vias
1222 3848 1340 3918 ejus
1368 3836 1714 3903 nominat“:
1748 3848 1961 3925 signiti-

386 3951 526 3993 cans
555 3953 653 4008 per
687 3953 749 3994 ea
779 3939 966 4003 verba,
1003 3939 1425 4010 cogitationibus
1464 3939 1801 3996 inaccessam
1840 3954 1962 3996 esse

389 4027 541 4081 illam
573 4028 716 4081 viam
769 4043 889 4098 quae
921 4024 1076 4083 ducit
1118 4030 1186 4084 ad
1220 4038 1430 4085 natura:
1463 4031 1662 4091 divina:
1694 4027 1961 4101 cognitio-

391 4129 536 4170 nem.
572 4114 740 4181 Quasi
777 4117 959 4171 nullus
994 4117 1175 4172 adhuc
1228 4133 1418 4174 eorum
1456 4121 1548 4190 qui
1583 4120 1710 4175 vita:
1738 4134 1959 4175 cursum

395 4213 523 4262 ante
567 4206 924 4263 confecerunt
985 4209 1203 4279 aliquod
1271 4211 1562 4281 vestigium
1611 4211 1694 4266 vel
1747 4212 1961 4281 signum

396 4299 697 4371 cognitioni
740 4300 1104 4371 impresserit,
1148 4317 1256 4372 quo
1284 4303 1438 4373 signo
1468 4305 1868 4375 excogitaretur
1910 4310 1966 4359 et

395 4390 769 4462 perciperetur
792 4408 882 4448 res
926 4408 1047 4464 quae
1075 4400 1293 4463 superat
1330 4409 1547 4449 onmem
1575 4393 1962 4464 cognitionem.

397 4480 546 4538 Talis
572 4490 753 4538 autem
791 4485 1089 4540 secundum
1123 4493 1373 4541 naturam
1401 4500 1526 4539 cum
1557 4487 1629 4540 sit
1658 4487 1703 4539 is
1752 4486 1844 4555 qui
1878 4500 1964 4540 su-

2057 3303 2261 3365 στολος,
2298 3300 2575 3372 σημαίνων
2617 3299 2705 3353 διὰ
2728 3299 2822 3352 τοῦ
2850 3298 3009 3368 λόγου
3037 3294 3460 3370 τδσάνεπίϐατον
3500 3292 3633 3350 εἶναι

2053 3394 2329 3464 λογισμοῖς
2370 3391 2468 3463 τὴν
2492 3390 2609 3444 ὁδὸν
2651 3389 2887 3460 ἐκείνην,
2915 3389 2950 3461 ἠ
2981 3388 3117 3459 πρὸς
3157 3388 3254 3459 τὴν
3284 3387 3496 3457 γνῶσιν
3545 3388 3635 3458 τῆς

2055 3485 2204 3547 Θείας
2231 3483 2415 3547 οὐσίας
2442 3481 2596 3550 ἄγει·
2626 3480 2700 3544 ὡς
2727 3479 2878 3534 οὐπω
2902 3480 3046 3543 τινος
3074 3479 3183 3557 τῶν
3207 3479 3636 3550 προωδευκότων

2054 3577 2147 3630 τὸν
2177 3576 2289 3647 βίον
2338 3575 2481 3646 ἴχνος
2530 3590 2585 3626 τι
2636 3572 3049 3643 καταληπτικῆς
3097 3570 3338 3634 ἐπινοίας
3374 3587 3635 3641 σημαινο-

2061 3668 2219 3741 μένου
2246 3669 2313 3738 τῇ
2342 3665 2538 3734 γνώσει
2563 3664 2655 3718 τοῦ
2682 3664 2821 3736 ὑπὲρ
2846 3662 3046 3733 γνῶσιν
3072 3661 3414 3733 πράγματος.
3448 3660 3635 3715 Τοιοῦ-

2055 3776 2147 3823 τος
2182 3758 2239 3812 δὲ
2259 3757 2333 3811 ὢν
2365 3756 2505 3812 κατὰ
2528 3756 2625 3826 τὴν
2657 3756 2815 3826 φύσιν
2841 3757 2869 3808 6
2904 3755 3044 3825 ὑπὲρ
3072 3755 3252 3807 πᾶσαν
3283 3753 3475 3822 φύσιν,
3498 3753 3636 3823 ἄλλῳ

2057 3852 2201 3922 λόγῳ
2242 3850 2336 3903 καὶ
2364 3850 2555 3922 ὁρᾶται
2596 3848 2690 3902 καὶ
2719 3845 3194 3918 καταλαμϐάνεται
3245 3848 3274 3899 ό
3301 3846 3543 3917 ἀόρατός
3579 3862 3632 3898 τε

2059 3944 2154 3999 καλ⁸
2199 3943 2626 4014 ἀπερίγραπτος.
2658 3937 2847 3992 Πολλοὶ
2887 3937 2943 3989 δὲ
2975 3937 3024 3990 οἱ
3049 3937 3145 4008 τῆς
3171 3935 3428 4005 τοιαύτης
3472 3955 3637 3992 κατα-

2059 4036 2294 4105 νοήσεως
2327 4031 2537 4104 τρόποι.
2589 4029 2742 4083 Ἔστι
2771 4027 2881 4099 γὰρ
2911 4026 3006 4081 καὶ
3033 4026 3118 4080 διὰ
3165 4027 3263 4095 τῆς
3296 4026 3637 4098 ἐμφαινομὲο

2060 4140 2158 4193 νης
2195 4119 2272 4194 τῷ
2301 4121 2463 4174 παντὶ
2511 4118 2721 4188 σοφίας,
2756 4117 2847 4172 τὸν
2889 4118 2948 4170 ἐν
2979 4117 3141 4187 σοφίᾳ
3180 4117 3357 4170 πάντα
3402 4134 3636 4187 πεποιη-

2062 4214 2194 4268 κότα
2228 4211 2629 4284 -στοχαστικῶς
2693 4210 2841 4264 ἰδεῖν.
2907 4208 3172 4280 Καθάπερ
3225 4209 3320 4262 καὶ
3380 4209 3484 4262 ἐπὶ
3533 4210 3635 4263 τῶν

2063 4303 2418 4375 ἀνθρωπίνων
2445 4298 3142 4377 δημιουργημάτωνὸρᾶται
3167 4296 3367 4368 τρόπον
3415 4297 3547 4351 τινὰ
3574 4300 3634 4369 τῇ

2063 4396 2270 4466 διανοίᾳ
2291 4396 2319 4448 6
2339 4392 2664 4467 δημιουργὸς
2686 4390 2777 4444 τοῦ
2803 4386 3163 4461 προκειμένου
3186 4391 3637 4461 κατασκευάσμα-

2065 4506 2176 4553 τος,
2209 4487 2305 4560 τὴν
2332 4487 2525 4558 τέχνην
2557 4485 2633 4556 τῷ
2665 4483 2811 4554 ἔργῳ
2849 4481 3261 4553 ὲναποθέμενος.
3310 4481 3540 4553 Ὀρᾶται
3583 4482 3635 4534 δὲ

400 4584 554 4640 perat
585 4586 799 4627 omnem
846 4580 1119 4640 naturam,
1161 4576 1266 4630 alia
1308 4577 1521 4631 ratione
1552 4583 1606 4631 et
1638 4575 1856 4631 videtur
1909 4586 1947 4629 e1

2117 4599 2164 4651 ιχ
2213 4580 2247 4650 ἠ
2295 4577 2454 4648 φύσις
2502 4576 2595 4630 τοῦ
2643 4572 3131 4645 τεχνητεύσανςεος,
3190 4571 3326 4625 ἀλλὰ
3388 4574 3551 4644 μόνον
3601 4574 3633 4642 ἡ

397 4661 717 4730 percipitur,
774 4662 866 4733 qui
899 4670 954 4718 et
989 4664 1162 4720 videri
1208 4671 1263 4720 et
1293 4664 1680 4736 comprehendi
1733 4679 1841 4722 non
1871 4679 1971 4735 po-

399 4759 526 4814 test.
561 4751 712 4807 Multi
761 4761 942 4809 autem
972 4764 1101 4811 sunt
1144 4755 1287 4811 modi
1324 4755 1453 4812 talis
1496 4753 1972 4825 contemplationis

396 4852 454 4899 et
477 4844 827 4915 cognitionis.
867 4845 1017 4903 Licet
1060 4845 1208 4901 enim
1261 4856 1524 4917 per‘eam
1591 4862 1713 4916 quae
1750 4846 1806 4901 in
1848 4846 1974 4901 uni-

399 4949 558 4991 verso
575 4944 796 5006 apparet
818 4938 1164 5008 sapientiam,
1184 4938 1568 5009 coniectando,
1590 4930 1825 4997 cernere
1846 4953 1968 4993 eum

400 5026 497 5096 qui
553 5029 736 5083 omnia
792 5043 915 5083 cttm
975 5029 1243 5098 sapientia
1300 5028 1449 5097 fecit.
1499 5030 1970 5097 Quemadmodum

398 5120 565 5176 etiam
602 5120 656 5175 in
690 5121 948 5191 operibus
983 5121 1248 5189 ,humanis
1285 5132 1465 5180 mente
1510 5124 1752 5180 cernitur
1784 5124 1972 5193 aliquo

400 5209 569 5266 modo
595 5211 786 5267 artifex
816 5215 1109 5284 proposita:
1134 5215 1403 5287 cujusque
1430 5214 1741 5281 structuras,
1771 5216 1974 5286 quippe

404 5302 498 5371 qui
530 5309 701 5358 artem
734 5303 786 5357 in
819 5320 984 5375 opere
1007 5304 1333 5362 condiderit.
1370 5306 1627 5362 Cernitur
1656 5316 1836 5362 autem
1866 5322 1973 5361 non

404 5401 601 5447 natura
636 5395 884 5462 artiﬁcis,
922 5397 1019 5453 sed
1071 5399 1301 5454 scientia
1339 5398 1606 5455 duntaxat
1653 5388 1970 5462 artiﬁciosa.

404 5495 571 5551 quam
600 5484 793 5541 artifex
825 5487 883 5541 in
929 5503 1094 5558 opere
1139 5503 1452 5559 expressam
1486 5490 1727 5561 reliquit.
1769 5488 1971 5544 Eodem

404 5567 573 5628 etiam
599 5571 760 5627 modo
789 5590 911 5630 cum
944 5578 1011 5632 ad
1045 5585 1299 5648 ornatum
1349 5581 1442 5650 qui
1470 5580 1526 5635 in
1555 5588 1806 5636 creatura
1841 5594 1975 5635 con-

2061 4671 2285 4743 τεχνικὴ
2311 4672 2607 4741 ἐπιστήμη,
2644 4669 2708 4741 ἢν
2734 4670 2765 4722 ό
2797 4667 3043 4739 τεχνίτης
3071 4669 3136 4739 τῇ
3201 4663 3524 4734 κατασκευῇ
3554 4663 3639 4718 ἐνο

2066 4764 2319 4819 απέθετο.
2339 4760 2600 4818 Οὐτωκαὶ
2633 4758 2767 4827 πρὸς
2794 4758 2886 4812 τὸν
2915 4761 2974 4812 ἐν
2997 4760 3062 4828 τῇ
3111 4756 3283 4811 κτίσει
3347 4755 3637 4825 βλέποντες

2062 4852 2287 4924 κόσμον,
2317 4850 2525 4905 ἔννοιαν
2556 4851 2616 4903 οὐ
2659 4851 2756 4921 τῆς
2780 4850 2988 4914 οὐσίας,
3022 4848 3156 4903 ἀλλὰ
3183 4849 3282 4918 τῆς
3324 4849 3522 4916 erogata;
3550 4845 3636 4899 τοῦ

2067 4942 2206 4998 κατᾶ
2233 4941 2412 4996 πάντα
2441 4941 2618 5010 eo;th
2656 4941 3013 5011 πεποιηκότος
3034 4938 3485 5009 ἁνατυποῦμεθα.
3525 4936 3635 4990 Κᾶν

2066 5032 2164 5104 τῆς
2194 5030 2466 5103 ἡμετέρας
2499 5029 2641 5101 ζωῆς
2684 5030 2784 5103 τὴν
2812 5031 2987 5085 αἰτίαν
3027 5027 3394 5100 λογισώμεθα,
3430 5030 3516 5082 ὅτι
3544 5027 3637 5078 οὐκ

2067 5124 2125 5190 ἐξ
2182 5124 2446 5195 ἀνάγκης,
2503 5123 2617 5176 ἀλλ’
2666 5122 2724 5190 ἐξ
2775 5122 2988 5193 ἀγαθῆς
3047 5119 3425 5194 προαιρέσεως
3483 5116 3636 5191 ἦλθεν

2067 5214 2145 5277 εἰς
2219 5214 2280 5267 τὸ
2328 5213 2526 5279 ,κτίσαι
2594 5211 2685 5266 τόν
2750 5211 3067 5283 ἄνθρωπον,
3151 5210 3313 5272 πάλιν
3392 5210 3491 5263 καὶ
3555 5206 3635 5259 Eii

2067 5306 2254 5361 τούτου
2328 5307 2421 5361 τοῦ
2493 5305 2696 5376 τρόπου
2769 5303 3175 5375 καθεωρακέναι
3247 5301 3488 5371 λέγομεν
3554 5299 3633 5353 τὸν

2069 5397 2221 5459 Θεδν,
2271 5397 2368 5467 τῆς
2419 5395 2749 5465 ἀγαθότητος
2801 5395 2861 5448 οὐ
2899 5394 2998 5465 τῆς
3040 5393 3226 5456 οὐσίας
3284 5394 3342 5445 ἐν
3399 5389 3633 5461 περινοίᾳ

2070 5489 2381 5559 γενόμενοι·
2430 5487 2572 5542 οὕτω
2627 5487 2720 5540 καὶ
2761 5487 2828 5541 τὰ
2884 5486 3019 5540 ἄλλα
3076 5485 3287 5548 πάντα,
3343 5485 3453 5538 ὅσα
3508 5480 3629 5552 πρὸς

2070 5581 2131 5635 τὸ
2187 5579 2430 5652 κρεῖττόν
2484 5596 2544 5633 τε
2609 5580 2704 5635 καὶ
2770 5578 3097 5651 ὑψηλότερον
3146 5574 3340 5645 ἀνάγει
3398 5577 3502 5649 τὴν
3553 5573 3629 5625 εν·-

479 5749 529 5783 ⁸³
567 5748 610 5806 ιι
640 5750 779 5806 Tim.
811 5769 882 5820 tv,
920 5752 971 5808 8.
1042 5754 1095 5787 ’δ’
1133 5754 1288 5812 Joan.
1343 5773 1452 5828 xxt,
1507 5758 1598 5828 20,
1676 5759 1721 5793 "
1775 5758 1944 5817 Exod.

2117 5772 2193 5828 ιιι,
2232 5757 2316 5812 l7.
2395 5758 2435 5791 ἰ
2476 5756 2632 5814 Bom.
2678 5775 2751 5825 xt,
2793 5759 2878 5815 35.
2932 5758 2939 5761 ’
