3690 5986
121 293 243 350 1269

1161 302 1250 359 ne
1288 304 1887 366 BEATITUDINIBUS.
1922 274 2178 368 ouanti
2211 311 2296 368 Vl.

3101 304 3106 313 ’
3216 324 3355 380 ιετο

111 426 274 473 ιοιαν,
351 408 492 464 Θεοῦ
558 410 884 485 κατανόησιν
942 416 1010 470 τὰ
1076 420 1297 474 τοιαῦτα
1375 439 1568 477 κατονο

1899 425 2020 480 :itur
2084 426 2454 497 respicimus,
2528 430 2681 485 notio
2745 426 2992 502 quasdam
3057 434 3112 488 in
3173 438 3356 492 animo

112 501 280 572 ζομεν,
328 502 564 557 ἑκάστου
617 505 724 560 τῶν
781 507 997 579 ὑψηλῶν
1061 513 1347 582 νοημάτων
1400 513 1490 568 τὸν
1547 514 1680 568 Θεὸν

112 592 227 662 ἡμῖν
289 595 371 658 εἰς
428 593 551 664 ὄψιν
606 595 848 665 ἄγοντος.
916 600 981 653 Ἦ
1038 601 1148 673 γὰρ
1204 602 1433 676 δύναμις
1494 606 1589 659 καὶ
1644 607 1679 677 ἡ

113 683 430 756 καθαρότης,
482 688 577 742 καὶ⁵
620 689 683 742 τὸ
726 690 986 756 ὡσαύτως
1026 692 1191 765 ἔχειν,
1241 695 1336 749 καὶ
1377 695 1439 749 τὸ
1474 696 1678 767 ἀμιγὲς

112 775 190 829 τοῦ
210 774 507 841 ἐναντίου,
543 780 639 835 καὶ
681 770 859 836 πάντα
895 783 964 837 τὰ
990 785 1209 840 τοιαῦτα
1235 785 1385 851 θείας
1410 788 1555 852 τινὸς
1583 788 1678 841 καὶ

113 867 308 939 ὑψηλῆς
345 870 555 935 ἐννοίας
592 874 813 927 ὲντυποί
846 877 965 939 ταῖς
991 874 1190 946 ψυχαῖς
1218 878 1319 951 τὴν
1350 880 1672 947 φαντασίαν.

114 960 306 1013 Οὐκοῦν
359 960 631 1016 δείκνυται
681 963 768 1018 διὰ
815 964 922 1018 τῶν
974 968 1298 1038 εἰρημένων,
1347 969 1464 1033 πῶς
1504 971 1603 1025 καὶ
1646 974 1676 1026 ὁ

113 1050 298 1122 Κύριος
328 1051 602 1123 ἀληθεύει,
632 1052 962 1125 ὀφθήσεσθαι
995 1056 1087 1111 τὸν
1133 1056 1267 1112 Θεὸν
1309 1062 1422 1122 τοῖς
1449 1061 1675 1131 καρδίαν

115 1142 282 1213 ἔχουσι
332 1144 582 1217 καθαρὰν
615 1147 1113 1219 ἐπαγγειλάμενος·
1165 1151 1259 1205 καὶ
1303 1151 1333 1204 ὁ
1367 1151 1578 1217 Παῦλος
1611 1154 1672 1207 οὐ

112 1232 370 1301 ψεύδεται,
405 1237 541 1307 μήτε
580 1237 878 1309 ἑωρακέναι
921 1240 1043 1292 τινὰ
1069 1240 1166 1293 τὸν
1191 1240 1344 1306 Θεὸν,
1380 1243 1503 1314 μήτ’
1544 1243 1674 1297 ἰδεῖν

112 1323 360 1379 δύνασθαι
399 1326 487 1381 διὰ
523 1327 633 1382 τῶν
677 1329 892 1384 οἰκείων
924 1328 1097 1399 λόγων
1125 1332 1559 1404 ἀποφηνάμενος.
1615 1334 1673 1388 '0

113 1419 206 1490 γὰρ
233 1421 302 1489 τῇ
343 1419 504 1496 φύσει
534 1421 799 1492 ἀόρατος,
830 1421 1022 1493 ὁρατὸς
1054 1425 1174 1487 ταῖς
1200 1425 1498 1496 ἐνεργείαις
1527 1425 1671 1495 γίνε-

112 1528 208 1580 ται,
234 1513 297 1569 ἐν
324 1494 437 1568 τισι
481 1516 594 1579 τοῖς
623 1516 749 1587 περὶ
783 1514 946 1569 αὐτὸν
975 1494 1372 1588 καθορώμενος.

1778 522 1972 568 nostro
1992 513 2320 570 informatur
2347 533 2458 572 non
2491 520 2768 588 essentia,
2801 522 2893 577 sed
2919 523 3203 593 sapientia:
3234 527 3356 593 ejus

1777 602 1872 679 qui
1925 618 2017 659 res
2067 605 2353 664 universas
2395 608 2675 681 sapienter
2726 609 2874 666 fecit.
2907 611 3048 679 Quin
3090 617 3252 670 etiam
3307 622 3355 671 si

1776 702 1983 750 nostra:
2016 695 2142 749 vitae
2179 711 2400 753 causam
2453 701 3008 769 consideraverimus,
3064 708 3212 776 quod
3244 724 3355 762 non

1778 799 1848 839 ex
1875 786 2228 852 necessitate,
2260 789 2359 844 sed
2383 805 2450 846 ex
2477 791 2632 847 bona;
2661 794 2961 851 voluntatis
2988 795 3357 853 destinatione

1777 875 1846 930 ad
1882 877 2183 933 creandum
2213 868 2487 936 hominem
2515 892 2698 941 motus
2729 888 2821 951 sit,
2847 904 3040 944 rursus
3066 891 3227 945 etiam
3256 907 3349 961 per

1775 965 1923 1021 hunc
1951 967 2173 1022 modum
2197 969 2364 1025 Deum
2390 987 2420 1025 a
2446 972 2604 1030 nobis
2631 976 2804 1032 visum
2830 988 2883 1033 et
2907 981 3353 1036 animadversum

1771 1067 1893 1109 esse
1946 1054 2205 1120 dicimus,
2258 1072 2385 1112 cum
2440 1075 2552 1114 non
2607 1069 2882 1131 naturam,
2921 1066 3016 1121 sed
3050 1068 3349 1123 bonitatem

1772 1145 2371 1216 comprehenderimus.
2432 1148 2637 1207 Eodem
2692 1155 2856 1210 modo
2901 1164 3094 1212 caetera
3136 1174 3354 1229 quoque

1777 1242 1981 1305 omnia,
2013 1258 2135 1314 qua:
2169 1243 2554 1314 cogitationem
2591 1248 2810 1318 erigunt
2857 1250 2925 1305 ad
2960 1253 3353 1311 consideratio-

1778 1352 1901 1393 nem
1930 1337 2053 1407 ejus
2092 1337 2238 1408 quod
2273 1346 2328 1392 et
2353 1348 2575 1409 praestat
2606 1351 2662 1397 et
2688 1344 2925 1409 escellit,
2964 1354 3018 1401 et
3054 1347 3250 1402 melius
3292 1363 3355 1402 ae

1779 1431 2032 1499 superius
2071 1437 2157 1485 est
2206 1421 2370 1500 quam
2400 1440 2612 1487 extera:
2644 1449 2734 1489 res
2776 1453 2789 1489 :
2845 1436 2971 1491 talia
3001 1440 3183 1494 omnia
3224 1455 3354 1494 cou-

1778 1520 2183 1590 templationem
2212 1528 2273 1582 et
2299 1521 2665 1597 cognitionem
2684 1524 2779 1582 Dei
2811 1529 3180 1594 nominamus,
3219 1547 3355 1584 una-

112 1618 316 1675 quaque
369 1606 589 1663 sublimi
643 1607 975 1679 cogitatione
1058 1617 1223 1679 atque
1306 1609 1750 1666 consideratione
1787 1609 1957 1667 Deum
2015 1611 2172 1667 nobis
2224 1612 2280 1666 in
2326 1619 2680 1681 conspectum
2741 1616 3065 1675 adducente.
3119 1619 3255 1675 Nam
3301 1634 3355 1678 ct

112 1705 365 1773 potentia,
406 1714 462 1762 et
496 1708 732 1777 puritas,
765 1719 820 1765 et
857 1709 1049 1766 eodem
1094 1711 1258 1767 modo
1289 1727 1412 1768 sese
1452 1713 1669 1780 habere,
1708 1723 1763 1769 et
1791 1730 1914 1770 cum
1944 1716 2221 1770 contrario
2252 1718 2573 1786 permistum
2601 1729 2709 1768 non
2740 1726 2885 1775 esse,
2956 1727 3022 1767 ac
3087 1714 3215 1767 talia
3242 1729 3359 1768 om-

112 1801 189 1853 nia
215 1801 417 1857 divinaa
453 1803 739 1874 cujusdam
776 1814 830 1861 et
870 1806 1122 1863 sublimis
1156 1807 1435 1879 opinionis
1500 1817 1555 1864 et
1617 1810 1857 1865 notiouis
1921 1810 2098 1866 visum
2171 1818 2227 1866 et
2284 1810 2727 1881 imaginationem
2780 1809 2981 1865 animis
3031 1807 3353 1893 imprimunt

112 1901 262 1963 atque
312 1895 628 1953 informant.
681 1899 852 1968 Igitur
889 1915 985 1971 per
1026 1916 1090 1955 ea
1142 1917 1263 1972 quae
1318 1903 1477 1965 modo
1540 1905 1686 1959 dicta
1743 1914 1871 1961 sunt
1932 1904 2259 1967 ostenditur,
2308 1904 2583 1975 quomodo
2622 1912 2678 1958 et
2729 1902 2992 1959 Dominus
3028 1917 3157 1957 vera
3222 1902 3355 1958 dicit

109 1984 193 2052 qui
235 1986 516 2054 pollicitus
554 1996 639 2045 est
667 1988 836 2045 Deum
875 1991 946 2046 ab
984 1991 1051 2048 iis
1099 1993 1194 2062 qui
1230 2008 1327 2049 cor
1352 2009 1546 2064 purum
1621 1996 1859 2052 habeant
1900 2005 2257 2068 conspectum
2290 1997 2355 2049 iri
2388 2036 2405 2060 ,
2458 2004 2513 2051 ct
2588 1994 2850 2049 Paulus"
2916 2010 3026 2049 non
3069 1994 3353 2054 mentitur,

109 2075 274 2144 quiin
305 2077 423 2132 suis
455 2079 674 2150 scriptis
701 2080 857 2147 dicit,
894 2082 1039 2154 quod
1068 2083 1235 2140 Deum
1263 2101 1441 2155 neque
1507 2086 1705 2141 viderit
1780 2088 2094 2157 quisquam,
2148 2100 2327 2156 neque
2373 2086 2559 2139 videre
2608 2085 2804 2156 possit.
2839 2083 2973 2138 Nam
3020 2084 3113 2153 qui
3163 2092 3355 2137 natura

111 2170 396 2226 invisibilis
442 2182 548 2238 est,
588 2174 717 2229 dum
742 2191 840 2246 per
868 2177 1153 2248 quasdam,
1189 2194 1311 2250 quae
1334 2181 1478 2236 circa
1506 2181 1683 2252 ipsum
1716 2180 2243 2244 animadvertuntur,
2303 2180 2657 2250 proprietates
2719 2178 2985 2242 cernitur,
3045 2175 3356 2233 efficiemus
3464 2181 3469 2187 '

109 2272 157 2318 et
178 2264 491 2319 actionibus
518 2264 754 2323 visibilis
784 2276 948 2339 atque
977 2272 1312 2341 conspicuus
1347 2272 1425 2327 fit.

184 2356 321 2409 Ἀλλ’
352 2357 417 2410 οὐ
442 2357 577 2428 πρὸς
603 2357 759 2413 τοῦτο
787 2360 971 2431 βλέπει
998 2363 1155 2434 μόνον
1176 2361 1270 2417 τοῦ
1311 2364 1641 2437 μακαρισμοί

1896 2371 2037 2413 erum
2073 2371 2183 2412 non
2211 2354 2279 2410 ad
2312 2356 2416 2410 hoc
2450 2355 2628 2411 solum
2677 2351 3030 2408 beatitudinis
3083 2356 3353 2410 sententia

110 2448 140 2515 ἡ
184 2446 411 2513 διάνοια,
465 2448 526 2501 τὸ
569 2448 633 2502 ἐκ
690 2467 834 2515 τινος
883 2453 1165 2524 ἐνεργείας
1211 2453 1301 2510 τὸν
1350 2455 1675 2526 ἐνεργοῦντα

108 2536 357 2592 δύνασθαι
407 2537 645 2593 τοιοῦτον
695 2540 1116 2611 άναλογίσασθαι
1137 2559 1151 2575 ο
1203 2544 1410 2614 γένοιτο
1457 2546 1565 2619 γὰρ
1610 2547 1677 2602 ἂν

109 2628 234 2692 faui;
292 2628 390 2684 καὶ
456 2632 567 2694 τοῖς
634 2630 730 2684 τοῦ
797 2633 994 2697 αἰῶνος
1054 2636 1241 2691 τούτου
1307 2639 1525 2706 σοφοῖς,
1590 2637 1695 2692 διὰε

109 2720 203 2792 τῆς
237 2720 333 2775 τοῦ
380 2722 583 2794 κόσμου
630 2724 993 2796 εὐαρμοστίας
1044 2729 1077 2797 ἠ
1131 2727 1232 2798 τῆς
1279 2728 1679 2800 ὑπερκειμένης

110 2812 296 2880 σοφίας
337 2830 399 2866 τε
437 2816 535 2869 καὶ
575 2814 855 2887 δυνάμεως
903 2818 1250 2889 κατανόησις.
1304 2820 1451 2872 Ἀλλ*
1494 2820 1678 2891 ἕτερόν

112 2920 201 2973 μοι
260 2904 414 2959 δοκεῖ
467 2907 499 2976 ή
563 2906 656 2960 τοῦ
740 2915 1089 2980 μακαρισμοῦ
1161 2909 1498 2981 μεγαλοφυῖα
1567 2916 1680 2977 τοῖς

109 2994 420 3064 δυναμένοις
467 2996 719 3061 δέξασθαι
775 2999 1011 3053 κατιδεῖν
1064 3000 1126 3054 τὸ
1177 3001 1530 3074 ποθούμενον,
1581 3004 1680 3076 τὴν

111 3086 415 3159 συμϐουλὴν
439 3088 760 3159 ὑφηγεῖσθαι
780 3107 796 3123 ο
812 3092 871 3144 τὸ
890 3091 946 3144 δέ
976 3109 1065 3163 μοι
1092 3093 1379 3165 παραστάν
1400 3096 1579 3167 νόημα
1611 3097 1679 3151 δι’

112 3179 527 3251 ὑποδειγμάτων
557 3183 1042 3255 σαφηνισθήσεται.
1075 3185 1305 3255 Ἀγαθόν
1341 3205 1395 3241 τι
1420 3189 1561 3243 κατά
1589 3190 1681 3245 τὸν

112 3269 449 3342 ἀνθρώπινόν
500 3273 618 3326 ἐστι
659 3272 793 3344 βίον,
843 3274 1021 3344 ὑγίεια
1065 3275 1159 3330 τοῦ
1190 3276 1489 3351 σώματος·
1545 3278 1682 3334 ἀλλὰ

116 3362 381 3434 μακάριον
411 3365 471 3417 οὐ
503 3365 565 3418 τὸ
589 3362 784 3420 εἰδέναι
813 3367 973 3438 μόνον
1014 3367 1115 3437 τῆς
1144 3368 1354 3437 ὑγιείας
1384 3370 1476 3423 τὸν
1502 3370 1680 3440 λόγον,

114 3452 244 3507 ἀλλὰ
274 3454 337 3508 τὸ
370 3456 429 3507 ὲν
476 3454 654 3527 ὑγιείᾳ
689 3456 810 3527 ζῇν.
859 3455 921 3510 Εἰ
950 3456 1058 3527 γάρ
1088 3474 1171 3520 τις
1196 3457 1446 3529 ἐγκώμια
1472 3458 1682 3527 διεξιὼν

114 3549 207 3611 τῆς
244 3544 459 3613 ὑγιείας
486 3545 585 3617 τὴν
624 3545 826 3617 νοσώδη
867 3547 962 3600 καὶ
990 3546 1297 3618 κακόχυμον
1321 3549 1526 3622 αίροῖτο
1559 3567 1683 3622 τρο-

117 3638 216 3707 φήν
237 3652 254 3668 ο
280 3635 337 3688 τί
364 3633 471 3687 τῶν
490 3633 778 3705 ἐγκωμίων
802 3635 901 3705 τῆς
921 3634 1132 3704 ὑγιείας
1161 3634 1414 3691 ἀπώνατο
1435 3640 1556 3702 ταῖς
1584 3640 1684 3711 άῤ-

119 3725 372 3797 ρωστίαις
394 3724 805 3796 ἑπιτριὸὁμενος
832 3741 848 3789 ;
898 3724 1053 3778 Οὕτω
1073 3726 1252 3781 τοίνυν
1281 3728 1560 3798 νοήσωμεν
1588 3730 1684 3783 καὶ

114 3817 199 3871 τὶν
230 3815 591 3888 προκείμενον
615 3814 791 3883 λόγον,
821 3815 903 3869 ὅτι
924 3815 986 3869 οὐ
1014 3816 1074 3869 τὸ
1088 3815 1292 3885 γνῶναί
1320 3834 1374 3870 τι
1400 3819 1526 3889 περὶ
1547 3819 1682 3873 Θεοῦ

119 3906 384 3978 μακάριον
416 3907 445 3959 ὁ
481 3903 683 3977 Κύριος
724 3900 860 3959 εἷναί
887 3921 1051 3976 φησιν
1074 3922 1089 3938 ·
1143 3906 1282 3961 ἀλλὰ
1322 3908 1383 3961 τὸ
1411 3909 1469 3962 ὲν
1507 3909 1687 3983 ἑαυτῷ

118 4001 264 4069 σχεῖν
288 3996 380 4051 τὸν
415 3986 568 4053 Θεόν.
622 3995 913 4066 Μακάριοι
942 3997 1050 4070 γὰρ
1078 4000 1134 4053 οι
1171 4000 1415 4069 καθαροὶ
1446 4001 1522 4071 τῇ
1547 4019 1685 4071 καρ-

116 4089 231 4157 δίᾳ,
262 4088 355 4143 ὅτι
376 4087 546 4143 αὐτοὶ
572 4088 680 4142 τὸν
703 4089 852 4143 Θεὸν
874 4088 1144 4158 ὄψονται.
1174 4090 1248 4144 Οὐ
1276 4091 1385 4162 γάρ
1425 4109 1515 4163 μοι
1542 4090 1688 4147 δοκεῖ

114 4180 187 4243 ὡς
230 4177 646 4250 ἀντιπρόσωπον
675 4195 728 4231 τι
763 4178 941 4250 θέαμα
981 4178 1071 4233 τὸν
1091 4180 1224 4234 Θεὸν
1249 4181 1562 4252 προτιθέναι
1608 4183 1686 4253 τῷ

116 4267 508 4338 κεκαθαρμένῳ
548 4265 642 4320 τὸν
673 4268 771 4337 τῆς
801 4266 978 4337 ψυχῆς
1010 4267 1282 4339 ὀφθαλμόν
1303 4287 1317 4301 ο
1374 4270 1509 4324 ἀλλὰ
1530 4271 1688 4325 τοῦτο

116 4360 255 4432 τάχα
283 4363 317 4429 ἡ
348 4359 444 4414 τοῦ
480 4359 645 4432 ῥητοῦ
672 4359 1004 4430 μεγαλοφυῄι
1029 4363 1162 4431 ἡμῖν
1188 4361 1517 4429 ὑποτίθεται,
1539 4362 1568 4415 ὃ
1596 4364 1686 4416 καὶ

116 4454 251 4523 πρὸς
282 4451 506 4522 ἑτέρους
543 4453 572 4505 ὁ
608 4451 763 4520 λόγος
804 4452 1134 4523 γυμνότερον
1167 4452 1513 4524 παρίστησιν,
1540 4455 1688 4518 ἐντὸς

119 4544 271 4615 ὑμῶν
296 4537 437 4595 εἶναι
457 4543 559 4614 τὴν
589 4541 862 4613 βασιλείαν
890 4541 985 4597 τοῦ
1011 4541 1149 4597 Θεοῦ
1177 4543 1362 4597 εἰπών⁸
1398 4544 1484 4598 ἵνα
1511 4544 1690 4616 διδαχ-

119 4633 321 4705 θῶμεν,
350 4634 432 4687 ὅτι
473 4634 502 4686 ὀ
531 4633 709 4703 πάσης
739 4636 840 4703 τῆς
876 4634 1106 4697 κτίσεως
1147 4635 1240 4689 καὶ
1269 4635 1547 4706 ὲμπαθοῦς
1575 4636 1689 4689 δια-

120 4725 321 4789 θέσεως
356 4724 456 4794 τὴν
496 4722 686 4777 ἑαυτοῦ
721 4723 948 4796 καρδίαν
974 4724 1346 4799 άποκαθᾷήρας,
1387 4728 1445 4779 ὲν
1474 4726 1553 4796 τῷ
1576 4726 1690 4799 ἰδίῳ

121 4819 308 4874 κάλλει
341 4821 443 4888 τῆς
468 4817 619 4881 θείας
648 4794 862 4886 φύσεώς
883 4817 1093 4890 καθορᾷ
1116 4794 1442 4890 εἰκόνα.
1470 4794 1578 4874 καί
1601 4794 1691 4892 μοι

119 4910 267 4964 δοκεῖ
295 4909 366 4963 δι’
392 4908 584 4977 ὀλίγων
614 4901 690 4963 ὧν
721 4904 896 4973 εἶπεν,
923 4908 1506 4982 τοιαύτην,συμ6ουλὴν
1538 4927 1690 4982 περι-

119 5003 265 5073 έχειν
291 5001 324 5053 ὀ
361 5000 530 5070 Λόγος
557 5022 571 5037 ο
590 5005 696 5070 ὅτι,
718 4997 790 5055 Ὦ
810 4986 1127 5072 “άνθρωποι,
1157 5001 1300 5064 ὅσοις
1320 5002 1435 5055 ὲστί
1460 5018 1543 5065 τις
1568 5004 1690 5054 ὲπι-

1780 2457 2013 2521 spectat,
2041 2455 2102 2502 ut
2138 2458 2205 2503 ex
2248 2446 2484 2518 quadam
2536 2443 2774 2500 efﬁcacia
2808 2452 2989 2513 latque
3040 2444 3362 2513 Operatione

1779 2556 1902 2597 eum
1933 2540 2025 2610 qui
2061 2548 2316 2609 Opcretur
2351 2538 2513 2591 talem
2552 2551 2675 2591 esse
2709 2535 3145 2590 animadvertere
3192 2544 3355 2606 atque

1779 2632 2094 2686 existimare
2120 2630 2398 2701 possimus
2432 2628 2449 2699 (
2477 2627 2705 2682 forsitan
2730 2627 2871 2682 enim
2901 2626 3063 2682 etiam
3090 2627 3357 2698 sapienti-

1778 2723 1881 2787 bus
1918 2723 2084 2792 hujus
2117 2721 2301 2776 saeculi
2338 2734 2434 2790 per
2477 2716 2832 2788 aptitudinem
2863 2726 3026 2788 atque
3072 2719 3353 2774 concinni-

1781 2824 1946 2869 tatem
1997 2811 2184 2867 mundi
2245 2815 2505 2880 superna!
2556 2808 2836 2878 sapientiae
2882 2818 3044 2878 atque
3100 2810 3352 2880 potentiae

1780 2906 2179 2962 animadversio
2228 2903 2576 2975 cognitioque
2623 2903 2938 2974 contingere
2976 2902 3211 2973 possit),
3252 2904 3350 2959 sed

1780 2976 1928 3054 aliud
1958 2998 2087 3052 mihi
2118 2995 2517 3067 magnificentia
2551 2993 2904 3050 beatitudinis
2935 2993 3005 3048 iis
3038 2993 3133 3065 qui
3161 3008 3365 3065 capere

1780 3099 1831 3145 et
1852 3088 2284 3144 animadvertere
2310 3084 2524 3158 possint
2547 3084 2601 3141 id
2629 3083 2774 3157 quod
2797 3083 3369 3156 desideratur,nempe

1780 3180 2070 3237 consilium
2100 3178 2325 3235 tradere.
2361 3186 2526 3249 atque
2573 3191 2862 3249 suggerere
2899 3175 3151 3244 videtur;
3191 3191 3371 3247 porro

1781 3271 2153 3328 consideratio
2176 3280 2337 3342 atque
2371 3270 2700 3334 intellectus,
2731 3269 2827 3339 qui
2859 3267 2991 3322 mihi
3025 3268 3080 3322 in
3119 3276 3354 3322 mentem

1782 3364 1930 3419 venit
1951 3378 2047 3433 per
2070 3363 2317 3432 exempla
2346 3369 2511 3431 atque
2542 3360 2930 3416 similitudines
2967 3359 3367 3427 declarabitur..

1784 3452 1990 3508 Bonum
2024 3451 2294 3522 quoddam
2339 3451 2394 3505 in
2424 3451 2534 3504 vita
2572 3449 2810 3504 humana
2863 3452 3069 3506 sanitas
3110 3452 3356 3522 corporis

1781 3553 1885 3607 est.
1923 3545 2020 3601 sed
2048 3544 2265 3600 beatum
2304 3550 2408 3607 est,
2439 3557 2549 3598 non
2576 3542 2740 3597 modo
2775 3543 2918 3598 scire
2961 3543 3227 3598 rationem
3265 3556 3357 3598 sa-

1784 3637 1997 3701 nitatis,
2043 3650 2232 3692 verum
2262 3635 2317 3689 in
2341 3633 2573 3691 sanitate
2602 3634 2803 3689 vivere.
2838 3633 2973 3688 Nam
3000 3635 3045 3690 si
3071 3635 3194 3704 quis
3239 3634 3357 3689 lau-

1714 3762 1757 3823 ο
1786 3727 1884 3784 des
1925 3727 2175 3783 sanitatis
2215 3735 2536 3797 persecutus
2577 3725 2761 3779 cibum
2811 3735 2991 3781 sumat
3037 3727 3129 3797 qui
3180 3726 3357 3782 malos

1787 3820 2042 3874 humores
2060 3825 2114 3874 et
2131 3817 2350 3873 morbos
2373 3823 2613 3888 generet,
2639 3816 2771 3886 quid
2800 3817 2948 3884 huic,
2980 3816 3110 3871 dum
3148 3816 3369 3874 morbis.

1784 3910 2089 3975 coniicitur,
2128 3909 2318 3964 laudes
2353 3910 2602 3965 sanitatis
2628 3910 2900 3979 prosunt?
2938 3908 3139 3966 Eodem
3190 3909 3357 3981 igitur

1787 4005 1946 4060 modo
1986 4003 2316 4081 propositam
2369 4018 2588 4074 quoque
2615 4004 2915 4059 orationem
2965 4003 3355 4075 intelligamus,

1785 4096 1929 4167 quod
1964 4110 2071 4151 non
2105 4109 2437 4165 cognoscere
2462 4095 2666 4165 aliquid
2690 4095 2757 4150 de
2783 4094 2894 4151 Deo
2929 4094 3193 4151 Dominus
3224 4095 3356 4150 bea-

1787 4197 1901 4242 tum
1939 4201 2059 4243 esse
2101 4186 2278 4251 dicat,
2325 4185 2419 4242 sed
2470 4186 2525 4241 in
2562 4201 2683 4242 sese
2728 4186 2895 4243 Deum
2947 4185 3165 4243 habere.
3204 4186 3360 4241 Beati

1785 4278 1929 4335 enim
1966 4293 2097 4348 puro
2130 4278 2341 4347 praediti
2366 4277 2539 4344 corde,
2580 4279 2828 4348 quoniam
2859 4278 2962 4347 ipsi
2995 4277 3159 4332 Deum
3210 4276 3354 4334 vide-

1788 4372 1913 4424 bunt
1948 4369 2016 4424 ⁵².
2050 4367 2168 4425 Non
2213 4370 2357 4424 enim
2408 4370 2542 4424 mihi
2582 4369 2796 4425 videtur
2824 4367 2982 4438 quasi
3019 4384 3084 4422 cx
3127 4368 3357 4423 adverso

1788 4463 2139 4533 spectandum
2178 4461 2346 4518 Deum
2376 4477 2678 4533 proponere
2704 4463 2753 4517 ei
2784 4461 2878 4532 qui
2914 4460 3108 4516 animae
3136 4463 3358 4517 oculum

1788 4554 2037 4610 habuerit
2077 4562 2458 4626 expurgatum,
2507 4555 2604 4611 sed
2632 4554 2866 4611 forsitan
2899 4554 3006 4610 hoc
3036 4554 3197 4609 nobis
3237 4569 3356 4608 ma-

1789 4646 2096 4717 gnificentia
2135 4642 2264 4703 di‘cti
2299 4647 2538 4719 suggerit
2578 4647 2723 4718 quod
2758 4647 2921 4702 etiam
2961 4645 3027 4701 ad
3063 4646 3202 4701 alios
3238 4658 3358 4699 ser-

1791 4751 1882 4792 mo
1908 4739 2152 4808 apertius
2177 4733 2453 4809 eiprimit,
2489 4737 2582 4793 ubi
2621 4737 2778 4799 dixit,
2830 4735 2985 4790 Intra
3030 4752 3117 4791 vos
3164 4744 3241 4789 est
3271 4750 3357 4788 re-

1789 4846 1950 4901 gnum
1984 4829 2083 4885 Dei
2121 4831 2205 4886 ἐς
2241 4839 2301 4885 ιιι
2336 4829 2630 4887 doceamur
2663 4828 2809 4900 quod
2839 4828 2932 4899 qui
2968 4843 3065 4883 cor
3093 4842 3252 4883 suum
3288 4830 3357 4881 ab

1790 4921 1942 4975 omni
1972 4930 2237 4977 ereatura‘
2254 4931 2417 4992 atque
2458 4922 2653 4976 vitiosa
2681 4920 2968 4975 aﬂ'ectione
3014 4920 3353 4990 expurgavit,

1794 5011 1850 5065 in
1886 5025 1984 5067 sua
2014 5011 2188 5082 ipsius
2232 5013 2635 5082 pulchritudine
2688 5011 2885 5067 divinat
2915 5020 3121 5065 natura:
3170 5011 3358 5081 imagi-

121 5091 291 5163 θυμία
326 5091 427 5162 τῆς
452 5090 547 5145 τοῦ
573 5091 741 5155 ὅντως
767 5090 972 5160 ἀγαθοῦ
998 5089 1250 5161 θεωρίας,
1281 5091 1499 5145 ἐπειδὰν
1529 5093 1578 5145 ἀι

1899 5117 1915 5156 ι
1972 5102 2234 5159 intuetur.
2276 5106 2354 5160 Ac
2396 5105 2528 5160 mihi
2586 5105 2799 5160 videtur
2853 5102 3106 5168 Verbum,
3170 5104 3356 5173 paucis

119 5202 252 5255 σητι
279 5184 423 5256 ὑπὲρ
451 5184 577 5247 τοὺς
600 5183 860 5255 οὐρανοὺς
896 5180 1132 5253 ὲπῆρθαι
1156 5180 1254 5252 τὴν
1282 5180 1430 5235 θείαν
1465 5182 1691 5253 μεγαλο-

120 5276 410 5347 πρέπειαν,
450 5276 545 5329 καὶ
581 5274 680 5346 τὴν
716 5274 872 5339 δόξαν
902 5274 1070 5343 αὐτῆς
1098 5273 1492 5344 άνερμήνευτον
1531 5269 1688 5339 εἶναι,

121 5369 214 5421 καὶ
256 5368 321 5422 τὸ
351 5368 545 5431 κάλλος
583 5368 879 5438 ἄφραστον,
913 5366 1008 5419 καὶ
1048 5365 1148 5433 τὴν
1179 5364 1340 5433 φύσιν
1372 5364 1654 5438 άχώρητον
1674 5383 1688 5400 ·

124 5460 199 5531 μὴ
228 5461 525 5514 ὲκπίπτετε
563 5461 643 5523 εἰς
666 5458 1012 5514 άνελπιστίαν
1051 5455 1143 5511 τοῦ
1176 5458 1251 5530 μὴ
1278 5457 1531 5513 δύνασθαι
1567 5476 1692 5514 κατ-

124 5550 253 5606 ιδεῖν
276 5551 340 5605 τὸ
382 5550 733 5622 ποθούμενον.
782 5550 854 5604 Τὸ
894 5551 1001 5623 γάρ
1048 5565 1128 5603 σοι
1161 5549 1422 5623 χωρητὸν,
1457 5551 1555 5623 τῆς
1594 5552 1688 5606 τοῦ

191 5714 238 5746 ⁸³
268 5712 292 5769 ι
320 5712 459 5769 Tim.
483 5730 554 5782 vr,
586 5713 667 5770 l6.
746 5712 790 5746 ⁸³
820 5711 1003 5770 Matth.
1049 5729 1098 5782 ν,
1133 5713 1184 5770 8.
1262 5714 1305 5746 ⁵³
1341 5713 1472 5771 Luc.
1500 5730 1629 5782 mi,
1654 5716 1744 5773 “Il.

1786 5208 1907 5264 qtae
1954 5192 2110 5259 dixit,
2164 5195 2433 5265 ejusmodi
2488 5197 2780 5255 consilium
2817 5196 3101 5266 complecti
3135 5214 3146 5249 :
3180 5194 3225 5251 Ο
3263 5210 3356 5250 vos

1786 5284 2053 5349 homines,
2099 5288 2298 5358 quibus
2338 5289 2478 5344 inest
2530 5289 2707 5359 aliqua
2768 5287 3036 5358 cupiditas
3090 5297 3359 5342 contem--

1788 5376 1968 5446 plandi
2014 5377 2065 5433 id
2116 5378 2259 5448 quod
2306 5394 2432 5435 vere
2486 5380 2688 5435 bonum
2727 5387 2833 5441 est,
2862 5393 2986 5434 cum
3042 5378 3357 5434 audiveritis

1788 5466 2027 5521 divinam
2068 5467 2410 5538 majestatem
2441 5484 2606 5539 supra
2635 5470 2806 5526 caelos
2834 5469 3031 5525 elatam
3072 5477 3126 5524 et
3153 5469 3356 5523 exalta-

1796 5567 1924 5628 tam,
1962 5560 2185 5631 gloriam
2231 5561 2349 5632 ejus
2389 5560 2844 5632 inexplicabilem,
2897 5559 3354 5632 pulchritudinem
