3690 5986
1465 217 1484 249 \

319 254 447 307 1271

1581 253 1637 309 S.
1673 253 1999 312 caecout!
2038 254 2335 312 NYSSENI

3426 245 3557 300 i272

319 367 645 422 ineffabilem
674 380 816 433 esse,
854 374 1105 422 naturam
1146 367 1535 438 comprehendi
1568 383 1632 421 ac
1681 383 1775 437 per

2097 364 2122 418 ὗ
2165 366 2544 435 κατανοήσεως
2579 360 2776 433 μέτρον
2822 358 2879 411 ὲν
2927 356 3008 410 σοί
3046 358 3209 410 ἐστιν.
3274 352 3436 407 Οὕτω
3467 355 3554 406 τοῦ

318 473 427 511 non
468 472 648 528 posse.
684 473 751 512 ne
774 457 1132 528 prolabamini
1163 459 1229 513 ad
1259 458 1716 530 desperationem,
1777 473 1884 527 qua

318 562 426 600 non
457 547 681 616 possitis
707 545 902 601 intueri
930 548 1072 616 quod
1113 547 1459 603 desideratis.
1500 545 1639 601 Nam
1669 547 1812 617 quod
1854 562 1884 600 a

319 649 371 692 te
401 638 520 707 capi
561 646 616 693 et
642 637 1029 708 comprehendi
1059 646 1258 709 potest,
1292 639 1384 695 Dei
1410 624 1886 709 contemplationis

318 729 457 781 inite
487 727 679 782 modus
710 735 816 795 est,
861 729 1060 799 quippe
1093 744 1220 784 cum
1256 730 1301 785 is
1360 731 1452 801 qui
1500 741 1552 786 te
1609 730 1884 799 formavit,

317 823 426 878 tale
455 823 657 878 bonum
684 826 868 880 statim
902 827 977 880 ita
999 835 1209 884 natura:
1227 829 1387 899 quasi
1426 830 1884 895 inessentiaverit,

317 915 432 971 sive
461 916 1018 975 consubstantiaverit
1047 928 1101 975 ct
1122 921 1583 991 incorporaverit;
1618 923 1700 976 tui
1742 922 1886 977 enim

320 1002 665 1059 fabricationi
695 1015 749 1059 et
788 1008 1167 1063 constitutioni
1201 1009 1341 1065 Deus
1383 1026 1497 1067 suae
1541 1020 1750 1067 naturae
1787 1013 1886 1067 bo-

318 1108 513 1148 norum
556 1094 850 1149 simulacra
884 1096 1378 1173 similitudinesque
1437 1108 1492 1155 et
1520 1101 1677 1172 quasi
1710 1100 1887 1155 imita~

317 1194 498 1238 menta
531 1184 806 1254 impressit
843 1194 897 1242 et
922 1186 1255 1258 informavit,
1286 1191 1453 1245 veluti
1485 1207 1665 1248 ceram
1694 1208 1890 1263 quam-

316 1272 441 1327 dam
501 1275 737 1345 sculptili
798 1276 969 1349 ﬁgura
1007 1279 1362 1350 praeformans
1410 1292 1463 1338 et
1498 1283 1724 1355 (ingens.
1780 1282 1883 1339 Sed

316 1363 591 1422 vitiositas
616 1367 854 1424 divinam
911 1369 1201 1441 imaginem
1249 1372 1507 1429 referenti
1556 1376 1713 1446 signo
1775 1376 1883 1429 cir-

318 1456 593 1522 cumfusa,
630 1460 832 1515 bonum
867 1464 1121 1533 turpibus
1153 1466 1472 1522 velamentis
1511 1467 1807 1522 obductum
1835 1475 1889 1522 et

316 1546 654 1604 occultatum
690 1551 882 1606 inutile
930 1553 1028 1608 tibi
1067 1554 1217 1610 fecit.
1250 1556 1308 1611 Si
1357 1557 1522 1627 igitur
1561 1557 1800 1628 diligenti
1834 1568 1888 1613 et

317 1651 575 1695 accurata
600 1643 710 1697 vita
738 1643 930 1702 sordes
961 1647 1112 1702 cordi
1136 1647 1298 1704 illitas
1328 1656 1382 1704 et
1403 1650 1669 1706 obductas
1695 1666 1886 1706 rursus

1989 456 2293 519 πλόισαντός
2320 473 2380 508 σε
2411 454 2472 507 τὸ
2499 451 2734 507 τοιοῦτον
2763 448 2966 519 ἀγαθον
2993 448 3155 508 εὐθὺς
3184 449 3247 517 τῇ
3277 446 3442 515 φύσει
3468 463 3557 498 κα-

1987 543 2404 606 τουσιώσαντος.
2452 544 2573 596 Τῶν
2598 541 2710 611 γὰρ
2728 543 2828 610 τῆς
2860 538 2997 602 ἰδίας
3030 537 3244 607 φύσεως
3276 536 3498 604 ἀγαθῶν
3532 538 3558 589 ὁ

1988 636 2120 699 Θεὸς
2144 624 2449 688 ἐνετύπωσε
2477 635 2542 704 τῇ
2580 635 2645 703 σῇ
2674 633 2982 702 κατασκευῇ
3013 629 3081 682 τὰ
3111 629 3428 700 μιμήματα,
3453 623 3559 679 οἷόν

1988 745 2107 781 τινα
2132 729 2301 799 κηρὸν
2328 727 2564 798 σχήματι
2578 723 2790 794 γλυφῆς
2812 721 3192 795 προτυπώσας.
3232 719 3374 772 Ἀλλ’
3406 721 3438 789 ἠ
3468 736 3560 771 κα-

1990 817 2083 871 κία
2132 818 2210 889 τῷ
2259 818 2479 895 θεοσειδεῐ
2528 816 2831 888 χαρακτῆρι
2891 812 3241 885 περιχυθεῖσα
3288 812 3559 882 ἄχρηστον

1991 910 2213 980 ἐποίησὲ
2237 927 2318 963 σοι
2349 910 2410 963 τὸ
2433 909 2633 978 ἀγαθὸν
2659 907 3145 978 ὑποκεκρυμμένον
3172 908 3285 969 τοῖς
3318 906 3558 974 αἰσχροῖς

1989 1000 2464 1072 προκαλύμμασιν.
2517 1001 2581 1079 Εἰ
2611 996 2704 1053 οὖν
2734 998 3094 1061 ἀποκλύσειας
3128 996 3289 1050 πάλιν
3338 996 3408 1048 δι’
3446 997 3561 1047 ἐπι-

1992 1092 2212 1162 μελείας
2245 1092 2359 1163 βίον
2384 1093 2472 1145 τὸν
2500 1090 2904 1145 ὲπιπλασθέντα
2932 1093 2998 1160 τῇ
3024 1089 3218 1160 καρδία
3250 1104 3344 1141 σου
3371 1086 3556 1157 ῥύπον,

1987 1184 2296 1255 ἀναλάμψει
2343 1200 2425 1237 σοι
2468 1183 2530 1236 τὸ
2564 1181 2792 1245 θεοειδὲς
2834 1181 3047 1244 καλλος.
3093 1180 3300 1250 Ὥσπερ
3347 1179 3440 1231 ἐπὶ
3471 1176 3559 1229 τοῦ

1991 1275 2207 1346 σιδήρου
2256 1274 2498 1345 γίνεσθαι
2536 1274 2797 1344 πέφυκεν,
2832 1274 2960 1327 ὅταν
2993 1272 3060 1324 δι’
3102 1270 3303 1339 ἀκόνης
3340 1266 3438 1321 τοῦ
3486 1267 3559 1320 ἰοῦ

1987 1368 2304 1440 γυμνωθῇ,ὁ
2334 1368 2442 1438 πρὸ
2466 1367 2645 1441 ὀλίγου
2676 1352 2860 1434 μέλας,
2880 1364 3051 1433 αὐγάς
3076 1380 3224 1425 τινας
3259 1361 3345 1428 ἐφ’
3371 1356 3559 1412 ἑαυτοῦ

1989 1462 2126 1533 πρὸς
2170 1460 2259 1513 τὸν
2286 1460 2435 1530 ἥλιον
2466 1458 2692 1512 στίλϐων
2726 1458 2819 1510 καὶ
2861 1457 3211 1528 λαμπηδόνας
3249 1455 3555 1509 ἐκδίδωσιν·

1986 1553 2157 1616 οὕτως
2182 1553 2277 1605 καὶ
2315 1552 2346 1603 6
2376 1550 2521 1604 ἔνδον
2553 1548 2855 1625 ἄνθρωπος,
2890 1548 2948 1602 όν
2987 1548 3213 1621 καρδίαν
3252 1550 3509 1620 ὀνομάζει
3533 1549 3559 1601 6

1990 1644 2210 1715 Κύριος,
2243 1641 2460 1696 ἐπειδὰν
2496 1641 2831 1712 ἀποξύσηται
2853 1640 2944 1693 τὸν
2981 1640 3109 1710 ἰώδη
3142 1640 3314 1711 ῥύπον
3355 1642 3449 1695 τὸν
3479 1641 3560 1695 διὰ

317 1731 953 1806 ablueris,resplendchit
973 1738 1026 1792 in
1045 1746 1096 1796 te
1113 1739 1293 1795 divina
1307 1742 1672 1811 pulchritudo.
1690 1743 1770 1809 Qu

2125 1734 2357 1806 πονηροῦ
2387 1733 2624 1805 εὐρῶτος
2663 1733 3041 1804 ὲπανθήσαντα
3060 1735 3125 1803 τῇ
3166 1736 3374 1805 μορφῇ,
3409 1733 3556 1787 πάλιν

322 1818 612 1879 admodum
645 1825 698 1881 in
725 1826 868 1883 ferro
897 1828 1013 1883 fieri
1057 1830 1212 1897 solet,
1258 1846 1382 1885 cum
1427 1831 1480 1886 id
1529 1832 1674 1903 quod
1727 1833 1887 1903 paulo

319 1925 447 1972 ante
487 1919 700 1989 nigrum
749 1929 896 1989 erat,
954 1936 1049 1990 per
1086 1930 1260 1977 cotem
1312 1921 1556 1978 detracta
1614 1923 1886 1994 rubigine,

317 2006 634 2077 splendores
665 2010 931 2079 quosdam
985 2010 1038 2065 in
1086 2027 1146 2068 se
1181 2012 1250 2066 ad
1299 2013 1468 2073 solem
1524 2013 1799 2086 refulgens
1832 2023 1887 2072 et

319 2098 523 2155 nitores
550 2100 689 2166 edit,
726 2102 800 2156 ita
834 2101 998 2157 homo
1046 2118 1262 2176 qucque
1295 2105 1563 2173 internus,
1599 2123 1759 2176 quem
1792 2123 1887 2163 cor

320 2189 585 2247 Dominus
639 2193 904 2257 nominat,
938 2208 1060 2247 cum
1122 2194 1313 2251 sordes
1364 2197 1732 2266 rubiginosas,
1765 2213 1886 2269 quae

319 2291 540 2353 propter
579 2300 806 2354 pravum
851 2285 1018 2341 situm
1049 2287 1105 2341 in
1140 2287 1315 2341 forma
1363 2287 1740 2354 efﬂoruerunt,
1790 2291 1887 2347 ab-

316 2374 593 2439 sterserit,
627 2391 821 2432 rursus
848 2392 973 2430 cum
1007 2377 1260 2448 originali
1298 2386 1352 2433 et
1388 2379 1674 2451 principali
1711 2381 1885 2437 forma

317 2464 727 2520 similitudinem
789 2468 1152 2537 recuperauit,
1208 2483 1271 2523 ac
1336 2469 1513 2526 bonus
1572 2472 1697 2527 erit.
1748 2472 1883 2527 Nam

318 2557 463 2626 quod
499 2557 629 2613 boni
674 2558 871 2625 simile,
930 2559 1132 2613 bonum
1188 2574 1415 2629 prorsus
1473 2569 1575 2618 cst.
1619 2563 1760 2635 Ergo
1789 2564 1886 2634 qui

316 2646 556 2716 seipsum
593 2646 759 2713 videt,
789 2648 843 2700 in
875 2646 1058 2718 scipso
1115 2648 1260 2716 quod
1308 2648 1582 2704 desiderat
1609 2650 1881 2707 intuetur:

317 2745 484 2808 atque
519 2738 593 2792 ita
617 2738 809 2794 beatus
845 2738 922 2803 iit,
955 2738 1049 2809 qui
1095 2739 1261 2795 corde
1293 2755 1429 2810 puro
1480 2742 1740 2811 praeditus
1779 2752 1885 2808 est,

314 2828 573 2898 quoniam
606 2829 734 2883 dum
777 2844 931 2885 suam
970 2830 1260 2899 puritatem
1309 2831 1572 2894 intuetur,
1590 2847 1696 2901 per
1750 2831 1886 2885 ima-

315 2920 516 2989 ginem,
553 2920 784 2976 formam
827 2920 1182 2990 principalem
1233 2920 1635 2977 animadvertit.
1686 2920 1886 2988 Queru-

314 3010 605 3064 admodum
652 3011 797 3066 enim
858 3012 895 3064 ii
954 3011 1047 3081 qui
1083 3012 1138 3065 in
1193 3013 1418 3081 speculo
1463 3008 1632 3068 solem
1677 3013 1883 3078 vident,

312 3097 528 3155 etiamsi
568 3100 768 3155 ccelum
804 3100 982 3170 ipsum
1018 3099 1138 3155 fixis
1162 3102 1470 3175 oculis-non
1502 3112 1884 3168 contueantur,

314 3191 488 3246 nihilo
538 3190 719 3248 secius
774 3192 828 3245 in
886 3191 1175 3263 splendore
1214 3194 1422 3262 speculi
1470 3195 1642 3250 solem
1702 3196 1889 3251 vident

312 3298 475 3350 quam
511 3282 589 3336 illi
632 3281 724 3352 qui
765 3282 942 3353 ipsum
992 3284 1182 3337 orbem
1229 3284 1363 3339 solis
1409 3284 1691 3341 intuentur
1729 3306 1740 3341 :
1775 3288 1848 3342 ita
1873 3329 1889 3355 ,

313 3372 512 3443 inquit,
546 3372 712 3428 etiam
750 3387 869 3439 vos,
902 3373 1117 3428 etiamsi
1166 3375 1307 3432 vires
1337 3377 1492 3431 vobis
1536 3393 1646 3433 non
1696 3394 1890 3450 suppe-

316 3471 431 3519 tant
454 3465 520 3520 ad
554 3466 1114 3542 contemplandumct
1144 3468 1685 3525 animadvertendum
1705 3472 1887 3527 lumen

312 3559 676 3624 inaccessum,
713 3559 758 3615 si
791 3558 856 3614 ad
889 3573 1011 3613 eum
1041 3558 1134 3629 qui
1173 3559 1241 3614 ab
1297 3561 1456 3619 initio
1491 3563 1544 3616 in
1573 3563 1728 3617 vobis
1757 3577 1888 3618 conc

314 3649 539 3705 stitutus
576 3657 660 3705 est
712 3649 968 3720 imaginis
997 3651 1250 3707 decorem
1301 3667 1365 3707 ac
1399 3653 1633 3722 gratiam
1683 3654 1889 3710 reversi

314 3736 568 3807 fueritis,
623 3739 679 3793 in
752 3740 908 3796 vobis
961 3740 1096 3811 ipsis
1152 3741 1296 3811 quod
1351 3743 1598 3814 quaeritis
1653 3744 1886 3802 habetis.

313 3829 533 3887 Puritas
565 3831 710 3887 enim
738 3840 794 3887 et
822 3832 1079 3886 vitiorum
1111 3833 1516 3904 ail‘eetuumque
1539 3837 1804 3902 vacuitas,
1835 3846 1890 3894 et

314 3922 383 3977 ab
413 3923 559 3978 omni
595 3923 738 3977 malo
777 3923 1031 3979 alienatio
1069 3923 1241 3980 deitas
1288 3932 1392 3979 est.
1454 3924 1509 3979 Si
1571 3927 1733 3998 igitur
1771 3929 1886 3985 [nec

316 4013 369 4066 in
396 4020 450 4069 te
490 4023 640 4079 sunt,
679 4013 818 4071 Deus
849 4031 1076 4085 prorsus
1105 4017 1161 4071 in
1189 4023 1243 4070 te
1271 4025 1375 4073 est.
1407 4017 1542 4072 Cum
1594 4019 1758 4090 igitur
1818 4022 1887 4078 ab

1988 1828 2317 1899 ἀναλήψεται
2345 1827 2444 1898 τὴν
2484 1826 2619 1896 πρὸς
2673 1826 2733 1880 τὸ
2769 1825 3073 1897 ἀρχέτυπον
3114 1826 3435 1896 ὁμοιίτητα,
3473 1828 3558 1881 καὶ

1988 1917 2191 1985 ἀγαθὸς
2223 1916 2393 1970 ἔσται.
2429 1915 2502 1969 Τὸ
2529 1916 2635 1988 γὰρ
2662 1916 2848 1987 ἀγαθῷ
2867 1918 3070 1986 ὅμοιον,
3098 1915 3306 1983 ἀγαθὸν
3326 1918 3554 1981 πάντως.

1989 2009 2197 2064 Οὐκοῦν
2237 2012 2268 2063 ὁ
2298 2010 2489 2063 ἑαυτὸν
2533 2008 2766 2079 βλέπων,
2806 2010 2866 2062 ἐν
2899 2006 3078 2078 ἑαυτῷ
3122 2009 3184 2061 τὸ
3227 2004 3559 2080 ποθούμενον

1990 2099 2205 2170 βλέπειο
2256 2101 2351 2154 καὶ
2394 2098 2538 2154 οὕτω
2575 2100 2784 2169 γίνεται
2831 2101 3100 2173 μακάριος
3144 2103 3175 2154 6
3218 2100 3460 2173 καθαρὸς
3494 2104 3553 2172 τῇ

1988 2190 2212 2263 καρδίᾳ,
2268 2193 2350 2245 ὅτι
2386 2191 2522 2263 πρὸς
2561 2191 2659 2262 τὴν
2695 2190 2828 2244 ἰδίαν
2854 2190 3203 2262 καθαρότητα
3238 2191 3475 2262 βλέπων,
3505 2194 3557 2245 ἐν

1986 2285 2052 2354 τῇ
2101 2282 2268 2336 εἰκόνι
2306 2283 2517 2354 καθορᾷ
2559 2282 2620 2335 τὸ
2653 2282 2980 2353 ἀρχέτυπον.
3037 2283 3247 2354 Ὥσπερ
3275 2285 3388 2355 γὰρ
3421 2286 3468 2337 οἱ
3504 2284 3555 2336 ὲν

1987 2375 2276 2447 κατόπτρῳ
2300 2374 2533 2445 δρῶντες
2555 2374 2642 2428 τὸν
2667 2375 2836 2446 ἥλιον,
2883 2373 2985 2429 κᾶν
3021 2375 3095 2446 μὴ
3125 2376 3262 2447 πρὸς
3290 2376 3451 2429 αὐτὸν
3472 2377 3557 2431 τὸν

1988 2466 2213 2539 οὐρανὸν
2239 2465 2619 2536 ἀποϐλέψωσιν
2639 2467 2845 2530 ἀτενὲς,
2867 2466 3017 2519 οὐδὲν
3038 2466 3257 2520 ἔλαττον
3280 2467 3448 2539 δρῶσι
3474 2466 3555 2520 τὸν

1985 2558 2136 2629 ἥλιον
2174 2558 2232 2610 ἐν
2268 2560 2335 2629 τῇ
2377 2556 2470 2610 τοῦ
2503 2556 2811 2627 κατόπτρου
2866 2557 3027 2628 αὐγῇ,
3077 2558 3186 2611 τῶν
3220 2558 3363 2631 πρὸς
3407 2558 3557 2612 αὑτὸν

1987 2646 2399 2701 ἀποϐλεπόντων
2424 2646 2518 2699 τοῦ
2541 2646 2695 2717 ἡλίου
2726 2645 2816 2699 τὸν
2843 2644 3067 2700 κύκλον·
3095 2646 3260 2711 οὕτω,
3297 2646 3453 2718 φησι,
3470 2646 3553 2699 καὶ

1988 2738 2162 2808 ὑμεῖς,
2191 2736 2294 2790 κᾶν
2320 2736 2544 2809 ἀτονῆτε
2583 2736 2720 2811 πρὸς
2747 2740 3072 2809 κατανόησιν
3121 2738 3324 2807 φωτὸς,
3351 2740 3445 2792 ὲάν
3469 2738 3555 2790 ἐπὶ

1986 2829 2085 2900 τὴν
2128 2828 2189 2896 ἐξ
2230 2828 2405 2900 ἀρχῆς
2441 2811 3054 2898 ἐγκατασκευασθεῖσαν
3092 2831 3220 2901 ὑμῖν
3266 2832 3429 2904 χάριν
3469 2830 3555 2899 τῆς

1989 2920 2194 2984 εἰκόνος
2239 2919 2690 2992 ἐπαναδράμητε,
2761 2922 2820 2974 ἐν
2873 2923 3083 2986 ἑαυτοῖς
3127 2923 3192 2976 τὸ
3235 2924 3554 2994 ζητούμενον

1989 3012 2160 3084 ἔχετε.
2211 3010 2534 3083 Καθαρὸτης
2562 3012 2695 3082 γὰρ,
2744 3012 3002 3075 ἀπάθεια,
3041 3014 3145 3067 καὶ
3160 3014 3338 3068 κακοῦ
3375 3011 3556 3076 παντὸς

1991 3104 2341 3175 ἀλλοτρίωσις
2422 3105 2613 3177 θεότης
2636 3104 2803 3160 ἐστίν.
2837 3105 2899 3158 Εἰ
2926 3101 3018 3159 οὖν
3037 3106 3212 3161 ταῦτα
3232 3108 3295 3160 ἐν
3326 3107 3407 3161 σοί
3428 3108 3552 3167 ἐστι,

1983 3195 2115 3259 Θεὸς
2152 3195 2366 3258 πάντως
2396 3196 2454 3248 ἐν
2491 3195 2572 3248 σοί
2601 3196 2772 3248 ἐστιν.
2824 3195 2990 3247 Ὅταν
3019 3190 3112 3249 οὖν
3145 3197 3358 3267 ἀμιγὴς
3389 3193 3556 3263 πάσης

1983 3288 2214 3355 κακίας,
2254 3286 2351 3341 καὶ
2385 3286 2591 3351 πάθους
2619 3285 2934 3357 ἐλεύθερος,
2986 3286 3081 3340 καὶ
3108 3284 3309 3351 παντὸς
3339 3300 3555 3357 κεχωρι-

1986 3371 2181 3451 σμένος
2242 3373 2604 3451 μολύσματος,
2638 3382 2667 3434 6
2696 3382 2753 3433 ὲν
2794 3377 2880 3433 σοὶ
2929 3377 3189 3447 λογισμὸς
3210 3374 3269 3450 ᾖ,
3302 3378 3555 3448 μακάριος

1984 3467 2036 3526 εἴ
2061 3471 2160 3540 τῆς
2182 3471 2474 3537 ὀξυωπίας,
2501 3471 2584 3524 ὅτι
2612 3471 2674 3523 τὸ
2691 3473 2803 3535 τοῖς
2835 3467 2908 3542 μὴ
2931 3466 3282 3538 καθαρθεῖσιν
3320 3466 3551 3525 ἀθέατον,

1986 3562 2343 3634 ὲκκαθαρθεὶς
2366 3562 2717 3632 κατενόησας,
2749 3563 2842 3616 καὶ
2872 3564 2971 3632 τῆς
2997 3559 3187 3626 ὑλικῆς
3222 3558 3420 3628 ἀχλύος
3447 3555 3545 3609 τῶν

1985 3655 2086 3723 τῆς
2139 3653 2318 3725 ψυχῆς
2364 3653 2625 3733 ὀμμάτων
2671 3653 3087 3724 ἀφαιρεθείσης,
3132 3652 3193 3706 ὲν
3238 3649 3452 3725 καθαρᾷ
3490 3646 3549 3715 τῇ

1987 3747 2087 3813 τῆς
2118 3745 2344 3817 καρδίας
2394 3744 2582 3815 αἰθρίᾳ
2615 3743 2902 3814 τηλαυγῶς
2934 3744 3153 3814 βλέπεις
3185 3743 3245 3797 τὸ
3293 3742 3549 3813 μακάριον

1993 3839 2192 3909 θέαμα.
2232 3835 2401 3890 Τοῦτο
2424 3836 2479 3890 δέ
2502 3838 2617 3889 ἐστι
2644 3835 2727 3902 τί;
2771 3835 3114 3907 Καθαρότης,
3142 3838 3172 3889 6
3209 3834 3491 3904 ἁγιασμὸς,
3518 3830 3548 3899 ἡ

1994 3929 2229 4000 ἁπλότης
2248 3970 2263 3994 ,
2293 3928 2471 3982 πάντα
2509 3927 2579 3981 τὰ
2601 3926 2824 3980 τοιαῦτα
2852 3927 2923 3980 τὰ
2966 3926 3230 3996 φωτοειδῆ
3258 3918 3383 3997 ⁴τῆς
3417 3923 3550 3983 θείας

1995 4021 2209 4090 φύσεως
2249 4020 2672 4090 ἀπαυγάσματα.
2704 4019 2772 4073 δι’
2800 4013 2875 4072 ὧν
2904 4020 2933 4072 6
2956 4018 3086 4082 Θεὸς
3117 4019 3327 4087 ὁρᾶται.

312 4105 464 4160 omni
492 4104 788 4161 vitiositate
821 4122 975 4176 pura,
1006 4108 1072 4162 ab
1103 4106 1296 4162 affectu
1327 4122 1390 4163 ac
1429 4110 1562 4165 vitio
1599 4112 1763 4167 libera
1790 4120 1953 4184 atque
1979 4113 2047 4168 ab
2079 4112 2230 4167 omni
2291 4110 2666 4181 iuquinatione
2708 4108 2959 4177 sejuncta
3002 4108 3056 4161 in
3113 4115 3167 4161 te
3231 4107 3376 4161 ratio
3442 4102 3550 4158 fue-

316 4195 407 4259 rit,
438 4194 632 4251 beatus
659 4210 718 4251 es
770 4203 992 4266 propter
1039 4211 1267 4251 acumen
1304 4205 1465 4268 atque
1514 4201 1900 4256 claritudinem
1940 4203 2114 4266 visus,
2169 4200 2431 4271 quoniam
2485 4198 2540 4253 id
2571 4197 2717 4269 quod
2750 4198 2937 4267 eﬂugit
2978 4197 3153 4253 visum
3212 4212 3400 4251 eorum
3463 4191 3545 4262 qui

317 4302 426 4341 non
463 4286 662 4342 fuerint
695 4290 932 4360 purgati,
964 4290 1079 4361 ipse
1107 4300 1444 4363 expurgatus
1505 4293 1913 4361 animadvertis,
1955 4309 2020 4349 ac
2051 4294 2322 4349 materiali
2365 4293 2599 4364 caligine
2636 4295 2707 4347 ab
2770 4290 2947 4346 oculis
2986 4289 3153 4343 animi
3192 4289 3427 4359 dempta,
3464 4299 3548 4356 per

318 4396 507 4449 puram
562 4384 744 4440 cordis
813 4387 1159 4443 serenitatem
1236 4387 1452 4447 beatum
1507 4391 1879 4458 spectaculum
1919 4391 2070 4447 clare
2100 4390 2307 4446 cernis.
2379 4387 2497 4444 Hoc
2545 4396 2724 4443 autem
2762 4386 2919 4457 quid
2974 4385 3102 4441 est?
3162 4383 3542 4446 sanctimonia,

318 4477 550 4544 puritas,
586 4477 932 4548 simplicitas,
962 4496 1153 4539 omnes
1180 4482 1451 4552 ejusmodi
1483 4484 1647 4538 lucidi
1685 4485 1881 4541 divina:
1921 4497 2127 4542 naturae
2153 4484 2495 4556 splendores,
2540 4499 2636 4553 per
2666 4497 2805 4552 quos
2835 4481 2976 4536 Deus
3009 4479 3243 4535 videtur.

388 4568 589 4625 Verum
623 4569 767 4640 quod
787 4570 902 4626 hmc
931 4572 1147 4642 quidem
1178 4575 1253 4629 ita
1281 4591 1341 4631 se
1392 4575 1647 4639 habeant,
1691 4592 1758 4632 ex
1813 4578 1879 4633 iis
1916 4586 1956 4638 D

314 4675 441 4730 quae
476 4659 623 4716 dicta
650 4668 780 4715 sunt
836 4677 945 4717 non
973 4662 1308 4721 dubitamus.
1336 4666 1441 4720 Sed
1467 4666 1610 4735 quod
1640 4667 1710 4721 ab
1734 4668 1892 4721 initio

317 4756 372 4808 in
398 4753 564 4810 dubio
589 4754 928 4824 ponebatur,
958 4755 1137 4811 adhuc
1188 4756 1243 4811 in
1290 4756 1478 4812 eadem
1538 4740 1894 4827 perplexitate

314 4860 499 4900 sermo
536 4844 814 4916 relinquit.
847 4846 920 4902 Ut
963 4847 1109 4902 enim
1138 4846 1184 4902 is
1218 4846 1312 4916 qui
1361 4846 1414 4900 in
1450 4848 1650 4901 coelum
1684 4848 1879 4913 evasit,

316 4934 732 5007 participatione
761 4935 961 4991 fruitur
988 4936 1291 4991 caelestium
1354 4935 1762 5003 miraculorum,
1798 4937 1890 4993 sed

315 5027 645 5084 ascendendi
685 5028 876 5083 modus
922 5027 1210 5098 impeditus
1249 5027 1410 5083 cilicit
1473 5038 1529 5083 ut
1560 5030 1693 5083 nihil
1733 5030 1893 5085 nobis

315 5121 527 5191 prosint
556 5135 621 5176 ea
649 5121 717 5177 de
744 5120 942 5191 quibus
990 5119 1126 5174 nihil
1151 5120 1533 5177 controversiae
1560 5129 1674 5175 est:
1701 5121 1771 5174 ita
1808 5136 1894 5175 es-

316 5212 636 5284 purgatione
660 5212 843 5268 cordis
872 5212 1261 5268 beatitudinem
1300 5214 1564 5270 exsistere
1589 5229 1696 5268 non
1725 5213 1885 5268 dubi-

314 5312 483 5370 tatur,
534 5304 629 5359 sed
691 5303 962 5375 quomodo
1018 5303 1142 5374 quis
1193 5319 1289 5359 cor
1341 5305 1409 5361 ab
1463 5304 1887 5376 inquinamentis

312 5410 618 5467 expurgare
642 5396 837 5466 possit,
869 5396 1055 5452 eadem
1098 5412 1325 5467 prorsus
1374 5413 1494 5466 quae
1548 5398 1601 5452 in
1649 5411 1893 5471 ascensu~

314 5488 372 5541 in
427 5486 625 5540 malum
692 5495 914 5555 apparet
984 5487 1268 5542 diflicultas
1315 5499 1438 5543 esse
1487 5487 1718 5543 videtur.
1755 5486 1887 5553 Quae

317 5579 483 5647 igitur
508 5574 659 5632 scala
688 5572 898 5630 Iacob?
926 5578 1101 5646 qualis
1130 5577 1434 5632 invenietur
1463 5578 1653 5647 igneus
1687 5591 1883 5632 currus

319 5667 389 5721 ad
440 5666 849 5723 similitudinem
905 5666 1022 5735 eju's
1073 5667 1164 5736 qui
1229 5669 1547 5738 prephetam
1607 5669 1778 5724 Etiam
1827 5668 1883 5724 in

2063 4576 2225 4631 Ἀ).λά
2257 4575 2318 4629 τὸ
2347 4577 2447 4644 μὲν
2466 4575 2636 4627 ταῦτα
2663 4572 2834 4635 οὕτως
2858 4572 3001 4642 ἔχειν
3033 4574 3096 4625 ὲκ
3123 4570 3230 4624 τῶν
3256 4569 3544 4642 εἰρημένων

1987 4666 2545 4738 οὖκιὰμιριϐἀλλομεν.
2582 4665 2702 4716 Ἔτι
2729 4664 2785 4716 δὲ
2809 4665 2942 4733 ἡμῖν
2973 4665 3000 4716 ὁ
3026 4662 3180 4729 λόγος
3204 4662 3267 4714 τὸ
3296 4663 3354 4728 ἐξ
3384 4658 3542 4730 ἀρχῆς

1989 4758 2261 4829 ἀπορηθὲν
2295 4757 2386 4810 ἐπὶ
2413 4758 2511 4828 τῆς
2543 4757 2712 4826 αὐτῆς
2745 4754 3054 4825 ἀμηχανίας
3094 4754 3303 4825 βλέπει.
3340 4755 3422 4815 Ὧς
3447 4749 3543 4819 γὰρ

1988 4851 2018 4902 6
2050 4852 2106 4904 ὲν
2139 4849 2349 4920 οὐρανῷ
2381 4848 2672 4917 γενόμενος
2692 4889 2707 4911 ,
2759 4849 2816 4899 ὲν
2846 4846 3104 4917 μετουσία
3143 4844 3251 4898 τῶν
3298 4841 3541 4916 οὐρανίων

1991 4942 2282 5013 θαυμάτων
2309 4939 2456 4993 ἐστίν
2476 4957 2490 4972 ·
2545 4941 2574 4992 ό
2605 4939 2661 4992 δὲ
2690 4939 2787 5009 τῆς
2815 4937 3003 4991 ἀνόδου
3033 4936 3231 5007 τρόπος
3260 4938 3540 5007 ἀμήχανος,

1989 5028 2065 5086 ὧν
2106 5031 2254 5085 οὐδὲν
2288 5032 2427 5102 ,ἡμῖν
2474 5028 2579 5083 τῶν
2626 5027 3112 5098 διωμολογημένων
3143 5025 3332 5096 κέρδος
3376 5023 3536 5077 ποιεῖ·

1988 5122 2160 5185 οὕτως
2189 5122 2252 5174 ὲκ
2281 5119 2375 5174 τοῦ
2407 5117 2743 5189 καθαρθῆναι
2782 5115 2881 5185 τὴν
2919 5115 3166 5186 καρδίαν,
3190 5114 3252 5166 τὺ
3294 5110 3540 5184 μακάριον

1988 5205 2239 5281 γενέσθαι
2261 5210 2361 5263 οὐκ
2387 5207 2783 5280 ἀμφιϐάλλεται
2800 5223 2815 5235 ·
2843 5206 2905 5258 τὸ
2930 5204 2974 5258 δ’
3020 5207 3167 5268 ὅπως
3193 5204 3258 5257 ἀν
3287 5220 3371 5266 τις
3389 5196 3536 5264 αὐτὴν

1988 5303 2097 5356 τῶν
2131 5300 2497 5373 μολυνθέντων
2533 5297 2951 5369 ἀποκαθάρειεν,
2990 5296 3104 5350 ἴσον
3132 5296 3388 5366 ἀντικρὺς
3415 5284 3536 5342 εἶναι

1988 5392 2134 5448 δοκεῖ
2171 5393 2271 5463 τῆς
2312 5389 2405 5444 ἐπὶ
2434 5389 2525 5442 τὸν
2566 5388 2791 5458 οὐρανὸν
2820 5388 3156 5449 ἀναϐάσεως.
3208 5386 3345 5441 Ποία
3382 5380 3535 5436 τοίνυν

1992 5481 2191 5553 κλίμαξ
2215 5480 2309 5536 τοῦ
2348 5476 2569 5542 ’1ακώϐ;
2599 5479 2750 5531 ποῖον
2775 5476 3129 5548 εὑρεθήσεται
3159 5474 3377 5546 πύρινον
3405 5471 3534 5540 ἅρμα

1994 5573 2115 5627 καθ’
2148 5569 2438 5640 ὁμοιότητα
2467 5566 2559 5619 τοῦ
2582 5566 2671 5619 τὸν
2706 5566 2991 5638 προψήτην
3033 5564 3216 5618 Ἠλίαν
3246 5563 3379 5634 πρὸς
3401 5560 3529 5626 οὐρα·

1992 5665 2079 5720 νον
2114 5661 2511 5733 ἀνυψὼσαντος,
2545 5652 2587 5729 ᾧ
2617 5659 2753 5731 πρὸς
2781 5658 2849 5711 τὰ
2878 5658 2987 5712 ἄνω
3017 5656 3265 5730 θα·ἒμιιτα
3299 5657 3330 5727 ἡ
3363 5645 3529 5722 meo
