3696 5986
0 319 11 373 I
21 318 144 375 373

1073 319 1159 376 nu
1208 319 1804 380 BEATITUDINIBUS.
1845 321 2104 383 ORATIO
2134 283 2220 382 vi.

3131 333 3273 392 1274

0 431 166 502 Ιπεῶν
187 429 516 502 ἐπαρθεῖσα,
530 429 590 483 τὸ
607 432 793 503 γήϊνον
812 433 970 488 τοῦτο
991 435 1156 506 βάρος
1176 437 1585 504 ἀποτινάξεται;

1765 441 1893 494 ilum
1920 443 2118 506 evexit,
2146 456 2254 514 quo
2306 441 2376 496 ad
2419 458 2654 514 superna
2715 447 2978 502 miracula
3013 463 3110 505 cer
3170 467 3272 506 no-

0 526 54 576 Εἰ
87 523 211 594 γάρ
243 539 332 586 τις
377 523 436 578 ἐν
471 523 719 596 περινοίᾳ
751 525 962 592 γένοιτο
994 525 1102 579 τῶν
1135 527 1448 596 ἀναγκαίων
1493 529 1594 599 τῆς

0 614 186 685 {auxi};
209 613 572 684 παθημάτων,
595 612 800 684 ἄπορον
817 616 1061 686 οἰήσεται
1081 617 1177 670 καὶ
1195 619 1474 688 ἀμήχανον
1495 619 1594 691 τὴν

0 710 106 763 τῶν
127 709 584 780 συνεζευγμένων
611 711 795 764 κακῶν
813 711 1175 784 ἀναχώρησιν.
1212 715 1387 780 Εὐθὺς
1407 718 1472 770 ἐκ
1496 717 1596 771 πά-

0 800 126 862 θους
147 800 292 871 ἡμῖν
317 801 350 870 ἡ
369 799 584 868 γένεσις
597 800 844 872 ἄρχεται,
869 802 1064 856 καὶδιᾶι
1085 787 1288 868 πάθους
1314 808 1347 875 ἡ
1367 805 1595 878 αὔξησις

0 893 280 963 πρόεισιν,
303 891 396 945 καὶ
422 893 502 956 είς
520 891 582 945 τὸ
601 892 772 956 πάθος
795 896 828 964 ἡ
853 891 966 966 ζωὴ
987 895 1306 967 καταλήγει,
1337 900 1430 952 καὶ
1459 901 1588 953 ἀνα-

0 983 282 1053 κέκραται
312 988 430 1048 πως
470 983 531 1037 τὺ
557 983 725 1040 κακὸν
753 985 888 1055 πρὸς
921 985 1020 1058 τὴν
1054 986 1235 1056 φύσιν.
1267 989 1358 1042 διὰ
1383 990 1492 1044 τῶν
1534 991 1592 1058 ἐξ

0 1074 187 1145 ἀρχῆς
224 1073 686 1146 παραδεξαμένων
720 1075 781 1130 τὸ
811 1076 1002 1141 πάθος,
1032 1078 1143 1132 τῶν
1171 1079 1258 1133 διὰ
1289 1081 1387 1151 τῆς
1415 1098 1594 1152 παρα-

0 1163 138 1232 κοῆς
184 1163 642 1235 εἰσοικισαμένων
673 1164 772 1236 τὴν
817 1167 991 1220 νόσον.
1043 1169 1254 1240 Ὠσπερ
1282 1170 1338 1222 δὲ
1383 1174 1447 1242 τῇ
1479 1171 1594 1225 δια-

0 1256 131 1326 δοχῇ
160 1255 284 1308 τῶν
297 1256 692 1326 ἐπιγινομένων
717 1257 836 1310 καθ’
860 1257 1094 1312 ἕκαστον
1123 1255 1280 1324 εἶδος,
1309 1260 1417 1313 τῶν
1441 1261 1593 1326 ζώων

0 1345 26 1414 ἡ
64 1343 242 1411 φύσις
275 1344 739 1416 συνδιεξέρχεται,
783 1346 858 1408 ὡς
889 1348 1084 1402 ταὺτὺν
1111 1345 1330 1403 εἶναιτὸ
1363 1351 1593 1422 γενόμε-

0 1450 88 1486 νον
129 1435 283 1487 κατὰ
310 1428 400 1488 τὸν
431 1435 530 1504 τῆς
557 1435 789 1504 ¹φύσεως
820 1435 994 1506 λόγον,
1022 1435 1116 1490 τοῦ
1150 1438 1214 1504 ἐξ
1241 1432 1302 1492 οὗ
1327 1439 1549 1508 γέγονεν
1574 1457 1589 1475 ο

0 1523 182 1588 οὕτως
213 1524 274 1591 ἐξ
299 1523 591 1596 ἀνθρώπου
629 1525 913 1597 ἄνθρωπος
954 1527 1182 1596 γίνεται,
1230 1528 1289 1594 ἐξ
1311 1529 1595 1601 ἐμπαθοῠς

0 1616 293 1686 ἐμπαθὴς,
321 1615 379 1681 ἐξ
409 1617 734 1688 ἁμαρτωλοῦ
751 1619 1008 1682 τοιοῦτος.
1037 1619 1244 1675 Οὐκοῦν
1272 1623 1596 1693 συνυφίστα-
1647 1610 1655 1616 ’

0 1725 90 1762 ται
113 1709 332 1780 τρόπον
355 1709 476 1763 τινὰ
509 1713 622 1774 τοῖς
659 1711 964 1782 γινομένοις
997 1713 1030 1784 ἡ
1065 1715 1331 1786 ἁμαρτία,
1362 1733 1593 1778 συναπο·

1693 541 1864 586 strum
1893 541 2158 598 erectum,
2193 545 2428 590 terreum
2464 535 2566 592 hoc
2597 535 2807 604 pondus
2833 539 3269 596 excutiatiNam

1693 621 1741 676 si
1774 623 1899 692 quis
1962 625 2302 680 necessarias
2335 625 2504 680 animi
2535 625 2850 682 affectiones
2883 636 2936 684 et
2964 631 3092 683 vitia
3123 633 3274 702 cogi-

1695 715 1900 770 tatione
1935 724 2125 797 exacte
2160 719 2474 786 compiexus
2499 716 2686 784 fuerit,
2713 731 2878 789 atque
2901 721 3270 790 perpenderit,

1677 804 1843 858 nulla
1875 805 1982 869 via,
2028 807 2176 859 nulla
2229 808 2459 871 ratione,
2525 809 2673 862 nulla
2715 809 3120 865 machinatione
3157 810 3272 865 fieri

1693 913 1855 968 posse
1889 898 2124 968 putabit,
2157 907 2216 952 ut
2245 899 2536 968 conjuncta
2567 899 2704 954 mala
2749 910 3093 956 moveantur.
3137 901 3274 957 Pro-

1695 990 1844 1044 tinus
1871 1003 1900 1042 a
1937 990 2213 1059 passione,
2249 991 2320 1045 ab
2357 989 2661 1053 affectione,
2693 1006 2720 1044 a
2747 993 3172 1060 perturbatione,
3201 993 3272 1048 ab

1693 1079 2016 1150 aegritudine
2047 1081 2304 1136 nativitas
2331 1091 2523 1136 nostra
2553 1080 2786 1149 orditur,
2821 1090 2874 1137 et
2925 1099 3019 1152 per
3058 1084 3270 1153 passio-

1695 1187 1816 1226 nem
1847 1177 1901 1226 et
1936 1169 2274 1226 affectionem
2321 1172 2388 1226 ad
2448 1172 2848 1227 incrementum
2902 1176 3266 1245 progreditur,

1693 1270 1748 1318 et
1783 1263 1836 1316 in
1870 1261 2125 1331 passione
2152 1269 2206 1314 et
2237 1260 2434 1316 aﬂ'ectu
2464 1262 2572 1316 vita
2621 1269 2808 1316 nostra
2843 1263 3080 1318 desinit:
3111 1273 3274 1334 atque

1693 1351 2044 1407 commistum
2074 1351 2476 1422 quodammodo
2509 1351 2710 1405 malum
2751 1367 2874 1406 cum
2929 1363 3124 1430 natura
3167 1364 3270 1418 est,

1695 1458 1791 1513 per
1821 1439 1922 1497 eos
1953 1443 2047 1512 qui
2079 1442 2380 1512 antiquitus
2420 1443 2752 1512 passionem,
2787 1427 2998 1508 vitium,
3051 1453 3107 1498 et
3146 1445 3274 1499 am:-

1695 1541 1845 1588 ctum
1879 1532 2238 1596 admiserunt,
2273 1531 2365 1601 qui
2396 1547 2492 1601 per
2555 1532 2979 1587 iuobedientiam
3022 1535 3272 1588 morbum

1695 1627 2019 1680 invexerunt
2048 1631 2100 1678 et
2125 1623 2564 1678 introduxerunt.
2591 1623 3055 1689 Quemadmodum
3091 1631 3273 1679 autem
3331 1643 3338 1651 ·

1697 1713 2047 1769 successione
2075 1719 2240 1783 atque
2294 1713 2707 1768 continuatione
2763 1713 2996 1770 subinde
3037 1728 3268 1768 nascen-

0 1800 308 1872 τικτομένη
333 1817 394 1854 τε
407 1803 514 1874 ’καὶ
549 1801 906 1870 σνναύξουσα,
937 1806 1031 1858 καὶ
1060 1805 1138 1877 τῷ
1168 1807 1269 1877 τῆς
1305 1804 1450 1878 ζωῆς
1482 1809 1593 1882 ὅρῳ

1765 1822 1830 1861 un
1864 1820 1959 1883 per
1993 1820 2267 1876 quamque
2311 1805 2548 1876 speciem
2602 1805 2920 1860 animalium
2956 1812 3149 1859 natura
3197 1805 3246 1861 si

0 1889 528 1958 ουγκαταλήγουσα.
575 1889 760 1944 ’Ἀλλὰ
809 1891 1226 1948 δυσεπίτευκτον
1275 1899 1407 1968 ἡμῖν
1452 1893 1594 1953 εἶναι

0 1978 100 2048 τὴν
120 1979 370 2050 ἀρετὴν.
411 1979 628 2050 μυρίοις
675 1981 860 2052 ἱδρῶσι
893 1983 988 2036 καὶ
1026 1983 1229 2048 πόνοις,
1267 1989 1468 2060 σπουδῇ
1496 1989 1592 2042 καὶ

0 2067 248 2139 καμάτῳ
299 2068 458 2138 μόγις
501 2069 958 2142 κατορθουμένην,
1006 2073 1250 2144 πολλαχῆ
1293 2075 1446 2146 παρὰ
1493 2077 1594 2148 τῆς

2 2156 160 2219 θείας
184 2153 414 2227 Γραερῆς
439 2157 688 2228 ἐδιδάχθη
699 2166 816 2229 μεν,
843 2159 1214 2232 τεθλιμμένην
1235 2163 1328 2216 καὶ
1356 2163 1446 2217 διὰ
1471 2180 1592 2218 στε-

1 2246 106 2316 νοῦ-
135 2247 444 2316 προϊοῦσαν
482 2249 582 2319 τὴν
629 2248 744 2302 ὁδὸν
787 2249 887 2319 τῆς
923 2249 1200 2320 βασιλείας
1238 2252 1590 2322 ἀκούσαντες,

4 2338 276 2390 πλατείάν
306 2355 364 2391 τε
398 2339 492 2392 καὶ
524 2339 764 2409 κατάντη
795 2341 888 2393 καὶ
918 2341 1228 2412 ἐπίδρομον,
1260 2345 1358 2414 τὴν
1385 2345 1474 2398 διὰ
1496 2363 1596 2400 κα-

6 2428 130 2492 κίας
158 2429 257 2481 τὸν
289 2427 403 2499 βίον
451 2431 544 2482 ἐπὶ
567 2431 664 2502 τὴν
691 2430 968 2486 ἀπώλειαν
1002 2433 1343 2502 ἁπάγουσαν.
1370 2437 1452 2489 Ὀὐ
1487 2437 1593 2509 μὴν

8 2517 249 2572 καθόλου
287 2520 568 2590 ἀμήχανον
591 2522 690 2592 τὴν
716 2521 926 2593 ὑψηλὴν
952 2521 1117 2595 ζωὴν,
1146 2526 1180 2594 ἡ
1200 2525 1388 2596 Γραφὴ
1413 2527 1594 2598 διωρί-

7 2625 170 2674 σατο,
225 2611 263 2680 ἡ
295 2610 564 2664 τοσούτων
593 2612 804 2682 ἀνδρῶν
843 2615 900 2666 ἐν
925 2617 1044 2679 ταῖς
1079 2617 1251 2686 ἱεραῖς
1275 2617 1476 2686 βίϐλοις
1498 2620 1594 2670 ἐκ-

7 2699 213 2774 θεμένη
247 2701 320 2754 τὰ
351 2701 622 2773 θαύματα.
672 2703 810 2758 Ἀλλ’
847 2705 1033 2777 ἐπειδὴ
1069 2697 1266 2778 διπλῆς
1299 2706 1468 2778 οὔσης
1495 2709 1596 2780 τῆς

7 2793 254 2858 διανοίας
284 2795 341 2847 ἐν
383 2797 448 2865 τῇ
479 2793 574 2848 τοῦ
613 2795 741 2848 ἰδεῖν
771 2795 862 2848 τὸν
890 2795 1024 2850 Θεὸν
1071 2799 1372 2870 ἐπαγγελίᾳ
1395 2817 1408 2831 ·
1468 2802 1596 2870 μιᾶς

12 2888 108 2958 μὲν
141 2889 248 2942 τοῦ
277 2889 478 2958 γνῶναι
505 2891 604 2962 τὴν
636 2890 730 2944 τοῦ
764 2891 964 2956 παντὸς
989 2893 1390 2966 ὑπερκειμένην
1414 2896 1594 2965 φύσιν,

9 2981 208 3052 ἐτέρας
242 2980 300 3033 δὲ
335 2971 439 3035 ’1ιοῦ¹
459 2982 830 3054 ἀνακραθῆναι
858 2984 992 3054 πρὸς
1019 2985 1180 3038 αὑτὸν
1206 2986 1296 3040 διὰ
1327 2988 1425 3058 τῆς
1455 2988 1598 3042 κατὰ

7 3070 104 3141 τὴν
131 3070 288 3142 ζωὴν
314 3071 682 3144 καθαρότητος
701 3089 715 3102 ·

764 3073 826 3126 τὸ
865 3074 962 3152 μεν
1005 3075 1264 3146 πρότερον
1298 3079 1398 3146 τῆς
1429 3095 1598 3132 κατα·
1633 3113 1646 3152 ε

1694 1898 1806 1952 mul
1845 1896 2153 1952 traducitur
2176 1904 2232 1952 et
2272 1905 2636 1968 propagatur,
2683 1905 2741 1952 ut
2788 1898 2944 1968 jUxta
3005 1897 3270 1952 rationem

1700 1994 1914 2040 natura;
1959 1985 2104 2055 quod
2145 1994 2334 2040 natum
2389 1986 2552 2042 fuerit
2589 1985 2728 2042 idem
2765 1989 2836 2043 sit
2878 2003 3000 2042 cum
3033 2004 3099 2044 eo
3134 1988 3275 2064 unde

1695 2085 1881 2133 natum
1915 2085 2035 2133 est:
2067 2076 2250 2132 itidem
2302 2093 2369 2134 ex
2401 2079 2621 2133 homine
2675 2077 2840 2132 homo
2874 2081 3142 2145 nascitur,
3201 2094 3270 2134 ex

1696 2171 1940 2230 obnoxio
1966 2169 2136 2236 vitiis,
2190 2149 2718 2240 perturbationibus,
2769 2168 2828 2224 et
2863 2167 3266 2232 aﬂ'ectionibus,

1695 2261 1888 2317 iisdem
1917 2260 2208 2324 obnoxius,
2237 2273 2301 2314 ex
2335 2267 2624 2326 peccatore
2666 2266 2940 2328 peccator.
2990 2257 3132 2329 Ergo
3164 2273 3272 2311 una

1695 2349 2204 2408 cuur’nascentibus
2234 2349 2420 2420 aliquo
2481 2349 2640 2404 modo
2697 2356 2978 2419 peccatum
3034 2348 3271 2409 exsistit,

1697 2443 1862 2497 simul
1893 2451 1948 2498 et
1977 2458 2210 2498 nascens
2229 2448 2282 2496 et
2307 2455 2628 2512 augescens,
2659 2449 2714 2496 et
2740 2455 2863 2494 cum
2895 2441 3128 2494 termino
3152 2440 3276 2493 vita:

1698 2549 1806 2588 una
1833 2535 2108 2590 desinens.
2137 2531 2336 2588 Verum
2367 2539 2620 2607 assecuta
2655 2531 2812 2585 nobis
2846 2529 3115 2594 difﬁcilem
3151 2544 3276 2584 esse

1695 2626 1977 2689 virtutem,
2011 2623 2294 2680 immensis
2323 2631 2377 2678 et
2407 2620 2638 2676 infinitis
2684 2620 2978 2676 sudoribus
3034 2628 3089 2675 et
3121 2621 3274 2674 labo-

1696 2718 1876 2778 ribus,
1931 2715 2114 2771 studio
2144 2723 2309 2785 atque
2347 2713 2735 2784 defatigatione
2761 2712 2850 2765 vix
2879 2711 3194 2780 parabilem,
3217 2711 3273 2766 in

1697 2809 1884 2865 multis
1918 2807 2052 2864 locis
2085 2823 2116 2863 e
2156 2821 2313 2862 sacra
2361 2805 2646 2875 Scriptura
2694 2803 3007 2868 didicimus,
3036 2813 3274 2868 erctum,

1701 2906 1757 2953 et
1789 2913 1886 2967 per
1911 2897 2194 2968 angustias
2228 2902 2540 2966 porrectum
2597 2894 2702 2949 iter
2753 2894 2906 2963 regni
2966 2891 3273 2956 audientes,

1699 2989 1865 3042 latam
1908 3003 2058 3050 vero,
2092 2986 2354 3042 declivem
2404 2992 2460 3041 et
2490 2983 2797 3063 expeditam
2828 2983 2968 3037 viam
3003 2998 3124 3052 quae
3180 2997 3278 3054 per

1699 3079 2051 3136 vitiositatem
2083 3086 2138 3133 et
2185 3076 2479 3146 nequitiam
2547 3077 2712 3129 vitam
2756 3074 2809 3128 in
2851 3073 3142 3145 perniciem
3179 3074 3276 3128 ad-

9 3163 258 3233 νοῆσεως
285 3157 424 3226 εἶδος
463 3165 743 3232 ἀμήχανον
773 3159 912 3217 εἶναι
941 3167 974 3234 ἡ
1013 3165 1121 3218 τῶν
1149 3167 1318 3236 ἁγίων
1343 3169 1493 3240 φωνὴ
1513 3169 1591 3222 δι-

1765 3172 1875 3226 Icit.
1907 3169 2028 3225 Non
2065 3177 2246 3223 tamen
2273 3143 2419 3221 nulla
2460 3167 2620 3238 plane
2645 3143 2863 3221 ratione
2879 3165 3072 3220 confici
3101 3172 3154 3221 et
3177 3180 3276 3221 ex-

7 3253 298 3326 ορίζεταυ
343 3255 404 3326 το
437 3254 492 3308 δὲ
526 3252 774 3325 δεύτερον
820 3256 1158 3326 ὑπισχνεῖται
1186 3262 1251 3330 τῇ
1283 3259 1598 3334 ἀνθρωπίνῃ

11 3351 171 3418 φύσει
195 3347 292 3402 διὰ
318 3348 414 3420 τῆς
447 3348 726 3420 παρούσης
753 3348 1100 3415 διδασκαλίας
1121 3353 1150 3405 ὁ
1183 3351 1387 3422 Κύριος
1407 3352 1595 3418 εἰπὼν,

9 3441 309 3510 Μακάριοι
329 3441 382 3494 οἱ
403 3440 649 3508 καθαροὶ
668 3439 742 3510 τῆ
773 3441 1005 3509 καρδίᾳ,
1031 3442 1120 3496 ὅτι
1142 3443 1308 3498 αὐτοὶ
1326 3443 1430 3498 τὸν
1447 3444 1598 3498 Θεὸν

11 3533 296 3601 ὄψονται.

1701 3261 1882 3332 pediri
1942 3273 2107 3330 posse
2157 3257 2447 3312 sublimem
2485 3255 2650 3309 vitam
2707 3247 2990 3326 Scriptura
3021 3252 3276 3318 affirmat,

1697 3365 1824 3420 quae
1857 3357 1937 3402 tot
1961 3349 2208 3402 virorum
2242 3346 2296 3398 in
2332 3345 2507 3400 sacris
2531 3344 2688 3398 libris
2708 3345 2972 3399 miracula
3000 3343 3274 3414 exposuit.

1698 3441 1803 3498 Sed
1830 3455 1954 3494 cunt
1985 3427 2184 3506 duplex
2239 3435 2312 3488 sit
2345 3437 2398 3488 in
2435 3434 2804 3502 promissione
2853 3436 3069 3490 videndi
3108 3433 3276 3489 Deum

1698 3533 2047 3592 intellectus:
2104 3539 2244 3580 unus
2296 3523 2516 3594 quidem
2585 3523 2954 3593 cognoscendi
3016 3531 3272 3578 naturam

11 3623 360 3679 universitati
394 3622 448 3677 in
479 3624 731 3692 supernis
763 3624 1139 3692 praesidentem
1165 3667 1180 3692 ,
1219 3626 1358 3682 alter
1391 3645 1539 3698 vero,
1573 3649 1670 3704 per
1707 3627 2008 3702 puritatem
2049 3619 2173 3672 vitae
2213 3633 2337 3672 cum
2374 3615 2482 3671 Deo
2518 3617 2676 3685 quasi
2722 3614 3170 3685 contemperandi
3223 3618 3280 3668 et

11 3717 422 3786 conjungendi:
458 3718 682 3792 primam
708 3719 926 3786 quidem
957 3722 1434 3791 contemplationis
1465 3727 1701 3794 speciem
1769 3715 2079 3788 impeditam
2149 3725 2290 3776 esse,
2357 3716 2411 3765 et
2469 3707 2662 3763 confici
2690 3723 2798 3762 non
2831 3723 3010 3778 posse,
3056 3714 3276 3762 sancto-

11 3824 131 3864 rum
167 3822 276 3862 vox
313 3807 574 3873 declarat,
610 3809 906 3864 secundum
973 3806 1124 3865 vero'
1151 3828 1243 3880 per
1301 3826 1626 3883 pra-sentem
1695 3810 2006 3868 doctrinam
2064 3805 2318 3860 humana:
2374 3811 2585 3856 natura:
2643 3797 2902 3855 Dominus
2965 3797 3268 3869 promittit,

12 3919 137 3959 cum
199 3902 356 3965 dicit,
389 3901 543 3956 Beati
579 3919 710 3972 puro
737 3903 926 3968 corde,
971 3906 1221 3974 quoniam
1263 3908 1366 3974 ipsi
1415 3909 1583 3963 Deum
1623 3907 1892 3964 videbunt.

87 4000 160 4054 Ῐὸ
194 3998 253 4051 δέ
291 3999 436 4061 ὅπως
469 3998 583 4052 ἐστι
610 3999 848 4070 καθαρὸν
870 4000 1140 4068 γενέσθαί
1168 4001 1256 4056 διὰ
1280 4003 1458 4074 πάσης
1483 4021 1602 4074 σχε-

11 4090 100 4144 δὸν
155 4090 263 4159 τῆς
304 4089 660 4173 εὐαγγελικῆς
687 4090 1034 4154 διδασκαλίας
1068 4090 1242 4154 ἔξεστί
1279 4111 1361 4152 σοι
1390 4095 1451 4147 τὸ
1493 4111 1602 4148 τοι-

12 4182 174 4235 οὖτον
201 4179 410 4250 μαθεῖν.
443 4179 567 4241 Τοῖς
591 4181 696 4251 γὰρ
725 4179 920 4250 ἐφεξῆς
942 4180 1260 4252 ἐπιδραμὼν
1287 4183 1601 4254 παραγγέλ-

17 4288 177 4339 μασι,
220 4271 382 4338 σαφὲς
408 4271 660 4342 εὑρήσεις
689 4269 748 4322 τὸ
777 4271 874 4340 τῆς
897 4271 1119 4341 καρδίας
1154 4271 1466 4344 καθάρσιον.
1502 4275 1599 4338 Εἰς

11 4361 104 4416 δύο
136 4361 256 4433 γὰρ
289 4361 477 4414 διελὼν
505 4363 600 4432 τὴν
647 4363 862 4426 κακίαν,
910 4366 1010 4436 τήν
1048 4382 1108 4418 τε
1147 4365 1233 4418 διὰ
1263 4366 1371 4418 τῶν
1401 4367 1598 4438 ἔργων,

13 4453 104 4506 καὶ
134 4451 242 4522 τὴν
269 4453 326 4503 ἐν
363 4453 595 4522 νοήμασι
632 4455 1048 4525 συνισταμένην,
1086 4456 1350 4526 πρότερον
1389 4457 1484 4527 μὲν
1513 4455 1603 4511 διὰ

13 4543 106 4596 τοῦ
137 4541 373 4613 ἀρχαίου
403 4543 588 4613 νόμον,
615 4542 712 4612 τὴν
743 4543 832 4596 διὰ
855 4543 962 4596 τῶν
991 4545 1165 4616 ἔργων
1193 4563 1424 4616 φανερου
1435 4543 1601 4615 μένην

15 4634 242 4687 ἀδικίαν
273 4633 549 4700 ἐκόλασεν,
591 4634 709 4687 νυνὶ
745 4634 800 4686 δέ
835 4637 964 4706 περὶ
989 4635 1048 4688 τὸ
1077 4637 1263 4706 ἕτερον
1287 4636 1390 4704 τῆς
1423 4637 1602 4706 ἁμαρ-

13 4722 134 4786 τίας
178 4717 316 4785 εἶδος
343 4721 555 4790 βλέπειν
579 4723 666 4775 τὸν
691 4723 851 4792 νόμον
885 4725 1157 4794 ἐποίησεν,
1179 4725 1240 4776 οὐ
1265 4724 1326 4776 τὸ
1352 4723 1509 4795 ἔργον
1535 4723 1596 4776 τὸ

1765 4000 1936 4056 Porro
1962 3993 2237 4070 quomodo
2261 4005 2458 4062 purum
2485 3987 2599 4044 lieri
2628 3987 2810 4052 liceat,
2849 3985 2902 4040 id
2933 4001 3028 4056 per
3057 4000 3274 4041 omnem

1697 4089 2092 4165 propemodum
2148 4082 2518 4153 evangelicam
2567 4080 2874 4135 doctrinam
2930 4080 3025 4134 tibi
3065 4079 3278 4134 discere

1697 4187 1866 4250 licet;
1905 4196 2032 4236 nam
2058 4179 2104 4234 si
2137 4177 2330 4233 ordine
2355 4175 2615 4242 deinceps
2651 4173 3121 4243 posita-praecepta
3157 4186 3278 4241 per-

1698 4274 1965 4340 curreris,
2004 4268 2354 4325 manifestum
2411 4265 2592 4320 cordis
2626 4264 3058 4334 purificatorium
3098 4276 3282 4332 reme:

1699 4367 1849 4421 dium
1880 4360 2280 4432 deprehendes.
2315 4358 2449 4412 Cum
2481 4356 2625 4410 enim
2663 4355 2854 4409 vitium
2883 4360 2936 4408 et
2971 4353 3275 4422 nequitiam

1700 4457 1954 4512 bifariam
1985 4453 2289 4517 divisisset,
2321 4451 2549 4519 ejusque
2584 4461 2746 4500 unam
2784 4445 3018 4514 speciem
3061 4445 3277 4514 posuis-

1701 4553 1806 4610 set,
1840 4559 1961 4616 quae
1986 4558 2082 4613 per
2109 4555 2276 4612 opera
2311 4538 2650 4608 designatur,
2689 4535 2942 4598 alteram,
2982 4549 3103 4604 quae
3137 4537 3278 4604 cogi-

1703 4637 1870 4692 tando
1895 4633 2222 4704 concipitur,
2253 4631 2404 4701 prius
2443 4629 2662 4698 quidem
2723 4643 2820 4698 per
2851 4627 3154 4695 antiquam-
3195 4626 3275 4681 le-

1702 4743 1820 4798 gem
1869 4741 1988 4782 eam
2041 4740 2164 4796 quae
2209 4738 2306 4792 per
2353 4736 2517 4790 opera
2559 4717 2808 4788 proditur
2851 4719 3143 4787 nequitiam
3180 4731 3278 4784 pu-

16 4813 259 4884 πονηρὸν
281 4813 706 4884 τιμωρούμενος,
723 4813 836 4866 ἀλλ’
857 4816 1006 4878 ὅπως
1035 4815 1100 4869 ἂν
1137 4816 1271 4888 μηδέ
1300 4819 1398 4888 τὴν
1424 4816 1597 4887 ἀρχὴν

1767 4820 1865 4882 vit,
1893 4831 2040 4872 nunc
2073 4829 2201 4871 vero
2227 4813 2295 4868 ad
2321 4813 2546 4866 alteram
2578 4809 2788 4878 peccati
2836 4807 3070 4878 speciem
3104 4803 3273 4874 legem

16 4905 231 4972 γένοιτο
272 4903 740 4974 προμηθούμενος.
804 4905 876 4958 Τὸ
922 4905 1031 4976 γὰρ
1073 4907 1169 4976 τῆς
1228 4909 1600 4978 προαιρέσεως

18 4997 224 5063 ἐξελεῖν
267 4996 366 5067 τὴν
409 4997 630 5061 κακίαν,
665 4991 728 5048 ἐκ
765 4995 960 5049 πολλοῦ
1003 4997 1096 5050 τοῦ
1133 4999 1412 5071 περιόντος
1452 4998 1599 5052 ἐστὶν

20 5088 304 5158 ἀλλότριον
348 5087 456 5138 τῶν
487 5087 736 5156 πονηρῶν
775 5086 950 5158 ἔργων
981 5089 1072 5140 τὸν
1103 5087 1216 5158 βίον
1241 5089 1595 5159 ἐργάσασθαι.

19 5179 373 5252 Πολομεροῦς
415 5179 471 5232 δέ
521 5179 613 5232 καὶ
658 5179 966 5242 πολυειδοῦς
1013 5180 1130 5250 τῆς,
1163 5182 1358 5243 κακίας
1409 5179 1597 5252 οὔσης,

20 5273 238 5341 ἑκάστῳ
263 5269 374 5324 τῶν
396 5270 856 5340 ἁπηγορουμένων
898 5256 1034 5322 ἰδίαν
1083 5269 1179 5341 τὴν
1205 5269 1291 5324 διὰ
1321 5270 1430 5324 τῶν
1459 5289 1599 5343 παρ-

20 5361 386 5432 αγγελμάτων
415 5359 710 5430 θεραπείαν
738 5361 1052 5430 ἁντέθηκεν.
1113 5362 1222 5414 Καῖ
1256 5361 1442 5432 ἐπειδὴ
1472 5363 1600 5433 7:96-

21 5471 204 5526 χειρον
251 5451 326 5516 ὡς
369 5451 462 5505 ἐπὶ
491 5451 625 5506 πολῦ
667 5451 818 5522 παρὰ
865 5453 1044 5506 πᾶντα
1077 5453 1170 5506 τὸν
1207 5452 1324 5522 βίον
1363 5453 1424 5506 τὸ
1459 5453 1600 5508 κατὰ

19 5548 116 5619 τὴν
149 5545 324 5618 ὀργήν
349 5547 496 5598 ἐστιν
523 5544 882 5616 ἀρρώστημα,
919 5548 984 5598 ἐκ
1008 5545 1102 5598 τοῦ
1141 5545 1340 5616 μᾶλλον
1369 5547 1601 5617 ἐπικρα-

21 5639 248 5700 τοῦντος
273 5635 370 5706 τῆς
391 5635 687 5706 θεραπείας
713 5637 962 5707 ἄρχεται,
983 5635 1045 5689 τὸ
1072 5638 1338 5708 ἀόργητον
1358 5639 1416 5690 ἐν
1443 5635 1594 5707 πρώ-

25 5748 135 5797 τοις
158 5727 550 5802 νομοθετήσας.
567 5726 895 5801 Ἐδιδὸιχθης,
921 5727 1072 5798 φησὶ,
1103 5727 1251 5802 παρὰ
1273 5727 1361 5782 τοῦ
1387 5729 1599 5800 ἀρχαιοο

1709 4917 1961 4978 spectare
1993 4905 2144 4969 facit,
2175 4918 2284 4958 non
2315 4901 2620 4971 improbum
2655 4897 2870 4950 facinus
2895 4895 3146 4965 puniens,
3179 4891 3273 4948 sed

1707 5009 1765 5054 ut
1803 5014 1871 5053 ne
1903 5010 2132 5068 prorsus
2185 4993 2402 5064 quidem
2446 4989 2645 5044 malum
2666 4989 2902 5067 exsistat
2935 4985 3274 5056 prospiciens

1703 5098 1759 5146 et
1790 5103 2008 5143 cavens.
2036 5085 2170 5140 Nam
2199 5101 2264 5140 ex
2313 5081 2481 5138 animi
2515 5079 2784 5136 destinata
2847 5079 3128 5133 voluntate
3178 5092 3273 5132 ne-

1705 5183 1931 5253 quitiam
1953 5181 2212 5242 eximere,
2242 5185 2326 5231 est
2356 5192 2422 5231 ex
2455 5189 2650 5245 magna
2674 5171 3049 5242 superﬂuitate
3106 5169 3272 5224 vitam

1705 5288 1733 5326 a
1758 5269 2007 5326 scelestis
2032 5267 2372 5324 facinoribus
2401 5264 2616 5320 edicere
2645 5264 2898 5316 alienam.
2932 5259 3102 5314 Porro
3147 5273 3272 5316 cum

1705 5365 1758 5419 in
1789 5364 1987 5418 multas
2012 5369 2197 5431 partes
2228 5359 2538 5428 multasque
2567 5357 2776 5424 species
2804 5353 3074 5409 vitiositas
3101 5350 3275 5406 dedu-

1707 5438 1795 5510 cta
1823 5453 1928 5518 sit,
1965 5451 2256 5521 unicuique
2294 5465 2482 5503 earum
2521 5462 2703 5502 rerum
2742 5461 2866 5516 qua:
2919 5443 3102 5499 vetitae.
3145 5447 3275 5498 sunt

1706 5561 1802 5617 per
1835 5553 2124 5615 praecepta,
2153 5540 2434 5612 proprium
2469 5537 2726 5608 opposuit
2762 5535 3060 5592 remedium
3107 5539 3273 5604 atque

1677 5637 2064 5690 ‘curationem.
2096 5633 2176 5687 Ac
2210 5633 2468 5702 quoniam
2498 5631 2592 5685 ira:
2639 5629 2863 5686 morbus
2895 5643 2995 5698 per
3052 5637 3270 5680 onmem

1707 5715 1876 5782 vitam
1907 5715 2238 5796 plerumque
2271 5724 2322 5778 in
2349 5730 2601 5794 promptu
2633 5729 2795 5792 atque
2819 5721 2873 5774 in
2907 5715 3130 5789 proclivi
3160 5717 3264 5777 est,
