3696 5986
390 286 526 341 i273

1654 276 1714 331 S.
1756 267 2081 330 GREGORII
2115 263 2412 323 NYSSENI

3510 246 3535 295 l
3546 242 3655 300 275

391 392 463 446 ab
489 406 555 447 eo
600 390 745 461 quod
776 391 947 462 magis
1006 390 1218 447 obtinet
1249 404 1313 445 ac
1360 387 1844 453 dominatur,cura

2193 396 2214 431 υ
2238 378 2425 448 νόμου,
2454 373 2516 426 τὸ
2551 370 2641 441 Μὴ
2671 367 2953 440 φονεῦσαι,
2995 362 3085 418 νῦν
3113 361 3256 433 μάθε
3285 360 3350 462 τδ
3408 358 3652 462 χωρίσαι

393 497 516 536 nem
546 483 784 545 orditur,
828 483 923 539 irae
954 483 1281 537 vacuitatem
1334 479 1590 537 sanciens
1626 478 1681 532 in
1742 476 1958 548 primis.

394 571 664 639 Didicisti,
698 574 895 644 inquit,
927 575 1152 643 antiqua
1180 573 1320 643 lege,
1349 586 1456 625 non
1492 584 1614 626 esse
1648 569 1851 624 caedem
1884 569 1965 620 fa-

394 665 645 719 ciendam
673 665 718 698 "
752 685 764 719 :
806 680 954 719 nunc
1004 665 1158 719 disce
1203 664 1338 718 iram
1373 665 1639 718 adversus
1686 660 1968 731 proximos

393 763 449 811 et
476 758 764 825 populares
794 758 864 812 ab
899 756 1079 811 anima
1141 756 1530 827 segregandam
1579 768 1701 815 esse
1721 752 1788 805 “.
1849 748 1966 802 Non

397 846 540 900 enim
572 848 789 917 penitus
832 847 994 901 irasci
1051 848 1224 901 vetuit
1257 846 1424 918 (licet
1483 844 1629 898 enim
1665 843 1734 896 ob
1762 841 1966 895 bonum

398 956 792 1009 nonnunquam
819 940 896 993 uti
925 939 1019 992 tali
1051 939 1219 993 animi
1242 938 1501 1008 impetu),
1531 935 1628 992 sed
1661 934 1731 989 ob
1761 933 1967 987 nullum

401 1032 600 1087 bonum
638 1030 903 1085 adversus
953 1030 1175 1084 fratrem
1209 1030 1289 1082 ira
1324 1028 1623 1098 aliquando
1677 1028 1966 1094 concitari,

399 1121 454 1176 id
534 1129 860 1191 praeceptum
932 1120 1226 1191 exstinguit
1294 1134 1359 1174 ac
1426 1120 1587 1174 tollit.
1648 1120 1971 1188 Quicunque

401 1212 572 1273 enim,
606 1211 803 1280 inquit,
839 1211 1096 1266 irascitur
1130 1210 1287 1264 fratri
1320 1226 1422 1265 suo
1444 1218 1668 1274 temere,
1715 1211 1973 1280 nullaque

403 1302 634 1356 ratione.
697 1300 830 1354 Nam
881 1301 1111 1370 adjectio
1144 1299 1403 1355 dictionis
1451 1308 1676 1365 temere,
1730 1300 1973 1356 ostendit

404 1391 780 1460 tempestivum
812 1400 866 1445 et
899 1403 1418 1461 Opportunumesse
1476 1406 1619 1461 saepe
1678 1391 1975 1446 iracundiae

405 1495 587 1546 usmn,
620 1495 745 1534 cum
786 1481 1097 1535 vindicandi
1133 1482 1341 1550 peccati
1368 1496 1535 1535 causa
1566 1479 1882 1535 eil'erhuerit
1927 1480 1974 1535 is

405 1570 654 1625 aiis-ctus.
683 1568 807 1640 lianc
831 1572 924 1625 iraa
952 1571 1165 1640 species
1190 1570 1463 1626 Phineeso
1494 1571 1795 1642 Scriptum:
1822 1572 1975 1627 testi-

406 1662 593 1714 monio
624 1662 953 1731 assignatur,
996 1676 1123 1716 cum
1154 1661 1300 1716 caede
1326 1656 1760 1731 delinquentium
1795 1664 1976 1717 minas

407 1749 503 1805 Dei
533 1751 795 1812 adversus
822 1751 1031 1822 plebem
1068 1752 1327 1807 commoti
1353 1753 1675 1822 placavit".
1712 1752 1975 1823 Deinceps

409 1842 478 1896 ad
511 1857 573 1897 ea
609 1858 729 1914 quae
762 1859 858 1915 per
900 1844 1234 1916 voluptatem
1274 1843 1688 1914 delinquuntur,
1731 1845 1977 1900 curando

412 1935 628 2002 transit,
651 1944 706 1991 et
735 1936 986 1991 adulterii
1015 1936 1344 2006 petulantem
1377 1945 1431 1993 et
1470 1938 1832 2007 importunam
1879 1953 1979 1993 eu-

358 2028 363 2033 ’
411 2024 690 2092 piditatem
719 2040 815 2095 per
847 2025 1197 2081 interdictum
1225 2042 1292 2081 ex
1327 2028 1492 2082 corde
1516 2028 1673 2083 tollit.
1707 2027 1780 2081 ita
1829 2029 1980 2097 sigil-

414 2118 561 2171 latim
595 2116 758 2172 etiam
803 2119 986 2173 omnia
1015 2118 1279 2175 invenies-
1319 2121 1374 2175 in
1424 2121 1775 2190 sequentibus
1805 2120 1983 2174 corri-

412 2222 541 2276 gere
567 2204 878 2274 Dominum,
906 2207 1168 2264 adversus
1201 2224 1642 2280 unamquamque
1671 2210 1984 2265 vitiositatis

413 2307 468 2350 et
499 2298 749 2366 nequitia:
772 2297 1004 2368 speciem
1036 2299 1413 2356 sanctionibus
1440 2300 1811 2355 obsistentem.
1853 2298 1987 2353 Pro-

416 2388 565 2443 hibet
594 2388 791 2457 injuria
814 2405 1048 2460 pugnam
1103 2390 1395 2458 lacessere,
1438 2406 1503 2446 ac
1551 2407 1746 2446 manus
1795 2390 1986 2445 alierre

419 2497 516 2551 per
541 2481 817 2551 hoc,quod
854 2497 922 2537 ne
955 2484 1275 2553 propulsare
1295 2483 1512 2552 quidem
1550 2483 1804 2552 injuriam
1856 2498 1983 2552 per-

351 2580 357 2597 ‘
420 2574 600 2627 mittit.
639 2576 979 2630 Exterminat
1024 2575 1265 2631 avaritize
1296 2575 1486 2631 vitium
1545 2591 1641 2645 per
1683 2576 1805 2642 hoc,
1840 2575 1985 2645 quod

419 2663 648 2735 imperat
682 2674 742 2720 ut
777 2682 884 2720 non
921 2666 1082 2721 modo
1115 2666 1387 2735 patiamur
1435 2681 1537 2721 nos
1586 2667 1749 2732 exui,
1786 2666 1882 2721 sed
1934 2667 1985 2723 id

420 2756 584 2812 etiam
631 2758 775 2827 quod
824 2758 981 2814 nobis
1021 2758 1269 2812 relictum
1302 2755 1484 2815 fuerit.
1509 2758 1823 2813 adversario
1855 2771 1988 2812 con-

420 2846 697 2904 cedamus.
757 2847 1003 2903 Medetur
1061 2846 1337 2903 timiditati
1387 2847 1588 2917 jubcns
1643 2864 1744 2903 nos
1800 2849 1990 2906 mortis

420 2952 543 2992 esse
572 2944 997 3007 contemptores.
1037 2937 1102 2991 Et
1136 2938 1190 2992 in
1231 2953 1443 2994 summa
1501 2953 1595 3008 per
1651 2939 1992 3009 unumquod-

2061 448 2159 542 τῆς
2211 468 2390 538 ψυχῆς
2448 465 2545 536 τὴν
2580 461 2735 516 ¹κατέι
2804 458 2914 511 τῶν
2977 453 3260 525 ὁμοφύλων
3322 448 3532 542 ἀργήν..

2061 538 2169 631 γάρ
2211 558 2437 613 καθόλου
2479 555 2577 625 τὴν
2604 551 2771 623 ὀργὴν
2797 550 3063 614 ἀπεῖπεν·
3110 544 3228 597 ἐστι
3276 541 3395 611 γὰρ
3425 539 3533 592 καὶ

2063 630 2209 720 καλῷ
2236 665 2365 702 ποτε
2411 649 2478 718 τῇ
2505 640 2729 714 τοιαύτῃ
2773 641 2873 710 τῆς
2906 636 3086 708 ψυχῆς
3116 632 3444 706 χρήσασθαι
3485 630 3661 699 ὁρμῇ,

2065 742 2200 795 ἀλλὰ
2226 741 2285 794 τὸ
2311 739 2447 810 πρὸς
2478 737 2570 790 τὸν
2606 732 2832 801 ἀδελφὺν
2862 727 3186 802 ὀργιστικῶς
3207 742 3341 779 ποτε
3369 721 3539 793 σχεῖν
3577 723 3665 773 ἐπὶ

2070 832 2259 903 μηδενὶ
2285 827 2493 898 ἀγαθῷ,
2521 826 2678 880 τοῦτο
2712 824 2746 894 ἡ
2767 818 3116 891 παραγγελία
3146 814 3521 870 κατέσϐεσεν.
3553 811 3665 903 Hii;

2067 902 2177 995 γὰρ
2217 926 2245 977 6
2277 920 2624 993 ὀργιζόμενος
2658 916 2734 987 τῷ
2768 911 2983 982 ἀδελφῷ
3014 911 3079 963 ὲκ
3107 907 3200 962 τοῦ
3229 907 3385 976 εἰκῆ.
3459 904 3534 956 Ἡ
3562 902 3667 971 γὰρ

2071 1014 2354 1086 προσθήκη
2399 1011 2494 1065 τοῦ
2531 1010 2675 1079 είκῆ,
2712 1006 2951 1060 δείκνυσι
2990 1004 3050 1055 τὸ
3079 1000 3337 1070 εὖκαιρον
3395 995 3669 1055 πολλάκις

2068 1106 2169 1175 τῆς
2194 1104 2288 1158 τοῦ
2319 1102 2490 1173 θυμοῦ
2521 1102 2789 1173 χρήσεως,
2818 1099 2946 1150 ὅταν
2974 1092 3068 1146 ιετι
3091 1091 3314 1145 κολάσει
3342 1088 3452 1158 τῆς
3482 1088 3669 1175 ἀμαρξ

2069 1173 2189 1258 τίας
2229 1192 2361 1263 ζέσῃ
2408 1191 2467 1244 τὸ
2501 1189 2689 1252 πάθος.
2745 1185 2915 1239 Τοῦτο
2949 1183 3010 1235 τὸ
3048 1178 3183 1245 εἶδος
3224 1180 3326 1250 τῆς
3363 1176 3554 1248 ὀργῆς
3599 1173 3669 1241 τῷ

2071 1285 2270 1358 Φηνεὲς
2296 1284 2325 1336 6
2349 1282 2445 1352 τῆς
2470 1279 2689 1351 Γραφῆς
2717 1279 2872 1347 λόγος
2902 1272 3429 1347 προεμαρτύρησεν,
3466 1270 3567 1321 ὅτε
3604 1269 3664 1335 τῇ

2075 1377 2253 1446 σφαγῇ
2283 1372 2388 1425 τῶν
2425 1368 2881 1441 παρανομούντων
2910 1368 3010 1438 τὴν
3039 1366 3180 1419 κατὰ
3214 1358 3482 1416 τοῦλαοῦ
3513 1375 3670 1425 κινη-

2075 1466 2259 1519 θεῖσαν
2288 1463 2516 1533 ἀπειλὴν
2544 1459 2638 1514 τοῦ
2662 1458 2796 1515 Θεοῦ
2824 1457 3104 1512 ἱλεώσατο.
3138 1453 3310 1508 Πάλιν
3344 1449 3672 1522 μεταϐαίνει

2073 1558 2140 1627 τῇ
2164 1552 2426 1627 θεραπείᾳ
2455 1551 2590 1621 πρὸς
2613 1549 2683 1603 τά
2706 1549 2793 1603 διὰ
2816 1548 2917 1619 τῆς
2939 1545 3130 1618 ἡδονῆς
3163 1539 3667 1613 πλημμελούμενα,

2077 1649 2171 1700 καὶ
2201 1645 2300 1717 τῆς
2338 1643 2578 1716 μοιχείας
2610 1640 2706 1712 τὴν
2751 1638 2950 1693 ἄτοπον
2982 1636 3279 1706 ἐπιθυμίαν
3321 1635 3550 1703 ἐξαιρεῖ
3584 1634 3670 1700 τῆς

2008 1716 2049 1771 Β
2080 1716 2304 1810 καρδίας
2329 1736 2415 1790 δια
2457 1734 2551 1788 τοῦ
2579 1732 3068 1804 παραγγέλματος,
3106 1727 3265 1781 Οὕτω
3298 1726 3404 1779 καὶ
3437 1726 3517 1777 τὰ
3556 1723 3666 1776 125‘

2080 1830 2306 1882 ἕκαστον
2335 1827 2510 1879 πάντα
2552 1824 2834 1895 εὑρήσεις,
2875 1823 2933 1875 ὲν
2958 1820 3071 1883 τοῖς
3102 1816 3303 1887 ἐφεξῆς
3345 1813 3667 1885 διορθοῦντα

2078 1921 2169 1975 τὸν
2192 1919 2414 1992 Κύριον,
2449 1917 2585 1988 πρὸς
2615 1915 2843 1969 ἕκαστον
2868 1913 2977 1966 τῶν
3001 1912 3098 1982 τῆς
3121 1910 3324 1973 κακίας
3353 1906 3531 1961 εἱδῶν
3562 1908 3665 1964 sai;

2081 2011 2423 2083 νομοθεσίαις
2480 2008 2785 2078 ἱστάμενον.
2867 2003 3078 2058 Κωλύει
3117 2002 3179 2055 τὸ
3224 2002 3423 2072 ἄρχειν
3473 1999 3665 2052 dobant.

2082 2102 2300 2174 χειρῶν,
2340 2100 2429 2154 διὰ
2458 2099 2518 2153 τὸ
2551 2099 2685 2170 μηδὲ
2712 2094 3014 2168 ἀμύνεσθαι
3045 2092 3424 2163 συγχωρῆσαι.
3478 2089 3667 2157 ’Υπερη

2081 2192 2252 2265 ορίζει
2283 2191 2344 2244 τὸ
2387 2189 2530 2244 κατά
2573 2186 2883 2252 πλεονεξίαν
2920 2185 3112 2249 πάθος,
3160 2182 3249 2235 διά
3295 2179 3397 2235 τοῦ
3444 2179 3593 2251 πρὸς
3620 2178 3670 2230 τὸ

2084 2283 2441 2341 ἀποδύνεσθαι
2464 2281 2542 2351 τῷ
2568 2279 2909 2350 ἀφελομένῳ,
2940 2277 3035 2330 καὶ
3053 2275 3115 2328 τὸ
3138 2270 3479 2341 ὑπολειφθὲν
3513 2286 3669 2339 προε-

2083 2378 2261 2444 τάξαι.
2297 2377 2603 2447 Θεραπεύει
2627 2373 2724 2443 τὴν
2752 2371 2974 2434 δειλίαν,
3003 2364 3513 2436 καταφρονητικῶς
3548 2363 3670 2433 πρὶς

2083 2469 2174 2522 τὸν
2203 2468 2430 2521 θάνατον
2469 2465 2611 2536 ἐχειν
2644 2463 3094 2535 ὲκκελευόμενοςη
3127 2460 3236 2512 Καὶ
3266 2458 3409 2521 ὅλως
3446 2458 3525 2511 δι’
3552 2457 3665 2509 ὲκά-

2087 2572 2212 2610 στου
2262 2555 2369 2608 τῶν
2414 2551 2905 2624 παραγγελμάτων,
2947 2549 3199 2620 εὑρήσεις
3237 2547 3490 2618 ἀρότρου
3528 2545 3667 2612 δίκην

2085 2647 2175 2700 τὸν
2204 2645 2525 2717 ἀροτριακὺν
2575 2643 2760 2711 λόγον,
2808 2638 2907 2703 τὰς
2947 2640 3184 2709 πονηρὰς
3228 2635 3339 2689 τῶν
3381 2635 3667 2707 ἁμαρτιῶν

2090 2737 2244 2813 ῥίζας
2278 2740 2344 2791 ὲκ
2372 2734 2467 2789 τοῦ
2495 2734 2690 2806 βάθους
2710 2734 2808 2803 τῆς
2841 2730 3067 2801 καρδίας
3093 2728 3250 2799 ἡμῶν
3272 2726 3666 2799 ἀγορήσσοντα,

2086 2830 2152 2884 δι’
2170 2820 2244 2883 ὧν
2267 2827 2381 2881 ἐστι
2407 2827 2504 2898 τῆς
2528 2822 2869 2886 ἀκανθώδους
2898 2820 3234 2892 καθαρθῆναι
3263 2818 3667 2890 καρποφορίας.

2089 2918 2297 2976 Οὐκοῦν
2326 2918 2392 2972 δι’
2421 2915 2744 2987 ἀμφοτέρων
2767 2913 3134 2983 εὐεργετεῖται
3154 2908 3254 2981 τὴν
3284 2908 3488 2979 φύσιν,
3521 2902 3604 2971 οἷς
3622 2926 3669 2960 τε

420 3043 528 3097 que
562 3028 910 3082 interdictum
943 3029 1183 3097 reperies
1230 3029 1286 3082 in
1320 3029 1540 3084 modum
1567 3030 1737 3084 aratri
1794 3032 1879 3086 inc

2211 3008 2393 3079 ίγαθδν
2425 3004 2837 3074 ἐπαγγέλλεται,
2864 2996 2945 3065 οἷς
2978 3018 3039 3056 τε
3058 3000 3157 3072 τὴν
3190 2999 3328 3068 πρὸς
3351 2998 3418 3051 τὸ
3458 2998 3670 3069 προκεί·

421 3131 537 3170 rem
573 3130 881 3170 sermonem
912 3131 1108 3186 pravas
1160 3126 1506 3185 peccatorum
1553 3117 1763 3173 radices
1806 3133 1869 3172 ex
1908 3119 1992 3173 in-

423 3208 557 3262 timo
605 3206 770 3262 corde
822 3214 1014 3275 nostro
1060 3205 1315 3271 effodere,
1351 3205 1548 3276 quibus
1597 3206 1904 3264 interdictis
1963 3224 1992 3262 a

425 3298 665 3369 spinosis
701 3297 971 3352 fructibus
997 3298 1120 3352 licet
1146 3296 1460 3366 expurgari.
1493 3296 1634 3366 Ergo
1667 3313 1762 3367 per
1796 3307 1997 3353 utrum-

427 3384 533 3460 que
568 3396 816 3443 naturam
848 3387 1178 3452 demeretur,
1208 3387 1353 3458 quod
1384 3395 1437 3441 et
1468 3380 1671 3443 bonum
1704 3390 1992 3458 promittit,

423 3487 478 3536 et
512 3480 577 3534 ad
612 3493 884 3549 quamque
912 3493 1024 3533 rem
1055 3478 1388 3548 propositam
1418 3479 1665 3550 suggerit
1697 3480 1855 3536 nobis
1900 3463 1996 3536 do-

424 3572 677 3625 ctrinatn.
706 3568 859 3636 Quod
888 3569 936 3625 si
967 3569 1299 3625 laboriosum
1330 3569 1569 3624 studium
1596 3569 1861 3624 bonarum
1909 3586 1996 3626 rc-

427 3677 545 3715 rmn
579 3676 699 3717 esse
728 3667 910 3730 putas,
942 3672 1200 3728 compara
1231 3673 1344 3713 rem
1376 3673 1499 3713 cum
1540 3658 1650 3712 vita
1683 3660 1991 3725 contraria,

428 3768 494 3811 ac
539 3754 777 3824 reperies
844 3759 1049 3822 quanto
1113 3750 1319 3804 malitia
1371 3750 1723 3820 nequitiaque
1759 3750 1997 3806 laborio-

429 3845 540 3899 sior
565 3852 618 3897 et
657 3843 938 3897 molestior
977 3841 1069 3907 sit,
1122 3841 1169 3896 si
1200 3853 1308 3894 non
1339 3839 1405 3894 ad
1454 3841 1764 3909 praesentia,
1799 3840 1891 3903 sed
1926 3841 1994 3897 ad

429 3936 613 3992 futura
670 3934 953 4004 respicias.
1010 3930 1144 3994 Nam
1207 3931 1298 4002 qui
1351 3931 1609 4001 gehennae
1666 3931 1995 3987 mentionem

429 4026 715 4090 audiverit,
744 4025 790 4080 is
820 4039 927 4078 non
958 4023 1187 4094 amplius
1219 4037 1349 4077 cum
1378 4021 1563 4079 labore
1588 4032 1640 4077 et
1666 4022 1846 4077 studio
1877 4039 1934 4078 se
1964 4036 1995 4077 a

434 4115 802 4185 voluptatibus
855 4130 979 4168 cum
1025 4122 1247 4184 peccato
1307 4113 1616 4183 conjunctis
1655 4113 1993 4180 abstinebit;

432 4208 525 4263 sed
556 4209 704 4263 solus
740 4215 914 4262 metus
961 4205 1275 4275 cogitationi
1309 4205 1545 4274 injectus
1605 4203 1673 4259 ad
1717 4206 1995 4274 expellen-

433 4302 561 4355 dum
595 4300 722 4353 vitia
753 4298 1001 4354 sullicict.
1043 4295 1333 4350 Enimvero
1387 4294 1529 4349 haud
1592 4294 1992 4350 incommodum

2098 3118 2252 3173 μενον
2267 3096 2606 3152 διδασκαλίαν
2623 3096 2750 3165 ἡμῖν
2772 3091 3101 3146 ὑποτίθεται.
3122 3090 3183 3142 Εί
3198 3089 3253 3141 δὲ
3274 3089 3558 3152 ἐπίπονος
3580 3088 3665 3140 τῶν

2094 3189 2314 3259 ἀγαθῶν
2349 3187 2548 3258 σπουδή
2580 3202 2660 3238 σοι
2686 3182 2984 3253 νομίζεται,
3010 3180 3297 3251 σύγκρινον
3328 3177 3414 3250 τῷ
3448 3180 3668 3245 ἐναντίῳ

2097 3283 2195 3355 βίῳ
2223 3299 2227 3303 '
2262 3282 2359 3336 καὶ
2392 3280 2642 3353 εὑρήσεις
2679 3277 2801 3330 ὅσον
2831 3273 3205 3342 ἐπιπονωτέρα
3232 3272 3385 3324 ἐστὶν
3414 3274 3455 3343 ἡ
3495 3273 3666 3329 κακία,

2095 3378 2142 3430 εί
2172 3374 2247 3444 μὴ
2276 3372 2409 3444 πρὸς
2452 3370 2511 3424 τὸ
2541 3369 2735 3440 παρὸν,
2763 3366 2899 3420 ἀλλὰ
2928 3366 3062 3436 πρὸς
3087 3365 3147 3417 τὸ
3182 3364 3321 3434 μετά
3349 3364 3544 3417 ταῦτα
3572 3364 3670 3434 βλέ-

2095 3482 2237 3529 ποις.
2281 3464 2339 3516 'U
2366 3462 2474 3532 γὰρ
2499 3460 2721 3529 γεέννας
2758 3457 3016 3520 ἀκούσας
3045 3455 3226 3508 οὐκέτι
3254 3454 3407 3525 πόνῳ
3444 3454 3565 3507 τινὶ
3596 3454 3669 3506 καὶ

2098 3554 2298 3623 σπουδῇ
2336 3551 2444 3605 τῶν
2476 3550 2617 3604 κατά
2658 3549 2754 3620 τὴν
2788 3547 3061 3620 ἁμαρτίαν
3099 3544 3301 3616 ἡδονῶν
3336 3545 3671 3615 χωρισθήσεο

2095 3660 2211 3699 ται·
2242 3643 2356 3697 ἀλλ’
2382 3642 2605 3713 ἀρκέσει
2633 3641 2789 3711 μόνος
2825 3640 2853 3690 6
2901 3636 3063 3707 φόϐος
3098 3639 3211 3699 τοῖς
3252 3635 3551 3707 λογισμοῖς
3597 3638 3673 3703 ἐγ-

2094 3734 2401 3806 γενόμενος,
2432 3732 2670 3803 ἐξορίσαι
2704 3729 2771 3784 τά
2800 3728 2965 3799 πάθη.
3006 3725 3221 3781 Μᾶλλον
3266 3726 3327 3779 δὲ
3356 3727 3554 3790 καλῶς
3578 3728 3673 3796 ἔχει

2093 3827 2170 3900 τῷ
2187 3825 2520 3897 σιωπωμένῳ
2543 3821 3039 3892 συνυπακουόμενον
3059 3820 3538 3889 κατανοήσαντας,
3562 3838 3673 3889 opa-

2092 3918 2351 3990 δροτέραν
2374 3915 2620 3970 ἐντεῦθεν
2648 3915 2746 3985 τὴν
2778 3912 3070 3984 ἐπιθυμίαν
3100 3911 3306 3965 λαϐεῖν.
3343 3909 3411 3963 Ei
3439 3911 3560 3983 γὰρ
3586 3930 3672 3983 μισ

2095 4010 2277 4080 κάριοι
2303 4010 2351 4062 οἱ
2382 4007 2609 4077 καθαροῖ
2634 4009 2700 4076 τῇ
2728 4005 2946 4077 καρδίᾳ,
2979 4002 3203 4057 ἐλεεινοί
3235 4003 3464 4065 πάντως
3489 4005 3543 4056 oi
3566 4020 3675 4056 κατ-

2095 4099 2471 4173 ερρυπωμένοι
2498 4097 2587 4150 τὸν
2615 4096 2737 4150 νοῦν
2757 4112 2770 4126 -
2803 4095 2884 4148 ὃτι
2913 4094 3048 4166 πρὸς
3072 4094 3133 4147 τὸ
3161 4091 3253 4146 τοῦ
3293 4093 3671 4164 ἀντικειμένου

2097 4191 2383 4262 πρόσωπον
2403 4186 2704 4258 βλέπουσιν.
2719 4186 2827 4238 Καὶ
2843 4185 2890 4237 εί
2913 4184 3073 4248 αὐτὸς
3091 4186 3118 4236 ὁ
3136 4183 3276 4247 θεῖος
3293 4187 3595 4257 χαρακτὴρ
3610 4185 3671 4253 τῷ

2097 4283 2217 4336 κατ’
2240 4272 2436 4353 ἀρετὴν
2464 4277 2785 4332 ὲντυποῦται
2812 4276 2931 4349 βίῳ,
2966 4275 3120 4347 δῆλον
3142 4277 3223 4347 ὅτι
3249 4278 3284 4346 ἠ
3307 4276 3463 4330 κατά
3491 4280 3672 4332 κακῖαοδ

433 4391 597 4446 fuerit
626 4390 1003 4445 animadverso
1052 4387 1195 4457 quod
1235 4387 1457 4442 tacitum
1504 4384 1847 4451 subauditur,

2210 4394 2214 4443 ι
2249 4371 2427 4443 μορφὴ
2458 4370 2551 4423 καὶ
2591 4369 2876 4441 πρόσωπον
2904 4367 2996 4421 τοῦ
3034 4367 3417 4436 ἀντικειμένου
3450 4370 3669 4437 γίνεται.

434 4477 822 4530 hementiorem
873 4475 1068 4530 dehinc
1121 4474 1407 4544 concipere
1445 4474 1817 4543 cupiditatem.
1864 4473 1999 4530 Nam

433 4571 480 4624 si
513 4568 648 4622 beati
679 4577 807 4622 sunt
829 4607 844 4631 ,
871 4568 965 4637 qui
1005 4583 1141 4638 puro
1165 4568 1326 4622 corde
1352 4565 1559 4636 praediti
1591 4575 1738 4627 sunt,
1772 4566 2000 4621 misera-

436 4638 572 4709 biles
600 4654 823 4708 omniuo
854 4664 1000 4718 sunt,
1031 4655 1122 4724 qui
1155 4662 1390 4709 mentem
1425 4652 1755 4709 sordidatam
1781 4656 1999 4721 habent,

433 4750 690 4818 quoniam
744 4746 935 4801 faciem
967 4747 1267 4802 adversarii
1303 4746 1680 4801 intuebuntur.
1741 4745 2001 4817 itemque,

433 4837 482 4894 si
519 4837 635 4906 ipsa
666 4836 847 4891 divina
881 4837 1081 4908 eliigies
1127 4837 1460 4907 imprimitur
1498 4836 1623 4890 vita:
1653 4851 1774 4891 cum
1802 4837 2004 4892 virtute

435 4929 742 4999 conjunt-tze
766 4968 780 4992 ,
824 4931 1170 4999 perspicuum
1203 4937 1288 4983 est
1327 4926 1471 4998 quod
1502 4927 1612 4981 vita
1648 4927 1841 4982 vitiosa
1888 4928 2002 4982 for-

412 5037 524 5075 »ma
556 5036 620 5074 ac
652 5021 816 5076 facies
850 5021 1143 5075 adversarii
1174 5020 1408 5075 exsistit.
1432 5016 1549 5072 Jam
1590 5034 1718 5076 vero
1744 5019 1790 5074 si
1818 5035 2008 5075 secun-

436 5113 565 5166 dum
601 5112 846 5168 diversas
874 5111 1337 5167 considerationes
1371 5108 1511 5164 Deus
1540 5108 1781 5178 quolibet
1817 5124 2005 5164 eorum

437 5202 822 5257 vocabulorum
859 5206 979 5273 quae
1022 5203 1165 5255 circa
1214 5201 1416 5255 bonum
1463 5200 1862 5268 intelliguntur,
1913 5215 2004 5253 co-

438 5296 804 5363 gnominatur,
842 5296 1042 5359 lmncn,
1070 5294 1203 5356 vita,
1234 5291 1743 5361 incorruptibilitas,
1775 5298 1829 5346 ct
1859 5306 2006 5360 quie-

440 5396 653 5453 Cunque
680 5387 800 5455 ejus
834 5385 1045 5456 generis
1079 5392 1224 5445 sunt,
1274 5398 1521 5453 prorsus,
1555 5398 1618 5436 ex
1645 5383 1895 5445 adverso,
1951 5381 2005 5436 id

444 5473 586 5544 quod
616 5475 812 5545 cuique
843 5476 1033 5530 bormn
1067 5457 1375 5545 oppositum
1424 5480 1509 5527 est
1540 5471 1793 5541 nequitia:
1818 5470 2006 5524 inven-

517 5648 564 5682 "
589 5645 759 5702 Exod.
782 5663 871 5714 χι,
897 5648 950 5702 5.

2096 4464 2258 4518 ’Λλλά
2286 4464 2391 4534 μὴν
2423 4456 2471 4515 εἰ
2499 4461 2638 4514 κατά
2665 4461 2950 4530 διαφόρους
2973 4460 3212 4523 ἐπινοίας
3240 4462 3268 4513 6
3302 4460 3442 4523 Θεὸς
3473 4463 3673 4529 exime

2096 4556 2203 4609 τῶν
2236 4554 2375 4609 κατὰ
2409 4553 2469 4606 τὸ
2498 4552 2697 4621 ἀγαθὸν
2740 4551 3043 4622 νοουμένων
3090 4550 3521 4620 ἐπονομάζεται,
3552 4552 3672 4619 95g,

2099 4646 2192 4701 καὶ
2224 4644 2357 4716 ζωὴ,
2384 4645 2478 4698 καὶ
2506 4643 2802 4714 ἀςθαρσία,
2840 4645 2934 4695 καὶ
2961 4643 3059 4695 ὅσα
3090 4641 3181 4694 τοῦ
3215 4642 3470 4696 τοιούτου
3501 4644 3675 4711 γένους

2102 4739 2244 4792 ἐστίν
2265 4754 2276 4768 ³
2301 4739 2515 4800 πάντως
2537 4739 2599 4789 ἐκ
2618 4735 2709 4789 τοῦ
2731 4735 3110 4805 ἀντιστρόξρου,
3133 4734 3194 4787 το
3215 4735 3462 4788 ἕκαστον
3487 4737 3671 4788 τούτων

2101 4830 2493 4901 ἀντικείμενον,
2521 4827 2596 4897 τῷ
2636 4827 2733 4898 τῆς
2770 4827 2963 4890 κακίας
2993 4827 3189 4900 εὑρέτῃ
3218 4826 3669 4899 ὀνοματθήσεται.

2104 4921 2291 4983 σκότος
2342 4921 2437 4972 καὶ
2487 4919 2714 4981 θάνατος
2759 4919 2853 4972 καὶ
2906 4917 3111 4989 φθορὰ,
3172 4919 3266 4970 καὶ
3320 4920 3429 4971 ὅσα
3479 4922 3670 4982 τούτοις

2103 5012 2332 5086 ὁμογενῆ
2370 4994 2463 5066 καὶ
2505 5010 2769 5081 ὁμόφυλα.
2810 5007 3019 5063 Οὐκοῦν
3056 5008 3344 5077 μαθόντες,
3390 5009 3493 5063 διὰ
3535 5011 3671 5062 τὲνων

2103 5106 2216 5176 ἥτε
2236 5104 2401 5157 κακία
2441 5101 2534 5155 καὶ
2581 5102 2610 5154 6
2650 5099 2768 5154 κατ’
2802 5100 3001 5170 ἀρετὴν
3027 5098 3333 5170 μορςςοῦται
3361 5098 3504 5169 βίος,
3547 5098 3669 5162 ἐξου-

2100 5198 2375 5267 θσίαςήμίν
2402 5195 2536 5266 πρὸς
2580 5193 2836 5263 ἑκάτερον
2886 5191 3088 5246 τούτων
3125 5190 3266 5244 κατά
3323 5191 3385 5244 τὸ
3438 5191 3669 5255 αὐτεξού·

2107 5304 2218 5338 σιον
2238 5288 2335 5355 τῆς
2364 5284 2728 5355 προαιρέσεως
2753 5281 3141 5352 προκειμένης,
3164 5279 3437 5350 φύγωμεν
3472 5282 3567 5352 τὴν
3594 5276 3666 5330 τοῦ

2108 5376 2350 5430 διαϐόλου
2378 5375 2609 5446 μορφὴν,
2626 5370 2955 5442 ἀποθώμεθα
2974 5371 3036 5424 τὸ
3054 5370 3290 5441 πονηρὸν
3316 5372 3660 5441 προσωπεῖον.

2111 5466 2464 5537 ἀναλάϐωμεν
2494 5463 2590 5536 τὴν
2618 5462 2766 5518 θείαν
2793 5463 2995 5534 εἰκόνα,
3029 5459 3322 5533 γενώμεθα
3363 5462 3588 5533 καθαροὶ
3611 5459 3660 5526 τῇ

1028 5650 1071 5681 ⁸⁵
1107 5647 1295 5703 Matth.
1342 5667 1392 5715 ν,
1436 5650 1521 5704 9.2.
1603 5650 1643 5679 ⁵⁷
1674 5647 1834 5702 Num.
1883 5663 2002 5712 xxv,
2054 5645 2068 5697 l
2113 5660 2234 5716 s'lq.
