3696 5986
25 315 172 373 1277
1084 332 1171 389 os
1211 332 1817 395 BEATITUDINIBUS.
1857 339 2114 397 ORATIO
2154 316 2255 398 vr]
3160 343 3296 404 ειη

22 433 263 529 καρδίᾳ,
314 435 401 491 ἵνα
446 440 732 512 γενώμεθα
774 442 1053 515 μακάριοι,
1092 448 1191 517 τῆς
1237 448 1385 515 θείας
1422 453 1626 518 εἰκόνος

1776 453 1833 507 »τί
1864 456 2213 520 attribuetur,
2247 456 2504 521 tenebrae,
2542 472 2710 523 mors,
2747 438 3043 529 corruptio,
3072 465 3127 514 et
3152 473 3301 529 qua:-

114 528 263 621 ὴμίν
302 531 701 621 μορφωθείσης,
737 533 826 589 διὰ
843 536 943 606 τῆς
968 537 1212 609 καθαρᾶς
1242 541 1534 608 πολιτείας,
1562 546 1620 596 ὲν

1779 562 1941 617 mque
1979 547 2223 617 ejusdem
2256 565 2379 604 cum
2409 549 2496 611 liis
2542 550 2760 621 generis
2782 560 2837 604 et
2882 527 3091 605 natura;
3142 527 3292 604 sunt.

25 616 264 718 Χριστῷ
301 620 476 718 ’[ησοῖξ
502 624 592 718 ,τῷ
618 627 808 718 Κυρίω
832 628 1008 718 ἡμῶν,
1137 633 1170 703 ή
1217 632 1342 700 δόξα
1388 636 1468 700 είς
1494 637 1620 700 τοὺς

1778 638 1997 692 uocirca
2028 654 2151 693 cum
2178 639 2530 697 didicerimus
2577 628 2780 712 quibus
2812 641 2977 697 rebus
3020 650 3073 695 et
3103 639 3296 710 nequi—

26 709 246 771 αίῶνας
279 709 388 763 τῶν
422 711 653 767 αἰώνων.
712 715 904 786 Ἀμήν.
1276 724 1293 753 ’

1776 741 1793 780 ι
1846 733 1900 781 et
1943 740 2068 781 cum
2108 728 2309 783 virtute
2360 729 2468 784 vita
2538 709 2835 801 conjuncta
2890 709 3201 786 formcn'tur
3247 740 3300 786 ct

29 801 436 871 insigniantur,
498 807 776 875 proposita
825 810 1005 875 nobis,
1034 811 1191 879 juxta
1239 813 1469 869 liberum
1523 815 1690 870 animi
1731 816 2140 882 arbitrium,in
2190 830 2367 875 utram
2432 829 2639 890 partem
2701 821 2932 876 velimus
2990 821 3300 876 declinandi

29 902 349 964 Ροῑεειδῑθν
400 895 679 967 fugiamus
730 897 958 956 formam
1008 902 1234 967 diabOll.
1281 904 1618 973 deponamus
1693 924 1915 979 pravam
1983 926 2296 979 personam,
2337 926 2679 967 resumamus
2712 908 2951 966 divinai'n
2979 910 3300 981 imaginem,

30 986 214 1041 simus
254 987 375 1056 puri
403 988 589 1051 corde,
646 995 707 1042 ut
754 989 1055 1046 efliciamur
1112 994 1276 1057 beati,
1333 992 1516 1047 divina
1554 995 1607 1049 in
1646 998 1805 1053 nobis
1847 999 2083 1070 imagine
2115 1015 2211 1069 per
2236 1015 2431 1070 purum
2454 996 2579 1054 vitae
2637 1000 2947 1056 institutum
3006 999 3301 1070 impressa,

30 1092 131 1147 per
160 1078 453 1134 Christum
484 1077 671 1135 Jesum
702 1081 989 1137 Dominum
1014 1091 1288 1150 nostrum,
1323 1088 1410 1142 cui
1443 1089 1619 1160 gloria
1654 1090 1709 1144 in
1743 1093 1941 1145 saecula
1978 1094 2328 1147 saeculorum.
2367 1091 2560 1148 Amen.

673 1196 890 1250 ΛΟΓΟΣ
928 1200 1001 1252 Z'.

32 1280 337 1351 Μακάριοι
394 1284 448 1336 oi
492 1284 886 1421 είρηζὲπιέρίθ
942 1288 1029 1340 ὅτι
1072 1288 1242 1343 αὐτοὶ
1299 1291 1414 1345 υἱοί
1475 1294 1621 1350 Θεοῦ

710 1373 740 1421 q
781 1371 1053 1411 ra'orral.

710 1371 1053 1423 ησησονται.

104 1444 230 1515 Τῆς
270 1445 421 1515 ἱερᾶς
463 1444 557 1498 τοῦ
601 1446 902 1517 μαρτυρίου
938 1449 1340 1521 σκηνοπηγίας,
1390 1453 1456 1524 ἣν
1485 1452 1626 1508 κατὰ

32 1533 129 1586 τὸν
160 1535 227 1587 ὲν
255 1533 334 1605 τῷ
363 1534 476 1606 ὄρει
513 1535 662 1607 παρὰ
688 1535 781 1589 τοῦ
807 1536 940 1591 Θεοῦ
968 1539 1244 1611 δειχθέντα
1275 1545 1442 1597 τόπον
1478 1546 1507 1597 ό
1534 1563 1622 1598 νο-

38 1624 285 1697 μοθέτης
308 1630 421 1689 τοῖς
448 1628 805 1698 Ἰσραηλίταις
832 1632 1290 1698 κατεσκευάσατο,
1324 1635 1499 1689 πάντα
1524 1636 1621 1707 μὲν

36 1717 178 1784 ἆγιὰ
206 1733 268 1769 τε
294 1717 389 1770 καὶ
421 1718 539 1789 ίερᾶι
573 1718 696 1772 καθ’
723 1718 955 1773 ἕκαστον
984 1717 1074 1792 ἦν,
1103 1724 1204 1777 ὃσα
1238 1726 1314 1795 τῷ
1342 1743 1620 1798 περισχοι-

2295 1201 2556 1259 ORATIO
2600 1202 2714 1258 VII.

1756 1292 1910 1348 Beati
1938 1296 2165 1366 paciﬁci,
2194 1297 2441 1365 quoniam
2472 1295 2573 1366 ipsi
2599 1295 2701 1365 [itii
2725 1293 2824 1349 Dei
2855 1295 3179 1350 vocabuntur
3195 1295 3263 1349 ⁸⁸.

1796 1449 1948 1503 Sacri
1973 1451 2266 1505 testimonii
2289 1450 2648 1517 tabernaculi,
2667 1450 2810 1521 quod
2842 1450 3121 1519 legislator
3140 1450 3297 1520 juxta

1725 1538 2156 1593 demonstratam
2185 1539 2288 1595 sibi
2323 1540 2378 1594 in
2411 1550 2597 1595 monte
2625 1555 2655 1593 a
2696 1539 2804 1594 Deo
2852 1539 3080 1594 formam
3123 1543 3300 1595 lsrae-

1730 1628 1841 1684 litis
1866 1629 2164 1685 fabricatus
2188 1639 2291 1693 est,
2322 1630 2502 1683 omnia
2537 1628 2752 1698 quidem
2785 1637 2837 1684 ct
2862 1638 3051 1684 sancta
3071 1638 3124 1685 et
3143 1645 3298 1685 sacra

1729 1720 2002 1791 sigillatim
2034 1730 2212 1786 erant,
2246 1737 2586 1792 quascunque
2615 1722 2785 1792 septis
2820 1722 3150 1777 intrinsecus
3166 1736 3300 1776 con-

36 1807 269 1879 νίσματι
300 1810 442 1863 κατὰ
471 1810 531 1863 τὸ
558 1810 708 1885 εντὸς
748 1813 1101 1883 περιείληπτο
1122 1831 1138 1843 ⁶
1170 1817 1231 1869 τὸ
1260 1818 1315 1870 δὲ
1345 1817 1624 1873 ὲνδότατον

1776 1814 2067 1881 nehantur;
2099 1814 2164 1868 ad
2194 1815 2440 1883 intimam
2486 1823 2665 1869 autem
2708 1816 2761 1868 in
2793 1814 2879 1869 bis
2904 1820 3112 1885 partem
3140 1830 3298 1870 acce-

38 1902 97 1953 ὲν
131 1901 348 1965 τούτοις
398 1882 588 1955 ἄδυτόν
624 1919 683 1955 τε
728 1904 821 1956 καὶ
859 1882 1057 1959 ἄϐατον
1102 1902 1191 1978 ἦν,
1223 1909 1413 1977 Ἀγιον
1457 1909 1625 1978 ἁγίων

36 1992 338 2064 λεγόμενον
358 2012 372 2026 ο
415 1993 719 2064 δεικνύσης,
746 1990 919 2066 οἶμαι,
944 1997 1046 2067 τῆς
1079 1998 1396 2069 ὲπιτατικῆς
1424 2000 1626 2072 ταύτης

37 2084 482 2156 ὀνοματοποιὴς,
528 2084 589 2138 τὸ
628 2084 701 2156 μὴ
740 2084 881 2139 κατὰ
909 2085 969 2138 τὸ
1010 2087 1267 2158 ὁμότιμον
1306 2091 1417 2152 τοῖς
1446 2089 1624 2155 ἄλλοις

42 2177 297 2248 μετέχειν
320 2179 538 2231 κάκεῖνο
562 2178 659 2248 τῆς
699 2179 984 2249 ἁγιότητος
1006 2196 1021 2210 ⁸
1072 2179 1188 2235 ἁλλ’
1220 2181 1343 2235 ὅσον
1378 2180 1625 2253 διέφερεν

38 2268 134 2321 τοῦ
172 2268 358 2321 κοινοῦ
400 2269 493 2322 καὶ
537 2269 762 2340 βεϐήλου
805 2270 865 2324 τὸ
917 2272 1289 2344 ἀφιερωμένον
1321 2273 1415 2327 καὶ
1445 2273 1621 2341 ἁγιον,

39 2357 300 2413 τοσοῦτον
324 2360 498 2413 ἐκεῖνο
522 2360 582 2414 τὸ
610 2360 797 2415 ἄδυτον
830 2362 938 2416 τῶν
970 2364 1097 2436 περὶ
1119 2364 1249 2416 αὐτὸ
1275 2365 1444 2432 ἁγίων
1472 2363 1625 2436 ἱερὼ-

39 2450 202 2521 τερόν
234 2467 296 2503 τε
329 2451 424 2504 καὶ
470 2451 851 2526 καθαρώτερον
879 2449 1038 2508 εἶναι.
1086 2450 1252 2525 Οἶμαι
1295 2456 1471 2509 τοίνυν
1515 2455 1625 2524 ἐγὼ

41 2542 188 2595 κατὰ
213 2542 309 2594 τὸν
353 2541 515 2596 αὐτὸν
552 2544 769 2615 τρόπον,
805 2544 913 2598 τῶν
946 2547 1003 2600 ὲν
1031 2544 1109 2618 τῷ
1149 2546 1262 2618 ὄρει
1295 2546 1468 2617 τούτῳ
1494 2564 1625 2618 προ-

40 2632 370 2702 δειχθὲντων
400 2635 530 2703 ἡμῖν
565 2636 948 2708 μακαρισμῶν,
977 2637 1150 2691 πάντα
1177 2639 1276 2707 μὲν
1306 2638 1426 2710 ἱερά
1446 2655 1504 2691 τε
1531 2640 1625 2692 καὶ

43 2726 179 2793 ἅγια
204 2723 327 2777 καθ’
347 2723 576 2779 ἕκαστον
606 2721 765 2788 εἶναι,
789 2728 889 2782 ὅσα
912 2727 1197 2799 προλαϐὼν
1216 2732 1244 2782 ὁ
1289 2736 1433 2801 θεῖος
1468 2755 1631 2794 κατε-

43 2821 284 2876 σκεύασε
314 2819 470 2884 λόγος
493 2835 507 2849 ·
557 2818 617 2871 τὸ
655 2818 711 2872 δὲ
754 2818 849 2872 νῦν
889 2822 956 2890 τῇ
1009 2818 1211 2892 θεωρίᾳ
1242 2821 1622 2892 προκείμενον,

42 2912 236 2966 ἄδυτον
263 2914 338 2977 ὡς
356 2910 571 2984 ἀληθῶς
604 2912 698 2965 καὶ
725 2910 913 2980 Ἀγιον
936 2911 1105 2980 ἁγίων
1135 2908 1292 2965 εἶναι.
1332 2913 1393 2965 Ei
1422 2912 1531 2984 γὰρ
1566 2911 1627 2965 τὸ

46 3006 177 3058 ἰδεῖν
220 3005 313 3059 τὸν
352 3004 484 3059 Θεὸν
514 3002 816 3075 ὑπερϐολὴν
848 3004 907 3057 ἐν
933 3003 1011 3074 τῷ
1054 3003 1242 3075 ἀγαθῷ
1272 3005 1370 3058 οὐκ
1399 3004 1530 3075 ἔχει,
1565 3004 1626 3059 τὸ

44 3098 164 3151 υἱὸν
206 3094 462 3166 γενέσθαι
494 3094 629 3148 Θεοῦ
677 3094 815 3167 ὑπὲρ
862 3096 1040 3149 πᾶσαν
1084 3095 1376 3166 εὖκληρίαν
1413 3096 1625 3159 πάντως

1730 1905 1860 1960 dere
1904 1920 1967 1960 ac
1997 1913 2283 1975 penetrare
2314 1906 2397 1960 las
2431 1922 2536 1959 non
2571 1914 2706 1972 erat,
2740 1920 2913 1976 eaque
2936 1902 3138 1960 Sancta
3171 1919 3297 1962 san-

1729 2005 1942 2051 ctorum
1971 1997 2280 2065 dicebatur;
2317 1997 2614 2060 indicante,
2662 1998 2876 2068 Opinor,
2914 1998 3030 2052 bac
3064 1998 3298 2068 amplifi-

1729 2089 1903 2143 cativa
1929 2089 2162 2145 nominis
2197 2088 2539 2152 formatione,
2566 2090 2712 2159 quod
2751 2104 2812 2145 ea
2837 2103 2962 2155 pars
2990 2104 3095 2143 non
3131 2092 3293 2144 etiam

1730 2182 1847 2251 pari
1877 2196 2000 2236 cum
2055 2182 2266 2240 caneris
2318 2181 2631 2237 conditione
2682 2182 2957 2253 particeps
2994 2181 3300 2237 sanctitatis

1729 2280 1896 2334 esset,
1921 2273 2015 2328 sed
2044 2281 2307 2344 quantum
2333 2272 2573 2330 differret
2595 2288 2625 2327 a
2650 2274 2926 2328 communi
2974 2280 3135 2342 atque
3176 2287 3301 2343 pro-

1730 2364 1859 2420 l‘ano
1887 2376 2265 2422 consecratum
2296 2374 2349 2421 et
2382 2373 2653 2431 sanctum,
2695 2372 2847 2419 tanto
2876 2364 2966 2418 illa
2998 2365 3302 2434 parsinac—

1729 2471 1907 2521 cessa,
1950 2472 2127 2527 quove
2153 2455 2303 2511 adire
2331 2470 2393 2511 ac
2425 2464 2713 2527 penetrare
2748 2453 2829 2509 l‘as
2859 2469 2967 2508 non
3004 2460 3141 2516 erat,
3175 2468 3304 2507 san-

1729 2548 1852 2611 etis,
1883 2546 2083 2617 quibus
2108 2545 2443 2602 circumdata
2481 2552 2619 2608 erat,
2672 2545 2880 2601 saerior
2915 2553 2969 2598 et
2999 2544 3186 2613 purior
3211 2557 3304 2596 cs-

1729 2648 1831 2694 set.
1859 2639 1939 2694 Ad
1968 2638 2215 2694 eumdem
2252 2638 2416 2709 igitur
2441 2637 2657 2692 modum
2688 2652 2752 2691 ex
2789 2635 2875 2690 his
2906 2650 3027 2705 quae
3061 2633 3217 2689 nobis
3247 2634 3302 2687 in

1730 2730 1835 2786 hoc
1873 2741 2055 2787 monte
2087 2737 2516 2801 praemonstratze
2565 2736 2693 2785 sunt
2734 2726 3183 2791 beatituulinibus,
3208 2740 3300 2779 ar-

1730 2822 1904 2877 bitror
1936 2837 2037 2891 ego
2067 2820 2250 2876 omnia
2271 2820 2490 2891 quidem
2528 2834 2685 2875 sacra
2712 2833 2776 2873 ac
2798 2825 2992 2872 sancta
3023 2816 3300 2886 sigillatim

1733 2927 2069 2984 quaecunque
2097 2913 2348 2984 superior
2395 2911 2613 2967 divinus
2661 2925 2843 2967 sermo
2886 2906 3193 2977 composuit
3247 2910 3303 2961 et

1738 3006 2022 3065 affirmavit
2053 3024 2067 3061 :
2097 3005 2240 3077 quod
2267 3013 2447 3059 autem
2481 3018 2628 3058 nunc
2662 2998 3106 3070 contemplationi
3140 3007 3304 3067 atque

1730 3097 2177 3153 commcntationi
2207 3097 2544 3167 propositum
2573 3103 2679 3158 est,
2714 3093 2933 3157 ἄδυτον,
2980 3090 3033 3146 id
3066 3097 3173 3154 est,
3213 3090 3303 3144 in-

43 3188 194 3242 ὲστίν
218 3204 236 3220 ·
272 3187 401 3241 ποία
426 3185 535 3258 γὰρ
569 3185 827 3257 ῥημάτων
852 3185 1091 3251 salvom;
1149 3187 1234 3250 τίς
1262 3186 1321 3252 ὲξ
1348 3187 1624 3257 ὀνομάτων

1776 3203 2008 3245 :cessum
2038 3203 2227 3245 revera
2261 3201 2323 3242 ac
2347 3186 2605 3242 Sanctum
2642 3201 2765 3241 esse
2797 3191 3133 3239 εαιιειοτυιη.
3164 3178 3301 3233 Nam

47 3278 299 3350 σημασία
353 3277 454 3346 τῆς
512 3275 841 3348 τηλικαύτης
899 3278 1230 3355 ἐπαγγελίας
1272 3278 1369 3350 τὴν
1423 3279 1629 3349 δωρεὰν

47 3369 411 3441 περιλήψεται
437 3384 451 3432 ;
480 3367 657 3440 Ὅπερ
702 3368 767 3423 ἄν
800 3386 882 3431 τις
923 3371 989 3440 τῇ
1031 3369 1235 3439 διανοίᾳ
1266 3371 1454 3443 νοήσῃ,
1490 3370 1629 3441 ὑπὲρ

47 3462 232 3514 ἐκεῖνο
276 3459 494 3523 πάντως
540 3460 656 3513 ἐστὶ
691 3461 753 3513 τὸ
789 3459 1147 3530 δηλούμενον·
1201 3460 1295 3513 ἐὰν
1328 3460 1549 3528 ἀγαθὸν,
1593 3460 1627 3532 ἢ

49 3552 254 3622 τίμιον,
282 3551 316 3621 ἦ
355 3549 554 3620 ὑψηλὸν
583 3551 857 3622 ὀνομάσῃς
893 3549 954 3602 τὸ
996 3550 1136 3604 κατὰ
1162 3551 1253 3603 τὸν
1282 3550 1630 3621 μακαρισμὸν

48 3641 246 3695 τοῦτον
274 3641 342 3694 δι’
375 3639 705 3709 ἐπαγγελίας
728 3640 1104 3714 προκείμενον,
1131 3640 1291 3693 πλέον
1316 3640 1349 3712 ἢ
1372 3640 1513 3694 κατὰ
1531 3640 1631 3711 τὴν

50 3733 293 3805 ἔμφασιν
320 3732 427 3785 τῶν
449 3733 729 3803 ὀνομάτων
754 3733 867 3786 ἐστὶ
895 3732 955 3785 τὸ
980 3731 1305 3804 δηλούμενον
1331 3749 1343 3762 ·
1372 3733 1511 3804 ὑπὲρ
1544 3733 1632 3784 εὐ-

50 3823 156 3895 χὴν
184 3825 225 3899 ,ἡ
254 3822 539 3894 ἐπιτυχία,
575 3823 715 3894 ὑπὲρ
752 3821 941 3875 ἐλπίδα
988 3822 1051 3874 τὸ
1094 3821 1295 3893 δῶρον,
1351 3822 1489 3895 ὑπὲρ
1533 3822 1631 3893 τὴν

52 3916 223 3986 φύσιν
252 3918 285 3986 ἡ
312 3916 490 3988 χάρις.
517 3917 583 3970 Τί
613 3918 761 3969 ἐστιν
796 3915 1080 3987 ἄνθρωπος
1102 3914 1177 3978 ὡς
1197 3913 1332 3984 πρὸς
1353 3914 1453 3986 τὴν
1484 3912 1631 3966 θείαν

51 4007 221 4076 φύσιν
248 4009 596 4080 κρινόμενοςς
647 4007 804 4071 Τίνος
832 4006 971 4061 εἴπω
999 4006 1107 4061 τῶν
1133 4006 1302 4075 ἁγίων
1330 4005 1533 4077 φωνὴν,
1564 4005 1630 4059 δι’

48 4092 122 4168 ἦς
144 4095 532 4162 ἑξευτελίζεται
561 4096 623 4150 τὸ
647 4094 985 4168 ἀνθρώπινον
1011 4113 1026 4161 ;
1080 4095 1221 4150 κατὰ
1250 4095 1342 4149 τὸν
1381 4094 1633 4166 Ἀϐραὰμ

49 4188 130 4258 γῆ
161 4188 258 4242 καὶ
291 4190 514 4254 σποδός’
556 4189 697 4243 κατὰ
719 4188 810 4241 τὸν
842 4189 1069 4243 Ἡσαΐαν
1095 4187 1315 4259 χόρτος·
1372 4188 1513 4242 κατὰ
1542 4187 1633 4241 τὸν

50 4279 226 4334 Δὰσὶδ
256 4279 375 4333 οὐδὲ
420 4280 631 4351 χόρτος,
681 4278 797 4334 ἀλλ’
826 4281 999 4343 ἐοικὸς
1038 4280 1230 4350 χόρτῳ.
1285 4281 1341 4334 Ὀ
1386 4280 1483 4350 μὲν
1524 4279 1633 4350 γὰρ

50 4373 234 4442 λέγει,
262 4372 435 4427 Πᾶσα
456 4371 612 4441 σὰρξ
640 4375 882 4444 κῆπος⁸
920 4366 1073 4436 οὗτος
1101 4372 1157 4425 δέ
1191 4389 1322 4443 φησι
1342 4389 1356 4403 ·
1390 4373 1634 4439 Ἀνθρω-

53 4481 167 4530 πος
201 4463 343 4518 ὡσεὶ
371 4464 582 4533 χόρτος
605 4482 618 4495 ·
661 4463 802 4518 κατὰ
826 4463 918 4517 τὸν
948 4463 1376 4536 Ἐκκλησιαστὴν
1413 4463 1631 4533 ματαιό-

54 4572 161 4625 της
182 4571 196 4585 ·
245 4553 385 4608 κατὰ
411 4554 503 4607 τὸν
532 4551 763 4619 Παῦλον,
789 4553 1146 4625 ταλαιπωρία.
1192 4549 1287 4616 Οἷς
1311 4553 1417 4624 γὰρ
1443 4552 1634 4605 ἑαυτὸν

54 4648 88 4701 ὁ
129 4644 451 4709 ’Λπόστολος
489 4644 897 4714 κατωνόμασεν,
927 4644 1135 4709 τούτοις
1177 4644 1322 4698 ἅπαν
1364 4644 1641 4696 κατοικτί-

56 4738 307 4805 ζεταιτὸ
336 4737 691 4809 ἀνθρώπινον.
726 4735 909 4791 Ταῦτα
939 4738 967 4790 ὁ
995 4736 1279 4807 ἄνθρωπος
1305 4753 1319 4767 ο
1378 4738 1407 4788 ὁ
1429 4737 1486 4789 δὲ
1511 4736 1641 4800 Θεὸς

61 4832 148 4898 τί;
184 4828 308 4893 Πῶς
333 4829 469 4883 είπω
494 4829 555 4882 τὸ
582 4829 655 4893 τί,
680 4828 707 4882 ὃ
740 4829 873 4899 μήτε
901 4828 1026 4880 ἰδεῖν
1059 4826 1304 4891 δυνατὸν,
1340 4827 1476 4897 μήτε
1501 4829 1636 4897 ἀκοῇ

59 4922 334 4993 χωρῆσαι,
364 4922 504 4992 μήτε
533 4920 729 4992 καρδίᾳ
761 4919 944 4972 λαὸεῖν
969 4935 984 4985 ;
1031 4918 1219 4981 ΙΙοίαις
1246 4912 1449 4988 φωναῖς
1476 4918 1638 4986 ἐξαγ-

59 5013 233 5084 γείλω
260 5011 359 5083 τὴν
384 5011 575 5081 cpiam;
605 5011 670 5064 Τί
701 5010 846 5082 εὕρω
870 5009 961 5063 τοῦ
984 5008 1188 5077 ἀγαθοῦ
1217 5009 1406 5062 τούτου
1439 5010 1496 5062 ὲν
1527 5011 1640 5073 τοῖς

63 5102 492 5173 γινωσκομένοις
520 5102 864 5172 ὑπόδειγμας
917 5101 1082 5163 Ποίας
1108 5103 1485 5170 καινοτομήσω
1527 5117 1642 5170 φω-

66 5196 189 5261 νὰς,
223 5194 359 5265 πρὸς
382 5194 480 5264 τὴν
512 5192 606 5246 τοῦ
635 5192 911 5263 ἀφράστου
940 5209 997 5244 τε
1024 5192 1115 5245 καὶ
1140 5180 1521 5265 ἁνεκφωνήτου
1548 5211 1645 5266 ση-

68 5286 310 5358 μασίαν;
363 5268 606 5339 Ἤκουσα
642 5284 740 5348 τῆς
780 5281 1133 5336 θεοπνεύστου
1165 5283 1387 5354 Γραφῆς
1434 5283 1644 5354 μεγὰλα

66 5380 201 5446 περὶ
234 5377 335 5446 τῆς
368 5373 769 5445 ὑπερκειμένης
804 5372 1017 5443 φύσεως
1048 5372 1349 5442 διεξιούσης
1374 5387 1387 5401 °
1422 5373 1557 5426 ἁλλὰ
1590 5373 1642 5426 τί

67 5468 244 5522 ταῦτα
261 5469 400 5539 πρὸς
416 5466 582 5537 αὐτὴν
613 5466 710 5537 τὴν
735 5465 926 5534 φύσιν;
947 5465 1110 5518 ὐσον
1134 5468 1244 5536 γὰρ
1268 5463 1379 5534 ἐγὼ
1404 5465 1643 5536 ἐχώρουν

65 5557 346 5624 δέξασθαι,
388 5556 636 5609 τοσοῦτον
671 5552 822 5609 εἶπεν
868 5557 898 5607 ὁ
942 5554 1118 5624 λόγος,
1164 5556 1264 5626 οὐχ
1294 5555 1417 5608 ὅσον
1444 5556 1560 5608 ἐστὶ
1582 5555 1643 5608 τὸ

134 5672 393 5728 "Matth.
428 5688 480 5739 ν,
501 5672 551 5730 9.
630 5650 1006 5736 "Gem-svnt,
1046 5670 1136 5724 27.
1214 5670 1257 5703 ‘°
1299 5669 1400 5727 lsa.
1429 5686 1515 5739 ιι,
1553 5673 1606 5727 6.
1684 5673 1726 5705 “
1771 5669 1859 5726 Ps.
1903 5682 2088 5731 xxsvt,
2127 5663 2183 5717 9..

1732 3278 1777 3335 si
1807 3280 1987 3335 videre
2021 3278 2189 3334 Deum
2224 3278 2294 3333 ab
2321 3277 2466 3332 nulla
2503 3292 2562 3331 re
2581 3277 2825 3346 superari
2858 3282 3036 3345 potest
3061 3273 3114 3327 in
3138 3273 3299 3336 bono,

1733 3372 1902 3425 tilium
1959 3369 2054 3425 Dei
2085 3371 2200 3426 fieri
2235 3384 2451 3425 omnem
2494 3370 2654 3439 plane
2689 3376 2913 3438 superat
2945 3364 3303 3423 felicitatemf

1730 3476 1975 3532 quamam
2005 3461 2150 3515 enim
2197 3461 2486 3516 verborum
2518 3458 2847 3528 excogitatio
2876 3496 2891 3520 ,
2944 3473 3192 3526 quamam
3234 3472 3303 3511 ex

1732 3553 2041 3608 nominibus
2071 3552 2304 3608 conﬂata
2341 3550 2667 3621 significatio
2713 3556 2877 3604 tanta:
2918 3550 3303 3619 promissionis

1731 3642 1933 3697 donum
1986 3643 2413 3712 complectetur?
2463 3641 2837 3710 Quodcunque
2897 3639 3341 3725 vehementiorex

1732 3732 1933 3788 mentis
1972 3731 2269 3787 intentione
2303 3733 2501 3804 aliquis
2550 3730 2894 3803 cogitaverit,
2949 3746 3115 3799 supra
3159 3729 3301 3785 illud

1733 3840 1958 3896 prorsus
2003 3832 2087 3880 est
2141 3823 2195 3877 id
2247 3825 2391 3894 quod
2447 3825 2784 3895 significatur
2817 3843 2830 3879 :
2861 3823 2904 3879 si
2957 3823 3182 3888 bonum,
3218 3822 3304 3877 vel

1734 3916 1983 3980 charum,
2027 3923 2081 3971 et
2110 3914 2509 3982 honorandum,
2557 3917 2640 3970 vel
2676 3915 2909 3972 sublime
2936 3914 3305 3969 nominaveris

1735 4008 1786 4064 id
1842 4006 1982 4077 quod
2024 4005 2179 4076 juxta
2230 4005 2620 4061 beatitudinem
2679 4007 2820 4060 hanc
2852 4020 2948 4075 per
2987 4003 3309 4075 promissio-

1734 4112 1856 4153 nem
1878 4095 2211 4167 propositum
2232 4104 2337 4159 est,
2359 4095 2591 4163 amplius
2607 4110 2768 4169 quam
2786 4109 2883 4163 pro
2906 4094 3306 4163 significatione

1736 4187 1949 4242 illorum
1990 4183 2268 4240 nominum
2318 4182 2628 4236 declaratur
2659 4202 2672 4235 :
2703 4189 2925 4250 superat
2962 4187 3144 4236 votum
3170 4196 3303 4250 pro-

1736 4295 1863 4350 sper
1890 4292 2177 4335 successus
2211 4283 2264 4330 et
2291 4272 2521 4328 felicitas
2564 4288 2685 4343 qua:
2713 4272 3072 4340 consequitur
3097 4291 3110 4326 :
3140 4286 3307 4341 supra

1737 4384 1887 4440 spem
1934 4368 2158 4431 donum,
2201 4379 2365 4435 supra
2406 4370 2656 4417 naturam
2693 4364 2864 4432 gratia
2901 4370 3006 4418 est.
3051 4362 3191 4428 Quid
3222 4368 3309 4416 est

1738 4461 1901 4514 homo
1930 4460 1974 4514 si
2001 4473 2125 4513 cum
2159 4455 2340 4510 divina
2379 4460 2573 4509 natura
2598 4454 2986 4523 comparetur?
3014 4454 3305 4524 cujusnam

1739 4557 2053 4606 sanctorum
2086 4546 2354 4619 proferam
2393 4559 2599 4609 vocem,
2659 4559 2754 4614 per
2804 4559 2968 4616 quam
3002 4561 3173 4615 genus
3206 4545 3310 4598 bu-

1739 4655 1960 4694 manum
1995 4637 2358 4693 extenuatur?
2406 4635 2705 4690 secundum
2753 4634 3123 4691 Abrabamum
3166 4645 3311 4690 terra

1737 4746 1802 4787 ac
1848 4731 2048 4786 cinis”
2082 4748 2096 4797 ;
2134 4728 2433 4785 secundum
2487 4726 2686 4782 Isaiam
2738 4729 2967 4794 fenum;
3008 4727 3310 4782 secundum

1739 4821 1995 4876 Davidem
2045 4838 2113 4875 ne
2170 4821 2350 4876 fenmn
2385 4818 2628 4889 quidem,
2676 4819 2771 4875 sed
2820 4818 2999 4873 simile
3030 4817 3154 4872 feno
3203 4823 3313 4872 est.

1738 4912 1872 4967 Nam
1895 4914 1985 4969 ille
2011 4911 2228 4983 quidem
2271 4911 2405 4969 dicit
2441 4930 2455 4967 :
2495 4910 2678 4967 Omnis
2708 4925 2833 4964 caro
2866 4908 3042 4978 fenum
3073 4909 3117 4939 '°
3146 4923 3161 4972 ;
3217 4905 3310 4960 hic

1738 5018 1868 5057 vero
1899 5004 1973 5057 ait
2005 5023 2017 5057 :
2050 5002 2220 5058 llomo
2252 5003 2406 5073 quasi
2433 5002 2670 5070 fenum“
2700 5019 2714 5068 ;
2762 4998 3061 5055 secundum
3117 4996 3305 5052 Eccle-

1741 5095 1985 5161 siastem,
2004 5095 2219 5149 vanitas
2233 5096 2277 5127 "
2303 5094 2634 5162 ;secundum
2647 5093 2876 5147 Paulum
2905 5091 3125 5145 miseria
3148 5087 3310 5145 est".

1741 5187 1950 5255 Quibus
1984 5186 2129 5243 enim
2165 5187 2403 5256 seipsmn
2434 5186 2730 5256 Apostolus
2764 5182 2946 5239 verbis
2976 5180 3315 5248 denominat,

1746 5275 1847 5335 his'
1875 5277 2193 5333 universum
2244 5292 2420 5346 genus
2478 5277 2776 5331 humanum
2826 5275 3136 5329 miseratur.
3190 5269 3318 5327 Haec

1749 5372 1912 5427 homo
1953 5387 1968 5422 :
2017 5367 2161 5422 Deus
2207 5375 2387 5421 autem
2435 5368 2567 5436 quid
2622 5368 2745 5422 est?
2800 5364 3083 5433 Quomodo
3136 5363 3315 5418 dicam

1748 5464 1901 5535 quid,
1932 5461 2090 5533 cujus
2115 5475 2182 5514 ne
2210 5458 2426 5513 videndi
2471 5458 2711 5528 quidem,
2739 5474 2841 5515 nec
2882 5458 3107 5513 atn'ibus
3145 5454 3317 5527 perci-

1750 5555 1953 5626 piendi,
1984 5565 2159 5621 neque
2192 5538 2357 5604 corde
2396 5547 2891 5617 comprehendendi
2928 5556 3169 5618 potestas
3194 5542 3321 5601 est!

2262 5662 2309 5695 "
2350 5660 2528 5717 Eccle.
2558 5674 2597 5726 I,
2637 5660 2692 5713 Ξ.
2771 5659 2816 5691 ⁸³
2849 5658 2870 5713 Ι
2909 5658 3035 5716 Cor.
3075 5673 3163 5721 xv,
3188 5653 3277 5714 l9.
