  <div class='ocr_page' id='page_1' title='image "/cluster/home/n/w/nwhite01/storage/ocr_20150623/44/mdp.39015011915454/647.png"; bbox 0 0 3696 5986; ppageno 0'>
   <div class='ocr_carea' id='block_1_1' title="bbox 349 232 501 313">
    <p class='ocr_par' dir='ltr' id='par_1_1' title="bbox 349 232 501 313">
     <span class='ocr_line' id='line_1_1' title="bbox 349 232 501 313; baseline 0.007 -24"><span class='ocrx_word' id='word_1_1' title='bbox 349 232 501 313; x_wconf 52' lang='grc'><strong>1279,</strong></span> 
     </span>
    </p>
   </div>
   <div class='ocr_carea' id='block_1_2' title="bbox 1592 230 2342 289">
    <p class='ocr_par' dir='ltr' id='par_1_2' title="bbox 1592 230 2342 289">
     <span class='ocr_line' id='line_1_2' title="bbox 1592 230 2342 289; baseline -0.003 -2"><span class='ocrx_word' id='word_1_2' title='bbox 1592 233 1646 287; x_wconf 85' lang='lat' dir='ltr'><strong>S.</strong></span> <span class='ocrx_word' id='word_1_3' title='bbox 1688 231 2013 289; x_wconf 70' lang='lat' dir='ltr'><strong>Gl&#39;tEGORIl</strong></span> <span class='ocrx_word' id='word_1_4' title='bbox 2046 232 2088 286; x_wconf 81' lang='grc' dir='ltr'><strong>Ν</strong></span> <span class='ocrx_word' id='word_1_5' title='bbox 2101 230 2342 287; x_wconf 71' lang='lat' dir='ltr'><strong>YSSEM</strong></span> 
     </span>
    </p>
   </div>
   <div class='ocr_carea' id='block_1_3' title="bbox 3458 230 3615 287">
    <p class='ocr_par' dir='ltr' id='par_1_3' title="bbox 3458 230 3615 287">
     <span class='ocr_line' id='line_1_3' title="bbox 3458 230 3615 287; baseline 0.013 -2"><span class='ocrx_word' id='word_1_6' title='bbox 3458 230 3615 287; x_wconf 70' lang='grc' dir='ltr'>ιεεο</span> 
     </span>
    </p>
   </div>
   <div class='ocr_carea' id='block_1_4' title="bbox 350 344 1809 429">
    <p class='ocr_par' dir='ltr' id='par_1_4' title="bbox 350 348 1809 422">
     <span class='ocr_line' id='line_1_4' title="bbox 350 348 1809 422; baseline 0 -20"><span class='ocrx_word' id='word_1_7' title='bbox 350 351 546 422; x_wconf 82' lang='lat' dir='ltr'><strong>quibus</strong></span> <span class='ocrx_word' id='word_1_8' title='bbox 582 348 808 404; x_wconf 82' lang='lat' dir='ltr'><strong>vocibus</strong></span> <span class='ocrx_word' id='word_1_9' title='bbox 841 349 1157 413; x_wconf 73' lang='lat' dir='ltr'><strong>enuntiabo</strong></span> <span class='ocrx_word' id='word_1_10' title='bbox 1182 402 1183 405; x_wconf 44' lang='grc' dir='ltr'><strong>η</strong></span> <span class='ocrx_word' id='word_1_11' title='bbox 1211 350 1501 404; x_wconf 84' lang='lat' dir='ltr'><strong>naturam?</strong></span> <span class='ocrx_word' id='word_1_12' title='bbox 1554 349 1699 417; x_wconf 88' lang='lat' dir='ltr'><strong>quod</strong></span> <span class='ocrx_word' id='word_1_13' title='bbox 1748 350 1809 403; x_wconf 82' lang='lat' dir='ltr'><strong>hu</strong></span> 
     </span>
    </p>
   </div>
   <div class='ocr_carea' id='block_1_5' title="bbox 2159 344 3618 429">
    <p class='ocr_par' dir='ltr' id='par_1_5' title="bbox 2159 344 3618 418">
     <span class='ocr_line' id='line_1_5' title="bbox 2159 344 3618 418; baseline -0.001 -17"><span class='ocrx_word' id='word_1_14' title='bbox 2159 348 2358 418; x_wconf 71' lang='grc' dir='ltr'>ἱμενον.</span> <span class='ocrx_word' id='word_1_15' title='bbox 2423 348 2510 408; x_wconf 83' lang='grc' dir='ltr'>Ὠς</span> <span class='ocrx_word' id='word_1_16' title='bbox 2541 346 2650 417; x_wconf 73' lang='grc' dir='ltr'><strong>γὰρ</strong></span> <span class='ocrx_word' id='word_1_17' title='bbox 2686 347 2734 399; x_wconf 78' lang='grc' dir='ltr'>οἱ</span> <span class='ocrx_word' id='word_1_18' title='bbox 2775 344 3131 409; x_wconf 44' lang='grc' dir='ltr'>ἀναπνέοντλες</span> <span class='ocrx_word' id='word_1_19' title='bbox 3159 346 3251 400; x_wconf 75' lang='grc' dir='ltr'>τὸν</span> <span class='ocrx_word' id='word_1_20' title='bbox 3274 345 3423 414; x_wconf 73' lang='grc' dir='ltr'>ἀέρα</span> <span class='ocrx_word' id='word_1_21' title='bbox 3460 349 3618 400; x_wconf 61' lang='grc' dir='ltr'>κατὰ</span> 
     </span>
    </p>
   </div>
   <div class='ocr_carea' id='block_1_6' title="bbox 346 440 1911 517">
    <p class='ocr_par' dir='ltr' id='par_1_6' title="bbox 346 440 1911 517">
     <span class='ocr_line' id='line_1_6' title="bbox 346 440 1911 517; baseline -0.001 -22"><span class='ocrx_word' id='word_1_22' title='bbox 346 440 648 517; x_wconf 50' lang='grc' dir='ltr'><strong>ὺοιιῇἱηιθι*</strong></span> <span class='ocrx_word' id='word_1_23' title='bbox 706 455 771 494; x_wconf 87' lang='lat' dir='ltr'><strong>ea</strong></span> <span class='ocrx_word' id='word_1_24' title='bbox 812 456 934 510; x_wconf 74' lang='lat' dir='ltr'><strong>qua:</strong></span> <span class='ocrx_word' id='word_1_25' title='bbox 970 448 1099 493; x_wconf 91' lang='lat' dir='ltr'><strong>nota</strong></span> <span class='ocrx_word' id='word_1_26' title='bbox 1136 449 1263 496; x_wconf 91' lang='lat' dir='ltr'><strong>sunt</strong></span> <span class='ocrx_word' id='word_1_27' title='bbox 1300 441 1577 508; x_wconf 81' lang='lat' dir='ltr'><strong>exemplar</strong></span> <span class='ocrx_word' id='word_1_28' title='bbox 1622 447 1676 495; x_wconf 90' lang='lat' dir='ltr'><strong>et</strong></span> <span class='ocrx_word' id='word_1_29' title='bbox 1718 441 1911 495; x_wconf 90' lang='lat' dir='ltr'><strong>simili-</strong></span> 
     </span>
    </p>
   </div>
   <div class='ocr_carea' id='block_1_7' title="bbox 345 529 1911 601">
    <p class='ocr_par' dir='ltr' id='par_1_7' title="bbox 345 529 1911 601">
     <span class='ocr_line' id='line_1_7' title="bbox 345 529 1911 601; baseline 0.001 -18"><span class='ocrx_word' id='word_1_30' title='bbox 345 529 590 584; x_wconf 81' lang='lat' dir='ltr'><strong>tudinem</strong></span> <span class='ocrx_word' id='word_1_31' title='bbox 632 529 941 593; x_wconf 75' lang='lat' dir='ltr'><strong>inreniam?</strong></span> <span class='ocrx_word' id='word_1_32' title='bbox 987 545 1125 601; x_wconf 89' lang='lat' dir='ltr'><strong>quas</strong></span> <span class='ocrx_word' id='word_1_33' title='bbox 1163 547 1331 584; x_wconf 82' lang='lat' dir='ltr'><strong>novas</strong></span> <span class='ocrx_word' id='word_1_34' title='bbox 1358 530 1605 585; x_wconf 78' lang='lat' dir='ltr'><strong>formabo</strong></span> <span class='ocrx_word' id='word_1_35' title='bbox 1648 547 1809 587; x_wconf 72' lang='lat' dir='ltr'><strong>voces</strong></span> <span class='ocrx_word' id='word_1_36' title='bbox 1842 530 1911 584; x_wconf 88' lang='lat' dir='ltr'><strong>ad</strong></span> 
     </span>
    </p>
   </div>
   <div class='ocr_carea' id='block_1_8' title="bbox 347 620 1910 693">
    <p class='ocr_par' dir='ltr' id='par_1_8' title="bbox 347 620 1910 693">
     <span class='ocr_line' id='line_1_8' title="bbox 347 620 1910 693; baseline 0.001 -19"><span class='ocrx_word' id='word_1_37' title='bbox 347 620 763 690; x_wconf 84' lang='lat' dir='ltr'><strong>signiﬁcandum</strong></span> <span class='ocrx_word' id='word_1_38' title='bbox 818 622 868 677; x_wconf 92' lang='lat' dir='ltr'><strong>id</strong></span> <span class='ocrx_word' id='word_1_39' title='bbox 932 622 1077 693; x_wconf 89' lang='lat' dir='ltr'><strong>quod</strong></span> <span class='ocrx_word' id='word_1_40' title='bbox 1120 629 1173 676; x_wconf 83' lang='lat' dir='ltr'><strong>et</strong></span> <span class='ocrx_word' id='word_1_41' title='bbox 1208 621 1482 677; x_wconf 79' lang='lat' dir='ltr'><strong>inelTabile</strong></span> <span class='ocrx_word' id='word_1_42' title='bbox 1522 631 1574 676; x_wconf 88' lang='lat' dir='ltr'><strong>et</strong></span> <span class='ocrx_word' id='word_1_43' title='bbox 1609 622 1910 691; x_wconf 80' lang='lat' dir='ltr'><strong>inexplica-</strong></span> 
     </span>
    </p>
   </div>
   <div class='ocr_carea' id='block_1_9' title="bbox 345 711 1911 783">
    <p class='ocr_par' dir='ltr' id='par_1_9' title="bbox 345 711 1911 783">
     <span class='ocr_line' id='line_1_9' title="bbox 345 711 1911 783; baseline 0.001 -18"><span class='ocrx_word' id='word_1_44' title='bbox 345 711 452 765; x_wconf 85' lang='lat' dir='ltr'><strong>bile</strong></span> <span class='ocrx_word' id='word_1_45' title='bbox 480 712 604 765; x_wconf 82' lang='lat' dir='ltr'><strong>est?</strong></span> <span class='ocrx_word' id='word_1_46' title='bbox 647 712 842 768; x_wconf 83' lang='lat' dir='ltr'><strong>Audivi</strong></span> <span class='ocrx_word' id='word_1_47' title='bbox 896 713 1135 769; x_wconf 80' lang='lat' dir='ltr'><strong>divina-.n</strong></span> <span class='ocrx_word' id='word_1_48' title='bbox 1195 713 1533 782; x_wconf 87' lang='lat' dir='ltr'><strong>Scripturam</strong></span> <span class='ocrx_word' id='word_1_49' title='bbox 1595 728 1788 783; x_wconf 84' lang='lat' dir='ltr'><strong>magna</strong></span> <span class='ocrx_word' id='word_1_50' title='bbox 1843 712 1911 768; x_wconf 89' lang='lat' dir='ltr'><strong>de</strong></span> 
     </span>
    </p>
   </div>
   <div class='ocr_carea' id='block_1_10' title="bbox 346 802 1909 883">
    <p class='ocr_par' dir='ltr' id='par_1_10' title="bbox 346 802 1909 883">
     <span class='ocr_line' id='line_1_10' title="bbox 346 802 1909 883; baseline 0.002 -30"><span class='ocrx_word' id='word_1_51' title='bbox 346 816 581 869; x_wconf 89' lang='lat' dir='ltr'><strong>superna</strong></span> <span class='ocrx_word' id='word_1_52' title='bbox 624 813 819 856; x_wconf 88' lang='lat' dir='ltr'><strong>natura</strong></span> <span class='ocrx_word' id='word_1_53' title='bbox 870 811 1256 883; x_wconf 76' lang='lat' dir='ltr'><strong>exponentem,</strong></span> <span class='ocrx_word' id='word_1_54' title='bbox 1323 802 1418 857; x_wconf 89' lang='lat' dir='ltr'><strong>sed</strong></span> <span class='ocrx_word' id='word_1_55' title='bbox 1469 803 1599 872; x_wconf 92' lang='lat' dir='ltr'><strong>quid</strong></span> <span class='ocrx_word' id='word_1_56' title='bbox 1673 804 1785 858; x_wconf 73' lang='lat' dir='ltr'><strong>hmo</strong></span> <span class='ocrx_word' id='word_1_57' title='bbox 1841 802 1909 856; x_wconf 89' lang='lat' dir='ltr'><strong>ad</strong></span> 
     </span>
    </p>
   </div>
   <div class='ocr_carea' id='block_1_11' title="bbox 345 890 1914 964">
    <p class='ocr_par' dir='ltr' id='par_1_11' title="bbox 345 890 1914 964">
     <span class='ocr_line' id='line_1_11' title="bbox 345 890 1914 964; baseline 0.003 -22"><span class='ocrx_word' id='word_1_58' title='bbox 345 890 515 959; x_wconf 86' lang='lat' dir='ltr'><strong>ipsam</strong></span> <span class='ocrx_word' id='word_1_59' title='bbox 552 895 841 948; x_wconf 85' lang='lat' dir='ltr'><strong>naturam?</strong></span> <span class='ocrx_word' id='word_1_60' title='bbox 868 896 1143 960; x_wconf 81' lang='lat' dir='ltr'><strong>Quantum</strong></span> <span class='ocrx_word' id='word_1_61' title='bbox 1179 895 1324 949; x_wconf 91' lang='lat' dir='ltr'><strong>enim</strong></span> <span class='ocrx_word' id='word_1_62' title='bbox 1379 910 1480 964; x_wconf 87' lang='lat' dir='ltr'><strong>ego</strong></span> <span class='ocrx_word' id='word_1_63' title='bbox 1522 902 1767 964; x_wconf 86' lang='lat' dir='ltr'><strong>poteram</strong></span> <span class='ocrx_word' id='word_1_64' title='bbox 1821 908 1914 947; x_wconf 85' lang='lat' dir='ltr'><strong>ca-</strong></span> 
     </span>
    </p>
   </div>
   <div class='ocr_carea' id='block_1_12' title="bbox 345 985 1910 1055">
    <p class='ocr_par' dir='ltr' id='par_1_12' title="bbox 345 985 1910 1055">
     <span class='ocr_line' id='line_1_12' title="bbox 345 985 1910 1055; baseline 0.003 -21"><span class='ocrx_word' id='word_1_65' title='bbox 345 996 491 1050; x_wconf 81' lang='lat' dir='ltr'><strong>pere,</strong></span> <span class='ocrx_word' id='word_1_66' title='bbox 531 991 739 1038; x_wconf 86' lang='lat' dir='ltr'><strong>tantum</strong></span> <span class='ocrx_word' id='word_1_67' title='bbox 779 985 1063 1055; x_wconf 76' lang='lat' dir='ltr'><strong>Scriptura</strong></span> <span class='ocrx_word' id='word_1_68' title='bbox 1110 987 1270 1048; x_wconf 79' lang='lat' dir='ltr'><strong>dixit,</strong></span> <span class='ocrx_word' id='word_1_69' title='bbox 1315 1002 1422 1039; x_wconf 93' lang='lat' dir='ltr'><strong>non</strong></span> <span class='ocrx_word' id='word_1_70' title='bbox 1455 997 1719 1055; x_wconf 84' lang='lat' dir='ltr'><strong>quantum</strong></span> <span class='ocrx_word' id='word_1_71' title='bbox 1745 995 1830 1040; x_wconf 90' lang='lat' dir='ltr'><strong>est</strong></span> <span class='ocrx_word' id='word_1_72' title='bbox 1858 986 1910 1039; x_wconf 88' lang='lat' dir='ltr'><strong>id</strong></span> 
     </span>
    </p>
   </div>
   <div class='ocr_carea' id='block_1_13' title="bbox 345 1075 1911 1145">
    <p class='ocr_par' dir='ltr' id='par_1_13' title="bbox 345 1075 1911 1145">
     <span class='ocr_line' id='line_1_13' title="bbox 345 1075 1911 1145; baseline 0.004 -22"><span class='ocrx_word' id='word_1_73' title='bbox 345 1075 490 1139; x_wconf 88' lang='lat' dir='ltr'><strong>quod</strong></span> <span class='ocrx_word' id='word_1_74' title='bbox 520 1075 878 1144; x_wconf 77' lang='lat' dir='ltr'><strong>signiﬁcatur.</strong></span> <span class='ocrx_word' id='word_1_75' title='bbox 908 1076 973 1132; x_wconf 86' lang='lat' dir='ltr'><strong>Ut</strong></span> <span class='ocrx_word' id='word_1_76' title='bbox 1026 1077 1168 1132; x_wconf 90' lang='lat' dir='ltr'><strong>enim</strong></span> <span class='ocrx_word' id='word_1_77' title='bbox 1205 1092 1391 1131; x_wconf 85' lang='lat' dir='ltr'><strong>eorum</strong></span> <span class='ocrx_word' id='word_1_78' title='bbox 1443 1078 1532 1144; x_wconf 88' lang='lat' dir='ltr'><strong>qui</strong></span> <span class='ocrx_word' id='word_1_79' title='bbox 1586 1076 1911 1145; x_wconf 83' lang='lat' dir='ltr'><strong>respirando</strong></span> 
     </span>
    </p>
   </div>
   <div class='ocr_carea' id='block_1_14' title="bbox 345 1166 1912 1249">
    <p class='ocr_par' dir='ltr' id='par_1_14' title="bbox 345 1166 1912 1249">
     <span class='ocr_line' id='line_1_14' title="bbox 345 1166 1912 1249; baseline 0.003 -33"><span class='ocrx_word' id='word_1_80' title='bbox 345 1178 525 1220; x_wconf 81' lang='lat' dir='ltr'><strong>aerem</strong></span> <span class='ocrx_word' id='word_1_81' title='bbox 562 1166 629 1220; x_wconf 88' lang='lat' dir='ltr'><strong>ad</strong></span> <span class='ocrx_word' id='word_1_82' title='bbox 661 1183 720 1223; x_wconf 91' lang='lat' dir='ltr'><strong>se</strong></span> <span class='ocrx_word' id='word_1_83' title='bbox 754 1169 997 1233; x_wconf 87' lang='lat' dir='ltr'><strong>trahunt,</strong></span> <span class='ocrx_word' id='word_1_84' title='bbox 1040 1169 1272 1239; x_wconf 90' lang='lat' dir='ltr'><strong>quisque</strong></span> <span class='ocrx_word' id='word_1_85' title='bbox 1300 1183 1397 1238; x_wconf 90' lang='lat' dir='ltr'><strong>pro</strong></span> <span class='ocrx_word' id='word_1_86' title='bbox 1443 1183 1518 1222; x_wconf 82' lang='lat' dir='ltr'><strong>ea.</strong></span> <span class='ocrx_word' id='word_1_87' title='bbox 1556 1184 1677 1237; x_wconf 80' lang='lat' dir='ltr'><strong>qua:</strong></span> <span class='ocrx_word' id='word_1_88' title='bbox 1710 1168 1764 1220; x_wconf 91' lang='lat' dir='ltr'><strong>in</strong></span> <span class='ocrx_word' id='word_1_89' title='bbox 1792 1168 1912 1249; x_wconf 84' lang='lat' dir='ltr'><strong>ipso</strong></span> 
     </span>
    </p>
   </div>
   <div class='ocr_carea' id='block_1_15' title="bbox 345 1252 1951 1339">
    <p class='ocr_par' dir='ltr' id='par_1_15' title="bbox 345 1252 1951 1339">
     <span class='ocr_line' id='line_1_15' title="bbox 345 1252 1951 1339; baseline 0.002 -28"><span class='ocrx_word' id='word_1_90' title='bbox 345 1266 429 1312; x_wconf 88' lang='lat' dir='ltr'><strong>est</strong></span> <span class='ocrx_word' id='word_1_91' title='bbox 480 1260 802 1329; x_wconf 82' lang='lat' dir='ltr'><strong>caparitate,</strong></span> <span class='ocrx_word' id='word_1_92' title='bbox 841 1262 982 1317; x_wconf 87' lang='lat' dir='ltr'><strong>alius</strong></span> <span class='ocrx_word' id='word_1_93' title='bbox 1017 1262 1157 1333; x_wconf 90' lang='lat' dir='ltr'><strong>plus,</strong></span> <span class='ocrx_word' id='word_1_94' title='bbox 1209 1260 1351 1315; x_wconf 87' lang='lat' dir='ltr'><strong>alius</strong></span> <span class='ocrx_word' id='word_1_95' title='bbox 1397 1276 1527 1315; x_wconf 93' lang='lat' dir='ltr'><strong>vero</strong></span> <span class='ocrx_word' id='word_1_96' title='bbox 1558 1261 1739 1339; x_wconf 85' lang='lat' dir='ltr'><strong>minus</strong></span> <span class='ocrx_word' id='word_1_97' title='bbox 1769 1252 1951 1315; x_wconf 53' lang='lat' dir='ltr'><strong>aeris‘</strong></span> 
     </span>
    </p>
   </div>
   <div class='ocr_carea' id='block_1_16' title="bbox 346 1349 1913 1422">
    <p class='ocr_par' dir='ltr' id='par_1_16' title="bbox 346 1349 1913 1422">
     <span class='ocr_line' id='line_1_16' title="bbox 346 1349 1913 1422; baseline 0.003 -23"><span class='ocrx_word' id='word_1_98' title='bbox 346 1349 597 1413; x_wconf 76' lang='lat' dir='ltr'><strong>assumit,</strong></span> <span class='ocrx_word' id='word_1_99' title='bbox 651 1365 762 1405; x_wconf 92' lang='lat' dir='ltr'><strong>non</strong></span> <span class='ocrx_word' id='word_1_100' title='bbox 793 1359 973 1406; x_wconf 78' lang='lat' dir='ltr'><strong>tamen</strong></span> <span class='ocrx_word' id='word_1_101' title='bbox 1027 1352 1074 1408; x_wconf 90' lang='lat' dir='ltr'><strong>is</strong></span> <span class='ocrx_word' id='word_1_102' title='bbox 1123 1350 1215 1422; x_wconf 91' lang='lat' dir='ltr'><strong>qui</strong></span> <span class='ocrx_word' id='word_1_103' title='bbox 1245 1353 1476 1406; x_wconf 90' lang='lat' dir='ltr'><strong>multum</strong></span> <span class='ocrx_word' id='word_1_104' title='bbox 1514 1351 1566 1405; x_wconf 92' lang='lat' dir='ltr'><strong>in</strong></span> <span class='ocrx_word' id='word_1_105' title='bbox 1599 1367 1659 1406; x_wconf 88' lang='lat' dir='ltr'><strong>se</strong></span> <span class='ocrx_word' id='word_1_106' title='bbox 1705 1350 1913 1407; x_wconf 88' lang='lat' dir='ltr'><strong>detinet</strong></span> 
     </span>
    </p>
   </div>
   <div class='ocr_carea' id='block_1_17' title="bbox 346 1426 1915 1512">
    <p class='ocr_par' dir='ltr' id='par_1_17' title="bbox 346 1426 1915 1512">
     <span class='ocr_line' id='line_1_17' title="bbox 346 1426 1915 1512; baseline 0.004 -22"><span class='ocrx_word' id='word_1_107' title='bbox 346 1453 550 1504; x_wconf 89' lang='lat' dir='ltr'><strong>aerem,</strong></span> <span class='ocrx_word' id='word_1_108' title='bbox 584 1448 757 1495; x_wconf 89' lang='lat' dir='ltr'><strong>totum</strong></span> <span class='ocrx_word' id='word_1_109' title='bbox 780 1443 924 1509; x_wconf 81' lang='lat' dir='ltr'><strong>intra</strong></span> <span class='ocrx_word' id='word_1_110' title='bbox 964 1459 1086 1499; x_wconf 86' lang='lat' dir='ltr'><strong>sese</strong></span> <span class='ocrx_word' id='word_1_111' title='bbox 1120 1426 1450 1503; x_wconf 81' lang='lat' dir='ltr'><strong>elementum</strong></span> <span class='ocrx_word' id='word_1_112' title='bbox 1477 1443 1708 1512; x_wconf 90' lang='lat' dir='ltr'><strong>redegit,</strong></span> <span class='ocrx_word' id='word_1_113' title='bbox 1738 1443 1831 1499; x_wconf 86' lang='lat' dir='ltr'><strong>sed</strong></span> <span class='ocrx_word' id='word_1_114' title='bbox 1859 1450 1915 1498; x_wconf 90' lang='lat' dir='ltr'><strong>et</strong></span> 
     </span>
    </p>
   </div>
   <div class='ocr_carea' id='block_1_18' title="bbox 346 1527 1913 1603">
    <p class='ocr_par' dir='ltr' id='par_1_18' title="bbox 346 1527 1913 1603">
     <span class='ocr_line' id='line_1_18' title="bbox 346 1527 1913 1603; baseline 0.005 -23"><span class='ocrx_word' id='word_1_115' title='bbox 346 1527 394 1581; x_wconf 91' lang='lat' dir='ltr'><strong>is</strong></span> <span class='ocrx_word' id='word_1_116' title='bbox 419 1544 482 1583; x_wconf 82' lang='lat' dir='ltr'><strong>cx</strong></span> <span class='ocrx_word' id='word_1_117' title='bbox 515 1537 628 1586; x_wconf 86' lang='lat' dir='ltr'><strong>toto</strong></span> <span class='ocrx_word' id='word_1_118' title='bbox 648 1541 911 1602; x_wconf 90' lang='lat' dir='ltr'><strong>quantum</strong></span> <span class='ocrx_word' id='word_1_119' title='bbox 942 1543 1155 1603; x_wconf 81' lang='lat' dir='ltr'><strong>poterat</strong></span> <span class='ocrx_word' id='word_1_120' title='bbox 1202 1534 1456 1603; x_wconf 87' lang='lat' dir='ltr'><strong>sumpsit,</strong></span> <span class='ocrx_word' id='word_1_121' title='bbox 1510 1543 1566 1589; x_wconf 92' lang='lat' dir='ltr'><strong>et</strong></span> <span class='ocrx_word' id='word_1_122' title='bbox 1590 1542 1763 1588; x_wconf 91' lang='lat' dir='ltr'><strong>totum</strong></span> <span class='ocrx_word' id='word_1_123' title='bbox 1803 1549 1913 1588; x_wconf 89' lang='lat' dir='ltr'><strong>non</strong></span> 
     </span>
    </p>
   </div>
   <div class='ocr_carea' id='block_1_19' title="bbox 348 1619 1916 1695">
    <p class='ocr_par' dir='ltr' id='par_1_19' title="bbox 348 1619 1916 1695">
     <span class='ocr_line' id='line_1_19' title="bbox 348 1619 1916 1695; baseline 0.004 -24"><span class='ocrx_word' id='word_1_124' title='bbox 348 1619 653 1676; x_wconf 83' lang='lat' dir='ltr'><strong>habetzita</strong></span> <span class='ocrx_word' id='word_1_125' title='bbox 701 1632 902 1679; x_wconf 71' lang='lat' dir='ltr'><strong>sanetae</strong></span> <span class='ocrx_word' id='word_1_126' title='bbox 930 1640 1148 1695; x_wconf 92' lang='lat' dir='ltr'><strong>quoque</strong></span> <span class='ocrx_word' id='word_1_127' title='bbox 1195 1624 1493 1695; x_wconf 72' lang='lat' dir='ltr'><strong>Scriptura:</strong></span> <span class='ocrx_word' id='word_1_128' title='bbox 1546 1625 1614 1680; x_wconf 93' lang='lat' dir='ltr'><strong>de</strong></span> <span class='ocrx_word' id='word_1_129' title='bbox 1659 1624 1770 1680; x_wconf 91' lang='lat' dir='ltr'><strong>Deo</strong></span> <span class='ocrx_word' id='word_1_130' title='bbox 1799 1640 1916 1680; x_wconf 84' lang='lat' dir='ltr'><strong>ser—</strong></span> 
     </span>
    </p>
   </div>
   <div class='ocr_carea' id='block_1_20' title="bbox 2019 436 3625 510">
    <p class='ocr_par' dir='ltr' id='par_1_20' title="bbox 2019 436 3625 510">
     <span class='ocr_line' id='line_1_20' title="bbox 2019 436 3625 510; baseline -0.002 -19"><span class='ocrx_word' id='word_1_131' title='bbox 2019 439 2114 509; x_wconf 81' lang='grc' dir='ltr'>τὴν</span> <span class='ocrx_word' id='word_1_132' title='bbox 2151 440 2208 491; x_wconf 83' lang='grc' dir='ltr'>ἐν</span> <span class='ocrx_word' id='word_1_133' title='bbox 2245 437 2422 507; x_wconf 77' lang='grc' dir='ltr'>ἑαυτῷ</span> <span class='ocrx_word' id='word_1_134' title='bbox 2458 437 2684 501; x_wconf 73' lang='grc' dir='ltr'>ἕκαστος</span> <span class='ocrx_word' id='word_1_135' title='bbox 2717 439 3137 510; x_wconf 73' lang='grc' dir='ltr'>εὐρυχωρίαν,’ό</span> <span class='ocrx_word' id='word_1_136' title='bbox 3179 436 3280 507; x_wconf 83' lang='grc' dir='ltr'><strong>μὲν</strong></span> <span class='ocrx_word' id='word_1_137' title='bbox 3318 437 3542 496; x_wconf 80' lang='grc' dir='ltr'>πλεῖον.</span> <span class='ocrx_word' id='word_1_138' title='bbox 3594 437 3625 489; x_wconf 79' lang='grc' dir='ltr'><strong>ό</strong></span> 
     </span>
    </p>
   </div>
   <div class='ocr_carea' id='block_1_21' title="bbox 2019 526 3626 597">
    <p class='ocr_par' dir='ltr' id='par_1_21' title="bbox 2019 526 3626 597">
     <span class='ocr_line' id='line_1_21' title="bbox 2019 526 3626 597; baseline -0.002 -17"><span class='ocrx_word' id='word_1_139' title='bbox 2019 527 2074 581; x_wconf 82' lang='grc' dir='ltr'>δὲ</span> <span class='ocrx_word' id='word_1_140' title='bbox 2100 527 2317 581; x_wconf 76' lang='grc' dir='ltr'>ἔλαττον</span> <span class='ocrx_word' id='word_1_141' title='bbox 2352 526 2445 580; x_wconf 80' lang='grc' dir='ltr'>τοῦ</span> <span class='ocrx_word' id='word_1_142' title='bbox 2476 527 2639 597; x_wconf 40' lang='grc' dir='ltr'>-ἁέρος</span> <span class='ocrx_word' id='word_1_143' title='bbox 2678 527 2938 581; x_wconf 78' lang='grc' dir='ltr'>ἀνέλαϐεν</span> <span class='ocrx_word' id='word_1_144' title='bbox 2962 545 2974 559; x_wconf 91' lang='grc'><strong>·</strong></span> <span class='ocrx_word' id='word_1_145' title='bbox 3017 528 3079 580; x_wconf 78' lang='grc' dir='ltr'>οὐ</span> <span class='ocrx_word' id='word_1_146' title='bbox 3114 527 3221 597; x_wconf 80' lang='grc' dir='ltr'><strong>μὴν</strong></span> <span class='ocrx_word' id='word_1_147' title='bbox 3262 529 3292 580; x_wconf 86' lang='grc' dir='ltr'><strong>ὁ</strong></span> <span class='ocrx_word' id='word_1_148' title='bbox 3336 527 3520 581; x_wconf 75' lang='grc' dir='ltr'>πολὺν</span> <span class='ocrx_word' id='word_1_149' title='bbox 3564 529 3626 580; x_wconf 78' lang='grc' dir='ltr'>ἐν</span> 
     </span>
    </p>
   </div>
   <div class='ocr_carea' id='block_1_22' title="bbox 2019 617 3628 689">
    <p class='ocr_par' dir='ltr' id='par_1_22' title="bbox 2019 617 3628 689">
     <span class='ocr_line' id='line_1_22' title="bbox 2019 617 3628 689; baseline 0.001 -19"><span class='ocrx_word' id='word_1_150' title='bbox 2019 617 2198 688; x_wconf 79' lang='grc' dir='ltr'>ἑαυτῷ</span> <span class='ocrx_word' id='word_1_151' title='bbox 2225 618 2508 687; x_wconf 79' lang='grc' dir='ltr'>κατασχὼν</span> <span class='ocrx_word' id='word_1_152' title='bbox 2548 618 2638 671; x_wconf 84' lang='grc' dir='ltr'>τὸν</span> <span class='ocrx_word' id='word_1_153' title='bbox 2670 618 2829 685; x_wconf 78' lang='grc' dir='ltr'>ἀέρα,</span> <span class='ocrx_word' id='word_1_154' title='bbox 2871 618 3016 672; x_wconf 73' lang='grc' dir='ltr'>ἅπαν</span> <span class='ocrx_word' id='word_1_155' title='bbox 3054 618 3115 670; x_wconf 71' lang='grc' dir='ltr'><strong>τό</strong></span> <span class='ocrx_word' id='word_1_156' title='bbox 3152 622 3426 689; x_wconf 70' lang='grc' dir='ltr'>στοιχεῖον</span> <span class='ocrx_word' id='word_1_157' title='bbox 3460 621 3628 680; x_wconf 67' lang='grc' dir='ltr'>ἐντὸς</span> 
     </span>
    </p>
   </div>
   <div class='ocr_carea' id='block_1_23' title="bbox 2019 700 3621 778">
    <p class='ocr_par' dir='ltr' id='par_1_23' title="bbox 2019 700 3621 778">
     <span class='ocr_line' id='line_1_23' title="bbox 2019 700 3621 778; baseline -0.001 -16"><span class='ocrx_word' id='word_1_158' title='bbox 2019 709 2210 765; x_wconf 76' lang='grc' dir='ltr'>ἑαυτοῦ</span> <span class='ocrx_word' id='word_1_159' title='bbox 2240 710 2551 778; x_wconf 78' lang='grc' dir='ltr'>πεποίηται,</span> <span class='ocrx_word' id='word_1_160' title='bbox 2573 709 2706 762; x_wconf 79' lang='grc' dir='ltr'>ἀλλὰ</span> <span class='ocrx_word' id='word_1_161' title='bbox 2736 707 2830 762; x_wconf 73' lang='grc' dir='ltr'>καὶ</span> <span class='ocrx_word' id='word_1_162' title='bbox 2851 704 3002 771; x_wconf 68' lang='grc' dir='ltr'>οὗτος</span> <span class='ocrx_word' id='word_1_163' title='bbox 3028 708 3218 763; x_wconf 77' lang='grc' dir='ltr'>ἔλαϐεν</span> <span class='ocrx_word' id='word_1_164' title='bbox 3242 713 3308 763; x_wconf 81' lang='grc' dir='ltr'><em>ὲκ</em></span> <span class='ocrx_word' id='word_1_165' title='bbox 3337 709 3441 762; x_wconf 78' lang='grc' dir='ltr'>τοῦ</span> <span class='ocrx_word' id='word_1_166' title='bbox 3484 700 3621 755; x_wconf 66' lang='grc' dir='ltr'>ὃλσυ</span> 
     </span>
    </p>
   </div>
   <div class='ocr_carea' id='block_1_24' title="bbox 2019 797 3627 869">
    <p class='ocr_par' dir='ltr' id='par_1_24' title="bbox 2019 797 3627 869">
     <span class='ocr_line' id='line_1_24' title="bbox 2019 797 3627 869; baseline -0.002 -15"><span class='ocrx_word' id='word_1_167' title='bbox 2019 802 2140 855; x_wconf 82' lang='grc' dir='ltr'>ὅσον</span> <span class='ocrx_word' id='word_1_168' title='bbox 2173 799 2421 869; x_wconf 68' lang='grc' dir='ltr'>ἠδύνατο,</span> <span class='ocrx_word' id='word_1_169' title='bbox 2455 800 2549 852; x_wconf 75' lang='grc' dir='ltr'>καὶ</span> <span class='ocrx_word' id='word_1_170' title='bbox 2593 798 2653 852; x_wconf 78' lang='grc' dir='ltr'><strong>τὸ</strong></span> <span class='ocrx_word' id='word_1_171' title='bbox 2692 797 2812 852; x_wconf 85' lang='grc' dir='ltr'>ὅλον</span> <span class='ocrx_word' id='word_1_172' title='bbox 2844 799 3021 852; x_wconf 79' lang='grc' dir='ltr'>ἐστίν’</span> <span class='ocrx_word' id='word_1_173' title='bbox 3072 797 3248 862; x_wconf 72' lang='grc' dir='ltr'>οὕτως</span> <span class='ocrx_word' id='word_1_174' title='bbox 3276 800 3384 852; x_wconf 72' lang='grc' dir='ltr'><strong>καὶ</strong></span> <span class='ocrx_word' id='word_1_175' title='bbox 3424 800 3485 851; x_wconf 84' lang='grc' dir='ltr'>αἱ</span> <span class='ocrx_word' id='word_1_176' title='bbox 3516 803 3627 869; x_wconf 75' lang='grc' dir='ltr'>τῆς</span> 
     </span>
    </p>
   </div>
   <div class='ocr_carea' id='block_1_25' title="bbox 2019 888 3627 961">
    <p class='ocr_par' dir='ltr' id='par_1_25' title="bbox 2019 888 3627 961">
     <span class='ocr_line' id='line_1_25' title="bbox 2019 888 3627 961; baseline -0.002 -16"><span class='ocrx_word' id='word_1_177' title='bbox 2019 888 2179 958; x_wconf 84' lang='grc' dir='ltr'>ἁγίας</span> <span class='ocrx_word' id='word_1_178' title='bbox 2205 891 2426 961; x_wconf 82' lang='grc' dir='ltr'>Γραφῆς</span> <span class='ocrx_word' id='word_1_179' title='bbox 2449 888 2733 957; x_wconf 84' lang='grc' dir='ltr'>θεολογίαι,</span> <span class='ocrx_word' id='word_1_180' title='bbox 2762 890 2820 944; x_wconf 78' lang='grc' dir='ltr'>αἱ</span> <span class='ocrx_word' id='word_1_181' title='bbox 2841 890 2992 960; x_wconf 84' lang='grc' dir='ltr'>παρὰ</span> <span class='ocrx_word' id='word_1_182' title='bbox 3015 888 3125 943; x_wconf 84' lang='grc' dir='ltr'>τῶν</span> <span class='ocrx_word' id='word_1_183' title='bbox 3159 889 3239 960; x_wconf 84' lang='grc' dir='ltr'>τῷ</span> <span class='ocrx_word' id='word_1_184' title='bbox 3267 890 3420 958; x_wconf 77' lang='grc' dir='ltr'>ἁγίῳ</span> <span class='ocrx_word' id='word_1_185' title='bbox 3443 890 3627 942; x_wconf 62' lang='grc' dir='ltr'>Πνεύι</span> 
     </span>
    </p>
   </div>
   <div class='ocr_carea' id='block_1_26' title="bbox 2023 982 3629 1052">
    <p class='ocr_par' dir='ltr' id='par_1_26' title="bbox 2023 982 3629 1052">
     <span class='ocr_line' id='line_1_26' title="bbox 2023 982 3629 1052; baseline -0.004 -15"><span class='ocrx_word' id='word_1_186' title='bbox 2023 1000 2153 1052; x_wconf 88' lang='grc' dir='ltr'>ματι</span> <span class='ocrx_word' id='word_1_187' title='bbox 2183 983 2620 1051; x_wconf 81' lang='grc' dir='ltr'>θεοφορουμένων</span> <span class='ocrx_word' id='word_1_188' title='bbox 2670 984 2803 1052; x_wconf 79' lang='grc' dir='ltr'><strong>ἡμῖν</strong></span> <span class='ocrx_word' id='word_1_189' title='bbox 2849 982 3182 1045; x_wconf 82' lang='grc' dir='ltr'>ὲκτεθείσαι,</span> <span class='ocrx_word' id='word_1_190' title='bbox 3234 983 3381 1052; x_wconf 78' lang='grc' dir='ltr'>πρὸς</span> <span class='ocrx_word' id='word_1_191' title='bbox 3427 982 3531 1051; x_wconf 74' lang='grc' dir='ltr'><strong>μὲν</strong></span> <span class='ocrx_word' id='word_1_192' title='bbox 3562 982 3629 1032; x_wconf 73' lang='grc' dir='ltr'>τὸ</span> 
     </span>
    </p>
   </div>
   <div class='ocr_carea' id='block_1_27' title="bbox 2017 1073 3624 1145">
    <p class='ocr_par' dir='ltr' id='par_1_27' title="bbox 2017 1073 3624 1145">
     <span class='ocr_line' id='line_1_27' title="bbox 2017 1073 3624 1145; baseline -0.002 -19"><span class='ocrx_word' id='word_1_193' title='bbox 2017 1074 2284 1145; x_wconf 77' lang='grc' dir='ltr'>ἡμέτερον</span> <span class='ocrx_word' id='word_1_194' title='bbox 2314 1073 2414 1143; x_wconf 83' lang='grc' dir='ltr'>τῆς</span> <span class='ocrx_word' id='word_1_195' title='bbox 2443 1073 2682 1136; x_wconf 74' lang='grc' dir='ltr'><strong>διανοίας</strong></span> <span class='ocrx_word' id='word_1_196' title='bbox 2712 1073 2931 1143; x_wconf 82' lang='grc' dir='ltr'><strong>μέτρον,</strong></span> <span class='ocrx_word' id='word_1_197' title='bbox 2981 1073 3185 1144; x_wconf 72' lang='grc' dir='ltr'>ὑψηλαὶ</span> <span class='ocrx_word' id='word_1_198' title='bbox 3238 1074 3340 1126; x_wconf 72' lang='grc' dir='ltr'><strong>καὶ</strong></span> <span class='ocrx_word' id='word_1_199' title='bbox 3378 1073 3624 1142; x_wconf 60' lang='grc' dir='ltr'>μεγάλαι</span> 
     </span>
    </p>
   </div>
   <div class='ocr_carea' id='block_1_28' title="bbox 2018 1162 3627 1233">
    <p class='ocr_par' dir='ltr' id='par_1_28' title="bbox 2018 1162 3627 1233">
     <span class='ocr_line' id='line_1_28' title="bbox 2018 1162 3627 1233; baseline -0.003 -15"><span class='ocrx_word' id='word_1_200' title='bbox 2018 1166 2113 1219; x_wconf 74' lang='grc' dir='ltr'><strong>καὶ</strong></span> <span class='ocrx_word' id='word_1_201' title='bbox 2144 1164 2281 1233; x_wconf 77' lang='grc' dir='ltr'>ὑπὲρ</span> <span class='ocrx_word' id='word_1_202' title='bbox 2315 1165 2421 1216; x_wconf 76' lang='grc' dir='ltr'><strong>πᾶν</strong></span> <span class='ocrx_word' id='word_1_203' title='bbox 2460 1164 2567 1215; x_wconf 83' lang='grc' dir='ltr'>εἰσι</span> <span class='ocrx_word' id='word_1_204' title='bbox 2613 1164 2838 1233; x_wconf 76' lang='grc' dir='ltr'>μέγεθος</span> <span class='ocrx_word' id='word_1_205' title='bbox 2866 1179 2879 1194; x_wconf 78' lang='grc' dir='ltr'><strong><em>ο</em></strong></span> <span class='ocrx_word' id='word_1_206' title='bbox 2927 1162 3019 1216; x_wconf 79' lang='grc' dir='ltr'>τοῦ</span> <span class='ocrx_word' id='word_1_207' title='bbox 3055 1180 3113 1215; x_wconf 83' lang='grc' dir='ltr'><strong>τε</strong></span> <span class='ocrx_word' id='word_1_208' title='bbox 3144 1162 3420 1233; x_wconf 74' lang='grc' dir='ltr'><strong>ἀληθινοῦ</strong></span> <span class='ocrx_word' id='word_1_209' title='bbox 3455 1164 3627 1232; x_wconf 78' lang='grc' dir='ltr'><strong>μεγὲ-</strong></span> 
     </span>
    </p>
   </div>
   <div class='ocr_carea' id='block_1_29' title="bbox 2020 1251 3625 1322">
    <p class='ocr_par' dir='ltr' id='par_1_29' title="bbox 2020 1251 3625 1322">
     <span class='ocr_line' id='line_1_29' title="bbox 2020 1251 3625 1322; baseline -0.002 -16"><span class='ocrx_word' id='word_1_210' title='bbox 2020 1252 2145 1316; x_wconf 83' lang='grc' dir='ltr'>θους</span> <span class='ocrx_word' id='word_1_211' title='bbox 2182 1253 2242 1307; x_wconf 80' lang='grc' dir='ltr'><strong>ού</strong></span> <span class='ocrx_word' id='word_1_212' title='bbox 2291 1252 2748 1322; x_wconf 74' lang='grc' dir='ltr'>προσαπτόμεναι.</span> <span class='ocrx_word' id='word_1_213' title='bbox 2798 1251 2899 1319; x_wconf 80' lang='grc' dir='ltr'>Τίς</span> <span class='ocrx_word' id='word_1_214' title='bbox 2941 1251 3251 1322; x_wconf 79' lang='grc' dir='ltr'>ἐμέτρησε,</span> <span class='ocrx_word' id='word_1_215' title='bbox 3298 1252 3469 1320; x_wconf 76' lang='grc' dir='ltr'>φησὶ,</span> <span class='ocrx_word' id='word_1_216' title='bbox 3516 1254 3625 1304; x_wconf 65' lang='grc' dir='ltr'><strong>τὸ·</strong></span> 
     </span>
    </p>
   </div>
   <div class='ocr_carea' id='block_1_30' title="bbox 2020 1342 3620 1414">
    <p class='ocr_par' dir='ltr' id='par_1_30' title="bbox 2020 1342 3620 1414">
     <span class='ocr_line' id='line_1_30' title="bbox 2020 1342 3620 1414; baseline -0.004 -13"><span class='ocrx_word' id='word_1_217' title='bbox 2020 1344 2278 1414; x_wconf 74' lang='grc' dir='ltr'>οὐρανὸν</span> <span class='ocrx_word' id='word_1_218' title='bbox 2308 1342 2599 1413; x_wconf 76' lang='grc' dir='ltr'><strong>σπιθαμῇ,</strong></span> <span class='ocrx_word' id='word_1_219' title='bbox 2632 1344 2728 1397; x_wconf 79' lang='grc' dir='ltr'><strong>καὶ</strong></span> <span class='ocrx_word' id='word_1_220' title='bbox 2764 1343 2840 1412; x_wconf 71' lang='grc' dir='ltr'>τῇ</span> <span class='ocrx_word' id='word_1_221' title='bbox 2867 1345 3012 1413; x_wconf 77' lang='grc' dir='ltr'>χειρὶ</span> <span class='ocrx_word' id='word_1_222' title='bbox 3041 1343 3106 1396; x_wconf 84' lang='grc' dir='ltr'>τὸ</span> <span class='ocrx_word' id='word_1_223' title='bbox 3136 1343 3319 1411; x_wconf 76' lang='grc' dir='ltr'>ὕδωρ,</span> <span class='ocrx_word' id='word_1_224' title='bbox 3363 1343 3468 1395; x_wconf 73' lang='grc' dir='ltr'><strong>καὶ</strong></span> <span class='ocrx_word' id='word_1_225' title='bbox 3502 1342 3620 1395; x_wconf 72' lang='grc' dir='ltr'><strong>πᾶ-</strong></span> 
     </span>
    </p>
   </div>
   <div class='ocr_carea' id='block_1_31' title="bbox 2020 1433 3627 1505">
    <p class='ocr_par' dir='ltr' id='par_1_31' title="bbox 2020 1433 3627 1505">
     <span class='ocr_line' id='line_1_31' title="bbox 2020 1433 3627 1505; baseline -0.002 -15"><span class='ocrx_word' id='word_1_226' title='bbox 2020 1452 2140 1491; x_wconf 76' lang='grc' dir='ltr'>σαν</span> <span class='ocrx_word' id='word_1_227' title='bbox 2160 1435 2275 1504; x_wconf 74' lang='grc' dir='ltr'>τὴν</span> <span class='ocrx_word' id='word_1_228' title='bbox 2297 1433 2414 1504; x_wconf 77' lang='grc' dir='ltr'><strong>γῆν</strong></span> <span class='ocrx_word' id='word_1_229' title='bbox 2435 1434 2606 1502; x_wconf 79' lang='grc' dir='ltr'>δρακί</span> <span class='ocrx_word' id='word_1_230' title='bbox 2629 1451 2647 1497; x_wconf 88' lang='grc'><em>;</em></span> <span class='ocrx_word' id='word_1_231' title='bbox 2674 1435 2837 1505; x_wconf 76' lang='grc' dir='ltr'>Ὁρᾷς</span> <span class='ocrx_word' id='word_1_232' title='bbox 2858 1435 2956 1504; x_wconf 78' lang='grc' dir='ltr'>τὴν</span> <span class='ocrx_word' id='word_1_233' title='bbox 2983 1434 3363 1504; x_wconf 79' lang='grc' dir='ltr'>μεγαλοφυῒαν</span> <span class='ocrx_word' id='word_1_234' title='bbox 3392 1435 3492 1487; x_wconf 75' lang='grc' dir='ltr'><strong>τοῦ</strong></span> <span class='ocrx_word' id='word_1_235' title='bbox 3522 1435 3627 1505; x_wconf 68' lang='grc' dir='ltr'>τὴν</span> 
     </span>
    </p>
   </div>
   <div class='ocr_carea' id='block_1_32' title="bbox 2020 1523 3623 1596">
    <p class='ocr_par' dir='ltr' id='par_1_32' title="bbox 2020 1523 3623 1596">
     <span class='ocr_line' id='line_1_32' title="bbox 2020 1523 3623 1596; baseline -0.004 -14"><span class='ocrx_word' id='word_1_236' title='bbox 2020 1528 2296 1596; x_wconf 77' lang='grc' dir='ltr'><strong>ἄφραστον</strong></span> <span class='ocrx_word' id='word_1_237' title='bbox 2320 1524 2709 1595; x_wconf 79' lang='grc' dir='ltr'><strong>διαγράφοντος</strong></span> <span class='ocrx_word' id='word_1_238' title='bbox 2733 1524 2990 1594; x_wconf 81' lang='grc' dir='ltr'>δύναμιν;</span> <span class='ocrx_word' id='word_1_239' title='bbox 3028 1523 3233 1577; x_wconf 62' lang='lat' dir='ltr'><strong>sum</strong></span> <span class='ocrx_word' id='word_1_240' title='bbox 3265 1523 3452 1576; x_wconf 81' lang='grc' dir='ltr'>ταῦτα</span> <span class='ocrx_word' id='word_1_241' title='bbox 3479 1527 3623 1595; x_wconf 67' lang='grc' dir='ltr'>πρὶς</span> 
     </span>
    </p>
   </div>
   <div class='ocr_carea' id='block_1_33' title="bbox 2020 1614 3623 1686">
    <p class='ocr_par' dir='ltr' id='par_1_33' title="bbox 2020 1614 3623 1686">
     <span class='ocr_line' id='line_1_33' title="bbox 2020 1614 3623 1686; baseline -0.001 -17"><span class='ocrx_word' id='word_1_242' title='bbox 2020 1617 2080 1670; x_wconf 79' lang='grc' dir='ltr'>τὸ</span> <span class='ocrx_word' id='word_1_243' title='bbox 2113 1616 2280 1678; x_wconf 77' lang='grc' dir='ltr'>ὅντως</span> <span class='ocrx_word' id='word_1_244' title='bbox 2306 1615 2366 1669; x_wconf 81' lang='grc' dir='ltr'>ὃν</span> <span class='ocrx_word' id='word_1_245' title='bbox 2391 1632 2407 1680; x_wconf 91' lang='grc'>;</span> <span class='ocrx_word' id='word_1_246' title='bbox 2455 1616 2635 1686; x_wconf 80' lang='grc' dir='ltr'>Μέρος</span> <span class='ocrx_word' id='word_1_247' title='bbox 2662 1615 2768 1686; x_wconf 84' lang='grc' dir='ltr'><strong>γάρ</strong></span> <span class='ocrx_word' id='word_1_248' title='bbox 2792 1632 2874 1668; x_wconf 84' lang='grc' dir='ltr'><strong>τοι</strong></span> <span class='ocrx_word' id='word_1_249' title='bbox 2910 1614 3010 1685; x_wconf 81' lang='grc' dir='ltr'>τῆς</span> <span class='ocrx_word' id='word_1_250' title='bbox 3056 1614 3207 1674; x_wconf 77' lang='grc' dir='ltr'>θείας</span> <span class='ocrx_word' id='word_1_251' title='bbox 3238 1615 3539 1685; x_wconf 76' lang='grc' dir='ltr'>ἐνεργείας</span> <span class='ocrx_word' id='word_1_252' title='bbox 3568 1618 3623 1668; x_wconf 84' lang='grc' dir='ltr'>ὲν</span> 
     </span>
    </p>
   </div>
   <div class='ocr_carea' id='block_1_34' title="bbox 349 1703 1808 1786">
    <p class='ocr_par' dir='ltr' id='par_1_34' title="bbox 349 1714 1808 1786">
     <span class='ocr_line' id='line_1_34' title="bbox 349 1714 1808 1786; baseline 0.003 -22"><span class='ocrx_word' id='word_1_253' title='bbox 349 1726 562 1776; x_wconf 91' lang='lat' dir='ltr'><strong>mones,</strong></span> <span class='ocrx_word' id='word_1_254' title='bbox 592 1714 682 1783; x_wconf 89' lang='lat' dir='ltr'><strong>qui</strong></span> <span class='ocrx_word' id='word_1_255' title='bbox 706 1715 865 1771; x_wconf 92' lang='lat' dir='ltr'><strong>nobis</strong></span> <span class='ocrx_word' id='word_1_256' title='bbox 901 1716 1066 1770; x_wconf 87' lang='lat' dir='ltr'><strong>abiis</strong></span> <span class='ocrx_word' id='word_1_257' title='bbox 1108 1716 1201 1785; x_wconf 87' lang='lat' dir='ltr'><strong>qui</strong></span> <span class='ocrx_word' id='word_1_258' title='bbox 1247 1723 1440 1772; x_wconf 85' lang='lat' dir='ltr'><strong>sancto</strong></span> <span class='ocrx_word' id='word_1_259' title='bbox 1486 1716 1692 1786; x_wconf 86' lang='lat' dir='ltr'><strong>Spiritu</strong></span> <span class='ocrx_word' id='word_1_260' title='bbox 1745 1716 1808 1770; x_wconf 81' lang='lat' dir='ltr'><strong>all</strong></span> 
     </span>
    </p>
   </div>
   <div class='ocr_carea' id='block_1_35' title="bbox 2161 1703 3620 1786">
    <p class='ocr_par' dir='ltr' id='par_1_35' title="bbox 2163 1705 3620 1777">
     <span class='ocr_line' id='line_1_35' title="bbox 2163 1705 3620 1777; baseline -0.001 -17"><span class='ocrx_word' id='word_1_261' title='bbox 2163 1708 2436 1771; x_wconf 80' lang='grc' dir='ltr'>τοιαύταις</span> <span class='ocrx_word' id='word_1_262' title='bbox 2479 1705 2925 1777; x_wconf 74' lang='grc' dir='ltr'>μεγαληγορίαις,</span> <span class='ocrx_word' id='word_1_263' title='bbox 2971 1708 2999 1759; x_wconf 83' lang='grc' dir='ltr'><strong>ό</strong></span> <span class='ocrx_word' id='word_1_264' title='bbox 3036 1708 3386 1777; x_wconf 76' lang='grc' dir='ltr'>προφητικὸς</span> <span class='ocrx_word' id='word_1_265' title='bbox 3414 1707 3620 1759; x_wconf 77' lang='grc' dir='ltr'>ἑνεδεξσ</span> 
     </span>
    </p>
   </div>
   <div class='ocr_carea' id='block_1_36' title="bbox 348 1803 1916 1875">
    <p class='ocr_par' dir='ltr' id='par_1_36' title="bbox 348 1803 1916 1875">
     <span class='ocr_line' id='line_1_36' title="bbox 348 1803 1916 1875; baseline 0.003 -19"><span class='ocrx_word' id='word_1_266' title='bbox 348 1811 503 1856; x_wconf 89' lang='lat' dir='ltr'><strong>erant</strong></span> <span class='ocrx_word' id='word_1_267' title='bbox 555 1803 787 1872; x_wconf 77' lang='lat' dir='ltr'><strong>expositi</strong></span> <span class='ocrx_word' id='word_1_268' title='bbox 818 1815 964 1867; x_wconf 87' lang='lat' dir='ltr'><strong>sunt,</strong></span> <span class='ocrx_word' id='word_1_269' title='bbox 998 1804 1063 1859; x_wconf 92' lang='lat' dir='ltr'><strong>ad</strong></span> <span class='ocrx_word' id='word_1_270' title='bbox 1086 1814 1287 1860; x_wconf 75' lang='lat' dir='ltr'><strong>nostra:</strong></span> <span class='ocrx_word' id='word_1_271' title='bbox 1318 1805 1516 1861; x_wconf 90' lang='lat' dir='ltr'><strong>mentis</strong></span> <span class='ocrx_word' id='word_1_272' title='bbox 1539 1805 1761 1875; x_wconf 83' lang='lat' dir='ltr'><strong>quidem</strong></span> <span class='ocrx_word' id='word_1_273' title='bbox 1797 1820 1916 1860; x_wconf 88' lang='lat' dir='ltr'><strong>mo-</strong></span> 
     </span>
    </p>
   </div>
   <div class='ocr_carea' id='block_1_37' title="bbox 350 1894 1917 1966">
    <p class='ocr_par' dir='ltr' id='par_1_37' title="bbox 350 1894 1917 1966">
     <span class='ocr_line' id='line_1_37' title="bbox 350 1894 1917 1966; baseline 0.001 -19"><span class='ocrx_word' id='word_1_274' title='bbox 350 1894 478 1948; x_wconf 88' lang='lat' dir='ltr'><strong>dum</strong></span> <span class='ocrx_word' id='word_1_275' title='bbox 505 1896 766 1950; x_wconf 85' lang='lat' dir='ltr'><strong>sublimes</strong></span> <span class='ocrx_word' id='word_1_276' title='bbox 792 1904 845 1949; x_wconf 90' lang='lat' dir='ltr'><strong>et</strong></span> <span class='ocrx_word' id='word_1_277' title='bbox 870 1896 1054 1965; x_wconf 80' lang='lat' dir='ltr'><strong>magni</strong></span> <span class='ocrx_word' id='word_1_278' title='bbox 1082 1909 1215 1951; x_wconf 87' lang='lat' dir='ltr'><strong>sunt</strong></span> <span class='ocrx_word' id='word_1_279' title='bbox 1240 1938 1256 1963; x_wconf 95' lang='lat'><strong>,</strong></span> <span class='ocrx_word' id='word_1_280' title='bbox 1294 1907 1459 1966; x_wconf 88' lang='lat' dir='ltr'><strong>atque</strong></span> <span class='ocrx_word' id='word_1_281' title='bbox 1478 1896 1614 1951; x_wconf 87' lang='lat' dir='ltr'><strong>adeo</strong></span> <span class='ocrx_word' id='word_1_282' title='bbox 1652 1905 1917 1966; x_wconf 86' lang='lat' dir='ltr'><strong>superant</strong></span> 
     </span>
    </p>
   </div>
   <div class='ocr_carea' id='block_1_38' title="bbox 352 1986 1919 2065">
    <p class='ocr_par' dir='ltr' id='par_1_38' title="bbox 352 1986 1919 2065">
     <span class='ocr_line' id='line_1_38' title="bbox 352 1986 1919 2065; baseline 0.001 -24"><span class='ocrx_word' id='word_1_283' title='bbox 352 2000 567 2041; x_wconf 78' lang='lat' dir='ltr'><strong>Oumem</strong></span> <span class='ocrx_word' id='word_1_284' title='bbox 609 1986 1062 2055; x_wconf 81' lang='lat' dir='ltr'><strong>magnitudinem,</strong></span> <span class='ocrx_word' id='word_1_285' title='bbox 1127 1986 1223 2041; x_wconf 89' lang='lat' dir='ltr'><strong>sed</strong></span> <span class='ocrx_word' id='word_1_286' title='bbox 1264 2003 1444 2042; x_wconf 84' lang='lat' dir='ltr'><strong>veram</strong></span> <span class='ocrx_word' id='word_1_287' title='bbox 1490 1989 1919 2065; x_wconf 75' lang='lat' dir='ltr'><strong>magnitudinem</strong></span> 
     </span>
    </p>
   </div>
   <div class='ocr_carea' id='block_1_39' title="bbox 351 2077 1921 2149">
    <p class='ocr_par' dir='ltr' id='par_1_39' title="bbox 351 2077 1921 2149">
     <span class='ocr_line' id='line_1_39' title="bbox 351 2077 1921 2149; baseline 0.001 -17"><span class='ocrx_word' id='word_1_288' title='bbox 351 2093 459 2132; x_wconf 84' lang='lat' dir='ltr'><strong>non</strong></span> <span class='ocrx_word' id='word_1_289' title='bbox 500 2085 885 2146; x_wconf 85' lang='lat' dir='ltr'><strong>assequuntur.</strong></span> <span class='ocrx_word' id='word_1_290' title='bbox 929 2077 1060 2142; x_wconf 83' lang='lat' dir='ltr'><strong>Quis</strong></span> <span class='ocrx_word' id='word_1_291' title='bbox 1100 2079 1325 2143; x_wconf 75' lang='lat' dir='ltr'><strong>caelum,</strong></span> <span class='ocrx_word' id='word_1_292' title='bbox 1383 2079 1597 2149; x_wconf 87' lang='lat' dir='ltr'><strong>inquit,</strong></span> <span class='ocrx_word' id='word_1_293' title='bbox 1631 2079 1808 2149; x_wconf 83' lang='lat' dir='ltr'><strong>palmo</strong></span> <span class='ocrx_word' id='word_1_294' title='bbox 1838 2081 1921 2134; x_wconf 84' lang='lat' dir='ltr'><strong>di-</strong></span> 
     </span>
    </p>
   </div>
   <div class='ocr_carea' id='block_1_40' title="bbox 353 2177 1922 2240">
    <p class='ocr_par' dir='ltr' id='par_1_40' title="bbox 353 2177 1922 2240">
     <span class='ocr_line' id='line_1_40' title="bbox 353 2177 1922 2240; baseline 0.002 -18"><span class='ocrx_word' id='word_1_295' title='bbox 353 2186 562 2223; x_wconf 75' lang='lat' dir='ltr'><strong>mensus</strong></span> <span class='ocrx_word' id='word_1_296' title='bbox 623 2178 723 2238; x_wconf 66' lang='lat' dir='ltr'><strong>est,</strong></span> <span class='ocrx_word' id='word_1_297' title='bbox 777 2177 825 2222; x_wconf 78' lang='lat' dir='ltr'><strong>et</strong></span> <span class='ocrx_word' id='word_1_298' title='bbox 890 2185 1048 2222; x_wconf 83' lang='lat' dir='ltr'><strong>manu</strong></span> <span class='ocrx_word' id='word_1_299' title='bbox 1090 2187 1324 2240; x_wconf 84' lang='lat' dir='ltr'><strong>aquam,</strong></span> <span class='ocrx_word' id='word_1_300' title='bbox 1383 2179 1433 2224; x_wconf 81' lang='lat' dir='ltr'><strong>et</strong></span> <span class='ocrx_word' id='word_1_301' title='bbox 1494 2188 1699 2225; x_wconf 84' lang='lat' dir='ltr'><strong>onmem</strong></span> <span class='ocrx_word' id='word_1_302' title='bbox 1725 2183 1922 2226; x_wconf 79' lang='lat' dir='ltr'><strong>(errant</strong></span> 
     </span>
    </p>
   </div>
   <div class='ocr_carea' id='block_1_41' title="bbox 349 2259 1922 2330">
    <p class='ocr_par' dir='ltr' id='par_1_41' title="bbox 349 2259 1922 2330">
     <span class='ocr_line' id='line_1_41' title="bbox 349 2259 1922 2330; baseline 0.004 -19"><span class='ocrx_word' id='word_1_303' title='bbox 349 2263 564 2329; x_wconf 77' lang='lat' dir='ltr'><strong>pugno?</strong></span> <span class='ocrx_word' id='word_1_304' title='bbox 592 2259 824 2316; x_wconf 86' lang='lat' dir='ltr'><strong>Videsne</strong></span> <span class='ocrx_word' id='word_1_305' title='bbox 860 2261 1144 2330; x_wconf 81' lang='lat' dir='ltr'><strong>magniﬁca</strong></span> <span class='ocrx_word' id='word_1_306' title='bbox 1187 2262 1351 2316; x_wconf 89' lang='lat' dir='ltr'><strong>verba</strong></span> <span class='ocrx_word' id='word_1_307' title='bbox 1390 2262 1922 2318; x_wconf 84' lang='lat' dir='ltr'><strong>describentisinex-</strong></span> 
     </span>
    </p>
   </div>
   <div class='ocr_carea' id='block_1_42' title="bbox 354 2347 1922 2421">
    <p class='ocr_par' dir='ltr' id='par_1_42' title="bbox 354 2347 1922 2421">
     <span class='ocr_line' id='line_1_42' title="bbox 354 2347 1922 2421; baseline 0.005 -25"><span class='ocrx_word' id='word_1_308' title='bbox 354 2347 661 2417; x_wconf 85' lang='lat' dir='ltr'><strong>plicabilem</strong></span> <span class='ocrx_word' id='word_1_309' title='bbox 699 2349 1032 2417; x_wconf 86' lang='lat' dir='ltr'><strong>potentiam?</strong></span> <span class='ocrx_word' id='word_1_310' title='bbox 1082 2348 1186 2403; x_wconf 87' lang='lat' dir='ltr'><strong>Sed</strong></span> <span class='ocrx_word' id='word_1_311' title='bbox 1234 2348 1363 2416; x_wconf 90' lang='lat' dir='ltr'><strong>quid</strong></span> <span class='ocrx_word' id='word_1_312' title='bbox 1396 2348 1510 2404; x_wconf 69' lang='lat' dir='ltr'><strong>hace</strong></span> <span class='ocrx_word' id='word_1_313' title='bbox 1542 2350 1607 2404; x_wconf 88' lang='lat' dir='ltr'><strong>ad</strong></span> <span class='ocrx_word' id='word_1_314' title='bbox 1675 2350 1726 2403; x_wconf 92' lang='lat' dir='ltr'><strong>id</strong></span> <span class='ocrx_word' id='word_1_315' title='bbox 1774 2349 1922 2421; x_wconf 90' lang='lat' dir='ltr'><strong>quod</strong></span> 
     </span>
    </p>
   </div>
   <div class='ocr_carea' id='block_1_43' title="bbox 354 2438 1922 2511">
    <p class='ocr_par' dir='ltr' id='par_1_43' title="bbox 354 2438 1922 2511">
     <span class='ocr_line' id='line_1_43' title="bbox 354 2438 1922 2511; baseline 0.003 -19"><span class='ocrx_word' id='word_1_316' title='bbox 354 2454 540 2494; x_wconf 78' lang='lat' dir='ltr'><strong>revera</strong></span> <span class='ocrx_word' id='word_1_317' title='bbox 571 2440 690 2495; x_wconf 87' lang='lat' dir='ltr'><strong>est?</strong></span> <span class='ocrx_word' id='word_1_318' title='bbox 721 2438 852 2493; x_wconf 89' lang='lat' dir='ltr'><strong>Nam</strong></span> <span class='ocrx_word' id='word_1_319' title='bbox 882 2449 1090 2510; x_wconf 88' lang='lat' dir='ltr'><strong>partem</strong></span> <span class='ocrx_word' id='word_1_320' title='bbox 1123 2442 1358 2511; x_wconf 87' lang='lat' dir='ltr'><strong>aliquam</strong></span> <span class='ocrx_word' id='word_1_321' title='bbox 1384 2442 1584 2497; x_wconf 64' lang='lat' dir='ltr'><strong>divina:</strong></span> <span class='ocrx_word' id='word_1_322' title='bbox 1614 2440 1922 2497; x_wconf 74' lang='lat' dir='ltr'><strong>elficienlize</strong></span> 
     </span>
    </p>
   </div>
   <div class='ocr_carea' id='block_1_44' title="bbox 354 2531 1915 2603">
    <p class='ocr_par' dir='ltr' id='par_1_44' title="bbox 354 2531 1915 2603">
     <span class='ocr_line' id='line_1_44' title="bbox 354 2531 1915 2603; baseline 0.004 -20"><span class='ocrx_word' id='word_1_323' title='bbox 354 2531 554 2587; x_wconf 87' lang='lat' dir='ltr'><strong>talibus</strong></span> <span class='ocrx_word' id='word_1_324' title='bbox 586 2531 888 2602; x_wconf 86' lang='lat' dir='ltr'><strong>magniﬁcis</strong></span> <span class='ocrx_word' id='word_1_325' title='bbox 921 2533 1099 2589; x_wconf 86' lang='lat' dir='ltr'><strong>verbis</strong></span> <span class='ocrx_word' id='word_1_326' title='bbox 1150 2548 1331 2589; x_wconf 89' lang='lat' dir='ltr'><strong>sermo</strong></span> <span class='ocrx_word' id='word_1_327' title='bbox 1371 2534 1724 2603; x_wconf 86' lang='lat' dir='ltr'><strong>propheticus</strong></span> <span class='ocrx_word' id='word_1_328' title='bbox 1770 2535 1915 2589; x_wconf 90' lang='lat' dir='ltr'><strong>indi-</strong></span> 
     </span>
    </p>
   </div>
   <div class='ocr_carea' id='block_1_45' title="bbox 354 2621 1919 2693">
    <p class='ocr_par' dir='ltr' id='par_1_45' title="bbox 354 2621 1919 2693">
     <span class='ocr_line' id='line_1_45' title="bbox 354 2621 1919 2693; baseline 0.003 -19"><span class='ocrx_word' id='word_1_329' title='bbox 354 2621 528 2676; x_wconf 75' lang='lat' dir='ltr'><strong>cavit:</strong></span> <span class='ocrx_word' id='word_1_330' title='bbox 557 2622 727 2692; x_wconf 89' lang='lat' dir='ltr'><strong>ipsam</strong></span> <span class='ocrx_word' id='word_1_331' title='bbox 765 2638 894 2678; x_wconf 88' lang='lat' dir='ltr'><strong>vero</strong></span> <span class='ocrx_word' id='word_1_332' title='bbox 919 2624 1216 2693; x_wconf 87' lang='lat' dir='ltr'><strong>potentiam</strong></span> <span class='ocrx_word' id='word_1_333' title='bbox 1261 2624 1405 2679; x_wconf 91' lang='lat' dir='ltr'><strong>unde</strong></span> <span class='ocrx_word' id='word_1_334' title='bbox 1435 2625 1741 2680; x_wconf 74' lang='lat' dir='ltr'><strong>efficientia</strong></span> <span class='ocrx_word' id='word_1_335' title='bbox 1766 2627 1919 2681; x_wconf 81' lang='lat' dir='ltr'><strong>exsi-</strong></span> 
     </span>
    </p>
   </div>
   <div class='ocr_carea' id='block_1_46' title="bbox 350 2697 1925 2786">
    <p class='ocr_par' dir='ltr' id='par_1_46' title="bbox 350 2697 1925 2786">
     <span class='ocr_line' id='line_1_46' title="bbox 350 2697 1925 2786; baseline 0.002 -18"><span class='ocrx_word' id='word_1_336' title='bbox 350 2702 448 2768; x_wconf 81' lang='lat' dir='ltr'><strong>stit</strong></span> <span class='ocrx_word' id='word_1_337' title='bbox 480 2697 571 2784; x_wconf 88' lang='lat' dir='ltr'><strong>(ne</strong></span> <span class='ocrx_word' id='word_1_338' title='bbox 600 2712 729 2786; x_wconf 91' lang='lat' dir='ltr'><strong>quid</strong></span> <span class='ocrx_word' id='word_1_339' title='bbox 761 2714 936 2769; x_wconf 88' lang='lat' dir='ltr'><strong>dicam</strong></span> <span class='ocrx_word' id='word_1_340' title='bbox 972 2714 1039 2770; x_wconf 90' lang='lat' dir='ltr'><strong>de</strong></span> <span class='ocrx_word' id='word_1_341' title='bbox 1072 2723 1268 2768; x_wconf 84' lang='lat' dir='ltr'><strong>natura</strong></span> <span class='ocrx_word' id='word_1_342' title='bbox 1322 2716 1466 2771; x_wconf 90' lang='lat' dir='ltr'><strong>unde</strong></span> <span class='ocrx_word' id='word_1_343' title='bbox 1515 2702 1756 2786; x_wconf 80' lang='lat' dir='ltr'><strong>potentia</strong></span> <span class='ocrx_word' id='word_1_344' title='bbox 1795 2731 1925 2786; x_wconf 82' lang='lat' dir='ltr'><strong>pro-</strong></span> 
     </span>
    </p>
   </div>
   <div class='ocr_carea' id='block_1_47' title="bbox 357 2799 1923 2878">
    <p class='ocr_par' dir='ltr' id='par_1_47' title="bbox 357 2799 1923 2878">
     <span class='ocr_line' id='line_1_47' title="bbox 357 2799 1923 2878; baseline 0.002 -17"><span class='ocrx_word' id='word_1_345' title='bbox 357 2804 546 2873; x_wconf 86' lang='lat' dir='ltr'><strong>cedit),</strong></span> <span class='ocrx_word' id='word_1_346' title='bbox 577 2821 753 2875; x_wconf 87' lang='lat' dir='ltr'><strong>neque</strong></span> <span class='ocrx_word' id='word_1_347' title='bbox 775 2805 1008 2860; x_wconf 77' lang='lat' dir='ltr'><strong>dicendo</strong></span> <span class='ocrx_word' id='word_1_348' title='bbox 1029 2808 1321 2876; x_wconf 66' lang='lat' dir='ltr'><strong>expressit,</strong></span> <span class='ocrx_word' id='word_1_349' title='bbox 1348 2799 1527 2877; x_wconf 82' lang='lat' dir='ltr'><strong>nequ&#39;e</strong></span> <span class='ocrx_word' id='word_1_350' title='bbox 1556 2823 1923 2878; x_wconf 80' lang='lat' dir='ltr'><strong>expressurus</strong></span> 
     </span>
    </p>
   </div>
   <div class='ocr_carea' id='block_1_48' title="bbox 357 2895 1923 2970">
    <p class='ocr_par' dir='ltr' id='par_1_48' title="bbox 357 2895 1923 2970">
     <span class='ocr_line' id='line_1_48' title="bbox 357 2895 1923 2970; baseline 0.004 -21"><span class='ocrx_word' id='word_1_351' title='bbox 357 2895 573 2951; x_wconf 81' lang='lat' dir='ltr'><strong>fuerat:</strong></span> <span class='ocrx_word' id='word_1_352' title='bbox 610 2897 739 2965; x_wconf 85' lang='lat' dir='ltr'><strong>quin</strong></span> <span class='ocrx_word' id='word_1_353' title='bbox 783 2899 944 2952; x_wconf 79' lang='lat' dir='ltr'><strong>etiam</strong></span> <span class='ocrx_word' id='word_1_354' title='bbox 997 2914 1250 2953; x_wconf 88' lang='lat' dir='ltr'><strong>sermone</strong></span> <span class='ocrx_word' id='word_1_355' title='bbox 1304 2900 1653 2969; x_wconf 77' lang='lat' dir='ltr'><strong>reprehendit</strong></span> <span class='ocrx_word' id='word_1_356' title='bbox 1702 2917 1796 2956; x_wconf 92' lang='lat' dir='ltr'><strong>eos</strong></span> <span class='ocrx_word' id='word_1_357' title='bbox 1830 2902 1923 2970; x_wconf 82' lang='lat' dir='ltr'><strong>qui</strong></span> 
     </span>
    </p>
   </div>
   <div class='ocr_carea' id='block_1_49' title="bbox 358 2986 1925 3060">
    <p class='ocr_par' dir='ltr' id='par_1_49' title="bbox 358 2986 1925 3060">
     <span class='ocr_line' id='line_1_49' title="bbox 358 2986 1925 3060; baseline 0.003 -19"><span class='ocrx_word' id='word_1_358' title='bbox 358 2986 684 3056; x_wconf 87' lang='lat' dir='ltr'><strong>quibusdam</strong></span> <span class='ocrx_word' id='word_1_359' title='bbox 722 2989 1054 3056; x_wconf 89' lang='lat' dir='ltr'><strong>eonjecturis</strong></span> <span class='ocrx_word' id='word_1_360' title='bbox 1098 2989 1341 3043; x_wconf 85' lang='lat' dir='ltr'><strong>divinum</strong></span> <span class='ocrx_word' id='word_1_361' title='bbox 1376 2987 1590 3045; x_wconf 85' lang='lat' dir='ltr'><strong>Numen</strong></span> <span class='ocrx_word' id='word_1_362' title='bbox 1633 2991 1787 3060; x_wconf 85' lang='lat' dir='ltr'><strong>quasi</strong></span> <span class='ocrx_word' id='word_1_363' title='bbox 1827 2990 1925 3045; x_wconf 89' lang='lat' dir='ltr'><strong>ad-</strong></span> 
     </span>
    </p>
   </div>
   <div class='ocr_carea' id='block_1_50' title="bbox 2023 1793 3618 1868">
    <p class='ocr_par' dir='ltr' id='par_1_50' title="bbox 2023 1793 3618 1868">
     <span class='ocr_line' id='line_1_50' title="bbox 2023 1793 3618 1868; baseline -0.002 -15"><span class='ocrx_word' id='word_1_364' title='bbox 2023 1799 2149 1865; x_wconf 80' lang='grc' dir='ltr'>ξατο</span> <span class='ocrx_word' id='word_1_365' title='bbox 2172 1799 2326 1867; x_wconf 84' lang='grc' dir='ltr'>λόγος</span> <span class='ocrx_word' id='word_1_366' title='bbox 2348 1815 2360 1828; x_wconf 95' lang='grc'><strong>·</strong></span> <span class='ocrx_word' id='word_1_367' title='bbox 2396 1797 2561 1868; x_wconf 82' lang='grc' dir='ltr'>αὐτὴν</span> <span class='ocrx_word' id='word_1_368' title='bbox 2593 1797 2649 1850; x_wconf 79' lang='grc' dir='ltr'>δὲ</span> <span class='ocrx_word' id='word_1_369' title='bbox 2676 1796 2774 1868; x_wconf 81' lang='grc' dir='ltr'>τὴν</span> <span class='ocrx_word' id='word_1_370' title='bbox 2801 1796 3024 1867; x_wconf 81' lang='grc' dir='ltr'>δύναμιν</span> <span class='ocrx_word' id='word_1_371' title='bbox 3047 1798 3138 1866; x_wconf 79' lang='grc' dir='ltr'><strong>ἀφ’</strong></span> <span class='ocrx_word' id='word_1_372' title='bbox 3168 1793 3241 1868; x_wconf 77' lang='grc' dir='ltr'>ἦς</span> <span class='ocrx_word' id='word_1_373' title='bbox 3267 1800 3301 1868; x_wconf 79' lang='grc' dir='ltr'>ἡ</span> <span class='ocrx_word' id='word_1_374' title='bbox 3336 1799 3427 1851; x_wconf 82' lang='grc' dir='ltr'><strong>ὲνέ</strong></span> <span class='ocrx_word' id='word_1_375' title='bbox 3438 1815 3618 1868; x_wconf 80' lang='grc' dir='ltr'>ργεια.</span> 
     </span>
    </p>
   </div>
   <div class='ocr_carea' id='block_1_51' title="bbox 2020 1884 3618 1961">
    <p class='ocr_par' dir='ltr' id='par_1_51' title="bbox 2020 1884 3618 1961">
     <span class='ocr_line' id='line_1_51' title="bbox 2020 1884 3618 1961; baseline -0.002 -17"><span class='ocrx_word' id='word_1_376' title='bbox 2020 1891 2108 1945; x_wconf 81' lang='grc' dir='ltr'>ἵνα</span> <span class='ocrx_word' id='word_1_377' title='bbox 2139 1890 2217 1961; x_wconf 81' lang='grc' dir='ltr'>μὴ</span> <span class='ocrx_word' id='word_1_378' title='bbox 2245 1888 2383 1943; x_wconf 81' lang='grc' dir='ltr'>εἴπω</span> <span class='ocrx_word' id='word_1_379' title='bbox 2406 1888 2504 1961; x_wconf 79' lang='grc' dir='ltr'>τὴν</span> <span class='ocrx_word' id='word_1_380' title='bbox 2531 1889 2713 1958; x_wconf 82' lang='grc' dir='ltr'>φύσιν,</span> <span class='ocrx_word' id='word_1_381' title='bbox 2732 1890 2823 1956; x_wconf 82' lang='grc' dir='ltr'><strong>ἀφ’</strong></span> <span class='ocrx_word' id='word_1_382' title='bbox 2838 1884 2906 1959; x_wconf 87' lang='grc' dir='ltr'>ἦς</span> <span class='ocrx_word' id='word_1_383' title='bbox 2935 1891 2968 1959; x_wconf 79' lang='grc' dir='ltr'><strong>ἠ</strong></span> <span class='ocrx_word' id='word_1_384' title='bbox 2989 1888 3241 1959; x_wconf 80' lang='grc' dir='ltr'>δύναμις,</span> <span class='ocrx_word' id='word_1_385' title='bbox 3266 1888 3401 1942; x_wconf 75' lang='grc' dir='ltr'>οὔτε</span> <span class='ocrx_word' id='word_1_386' title='bbox 3432 1887 3618 1951; x_wconf 79' lang='grc' dir='ltr'>εἶπεν,</span> 
     </span>
    </p>
   </div>
   <div class='ocr_carea' id='block_1_52' title="bbox 2020 1978 3625 2052">
    <p class='ocr_par' dir='ltr' id='par_1_52' title="bbox 2020 1978 3625 2052">
     <span class='ocr_line' id='line_1_52' title="bbox 2020 1978 3625 2052; baseline -0.001 -17"><span class='ocrx_word' id='word_1_387' title='bbox 2020 1979 2143 2036; x_wconf 77' lang='grc' dir='ltr'>οὔτε</span> <span class='ocrx_word' id='word_1_388' title='bbox 2183 1980 2477 2052; x_wconf 80' lang='grc' dir='ltr'><strong>ἐμέλλησεν</strong></span> <span class='ocrx_word' id='word_1_389' title='bbox 2502 1997 2516 2011; x_wconf 79' lang='grc'><strong>⁸</strong></span> <span class='ocrx_word' id='word_1_390' title='bbox 2561 1978 2696 2033; x_wconf 75' lang='grc' dir='ltr'>ἀλλὰ</span> <span class='ocrx_word' id='word_1_391' title='bbox 2724 1981 2829 2033; x_wconf 75' lang='grc' dir='ltr'><strong>καὶ.</strong></span> <span class='ocrx_word' id='word_1_392' title='bbox 2844 1978 3180 2033; x_wconf 81' lang='grc' dir='ltr'>καθάπτεται</span> <span class='ocrx_word' id='word_1_393' title='bbox 3211 1979 3294 2050; x_wconf 83' lang='grc' dir='ltr'>τῷ</span> <span class='ocrx_word' id='word_1_394' title='bbox 3330 1979 3486 2049; x_wconf 84' lang='grc' dir='ltr'>λόγῳ</span> <span class='ocrx_word' id='word_1_395' title='bbox 3514 1981 3625 2034; x_wconf 71' lang='grc' dir='ltr'>τῶν</span> 
     </span>
    </p>
   </div>
   <div class='ocr_carea' id='block_1_53' title="bbox 2023 2069 3623 2143">
    <p class='ocr_par' dir='ltr' id='par_1_53' title="bbox 2023 2069 3623 2143">
     <span class='ocr_line' id='line_1_53' title="bbox 2023 2069 3623 2143; baseline -0.003 -16"><span class='ocrx_word' id='word_1_396' title='bbox 2023 2075 2346 2143; x_wconf 69' lang='grc' dir='ltr'>ποχασμοίς</span> <span class='ocrx_word' id='word_1_397' title='bbox 2369 2088 2477 2125; x_wconf 85' lang='grc' dir='ltr'>τισι</span> <span class='ocrx_word' id='word_1_398' title='bbox 2502 2072 2561 2125; x_wconf 79' lang='grc' dir='ltr'>τὸ</span> <span class='ocrx_word' id='word_1_399' title='bbox 2577 2071 2731 2125; x_wconf 83' lang='grc' dir='ltr'>Θεῖον</span> <span class='ocrx_word' id='word_1_400' title='bbox 2760 2069 3229 2136; x_wconf 79' lang='grc' dir='ltr'>ἁπεικονιζόντων,</span> <span class='ocrx_word' id='word_1_401' title='bbox 3255 2071 3337 2134; x_wconf 83' lang='grc' dir='ltr'>ὡς</span> <span class='ocrx_word' id='word_1_402' title='bbox 3368 2072 3436 2125; x_wconf 77' lang='grc' dir='ltr'><strong>ὲκ</strong></span> <span class='ocrx_word' id='word_1_403' title='bbox 3458 2088 3623 2141; x_wconf 70' lang='grc' dir='ltr'>προε-</span> 
     </span>
    </p>
   </div>
   <div class='ocr_carea' id='block_1_54' title="bbox 2020 2160 3622 2231">
    <p class='ocr_par' dir='ltr' id='par_1_54' title="bbox 2020 2160 3622 2231">
     <span class='ocr_line' id='line_1_54' title="bbox 2020 2160 3622 2231; baseline -0.002 -13"><span class='ocrx_word' id='word_1_404' title='bbox 2020 2164 2169 2218; x_wconf 84' lang='grc' dir='ltr'>ώπου</span> <span class='ocrx_word' id='word_1_405' title='bbox 2201 2162 2293 2218; x_wconf 84' lang='grc' dir='ltr'><strong>τοῦ</strong></span> <span class='ocrx_word' id='word_1_406' title='bbox 2323 2163 2456 2216; x_wconf 79' lang='grc' dir='ltr'>Θεοῦ</span> <span class='ocrx_word' id='word_1_407' title='bbox 2485 2162 2544 2218; x_wconf 81' lang='grc' dir='ltr'>τὸ</span> <span class='ocrx_word' id='word_1_408' title='bbox 2574 2162 2810 2216; x_wconf 76' lang='grc' dir='ltr'>τοιοῦτον</span> <span class='ocrx_word' id='word_1_409' title='bbox 2843 2160 3054 2227; x_wconf 83' lang='grc' dir='ltr'>διεξιών</span> <span class='ocrx_word' id='word_1_410' title='bbox 3083 2178 3096 2191; x_wconf 92' lang='grc'><strong>·</strong></span> <span class='ocrx_word' id='word_1_411' title='bbox 3152 2162 3275 2215; x_wconf 82' lang='grc' dir='ltr'>Τίνι</span> <span class='ocrx_word' id='word_1_412' title='bbox 3295 2179 3380 2231; x_wconf 78' lang='grc' dir='ltr'>με</span> <span class='ocrx_word' id='word_1_413' title='bbox 3404 2165 3622 2231; x_wconf 80' lang='grc' dir='ltr'>ὁμοιὼ-</span> 
     </span>
    </p>
   </div>
   <div class='ocr_carea' id='block_1_55' title="bbox 2022 2251 3624 2325">
    <p class='ocr_par' dir='ltr' id='par_1_55' title="bbox 2022 2251 3624 2325">
     <span class='ocr_line' id='line_1_55' title="bbox 2022 2251 3624 2325; baseline -0.001 -16"><span class='ocrx_word' id='word_1_414' title='bbox 2022 2270 2208 2321; x_wconf 86' lang='grc' dir='ltr'>σατε;</span> <span class='ocrx_word' id='word_1_415' title='bbox 2250 2255 2398 2323; x_wconf 80' lang='grc' dir='ltr'>λέγει</span> <span class='ocrx_word' id='word_1_416' title='bbox 2437 2253 2662 2324; x_wconf 79' lang='grc' dir='ltr'>Κύριος.</span> <span class='ocrx_word' id='word_1_417' title='bbox 2706 2253 2818 2325; x_wconf 79' lang='grc' dir='ltr'><strong>Τὴν</strong></span> <span class='ocrx_word' id='word_1_418' title='bbox 2864 2251 2986 2323; x_wconf 76' lang='grc' dir='ltr'>ἴσην</span> <span class='ocrx_word' id='word_1_419' title='bbox 3017 2252 3075 2305; x_wconf 83' lang='grc' dir='ltr'>δὲ</span> <span class='ocrx_word' id='word_1_420' title='bbox 3108 2253 3428 2324; x_wconf 76' lang='grc' dir='ltr'>συμϐουλὴν</span> <span class='ocrx_word' id='word_1_421' title='bbox 3466 2257 3564 2307; x_wconf 76' lang='grc' dir='ltr'><strong>καὶ</strong></span> <span class='ocrx_word' id='word_1_422' title='bbox 3594 2258 3624 2307; x_wconf 83' lang='grc' dir='ltr'><strong>ὁ</strong></span> 
     </span>
    </p>
   </div>
   <div class='ocr_carea' id='block_1_56' title="bbox 2035 2343 3620 2419">
    <p class='ocr_par' dir='ltr' id='par_1_56' title="bbox 2035 2343 3620 2419">
     <span class='ocr_line' id='line_1_56' title="bbox 2035 2343 3620 2419; baseline -0.001 -19"><span class='ocrx_word' id='word_1_423' title='bbox 2035 2346 2466 2419; x_wconf 79' lang='grc' dir='ltr'>Ἐκκλησιαστὴς</span> <span class='ocrx_word' id='word_1_424' title='bbox 2499 2348 2611 2409; x_wconf 87' lang='grc' dir='ltr'>τοῖς</span> <span class='ocrx_word' id='word_1_425' title='bbox 2648 2346 2798 2409; x_wconf 77' lang='grc' dir='ltr'>ἰδίοις</span> <span class='ocrx_word' id='word_1_426' title='bbox 2826 2343 3246 2414; x_wconf 77' lang='grc' dir='ltr'>ἐγκατατίθεται</span> <span class='ocrx_word' id='word_1_427' title='bbox 3273 2345 3496 2414; x_wconf 85' lang='grc' dir='ltr'>λόγοις,</span> <span class='ocrx_word' id='word_1_428' title='bbox 3526 2347 3620 2412; x_wconf 67' lang='grc' dir='ltr'><strong>Μὴ</strong></span> 
     </span>
    </p>
   </div>
   <div class='ocr_carea' id='block_1_57' title="bbox 2023 2430 3617 2508">
    <p class='ocr_par' dir='ltr' id='par_1_57' title="bbox 2023 2430 3617 2508">
     <span class='ocr_line' id='line_1_57' title="bbox 2023 2430 3617 2508; baseline -0.018 -13"><span class='ocrx_word' id='word_1_429' title='bbox 2023 2441 2298 2508; x_wconf 63' lang='lat' dir='ltr'><strong>mst</strong></span> <span class='ocrx_word' id='word_1_430' title='bbox 2325 2430 2827 2503; x_wconf 77' lang='grc' dir='ltr'>ὲξενεγκεῖνρῆμα</span> <span class='ocrx_word' id='word_1_431' title='bbox 2838 2430 2948 2501; x_wconf 78' lang='grc' dir='ltr'>πρὸ</span> <span class='ocrx_word' id='word_1_432' title='bbox 2959 2432 3166 2500; x_wconf 78' lang='grc' dir='ltr'>προσὼ</span> <span class='ocrx_word' id='word_1_433' title='bbox 3175 2450 3291 2488; x_wconf 70' lang='grc' dir='ltr'><strong>που</strong></span> <span class='ocrx_word' id='word_1_434' title='bbox 3302 2447 3370 2485; x_wconf 87' lang='grc' dir='ltr'><strong>το</strong></span> <span class='ocrx_word' id='word_1_435' title='bbox 3379 2430 3582 2492; x_wconf 67' lang='grc' dir='ltr'><strong>ευθεοῡ</strong></span> <span class='ocrx_word' id='word_1_436' title='bbox 3603 2455 3617 2467; x_wconf 92' lang='grc'><strong>.</strong></span> 
     </span>
    </p>
   </div>
   <div class='ocr_carea' id='block_1_58' title="bbox 1974 2525 3620 2597">
    <p class='ocr_par' dir='ltr' id='par_1_58' title="bbox 1974 2525 3620 2597">
     <span class='ocr_line' id='line_1_58' title="bbox 1974 2525 3620 2597; baseline -0.002 -13"><span class='ocrx_word' id='word_1_437' title='bbox 1974 2563 1981 2570; x_wconf 89' lang='grc'><strong><em>-</em></strong></span> <span class='ocrx_word' id='word_1_438' title='bbox 2025 2530 2114 2584; x_wconf 85' lang='grc' dir='ltr'>ὅτι</span> <span class='ocrx_word' id='word_1_439' title='bbox 2144 2533 2176 2584; x_wconf 84' lang='grc' dir='ltr'><strong>ό</strong></span> <span class='ocrx_word' id='word_1_440' title='bbox 2208 2529 2351 2595; x_wconf 81' lang='grc' dir='ltr'>Θεὸς</span> <span class='ocrx_word' id='word_1_441' title='bbox 2375 2530 2445 2583; x_wconf 83' lang='grc' dir='ltr'><strong>ἐν</strong></span> <span class='ocrx_word' id='word_1_442' title='bbox 2472 2528 2552 2595; x_wconf 81' lang='grc' dir='ltr'>τῷ</span> <span class='ocrx_word' id='word_1_443' title='bbox 2572 2525 2803 2596; x_wconf 78' lang='grc' dir='ltr'>οὐρανῷ</span> <span class='ocrx_word' id='word_1_444' title='bbox 2836 2526 2978 2593; x_wconf 79' lang='grc' dir='ltr'>ἅνω,</span> <span class='ocrx_word' id='word_1_445' title='bbox 3002 2526 3101 2581; x_wconf 81' lang='grc' dir='ltr'><strong>καὶ</strong></span> <span class='ocrx_word' id='word_1_446' title='bbox 3128 2526 3210 2580; x_wconf 86' lang='grc' dir='ltr'>σὺ</span> <span class='ocrx_word' id='word_1_447' title='bbox 3235 2527 3338 2580; x_wconf 77' lang='grc' dir='ltr'><strong>ἐπὶ</strong></span> <span class='ocrx_word' id='word_1_448' title='bbox 3362 2527 3489 2594; x_wconf 78' lang='grc' dir='ltr'>τῆς</span> <span class='ocrx_word' id='word_1_449' title='bbox 3514 2527 3620 2597; x_wconf 76' lang='grc' dir='ltr'>γῆς</span> 
     </span>
    </p>
   </div>
   <div class='ocr_carea' id='block_1_59' title="bbox 2025 2616 3619 2690">
    <p class='ocr_par' dir='ltr' id='par_1_59' title="bbox 2025 2616 3619 2690">
     <span class='ocr_line' id='line_1_59' title="bbox 2025 2616 3619 2690; baseline -0.001 -16"><span class='ocrx_word' id='word_1_450' title='bbox 2025 2620 2181 2674; x_wconf 79' lang='grc' dir='ltr'>κάτω</span> <span class='ocrx_word' id='word_1_451' title='bbox 2197 2635 2213 2649; x_wconf 88' lang='grc'>⁶</span> <span class='ocrx_word' id='word_1_452' title='bbox 2239 2621 2469 2684; x_wconf 80' lang='grc' dir='ltr'>δεικνὺς,</span> <span class='ocrx_word' id='word_1_453' title='bbox 2486 2616 2659 2690; x_wconf 78' lang='grc' dir='ltr'>οἶμαι,</span> <span class='ocrx_word' id='word_1_454' title='bbox 2676 2618 2761 2672; x_wconf 77' lang='grc' dir='ltr'><strong>διὰ</strong></span> <span class='ocrx_word' id='word_1_455' title='bbox 2772 2618 2869 2689; x_wconf 84' lang='grc' dir='ltr'>τῆς</span> <span class='ocrx_word' id='word_1_456' title='bbox 2883 2617 2989 2671; x_wconf 86' lang='grc' dir='ltr'><strong>τῶν</strong></span> <span class='ocrx_word' id='word_1_457' title='bbox 3007 2617 3284 2687; x_wconf 83' lang='grc' dir='ltr'>στοιχείων</span> <span class='ocrx_word' id='word_1_458' title='bbox 3298 2618 3444 2687; x_wconf 84' lang='grc' dir='ltr'>πρὸς</span> <span class='ocrx_word' id='word_1_459' title='bbox 3458 2618 3619 2687; x_wconf 70' lang='grc' dir='ltr'>ἀλληο</span> 
     </span>
    </p>
   </div>
   <div class='ocr_carea' id='block_1_60' title="bbox 2028 2706 3617 2781">
    <p class='ocr_par' dir='ltr' id='par_1_60' title="bbox 2028 2706 3617 2781">
     <span class='ocr_line' id='line_1_60' title="bbox 2028 2706 3617 2781; baseline -0.004 -16"><span class='ocrx_word' id='word_1_460' title='bbox 2028 2711 2096 2765; x_wconf 88' lang='grc' dir='ltr'><strong>λα</strong></span> <span class='ocrx_word' id='word_1_461' title='bbox 2117 2711 2471 2775; x_wconf 81' lang='grc' dir='ltr'>διαστάσεως,</span> <span class='ocrx_word' id='word_1_462' title='bbox 2488 2711 2597 2780; x_wconf 80' lang='grc' dir='ltr'>ὅσῳ</span> <span class='ocrx_word' id='word_1_463' title='bbox 2625 2708 2701 2779; x_wconf 77' lang='grc' dir='ltr'>τῷ</span> <span class='ocrx_word' id='word_1_464' title='bbox 2725 2709 2907 2780; x_wconf 78' lang='grc' dir='ltr'>μέτρῳ</span> <span class='ocrx_word' id='word_1_465' title='bbox 2936 2711 2971 2781; x_wconf 82' lang='grc' dir='ltr'>ἡ</span> <span class='ocrx_word' id='word_1_466' title='bbox 3000 2707 3120 2761; x_wconf 77' lang='grc' dir='ltr'>Θεία</span> <span class='ocrx_word' id='word_1_467' title='bbox 3137 2706 3301 2778; x_wconf 75' lang='grc' dir='ltr'>φύσις</span> <span class='ocrx_word' id='word_1_468' title='bbox 3324 2707 3443 2759; x_wconf 82' lang='grc' dir='ltr'><strong>τῶν</strong></span> <span class='ocrx_word' id='word_1_469' title='bbox 3468 2709 3617 2775; x_wconf 81' lang='grc' dir='ltr'>λογι-</span> 
     </span>
    </p>
   </div>
   <div class='ocr_carea' id='block_1_61' title="bbox 2026 2799 3618 2875">
    <p class='ocr_par' dir='ltr' id='par_1_61' title="bbox 2026 2799 3618 2875">
     <span class='ocr_line' id='line_1_61' title="bbox 2026 2799 3618 2875; baseline -0.003 -19"><span class='ocrx_word' id='word_1_470' title='bbox 2026 2802 2178 2874; x_wconf 80' lang='grc' dir='ltr'>σμῶν</span> <span class='ocrx_word' id='word_1_471' title='bbox 2199 2802 2397 2873; x_wconf 74' lang='grc' dir='ltr'>γηΐνων</span> <span class='ocrx_word' id='word_1_472' title='bbox 2417 2802 2876 2873; x_wconf 77' lang='grc' dir='ltr'>ύπερανέστηκεν.</span> <span class='ocrx_word' id='word_1_473' title='bbox 2918 2799 3106 2870; x_wconf 82' lang='grc' dir='ltr'>Τούτῳ</span> <span class='ocrx_word' id='word_1_474' title='bbox 3137 2799 3236 2870; x_wconf 83' lang='grc' dir='ltr'><strong>μέν</strong></span> <span class='ocrx_word' id='word_1_475' title='bbox 3258 2817 3355 2875; x_wconf 20' lang='grc' dir='ltr'>τοι.</span> <span class='ocrx_word' id='word_1_476' title='bbox 3379 2799 3473 2870; x_wconf 85' lang='grc' dir='ltr'><strong>τῷ</strong></span> <span class='ocrx_word' id='word_1_477' title='bbox 3507 2817 3618 2852; x_wconf 80' lang='grc' dir='ltr'>τοι·</span> 
     </span>
    </p>
   </div>
   <div class='ocr_carea' id='block_1_62' title="bbox 2025 2890 3621 2967">
    <p class='ocr_par' dir='ltr' id='par_1_62' title="bbox 2025 2890 3621 2967">
     <span class='ocr_line' id='line_1_62' title="bbox 2025 2890 3621 2967; baseline -0.004 -18"><span class='ocrx_word' id='word_1_478' title='bbox 2025 2895 2293 2967; x_wconf 75' lang='grc' dir='ltr'>ούτῳ’“καὶ</span> <span class='ocrx_word' id='word_1_479' title='bbox 2316 2893 2552 2963; x_wconf 78' lang='grc' dir='ltr'>τοσούτῳ</span> <span class='ocrx_word' id='word_1_480' title='bbox 2582 2893 2888 2964; x_wconf 78' lang='grc' dir='ltr'>πράγματι,</span> <span class='ocrx_word' id='word_1_481' title='bbox 2917 2892 2945 2944; x_wconf 86' lang='grc' dir='ltr'><strong>ὃ</strong></span> <span class='ocrx_word' id='word_1_482' title='bbox 2970 2891 3094 2945; x_wconf 75' lang='grc' dir='ltr'>οὔτε</span> <span class='ocrx_word' id='word_1_483' title='bbox 3119 2892 3247 2944; x_wconf 88' lang='grc' dir='ltr'><strong>ίδείν</strong></span> <span class='ocrx_word' id='word_1_484' title='bbox 3275 2890 3462 2955; x_wconf 73' lang='grc' dir='ltr'>ἐστιν,</span> <span class='ocrx_word' id='word_1_485' title='bbox 3501 2890 3621 2943; x_wconf 69' lang='grc' dir='ltr'>οὔτε</span> 
     </span>
    </p>
   </div>
   <div class='ocr_carea' id='block_1_63' title="bbox 2026 2978 3624 3052">
    <p class='ocr_par' dir='ltr' id='par_1_63' title="bbox 2026 2978 3624 3052">
     <span class='ocr_line' id='line_1_63' title="bbox 2026 2978 3624 3052; baseline -0.004 -13"><span class='ocrx_word' id='word_1_486' title='bbox 2026 2985 2275 3048; x_wconf 74' lang='grc' dir='ltr'>ἀκοῦσαι,</span> <span class='ocrx_word' id='word_1_487' title='bbox 2307 2983 2430 3037; x_wconf 74' lang='grc' dir='ltr'>οὔτε</span> <span class='ocrx_word' id='word_1_488' title='bbox 2457 2982 2798 3052; x_wconf 79' lang='grc' dir='ltr'>λογίσασθαι,</span> <span class='ocrx_word' id='word_1_489' title='bbox 2830 2984 2859 3035; x_wconf 84' lang='grc' dir='ltr'><strong>ό</strong></span> <span class='ocrx_word' id='word_1_490' title='bbox 2886 2982 3001 3035; x_wconf 70' lang='grc' dir='ltr'>ἀντ’</span> <span class='ocrx_word' id='word_1_491' title='bbox 3031 2981 3242 3043; x_wconf 74' lang='grc' dir='ltr'>οὐδενὸς</span> <span class='ocrx_word' id='word_1_492' title='bbox 3265 2982 3327 3033; x_wconf 78' lang='grc' dir='ltr'>ἐν</span> <span class='ocrx_word' id='word_1_493' title='bbox 3356 2984 3483 3045; x_wconf 74' lang='grc' dir='ltr'>τοῖς</span> <span class='ocrx_word' id='word_1_494' title='bbox 3509 2978 3624 3034; x_wconf 69' lang='grc' dir='ltr'>οὖσι</span> 
     </span>
    </p>
   </div>
   <div class='ocr_carea' id='block_1_64' title="bbox 361 3053 1820 3152">
    <p class='ocr_par' dir='ltr' id='par_1_64' title="bbox 361 3053 1820 3152">
     <span class='ocr_line' id='line_1_64' title="bbox 361 3053 1820 3152; baseline 0.003 -21"><span class='ocrx_word' id='word_1_495' title='bbox 361 3053 664 3133; x_wconf 83' lang='lat' dir='ltr'><strong>umbrando</strong></span> <span class='ocrx_word' id='word_1_496' title='bbox 716 3053 1049 3148; x_wconf 80' lang='lat' dir='ltr'><strong>exprimunt,</strong></span> <span class='ocrx_word' id='word_1_497' title='bbox 1109 3089 1272 3150; x_wconf 87' lang='lat' dir='ltr'><strong>atque</strong></span> <span class='ocrx_word' id='word_1_498' title='bbox 1329 3081 1616 3151; x_wconf 73' lang='lat' dir='ltr'><strong>effingunt,</strong></span> <span class='ocrx_word' id='word_1_499' title='bbox 1650 3053 1820 3152; x_wconf 43' lang='lat' dir='ltr'><strong>-tanqt</strong></span> 
     </span>
    </p>
   </div>
   <div class='ocr_carea' id='block_1_65' title="bbox 2164 3053 3623 3152">
    <p class='ocr_par' dir='ltr' id='par_1_65' title="bbox 2164 3066 3623 3147">
     <span class='ocr_line' id='line_1_65' title="bbox 2164 3066 3623 3147; baseline -0.004 -18"><span class='ocrx_word' id='word_1_500' title='bbox 2164 3066 2406 3147; x_wconf 73' lang='grc' dir='ltr'>γισμένος</span> <span class='ocrx_word' id='word_1_501' title='bbox 2425 3074 2779 3145; x_wconf 63' lang='grc' dir='ltr'>ἄνθρωποςκὴ</span> <span class='ocrx_word' id='word_1_502' title='bbox 2801 3072 3015 3137; x_wconf 81' lang='grc' dir='ltr'>σποδὸς,</span> <span class='ocrx_word' id='word_1_503' title='bbox 3044 3072 3072 3124; x_wconf 84' lang='grc' dir='ltr'><strong>ὁ</strong></span> <span class='ocrx_word' id='word_1_504' title='bbox 3093 3072 3302 3147; x_wconf 73' lang='grc' dir='ltr'>χόρτος,</span> <span class='ocrx_word' id='word_1_505' title='bbox 3332 3072 3367 3142; x_wconf 82' lang='grc' dir='ltr'>ἡ</span> <span class='ocrx_word' id='word_1_506' title='bbox 3391 3073 3623 3141; x_wconf 77' lang='grc' dir='ltr'>ματαιό-</span> 
     </span>
    </p>
   </div>
   <div class='ocr_carea' id='block_1_66' title="bbox 362 3168 1933 3241">
    <p class='ocr_par' dir='ltr' id='par_1_66' title="bbox 362 3168 1933 3241">
     <span class='ocr_line' id='line_1_66' title="bbox 362 3168 1933 3241; baseline 0.004 -19"><span class='ocrx_word' id='word_1_507' title='bbox 362 3184 426 3222; x_wconf 75' lang='lat' dir='ltr'><strong>ex</strong></span> <span class='ocrx_word' id='word_1_508' title='bbox 467 3183 699 3238; x_wconf 91' lang='lat' dir='ltr'><strong>persona</strong></span> <span class='ocrx_word' id='word_1_509' title='bbox 737 3168 828 3223; x_wconf 82' lang='lat' dir='ltr'><strong>Dei</strong></span> <span class='ocrx_word' id='word_1_510' title='bbox 866 3170 995 3223; x_wconf 86' lang='lat' dir='ltr'><strong>talia</strong></span> <span class='ocrx_word' id='word_1_511' title='bbox 1025 3173 1185 3227; x_wconf 71' lang='lat' dir='ltr'><strong>verba</strong></span> <span class='ocrx_word' id='word_1_512' title='bbox 1215 3171 1503 3241; x_wconf 81' lang='lat' dir='ltr'><strong>proferens</strong></span> <span class='ocrx_word' id='word_1_513' title='bbox 1544 3190 1557 3225; x_wconf 89' lang='lat'><strong>:</strong></span> <span class='ocrx_word' id='word_1_514' title='bbox 1605 3172 1705 3226; x_wconf 71' lang='lat' dir='ltr'><strong>Cui</strong></span> <span class='ocrx_word' id='word_1_515' title='bbox 1737 3189 1816 3227; x_wconf 90' lang='lat' dir='ltr'><strong>me</strong></span> <span class='ocrx_word' id='word_1_516' title='bbox 1851 3191 1933 3228; x_wconf 78' lang='lat' dir='ltr'><strong>as-</strong></span> 
     </span>
    </p>
   </div>
   <div class='ocr_carea' id='block_1_67' title="bbox 360 3260 1932 3319">
    <p class='ocr_par' dir='ltr' id='par_1_67' title="bbox 360 3260 1932 3319">
     <span class='ocr_line' id='line_1_67' title="bbox 360 3260 1932 3319; baseline 0.003 -6"><span class='ocrx_word' id='word_1_517' title='bbox 360 3261 680 3319; x_wconf 75' lang='lat' dir='ltr'><strong>similastis?</strong></span> <span class='ocrx_word' id='word_1_518' title='bbox 726 3260 859 3314; x_wconf 90' lang='lat' dir='ltr'><strong>dicit</strong></span> <span class='ocrx_word' id='word_1_519' title='bbox 893 3260 1154 3316; x_wconf 89' lang='lat' dir='ltr'><strong>Dominus</strong></span> <span class='ocrx_word' id='word_1_520' title='bbox 1179 3262 1244 3315; x_wconf 75' lang='lat'><strong>“.</strong></span> <span class='ocrx_word' id='word_1_521' title='bbox 1291 3261 1435 3316; x_wconf 89' lang='lat' dir='ltr'><strong>Idem</strong></span> <span class='ocrx_word' id='word_1_522' title='bbox 1490 3278 1621 3318; x_wconf 82' lang='lat' dir='ltr'><strong>vero</strong></span> <span class='ocrx_word' id='word_1_523' title='bbox 1644 3264 1932 3319; x_wconf 89' lang='lat' dir='ltr'><strong>consilium</strong></span> 
     </span>
    </p>
   </div>
   <div class='ocr_carea' id='block_1_68' title="bbox 362 3337 1934 3420">
    <p class='ocr_par' dir='ltr' id='par_1_68' title="bbox 362 3337 1934 3420">
     <span class='ocr_line' id='line_1_68' title="bbox 362 3337 1934 3420; baseline 0.003 -19"><span class='ocrx_word' id='word_1_524' title='bbox 362 3337 716 3405; x_wconf 78' lang='lat' dir='ltr'><strong>EcelesiaStes</strong></span> <span class='ocrx_word' id='word_1_525' title='bbox 755 3365 970 3420; x_wconf 86' lang='lat' dir='ltr'><strong>quoque</strong></span> <span class='ocrx_word' id='word_1_526' title='bbox 1014 3352 1068 3404; x_wconf 93' lang='lat' dir='ltr'><strong>in</strong></span> <span class='ocrx_word' id='word_1_527' title='bbox 1115 3351 1230 3407; x_wconf 88' lang='lat' dir='ltr'><strong>suis</strong></span> <span class='ocrx_word' id='word_1_528' title='bbox 1264 3350 1415 3420; x_wconf 90' lang='lat' dir='ltr'><strong>ponit</strong></span> <span class='ocrx_word' id='word_1_529' title='bbox 1449 3350 1934 3407; x_wconf 83' lang='lat' dir='ltr'><strong>sermonibus:Ne</strong></span> 
     </span>
    </p>
   </div>
   <div class='ocr_carea' id='block_1_69' title="bbox 362 3439 1933 3512">
    <p class='ocr_par' dir='ltr' id='par_1_69' title="bbox 362 3439 1933 3512">
     <span class='ocr_line' id='line_1_69' title="bbox 362 3439 1933 3512; baseline 0 -15"><span class='ocrx_word' id='word_1_530' title='bbox 362 3440 575 3512; x_wconf 72' lang='lat' dir='ltr'><strong>festines</strong></span> <span class='ocrx_word' id='word_1_531' title='bbox 630 3439 819 3510; x_wconf 71' lang='lat' dir='ltr'><strong>alfcrrc</strong></span> <span class='ocrx_word' id='word_1_532' title='bbox 878 3441 1083 3496; x_wconf 83' lang='lat' dir='ltr'><strong>verbum</strong></span> <span class='ocrx_word' id='word_1_533' title='bbox 1125 3451 1246 3496; x_wconf 84' lang='lat' dir='ltr'><strong>ante</strong></span> <span class='ocrx_word' id='word_1_534' title='bbox 1278 3441 1466 3509; x_wconf 80' lang='lat' dir='ltr'><strong>[aciem</strong></span> <span class='ocrx_word' id='word_1_535' title='bbox 1504 3441 1620 3496; x_wconf 79' lang='lat' dir='ltr'><strong>Dei.</strong></span> <span class='ocrx_word' id='word_1_536' title='bbox 1672 3444 1933 3511; x_wconf 79' lang='lat' dir='ltr'><strong>Quoniam</strong></span> 
     </span>
    </p>
   </div>
   <div class='ocr_carea' id='block_1_70' title="bbox 364 3534 1936 3603">
    <p class='ocr_par' dir='ltr' id='par_1_70' title="bbox 364 3534 1936 3603">
     <span class='ocr_line' id='line_1_70' title="bbox 364 3534 1936 3603; baseline 0.002 -16"><span class='ocrx_word' id='word_1_537' title='bbox 364 3534 503 3588; x_wconf 78' lang='lat' dir='ltr'><strong>Deus</strong></span> <span class='ocrx_word' id='word_1_538' title='bbox 536 3534 589 3587; x_wconf 82' lang='lat' dir='ltr'><strong>in</strong></span> <span class='ocrx_word' id='word_1_539' title='bbox 624 3534 751 3589; x_wconf 81' lang='lat' dir='ltr'><strong>ccelo</strong></span> <span class='ocrx_word' id='word_1_540' title='bbox 771 3544 953 3603; x_wconf 78' lang='lat' dir='ltr'><strong>supra,</strong></span> <span class='ocrx_word' id='word_1_541' title='bbox 976 3542 1024 3587; x_wconf 82' lang='lat' dir='ltr'><strong>et</strong></span> <span class='ocrx_word' id='word_1_542' title='bbox 1054 3542 1107 3586; x_wconf 78' lang='lat' dir='ltr'><strong>tu</strong></span> <span class='ocrx_word' id='word_1_543' title='bbox 1142 3535 1352 3587; x_wconf 78' lang='lat' dir='ltr'><strong>interra</strong></span> <span class='ocrx_word' id='word_1_544' title='bbox 1387 3534 1526 3602; x_wconf 78' lang='lat' dir='ltr'><strong>infra</strong></span> <span class='ocrx_word' id='word_1_545' title='bbox 1550 3536 1670 3567; x_wconf 61' lang='lat'><strong>‘5&#39;“</strong></span> <span class='ocrx_word' id='word_1_546' title='bbox 1701 3553 1715 3589; x_wconf 88' lang='lat'><strong>:</strong></span> <span class='ocrx_word' id='word_1_547' title='bbox 1752 3544 1936 3590; x_wconf 82' lang='lat' dir='ltr'><strong>osten-</strong></span> 
     </span>
    </p>
   </div>
   <div class='ocr_carea' id='block_1_71' title="bbox 362 3624 1937 3693">
    <p class='ocr_par' dir='ltr' id='par_1_71' title="bbox 362 3624 1937 3693">
     <span class='ocr_line' id='line_1_71' title="bbox 362 3624 1937 3693; baseline 0.001 -15"><span class='ocrx_word' id='word_1_548' title='bbox 362 3624 519 3689; x_wconf 78' lang='lat' dir='ltr'><strong>dens,</strong></span> <span class='ocrx_word' id='word_1_549' title='bbox 541 3624 755 3693; x_wconf 91' lang='lat' dir='ltr'><strong>opinor,</strong></span> <span class='ocrx_word' id='word_1_550' title='bbox 815 3639 909 3693; x_wconf 90' lang='lat' dir='ltr'><strong>per</strong></span> <span class='ocrx_word' id='word_1_551' title='bbox 940 3624 1331 3680; x_wconf 88' lang='lat' dir='ltr'><strong>elementorum</strong></span> <span class='ocrx_word' id='word_1_552' title='bbox 1376 3628 1444 3679; x_wconf 88' lang='lat' dir='ltr'><strong>ab</strong></span> <span class='ocrx_word' id='word_1_553' title='bbox 1471 3624 1699 3691; x_wconf 81' lang='lat' dir='ltr'><strong>invicem</strong></span> <span class='ocrx_word' id='word_1_554' title='bbox 1737 3625 1937 3680; x_wconf 88' lang='lat' dir='ltr'><strong>distan-</strong></span> 
     </span>
    </p>
   </div>
   <div class='ocr_carea' id='block_1_72' title="bbox 364 3716 1937 3787">
    <p class='ocr_par' dir='ltr' id='par_1_72' title="bbox 364 3716 1937 3787">
     <span class='ocr_line' id='line_1_72' title="bbox 364 3716 1937 3787; baseline 0.001 -19"><span class='ocrx_word' id='word_1_555' title='bbox 364 3716 519 3781; x_wconf 90' lang='lat' dir='ltr'><strong>tiam,</strong></span> <span class='ocrx_word' id='word_1_556' title='bbox 571 3723 910 3786; x_wconf 87' lang='lat' dir='ltr'><strong>quantopere</strong></span> <span class='ocrx_word' id='word_1_557' title='bbox 964 3716 1144 3771; x_wconf 87' lang='lat' dir='ltr'><strong>divina</strong></span> <span class='ocrx_word' id='word_1_558' title='bbox 1187 3722 1383 3770; x_wconf 89' lang='lat' dir='ltr'><strong>natura</strong></span> <span class='ocrx_word' id='word_1_559' title='bbox 1425 3723 1673 3771; x_wconf 89' lang='lat' dir='ltr'><strong>terrenas</strong></span> <span class='ocrx_word' id='word_1_560' title='bbox 1718 3724 1937 3787; x_wconf 88' lang='lat' dir='ltr'><strong>superet</strong></span> 
     </span>
    </p>
   </div>
   <div class='ocr_carea' id='block_1_73' title="bbox 367 3803 1935 3879">
    <p class='ocr_par' dir='ltr' id='par_1_73' title="bbox 367 3803 1935 3879">
     <span class='ocr_line' id='line_1_73' title="bbox 367 3803 1935 3879; baseline 0.001 -18"><span class='ocrx_word' id='word_1_561' title='bbox 367 3807 746 3877; x_wconf 87' lang='lat' dir='ltr'><strong>cogitationes.</strong></span> <span class='ocrx_word' id='word_1_562' title='bbox 806 3803 945 3861; x_wconf 86' lang='lat' dir='ltr'><strong>lluic</strong></span> <span class='ocrx_word' id='word_1_563' title='bbox 979 3814 1157 3862; x_wconf 89' lang='lat' dir='ltr'><strong>tamen</strong></span> <span class='ocrx_word' id='word_1_564' title='bbox 1216 3807 1308 3860; x_wconf 88' lang='lat' dir='ltr'><strong>tali</strong></span> <span class='ocrx_word' id='word_1_565' title='bbox 1344 3822 1409 3861; x_wconf 87' lang='lat' dir='ltr'><strong>ac</strong></span> <span class='ocrx_word' id='word_1_566' title='bbox 1448 3815 1609 3861; x_wconf 78' lang='lat' dir='ltr'><strong>tanta:</strong></span> <span class='ocrx_word' id='word_1_567' title='bbox 1635 3807 1737 3871; x_wconf 85' lang='lat' dir='ltr'><strong>rei,</strong></span> <span class='ocrx_word' id='word_1_568' title='bbox 1769 3822 1935 3879; x_wconf 87' lang='lat' dir='ltr'><strong>quam</strong></span> 
     </span>
    </p>
   </div>
   <div class='ocr_carea' id='block_1_74' title="bbox 367 3897 1938 3969">
    <p class='ocr_par' dir='ltr' id='par_1_74' title="bbox 367 3897 1938 3969">
     <span class='ocr_line' id='line_1_74' title="bbox 367 3897 1938 3969; baseline 0.002 -17"><span class='ocrx_word' id='word_1_569' title='bbox 367 3913 544 3969; x_wconf 87' lang='lat' dir='ltr'><strong>neque</strong></span> <span class='ocrx_word' id='word_1_570' title='bbox 572 3899 775 3962; x_wconf 89' lang='lat' dir='ltr'><strong>videre,</strong></span> <span class='ocrx_word' id='word_1_571' title='bbox 805 3913 983 3967; x_wconf 90' lang='lat' dir='ltr'><strong>neque</strong></span> <span class='ocrx_word' id='word_1_572' title='bbox 1011 3897 1218 3962; x_wconf 88' lang='lat' dir='ltr'><strong>audire,</strong></span> <span class='ocrx_word' id='word_1_573' title='bbox 1253 3914 1430 3969; x_wconf 90' lang='lat' dir='ltr'><strong>neque</strong></span> <span class='ocrx_word' id='word_1_574' title='bbox 1456 3899 1669 3953; x_wconf 87' lang='lat' dir='ltr'><strong>ratione</strong></span> <span class='ocrx_word' id='word_1_575' title='bbox 1706 3913 1938 3969; x_wconf 88' lang='lat' dir='ltr'><strong>perpen-</strong></span> 
     </span>
    </p>
   </div>
   <div class='ocr_carea' id='block_1_75' title="bbox 368 3989 1937 4060">
    <p class='ocr_par' dir='ltr' id='par_1_75' title="bbox 368 3989 1937 4060">
     <span class='ocr_line' id='line_1_75' title="bbox 368 3989 1937 4060; baseline 0.004 -18"><span class='ocrx_word' id='word_1_576' title='bbox 368 3990 497 4045; x_wconf 87' lang='lat' dir='ltr'><strong>dere</strong></span> <span class='ocrx_word' id='word_1_577' title='bbox 539 3989 698 4054; x_wconf 86' lang='lat' dir='ltr'><strong>lieet,</strong></span> <span class='ocrx_word' id='word_1_578' title='bbox 750 3990 798 4044; x_wconf 91' lang='lat' dir='ltr'><strong>is</strong></span> <span class='ocrx_word' id='word_1_579' title='bbox 866 3991 957 4059; x_wconf 92' lang='lat' dir='ltr'><strong>qui</strong></span> <span class='ocrx_word' id='word_1_580' title='bbox 991 4004 1088 4060; x_wconf 90' lang='lat' dir='ltr'><strong>pro</strong></span> <span class='ocrx_word' id='word_1_581' title='bbox 1122 3991 1292 4044; x_wconf 90' lang='lat' dir='ltr'><strong>nihilo</strong></span> <span class='ocrx_word' id='word_1_582' title='bbox 1351 3990 1407 4044; x_wconf 92' lang='lat' dir='ltr'><strong>in</strong></span> <span class='ocrx_word' id='word_1_583' title='bbox 1453 3991 1616 4046; x_wconf 89' lang='lat' dir='ltr'><strong>rebus</strong></span> <span class='ocrx_word' id='word_1_584' title='bbox 1662 3991 1937 4048; x_wconf 89' lang='lat' dir='ltr'><strong>universis</strong></span> 
     </span>
    </p>
   </div>
   <div class='ocr_carea' id='block_1_76' title="bbox 371 4080 1937 4151">
    <p class='ocr_par' dir='ltr' id='par_1_76' title="bbox 371 4080 1937 4151">
     <span class='ocr_line' id='line_1_76' title="bbox 371 4080 1937 4151; baseline 0.001 -17"><span class='ocrx_word' id='word_1_585' title='bbox 371 4090 653 4151; x_wconf 90' lang='lat' dir='ltr'><strong>reputatus</strong></span> <span class='ocrx_word' id='word_1_586' title='bbox 682 4088 765 4135; x_wconf 91' lang='lat' dir='ltr'><strong>est</strong></span> <span class='ocrx_word' id='word_1_587' title='bbox 801 4080 984 4146; x_wconf 90' lang='lat' dir='ltr'><strong>homo,</strong></span> <span class='ocrx_word' id='word_1_588' title='bbox 1006 4080 1105 4150; x_wconf 88' lang='lat' dir='ltr'><strong>&#39;qui</strong></span> <span class='ocrx_word' id='word_1_589' title='bbox 1141 4080 1302 4145; x_wconf 89' lang='lat' dir='ltr'><strong>cinis,</strong></span> <span class='ocrx_word' id='word_1_590' title='bbox 1335 4080 1428 4150; x_wconf 87' lang='lat' dir='ltr'><strong>qui</strong></span> <span class='ocrx_word' id='word_1_591' title='bbox 1463 4080 1670 4145; x_wconf 79' lang='lat' dir='ltr'><strong>fenum,</strong></span> <span class='ocrx_word' id='word_1_592' title='bbox 1712 4082 1804 4151; x_wconf 90' lang='lat' dir='ltr'><strong>qui</strong></span> <span class='ocrx_word' id='word_1_593' title='bbox 1839 4099 1937 4136; x_wconf 89' lang='lat' dir='ltr'><strong>va-</strong></span> 
     </span>
    </p>
   </div>
   <div class='ocr_carea' id='block_1_77' title="bbox 292 4166 1932 4240">
    <p class='ocr_par' dir='ltr' id='par_1_77' title="bbox 292 4166 1932 4240">
     <span class='ocr_line' id='line_1_77' title="bbox 292 4166 1932 4240; baseline 0 -14"><span class='ocrx_word' id='word_1_594' title='bbox 292 4173 299 4181; x_wconf 88' lang='lat'><strong>&#39;</strong></span> <span class='ocrx_word' id='word_1_595' title='bbox 371 4173 517 4227; x_wconf 88' lang='lat' dir='ltr'><strong>nitas</strong></span> <span class='ocrx_word' id='word_1_596' title='bbox 545 4179 649 4236; x_wconf 84' lang='lat' dir='ltr'><strong>est,</strong></span> <span class='ocrx_word' id='word_1_597' title='bbox 682 4172 1027 4237; x_wconf 85' lang='lat' dir='ltr'><strong>conciliatur,</strong></span> <span class='ocrx_word' id='word_1_598' title='bbox 1063 4166 1307 4240; x_wconf 81' lang='lat' dir='ltr'><strong>atquein</strong></span> <span class='ocrx_word' id='word_1_599' title='bbox 1345 4173 1523 4226; x_wconf 88' lang='lat' dir='ltr'><strong>locum</strong></span> <span class='ocrx_word' id='word_1_600' title='bbox 1557 4172 1652 4225; x_wconf 86' lang='lat' dir='ltr'><strong>ﬁlii</strong></span> <span class='ocrx_word' id='word_1_601' title='bbox 1690 4172 1932 4227; x_wconf 91' lang='lat' dir='ltr'><strong>assumi-</strong></span> 
     </span>
    </p>
   </div>
   <div class='ocr_carea' id='block_1_78' title="bbox 371 4262 1938 4330">
    <p class='ocr_par' dir='ltr' id='par_1_78' title="bbox 371 4262 1938 4330">
     <span class='ocr_line' id='line_1_78' title="bbox 371 4262 1938 4330; baseline -0.004 -11"><span class='ocrx_word' id='word_1_602' title='bbox 371 4274 527 4319; x_wconf 88' lang='lat' dir='ltr'><strong>tura</strong></span> <span class='ocrx_word' id='word_1_603' title='bbox 580 4263 689 4319; x_wconf 90' lang='lat' dir='ltr'><strong>Deo</strong></span> <span class='ocrx_word' id='word_1_604' title='bbox 748 4279 930 4318; x_wconf 89' lang='lat' dir='ltr'><strong>rerum</strong></span> <span class='ocrx_word' id='word_1_605' title='bbox 982 4263 1379 4318; x_wconf 85' lang='lat' dir='ltr'><strong>universarum.</strong></span> <span class='ocrx_word' id='word_1_606' title='bbox 1450 4262 1581 4328; x_wconf 80' lang='lat' dir='ltr'><strong>Qtue</strong></span> <span class='ocrx_word' id='word_1_607' title='bbox 1639 4262 1938 4330; x_wconf 85' lang='lat' dir='ltr'><strong>gratiarum</strong></span> 
     </span>
    </p>
   </div>
   <div class='ocr_carea' id='block_1_79' title="bbox 2032 3162 3621 3239">
    <p class='ocr_par' dir='ltr' id='par_1_79' title="bbox 2032 3162 3621 3239">
     <span class='ocr_line' id='line_1_79' title="bbox 2032 3162 3621 3239; baseline -0.004 -18"><span class='ocrx_word' id='word_1_608' title='bbox 2032 3187 2153 3239; x_wconf 85' lang='grc' dir='ltr'>της,</span> <span class='ocrx_word' id='word_1_609' title='bbox 2187 3166 2499 3231; x_wconf 77' lang='grc' dir='ltr'>οἰκειοῦται,</span> <span class='ocrx_word' id='word_1_610' title='bbox 2554 3168 2633 3229; x_wconf 87' lang='grc' dir='ltr'><strong>εἰς</strong></span> <span class='ocrx_word' id='word_1_611' title='bbox 2675 3165 2790 3218; x_wconf 80' lang='grc' dir='ltr'><strong>υἱοῦ</strong></span> <span class='ocrx_word' id='word_1_612' title='bbox 2828 3164 2981 3233; x_wconf 71' lang='grc' dir='ltr'>τάξιν</span> <span class='ocrx_word' id='word_1_613' title='bbox 3022 3164 3170 3234; x_wconf 77' lang='grc' dir='ltr'>παρὰ</span> <span class='ocrx_word' id='word_1_614' title='bbox 3204 3162 3299 3215; x_wconf 76' lang='grc' dir='ltr'>τοῦ</span> <span class='ocrx_word' id='word_1_615' title='bbox 3331 3162 3482 3215; x_wconf 70' lang='grc' dir='ltr'>Θεοῦ</span> <span class='ocrx_word' id='word_1_616' title='bbox 3518 3164 3621 3216; x_wconf 73' lang='grc' dir='ltr'>τῶν</span> 
     </span>
    </p>
   </div>
   <div class='ocr_carea' id='block_1_80' title="bbox 2032 3252 3621 3328">
    <p class='ocr_par' dir='ltr' id='par_1_80' title="bbox 2032 3252 3621 3328">
     <span class='ocr_line' id='line_1_80' title="bbox 2032 3252 3621 3328; baseline -0.006 -17"><span class='ocrx_word' id='word_1_617' title='bbox 2032 3258 2167 3311; x_wconf 85' lang='grc' dir='ltr'>ὅλων</span> <span class='ocrx_word' id='word_1_618' title='bbox 2192 3255 2757 3328; x_wconf 60' lang='grc' dir='ltr'>προσλαμὼνόμενος.</span> <span class='ocrx_word' id='word_1_619' title='bbox 2784 3254 2849 3306; x_wconf 88' lang='grc' dir='ltr'>Τί</span> <span class='ocrx_word' id='word_1_620' title='bbox 2877 3253 2976 3323; x_wconf 81' lang='grc' dir='ltr'>τῆς</span> <span class='ocrx_word' id='word_1_621' title='bbox 3002 3253 3223 3324; x_wconf 84' lang='grc' dir='ltr'>χάριτος</span> <span class='ocrx_word' id='word_1_622' title='bbox 3242 3252 3461 3320; x_wconf 80' lang='grc' dir='ltr'>ταύτης</span> <span class='ocrx_word' id='word_1_623' title='bbox 3484 3252 3621 3306; x_wconf 75' lang='grc' dir='ltr'>ἐστιν</span> 
     </span>
    </p>
   </div>
   <div class='ocr_carea' id='block_1_81' title="bbox 2033 3343 3623 3418">
    <p class='ocr_par' dir='ltr' id='par_1_81' title="bbox 2033 3343 3623 3418">
     <span class='ocr_line' id='line_1_81' title="bbox 2033 3343 3623 3418; baseline -0.004 -18"><span class='ocrx_word' id='word_1_624' title='bbox 2033 3348 2212 3418; x_wconf 81' lang='grc' dir='ltr'>εὑρεῖν</span> <span class='ocrx_word' id='word_1_625' title='bbox 2245 3348 2323 3410; x_wconf 78' lang='grc' dir='ltr'>εἰς</span> <span class='ocrx_word' id='word_1_626' title='bbox 2342 3346 2693 3416; x_wconf 82' lang='grc' dir='ltr'>εὐχαριστίαν</span> <span class='ocrx_word' id='word_1_627' title='bbox 2718 3345 2973 3412; x_wconf 76' lang='grc' dir='ltr'>ὲπάξιον;</span> <span class='ocrx_word' id='word_1_628' title='bbox 3009 3343 3174 3397; x_wconf 86' lang='grc' dir='ltr'>Ποίαν</span> <span class='ocrx_word' id='word_1_629' title='bbox 3210 3344 3431 3414; x_wconf 76' lang='grc' dir='ltr'>φωνὴν,</span> <span class='ocrx_word' id='word_1_630' title='bbox 3464 3344 3623 3396; x_wconf 78' lang='grc' dir='ltr'>ποίαν</span> 
     </span>
    </p>
   </div>
   <div class='ocr_carea' id='block_1_82' title="bbox 2033 3435 3624 3508">
    <p class='ocr_par' dir='ltr' id='par_1_82' title="bbox 2033 3435 3624 3508">
     <span class='ocr_line' id='line_1_82' title="bbox 2033 3435 3624 3508; baseline -0.004 -15"><span class='ocrx_word' id='word_1_631' title='bbox 2033 3440 2290 3501; x_wconf 90' lang='grc' dir='ltr'>διάνοιαν,</span> <span class='ocrx_word' id='word_1_632' title='bbox 2327 3439 2483 3492; x_wconf 81' lang='grc' dir='ltr'>ποίαν</span> <span class='ocrx_word' id='word_1_633' title='bbox 2517 3437 2865 3508; x_wconf 76' lang='grc' dir='ltr'>ἐνθυμήσεως</span> <span class='ocrx_word' id='word_1_634' title='bbox 2898 3437 3133 3506; x_wconf 82' lang='grc' dir='ltr'>κίνησιν,</span> <span class='ocrx_word' id='word_1_635' title='bbox 3175 3435 3240 3488; x_wconf 84' lang='grc' dir='ltr'><strong>δι’</strong></span> <span class='ocrx_word' id='word_1_636' title='bbox 3267 3435 3340 3505; x_wconf 81' lang='grc' dir='ltr'>ἢν</span> <span class='ocrx_word' id='word_1_637' title='bbox 3376 3435 3490 3505; x_wconf 77' lang='grc' dir='ltr'>τὴν</span> <span class='ocrx_word' id='word_1_638' title='bbox 3527 3436 3624 3503; x_wconf 72' lang='grc' dir='ltr'>τῆς</span> 
     </span>
    </p>
   </div>
   <div class='ocr_carea' id='block_1_83' title="bbox 2033 3526 3624 3602">
    <p class='ocr_par' dir='ltr' id='par_1_83' title="bbox 2033 3526 3624 3602">
     <span class='ocr_line' id='line_1_83' title="bbox 2033 3526 3624 3602; baseline -0.003 -19"><span class='ocrx_word' id='word_1_639' title='bbox 2033 3531 2254 3602; x_wconf 84' lang='grc' dir='ltr'>χάριτος</span> <span class='ocrx_word' id='word_1_640' title='bbox 2288 3529 2587 3600; x_wconf 75' lang='grc' dir='ltr'>ὑπερϐολὴν</span> <span class='ocrx_word' id='word_1_641' title='bbox 2631 3529 2968 3599; x_wconf 76' lang='grc' dir='ltr'>ἁνυμνὴσει;</span> <span class='ocrx_word' id='word_1_642' title='bbox 3011 3526 3253 3599; x_wconf 69' lang='grc' dir='ltr'>ἐκβαίνει</span> <span class='ocrx_word' id='word_1_643' title='bbox 3285 3526 3389 3598; x_wconf 74' lang='grc' dir='ltr'>τὴν</span> <span class='ocrx_word' id='word_1_644' title='bbox 3427 3526 3624 3581; x_wconf 72' lang='grc' dir='ltr'>ἑαυτοῦ</span> 
     </span>
    </p>
   </div>
   <div class='ocr_carea' id='block_1_84' title="bbox 2035 3616 3626 3694">
    <p class='ocr_par' dir='ltr' id='par_1_84' title="bbox 2035 3616 3626 3694">
     <span class='ocr_line' id='line_1_84' title="bbox 2035 3616 3626 3694; baseline -0.002 -19"><span class='ocrx_word' id='word_1_645' title='bbox 2035 3623 2194 3692; x_wconf 87' lang='grc' dir='ltr'>φύσιν</span> <span class='ocrx_word' id='word_1_646' title='bbox 2219 3622 2247 3674; x_wconf 89' lang='grc' dir='ltr'>ὁ</span> <span class='ocrx_word' id='word_1_647' title='bbox 2267 3620 2570 3694; x_wconf 81' lang='grc' dir='ltr'>ἄνθρωπος,</span> <span class='ocrx_word' id='word_1_648' title='bbox 2596 3620 2862 3683; x_wconf 76' lang='grc' dir='ltr'>ἀθάνατος</span> <span class='ocrx_word' id='word_1_649' title='bbox 2887 3621 2952 3673; x_wconf 81' lang='grc' dir='ltr'><strong>ὲκ</strong></span> <span class='ocrx_word' id='word_1_650' title='bbox 2973 3618 3189 3689; x_wconf 77' lang='grc' dir='ltr'>θνητοῦ,</span> <span class='ocrx_word' id='word_1_651' title='bbox 3214 3620 3310 3672; x_wconf 79' lang='grc' dir='ltr'><strong>καὶ</strong></span> <span class='ocrx_word' id='word_1_652' title='bbox 3338 3616 3405 3682; x_wconf 76' lang='grc' dir='ltr'>ἐξ</span> <span class='ocrx_word' id='word_1_653' title='bbox 3428 3620 3626 3689; x_wconf 76' lang='grc' dir='ltr'><strong>ἐπική-</strong></span> 
     </span>
    </p>
   </div>
   <div class='ocr_carea' id='block_1_85' title="bbox 2038 3708 3627 3787">
    <p class='ocr_par' dir='ltr' id='par_1_85' title="bbox 2038 3708 3627 3787">
     <span class='ocr_line' id='line_1_85' title="bbox 2038 3708 3627 3787; baseline -0.003 -20"><span class='ocrx_word' id='word_1_654' title='bbox 2038 3730 2131 3787; x_wconf 86' lang='grc' dir='ltr'><strong>ρου</strong></span> <span class='ocrx_word' id='word_1_655' title='bbox 2166 3713 2459 3783; x_wconf 85' lang='grc' dir='ltr'>ἀκήρατος,</span> <span class='ocrx_word' id='word_1_656' title='bbox 2506 3711 2596 3764; x_wconf 73' lang='grc' dir='ltr'><strong>καὶ</strong></span> <span class='ocrx_word' id='word_1_657' title='bbox 2624 3709 2683 3776; x_wconf 78' lang='grc' dir='ltr'>ἐξ</span> <span class='ocrx_word' id='word_1_658' title='bbox 2720 3710 2998 3781; x_wconf 77' lang='grc' dir='ltr'>ἐφημέρου</span> <span class='ocrx_word' id='word_1_659' title='bbox 3038 3710 3226 3775; x_wconf 82' lang='grc' dir='ltr'>ἀΐδιος,</span> <span class='ocrx_word' id='word_1_660' title='bbox 3266 3709 3363 3762; x_wconf 78' lang='grc' dir='ltr'><strong>καὶ</strong></span> <span class='ocrx_word' id='word_1_661' title='bbox 3413 3708 3482 3762; x_wconf 78' lang='grc' dir='ltr'>τὸ</span> <span class='ocrx_word' id='word_1_662' title='bbox 3510 3710 3627 3763; x_wconf 78' lang='grc' dir='ltr'>ὅλον</span> 
     </span>
    </p>
   </div>
   <div class='ocr_carea' id='block_1_86' title="bbox 2032 3798 3625 3872">
    <p class='ocr_par' dir='ltr' id='par_1_86' title="bbox 2032 3798 3625 3872">
     <span class='ocr_line' id='line_1_86' title="bbox 2032 3798 3625 3872; baseline -0.005 -13"><span class='ocrx_word' id='word_1_663' title='bbox 2032 3804 2153 3868; x_wconf 80' lang='grc' dir='ltr'>θεὸς</span> <span class='ocrx_word' id='word_1_664' title='bbox 2191 3800 2251 3868; x_wconf 75' lang='grc' dir='ltr'>ἐξ</span> <span class='ocrx_word' id='word_1_665' title='bbox 2276 3801 2563 3872; x_wconf 82' lang='grc' dir='ltr'>ἀνθρώπου</span> <span class='ocrx_word' id='word_1_666' title='bbox 2592 3802 2894 3871; x_wconf 85' lang='grc' dir='ltr'>γινόμενος.</span> <span class='ocrx_word' id='word_1_667' title='bbox 2931 3801 2989 3853; x_wconf 87' lang='lat'><strong>&#39;0</strong></span> <span class='ocrx_word' id='word_1_668' title='bbox 3016 3800 3123 3871; x_wconf 69' lang='grc' dir='ltr'><strong>γὰρ</strong></span> <span class='ocrx_word' id='word_1_669' title='bbox 3149 3798 3284 3851; x_wconf 72' lang='grc' dir='ltr'>Θεοῦ</span> <span class='ocrx_word' id='word_1_670' title='bbox 3317 3799 3440 3862; x_wconf 85' lang='grc' dir='ltr'><strong>υἱὸς</strong></span> <span class='ocrx_word' id='word_1_671' title='bbox 3479 3798 3625 3866; x_wconf 73' lang='grc' dir='ltr'>γενέ-</span> 
     </span>
    </p>
   </div>
   <div class='ocr_carea' id='block_1_87' title="bbox 2040 3889 3625 3962">
    <p class='ocr_par' dir='ltr' id='par_1_87' title="bbox 2040 3889 3625 3962">
     <span class='ocr_line' id='line_1_87' title="bbox 2040 3889 3625 3962; baseline -0.004 -14"><span class='ocrx_word' id='word_1_672' title='bbox 2040 3894 2161 3948; x_wconf 86' lang='grc' dir='ltr'>σθαι</span> <span class='ocrx_word' id='word_1_673' title='bbox 2194 3894 2463 3960; x_wconf 76' lang='grc' dir='ltr'>ἀξιωθεὶς,</span> <span class='ocrx_word' id='word_1_674' title='bbox 2509 3892 2620 3958; x_wconf 78' lang='grc' dir='ltr'>’ἐξει</span> <span class='ocrx_word' id='word_1_675' title='bbox 2661 3894 2878 3956; x_wconf 83' lang='grc' dir='ltr'>πάντως</span> <span class='ocrx_word' id='word_1_676' title='bbox 2905 3894 2963 3946; x_wconf 77' lang='grc' dir='ltr'>ἐν</span> <span class='ocrx_word' id='word_1_677' title='bbox 2993 3890 3171 3962; x_wconf 79' lang='grc' dir='ltr'>ἑαυτῷ</span> <span class='ocrx_word' id='word_1_678' title='bbox 3197 3889 3293 3943; x_wconf 73' lang='grc' dir='ltr'><strong>τοῦ</strong></span> <span class='ocrx_word' id='word_1_679' title='bbox 3328 3892 3550 3961; x_wconf 80' lang='grc' dir='ltr'>πατρὸς</span> <span class='ocrx_word' id='word_1_680' title='bbox 3574 3892 3625 3943; x_wconf 73' lang='grc' dir='ltr'>τὸ</span> 
     </span>
    </p>
   </div>
   <div class='ocr_carea' id='block_1_88' title="bbox 2038 3981 3625 4056">
    <p class='ocr_par' dir='ltr' id='par_1_88' title="bbox 2038 3981 3625 4056">
     <span class='ocr_line' id='line_1_88' title="bbox 2038 3981 3625 4056; baseline -0.004 -16"><span class='ocrx_word' id='word_1_681' title='bbox 2038 3986 2272 4056; x_wconf 78' lang='grc' dir='ltr'>ἀξίωμα,</span> <span class='ocrx_word' id='word_1_682' title='bbox 2320 3986 2415 4039; x_wconf 70' lang='grc' dir='ltr'><strong>καὶ</strong></span> <span class='ocrx_word' id='word_1_683' title='bbox 2446 3985 2659 4039; x_wconf 86' lang='grc' dir='ltr'>πάντων</span> <span class='ocrx_word' id='word_1_684' title='bbox 2685 3985 2891 4054; x_wconf 84' lang='grc' dir='ltr'>γίνεται</span> <span class='ocrx_word' id='word_1_685' title='bbox 2938 3982 3047 4036; x_wconf 82' lang='grc' dir='ltr'>τῶν</span> <span class='ocrx_word' id='word_1_686' title='bbox 3082 3981 3367 4053; x_wconf 77' lang='grc' dir='ltr'>πατρικῶν</span> <span class='ocrx_word' id='word_1_687' title='bbox 3404 3983 3625 4051; x_wconf 80' lang='grc' dir='ltr'>ἀγαθῶν</span> 
     </span>
    </p>
   </div>
   <div class='ocr_carea' id='block_1_89' title="bbox 2039 4072 3626 4147">
    <p class='ocr_par' dir='ltr' id='par_1_89' title="bbox 2039 4072 3626 4147">
     <span class='ocr_line' id='line_1_89' title="bbox 2039 4072 3626 4147; baseline -0.004 -17"><span class='ocrx_word' id='word_1_688' title='bbox 2039 4076 2370 4147; x_wconf 77' lang='grc' dir='ltr'>κληρονόμος</span> <span class='ocrx_word' id='word_1_689' title='bbox 2392 4092 2406 4106; x_wconf 74' lang='grc'><strong><em>⁸</em></strong></span> <span class='ocrx_word' id='word_1_690' title='bbox 2441 4073 2486 4127; x_wconf 80' lang='grc' dir='ltr'><strong>ὢ</strong></span> <span class='ocrx_word' id='word_1_691' title='bbox 2519 4077 2615 4144; x_wconf 84' lang='grc' dir='ltr'>τῆς</span> <span class='ocrx_word' id='word_1_692' title='bbox 2651 4073 3061 4145; x_wconf 78' lang='grc' dir='ltr'>μεγαλοδωρεᾶς</span> <span class='ocrx_word' id='word_1_693' title='bbox 3082 4072 3174 4145; x_wconf 73' lang='grc' dir='ltr'>τοῦ</span> <span class='ocrx_word' id='word_1_694' title='bbox 3204 4072 3473 4124; x_wconf 71' lang='grc' dir='ltr'>πλουσίου</span> <span class='ocrx_word' id='word_1_695' title='bbox 3499 4075 3626 4124; x_wconf 83' lang='grc' dir='ltr'>Δεσ-</span> 
     </span>
    </p>
   </div>
   <div class='ocr_carea' id='block_1_90' title="bbox 2040 4162 3625 4235">
    <p class='ocr_par' dir='ltr' id='par_1_90' title="bbox 2040 4162 3625 4235">
     <span class='ocr_line' id='line_1_90' title="bbox 2040 4162 3625 4235; baseline -0.001 -16"><span class='ocrx_word' id='word_1_696' title='bbox 2040 4168 2242 4220; x_wconf 75' lang='grc' dir='ltr'>πότουῐ</span> <span class='ocrx_word' id='word_1_697' title='bbox 2275 4165 2319 4219; x_wconf 86' lang='grc' dir='ltr'>ὢ</span> <span class='ocrx_word' id='word_1_698' title='bbox 2361 4166 2458 4235; x_wconf 81' lang='grc' dir='ltr'>τῆς</span> <span class='ocrx_word' id='word_1_699' title='bbox 2499 4165 2755 4226; x_wconf 81' lang='grc' dir='ltr'>πλατείας</span> <span class='ocrx_word' id='word_1_700' title='bbox 2787 4165 3040 4235; x_wconf 64' lang='grc' dir='ltr'>παλάμῃς</span> <span class='ocrx_word' id='word_1_701' title='bbox 3081 4165 3093 4216; x_wconf 92' lang='lat'><strong>!</strong></span> <span class='ocrx_word' id='word_1_702' title='bbox 3134 4162 3179 4215; x_wconf 81' lang='grc' dir='ltr'>ὦ</span> <span class='ocrx_word' id='word_1_703' title='bbox 3228 4166 3331 4232; x_wconf 74' lang='grc' dir='ltr'>τῆς</span> <span class='ocrx_word' id='word_1_704' title='bbox 3379 4165 3625 4234; x_wconf 70' lang='grc' dir='ltr'>μεγάλης</span> 
     </span>
    </p>
   </div>
   <div class='ocr_carea' id='block_1_91' title="bbox 2040 4246 3625 4328">
    <p class='ocr_par' dir='ltr' id='par_1_91' title="bbox 2040 4246 3625 4328">
     <span class='ocr_line' id='line_1_91' title="bbox 2040 4246 3625 4328; baseline 0 -18"><span class='ocrx_word' id='word_1_705' title='bbox 2040 4246 2283 4328; x_wconf 58' lang='grc' dir='ltr'>χειρόςΓ</span> <span class='ocrx_word' id='word_1_706' title='bbox 2313 4257 2474 4328; x_wconf 76' lang='grc' dir='ltr'>ἡλίκα</span> <span class='ocrx_word' id='word_1_707' title='bbox 2525 4255 2635 4307; x_wconf 82' lang='grc' dir='ltr'>τῶν</span> <span class='ocrx_word' id='word_1_708' title='bbox 2691 4257 3016 4326; x_wconf 74' lang='grc' dir='ltr'>ἀπορρήτων</span> <span class='ocrx_word' id='word_1_709' title='bbox 3073 4255 3364 4326; x_wconf 73' lang='grc' dir='ltr'>Θησαυρῶν</span> <span class='ocrx_word' id='word_1_710' title='bbox 3419 4258 3494 4310; x_wconf 65' lang='grc' dir='ltr'>τὰ</span> <span class='ocrx_word' id='word_1_711' title='bbox 3535 4275 3625 4327; x_wconf 70' lang='grc' dir='ltr'><strong>χα-</strong></span> 
     </span>
    </p>
   </div>
   <div class='ocr_carea' id='block_1_92' title="bbox 370 4347 1829 4440">
    <p class='ocr_par' dir='ltr' id='par_1_92' title="bbox 370 4353 1829 4424">
     <span class='ocr_line' id='line_1_92' title="bbox 370 4353 1829 4424; baseline -0.004 -13"><span class='ocrx_word' id='word_1_712' title='bbox 370 4359 513 4411; x_wconf 79' lang='lat' dir='ltr'><strong>actio</strong></span> <span class='ocrx_word' id='word_1_713' title='bbox 546 4356 673 4409; x_wconf 88' lang='lat' dir='ltr'><strong>huic</strong></span> <span class='ocrx_word' id='word_1_714' title='bbox 699 4356 958 4411; x_wconf 77' lang='lat' dir='ltr'><strong>beneﬂcio</strong></span> <span class='ocrx_word' id='word_1_715' title='bbox 990 4370 1085 4424; x_wconf 89' lang='lat' dir='ltr'><strong>par</strong></span> <span class='ocrx_word' id='word_1_716' title='bbox 1118 4355 1347 4408; x_wconf 74' lang='lat' dir='ltr'><strong>inveniri</strong></span> <span class='ocrx_word' id='word_1_717' title='bbox 1409 4353 1629 4424; x_wconf 84' lang='lat' dir='ltr'><strong>potest?</strong></span> <span class='ocrx_word' id='word_1_718' title='bbox 1657 4367 1776 4421; x_wconf 71' lang='lat' dir='ltr'><strong>qua:</strong></span> <span class='ocrx_word' id='word_1_719' title='bbox 1807 4368 1829 4405; x_wconf 67' lang='grc' dir='ltr'><strong>ι</strong></span> 
     </span>
    </p>
   </div>
   <div class='ocr_carea' id='block_1_93' title="bbox 2167 4347 3626 4440">
    <p class='ocr_par' dir='ltr' id='par_1_93' title="bbox 2167 4347 3626 4419">
     <span class='ocr_line' id='line_1_93' title="bbox 2167 4347 3626 4419; baseline 0.001 -18"><span class='ocrx_word' id='word_1_720' title='bbox 2167 4367 2283 4404; x_wconf 72' lang='grc' dir='ltr'>ιατα</span> <span class='ocrx_word' id='word_1_721' title='bbox 2306 4351 2318 4403; x_wconf 86' lang='lat'>!</span> <span class='ocrx_word' id='word_1_722' title='bbox 2351 4349 2443 4412; x_wconf 84' lang='grc' dir='ltr'>Εἰς</span> <span class='ocrx_word' id='word_1_723' title='bbox 2470 4349 2529 4401; x_wconf 76' lang='grc' dir='ltr'>τὸ</span> <span class='ocrx_word' id='word_1_724' title='bbox 2550 4349 2804 4419; x_wconf 73' lang='grc' dir='ltr'>ὁμότιμον</span> <span class='ocrx_word' id='word_1_725' title='bbox 2830 4348 3006 4418; x_wconf 78' lang='grc' dir='ltr'>ἑαυτῷ</span> <span class='ocrx_word' id='word_1_726' title='bbox 3032 4347 3212 4418; x_wconf 83' lang='grc' dir='ltr'>σχεδὸν</span> <span class='ocrx_word' id='word_1_727' title='bbox 3242 4348 3348 4418; x_wconf 83' lang='grc' dir='ltr'>τὴν</span> <span class='ocrx_word' id='word_1_728' title='bbox 3366 4350 3433 4416; x_wconf 81' lang='grc' dir='ltr'><strong>ἐξ</strong></span> <span class='ocrx_word' id='word_1_729' title='bbox 3453 4351 3626 4419; x_wconf 70' lang='grc' dir='ltr'>ἁμαρ-</span> 
     </span>
    </p>
   </div>
   <div class='ocr_carea' id='block_1_94' title="bbox 373 4445 1939 4519">
    <p class='ocr_par' dir='ltr' id='par_1_94' title="bbox 373 4445 1939 4519">
     <span class='ocr_line' id='line_1_94' title="bbox 373 4445 1939 4519; baseline -0.003 -15"><span class='ocrx_word' id='word_1_730' title='bbox 373 4464 492 4519; x_wconf 70' lang='lat' dir='ltr'><strong>qute</strong></span> <span class='ocrx_word' id='word_1_731' title='bbox 521 4448 812 4511; x_wconf 85' lang='lat' dir='ltr'><strong>sententia,</strong></span> <span class='ocrx_word' id='word_1_732' title='bbox 840 4449 964 4517; x_wconf 84' lang='lat' dir='ltr'><strong>quis</strong></span> <span class='ocrx_word' id='word_1_733' title='bbox 992 4447 1344 4517; x_wconf 83' lang='lat' dir='ltr'><strong>cogitationis</strong></span> <span class='ocrx_word' id='word_1_734' title='bbox 1389 4455 1592 4508; x_wconf 87' lang='lat' dir='ltr'><strong>motus,</strong></span> <span class='ocrx_word' id='word_1_735' title='bbox 1628 4446 1830 4514; x_wconf 90' lang='lat' dir='ltr'><strong>quibus</strong></span> <span class='ocrx_word' id='word_1_736' title='bbox 1859 4445 1939 4499; x_wconf 90' lang='lat' dir='ltr'><strong>in-</strong></span> 
     </span>
    </p>
   </div>
   <div class='ocr_carea' id='block_1_95' title="bbox 375 4537 1939 4610">
    <p class='ocr_par' dir='ltr' id='par_1_95' title="bbox 375 4537 1939 4610">
     <span class='ocr_line' id='line_1_95' title="bbox 375 4537 1939 4610; baseline -0.003 -13"><span class='ocrx_word' id='word_1_737' title='bbox 375 4541 683 4610; x_wconf 87' lang='lat' dir='ltr'><strong>superabile</strong></span> <span class='ocrx_word' id='word_1_738' title='bbox 743 4540 1063 4594; x_wconf 89' lang='lat' dir='ltr'><strong>benelicium</strong></span> <span class='ocrx_word' id='word_1_739' title='bbox 1121 4538 1467 4593; x_wconf 89' lang='lat' dir='ltr'><strong>celebretur?</strong></span> <span class='ocrx_word' id='word_1_740' title='bbox 1515 4537 1738 4592; x_wconf 77' lang='lat' dir='ltr'><strong>Excedit</strong></span> <span class='ocrx_word' id='word_1_741' title='bbox 1774 4537 1939 4592; x_wconf 87' lang='lat' dir='ltr'><strong>homo</strong></span> 
     </span>
    </p>
   </div>
   <div class='ocr_carea' id='block_1_96' title="bbox 375 4630 1940 4702">
    <p class='ocr_par' dir='ltr' id='par_1_96' title="bbox 375 4630 1940 4702">
     <span class='ocr_line' id='line_1_96' title="bbox 375 4630 1940 4702; baseline -0.003 -15"><span class='ocrx_word' id='word_1_742' title='bbox 375 4648 530 4687; x_wconf 85' lang='lat' dir='ltr'><strong>suam</strong></span> <span class='ocrx_word' id='word_1_743' title='bbox 562 4632 735 4702; x_wconf 89' lang='lat' dir='ltr'><strong>ipsius</strong></span> <span class='ocrx_word' id='word_1_744' title='bbox 766 4640 1041 4694; x_wconf 86' lang='lat' dir='ltr'><strong>naturam,</strong></span> <span class='ocrx_word' id='word_1_745' title='bbox 1117 4630 1442 4685; x_wconf 86' lang='lat' dir='ltr'><strong>immortalis</strong></span> <span class='ocrx_word' id='word_1_746' title='bbox 1479 4644 1545 4683; x_wconf 81' lang='lat' dir='ltr'><strong>ex</strong></span> <span class='ocrx_word' id='word_1_747' title='bbox 1587 4630 1837 4695; x_wconf 89' lang='lat' dir='ltr'><strong>mortali;</strong></span> <span class='ocrx_word' id='word_1_748' title='bbox 1873 4645 1940 4685; x_wconf 78' lang='lat' dir='ltr'><strong>ex</strong></span> 
     </span>
    </p>
   </div>
   <div class='ocr_carea' id='block_1_97' title="bbox 377 4719 1940 4792">
    <p class='ocr_par' dir='ltr' id='par_1_97' title="bbox 377 4719 1940 4792">
     <span class='ocr_line' id='line_1_97' title="bbox 377 4719 1940 4792; baseline -0.001 -17"><span class='ocrx_word' id='word_1_749' title='bbox 377 4721 554 4792; x_wconf 81' lang='lat' dir='ltr'><strong>fragili</strong></span> <span class='ocrx_word' id='word_1_750' title='bbox 600 4729 762 4791; x_wconf 86' lang='lat' dir='ltr'><strong>atque</strong></span> <span class='ocrx_word' id='word_1_751' title='bbox 810 4721 1039 4784; x_wconf 89' lang='lat' dir='ltr'><strong>caduco,</strong></span> <span class='ocrx_word' id='word_1_752' title='bbox 1097 4721 1304 4790; x_wconf 87' lang='lat' dir='ltr'><strong>integer</strong></span> <span class='ocrx_word' id='word_1_753' title='bbox 1332 4729 1385 4773; x_wconf 91' lang='lat' dir='ltr'><strong>et</strong></span> <span class='ocrx_word' id='word_1_754' title='bbox 1422 4719 1822 4788; x_wconf 87' lang='lat' dir='ltr'><strong>incorruptus;</strong></span> <span class='ocrx_word' id='word_1_755' title='bbox 1872 4735 1940 4774; x_wconf 79' lang='lat' dir='ltr'><strong>ex</strong></span> 
     </span>
    </p>
   </div>
   <div class='ocr_carea' id='block_1_98' title="bbox 376 4808 1934 4884">
    <p class='ocr_par' dir='ltr' id='par_1_98' title="bbox 376 4808 1934 4884">
     <span class='ocr_line' id='line_1_98' title="bbox 376 4808 1934 4884; baseline -0.005 -15"><span class='ocrx_word' id='word_1_756' title='bbox 376 4814 552 4869; x_wconf 83' lang='lat' dir='ltr'><strong>diario</strong></span> <span class='ocrx_word' id='word_1_757' title='bbox 579 4822 742 4884; x_wconf 89' lang='lat' dir='ltr'><strong>atque</strong></span> <span class='ocrx_word' id='word_1_758' title='bbox 773 4812 1125 4882; x_wconf 88' lang='lat' dir='ltr'><strong>temporario,</strong></span> <span class='ocrx_word' id='word_1_759' title='bbox 1150 4808 1551 4878; x_wconf 85' lang='lat' dir='ltr'><strong>sempiternus;</strong></span> <span class='ocrx_word' id='word_1_760' title='bbox 1603 4809 1659 4861; x_wconf 87' lang='lat' dir='ltr'><strong>in</strong></span> <span class='ocrx_word' id='word_1_761' title='bbox 1699 4824 1934 4873; x_wconf 84' lang='lat' dir='ltr'><strong>summa,</strong></span> 
     </span>
    </p>
   </div>
   <div class='ocr_carea' id='block_1_99' title="bbox 2040 4438 3623 4510">
    <p class='ocr_par' dir='ltr' id='par_1_99' title="bbox 2040 4438 3623 4510">
     <span class='ocr_line' id='line_1_99' title="bbox 2040 4438 3623 4510; baseline -0.002 -18"><span class='ocrx_word' id='word_1_762' title='bbox 2040 4439 2158 4503; x_wconf 80' lang='grc' dir='ltr'>τίας</span> <span class='ocrx_word' id='word_1_763' title='bbox 2210 4440 2569 4510; x_wconf 84' lang='grc' dir='ltr'>ἁτιμωθεῖσαν</span> <span class='ocrx_word' id='word_1_764' title='bbox 2632 4438 2791 4507; x_wconf 73' lang='grc' dir='ltr'>φύσιν</span> <span class='ocrx_word' id='word_1_765' title='bbox 2851 4439 2954 4491; x_wconf 85' lang='grc' dir='ltr'><strong>ὑπὸ</strong></span> <span class='ocrx_word' id='word_1_766' title='bbox 3010 4438 3426 4509; x_wconf 74' lang='grc' dir='ltr'>φιλανθρωπίας</span> <span class='ocrx_word' id='word_1_767' title='bbox 3486 4441 3623 4506; x_wconf 66' lang='grc' dir='ltr'>ἆγες.</span> 
     </span>
    </p>
   </div>
   <div class='ocr_carea' id='block_1_100' title="bbox 2038 4529 3625 4603">
    <p class='ocr_par' dir='ltr' id='par_1_100' title="bbox 2038 4529 3625 4603">
     <span class='ocr_line' id='line_1_100' title="bbox 2038 4529 3625 4603; baseline -0.002 -20"><span class='ocrx_word' id='word_1_768' title='bbox 2038 4531 2102 4585; x_wconf 77' lang='grc' dir='ltr'><strong>Εἰ</strong></span> <span class='ocrx_word' id='word_1_769' title='bbox 2128 4532 2235 4603; x_wconf 75' lang='grc' dir='ltr'>γὰρ</span> <span class='ocrx_word' id='word_1_770' title='bbox 2265 4532 2400 4601; x_wconf 83' lang='grc' dir='ltr'>ὅπερ</span> <span class='ocrx_word' id='word_1_771' title='bbox 2431 4531 2591 4593; x_wconf 78' lang='grc' dir='ltr'>αὑτός</span> <span class='ocrx_word' id='word_1_772' title='bbox 2631 4531 2752 4582; x_wconf 82' lang='grc' dir='ltr'>ἐστι</span> <span class='ocrx_word' id='word_1_773' title='bbox 2787 4530 2926 4583; x_wconf 74' lang='grc' dir='ltr'>κατὰ</span> <span class='ocrx_word' id='word_1_774' title='bbox 2954 4530 3049 4601; x_wconf 87' lang='grc' dir='ltr'>τὴν</span> <span class='ocrx_word' id='word_1_775' title='bbox 3091 4529 3276 4600; x_wconf 76' lang='grc' dir='ltr'>φύσιν,</span> <span class='ocrx_word' id='word_1_776' title='bbox 3300 4531 3503 4584; x_wconf 73' lang='grc' dir='ltr'>τούτου</span> <span class='ocrx_word' id='word_1_777' title='bbox 3538 4532 3625 4601; x_wconf 70' lang='grc' dir='ltr'>τὴν</span> 
     </span>
    </p>
   </div>
   <div class='ocr_carea' id='block_1_101' title="bbox 2037 4621 3621 4694">
    <p class='ocr_par' dir='ltr' id='par_1_101' title="bbox 2037 4621 3621 4694">
     <span class='ocr_line' id='line_1_101' title="bbox 2037 4621 3621 4694; baseline -0.001 -17"><span class='ocrx_word' id='word_1_778' title='bbox 2037 4625 2344 4693; x_wconf 77' lang='grc' dir='ltr'>οἰκειότητα</span> <span class='ocrx_word' id='word_1_779' title='bbox 2385 4625 2497 4686; x_wconf 80' lang='grc' dir='ltr'>τοῖς</span> <span class='ocrx_word' id='word_1_780' title='bbox 2547 4621 2856 4694; x_wconf 85' lang='grc' dir='ltr'>ἀνθρώποις</span> <span class='ocrx_word' id='word_1_781' title='bbox 2908 4622 3227 4693; x_wconf 72' lang='grc' dir='ltr'>χαρίζεταιο</span> <span class='ocrx_word' id='word_1_782' title='bbox 3277 4624 3332 4676; x_wconf 77' lang='grc' dir='ltr'><strong>τί</strong></span> <span class='ocrx_word' id='word_1_783' title='bbox 3375 4624 3543 4686; x_wconf 75' lang='grc' dir='ltr'>ἄλλο,</span> <span class='ocrx_word' id='word_1_784' title='bbox 3593 4626 3621 4690; x_wconf 75' lang='grc' dir='ltr'>ἦ</span> 
     </span>
    </p>
   </div>
   <div class='ocr_carea' id='block_1_102' title="bbox 2038 4714 3623 4786">
    <p class='ocr_par' dir='ltr' id='par_1_102' title="bbox 2038 4714 3623 4786">
     <span class='ocr_line' id='line_1_102' title="bbox 2038 4714 3623 4786; baseline -0.002 -17"><span class='ocrx_word' id='word_1_785' title='bbox 2038 4717 2161 4785; x_wconf 77' lang='grc' dir='ltr'><strong>οὐχὶ</strong></span> <span class='ocrx_word' id='word_1_786' title='bbox 2202 4714 2491 4786; x_wconf 82' lang='grc' dir='ltr'>ὁμοτιμίαν</span> <span class='ocrx_word' id='word_1_787' title='bbox 2549 4716 2673 4766; x_wconf 78' lang='grc' dir='ltr'>τινὰ</span> <span class='ocrx_word' id='word_1_788' title='bbox 2713 4714 2799 4767; x_wconf 79' lang='grc' dir='ltr'><strong>διὰ</strong></span> <span class='ocrx_word' id='word_1_789' title='bbox 2842 4714 2941 4784; x_wconf 78' lang='grc' dir='ltr'>τῆς</span> <span class='ocrx_word' id='word_1_790' title='bbox 2982 4714 3303 4782; x_wconf 82' lang='grc' dir='ltr'>συγγενείας</span> <span class='ocrx_word' id='word_1_791' title='bbox 3346 4731 3623 4780; x_wconf 64' lang='grc' dir='ltr'>κατεπαγε</span> 
     </span>
    </p>
   </div>
   <div class='ocr_carea' id='block_1_103' title="bbox 2038 4805 2317 4875">
    <p class='ocr_par' dir='ltr' id='par_1_103' title="bbox 2038 4805 2317 4875">
     <span class='ocr_line' id='line_1_103' title="bbox 2038 4805 2317 4875; baseline -0.007 -18"><span class='ocrx_word' id='word_1_792' title='bbox 2038 4805 2284 4875; x_wconf 79' lang='grc' dir='ltr'>γέλλεται</span> <span class='ocrx_word' id='word_1_793' title='bbox 2303 4821 2317 4868; x_wconf 87' lang='grc'>;</span> 
     </span>
    </p>
   </div>
   <div class='ocr_carea' id='block_1_104' title="bbox 378 4892 3622 4972">
    <p class='ocr_par' dir='ltr' id='par_1_104' title="bbox 378 4892 3622 4972">
     <span class='ocr_line' id='line_1_104' title="bbox 378 4892 3622 4972; baseline -0.006 -6"><span class='ocrx_word' id='word_1_794' title='bbox 378 4911 515 4966; x_wconf 89' lang='lat' dir='ltr'><strong>deus</strong></span> <span class='ocrx_word' id='word_1_795' title='bbox 552 4926 616 4963; x_wconf 76' lang='lat' dir='ltr'><strong>ex</strong></span> <span class='ocrx_word' id='word_1_796' title='bbox 647 4908 865 4963; x_wconf 86' lang='lat' dir='ltr'><strong>homine</strong></span> <span class='ocrx_word' id='word_1_797' title='bbox 901 4907 1156 4962; x_wconf 83' lang='lat' dir='ltr'><strong>evadeus.</strong></span> <span class='ocrx_word' id='word_1_798' title='bbox 1194 4901 1326 4957; x_wconf 82' lang='lat' dir='ltr'><strong>Nam</strong></span> <span class='ocrx_word' id='word_1_799' title='bbox 1357 4917 1479 4956; x_wconf 93' lang='lat' dir='ltr'><strong>eum</strong></span> <span class='ocrx_word' id='word_1_800' title='bbox 1530 4900 1727 4972; x_wconf 88' lang='lat' dir='ltr'><strong>dignus</strong></span> <span class='ocrx_word' id='word_1_801' title='bbox 1774 4901 1991 4955; x_wconf 85' lang='lat' dir='ltr'><strong>habitus</strong></span> <span class='ocrx_word' id='word_1_802' title='bbox 2050 4900 2144 4963; x_wconf 85' lang='lat' dir='ltr'><strong>sit,</strong></span> <span class='ocrx_word' id='word_1_803' title='bbox 2187 4897 2279 4966; x_wconf 92' lang='lat' dir='ltr'><strong>qui</strong></span> <span class='ocrx_word' id='word_1_804' title='bbox 2318 4896 2472 4950; x_wconf 75' lang='lat' dir='ltr'><strong>[ilius</strong></span> <span class='ocrx_word' id='word_1_805' title='bbox 2546 4894 2640 4949; x_wconf 88' lang='lat' dir='ltr'><strong>Dei</strong></span> <span class='ocrx_word' id='word_1_806' title='bbox 2681 4893 2799 4955; x_wconf 82' lang='lat' dir='ltr'><strong>ﬁat,</strong></span> <span class='ocrx_word' id='word_1_807' title='bbox 2833 4892 3153 4963; x_wconf 82' lang='lat' dir='ltr'><strong>dignitatem</strong></span> <span class='ocrx_word' id='word_1_808' title='bbox 3187 4892 3359 4961; x_wconf 87' lang='lat' dir='ltr'><strong>patris</strong></span> <span class='ocrx_word' id='word_1_809' title='bbox 3412 4896 3470 4948; x_wconf 84' lang='lat' dir='ltr'><strong>in</strong></span> <span class='ocrx_word' id='word_1_810' title='bbox 3516 4911 3622 4949; x_wconf 59' lang='grc' dir='ltr'>διεδ</span> 
     </span>
    </p>
   </div>
   <div class='ocr_carea' id='block_1_105' title="bbox 378 4983 3623 5073">
    <p class='ocr_par' dir='ltr' id='par_1_105' title="bbox 378 4983 3623 5073">
     <span class='ocr_line' id='line_1_105' title="bbox 378 4983 3623 5073; baseline -0.006 -16"><span class='ocrx_word' id='word_1_811' title='bbox 378 5018 610 5073; x_wconf 78' lang='lat' dir='ltr'><strong>prorsus</strong></span> <span class='ocrx_word' id='word_1_812' title='bbox 644 5001 883 5065; x_wconf 87' lang='lat' dir='ltr'><strong>habebit,</strong></span> <span class='ocrx_word' id='word_1_813' title='bbox 939 5007 1102 5068; x_wconf 83' lang='lat' dir='ltr'><strong>atque</strong></span> <span class='ocrx_word' id='word_1_814' title='bbox 1148 4996 1392 5050; x_wconf 90' lang='lat' dir='ltr'><strong>omnium</strong></span> <span class='ocrx_word' id='word_1_815' title='bbox 1481 5004 1831 5064; x_wconf 89' lang='lat' dir='ltr'><strong>paternorum</strong></span> <span class='ocrx_word' id='word_1_816' title='bbox 1886 4992 2154 5045; x_wconf 87' lang='lat' dir='ltr'><strong>bonorum</strong></span> <span class='ocrx_word' id='word_1_817' title='bbox 2195 4991 2368 5042; x_wconf 66' lang='lat' dir='ltr'><strong>haeres</strong></span> <span class='ocrx_word' id='word_1_818' title='bbox 2422 4988 2658 5041; x_wconf 81' lang='lat' dir='ltr'><strong>exsistit.</strong></span> <span class='ocrx_word' id='word_1_819' title='bbox 2735 4987 2778 5040; x_wconf 88' lang='lat'>0</span> <span class='ocrx_word' id='word_1_820' title='bbox 2847 4986 3035 5040; x_wconf 75' lang='lat' dir='ltr'><strong>divitis</strong></span> <span class='ocrx_word' id='word_1_821' title='bbox 3089 4983 3303 5038; x_wconf 82' lang='lat' dir='ltr'><strong>Domini</strong></span> <span class='ocrx_word' id='word_1_822' title='bbox 3383 4988 3623 5058; x_wconf 72' lang='lat' dir='ltr'><strong>magoni.</strong></span> 
     </span>
    </p>
   </div>
   <div class='ocr_carea' id='block_1_106' title="bbox 383 5076 3622 5164">
    <p class='ocr_par' dir='ltr' id='par_1_106' title="bbox 383 5076 3622 5164">
     <span class='ocr_line' id='line_1_106' title="bbox 383 5076 3622 5164; baseline -0.007 -18"><span class='ocrx_word' id='word_1_823' title='bbox 383 5110 501 5147; x_wconf 79' lang='lat' dir='ltr'><strong>cum</strong></span> <span class='ocrx_word' id='word_1_824' title='bbox 531 5092 895 5164; x_wconf 82' lang='lat' dir='ltr'><strong>largitionem!</strong></span> <span class='ocrx_word' id='word_1_825' title='bbox 949 5090 991 5145; x_wconf 88' lang='grc'>0</span> <span class='ocrx_word' id='word_1_826' title='bbox 1020 5090 1222 5157; x_wconf 85' lang='lat' dir='ltr'><strong>largam</strong></span> <span class='ocrx_word' id='word_1_827' title='bbox 1252 5095 1305 5141; x_wconf 89' lang='lat' dir='ltr'><strong>et</strong></span> <span class='ocrx_word' id='word_1_828' title='bbox 1337 5086 1552 5140; x_wconf 84' lang='lat' dir='ltr'><strong>uberem</strong></span> <span class='ocrx_word' id='word_1_829' title='bbox 1586 5082 1854 5154; x_wconf 81' lang='lat' dir='ltr'><strong>palmam!</strong></span> <span class='ocrx_word' id='word_1_830' title='bbox 1889 5080 1933 5136; x_wconf 90' lang='lat'>0</span> <span class='ocrx_word' id='word_1_831' title='bbox 1976 5094 2229 5151; x_wconf 79' lang='lat' dir='ltr'><strong>utagnam</strong></span> <span class='ocrx_word' id='word_1_832' title='bbox 2292 5079 2542 5132; x_wconf 81' lang='lat' dir='ltr'><strong>ntanum!</strong></span> <span class='ocrx_word' id='word_1_833' title='bbox 2584 5083 2792 5146; x_wconf 86' lang='lat' dir='ltr'><strong>quanta</strong></span> <span class='ocrx_word' id='word_1_834' title='bbox 2843 5091 3168 5130; x_wconf 83' lang='lat' dir='ltr'><strong>arcanorum</strong></span> <span class='ocrx_word' id='word_1_835' title='bbox 3236 5076 3622 5130; x_wconf 77' lang='lat' dir='ltr'><strong>thesaurorum</strong></span> 
     </span>
    </p>
   </div>
   <div class='ocr_carea' id='block_1_107' title="bbox 360 5167 3621 5252">
    <p class='ocr_par' dir='ltr' id='par_1_107' title="bbox 360 5167 3621 5252">
     <span class='ocr_line' id='line_1_107' title="bbox 360 5167 3621 5252; baseline -0.007 -10"><span class='ocrx_word' id='word_1_836' title='bbox 360 5186 519 5242; x_wconf 79' lang='lat' dir='ltr'><strong>&#39;sunt</strong></span> <span class='ocrx_word' id='word_1_837' title='bbox 558 5186 741 5240; x_wconf 85' lang='lat' dir='ltr'><strong>dona?</strong></span> <span class='ocrx_word' id='word_1_838' title='bbox 785 5183 842 5237; x_wconf 90' lang='lat' dir='ltr'><strong>In</strong></span> <span class='ocrx_word' id='word_1_839' title='bbox 888 5196 1069 5252; x_wconf 88' lang='lat' dir='ltr'><strong>parem</strong></span> <span class='ocrx_word' id='word_1_840' title='bbox 1110 5178 1497 5249; x_wconf 84' lang='lat' dir='ltr'><strong>propemodum</strong></span> <span class='ocrx_word' id='word_1_841' title='bbox 1539 5187 1701 5246; x_wconf 88' lang='lat' dir='ltr'><strong>atque</strong></span> <span class='ocrx_word' id='word_1_842' title='bbox 1751 5176 1865 5245; x_wconf 81' lang='lat' dir='ltr'><strong>ipse</strong></span> <span class='ocrx_word' id='word_1_843' title='bbox 1901 5183 1984 5229; x_wconf 80' lang='lat' dir='ltr'><strong>est</strong></span> <span class='ocrx_word' id='word_1_844' title='bbox 2022 5173 2247 5227; x_wconf 86' lang='lat' dir='ltr'><strong>honoris</strong></span> <span class='ocrx_word' id='word_1_845' title='bbox 2293 5170 3042 5224; x_wconf 75' lang='lat' dir='ltr'><strong>conditionemJtumanitate</strong></span> <span class='ocrx_word' id='word_1_846' title='bbox 3118 5167 3416 5229; x_wconf 62' lang='lat' dir='ltr'><strong>adluetus,</strong></span> <span class='ocrx_word' id='word_1_847' title='bbox 3476 5178 3621 5221; x_wconf 85' lang='lat' dir='ltr'><strong>natu-</strong></span> 
     </span>
    </p>
   </div>
   <div class='ocr_carea' id='block_1_108' title="bbox 389 5256 3617 5344">
    <p class='ocr_par' dir='ltr' id='par_1_108' title="bbox 389 5256 3617 5344">
     <span class='ocr_line' id='line_1_108' title="bbox 389 5256 3617 5344; baseline -0.007 -14"><span class='ocrx_word' id='word_1_848' title='bbox 389 5294 503 5330; x_wconf 83' lang='lat' dir='ltr'><strong>ram</strong></span> <span class='ocrx_word' id='word_1_849' title='bbox 542 5283 758 5344; x_wconf 85' lang='lat' dir='ltr'><strong>prepter</strong></span> <span class='ocrx_word' id='word_1_850' title='bbox 809 5277 1089 5342; x_wconf 86' lang='lat' dir='ltr'><strong>peccatum</strong></span> <span class='ocrx_word' id='word_1_851' title='bbox 1145 5267 1435 5337; x_wconf 84' lang='lat' dir='ltr'><strong>ignominia</strong></span> <span class='ocrx_word' id='word_1_852' title='bbox 1495 5274 1732 5319; x_wconf 77' lang='lat' dir='ltr'><strong>notatam</strong></span> <span class='ocrx_word' id='word_1_853' title='bbox 1802 5272 1965 5332; x_wconf 85' lang='lat' dir='ltr'><strong>atque</strong></span> <span class='ocrx_word' id='word_1_854' title='bbox 2020 5262 2433 5318; x_wconf 76' lang='lat' dir='ltr'><strong>deltonestatam</strong></span> <span class='ocrx_word' id='word_1_855' title='bbox 2472 5259 2689 5328; x_wconf 74' lang='lat' dir='ltr'><strong>recipit.</strong></span> <span class='ocrx_word' id='word_1_856' title='bbox 2736 5256 2871 5311; x_wconf 85' lang='lat' dir='ltr'><strong>Nam</strong></span> <span class='ocrx_word' id='word_1_857' title='bbox 2916 5258 2964 5313; x_wconf 88' lang='lat' dir='ltr'><strong>si</strong></span> <span class='ocrx_word' id='word_1_858' title='bbox 2998 5257 3120 5326; x_wconf 88' lang='lat' dir='ltr'><strong>ejus</strong></span> <span class='ocrx_word' id='word_1_859' title='bbox 3164 5258 3315 5327; x_wconf 86' lang='lat' dir='ltr'><strong>quod</strong></span> <span class='ocrx_word' id='word_1_860' title='bbox 3350 5257 3473 5328; x_wconf 87' lang='lat' dir='ltr'><strong>ipse</strong></span> <span class='ocrx_word' id='word_1_861' title='bbox 3548 5267 3617 5310; x_wconf 77' lang='lat' dir='ltr'><strong>cst</strong></span> 
     </span>
    </p>
   </div>
   <div class='ocr_carea' id='block_1_109' title="bbox 385 5352 3615 5437">
    <p class='ocr_par' dir='ltr' id='par_1_109' title="bbox 385 5352 3615 5437">
     <span class='ocr_line' id='line_1_109' title="bbox 385 5352 3615 5437; baseline -0.005 -16"><span class='ocrx_word' id='word_1_862' title='bbox 385 5368 838 5437; x_wconf 79' lang='lat' dir='ltr'><strong>propinquitatem</strong></span> <span class='ocrx_word' id='word_1_863' title='bbox 890 5375 944 5419; x_wconf 92' lang='lat' dir='ltr'><strong>et</strong></span> <span class='ocrx_word' id='word_1_864' title='bbox 985 5361 1439 5417; x_wconf 86' lang='lat' dir='ltr'><strong>necessitudinem</strong></span> <span class='ocrx_word' id='word_1_865' title='bbox 1477 5358 1785 5414; x_wconf 82' lang='lat' dir='ltr'><strong>hominibus</strong></span> <span class='ocrx_word' id='word_1_866' title='bbox 1827 5357 2074 5427; x_wconf 84' lang='lat' dir='ltr'><strong>largitur,</strong></span> <span class='ocrx_word' id='word_1_867' title='bbox 2116 5355 2363 5426; x_wconf 81' lang='lat' dir='ltr'><strong>nunquid</strong></span> <span class='ocrx_word' id='word_1_868' title='bbox 2409 5353 2555 5409; x_wconf 87' lang='lat' dir='ltr'><strong>aliud</strong></span> <span class='ocrx_word' id='word_1_869' title='bbox 2601 5361 2760 5425; x_wconf 81' lang='lat' dir='ltr'><strong>atque</strong></span> <span class='ocrx_word' id='word_1_870' title='bbox 2801 5368 2986 5424; x_wconf 87' lang='lat' dir='ltr'><strong>parem</strong></span> <span class='ocrx_word' id='word_1_871' title='bbox 3057 5352 3353 5424; x_wconf 69' lang='lat' dir='ltr'><strong>quamdam</strong></span> <span class='ocrx_word' id='word_1_872' title='bbox 3408 5353 3615 5408; x_wconf 70' lang='lat' dir='ltr'><strong>honoris</strong></span> 
     </span>
    </p>
   </div>
   <div class='ocr_carea' id='block_1_110' title="bbox 387 5454 1641 5526">
    <p class='ocr_par' dir='ltr' id='par_1_110' title="bbox 387 5454 1641 5526">
     <span class='ocr_line' id='line_1_110' title="bbox 387 5454 1641 5526; baseline -0.007 -11"><span class='ocrx_word' id='word_1_873' title='bbox 387 5458 756 5515; x_wconf 84' lang='lat' dir='ltr'><strong>conditionem</strong></span> <span class='ocrx_word' id='word_1_874' title='bbox 791 5472 883 5526; x_wconf 88' lang='lat' dir='ltr'><strong>per</strong></span> <span class='ocrx_word' id='word_1_875' title='bbox 904 5454 1283 5525; x_wconf 86' lang='lat' dir='ltr'><strong>cognationem</strong></span> <span class='ocrx_word' id='word_1_876' title='bbox 1322 5454 1641 5524; x_wconf 76' lang='lat' dir='ltr'><strong>pollicetur&quot;!</strong></span> 
     </span>
    </p>
   </div>
   <div class='ocr_carea' id='block_1_111' title="bbox 458 5620 1539 5688">
    <p class='ocr_par' dir='ltr' id='par_1_111' title="bbox 458 5620 1539 5688">
     <span class='ocr_line' id='line_1_111' title="bbox 458 5620 1539 5688; baseline -0.006 -11"><span class='ocrx_word' id='word_1_877' title='bbox 458 5624 508 5659; x_wconf 54' lang='grc' dir='ltr'><strong>δι</strong></span> <span class='ocrx_word' id='word_1_878' title='bbox 545 5620 646 5677; x_wconf 82' lang='lat' dir='ltr'><strong>lsa.</strong></span> <span class='ocrx_word' id='word_1_879' title='bbox 688 5637 771 5688; x_wconf 74' lang='grc' dir='ltr'>ιιι,</span> <span class='ocrx_word' id='word_1_880' title='bbox 812 5624 892 5679; x_wconf 65' lang='lat' dir='ltr'><strong>I3.</strong></span> <span class='ocrx_word' id='word_1_881' title='bbox 961 5624 1075 5656; x_wconf 64' lang='lat' dir='ltr'><strong>‘M‘</strong></span> <span class='ocrx_word' id='word_1_882' title='bbox 1115 5623 1289 5677; x_wconf 76' lang='lat' dir='ltr'><strong>Erclc.</strong></span> <span class='ocrx_word' id='word_1_883' title='bbox 1331 5638 1380 5687; x_wconf 74' lang='grc' dir='ltr'><strong>ν,</strong></span> <span class='ocrx_word' id='word_1_884' title='bbox 1428 5622 1471 5672; x_wconf 86' lang='lat' dir='ltr'><strong>t.</strong></span> <span class='ocrx_word' id='word_1_885' title='bbox 1531 5628 1539 5635; x_wconf 85' lang='lat'><strong><em>&#39;</em></strong></span> 
     </span>
    </p>
   </div>
   <div class='ocr_carea' id='block_1_112' title="bbox 2940 5498 2974 5529">
    <p class='ocr_par' dir='ltr' id='par_1_112' title="bbox 2940 5498 2974 5529">
     <span class='ocr_line' id='line_1_112' title="bbox 2940 5498 2974 5529; baseline 0 -2"><span class='ocrx_word' id='word_1_886' title='bbox 2940 5498 2974 5529; x_wconf 48' lang='grc' dir='ltr'>Ν</span> 
     </span>
    </p>
   </div>
  </div>
