3696 5986
7 216 113 269 ιςει

1020 213 1107 266 DE
1136 206 1744 269 BEATITCDINIBUS.
1808 206 2066 265 ΟιιΑΉο
2117 207 2252 263 \‘ll.‘

3116 206 3256 263 1‘38?

60 327 130 379 Τὺ
166 325 271 397 μὲν
302 321 396 379 οὖν
442 324 672 379 ἔπαθλον
705 327 1052 397 τηλικοῦτον·
1095 331 1123 382 ὁ
1167 329 1226 382 δὲ
1265 317 1421 391 ἆθλος
1452 326 1519 387 τίς

1791 339 1831 378 .c
1884 324 2166 395 praemium
2219 322 2437 393 quidem
2491 318 2808 379 certaminis
2852 330 3066 378 tantum
3120 333 3250 379 est:

8 419 123 471 Ἐὰν
170 417 602 489 εἰρηνοποιήεῃ,
656 419 788 486 φησὶ
816 458 828 480 ,
872 421 937 490 τῇ
986 419 1084 488 τῆς
1143 418 1433 482 ύποϐεσίας
1479 416 1575 487 χόε-

7 527 98 581 sit:
141 508 561 579 στεφανωθήση.
619 508 770 579 Ἐμοὶ
816 510 963 563 δοκεῖ
1009 511 1102 563 καὶ
1138 510 1199 563 τὶ)
1231 510 1390 579 ἔργον
1419 510 1503 578 ἐφ’
1530 502 1575 577 ᾧ

7 602 76 652 τὸν
93 600 347 653 τοσοῦτον
378 600 567 666 μισθὸν
592 600 986 668 ἐπαγγέλλεται
1009 601 1195 671 ἕτερον
1214 600 1384 670 δῶρον
1412 597 1572 655 εἶναι.

8 692 55 742 Τί
81 689 190 761 γὰρ
219 692 301 754 εἰς
331 690 537 743 ἀπόλαυ
549 708 629 744 σιν
656 690 767 743 τῶν
788 690 928 743 κατὰ
954 691 1044 744 τὸν
1074 691 1187 761 βίον
1204 691 1578 763 σπουδαζομέ-

7 801 94 835 νων
126 785 233 853 τῆς
271 784 555 852 εἰρηνικῆς
594 785 709 836 ἐστι
750 786 860 845 τοῖς
896 772 1204 855 ἀνθρώποις
1245 783 1576 854 γλυκύτερον

7 870 166 942 ίωῆςς
189 873 385 945 ὅτιπερ
401 871 466 926 ἂν
482 875 641 946 εἴπῃς
663 873 769 926 τῶν
791 874 964 945 ἡδέων
980 874 1119 927 κατά
1135 874 1230 946 τὴν
1247 874 1411 946 ζωὴν,
1427 878 1578 947 εἰρή-

10 982 87 1034 νης
105 963 303 1035 χρῄζει
324 964 383 1017 τὺ
404 958 542 1017 εἶναι
558 964 677 1035 ἡδύ.
702 966 764 1019 Εἰ
781 966 889 1035 γάρ
908 967 1084 1020 πάντα
1097 968 1203 1036 εἴη,
1223 967 1321 1020 ὅσα
1337 967 1477 1020 κατά
1490 968 1577 1020 τὸν

7 1053 103 1123 βίον
114 1054 429 1125 τετίμηται,
448 1055 914 1129 πλούτοςκεύεξία,
929 1058 1165 1128 γαμετὴ,
1184 1060 1392 1122 παῖδες,
1406 1059 1577 1123 οίκία,

7 1145 189 1210 γονεῖς,
240 1143 530 1215 ὑπηρέται,
571 1143 748 1212 φίλοιο
794 1145 885 1216 γῆ,
927 1145 1189 1210 θάλασσα,
1221 1140 1580 1211 τοῖς”οἰκείοις

7 1235 234 1305 ἑκατέρα
294 1234 695 1300 πλουτίζουσα’
748 1237 1088 1309 παράδεισοι,
1132 1237 1314 1308 θῆραι,
1360 1237 1576 1309 λουτρὰ,

7 1327 353 1398 παλαῖστραι,
386 1328 698 1398 γυμνάσια·
746 1317 1097 1401 τρύφητήριά
1140 1346 1196 1381 τε
1242 1328 1335 1382 καὶ
1376 1328 1581 1400 ἡϐητή-

7 1436 84 1487 ρια
107 1435 122 1448 ·
169 1418 267 1473 καὶ
308 1417 504 1483 πάντα,
553 1420 654 1473 ὅσα
705 1420 822 1472 ἐστὶ
861 1420 957 1491 τῆς
988 1420 1175 1493 ἡδονῆς
1202 1420 1579 1492 ὲφευρήματα’

7 1510 355 1582 προσκείσθω
382 1510 590 1574 τούτοις
611 1511 681 1565 τά
702 1511 833 1581 ἡδέα
854 1511 1119 1582 θεάματα,
1143 1514 1234 1566 καὶ
1259 1513 1326 1567 τά
1349 1510 1583 1583 μουσικὰ

7 1603 364 1673 ἀκροάματα·
406 1603 500 1655 καὶ
544 1602 598 1656 εἴ
625 1620 677 1655 τι
716 1603 843 1657 ἄλλο
890 1605 956 1659 δι’
1006 1597 1067 1658 οὗ
1100 1606 1214 1667 τοῖς
1245 1603 1521 1676 τρυφῶσιν
1554 1606 1583 1657 ό

7 1692 105 1759 Bia;
138 1693 416 1763 ἡδύνεται.
457 1692 521 1746 El
570 1692 741 1747 ταῦτα
796 1696 894 1766 μὲν
931 1697 1017 1767 εἴη
1057 1696 1264 1759 πάντα,
1290 1696 1353 1749 τὸ
1388 1696 1445 1749 δὲ
1479 1695 1579 1765 τῆς

7 1786 223 1856 εἰρήνης
252 1783 458 1853 ἀγαθὸν
505 1783 581 1856 μὴ
621 1788 792 1856 παρῇ,
828 1786 881 1840 τί
915 1787 1101 1861 κέρδος
1131 1787 1384 1854 ἐκείνων,
1416 1787 1577 1840 πολὲ-

7 1893 97 1944 pou
126 1875 243 1928 τῶν
264 1874 484 1945 ἀγαθῶν
512 1875 610 1946 τὴν
632 1877 925 1930 ἀπόλαυσιν
946 1878 1361 1944 ὲπικόπτοντος;
1389 1877 1581 1932 οὐκοῦν

7 1969 27 2037 ἡ
77 1968 277 2038 εἰρήνη
326 1965 466 2037 αὕτη
500 1985 558 2021 τε
606 1968 761 2040 ἡδεῖά
805 1970 921 2022 ἐστι
972 1973 1082 2033 τοῖς
1131 1970 1446 2040 μετέχουσι,
1488 1954 1581 2023 καὶ

7 2057 177 2111 πάντα
208 2057 631 2126 καταγλυκαίνει
655 2058 721 2112 τὰ
753 2060 812 2112 ἐν
840 2059 918 2129 τῷ
948 2059 1048 2130 βίῳ
1075 2059 1378 2130 τιμώμενα.
1424 2060 1583 2114 Ἀλλά

7 2150 101 2203 κᾶν
139 2166 269 2203 τινα
312 2150 596 2221 συμφοράν
646 2151 785 2205 κατὰ
816 2150 879 2204 τὸ
928 2149 1265 2223 ἀνθρώπινον
1306 2152 1364 2204 ὲν
1392 2153 1582 2223 εἰρήνῃ

7 2239 290 2310 πάθωμεν,
318 2240 509 2312 ἀγαθῷ
538 2241 599 2295 τὸ
643 2242 811 2296 κακον
848 2241 1287 2312 συγκεκραμένον
1318 2244 1445 2314 ῥᾷον
1474 2248 1584 2309 τοῖς

7 2328 297 2383 πεπονθόσι
326 2330 569 2398 γίνεται·
612 2331 849 2401 πολέμου
876 2331 934 2384 δὲ
964 2333 1061 2402 τὴν
1084 2331 1225 2404 ζωὴν
1252 2333 1581 2404 συνέχοντος,

7 2418 438 2490 ὶηκαισθητοῦμεν
474 2420 674 2492 τρόπον
707 2421 829 2491 τινὰ
861 2423 996 2494 πρὸς
1052 2422 1150 2486 τὰς
1191 2424 1443 2489 τοιαύτας
1476 2425 1585 2479 τῶν

7 2511 264 2582 λυπηρῶν
296 2513 568 2584 ἀφορμάς.
611 2514 972 2584 ’Υπερόάλλει
1006 2514 1115 2586 γὰρ
1162 2518 1282 2579 ταῖς
1330 2515 1586 2585 ἀλγηδόσι

7 2604 62 2656 τὰ
107 2600 236 2657 καθ’
286 2604 516 2658 ἕκαστον
565 2606 598 2676 ἡ
643 2607 793 2678 κοινὴ
840 2607 1113 2679 συμφορά.
1164 2608 1274 2661 Καὶ
1317 2606 1504 2680 ῶσπερ
1537 2610 1587 2662 οἱ

7 2698 179 2768 ἰατροὶ
210 2696 345 2767 περὶ
372 2695 479 2749 τῶν
514 2696 843 2766 σωματικῶν
874 2698 1089 2767 λέγουσι
1134 2699 1507 2770 παθημάτων,
1536 2701 1587 2752 εἰ

7 2787 87 2839 Βύο
118 2790 246 2841 κατ’
278 2788 442 2841 αὑτὸν
474 2789 531 2841 ἐν
558 2788 639 2840 ἐνὶ
670 2788 884 2858 σώματι
925 2790 1076 2843 πόνοι
1108 2791 1459 2861 συμπέσοιεν,
1491 2792 1586 2846 τοῦ

7 2875 434 2949 ὅπερϐάλλοντος
477 2876 637 2947 μόνου
685 2876 783 2948 τὴν
834 2878 1082 2948 αἴσθησιν
1136 2878 1380 2947 γίνεσθαι
1404 2895 1417 2908 '
1462 2879 1585 2932 λαν-

1676 422 1958 468 eertamen
2000 428 2131 467 vero
2174 413 2361 482 quod?
2398 411 2454 467 Si
2492 412 2665 471 fueris
2714 414 2998 483 pacilicus,
3051 414 3251 482 inquit,

1677 503 1988 575 adOptionis
2022 505 2222 560 decore
2255 506 2637 581 coronaberis.
2697 505 2825 559 Mihi
2877 507 3045 561 etiam
3112 522 3253 576 opus

1677 596 1856 667 ipsum
1886 606 2109 666 propter
2148 597 2294 666 quod
2341 605 2546 652 tantam
2600 599 2905 654 mercedem
2941 599 3254 667 pollicetur,

1676 688 1910 757 alterum
1935 686 2139 741 donum
2165 702 2288 741 esse
2307 687 2539 741 videtur.
2570 688 2711 753 Quid
2761 689 2907 743 enim
2940 688 3257 742 hominibus

1678 793 1740 832 ex
1802 779 1870 832 iis
1932 778 2097 833 rebus
2159 779 2359 846 quibus
2417 779 2522 832 frui
2583 793 2748 849 atque
2812 780 2974 849 potiri
3032 780 3258 834 student

1678 868 1790 921 vita
1831 867 2055 937 paciﬁca
2099 868 2314 921 dulcius
2342 868 2470 921 est?
2513 869 2891 937 Quodcunque
2935 871 3248 924 nominave-

1680 960 1758 1018 ris
1805 977 1869 1017 ex
1919 962 1986 1016 iis
2023 962 2187 1018 rebus
2204 975 2327 1031 qua:
2359 975 2448 1015 res
2488 960 2542 1014 in
2580 963 2684 1014 vita
2732 976 2932 1017 suaves
2962 972 3017 1017 et
3054 962 3259 1030 jucun-

1681 1054 1765 1109 da:
1802 1061 1967 1117 sunt,
2021 1068 2154 1122 pace
2196 1068 2334 1122 opus
2386 1052 2546 1109 habet
2595 1053 2659 1105 ad
2712 1053 2813 1106 hoc
2856 1062 2914 1107 ut
2946 1052 3254 1121 jucundum

1681 1146 1770 1201 sil.
1810 1145 1939 1198 Nam
1986 1145 2032 1198 si
2073 1146 2255 1197 omnia
2292 1150 2605 1213 suppetant,
2651 1160 2991 1214 quacunque
3044 1145 3100 1198 in
3145 1148 3255 1199 vita

1682 1235 2006 1307 magniﬁunt
2055 1244 2219 1303 atque
2273 1236 2328 1290 in
2380 1237 2556 1305 pretio
2602 1245 2768 1299 sunt,
2832 1237 3057 1301 divitiae,
3116 1236 3256 1298 bona

1681 1325 1968 1391 valetudo,
2026 1341 2192 1390 uxor,
2246 1326 2440 1389 liberi,
2487 1327 2720 1393 domus,
2756 1341 3051 1397 parentes,
3097 1328 3261 1382 mini-

1682 1417 1805 1483 stri,
1856 1418 2248 1484 amicizterra,
2280 1432 2451 1482 mare,
2484 1420 2727 1494 propriis
2781 1421 3135 1490 proventibus
3203 1428 3259 1476 ct

1682 1508 1787 1564 hoc
1823 1520 1878 1565 et
1905 1511 1995 1564 illa
2046 1510 2229 1565 ditans
2263 1530 2275 1566 :
2310 1512 2454 1566 borti
2483 1515 2707 1578 amomi,
2729 1514 3071 1577 venationes.
3108 1515 3257 1570 lava-

1685 1599 1806 1666 cra,’
1830 1598 2113 1672 palaestrae,
2138 1604 2420 1674 gymnasia
2447 1621 2462 1658 :
2491 1604 2608 1658 loca
2635 1604 2849 1659 deliciis
2878 1614 2933 1659 et
2965 1606 3267 1675 voluptatio'

1614 1671 1653 1724 Β
1684 1696 1788 1751 bus
1830 1671 2111 1766 capiendis
2144 1671 2584 1766 exercend:eque
2633 1696 2762 1765 pubi
2812 1671 3121 1761 destinata,
3174 1708 3261 1753 at-

1683 1801 1792 1857 que
1828 1788 2016 1841 omnia
2053 1801 2394 1857 quaecunque
2452 1788 2750 1855 voluptatis
2807 1789 3027 1844 inventa
3081 1798 3256 1846 sunt:

1682 1877 1792 1933 buc
1828 1876 2162 1946 adjiciantur
2192 1876 2437 1946 jucunda
2476 1878 2808 1947 spectacula,
2854 1886 3019 1949 atque
3053 1881 3260 1935 musica

1684 1977 2033 2033 acroamata,
2074 1983 2139 2025 ac
2175 1970 2221 2024 si
2252 1968 2384 2040 quid
2428 1977 2513 2026 est
2555 1970 2704 2025 aliud
2740 1987 2835 2039 per
2866 1972 3010 2042 quod
3041 1971 3263 2027 delicias

1684 2059 2026 2116 sectantibus
2068 2058 2182 2112 vita
2234 2059 2423 2114 suavis
2470 2060 2737 2115 exsistit:
2776 2061 2822 2116 si
2874 2061 2990 2116 haec
3043 2062 3261 2133 quidam

1685 2150 1868 2204 omnia
1893 2157 2203 2220 suppetant,
2233 2150 2384 2220 pacis
2406 2166 2532 2213 vero
2554 2152 2756 2207 bonum
2787 2168 2897 2207 non
2926 2154 3091 2219 adsit,
3114 2154 3262 2225 quod

1685 2243 1904 2299 illarum
1941 2258 2123 2297 rerum
2157 2243 2368 2297 lucrum
2393 2244 2515 2297 est?
2542 2244 2672 2313 quid
2702 2246 2792 2299 illa
2826 2240 3083 2314 prosunt,
3120 2249 3263 2305 bello

1686 2334 1984 2403 quominus
2027 2334 2186 2388 bonis
2244 2332 2494 2386 fruamur
2549 2332 2912 2402 impediente?
2955 2335 3098 2406 Ergo
3139 2353 3262 2391 cum

1686 2425 1807 2496 ipsa
1838 2439 1944 2495 pax
1980 2424 2287 2480 [ruentibus
2321 2424 2563 2492 jucunda
2594 2432 2699 2488 est,
2746 2433 2860 2480 tum
2903 2429 3085 2482 omnia
3119 2444 3267 2498 quaa-

1687 2530 1905 2585 cunque
1949 2516 2004 2570 in
2045 2516 2154 2570 vita
2185 2516 2462 2582 coluntur,
2490 2525 2838 2587 expetuntur,
2873 2529 2928 2574 et
2990 2520 3045 2575 in
3090 2524 3268 2591 pretio

1690 2618 1839 2674 sunt,
1864 2608 2049 2664 dulcia
2069 2608 2234 2662 allicit
2264 2608 2705 2679 atquejucnnda.
2738 2610 3058 2676 Quinetiam
3088 2615 3133 2668 si
3156 2630 3266 2687 qua

1688 2715 1841 2756 more
1891 2700 2132 2754 humano
2188 2699 2353 2754 nobis
2392 2700 2449 2754 in
2499 2715 2634 2770 pace
2685 2702 2971 2758 calamitas
3030 2706 3265 2771 accidat,

1690 2792 1834 2849 bono
1864 2791 2066 2845 malum
2099 2798 2571 2860 contemperatum
2607 2793 2781 2847 levius
2812 2808 2878 2849 ac
2918 2795 3149 2850 toleratu
3182 2797 3266 2851 fa-

1692 2882 1871 2948 cilius,
1924 2880 2126 2951 quibus
2175 2880 2401 2944 accidit,
2440 2882 2695 2949 exsistit;
2750 2882 2891 2937 bello
2935 2899 3065 2939 vero
3097 2887 3265 2940 vitam

7 2968 182 3023 Ίάνειν
235 2968 294 3021 δέ
343 2985 460 3031 πως
494 2969 585 3021 τοῦ
626 2968 906 3032 ἐλάττονος
950 2967 1120 3022 κακοῦ
1152 2968 1248 3042 τὴν
1285 2970 1466 3041 ἀλγηδι

1907 2982 1993 3036 ite,
2045 2986 2211 3028 sensu
2248 2970 2654 3042 quodammodo
2702 2973 2964 3031 adversus
2997 2976 3267 3044 ejusmodi
3360 2976 3366 2979 ’

9 3063 59 3130 :1}
94 3059 328 3130 ἐπιΰολῇ
362 3058 456 3112 τοῦ
491 3059 915 3131 ἐπικρατοῦντος
946 3060 1411 3131 ὲκκλεπτομένην·
1444 3061 1586 3117 οὕτω

9 3156 61 3208 τὰ
90 3153 190 3207 τοῦ
234 3152 471 3223 πολέμου
514 3151 661 3205 κακὰ
702 3154 815 3215 τοῖς
847 3152 1111 3220 ἀλγεινοῖς
1145 3153 1586 3223 ὑπερϐάλλοντα,

9 3246 135 3315 προς
160 3244 267 3309 τὰς
286 3244 432 3308 “ἰδίας
465 3243 748 3315 συμφορὰς
774 3243 1114 3315 ἀναισθήτως
1136 3243 1279 3314 ἔχειν
1316 3246 1441 3309 τοὺς
1468 3244 1585 3298 καθ’

11 3342 241 3391 ἑκαστον
287 3336 718 3409 παρασκευάζει.
766 3336 829 3389 Ei
857 3335 913 3389 δὲ
960 3326 1097 3408 πρὸς
1127 3326 1224 3406 τὴν
1264 3335 1370 3390 τῶν
1404 3335 1588 3391 κακῶν

11 3431 105 3483 τῶν
145 3429 296 3483 ἰδίων
338 3426 590 3499 αἴσθησιν
623 3428 908 3498 ἁποναρκᾷ
938 3445 1053 3490 πως
1084 3428 1116 3498 ή
1142 3427 1309 3498 ψυχὴ,
1338 3430 1448 3490 τοῖς
1478 3443 1587 3479 κοιο

11 3531 109 3589 mf;
143 3523 245 3577 τοῦ
305 3522 541 3593 πολέμου
593 3523 782 3583 κακοῖς
829 3519 1274 3590 ἐκπεπληγμένη,
1325 3520 1442 3582 πῶς
1481 3517 1589 3573 τῶν

11 3618 178 3689 ῇδέων
231 3616 479 3684 αἴσθησιν
519 3613 664 3681 seu;
713 3610 824 3666 ῘΙοῦ
867 3611 1007 3666 ὅπλα
1042 3612 1136 3667 καὶ
1160 3611 1336 3675 ἵπποι,
1370 3610 1464 3663 καὶ
1498 3626 1590 3661 τε-

13 3707 283 3780 )ηγμένος
303 3707 536 3778 σίδηρος,
554 3705 648 3761 καὶ
671 3703 904 3773 σάλπιγξ
920 3702 1162 3774 ἠχοῦσα;
1199 3702 1294 3756 καὶ
1317 3703 1592 3772 φάλαγγες

13 3805 117 3865 εοῐς
155 3800 354 3869 δόρασι
378 3799 699 3870 φρίσσουσι-ιι
718 3836 734 3862 ,
762 3797 856 3850 καὶ
879 3795 1103 3858 ἀσπίδες
1122 3793 1589 3865 συνερειδόμεναι,

13 3895 100 3950 καὶ
162 3892 342 3963 κράνη
386 3894 498 3953 τοῖς
539 3890 719 3958 λόφοις
761 3887 1007 3959 φοϐερῶς
1055 3886 1403 3951 ἐπινεύοντα,
1450 3903 1590 3954 συμ-

15 3987 275 4048 ξτώσεις,
311 3983 562 4054 ὠθισμοί,
612 3980 942 4052 συμπλοκαὶ,
970 3979 1165 4050 μάχαι,
1189 3977 1590 4050 ἀνδροκτασίαι,

15 4082 221 4151 φυγαὶ,
242 4077 469 4142 διώξεις,
488 4075 745 4147 οἰμωγαὶ,
769 4073 1102 4145 ἀλαλαγμοὶ,
1137 4073 1207 4144 γῆ
1238 4075 1347 4135 τοῖς
1368 4070 1594 4141 αἵμασιν

15 4170 420 4247 νγραινομένη,
460 4168 644 4241 νεκροὶ
668 4166 1028 4237 πατούμενοι,
1063 4162 1395 4235 τραυματίαι
1425 4180 1594 4217 κατα-

18 4265 327 4334 ,ειπόμενοι
345 4300 362 4326 ,
392 4260 487 4319 καὶ
514 4259 982 4322 πάνταὸσαέντοῖς
1000 4256 1213 4327 πικροῖς
1243 4256 1359 4307 ἐστι
1382 4254 1473 4306 τοῦ
1502 4272 1596 4307 πο-

1688 3065 2013 3121 acerbarum
2044 3079 2225 3118 rerum
2263 3077 2429 3118 casus
2468 3078 2739 3121 caremus.
2770 3064 3091 3122 Communis
3123 3068 3270 3123 enim

1689 3158 1975 3212 calamitas
2007 3154 2198 3211 dolore
2243 3163 2469 3226 superat
2510 3156 2859 3213 incommoda
2907 3160 3268 3229 singulorum.

1687 3251 1769 3304 Ac
1796 3247 2254 3318 quemadmodum
2287 3249 2484 3305 medici
2527 3251 2596 3306 de
2629 3251 2880 3321 corporis
2909 3250 3272 3323 incommodis

1690 3341 1904 3404 dicunt,
1934 3355 2060 3393 cum
2103 3340 2213 3394 duo
2243 3341 2407 3394 simul
2438 3340 2494 3395 in
2533 3356 2641 3396 uno
2668 3357 2900 3411 corpore
2939 3344 3113 3399 morbi
3141 3360 3274 3399 con—

1690 3428 1989 3491 currerint,
2026 3429 2199 3484 solius
2221 3424 2607 3497 exsuperantis
2633 3445 2859 3484 sensum
2887 3434 3176 3494 exsistere,
3206 3449 3273 3489 ac

1693 3520 1863 3575 latere
1906 3518 2315 3588 quodammodo
2360 3518 2489 3572 mali
2538 3517 2817 3574 inferioris
2865 3520 3131 3587 dolorem,
3171 3523 3274 3577 im-

1693 3625 1885 3667 mensa
1934 3618 2100 3680 atque
2132 3609 2488 3680 insuperabili
2521 3610 2897 3679 magnitudine
2928 3615 3273 3681 praevalentis

1693 3700 1966 3767 celatum;
2041 3700 2229 3755 itidem
2289 3701 2635 3755 incommoda
2695 3702 2822 3757 belli
2884 3706 3309 3774 exsuperantia-

1693 3790 2047 3848 acerbitatem
2074 3780 2344 3854 'ellieiunt,
2389 3801 2450 3845 ut
2493 3793 2744 3862 proprias
2784 3793 3124 3851 calamitates
3170 3796 3271 3852 lto-

1695 3886 1872 3941 mincs
1925 3884 2233 3950 sinmdares
2278 3898 2389 3939 non
2439 3884 2699 3939 sentiant.
2731 3883 2889 3951 Quod
2934 3887 2979 3941 si
3030 3888 3096 3942 ad
3145 3904 3275 3958 pro.

1695 3977 1938 4049 priorum
1978 3975 2449 4030 incommodorum
2492 3990 2715 4030 sensum
2754 3977 2977 4033 animus
3015 3980 3277 4047 quodam-

1695 4064 1857 4121 Inodo
1883 4073 2062 4134 torpet
2099 4061 2484 4118 communibus
2517 4063 2645 4119 belli
2676 4064 2838 4136 malis
2864 4073 3273 4128 consternatus.

1696 4155 1973 4227 quomodo
2013 4154 2310 4223 voluptatis
2365 4169 2531 4209 sensu
2575 4154 2835 4219 fruetur?
2882 4157 2972 4213 ubi
3020 4174 3174 4213 arma
3221 4168 3275 4214 et

1696 4250 1862 4319 equi;
1916 4248 2005 4303 ubi
2057 4246 2262 4301 ferrum
2326 4254 2549 4301 acutum
2610 4256 2665 4302 et
2715 4249 2843 4303 tuba
2895 4258 3133 4315 sonans;
3181 4250 3274 4303 ubi

18 4358 54 4411 ,ἑ
62 4371 181 4427 μου
226 4350 657 4424 συμπτώμασιν,
696 4344 806 4419 ἄρα
825 4348 853 4399 ὀ
871 4350 927 4400 ὲν
946 4346 1152 4409 τούτοις
1168 4346 1243 4399 ὣν
1262 4346 1442 4416 σχέσει
1463 4363 1477 4397 1

1817 4342 1999 4411 langes
2046 4339 2222 4394 hastis
2269 4338 2735 4402 inborrescentes.
2785 4347 2841 4394 et
2892 4350 3050 4395 scuta
3095 4341 3276 4397 cohae-

17 4450 151 4521 πρὸς
174 4445 276 4517 τὴν
308 4443 402 4498 τοῦ
421 4440 801 4513 εύφραίνοντος
829 4439 1047 4511 μνήμην
1073 4436 1164 4491 τὸν
1184 4436 1441 4506 λογισμὸν
1462 4436 1598 4489 ὐπο-

17 4543 233 4603 ι).ἱναι;
268 4535 331 4589 Ei
359 4534 415 4588 δέ
461 4551 562 4587 που
610 4533 702 4585 καὶ
730 4530 1029 4600 ύποδράμοι
1071 4528 1167 4599 τὴν
1204 4526 1380 4598 ψυχὴν
1412 4528 1597 4597 μνήμη

20 4632 120 4685 ὦν
146 4628 383 4699 ἡδίστων
404 4626 546 4690 τινός
568 4642 581 4656 ⁸
605 4625 724 4695 ούχί
750 4622 1034 4696 προσθήκη
1069 4620 1277 4689 γίνεται
1319 4621 1601 4690 συμφορᾶς

24 4743 57 4776 ν
90 4718 184 4789 τῷ
208 4717 316 4770 τῶν
336 4715 596 4770 κινδύνων
619 4713 845 4785 καιρῴἡ
867 4712 973 4765 τῶν
1002 4711 1272 4781 φιλτάτων
1297 4709 1601 4780 ὑπόμνησις

20 4816 98 4867 ὸν
126 4808 393 4880 λογισμὸν
418 4805 757 4870 ύπελθοῦσας
789 4802 996 4857 Ούκοῦν
1021 4804 1049 4855 ὁ
1077 4799 1263 4873 μισθόν
1293 4816 1374 4852 σοι
1404 4798 1598 4867 διδοὺς,

28 4909 46 4961 ἱ
80 4901 210 4957 τῶν
247 4900 389 4967 κατά
422 4899 654 4969 πόλεμον
681 4895 864 4950 κακῶν
896 4893 1241 4966 χωρισθείης,
1272 4891 1366 4945 δύο
1399 4908 1481 4944 σοι
1510 4908 1602 4945 κε-

21 4999 282 5071 χάρισται
332 4991 559 5063 δωρεάς.
588 4990 683 5042 Ἓν
715 4988 810 5059 μὲν
857 4985 967 5058 γάρ
998 4986 1113 5071 ἐστι
1150 4983 1321 5054 δῶρον
1368 4983 1429 5036 τὸ
1468 4981 1602 5036 ἔπα-

22 5066 142 5144 Ῐλον
167 5103 181 5117 ’
221 5084 408 5154 ἕτερον
458 5081 516 5135 δὲ
545 5079 717 5151 δῶρον
771 5078 932 5141 αὐτὸς
954 5080 983 5131 ὁ
1026 5066 1207 5159 ᾇθλος.
1239 5075 1399 5127 Ὥστε
1430 5074 1523 5127 καὶ
1555 5075 1603 5127 εί

21 5182 193 5256 ιηδὲν
233 5176 314 5248 τῷ
358 5174 582 5246 τοιούτῳ
615 5173 733 5227 κατ’
766 5172 958 5226 ἐλπίδα
1006 5169 1327 5243 πρόσκειτο,
1364 5167 1500 5239 αὑτὴ
1531 5167 1597 5220 δι’

23 5268 219 5342 αυτὴν
271 5268 305 5337 ἡ
335 5266 522 5337 εἰρήνη
557 5265 738 5335 πάσης
792 5262 859 5316 ἂν
902 5257 968 5333 ἦν
1014 5263 1125 5323 τοῖς
1157 5276 1220 5328 γε
1258 5258 1381 5313 νοῦν
1419 5257 1601 5329 ἔχουσι

23 5359 396 5441 εροτιμοτέρα
447 5357 697 5427 σπουδῆς.
755 5356 842 5407 Ἐν
888 5354 1063 5425 τούτῳ
1120 5352 1298 5406 τοίνυν
1335 5346 1599 5422 ἐστι’τὴν

27 5461 111 5530 ἧς
174 5449 587 5524 φιλανθρωπίας
630 5443 931 5515 ὑπερϐολὴν
984 5442 1314 5512 ἐπιγνῶναι,
1362 5441 1443 5494 ὅτι
1501 5445 1600 5506 τὰς

25 5546 236 5620 ,γαθὲις
257 5542 578 5605 ἀντιδόσεις,
610 5538 671 5592 οὐ
701 5537 882 5599 πόνοις
909 5534 1002 5587 καὶ
1028 5534 1266 5605 ἱδρῶσιν,
1291 5533 1404 5587 ἀλλ’
1435 5532 1493 5603 εύ
1505 5550 1603 5586 πα-

29 5645 191 5704 εῖαις
218 5635 420 5709 τρόπον
463 5631 589 5686 τινα
620 5632 710 5684 καὶ
750 5625 1035 5698 θυμηδίαις
1067 5624 1405 5695 κεχάρισται·
1446 5623 1604 5711 εἴπερ

1698 4434 1877 4488 rentia
1919 4432 2129 4496 scutis;
2173 4429 2265 4484 ubi
2300 4429 2470 4499 galea:
2494 4429 2682 4486 cristis
2714 4430 2782 4484 ad
2816 4438 3082 4486 terrorem
3126 4447 3279 4488 com-
3342 4452 3353 4487 r

1699 4524 1894 4595 positis
1917 4532 2212 4589 nutantes;
2243 4522 2335 4576 ubi
2365 4520 2680 4585 conﬂictus,
2714 4521 3130 4591 impressiones,
3164 4538 3279 4577 ma-

1698 4632 1867 4670 nuum
1908 4614 2307 4679 consertiones,
2341 4614 2546 4684 praelia,
2583 4613 2783 4679 cades,
2830 4614 2990 4685 fugae,
3023 4631 3280 4685 persecu-

1701 4710 1901 4774 tiones,
1937 4708 2195 4778 gemitus,
2233 4708 2508 4772 ululatus;
2551 4706 2642 4760 ubi
2681 4714 2826 4759 terra
2863 4710 3133 4777 sanguine
3158 4722 3275 4760 ma-

1697 4799 1828 4864 det;
1878 4800 2080 4854 mortui
2130 4800 2525 4855 conculcantur
2576 4807 2631 4853 et
2680 4799 3044 4863 obteruntur,
3105 4801 3277 4854 saucii

1702 4891 2182 4961 derclinquuntur,
2221 4899 2384 4963 atque
2435 4892 2618 4947 omnia
2660 4890 2794 4944 ﬁunt
2839 4906 3180 4962 quaecunque
3223 4893 3278 4946 in

1703 4999 1899 5054 aspero
1929 4983 2073 5038 bello
2102 4984 2355 5041 accidere
2381 4983 2600 5040 solent?
2631 4983 2877 5052 nunquid
2908 4983 2965 5036 in
3001 4983 3085 5039 bis
3117 4983 3281 5039 rebus

1704 5082 1972 5144 occupato
1996 5074 2170 5128 otium
2200 5090 2440 5144 unquam
2480 5076 2606 5139 erit,
2650 5074 3042 5144 cogitationem
3090 5073 3159 5130 ad
3202 5076 3278 5129 rei

1708 5164 1945 5233 alicujus
1965 5164 2223 5232 jucunda:
2251 5164 2684 5219 recordationem
2708 5163 3060 5220 convertendi
3087 5168 3113 5217 γ
3135 5164 3280 5235 quod

1708 5256 1754 5313 si
1781 5252 2002 5326 quando
2026 5254 2268 5307 animum
2292 5254 2487 5309 subeat
2515 5255 2679 5309 etiam
2707 5255 2940 5326 alicujus
2967 5256 3043 5311 rei
3075 5254 3281 5322 jucun-

1707 5348 1948 5404 dissima‘.
1994 5343 2257 5408 memoria
2290 5362 2305 5399 :
2335 5360 2518 5400 nonne
2568 5350 2877 5403 recordatio
2927 5347 3284 5403 charissima-

1709 5456 1829 5497 rum
1882 5440 1937 5493 in
1995 5447 2238 5507 tempore
2291 5437 2520 5506 periculi
2578 5438 2961 5508 cogitationem
3026 5440 3280 5501 subiens.

1710 5530 1959 5589 accessio
2006 5528 2335 5584 calamitatis
2378 5526 2469 5581 iit?
2506 5526 2646 5597 Ergo
2688 5531 2781 5597 qui
2832 5531 3137 5587 mercedem
3185 5531 3283 5586 tibi

1714 5624 1990 5698 proponit,
2040 5621 2086 5680 si
2145 5620 2215 5676 ab
2249 5620 2617 5677 incommodis
2658 5621 2788 5678 belli
2831 5632 2883 5711 te
2927 5624 3282 5692 abstinueris,
