3696 5986
1534 59 1562 93 ο

31 174 164 228 Ξ35
1056 176 1145 231 DE
1186 175 1557 231 BE.\TtleDl

1748 177 1790 234 5.
1819 175 2077 235 ORATIO
2109 180 2221 235 VII.
2542 190 2557 197 ‘
3140 181 3280 239 1286

31 305 244 342 nam:
297 288 484 353 πόδες,
534 289 633 361 μία
679 290 784 343 τῶν
819 291 914 346 δύο
943 297 1265 367 νοσημάτων
1307 300 1341 370 ή
1385 294 1472 350 διὰ
1500 296 1557 348 τῦ

1748 313 1775 353 c
1815 298 2035 355 distorti
2076 315 2265 356 corum
2301 298 2393 370 qui
2447 314 2475 352 a
2509 299 2777 354 daemonio
2815 305 3086 354 vexantur
3130 301 3276 356 oculi

31 384 280 437 ιιούτων
335 383 650 458 ὑπογραφῇ.
702 388 969 443 Τοσοῦτον
1016 392 1177 462 μόνον
1230 392 1606 464 παρήλλακται

31 472 91 525 »ὖ
136 474 334 545 ἑτέρου
373 475 433 527 τὸ
464 476 651 548 ἕτερον
670 517 685 542 ,
709 478 831 533 ὅσον
852 481 912 534 τὸ
944 483 1042 553 μὲν
1072 483 1316 537 ἑκούσιον
1341 479 1476 538 εἶναι
1506 502 1605 538 κα-

31 570 124 623 5v.
166 563 231 617 τὸ
260 565 320 618 δὲ
357 565 668 639 ἀϐουλήτως
708 572 1070 641 προσπίπτειν
1100 568 1181 638 οἷς
1212 575 1277 629 ἂν
1308 576 1600 645 ἐγγίνεται.

31 651 67 705 δ
130 652 194 706 δὲ
244 654 368 707 κατ’
420 655 555 711 ίδίαν
600 659 775 731 όρμὴν
822 664 879 716 ὲν
910 667 1161 736 συμφορᾷ
1197 666 1469 735 γενέσθαι,
1510 665 1603 720 τοῦ

31 746 170 818 αρὰ
219 747 451 821 γνώμην
502 750 730 817 παθεῖν,
785 753 906 806 ὅσον
923 754 1311 827 ἐλεεινότερον;
1360 757 1468 810 Καὶ
1504 758 1603 829 τὴν

31 838 102 890 ὲν
146 839 214 891 ὲκ
242 837 496 909 δαίμονος
522 840 677 894 νόσον
701 841 730 893 ό
763 840 884 896 ἰδὼν
915 831 1131 908 πάντως
1163 844 1391 916 ἠλέησεο
1421 844 1518 917 τὴν
1545 845 1601 898 δὲ

31 946 52 981 ι
96 928 289 1000 Ουμοῦ
321 931 669 1005 παραφορὰν,
713 933 849 1004 ὁμοῦ
877 952 936 988 τε
966 924 1103 990 εἶδεν
1132 936 1228 990 καὶ
1268 939 1598 1009 ἐμιμήσατο,

31 1021 221 1090 τιμίαν
278 1022 548 1094 ἑκκρίνων
607 1024 667 1078 τὸ
722 1024 796 1096 μὴ
852 1026 1287 1097 ὑπερϐάλλεσθαι
1346 1028 1425 1100 τῷ
1478 1027 1597 1082 καθ’

31 1111 205 1164 ιυτὺν
253 1112 417 1166 πάθει
463 1112 555 1166 τὸν
595 1116 1025 1186 προνοσήσαντα.
1057 1118 1166 1170 Καὶ
1202 1120 1231 1172 ό
1266 1120 1363 1189 μὲν
1390 1120 1598 1190 δαίμων

31 1202 290 1272 ερεὸλῶν
316 1204 411 1257 τοῦ
441 1205 721 1275 ὲμπαθοῦς
760 1206 819 1260 τὸ
862 1207 1040 1279 σῶμα,
1083 1210 1272 1281 μέχρις
1304 1211 1510 1265 ἐκείνου
1537 1212 1597 1265 τὸ

31 1293 187 1345 ικὺν
235 1293 440 1364 ἵστησι,
486 1294 626 1348 κατὰ
659 1296 753 1349 τοῦ
800 1297 960 1369 ἀέρος
990 1299 1112 1370 εἰκῆ
1142 1298 1471 1374 διαρρίπτων
1502 1302 1594 1356 τοῦ

31 1385 321 1456 εμῃνότος
364 1387 462 1449 τὰς
507 1378 785 1458 χεῖραςδό
809 1388 866 1442 δὲ
900 1389 995 1443 τοῦ
1032 1389 1204 1462 θυμοῦ
1233 1391 1458 1462 δαίμων.
1496 1393 1596 1447 οὑκ

31 1477 186 1546 ργὰς
215 1479 363 1529 ποιεῖ
383 1477 480 1542 τὰς
511 1479 752 1549 κινήσεις
776 1478 869 1533 τοῦ
898 1480 1168 1552 σώματος.
1208 1483 1456 1537 Ἐπειδὰν
1484 1484 1594 1555 γὰρ

31 1570 361 1641 τικρατήσῃ
398 1569 459 1621 τὸ
500 1570 692 1634 πάθος,
733 1571 823 1624 καὶ
859 1572 1133 1646 ὑπερζέσῃ
1160 1572 1220 1626 τὸ
1250 1574 1593 1645 περικαρδιον

1707 398 1835 444 sunt
1869 406 1882 443 :
1914 390 2111 480 lingua
2158 403 2423 460 praeceps,
2472 403 2665 458 aspera
2705 388 2940 458 loquela,
2991 394 3161 444 acuta.
3213 403 3279 443 ac

1704 479 1923 535 latratui
1963 479 2161 536 similis
2200 496 2325 535 vox.
2361 479 2686 535 Communia
2731 480 2849 534 b:ec
2889 487 3004 533 tum
3037 480 3132 534 irzn
3160 487 3276 533 tum

1703 570 1959 635 daemoni,
1991 573 2275 641 quassatio
2305 572 2522 643 capitis,
2550 586 2810 625 manuum
2845 570 3039 626 stolidi
3068 578 3274 631 motus,

1703 664 1999 719 concussio
2034 656 2093 719 οῖ
2118 664 2275 733 quasi
2304 663 2556 719 aasluatio
2600 663 2852 732 corporis
2888 662 3077 726 totius,
3112 663 3275 731 pedes

1702 755 2029 819 instabiles,
2090 770 2199 810 una
2257 756 2543 825 utriusque
2596 754 2769 809 morbi
2838 769 2936 824 per
3006 749 3275 823 ejusmodi

1701 848 2007 903 accidentia
2054 847 2357 917 descriptio
2399 856 2504 902 est.
2556 846 2791 901 Tantum
2845 845 3113 900 duntaxat
3150 845 3273 900 alte-

1700 951 1822 989 rum
1855 935 1924 990 ab
1953 936 2128 990 altero
2165 936 2363 998 variat,
2398 934 2540 1005 quod
2573 951 2739 990 unum
2774 936 2991 1004 quidem
3025 935 3275 989 volunta-

1699 1024 1840 1079 rium
1880 1026 2083 1079 malum
2123 1032 2227 1088 est,
2278 1025 2509 1079 alterum
2556 1024 2763 1092 absque
2795 1023 3076 1077 voluntate
3124 1023 3272 1091 ipso-

1697 1130 1819 1170 rum
1865 1115 2065 1171 accidit
2102 1115 2157 1169 in
2196 1116 2398 1185 quibus
2459 1115 2697 1169 exsistit.
2743 1114 2812 1171 At
2858 1124 3061 1184 quanto
3107 1113 3273 1167 mise-

1696 1208 1928 1263 rabilius
1979 1216 2085 1272 est,
2141 1208 2188 1263 si
2248 1214 2449 1279 praeter
2499 1207 2667 1262 animi
2727 1208 3054 1263 sententiam
3110 1206 3272 1260 alicui

1696 1296 1977 1367 quidpiam
2008 1295 2244 1360 accidat,
2274 1312 2437 1367 quam
2479 1297 2525 1351 si
2558 1298 2784 1367 proprio
2812 1297 3019 1366 impetu
3046 1296 3099 1350 in
3127 1296 3275 1351 cala-

1695 1390 1939 1443 mitatem
1994 1387 2238 1443 incidat?
2265 1403 2328 1443 ac
2376 1388 2623 1442 morbum
2654 1389 2870 1457 quidem
2914 1404 2978 1443 ex
3023 1387 3273 1442 daemone

1696 1480 2033 1535 accidentem
2065 1481 2111 1536 si
2161 1479 2286 1551 quis
2318 1479 2781 1544 animadverterit,
2810 1494 2918 1533 non
2948 1488 3127 1547 potest
3159 1494 3268 1534 non

1697 1572 1947 1627 miserari
1982 1591 1995 1626 :
2028 1588 2095 1627 ex
2136 1571 2222 1626 ira
2252 1587 2382 1627 vero
2412 1572 2817 1642 provenientem
2855 1571 3163 1625 vecordiam
3193 1571 3269 1625 si-
3298 1640 3301 1649 η

31 1655 149 1729 ἴμα
196 1659 300 1731 τῆς
336 1640 616 1732 μελαίνης
670 1662 864 1733 χολῆς,
913 1640 988 1727 ὥς
1033 1640 1226 1733 φασιν,
1256 1640 1333 1719 ὲκ-
1359 1640 1461 1736 τῆς
1497 1666 1557 1720 ου

1753 1662 1806 1715 ul
1848 1669 2012 1732 atque
2041 1663 2196 1729 vidit,
2242 1640 2507 1726 imitat—ur,
2550 1661 2750 1715 damno
2785 1660 2888 1715 sibi
2939 1662 3167 1723 ducens,
3219 1662 3267 1715 si

31 1750 227 1813 ὡδους
304 1749 598 1815 διαθέσεως
674 1753 959 1825 ἁπανταχῇ
1018 1756 1461 1827 καταρπαρείσης
1501 1755 1593 1828 ιτῷ

32 1840 247 1913 ,ἱημιατι⁹
280 1840 403 1895 τότε
432 1841 536 1895 ὑπὸ
556 1841 667 1896 τῶν
690 1842 897 1897 ἔνδοθεν
928 1843 1352 1916 συνθλιϐομένων
1380 1845 1588 1915 ἀτμῶν,

31 1936 423 2006 τενοχωρεῖται
461 1935 634 1989 πάντα
670 1936 737 1990 τὰ
770 1936 898 2007 περὶ
929 1936 1026 2007 τὴν
1061 1936 1301 2010 κεφαλὴν
1333 1938 1592 2009 αἰσθητή-

31 2043 92 2077 ια
115 2041 134 2057 ο
170 2024 445 2095 ὀφθαλμοὶ
486 2026 583 2097 μὲν
616 2026 720 2080 ὑπὸ
752 2027 850 2099 τὴν
879 2026 989 2082 τῶν
1017 2027 1299 2101 βλεφάρων
1323 2046 1590 2102 περιγρα-

31 2116 108 2188 ὴν
135 2114 488 2181 ὲξωθοῦνται,
521 2115 760 2189 ὑφαιμόν
784 2136 835 2172 τι
866 2120 960 2173 καὶ
982 2119 1347 2192 δρακοντώδες
1373 2120 1507 2193 πρὸς
1531 2120 1591 2174 τὸ

31 2208 212 2263 δποῦν
258 2210 592 2275 ἀτενίζοντες
615 2228 631 2244 ο
662 2211 899 2282 ἄσθματι
926 2212 983 2266 δὲ
1022 2213 1090 2268 τὰ
1123 2214 1403 2285 σπλάγχνα
1434 2214 1588 2268 συνέ-

31 2317 157 2353 stat
182 2315 199 2331 ⁶
230 2299 488 2354 διοίσουσι
508 2301 565 2355 δὲ
599 2302 741 2357 κατὰ
765 2302 859 2357 τοῦ
894 2304 1117 2374 αὐχένος
1149 2306 1203 2359 ai
1238 2304 1453 2375 φλέϐες,
1494 2309 1589 2360 καὶ

79 2391 314 2461 γλῶσσα
356 2392 653 2464 παχύνεται
674 2410 689 2426 ο
734 2396 884 2466 καὶὴ
917 2396 1067 2467 φωνὴ
1102 2397 1463 2468 στενουμένης
1490 2397 1589 2467 τῆς

31 2482 280 2554 ρτηρίας
323 2483 586 2548 ἑκουσίως
621 2483 900 2549 ὀξύνεταιο
930 2486 1023 2539 καὶ
1062 2487 1129 2540 τὰ
1154 2486 1307 2557 χείλη
1356 2490 1419 2559 τῇ
1454 2488 1587 2540 ὑπο-

31 2573 209 2643 stop?
220 2572 321 2643 τῆς
350 2571 560 2649 ψυχρᾶς
588 2574 801 2645 ἐκείνης
834 2575 995 2649 χολῆς
1024 2578 1293 2648 πήγνυται
1322 2578 1413 2631 καὶ
1437 2595 1588 2648 περι-

31 2662 363 2729 .ελαίνεται,
409 2665 503 2717 καὶ
538 2664 832 2737 δυσκίνητα
888 2667 1095 2736 γίνεται
1133 2668 1265 2739 πρὸς
1313 2667 1415 2740 τὴν
1448 2668 1587 2723 κατὰ

34 2753 170 2809 ύσιν
202 2755 488 2827 διαστολὴν
536 2758 630 2812 καὶ
658 2759 938 2829 ἐπίμυσιν,
973 2760 1048 2823 ώς
1080 2759 1212 2830 μηδὲ
1241 2759 1330 2813 τὸν
1360 2759 1586 2813 πτύελον

31 2866 53 2899 ν
81 2845 168 2917 τῷ
207 2847 437 2918 στόματι
488 2844 853 2913 πλεονάζοντα
897 2853 1249 2923 περικρατεῖν
1286 2850 1582 2916 δύνασθαι,
1631 2848 1642 2857 ’

1694 1771 1797 1812 suo
1825 1754 2020 1812 inorbo
2042 1772 2152 1811 non
2178 1756 2521 1827 superaverit
2551 1769 2676 1810 eum
2708 1753 2801 1825 qui
2832 1753 2982 1825 prior
3003 1761 3269 1823 :rgrotare

1692 1851 1937 1919 coeperit.
1975 1848 2053 1903 Ac
2087 1849 2297 1904 daemon
2325 1847 2544 1918 quidem
2590 1854 2853 1917 torquens
2882 1845 3101 1900 obnoxii
3143 1859 3267 1899 cor-

1692 1954 1816 2010 pus,
1849 1939 2081 1995 ulterius
2116 1938 2319 1993 malum
2351 1952 2458 1992 non
2504 1935 2750 1991 extendit
2799 1932 2959 2005 quam
2999 1942 3057 1989 ut
3085 1935 3140 1989 in
3172 1948 3266 1989 ae-
3326 2008 3327 2011 η

1692 2046 1805 2086 rem
1853 2030 2060 2087 frustra
2117 2029 2348 2085 furentis
2394 2042 2589 2083 manus
2636 2026 2909 2095 disjiciat:
2968 2026 3269 2079 iracundia:

1690 2140 1822 2180 vero
1856 2125 2066 2180 damon
2118 2139 2225 2178 non
2282 2122 2471 2177 irritos
2525 2120 2775 2191 corporis
2836 2119 2999 2176 edicit
3055 2126 3260 2175 motus.

1689 2216 1823 2272 Cum
1851 2216 1998 2272 enim
2033 2213 2371 2286 perturbatio
2399 2212 2763 2282 praevaluerit,
2789 2219 2842 2267 et
2867 2210 3093 2282 sanguis
3115 2209 3264 2264 circa

1690 2323 1787 2364 cor
1811 2322 1976 2378 supra
2013 2305 2231 2361 modum
2267 2305 2599 2370 efferbnerit,
2640 2305 2797 2374 nigra
2828 2303 2957 2367 bile,
2996 2309 3057 2356 ut
3084 2301 3260 2368 aiunt,

1688 2415 1754 2455 ex
1799 2399 2062 2454 iracunda
2118 2397 2405 2453 affectione
2449 2412 2547 2468 per
2583 2403 2755 2451 totum
2810 2409 3009 2465 corpus
3042 2392 3261 2457 diﬂ‘usa,

1690 2502 1819 2546 tunc
1851 2507 1962 2561 prce
1988 2489 2361 2544 coarctatione
2400 2502 2663 2558 vaporum
2696 2486 3035 2540 internornm
3079 2483 3261 2537 omnia

1690 2591 1951 2643 sensuum
1989 2589 2116 2630 vasa
2168 2574 2313 2629 circa
2365 2570 2530 2643 caput
2574 2572 2629 2626 in
2679 2578 2972 2642 augustum
3016 2569 3266 2640 redigun-

1689 2676 1818 2735 tur;
1849 2666 1993 2721 oculi
2026 2665 2245 2736 quidem
2292 2664 2435 2719 ultra
2482 2663 2862 2733 palpebrarum
2909 2662 3106 2716 limites
3142 2668 3265 2730 pr‘o-

1690 2759 2003 2821 truduntur,
2033 2756 2335 2826 sanguineo
2366 2754 2603 2825 qundam
2646 2767 2711 2808 ac
2738 2752 3034 2807 draconico
3063 2751 3261 2807 obtutu

1688 2853 1742 2908 in
1780 2852 1831 2907 id
1873 2849 2017 2921 quod
2048 2847 2296 2914 offendit,
2349 2846 2544 2901 intenti
2577 2864 2598 2924 ι.
2621 2845 2830 2900 viscera
2866 2851 3047 2898 autem
3091 2843 3263 2898 anhe-

32 2938 145 2991 λλὰ
204 2939 552 2993 συνεκὸαλεῖν
613 2944 724 3005 τοῖς
777 2943 1016 3013 ῥήμασι,
1075 2942 1167 2997 τοῦ
1228 2943 1557 3016 βεϐιασμένα

1754 2959 1784 2996 ιι
1816 2946 2166 2996 coarctanlur
2210 2945 2373 3007 atque
2405 2943 2748 3006 premuntur,
2796 2934 3169 2988 intumescunt
3202 2932 3259 2987 in

38 3027 249 3097 θόγγου
290 3029 381 3113 τὴν
423 3029 597 3101 ἀφρὸν
642 3032 1070 3101 παραπτύοντος.
1106 3034 1239 3087 Τότε
1268 3036 1445 3088 τοίνυν
1491 3034 1584 3088 καὶ

33 3119 101 3183 ὰς
140 3124 331 3192 χεῖρας
360 3120 504 3176 ἐστιν
543 3122 668 3175 ἰδεῖν
701 3123 1127 3194 ἀνακινουμένας
1153 3125 1261 3189 ὑπὸ
1281 3126 1380 3197 τῆς
1405 3126 1581 3192 νόσου,

40 3212 101 3264 ai.
138 3213 268 3275 τοὺς
291 3211 456 3277 πόδας
487 3212 745 3277 ὡσαύτως
764 3228 781 3243 '
800 3216 1029 3269 κινεῖται
1054 3216 1109 3270 δὲ
1129 3215 1196 3270 τὰ
1224 3217 1359 3288 μέλη
1388 3218 1579 3283 ταῦτα,

33 3304 188 3357 ὑκέτι
227 3303 403 3374 μάτην
425 3344 439 3367 ,
471 3303 721 3377 καθάπερ
752 3308 845 3359 ἐπὶ
878 3307 985 3359 τῶν
1013 3307 1390 3377 δαιμονώντων
1431 3307 1583 3377 γίνε-

34 3412 114 3459 αι,
147 3395 266 3448 ait)!
301 3395 392 3448 ἐπὶ
434 3394 586 3467 κακῷ
618 3396 725 3449 τῶν
754 3397 1001 3468 ἀλλήλοις
1034 3398 1119 3450 διὰ
1138 3398 1238 3467 τῆς
1257 3397 1413 3451 νόσου
1440 3415 1582 3470 συμ-

33 3485 387 3555 ελεκομένων.
424 3486 600 3549 Εὐθὺς
642 3486 748 3559 γὰρ
778 3488 913 3559 πρὸς
942 3488 1007 3540 τὰ
1039 3488 1224 3560 καίρια
1244 3487 1355 3541 τῶν
1393 3487 1583 3562 αἰσθη-

33 3577 209 3649 ηρίων
236 3579 295 3630 al.
319 3578 487 3649 ὁρμαὶ
527 3579 635 3632 τῶν
661 3579 921 3651 ἀλλήλους
952 3579 1295 3651 πληττόντων
1320 3580 1579 3648 γίνονται.

33 3668 64 3721 ἒξ
87 3669 147 3722 δέ
178 3687 281 3723 που
317 3671 664 3743 προσεγγίσει
697 3674 755 3725 ὲν
787 3674 853 3743 τῇ
896 3671 1180 3752 συμπλρκῇ
1222 3673 1282 3725 τὸ
1307 3673 1481 3744 στόμα
1503 3672 1581 3743 τῷ

34 3757 257 3831 ὡματι,
304 3760 425 3814 οὐδὲ
462 3762 511 3815 οἱ
559 3760 769 3825 όδόντες
826 3762 1095 3833 ἄπρακτοι
1151 3764 1417 3834 μένουσιν,
1466 3763 1579 3817 ἀλλ’

34 3852 303 3921 μφύονται
330 3852 517 3924 θηρίου
551 3854 706 3924 δίκην
733 3849 812 3916 οἷς
843 3854 908 3906 ἂν
941 3854 1309 3924 ἐμπελάσωσι.
1346 3854 1457 3909 Καὶ
1496 3844 1582 3920 τίς

40 3965 65 3998 ν
108 3946 180 4001 τὰ
227 3947 344 4001 καθ’
379 3948 605 4001 ἕκαστον
648 3947 791 3999 εἴποι
843 3945 1020 4008 κακὲ,
1052 3947 1153 4000 ὅσα
1182 3946 1367 4000 sic-105
1407 3945 1579 4018 θυμοῦ

34 4037 98 4106 ὴν
140 4036 353 4106 γένεσιν
400 4036 543 4107 ἔχεις
587 4036 644 4090 Ὀ
675 4035 853 4090 τοίνυν
905 4034 1128 4089 κωλύων
1175 4037 1275 4108 τὴν
1325 4037 1580 4109 τοιαύτην

40 4127 388 4198 σχημοσύνην
410 4167 424 4189 ,
453 4126 674 4191 εἰκότως
708 4127 773 4181 ἂν
794 4126 1141 4201 μακαριστός
1172 4144 1229 4180 τε
1256 4129 1350 4181 καὶ
1379 4129 1577 4200 τίμιος,

35 4235 63 4270 κ
103 4220 206 4289 τῆς
257 4218 517 4289 μεγίστης
562 4217 878 4289 εὐεργεσίας
924 4218 1258 4289 ὀνομάζοιτο.
1300 4219 1361 4271 Εἰ
1407 4218 1514 4291 γὰρ
1550 4221 1580 4272 6

1686 3031 1831 3087 collo
1862 3045 2047 3093 venae;
2096 3030 2279 3099 lingua
2312 3026 2545 3083 efﬁcitur
2584 3039 2803 3091 crassa;
2836 3038 2960 3088 vox,
2999 3023 3051 3078 in
3088 3037 3260 3094 angu-

1684 3133 1830 3180 stum
1863 3122 2084 3178 redacta
2136 3123 2356 3183 arteria,
2401 3128 2595 3190 sponte
2636 3132 2737 3173 sua
2775 3115 3020 3172 redditur
3058 3124 3257 3180 acuta;

1684 3216 1827 3271 labia
1870 3214 2170 3270 suﬂ‘usione
2215 3212 2426 3282 frigidae
2467 3211 2615 3267 illius
2666 3210 2791 3264 bilis
2831 3208 2988 3279 quasi
3030 3221 3260 3263 concre-

1684 3311 1845 3361 scunt
1883 3312 1938 3358 et
1977 3303 2359 3372 congelantur,
2411 3300 2803 3369 obnigrescunt
2857 3305 3022 3366 atque
3069 3304 3257 3366 torpe-

1684 3403 1846 3453 scunt
1872 3395 1939 3449 ad
1979 3393 2280 3448 naturalem
2322 3391 2728 3445 distinctionem
2773 3397 2827 3443 et
2859 3389 3252 3451 occlusionem,

1682 3494 1742 3542 ut
1770 3501 1838 3540 ne
1884 3476 2111 3540 salivam
2145 3481 2364 3551 quidem
2393 3481 2449 3534 in
2494 3494 2590 3534 ore
2637 3477 3033 3532 redundantem
3077 3478 3256 3531 conti-

1682 3593 1813 3634 nere
1844 3578 2077 3648 possint,
2115 3572 2211 3629 sed
2241 3587 2347 3627 una
2377 3586 2501 3626 cum
2536 3569 2717 3625 verbis
2758 3569 3028 3631 emittant,
3059 3576 3256 3621 coacto

1690 3683 1829 3725 sono
1876 3680 2124 3741 spumam
2184 3663 2347 3719 simul
2402 3672 2721 3733 exspuente.
2784 3658 2939 3713 Tunc
2992 3659 3157 3729 igitur
3199 3668 3256 3713 et

1682 3775 1877 3815 manus
1921 3765 1974 3814 et
2007 3757 2171 3828 pedes
2215 3755 2401 3810 itidem
2430 3748 2563 3824 praef
2585 3752 2779 3807 morbo
2808 3753 3013 3806 moveri
3070 3752 3254 3806 videre

1682 3853 1826 3908 licet.
1877 3851 2160 3905 Moventur
2193 3857 2372 3903 autem
2417 3846 2531 3901 lucc
2562 3846 2805 3901 membra
2854 3860 2964 3900 non
2993 3845 3107 3916 jam
3138 3860 3256 3898 am-

1680 3943 1824 4014 plius
1862 3941 2083 4008 frustra,
2117 3937 2570 4009 quemadmodum
2616 3934 2673 3990 fit
2723 3937 2777 3991 in
2834 3937 2902 3992 iis
2931 3936 3024 4007 qui
3077 3951 3106 3989 a
3141 3936 3253 3991 (he-
3292 3966 3301 3974 ε

1681 4048 1842 4088 mone
1870 4040 2153 4095 vexantur,
2187 4030 2282 4087 sed
2323 4031 2376 4084 in
2415 4030 2708 4100 perniciem
2746 4044 2936 4085 eorum
2984 4030 3075 4101 qui
3110 4031 3251 4086 inter

1681 4142 1739 4182 se
1768 4142 1861 4197 per
1891 4124 2142 4180 morbum
2194 4122 2517 4193 conﬂigunt.
2570 4122 2832 4178 Protinus
2873 4121 3252 4199 enim'adver-

1685 4234 1783 4275 sus
1822 4218 2074 4274 sensoria
2109 4216 2311 4271 ictibus
2338 4224 2643 4286 opportuna
2675 4232 2733 4271 se
2754 4217 2989 4271 invicem
3026 4216 3252 4285 pulsan-

35 4310 321 4381 ωματικῆς
360 4326 503 4373 τινος
540 4310 733 4380 ἀηδίας
757 4311 995 4382 χωρίσας
1026 4309 1116 4362 τὸν
1152 4308 1468 4382 ἄνθρωπον,
1491 4310 1557 4363 τί‹

1748 4325 1813 4363 im
1849 4310 2083 4380 impetus
2129 4306 2399 4365 feruntur.
2449 4305 2604 4372 Quod
2651 4306 2698 4362 si
2734 4305 2873 4360 forte
2910 4319 2973 4359 os
3012 4304 3066 4358 in
3102 4319 3253 4358 con-

35 4419 125 4465 .ιος
176 4400 263 4454 διὰ
294 4400 392 4467 τῆς
429 4400 681 4472 τοιαύτης
723 4402 966 4465 εὑποιῖας
996 4401 1142 4455 ἐστί·
1176 4400 1325 4470 πόσῳ
1380 4401 1578 4471 μᾶλλον

52 4493 153 4562 τὴν
182 4491 355 4563 ψυχὴν
379 4492 477 4563 τῆς
505 4494 660 4547 νόσου
688 4493 891 4563 ταύτης
918 4493 1306 4567 ἐλευθερώσας,
1328 4494 1403 4559 ώς
1426 4497 1579 4567 εὐερ-

38 4584 168 4655 έτης
195 4584 286 4637 τοῦ
318 4584 432 4655 βίου
467 4585 619 4657 παρὰ
647 4589 758 4650 τοῖς
786 4586 911 4641 νοῦν
940 4586 1122 4658 ἔχουσι
1152 4588 1572 4661 νομισθήσεταις

35 4676 171 4731 Οσον
204 4675 309 4749 γὰρ
353 4679 615 4748 κρείττων
649 4681 682 4750 ἡ
717 4678 861 4751 ψυχὴ
893 4679 987 4733 τοῦ
1020 4674 1269 4751 σώματος
1291 4720 1305 4742 ,
1338 4680 1575 4752 τοσούτῳ

38 4763 322 4837 ιμιώτερος
373 4766 481 4820 τῶν
537 4767 606 4821 τὰ
661 4768 887 4839 σώματα
936 4767 1346 4841 θεραπευόντων
1399 4772 1427 4824 ό
1474 4770 1573 4835 τὰς

35 4855 177 4924 taxa;
202 4854 512 4926 ἐξιώμενος.

1675 4401 1826 4455 ﬂictu
1858 4400 2077 4471 corpori
2118 4397 2660 4469 apprOpinqnaverit,
2708 4412 2777 4453 ne
2806 4397 2999 4452 dentes
3028 4397 3246 4468 quidem

1673 4492 1836 4546 otiosi
1882 4498 2125 4555 manent,
2167 4488 2261 4545 sed
2307 4487 2434 4542 fera:
2469 4487 2523 4541 in
2566 4486 2786 4541 tnodum
2827 4489 2895 4543 iis
2938 4502 3058 4558 qua:
3094 4487 3247 4541 inva-

1673 4580 1846 4635 serint
1914 4581 2300 4636 inhzerescunt.
2363 4576 2430 4631 Et
2484 4577 2608 4647 quis
2672 4577 2981 4647 singulatim
3062 4576 3247 4631 omnia

1673 4675 1837 4739 mala,
1883 4690 2004 4745 quae
2042 4691 2105 4730 ex
2158 4676 2237 4730 ira
2272 4674 2619 4745 proveniunt,
2666 4688 2987 4728 enumerare
3033 4675 3251 4743 possit?

1679 4769 1782 4838 Qui
1838 4770 2004 4840 igitur
2056 4771 2309 4841 prohibet
2367 4769 2638 4840 ejusmodi
2690 4769 3116 4839 turpitudinem,
3174 4771 3245 4824 oh

1676 4865 1972 4920 maximum
2019 4865 2341 4920 henellcium
2392 4865 2515 4935 jure
2557 4865 2745 4919 beatus
2798 4873 2851 4919 et
2897 4863 3247 4919 honorandus

35 4951 394 5006 ιυιιιὶιιιιιιὶιιιι·⁸
429 4951 560 5005 Nam
608 4951 653 5007 si
698 4952 744 5008 is
774 4953 864 5023 qui
897 4953 1079 5024 aliqua
1145 4969 1408 5024 corporea
1476 4959 1723 5016 molestia
1783 4959 2055 5014 hominem
2109 4959 2419 5015 liberaverit
2462 4961 2762 5015 honoratus
2838 4959 2908 5013 ob
2977 4957 3247 5029 ejusmodi

36 5043 323 5098 ueneﬁcium
357 5052 461 5111 est,
508 5054 712 5114 quanto
768 5045 941 5117 magis
996 5047 1042 5101 is
1087 5046 1179 5117 qui
1226 5048 1466 5104 animum
1514 5053 1584 5108 ab
1624 5053 1727 5109 hoc
1751 5051 1940 5107 morbo
1975 5051 2307 5119 liberaverit,
2333 5066 2432 5122 pro
2463 5051 2807 5107 benefactore
2845 5051 2968 5105 vitae
3030 5065 3060 5104 a
3119 5064 3245 5104 eor-

41 5140 144 5194 atis
172 5138 500 5196 hominibus
536 5139 865 5195 habebitur?
913 5141 1130 5208 Quanto
1203 5142 1348 5197 enim
1394 5145 1610 5203 animus

38 5229 343 5295 icdetur,iis
366 5232 460 5301 qui
483 5247 710 5302 corpora
732 5242 963 5301 ‘curant,
982 5226 1333 5292 honorandus
1361 5248 1465 5292 est.

73 5326 180 5382 Καὶ
212 5326 398 5397 μηδεὶς
427 5327 624 5380 οἰέσθω
648 5326 756 5381 τῶν
788 5330 852 5382 ὲκ
893 5326 987 5382 τοῦ
1030 5329 1217 5400 μίσους
1249 5330 1572 5403 ἐνεργουμέ-

37 5433 108 5470 ων
149 5417 350 5483 κακῶν,
400 5417 499 5489 τὴν
542 5417 683 5472 κατὰ
710 5419 805 5473 τὸν
834 5417 1003 5491 θυμὸν
1048 5419 1238 5492 ἀηδίαν
1266 5420 1473 5475 οἴεσθαί
1502 5439 1570 5492 με

43 5507 385 5582 αλεπωτάτην
427 5507 584 5566 εἶναι.
634 5513 793 5565 Δοκεί
838 5530 927 5584 μοι
972 5513 1031 5565 τὸ
1071 5512 1212 5568 κατὰ
1251 5514 1344 5567 τὸν
1379 5513 1570 5584 φθόνον

37 5602 104 5654 tat
147 5601 240 5675 την
285 5602 572 5674 ὑπόκρισιν
624 5603 795 5667 πάθος
843 5604 1021 5685 πολλῷ
1050 5604 1425 5677 χαλεπώτερον
1474 5604 1569 5660 τοῦ

1685 5162 1912 5218 corpore
1959 5145 2307 5217 praestantior
2342 5156 2448 5213 est,
2495 5155 2648 5203 tanto
2694 5147 2867 5220 magis
2910 5147 3004 5217 qui
3051 5144 3247 5199 animis

1748 5326 1826 5383 Ac
1861 5340 2020 5380 nemo
2048 5324 2346 5380 arbitretur
2384 5340 2469 5380 mc
2509 5325 2603 5380 ine
2635 5327 3107 5396 .injucunditatem
3148 5343 3245 5384 eo-

1677 5433 1797 5473 rum
1832 5418 2129 5482 malorum,
2163 5431 2284 5485 qum
2313 5431 2377 5471 ex
2414 5417 2541 5471 odio
2569 5416 2946 5486 designantur,
2984 5418 3247 5489 gravissi-

1678 5525 1820 5566 mam
1859 5518 1913 5565 et
1948 5509 2348 5564 atrocissimam
2389 5518 2603 5579 putare.
2655 5506 2884 5564 Videtur
2930 5512 3076 5565 enim
3111 5509 3247 5565 mihi

1677 5601 1893 5659 ἱηγίιιίιρ
1920 5612 2083 5675 atque
2114 5600 2480 5659 simulationis
2505 5600 2696 5656 vitium
2727 5607 3029 5659 memorato
3055 5598 3249 5657 morbo
