  <div class='ocr_page' id='page_1' title='image "/cluster/home/n/w/nwhite01/storage/ocr_20150623/44/mdp.39015011915454/651.png"; bbox 0 0 3696 5986; ppageno 0'>
   <div class='ocr_carea' id='block_1_1' title="bbox 439 207 572 267">
    <p class='ocr_par' dir='ltr' id='par_1_1' title="bbox 439 207 572 267">
     <span class='ocr_line' id='line_1_1' title="bbox 439 207 572 267; baseline -0.045 0"><span class='ocrx_word' id='word_1_1' title='bbox 439 207 572 267; x_wconf 68' lang='lat'><strong>19.87</strong></span> 
     </span>
    </p>
   </div>
   <div class='ocr_carea' id='block_1_2' title="bbox 1684 194 2452 255">
    <p class='ocr_par' dir='ltr' id='par_1_2' title="bbox 1684 194 2452 255">
     <span class='ocr_line' id='line_1_2' title="bbox 1684 194 2452 255; baseline 0.001 -3"><span class='ocrx_word' id='word_1_2' title='bbox 1684 196 1748 253; x_wconf 89' lang='lat' dir='ltr'><strong>S.</strong></span> <span class='ocrx_word' id='word_1_3' title='bbox 1791 194 2117 253; x_wconf 77' lang='lat' dir='ltr'><strong>GiiEGORll</strong></span> <span class='ocrx_word' id='word_1_4' title='bbox 2157 196 2452 255; x_wconf 59' lang='lat' dir='ltr'><strong>NYSSEM</strong></span> 
     </span>
    </p>
   </div>
   <div class='ocr_carea' id='block_1_3' title="bbox 3564 203 3670 261">
    <p class='ocr_par' dir='ltr' id='par_1_3' title="bbox 3564 203 3670 261">
     <span class='ocr_line' id='line_1_3' title="bbox 3564 203 3670 261; baseline 0.047 -5"><span class='ocrx_word' id='word_1_5' title='bbox 3564 203 3670 261; x_wconf 64' lang='grc' dir='ltr'><strong>ηδε</strong></span> 
     </span>
    </p>
   </div>
   <div class='ocr_carea' id='block_1_4' title="bbox 416 318 1875 395">
    <p class='ocr_par' dir='ltr' id='par_1_4' title="bbox 416 319 1875 395">
     <span class='ocr_line' id='line_1_4' title="bbox 416 319 1875 395; baseline -0.002 -17"><span class='ocrx_word' id='word_1_6' title='bbox 416 325 607 378; x_wconf 73' lang='lat' dir='ltr'><strong>‘multo</strong></span> <span class='ocrx_word' id='word_1_7' title='bbox 637 322 860 395; x_wconf 78' lang='lat' dir='ltr'><strong>gravius</strong></span> <span class='ocrx_word' id='word_1_8' title='bbox 886 337 1034 389; x_wconf 84' lang='lat' dir='ltr'><strong>esse,</strong></span> <span class='ocrx_word' id='word_1_9' title='bbox 1082 328 1287 392; x_wconf 90' lang='lat' dir='ltr'><strong>quanto</strong></span> <span class='ocrx_word' id='word_1_10' title='bbox 1317 319 1590 376; x_wconf 88' lang='lat' dir='ltr'><strong>occultum</strong></span> <span class='ocrx_word' id='word_1_11' title='bbox 1620 320 1820 375; x_wconf 90' lang='lat' dir='ltr'><strong>malum</strong></span> <span class='ocrx_word' id='word_1_12' title='bbox 1846 335 1875 375; x_wconf 88' lang='lat' dir='ltr'><strong>e</strong></span> 
     </span>
    </p>
   </div>
   <div class='ocr_carea' id='block_1_5' title="bbox 2210 318 3669 395">
    <p class='ocr_par' dir='ltr' id='par_1_5' title="bbox 2210 318 3669 392">
     <span class='ocr_line' id='line_1_5' title="bbox 2210 318 3669 392; baseline 0.001 -19"><span class='ocrx_word' id='word_1_13' title='bbox 2210 322 2574 392; x_wconf 56' lang='grc' dir='ltr'>λμονευθέντος</span> <span class='ocrx_word' id='word_1_14' title='bbox 2617 318 2785 376; x_wconf 78' lang='grc' dir='ltr'>εἶναι’</span> <span class='ocrx_word' id='word_1_15' title='bbox 2818 322 2925 391; x_wconf 70' lang='grc' dir='ltr'><strong>ὅσῳ</strong></span> <span class='ocrx_word' id='word_1_16' title='bbox 2967 321 3061 376; x_wconf 67' lang='grc' dir='ltr'><strong>καὶ</strong></span> <span class='ocrx_word' id='word_1_17' title='bbox 3092 321 3392 391; x_wconf 77' lang='grc' dir='ltr'>δεινότερον</span> <span class='ocrx_word' id='word_1_18' title='bbox 3429 319 3527 374; x_wconf 78' lang='grc' dir='ltr'>τοῦ</span> <span class='ocrx_word' id='word_1_19' title='bbox 3562 339 3669 391; x_wconf 82' lang='grc' dir='ltr'>προ-</span> 
     </span>
    </p>
   </div>
   <div class='ocr_carea' id='block_1_6' title="bbox 435 411 2006 484">
    <p class='ocr_par' dir='ltr' id='par_1_6' title="bbox 435 411 2006 484">
     <span class='ocr_line' id='line_1_6' title="bbox 435 411 2006 484; baseline -0.002 -16"><span class='ocrx_word' id='word_1_20' title='bbox 435 424 624 484; x_wconf 85' lang='lat' dir='ltr'><strong>aperto</strong></span> <span class='ocrx_word' id='word_1_21' title='bbox 660 413 907 470; x_wconf 83' lang='lat' dir='ltr'><strong>atrocius</strong></span> <span class='ocrx_word' id='word_1_22' title='bbox 941 421 1047 469; x_wconf 87' lang='lat' dir='ltr'><strong>est.</strong></span> <span class='ocrx_word' id='word_1_23' title='bbox 1084 413 1297 467; x_wconf 85' lang='lat' dir='ltr'><strong>Etenim</strong></span> <span class='ocrx_word' id='word_1_24' title='bbox 1333 427 1400 466; x_wconf 81' lang='lat' dir='ltr'><strong>ex</strong></span> <span class='ocrx_word' id='word_1_25' title='bbox 1435 411 1668 465; x_wconf 84' lang='lat' dir='ltr'><strong>canibus</strong></span> <span class='ocrx_word' id='word_1_26' title='bbox 1705 426 1799 465; x_wconf 89' lang='lat' dir='ltr'><strong>eos</strong></span> <span class='ocrx_word' id='word_1_27' title='bbox 1834 412 2006 481; x_wconf 81' lang='lat' dir='ltr'><strong>magis</strong></span> 
     </span>
    </p>
   </div>
   <div class='ocr_carea' id='block_1_7' title="bbox 433 501 2006 575">
    <p class='ocr_par' dir='ltr' id='par_1_7' title="bbox 433 501 2006 575">
     <span class='ocr_line' id='line_1_7' title="bbox 433 501 2006 575; baseline -0.003 -16"><span class='ocrx_word' id='word_1_28' title='bbox 433 520 722 567; x_wconf 84' lang='lat' dir='ltr'><strong>cavemus,</strong></span> <span class='ocrx_word' id='word_1_29' title='bbox 771 520 1003 575; x_wconf 89' lang='lat' dir='ltr'><strong>quorum</strong></span> <span class='ocrx_word' id='word_1_30' title='bbox 1053 520 1230 574; x_wconf 90' lang='lat' dir='ltr'><strong>neque</strong></span> <span class='ocrx_word' id='word_1_31' title='bbox 1277 505 1506 557; x_wconf 90' lang='lat' dir='ltr'><strong>latratus</strong></span> <span class='ocrx_word' id='word_1_32' title='bbox 1534 501 1681 555; x_wconf 81' lang='lat' dir='ltr'><strong>iram</strong></span> <span class='ocrx_word' id='word_1_33' title='bbox 1724 502 2006 571; x_wconf 67' lang='lat' dir='ltr'><strong>praesigni-</strong></span> 
     </span>
    </p>
   </div>
   <div class='ocr_carea' id='block_1_8' title="bbox 435 591 2008 667">
    <p class='ocr_par' dir='ltr' id='par_1_8' title="bbox 435 591 2008 667">
     <span class='ocr_line' id='line_1_8' title="bbox 435 591 2008 667; baseline -0.003 -19"><span class='ocrx_word' id='word_1_34' title='bbox 435 597 560 649; x_wconf 84' lang='lat' dir='ltr'><strong>licat</strong></span> <span class='ocrx_word' id='word_1_35' title='bbox 585 638 601 662; x_wconf 94' lang='lat'><strong>,</strong></span> <span class='ocrx_word' id='word_1_36' title='bbox 636 612 811 667; x_wconf 89' lang='lat' dir='ltr'><strong>neque</strong></span> <span class='ocrx_word' id='word_1_37' title='bbox 838 611 903 651; x_wconf 77' lang='lat' dir='ltr'><strong>ex</strong></span> <span class='ocrx_word' id='word_1_38' title='bbox 939 596 1169 650; x_wconf 84' lang='lat' dir='ltr'><strong>adverso</strong></span> <span class='ocrx_word' id='word_1_39' title='bbox 1203 596 1456 647; x_wconf 88' lang='lat' dir='ltr'><strong>incursus</strong></span> <span class='ocrx_word' id='word_1_40' title='bbox 1488 600 1605 656; x_wconf 88' lang='lat' dir='ltr'><strong>est,</strong></span> <span class='ocrx_word' id='word_1_41' title='bbox 1636 591 1731 647; x_wconf 90' lang='lat' dir='ltr'><strong>sed</strong></span> <span class='ocrx_word' id='word_1_42' title='bbox 1763 592 1877 645; x_wconf 89' lang='lat' dir='ltr'><strong>miti</strong></span> <span class='ocrx_word' id='word_1_43' title='bbox 1911 608 2008 661; x_wconf 74' lang='lat' dir='ltr'><strong>pa-</strong></span> 
     </span>
    </p>
   </div>
   <div class='ocr_carea' id='block_1_9' title="bbox 432 683 2006 752">
    <p class='ocr_par' dir='ltr' id='par_1_9' title="bbox 432 683 2006 752">
     <span class='ocr_line' id='line_1_9' title="bbox 432 683 2006 752; baseline -0.003 -11"><span class='ocrx_word' id='word_1_44' title='bbox 432 688 566 742; x_wconf 90' lang='lat' dir='ltr'><strong>riter</strong></span> <span class='ocrx_word' id='word_1_45' title='bbox 599 703 663 741; x_wconf 93' lang='lat' dir='ltr'><strong>ac</strong></span> <span class='ocrx_word' id='word_1_46' title='bbox 699 695 989 742; x_wconf 83' lang='lat' dir='ltr'><strong>mansueto</strong></span> <span class='ocrx_word' id='word_1_47' title='bbox 1023 686 1209 740; x_wconf 87' lang='lat' dir='ltr'><strong>habitu</strong></span> <span class='ocrx_word' id='word_1_48' title='bbox 1255 701 1362 739; x_wconf 91' lang='lat' dir='ltr'><strong>non</strong></span> <span class='ocrx_word' id='word_1_49' title='bbox 1428 683 1786 752; x_wconf 68' lang='lat' dir='ltr'><strong>prazvidentes</strong></span> <span class='ocrx_word' id='word_1_50' title='bbox 1830 698 2006 751; x_wconf 87' lang='lat' dir='ltr'><strong>neque</strong></span> 
     </span>
    </p>
   </div>
   <div class='ocr_carea' id='block_1_10' title="bbox 430 775 2007 851">
    <p class='ocr_par' dir='ltr' id='par_1_10' title="bbox 430 775 2007 851">
     <span class='ocr_line' id='line_1_10' title="bbox 430 775 2007 851; baseline -0.003 -17"><span class='ocrx_word' id='word_1_51' title='bbox 430 780 937 849; x_wconf 84' lang='lat' dir='ltr'><strong>circumspicientes</strong></span> <span class='ocrx_word' id='word_1_52' title='bbox 990 793 1091 833; x_wconf 91' lang='lat' dir='ltr'><strong>nos</strong></span> <span class='ocrx_word' id='word_1_53' title='bbox 1139 779 1471 834; x_wconf 80' lang='lat' dir='ltr'><strong>observant:</strong></span> <span class='ocrx_word' id='word_1_54' title='bbox 1524 777 1629 831; x_wconf 87' lang='lat' dir='ltr'><strong>tale</strong></span> <span class='ocrx_word' id='word_1_55' title='bbox 1675 785 1757 830; x_wconf 77' lang='lat' dir='ltr'><strong>est</strong></span> <span class='ocrx_word' id='word_1_56' title='bbox 1794 775 2007 851; x_wconf 67' lang='lat' dir='ltr'><strong>invidiae</strong></span> 
     </span>
    </p>
   </div>
   <div class='ocr_carea' id='block_1_11' title="bbox 431 867 2006 940">
    <p class='ocr_par' dir='ltr' id='par_1_11' title="bbox 431 867 2006 940">
     <span class='ocr_line' id='line_1_11' title="bbox 431 867 2006 940; baseline -0.001 -16"><span class='ocrx_word' id='word_1_57' title='bbox 431 880 593 940; x_wconf 84' lang='lat' dir='ltr'><strong>atque</strong></span> <span class='ocrx_word' id='word_1_58' title='bbox 625 872 994 925; x_wconf 83' lang='lat' dir='ltr'><strong>simulationis</strong></span> <span class='ocrx_word' id='word_1_59' title='bbox 1027 871 1216 926; x_wconf 84' lang='lat' dir='ltr'><strong>vitium</strong></span> <span class='ocrx_word' id='word_1_60' title='bbox 1254 870 1307 922; x_wconf 89' lang='lat' dir='ltr'><strong>in</strong></span> <span class='ocrx_word' id='word_1_61' title='bbox 1342 870 1408 925; x_wconf 89' lang='lat' dir='ltr'><strong>iis</strong></span> <span class='ocrx_word' id='word_1_62' title='bbox 1441 869 1640 940; x_wconf 86' lang='lat' dir='ltr'><strong>quibus</strong></span> <span class='ocrx_word' id='word_1_63' title='bbox 1673 867 2006 923; x_wconf 85' lang='lat' dir='ltr'><strong>intrinsecus</strong></span> 
     </span>
    </p>
   </div>
   <div class='ocr_carea' id='block_1_12' title="bbox 429 960 2007 1033">
    <p class='ocr_par' dir='ltr' id='par_1_12' title="bbox 429 960 2007 1033">
     <span class='ocr_line' id='line_1_12' title="bbox 429 960 2007 1033; baseline -0.001 -18"><span class='ocrx_word' id='word_1_64' title='bbox 429 963 648 1032; x_wconf 88' lang='lat' dir='ltr'><strong>quidem</strong></span> <span class='ocrx_word' id='word_1_65' title='bbox 679 966 732 1017; x_wconf 91' lang='lat' dir='ltr'><strong>in</strong></span> <span class='ocrx_word' id='word_1_66' title='bbox 770 964 1043 1033; x_wconf 71' lang='lat' dir='ltr'><strong>profundo</strong></span> <span class='ocrx_word' id='word_1_67' title='bbox 1077 964 1262 1019; x_wconf 83' lang='lat' dir='ltr'><strong>cordis</strong></span> <span class='ocrx_word' id='word_1_68' title='bbox 1294 963 1480 1017; x_wconf 88' lang='lat' dir='ltr'><strong>odium</strong></span> <span class='ocrx_word' id='word_1_69' title='bbox 1513 961 1677 1016; x_wconf 87' lang='lat' dir='ltr'><strong>veluti</strong></span> <span class='ocrx_word' id='word_1_70' title='bbox 1716 961 1858 1030; x_wconf 81' lang='lat' dir='ltr'><strong>ignis</strong></span> <span class='ocrx_word' id='word_1_71' title='bbox 1884 960 2007 1030; x_wconf 86' lang='lat' dir='ltr'><strong>qui-</strong></span> 
     </span>
    </p>
   </div>
   <div class='ocr_carea' id='block_1_13' title="bbox 430 1050 2005 1120">
    <p class='ocr_par' dir='ltr' id='par_1_13' title="bbox 430 1050 2005 1120">
     <span class='ocr_line' id='line_1_13' title="bbox 430 1050 2005 1120; baseline -0.003 -12"><span class='ocrx_word' id='word_1_72' title='bbox 430 1057 556 1109; x_wconf 87' lang='lat' dir='ltr'><strong>dam</strong></span> <span class='ocrx_word' id='word_1_73' title='bbox 611 1056 849 1110; x_wconf 79' lang='lat' dir='ltr'><strong>latenter</strong></span> <span class='ocrx_word' id='word_1_74' title='bbox 904 1056 1169 1120; x_wconf 85' lang='lat' dir='ltr'><strong>nutritur,</strong></span> <span class='ocrx_word' id='word_1_75' title='bbox 1223 1062 1484 1109; x_wconf 79' lang='lat' dir='ltr'><strong>externus</strong></span> <span class='ocrx_word' id='word_1_76' title='bbox 1527 1067 1660 1106; x_wconf 84' lang='lat' dir='ltr'><strong>vero</strong></span> <span class='ocrx_word' id='word_1_77' title='bbox 1708 1053 1893 1107; x_wconf 84' lang='lat' dir='ltr'><strong>vultus</strong></span> <span class='ocrx_word' id='word_1_78' title='bbox 1939 1050 2005 1104; x_wconf 85' lang='lat' dir='ltr'><strong>ad</strong></span> 
     </span>
    </p>
   </div>
   <div class='ocr_carea' id='block_1_14' title="bbox 426 1140 2003 1219">
    <p class='ocr_par' dir='ltr' id='par_1_14' title="bbox 426 1140 2003 1219">
     <span class='ocr_line' id='line_1_14' title="bbox 426 1140 2003 1219; baseline -0.001 -24"><span class='ocrx_word' id='word_1_79' title='bbox 426 1144 683 1198; x_wconf 75' lang='lat' dir='ltr'><strong>amicitia:</strong></span> <span class='ocrx_word' id='word_1_80' title='bbox 733 1144 1134 1219; x_wconf 83' lang='lat' dir='ltr'><strong>simulationem</strong></span> <span class='ocrx_word' id='word_1_81' title='bbox 1186 1142 1483 1211; x_wconf 71' lang='lat' dir='ltr'><strong>cllingitur.</strong></span> <span class='ocrx_word' id='word_1_82' title='bbox 1535 1140 2003 1207; x_wconf 83' lang='lat' dir='ltr'><strong>Quemadmodum</strong></span> 
     </span>
    </p>
   </div>
   <div class='ocr_carea' id='block_1_15' title="bbox 432 1233 2006 1304">
    <p class='ocr_par' dir='ltr' id='par_1_15' title="bbox 432 1233 2006 1304">
     <span class='ocr_line' id='line_1_15' title="bbox 432 1233 2006 1304; baseline 0.001 -18"><span class='ocrx_word' id='word_1_83' title='bbox 432 1242 613 1288; x_wconf 86' lang='lat' dir='ltr'><strong>autem</strong></span> <span class='ocrx_word' id='word_1_84' title='bbox 665 1236 837 1304; x_wconf 82' lang='lat' dir='ltr'><strong>ignis,</strong></span> <span class='ocrx_word' id='word_1_85' title='bbox 893 1235 938 1289; x_wconf 90' lang='lat' dir='ltr'><strong>si</strong></span> <span class='ocrx_word' id='word_1_86' title='bbox 975 1235 1078 1289; x_wconf 93' lang='lat' dir='ltr'><strong>sub</strong></span> <span class='ocrx_word' id='word_1_87' title='bbox 1124 1234 1295 1304; x_wconf 84' lang='lat' dir='ltr'><strong>paleis</strong></span> <span class='ocrx_word' id='word_1_88' title='bbox 1337 1233 1646 1288; x_wconf 85' lang='lat' dir='ltr'><strong>occultatus</strong></span> <span class='ocrx_word' id='word_1_89' title='bbox 1695 1234 1799 1295; x_wconf 92' lang='lat' dir='ltr'><strong>sit,</strong></span> <span class='ocrx_word' id='word_1_90' title='bbox 1849 1233 2006 1287; x_wconf 91' lang='lat' dir='ltr'><strong>initio</strong></span> 
     </span>
    </p>
   </div>
   <div class='ocr_carea' id='block_1_16' title="bbox 427 1325 2002 1396">
    <p class='ocr_par' dir='ltr' id='par_1_16' title="bbox 427 1325 2002 1396">
     <span class='ocr_line' id='line_1_16' title="bbox 427 1325 2002 1396; baseline 0 -18"><span class='ocrx_word' id='word_1_91' title='bbox 427 1326 645 1393; x_wconf 88' lang='lat' dir='ltr'><strong>quidem</strong></span> <span class='ocrx_word' id='word_1_92' title='bbox 707 1325 956 1395; x_wconf 79' lang='lat' dir='ltr'><strong>proxima</strong></span> <span class='ocrx_word' id='word_1_93' title='bbox 1020 1342 1251 1396; x_wconf 58' lang='lat' dir='ltr'><strong>quasque</strong></span> <span class='ocrx_word' id='word_1_94' title='bbox 1308 1325 1604 1381; x_wconf 88' lang='lat' dir='ltr'><strong>cremando</strong></span> <span class='ocrx_word' id='word_1_95' title='bbox 1656 1326 2002 1395; x_wconf 80' lang='lat' dir='ltr'><strong>corrumpit,</strong></span> 
     </span>
    </p>
   </div>
   <div class='ocr_carea' id='block_1_17' title="bbox 425 1415 2003 1486">
    <p class='ocr_par' dir='ltr' id='par_1_17' title="bbox 425 1415 2003 1486">
     <span class='ocr_line' id='line_1_17' title="bbox 425 1415 2003 1486; baseline -0.001 -16"><span class='ocrx_word' id='word_1_96' title='bbox 425 1415 642 1470; x_wconf 81' lang='lat' dir='ltr'><strong>ﬂamma</strong></span> <span class='ocrx_word' id='word_1_97' title='bbox 678 1432 808 1471; x_wconf 86' lang='lat' dir='ltr'><strong>vero</strong></span> <span class='ocrx_word' id='word_1_98' title='bbox 840 1418 1017 1486; x_wconf 88' lang='lat' dir='ltr'><strong>palam</strong></span> <span class='ocrx_word' id='word_1_99' title='bbox 1052 1433 1161 1471; x_wconf 92' lang='lat' dir='ltr'><strong>nou</strong></span> <span class='ocrx_word' id='word_1_100' title='bbox 1194 1418 1396 1480; x_wconf 87' lang='lat' dir='ltr'><strong>editur,</strong></span> <span class='ocrx_word' id='word_1_101' title='bbox 1436 1417 1530 1471; x_wconf 89' lang='lat' dir='ltr'><strong>sed</strong></span> <span class='ocrx_word' id='word_1_102' title='bbox 1570 1415 1752 1470; x_wconf 87' lang='lat' dir='ltr'><strong>fumus</strong></span> <span class='ocrx_word' id='word_1_103' title='bbox 1786 1416 2003 1485; x_wconf 88' lang='lat' dir='ltr'><strong>quidem</strong></span> 
     </span>
    </p>
   </div>
   <div class='ocr_carea' id='block_1_18' title="bbox 424 1505 2008 1574">
    <p class='ocr_par' dir='ltr' id='par_1_18' title="bbox 424 1505 2008 1574">
     <span class='ocr_line' id='line_1_18' title="bbox 424 1505 2008 1574; baseline -0.001 -16"><span class='ocrx_word' id='word_1_104' title='bbox 424 1507 606 1574; x_wconf 78' lang='lat' dir='ltr'><strong>gravis</strong></span> <span class='ocrx_word' id='word_1_105' title='bbox 634 1514 687 1559; x_wconf 91' lang='lat' dir='ltr'><strong>et</strong></span> <span class='ocrx_word' id='word_1_106' title='bbox 715 1506 859 1561; x_wconf 85' lang='lat' dir='ltr'><strong>acris</strong></span> <span class='ocrx_word' id='word_1_107' title='bbox 887 1506 1073 1561; x_wconf 83' lang='lat' dir='ltr'><strong>odoris</strong></span> <span class='ocrx_word' id='word_1_108' title='bbox 1100 1506 1433 1560; x_wconf 87' lang='lat' dir='ltr'><strong>intrinsecus</strong></span> <span class='ocrx_word' id='word_1_109' title='bbox 1464 1505 1731 1559; x_wconf 83' lang='lat' dir='ltr'><strong>violenter</strong></span> <span class='ocrx_word' id='word_1_110' title='bbox 1757 1513 2008 1559; x_wconf 87' lang='lat' dir='ltr'><strong>coarcta-</strong></span> 
     </span>
    </p>
   </div>
   <div class='ocr_carea' id='block_1_19' title="bbox 425 1593 2003 1663">
    <p class='ocr_par' dir='ltr' id='par_1_19' title="bbox 425 1593 2003 1663">
     <span class='ocr_line' id='line_1_19' title="bbox 425 1593 2003 1663; baseline 0 -18"><span class='ocrx_word' id='word_1_111' title='bbox 425 1602 515 1648; x_wconf 91' lang='lat' dir='ltr'><strong>tus</strong></span> <span class='ocrx_word' id='word_1_112' title='bbox 547 1594 844 1657; x_wconf 78' lang='lat' dir='ltr'><strong>evolvitur,</strong></span> <span class='ocrx_word' id='word_1_113' title='bbox 902 1594 1046 1662; x_wconf 86' lang='lat' dir='ltr'><strong>quod</strong></span> <span class='ocrx_word' id='word_1_114' title='bbox 1080 1594 1125 1647; x_wconf 90' lang='lat' dir='ltr'><strong>si</strong></span> <span class='ocrx_word' id='word_1_115' title='bbox 1153 1595 1387 1663; x_wconf 86' lang='lat' dir='ltr'><strong>aliquem</strong></span> <span class='ocrx_word' id='word_1_116' title='bbox 1419 1593 1605 1647; x_wconf 87' lang='lat' dir='ltr'><strong>ﬂatum</strong></span> <span class='ocrx_word' id='word_1_117' title='bbox 1637 1602 2003 1662; x_wconf 81' lang='lat' dir='ltr'><strong>permeantem</strong></span> 
     </span>
    </p>
   </div>
   <div class='ocr_carea' id='block_1_20' title="bbox 2106 411 3670 485">
    <p class='ocr_par' dir='ltr' id='par_1_20' title="bbox 2106 411 3670 485">
     <span class='ocr_line' id='line_1_20' title="bbox 2106 411 3670 485; baseline -0.001 -19"><span class='ocrx_word' id='word_1_118' title='bbox 2106 414 2266 483; x_wconf 73' lang='grc' dir='ltr'>δήλου</span> <span class='ocrx_word' id='word_1_119' title='bbox 2311 414 2370 467; x_wconf 80' lang='grc' dir='ltr'><strong>τὸ</strong></span> <span class='ocrx_word' id='word_1_120' title='bbox 2422 415 2820 485; x_wconf 65' lang='grc' dir='ltr'>κεκρρμμένον.</span> <span class='ocrx_word' id='word_1_121' title='bbox 2862 414 2971 466; x_wconf 77' lang='grc' dir='ltr'>Καὶ</span> <span class='ocrx_word' id='word_1_122' title='bbox 2998 412 3105 483; x_wconf 76' lang='grc' dir='ltr'><strong>γὰρ</strong></span> <span class='ocrx_word' id='word_1_123' title='bbox 3128 413 3236 465; x_wconf 83' lang='grc' dir='ltr'><strong>τῶν</strong></span> <span class='ocrx_word' id='word_1_124' title='bbox 3263 412 3453 466; x_wconf 74' lang='grc' dir='ltr'>κυνῶν</span> <span class='ocrx_word' id='word_1_125' title='bbox 3471 411 3670 475; x_wconf 62' lang='grc' dir='ltr'>τούτους</span> 
     </span>
    </p>
   </div>
   <div class='ocr_carea' id='block_1_21' title="bbox 2108 498 3670 575">
    <p class='ocr_par' dir='ltr' id='par_1_21' title="bbox 2108 498 3670 575">
     <span class='ocr_line' id='line_1_21' title="bbox 2108 498 3670 575; baseline -0.001 -19"><span class='ocrx_word' id='word_1_126' title='bbox 2108 504 2267 557; x_wconf 82' lang='grc' dir='ltr'>πλέον</span> <span class='ocrx_word' id='word_1_127' title='bbox 2296 503 2744 575; x_wconf 71' lang='grc' dir='ltr'>διευλαϐούμεθα,</span> <span class='ocrx_word' id='word_1_128' title='bbox 2784 498 2857 557; x_wconf 79' lang='grc' dir='ltr'>ὧν</span> <span class='ocrx_word' id='word_1_129' title='bbox 2884 504 3005 557; x_wconf 72' lang='grc' dir='ltr'>οὔτε</span> <span class='ocrx_word' id='word_1_130' title='bbox 3034 504 3205 574; x_wconf 78' lang='grc' dir='ltr'>ὑλακὴ</span> <span class='ocrx_word' id='word_1_131' title='bbox 3233 504 3322 557; x_wconf 73' lang='grc' dir='ltr'><strong>τὸν</strong></span> <span class='ocrx_word' id='word_1_132' title='bbox 3351 502 3527 572; x_wconf 69' lang='grc' dir='ltr'>θυμὸν</span> <span class='ocrx_word' id='word_1_133' title='bbox 3560 520 3670 574; x_wconf 81' lang='grc' dir='ltr'>προ-</span> 
     </span>
    </p>
   </div>
   <div class='ocr_carea' id='block_1_22' title="bbox 2110 594 3670 667">
    <p class='ocr_par' dir='ltr' id='par_1_22' title="bbox 2110 594 3670 667">
     <span class='ocr_line' id='line_1_22' title="bbox 2110 594 3670 667; baseline 0.001 -22"><span class='ocrx_word' id='word_1_134' title='bbox 2110 594 2321 667; x_wconf 82' lang='grc' dir='ltr'>μηνύει.</span> <span class='ocrx_word' id='word_1_135' title='bbox 2350 595 2474 647; x_wconf 74' lang='grc' dir='ltr'>οὔτε</span> <span class='ocrx_word' id='word_1_136' title='bbox 2503 596 2642 648; x_wconf 72' lang='grc' dir='ltr'>κατὰ</span> <span class='ocrx_word' id='word_1_137' title='bbox 2671 596 2731 648; x_wconf 74' lang='grc' dir='ltr'>τὸ</span> <span class='ocrx_word' id='word_1_138' title='bbox 2763 596 3052 666; x_wconf 78' lang='grc' dir='ltr'>πρόσωπον</span> <span class='ocrx_word' id='word_1_139' title='bbox 3075 595 3283 663; x_wconf 63' lang='grc' dir='ltr'><strong>ἔφοδος.</strong></span> <span class='ocrx_word' id='word_1_140' title='bbox 3314 595 3433 648; x_wconf 80' lang='grc' dir='ltr'>ἀλλ’</span> <span class='ocrx_word' id='word_1_141' title='bbox 3461 596 3670 665; x_wconf 65' lang='grc' dir='ltr'>εύπρέιῳ</span> 
     </span>
    </p>
   </div>
   <div class='ocr_carea' id='block_1_23' title="bbox 2105 686 3670 759">
    <p class='ocr_par' dir='ltr' id='par_1_23' title="bbox 2105 686 3670 759">
     <span class='ocr_line' id='line_1_23' title="bbox 2105 686 3670 759; baseline 0.002 -22"><span class='ocrx_word' id='word_1_142' title='bbox 2105 702 2165 738; x_wconf 82' lang='grc' dir='ltr'><strong>τε</strong></span> <span class='ocrx_word' id='word_1_143' title='bbox 2206 688 2297 738; x_wconf 76' lang='grc' dir='ltr'><strong>καὶ</strong></span> <span class='ocrx_word' id='word_1_144' title='bbox 2339 686 2530 758; x_wconf 75' lang='grc' dir='ltr'>ἡμέρῳ</span> <span class='ocrx_word' id='word_1_145' title='bbox 2584 687 2661 757; x_wconf 80' lang='grc' dir='ltr'>τῷ</span> <span class='ocrx_word' id='word_1_146' title='bbox 2707 688 2945 757; x_wconf 78' lang='grc' dir='ltr'>σχήματι</span> <span class='ocrx_word' id='word_1_147' title='bbox 2997 687 3057 739; x_wconf 75' lang='grc' dir='ltr'>τὸ</span> <span class='ocrx_word' id='word_1_148' title='bbox 3111 686 3458 759; x_wconf 76' lang='grc' dir='ltr'>ἁπροόρατόν</span> <span class='ocrx_word' id='word_1_149' title='bbox 3504 704 3561 739; x_wconf 85' lang='grc' dir='ltr'><strong>τε</strong></span> <span class='ocrx_word' id='word_1_150' title='bbox 3588 690 3670 741; x_wconf 68' lang='grc' dir='ltr'>καὶ</span> 
     </span>
    </p>
   </div>
   <div class='ocr_carea' id='block_1_24' title="bbox 2107 777 3670 848">
    <p class='ocr_par' dir='ltr' id='par_1_24' title="bbox 2107 777 3670 848">
     <span class='ocr_line' id='line_1_24' title="bbox 2107 777 3670 848; baseline 0.002 -19"><span class='ocrx_word' id='word_1_151' title='bbox 2107 777 2507 846; x_wconf 75' lang='grc' dir='ltr'>ἀπερίσκεπτον</span> <span class='ocrx_word' id='word_1_152' title='bbox 2561 778 2716 848; x_wconf 76' lang='grc' dir='ltr'>ἡμῶν</span> <span class='ocrx_word' id='word_1_153' title='bbox 2761 779 3214 847; x_wconf 69' lang='grc' dir='ltr'>ἐπιφυλὰττουσιο</span> <span class='ocrx_word' id='word_1_154' title='bbox 3263 779 3510 832; x_wconf 75' lang='grc' dir='ltr'>τοιοῦτόν</span> <span class='ocrx_word' id='word_1_155' title='bbox 3564 782 3670 832; x_wconf 76' lang='grc' dir='ltr'>ἐστι</span> 
     </span>
    </p>
   </div>
   <div class='ocr_carea' id='block_1_25' title="bbox 2106 866 3670 941">
    <p class='ocr_par' dir='ltr' id='par_1_25' title="bbox 2106 866 3670 941">
     <span class='ocr_line' id='line_1_25' title="bbox 2106 866 3670 941; baseline 0.002 -22"><span class='ocrx_word' id='word_1_156' title='bbox 2106 866 2167 919; x_wconf 81' lang='grc' dir='ltr'><strong>τὸ</strong></span> <span class='ocrx_word' id='word_1_157' title='bbox 2205 867 2344 920; x_wconf 76' lang='grc' dir='ltr'>κατὰ</span> <span class='ocrx_word' id='word_1_158' title='bbox 2388 869 2477 921; x_wconf 73' lang='grc' dir='ltr'>τὸν</span> <span class='ocrx_word' id='word_1_159' title='bbox 2524 868 2712 937; x_wconf 71' lang='grc' dir='ltr'>φοόνον</span> <span class='ocrx_word' id='word_1_160' title='bbox 2759 869 2851 922; x_wconf 75' lang='grc' dir='ltr'><strong>καὶ</strong></span> <span class='ocrx_word' id='word_1_161' title='bbox 2890 870 2988 941; x_wconf 75' lang='grc' dir='ltr'>τὴν</span> <span class='ocrx_word' id='word_1_162' title='bbox 3035 870 3321 941; x_wconf 69' lang='grc' dir='ltr'>ὑπόκρισιν</span> <span class='ocrx_word' id='word_1_163' title='bbox 3361 870 3563 936; x_wconf 77' lang='grc' dir='ltr'>πάθος,</span> <span class='ocrx_word' id='word_1_164' title='bbox 3595 866 3670 934; x_wconf 70' lang='grc' dir='ltr'>οἷς</span> 
     </span>
    </p>
   </div>
   <div class='ocr_carea' id='block_1_26' title="bbox 2107 959 3670 1033">
    <p class='ocr_par' dir='ltr' id='par_1_26' title="bbox 2107 959 3670 1033">
     <span class='ocr_line' id='line_1_26' title="bbox 2107 959 3670 1033; baseline 0.004 -22"><span class='ocrx_word' id='word_1_165' title='bbox 2107 959 2314 1013; x_wconf 79' lang='grc' dir='ltr'>ἔνδοθεν</span> <span class='ocrx_word' id='word_1_166' title='bbox 2347 961 2444 1030; x_wconf 82' lang='grc' dir='ltr'><strong>μὲν</strong></span> <span class='ocrx_word' id='word_1_167' title='bbox 2489 964 2545 1014; x_wconf 89' lang='grc' dir='ltr'><strong>ἐν</strong></span> <span class='ocrx_word' id='word_1_168' title='bbox 2573 961 2652 1030; x_wconf 75' lang='grc' dir='ltr'><strong>τῷ</strong></span> <span class='ocrx_word' id='word_1_169' title='bbox 2688 961 2839 1031; x_wconf 75' lang='grc' dir='ltr'>βάθει</span> <span class='ocrx_word' id='word_1_170' title='bbox 2882 962 2978 1032; x_wconf 77' lang='grc' dir='ltr'>τῆς</span> <span class='ocrx_word' id='word_1_171' title='bbox 3009 963 3232 1033; x_wconf 79' lang='grc' dir='ltr'>καρδίας</span> <span class='ocrx_word' id='word_1_172' title='bbox 3262 964 3321 1014; x_wconf 65' lang='grc' dir='ltr'>τὸ</span> <span class='ocrx_word' id='word_1_173' title='bbox 3352 966 3540 1030; x_wconf 79' lang='grc' dir='ltr'>μῖσος,</span> <span class='ocrx_word' id='word_1_174' title='bbox 3568 961 3670 1017; x_wconf 65' lang='grc' dir='ltr'>οἷον</span> 
     </span>
    </p>
   </div>
   <div class='ocr_carea' id='block_1_27' title="bbox 2106 1051 3670 1124">
    <p class='ocr_par' dir='ltr' id='par_1_27' title="bbox 2106 1051 3670 1124">
     <span class='ocr_line' id='line_1_27' title="bbox 2106 1051 3670 1124; baseline 0.003 -20"><span class='ocrx_word' id='word_1_175' title='bbox 2106 1069 2157 1104; x_wconf 83' lang='grc' dir='ltr'><strong>τι</strong></span> <span class='ocrx_word' id='word_1_176' title='bbox 2196 1051 2304 1120; x_wconf 74' lang='grc' dir='ltr'>πῦρ</span> <span class='ocrx_word' id='word_1_177' title='bbox 2351 1052 2489 1105; x_wconf 78' lang='grc' dir='ltr'>κατὰ</span> <span class='ocrx_word' id='word_1_178' title='bbox 2535 1051 2594 1103; x_wconf 74' lang='grc' dir='ltr'>τὸ</span> <span class='ocrx_word' id='word_1_179' title='bbox 2620 1051 2841 1123; x_wconf 75' lang='grc' dir='ltr'>λεληθὸς</span> <span class='ocrx_word' id='word_1_180' title='bbox 2890 1052 3277 1123; x_wconf 66' lang='grc' dir='ltr'>ὑποτρέφεται,</span> <span class='ocrx_word' id='word_1_181' title='bbox 3310 1053 3374 1106; x_wconf 71' lang='grc' dir='ltr'><strong>εδ</strong></span> <span class='ocrx_word' id='word_1_182' title='bbox 3409 1054 3465 1106; x_wconf 81' lang='grc' dir='ltr'>δὲ</span> <span class='ocrx_word' id='word_1_183' title='bbox 3495 1057 3670 1124; x_wconf 45' lang='lat' dir='ltr'><strong>(pata);-</strong></span> 
     </span>
    </p>
   </div>
   <div class='ocr_carea' id='block_1_28' title="bbox 2110 1125 3670 1215">
    <p class='ocr_par' dir='ltr' id='par_1_28' title="bbox 2110 1132 3670 1215">
     <span class='ocr_line' id='line_1_28' title="bbox 2110 1132 3670 1215; baseline 0.002 -20"><span class='ocrx_word' id='word_1_184' title='bbox 2110 1162 2267 1215; x_wconf 83' lang='grc' dir='ltr'>μενον</span> <span class='ocrx_word' id='word_1_185' title='bbox 2315 1147 2380 1215; x_wconf 85' lang='grc' dir='ltr'>τῇ</span> <span class='ocrx_word' id='word_1_186' title='bbox 2426 1144 2711 1214; x_wconf 80' lang='grc' dir='ltr'>ὑποκρίσει</span> <span class='ocrx_word' id='word_1_187' title='bbox 2749 1144 3286 1213; x_wconf 74' lang='grc' dir='ltr'>κατασχηματίζεται</span> <span class='ocrx_word' id='word_1_188' title='bbox 3318 1132 3465 1214; x_wconf 70' lang='grc' dir='ltr'>πρὸς</span> <span class='ocrx_word' id='word_1_189' title='bbox 3500 1146 3562 1198; x_wconf 63' lang='grc' dir='ltr'>τὸ</span> <span class='ocrx_word' id='word_1_190' title='bbox 3593 1146 3670 1214; x_wconf 68' lang='grc' dir='ltr'><strong>φί‹</strong></span> 
     </span>
    </p>
   </div>
   <div class='ocr_carea' id='block_1_29' title="bbox 2106 1223 3670 1315">
    <p class='ocr_par' dir='ltr' id='par_1_29' title="bbox 2106 1223 3670 1307">
     <span class='ocr_line' id='line_1_29' title="bbox 2106 1223 3670 1307; baseline 0.001 -19"><span class='ocrx_word' id='word_1_191' title='bbox 2106 1236 2215 1288; x_wconf 90' lang='grc' dir='ltr'>λον.</span> <span class='ocrx_word' id='word_1_192' title='bbox 2268 1237 2477 1307; x_wconf 80' lang='grc' dir='ltr'>Ὠσπερ</span> <span class='ocrx_word' id='word_1_193' title='bbox 2521 1237 2574 1289; x_wconf 71' lang='grc' dir='ltr'><strong>δὲ</strong></span> <span class='ocrx_word' id='word_1_194' title='bbox 2604 1238 2652 1287; x_wconf 85' lang='grc' dir='ltr'><strong>εξ</strong></span> <span class='ocrx_word' id='word_1_195' title='bbox 2686 1236 2795 1307; x_wconf 76' lang='grc' dir='ltr'><strong>πύρ</strong></span> <span class='ocrx_word' id='word_1_196' title='bbox 2840 1223 3061 1305; x_wconf 70' lang='grc' dir='ltr'>ἀχύροις</span> <span class='ocrx_word' id='word_1_197' title='bbox 3100 1234 3512 1307; x_wconf 58' lang='grc' dir='ltr'>ὑποκρυρθείη,</span> <span class='ocrx_word' id='word_1_198' title='bbox 3547 1237 3670 1300; x_wconf 76' lang='grc' dir='ltr'>τέως</span> 
     </span>
    </p>
   </div>
   <div class='ocr_carea' id='block_1_30' title="bbox 2109 1326 3670 1399">
    <p class='ocr_par' dir='ltr' id='par_1_30' title="bbox 2109 1326 3670 1399">
     <span class='ocr_line' id='line_1_30' title="bbox 2109 1326 3670 1399; baseline 0.001 -19"><span class='ocrx_word' id='word_1_199' title='bbox 2109 1328 2207 1399; x_wconf 82' lang='grc' dir='ltr'><strong>μὲν</strong></span> <span class='ocrx_word' id='word_1_200' title='bbox 2252 1326 2461 1380; x_wconf 85' lang='grc' dir='ltr'>ἔνδοθεν</span> <span class='ocrx_word' id='word_1_201' title='bbox 2506 1326 2792 1397; x_wconf 85' lang='grc' dir='ltr'>διασμύχει</span> <span class='ocrx_word' id='word_1_202' title='bbox 2826 1331 2892 1397; x_wconf 80' lang='grc' dir='ltr'>τῇ</span> <span class='ocrx_word' id='word_1_203' title='bbox 2922 1327 3111 1380; x_wconf 88' lang='grc' dir='ltr'>καύσει</span> <span class='ocrx_word' id='word_1_204' title='bbox 3154 1328 3220 1379; x_wconf 68' lang='grc' dir='ltr'><strong>τὰ</strong></span> <span class='ocrx_word' id='word_1_205' title='bbox 3265 1328 3670 1398; x_wconf 73' lang='grc' dir='ltr'>παρακείμενα,</span> 
     </span>
    </p>
   </div>
   <div class='ocr_carea' id='block_1_31' title="bbox 2107 1416 3670 1487">
    <p class='ocr_par' dir='ltr' id='par_1_31' title="bbox 2107 1416 3670 1487">
     <span class='ocr_line' id='line_1_31' title="bbox 2107 1416 3670 1487; baseline 0.001 -17"><span class='ocrx_word' id='word_1_206' title='bbox 2107 1416 2238 1487; x_wconf 73' lang='grc' dir='ltr'><strong>φλὸξ</strong></span> <span class='ocrx_word' id='word_1_207' title='bbox 2295 1417 2351 1471; x_wconf 78' lang='grc' dir='ltr'><strong>δὲ</strong></span> <span class='ocrx_word' id='word_1_208' title='bbox 2402 1418 2540 1470; x_wconf 74' lang='grc' dir='ltr'>κατὰ</span> <span class='ocrx_word' id='word_1_209' title='bbox 2584 1417 2643 1470; x_wconf 83' lang='grc' dir='ltr'>τὸ</span> <span class='ocrx_word' id='word_1_210' title='bbox 2690 1418 3009 1487; x_wconf 71' lang='grc' dir='ltr'>φαινόμενον</span> <span class='ocrx_word' id='word_1_211' title='bbox 3054 1418 3152 1470; x_wconf 81' lang='grc' dir='ltr'><strong>ούκ</strong></span> <span class='ocrx_word' id='word_1_212' title='bbox 3197 1418 3499 1482; x_wconf 77' lang='grc' dir='ltr'><strong>ἐκδίδοται,</strong></span> <span class='ocrx_word' id='word_1_213' title='bbox 3546 1420 3670 1471; x_wconf 59' lang='grc' dir='ltr'><strong>ἀ)ᾇᾲ</strong></span> 
     </span>
    </p>
   </div>
   <div class='ocr_carea' id='block_1_32' title="bbox 2106 1506 3670 1580">
    <p class='ocr_par' dir='ltr' id='par_1_32' title="bbox 2106 1506 3670 1580">
     <span class='ocr_line' id='line_1_32' title="bbox 2106 1506 3670 1580; baseline 0.004 -22"><span class='ocrx_word' id='word_1_214' title='bbox 2106 1506 2303 1577; x_wconf 83' lang='grc' dir='ltr'>δριμύς</span> <span class='ocrx_word' id='word_1_215' title='bbox 2346 1525 2431 1571; x_wconf 84' lang='grc' dir='ltr'><strong>τις</strong></span> <span class='ocrx_word' id='word_1_216' title='bbox 2499 1508 2703 1571; x_wconf 80' lang='grc' dir='ltr'>καπνὸς</span> <span class='ocrx_word' id='word_1_217' title='bbox 2769 1508 2954 1578; x_wconf 77' lang='grc' dir='ltr'>βιαίως</span> <span class='ocrx_word' id='word_1_218' title='bbox 3009 1508 3218 1562; x_wconf 78' lang='grc' dir='ltr'>ἔνδοθεν</span> <span class='ocrx_word' id='word_1_219' title='bbox 3267 1509 3670 1580; x_wconf 64' lang='grc' dir='ltr'>συνθλιϐόμενος</span> 
     </span>
    </p>
   </div>
   <div class='ocr_carea' id='block_1_33' title="bbox 2106 1598 3670 1672">
    <p class='ocr_par' dir='ltr' id='par_1_33' title="bbox 2106 1598 3670 1672">
     <span class='ocr_line' id='line_1_33' title="bbox 2106 1598 3670 1672; baseline 0.003 -21"><span class='ocrx_word' id='word_1_220' title='bbox 2106 1598 2472 1668; x_wconf 71' lang='grc' dir='ltr'>διεξέρχεται*</span> <span class='ocrx_word' id='word_1_221' title='bbox 2530 1601 2578 1652; x_wconf 83' lang='grc' dir='ltr'><strong>εἰ</strong></span> <span class='ocrx_word' id='word_1_222' title='bbox 2636 1599 2693 1653; x_wconf 81' lang='grc' dir='ltr'><strong>δέ</strong></span> <span class='ocrx_word' id='word_1_223' title='bbox 2741 1613 2883 1663; x_wconf 81' lang='grc' dir='ltr'>τινος</span> <span class='ocrx_word' id='word_1_224' title='bbox 2936 1600 3074 1672; x_wconf 83' lang='grc' dir='ltr'>τύχῃ</span> <span class='ocrx_word' id='word_1_225' title='bbox 3105 1601 3396 1670; x_wconf 81' lang='grc' dir='ltr'>διαπνοῆς,</span> <span class='ocrx_word' id='word_1_226' title='bbox 3433 1603 3555 1655; x_wconf 83' lang='grc' dir='ltr'>τότε</span> <span class='ocrx_word' id='word_1_227' title='bbox 3602 1605 3670 1665; x_wconf 71' lang='grc' dir='ltr'><strong>εἰς</strong></span> 
     </span>
    </p>
   </div>
   <div class='ocr_carea' id='block_1_34' title="bbox 425 1665 1884 1761">
    <p class='ocr_par' dir='ltr' id='par_1_34' title="bbox 425 1684 1883 1754">
     <span class='ocr_line' id='line_1_34' title="bbox 425 1684 1883 1754; baseline -0.002 -15"><span class='ocrx_word' id='word_1_228' title='bbox 425 1692 621 1739; x_wconf 91' lang='lat' dir='ltr'><strong>nactus</strong></span> <span class='ocrx_word' id='word_1_229' title='bbox 656 1684 855 1745; x_wconf 87' lang='lat' dir='ltr'><strong>fuerit,</strong></span> <span class='ocrx_word' id='word_1_230' title='bbox 895 1693 1024 1739; x_wconf 90' lang='lat' dir='ltr'><strong>tunc</strong></span> <span class='ocrx_word' id='word_1_231' title='bbox 1052 1685 1107 1739; x_wconf 89' lang='lat' dir='ltr'><strong>in</strong></span> <span class='ocrx_word' id='word_1_232' title='bbox 1136 1685 1341 1740; x_wconf 88' lang='lat' dir='ltr'><strong>claram</strong></span> <span class='ocrx_word' id='word_1_233' title='bbox 1394 1685 1598 1754; x_wconf 89' lang='lat' dir='ltr'><strong>pariter</strong></span> <span class='ocrx_word' id='word_1_234' title='bbox 1649 1691 1700 1738; x_wconf 88' lang='lat' dir='ltr'><strong>et</strong></span> <span class='ocrx_word' id='word_1_235' title='bbox 1754 1697 1883 1752; x_wconf 88' lang='lat' dir='ltr'><strong>aper</strong></span> 
     </span>
    </p>
   </div>
   <div class='ocr_carea' id='block_1_35' title="bbox 2210 1665 3669 1761">
    <p class='ocr_par' dir='ltr' id='par_1_35' title="bbox 2210 1689 3669 1761">
     <span class='ocr_line' id='line_1_35' title="bbox 2210 1689 3669 1761; baseline 0.004 -21"><span class='ocrx_word' id='word_1_236' title='bbox 2210 1690 2357 1761; x_wconf 67' lang='lat' dir='ltr'><strong>,npiv</strong></span> <span class='ocrx_word' id='word_1_237' title='bbox 2398 1707 2456 1742; x_wconf 89' lang='grc' dir='ltr'><strong>τε</strong></span> <span class='ocrx_word' id='word_1_238' title='bbox 2486 1691 2577 1743; x_wconf 74' lang='grc' dir='ltr'><strong>καὶ</strong></span> <span class='ocrx_word' id='word_1_239' title='bbox 2603 1689 2824 1761; x_wconf 72' lang='grc' dir='ltr'>ἔκδηλον</span> <span class='ocrx_word' id='word_1_240' title='bbox 2852 1691 3264 1761; x_wconf 75' lang='grc' dir='ltr'>ἀναρριπίζεται</span> <span class='ocrx_word' id='word_1_241' title='bbox 3302 1693 3480 1760; x_wconf 74' lang='grc' dir='ltr'>φλόγα</span> <span class='ocrx_word' id='word_1_242' title='bbox 3500 1710 3514 1723; x_wconf 76' lang='grc' dir='ltr'><strong>ο</strong></span> <span class='ocrx_word' id='word_1_243' title='bbox 3539 1694 3669 1746; x_wconf 62' lang='grc' dir='ltr'>οὕτω</span> 
     </span>
    </p>
   </div>
   <div class='ocr_carea' id='block_1_36' title="bbox 425 1770 2002 1845">
    <p class='ocr_par' dir='ltr' id='par_1_36' title="bbox 425 1770 2002 1845">
     <span class='ocr_line' id='line_1_36' title="bbox 425 1770 2002 1845; baseline 0.001 -18"><span class='ocrx_word' id='word_1_244' title='bbox 425 1774 697 1829; x_wconf 80' lang='lat' dir='ltr'><strong>ﬂammam</strong></span> <span class='ocrx_word' id='word_1_245' title='bbox 747 1777 1067 1832; x_wconf 78' lang='lat' dir='ltr'><strong>excitatur:</strong></span> <span class='ocrx_word' id='word_1_246' title='bbox 1108 1770 1309 1831; x_wconf 77' lang='lat' dir='ltr'><strong>itidem</strong></span> <span class='ocrx_word' id='word_1_247' title='bbox 1368 1776 1574 1830; x_wconf 88' lang='lat' dir='ltr'><strong>invidia</strong></span> <span class='ocrx_word' id='word_1_248' title='bbox 1632 1790 1855 1845; x_wconf 91' lang='lat' dir='ltr'><strong>quoque</strong></span> <span class='ocrx_word' id='word_1_249' title='bbox 1906 1789 2002 1828; x_wconf 87' lang='lat' dir='ltr'><strong>cor</strong></span> 
     </span>
    </p>
   </div>
   <div class='ocr_carea' id='block_1_37' title="bbox 425 1865 2002 1939">
    <p class='ocr_par' dir='ltr' id='par_1_37' title="bbox 425 1865 2002 1939">
     <span class='ocr_line' id='line_1_37' title="bbox 425 1865 2002 1939; baseline -0.001 -19"><span class='ocrx_word' id='word_1_250' title='bbox 425 1866 647 1935; x_wconf 89' lang='lat' dir='ltr'><strong>quidem</strong></span> <span class='ocrx_word' id='word_1_251' title='bbox 671 1867 837 1922; x_wconf 89' lang='lat' dir='ltr'><strong>veluti</strong></span> <span class='ocrx_word' id='word_1_252' title='bbox 864 1868 1141 1938; x_wconf 89' lang='lat' dir='ltr'><strong>palearum</strong></span> <span class='ocrx_word' id='word_1_253' title='bbox 1167 1867 1456 1939; x_wconf 84' lang='lat' dir='ltr'><strong>quemdam</strong></span> <span class='ocrx_word' id='word_1_254' title='bbox 1481 1882 1736 1921; x_wconf 89' lang='lat' dir='ltr'><strong>acervum</strong></span> <span class='ocrx_word' id='word_1_255' title='bbox 1759 1865 2002 1922; x_wconf 84' lang='lat' dir='ltr'><strong>conden-</strong></span> 
     </span>
    </p>
   </div>
   <div class='ocr_carea' id='block_1_38' title="bbox 426 1955 2003 2035">
    <p class='ocr_par' dir='ltr' id='par_1_38' title="bbox 426 1955 2003 2035">
     <span class='ocr_line' id='line_1_38' title="bbox 426 1955 2003 2035; baseline -0.001 -24"><span class='ocrx_word' id='word_1_256' title='bbox 426 1967 606 2012; x_wconf 89' lang='lat' dir='ltr'><strong>satum</strong></span> <span class='ocrx_word' id='word_1_257' title='bbox 638 1957 781 2029; x_wconf 87' lang='lat' dir='ltr'><strong>ignis</strong></span> <span class='ocrx_word' id='word_1_258' title='bbox 806 1960 861 2013; x_wconf 89' lang='lat' dir='ltr'><strong>in</strong></span> <span class='ocrx_word' id='word_1_259' title='bbox 891 1955 1111 2013; x_wconf 90' lang='lat' dir='ltr'><strong>modum</strong></span> <span class='ocrx_word' id='word_1_260' title='bbox 1144 1957 1356 2029; x_wconf 89' lang='lat' dir='ltr'><strong>peredit</strong></span> <span class='ocrx_word' id='word_1_261' title='bbox 1384 1966 1438 2013; x_wconf 87' lang='lat' dir='ltr'><strong>et</strong></span> <span class='ocrx_word' id='word_1_262' title='bbox 1464 1958 1744 2035; x_wconf 76' lang='lat' dir='ltr'><strong>absumit;</strong></span> <span class='ocrx_word' id='word_1_263' title='bbox 1772 1972 1835 2011; x_wconf 90' lang='lat' dir='ltr'><strong>ac</strong></span> <span class='ocrx_word' id='word_1_264' title='bbox 1863 1971 2003 2011; x_wconf 89' lang='lat' dir='ltr'><strong>mor-</strong></span> 
     </span>
    </p>
   </div>
   <div class='ocr_carea' id='block_1_39' title="bbox 424 2049 2000 2120">
    <p class='ocr_par' dir='ltr' id='par_1_39' title="bbox 424 2049 2000 2120">
     <span class='ocr_line' id='line_1_39' title="bbox 424 2049 2000 2120; baseline -0.001 -15"><span class='ocrx_word' id='word_1_265' title='bbox 424 2049 557 2105; x_wconf 81' lang='lat' dir='ltr'><strong>bum</strong></span> <span class='ocrx_word' id='word_1_266' title='bbox 587 2049 808 2120; x_wconf 84' lang='lat' dir='ltr'><strong>quidem</strong></span> <span class='ocrx_word' id='word_1_267' title='bbox 842 2066 953 2120; x_wconf 76' lang='lat' dir='ltr'><strong>prze</strong></span> <span class='ocrx_word' id='word_1_268' title='bbox 990 2051 1198 2119; x_wconf 89' lang='lat' dir='ltr'><strong>pudore</strong></span> <span class='ocrx_word' id='word_1_269' title='bbox 1231 2051 1503 2117; x_wconf 86' lang='lat' dir='ltr'><strong>occultat,</strong></span> <span class='ocrx_word' id='word_1_270' title='bbox 1538 2065 1645 2105; x_wconf 92' lang='lat' dir='ltr'><strong>non</strong></span> <span class='ocrx_word' id='word_1_271' title='bbox 1685 2057 1866 2104; x_wconf 85' lang='lat' dir='ltr'><strong>tamen</strong></span> <span class='ocrx_word' id='word_1_272' title='bbox 1902 2064 2000 2119; x_wconf 89' lang='lat' dir='ltr'><strong>pe-</strong></span> 
     </span>
    </p>
   </div>
   <div class='ocr_carea' id='block_1_40' title="bbox 426 2139 2039 2211">
    <p class='ocr_par' dir='ltr' id='par_1_40' title="bbox 426 2139 2039 2211">
     <span class='ocr_line' id='line_1_40' title="bbox 426 2139 2039 2211; baseline 0.001 -18"><span class='ocrx_word' id='word_1_273' title='bbox 426 2140 577 2195; x_wconf 90' lang='lat' dir='ltr'><strong>nitus</strong></span> <span class='ocrx_word' id='word_1_274' title='bbox 644 2139 698 2193; x_wconf 90' lang='lat' dir='ltr'><strong>in</strong></span> <span class='ocrx_word' id='word_1_275' title='bbox 740 2152 1059 2210; x_wconf 89' lang='lat' dir='ltr'><strong>perpetuum</strong></span> <span class='ocrx_word' id='word_1_276' title='bbox 1101 2139 1365 2197; x_wconf 89' lang='lat' dir='ltr'><strong>abscondi</strong></span> <span class='ocrx_word' id='word_1_277' title='bbox 1416 2148 1630 2211; x_wconf 87' lang='lat' dir='ltr'><strong>potest,</strong></span> <span class='ocrx_word' id='word_1_278' title='bbox 1686 2141 1781 2197; x_wconf 91' lang='lat' dir='ltr'><strong>sed</strong></span> <span class='ocrx_word' id='word_1_279' title='bbox 1832 2140 2039 2196; x_wconf 76' lang='lat' dir='ltr'><strong>veluti‘</strong></span> 
     </span>
    </p>
   </div>
   <div class='ocr_carea' id='block_1_41' title="bbox 425 2227 1998 2301">
    <p class='ocr_par' dir='ltr' id='par_1_41' title="bbox 425 2227 1998 2301">
     <span class='ocr_line' id='line_1_41' title="bbox 425 2227 1998 2301; baseline 0.001 -19"><span class='ocrx_word' id='word_1_280' title='bbox 425 2227 608 2284; x_wconf 85' lang='lat' dir='ltr'><strong>fumus</strong></span> <span class='ocrx_word' id='word_1_281' title='bbox 637 2230 858 2300; x_wconf 85' lang='lat' dir='ltr'><strong>quidam</strong></span> <span class='ocrx_word' id='word_1_282' title='bbox 892 2230 1073 2301; x_wconf 83' lang='lat' dir='ltr'><strong>gravis</strong></span> <span class='ocrx_word' id='word_1_283' title='bbox 1103 2239 1157 2286; x_wconf 90' lang='lat' dir='ltr'><strong>et</strong></span> <span class='ocrx_word' id='word_1_284' title='bbox 1182 2230 1414 2286; x_wconf 88' lang='lat' dir='ltr'><strong>acerbus</strong></span> <span class='ocrx_word' id='word_1_285' title='bbox 1436 2270 1452 2294; x_wconf 94' lang='lat'><strong>,</strong></span> <span class='ocrx_word' id='word_1_286' title='bbox 1484 2231 1756 2288; x_wconf 88' lang='lat' dir='ltr'><strong>acerbitas</strong></span> <span class='ocrx_word' id='word_1_287' title='bbox 1782 2229 1998 2285; x_wconf 69' lang='lat' dir='ltr'><strong>illVidiiB</strong></span> 
     </span>
    </p>
   </div>
   <div class='ocr_carea' id='block_1_42' title="bbox 426 2322 1998 2395">
    <p class='ocr_par' dir='ltr' id='par_1_42' title="bbox 426 2322 1998 2395">
     <span class='ocr_line' id='line_1_42' title="bbox 426 2322 1998 2395; baseline 0.003 -20"><span class='ocrx_word' id='word_1_288' title='bbox 426 2322 483 2376; x_wconf 90' lang='lat' dir='ltr'><strong>in</strong></span> <span class='ocrx_word' id='word_1_289' title='bbox 530 2324 600 2378; x_wconf 92' lang='lat' dir='ltr'><strong>iis</strong></span> <span class='ocrx_word' id='word_1_290' title='bbox 638 2338 757 2393; x_wconf 63' lang='lat' dir='ltr'><strong>quae</strong></span> <span class='ocrx_word' id='word_1_291' title='bbox 795 2325 942 2376; x_wconf 88' lang='lat' dir='ltr'><strong>circa</strong></span> <span class='ocrx_word' id='word_1_292' title='bbox 973 2322 1215 2378; x_wconf 89' lang='lat' dir='ltr'><strong>babitum</strong></span> <span class='ocrx_word' id='word_1_293' title='bbox 1263 2322 1523 2378; x_wconf 89' lang='lat' dir='ltr'><strong>accidunt</strong></span> <span class='ocrx_word' id='word_1_294' title='bbox 1562 2333 1807 2395; x_wconf 84' lang='lat' dir='ltr'><strong>apparet.</strong></span> <span class='ocrx_word' id='word_1_295' title='bbox 1841 2324 1998 2391; x_wconf 87' lang='lat' dir='ltr'><strong>Quod</strong></span> 
     </span>
    </p>
   </div>
   <div class='ocr_carea' id='block_1_43' title="bbox 426 2415 1997 2486">
    <p class='ocr_par' dir='ltr' id='par_1_43' title="bbox 426 2415 1997 2486">
     <span class='ocr_line' id='line_1_43' title="bbox 426 2415 1997 2486; baseline 0.002 -16"><span class='ocrx_word' id='word_1_296' title='bbox 426 2415 469 2470; x_wconf 91' lang='lat' dir='ltr'><strong>si</strong></span> <span class='ocrx_word' id='word_1_297' title='bbox 537 2429 646 2484; x_wconf 81' lang='lat' dir='ltr'><strong>qua</strong></span> <span class='ocrx_word' id='word_1_298' title='bbox 706 2415 987 2471; x_wconf 87' lang='lat' dir='ltr'><strong>calamitas</strong></span> <span class='ocrx_word' id='word_1_299' title='bbox 1051 2431 1175 2470; x_wconf 88' lang='lat' dir='ltr'><strong>cum</strong></span> <span class='ocrx_word' id='word_1_300' title='bbox 1220 2416 1308 2469; x_wconf 89' lang='lat' dir='ltr'><strong>cui</strong></span> <span class='ocrx_word' id='word_1_301' title='bbox 1364 2416 1646 2472; x_wconf 89' lang='lat' dir='ltr'><strong>invidetur-</strong></span> <span class='ocrx_word' id='word_1_302' title='bbox 1701 2418 1997 2486; x_wconf 87' lang='lat' dir='ltr'><strong>invaserit,</strong></span> 
     </span>
    </p>
   </div>
   <div class='ocr_carea' id='block_1_44' title="bbox 425 2506 1999 2581">
    <p class='ocr_par' dir='ltr' id='par_1_44' title="bbox 425 2506 1999 2581">
     <span class='ocr_line' id='line_1_44' title="bbox 425 2506 1999 2581; baseline 0.005 -22"><span class='ocrx_word' id='word_1_303' title='bbox 425 2514 552 2561; x_wconf 85' lang='lat' dir='ltr'><strong>tunc</strong></span> <span class='ocrx_word' id='word_1_304' title='bbox 581 2506 726 2562; x_wconf 89' lang='lat' dir='ltr'><strong>illius</strong></span> <span class='ocrx_word' id='word_1_305' title='bbox 752 2507 997 2561; x_wconf 76' lang='lat' dir='ltr'><strong>dolerent</strong></span> <span class='ocrx_word' id='word_1_306' title='bbox 1026 2507 1303 2577; x_wconf 86' lang='lat' dir='ltr'><strong>voluptate</strong></span> <span class='ocrx_word' id='word_1_307' title='bbox 1325 2516 1487 2577; x_wconf 89' lang='lat' dir='ltr'><strong>atque</strong></span> <span class='ocrx_word' id='word_1_308' title='bbox 1513 2509 1697 2563; x_wconf 84' lang='lat' dir='ltr'><strong>laetitia</strong></span> <span class='ocrx_word' id='word_1_309' title='bbox 1723 2510 1999 2581; x_wconf 83' lang='lat' dir='ltr'><strong>excipiens</strong></span> 
     </span>
    </p>
   </div>
   <div class='ocr_carea' id='block_1_45' title="bbox 426 2598 1997 2668">
    <p class='ocr_par' dir='ltr' id='par_1_45' title="bbox 426 2598 1997 2668">
     <span class='ocr_line' id='line_1_45' title="bbox 426 2598 1997 2668; baseline 0.003 -17"><span class='ocrx_word' id='word_1_310' title='bbox 426 2598 676 2651; x_wconf 74' lang='lat' dir='ltr'><strong>niorbum</strong></span> <span class='ocrx_word' id='word_1_311' title='bbox 731 2598 934 2668; x_wconf 85' lang='lat' dir='ltr'><strong>prodit.</strong></span> <span class='ocrx_word' id='word_1_312' title='bbox 987 2599 1309 2654; x_wconf 87' lang='lat' dir='ltr'><strong>indicantur</strong></span> <span class='ocrx_word' id='word_1_313' title='bbox 1348 2608 1530 2656; x_wconf 87' lang='lat' dir='ltr'><strong>autem</strong></span> <span class='ocrx_word' id='word_1_314' title='bbox 1570 2601 1782 2655; x_wconf 86' lang='lat' dir='ltr'><strong>occulta</strong></span> <span class='ocrx_word' id='word_1_315' title='bbox 1823 2601 1997 2657; x_wconf 85' lang='lat' dir='ltr'><strong>morbi</strong></span> 
     </span>
    </p>
   </div>
   <div class='ocr_carea' id='block_1_46' title="bbox 427 2689 1999 2762">
    <p class='ocr_par' dir='ltr' id='par_1_46' title="bbox 427 2689 1999 2762">
     <span class='ocr_line' id='line_1_46' title="bbox 427 2689 1999 2762; baseline 0.003 -19"><span class='ocrx_word' id='word_1_316' title='bbox 427 2689 566 2743; x_wconf 84' lang='lat' dir='ltr'><strong>mala</strong></span> <span class='ocrx_word' id='word_1_317' title='bbox 588 2728 603 2753; x_wconf 91' lang='lat'><strong>,</strong></span> <span class='ocrx_word' id='word_1_318' title='bbox 639 2690 881 2760; x_wconf 89' lang='lat' dir='ltr'><strong>quandiu</strong></span> <span class='ocrx_word' id='word_1_319' title='bbox 915 2691 1083 2747; x_wconf 86' lang='lat' dir='ltr'><strong>latere</strong></span> <span class='ocrx_word' id='word_1_320' title='bbox 1112 2692 1346 2755; x_wconf 87' lang='lat' dir='ltr'><strong>videtur,</strong></span> <span class='ocrx_word' id='word_1_321' title='bbox 1384 2708 1482 2762; x_wconf 90' lang='lat' dir='ltr'><strong>per</strong></span> <span class='ocrx_word' id='word_1_322' title='bbox 1512 2698 1699 2761; x_wconf 88' lang='lat' dir='ltr'><strong>aperta</strong></span> <span class='ocrx_word' id='word_1_323' title='bbox 1730 2692 1889 2762; x_wconf 86' lang='lat' dir='ltr'><strong>signa</strong></span> <span class='ocrx_word' id='word_1_324' title='bbox 1919 2691 1999 2746; x_wconf 85' lang='lat' dir='ltr'><strong>fa-</strong></span> 
     </span>
    </p>
   </div>
   <div class='ocr_carea' id='block_1_47' title="bbox 425 2780 1997 2853">
    <p class='ocr_par' dir='ltr' id='par_1_47' title="bbox 425 2780 1997 2853">
     <span class='ocr_line' id='line_1_47' title="bbox 425 2780 1997 2853; baseline 0.002 -19"><span class='ocrx_word' id='word_1_325' title='bbox 425 2780 547 2835; x_wconf 88' lang='lat' dir='ltr'><strong>ciei.</strong></span> <span class='ocrx_word' id='word_1_326' title='bbox 578 2780 709 2847; x_wconf 71' lang='lat' dir='ltr'><strong>Quae</strong></span> <span class='ocrx_word' id='word_1_327' title='bbox 734 2783 878 2836; x_wconf 88' lang='lat' dir='ltr'><strong>enim</strong></span> <span class='ocrx_word' id='word_1_328' title='bbox 904 2782 1316 2853; x_wconf 86' lang='lat' dir='ltr'><strong>desperatorum</strong></span> <span class='ocrx_word' id='word_1_329' title='bbox 1348 2784 1530 2838; x_wconf 87' lang='lat' dir='ltr'><strong>letalia</strong></span> <span class='ocrx_word' id='word_1_330' title='bbox 1554 2784 1707 2853; x_wconf 84' lang='lat' dir='ltr'><strong>signa</strong></span> <span class='ocrx_word' id='word_1_331' title='bbox 1738 2794 1904 2850; x_wconf 90' lang='lat' dir='ltr'><strong>sunt,</strong></span> <span class='ocrx_word' id='word_1_332' title='bbox 1934 2798 1997 2837; x_wconf 84' lang='lat' dir='ltr'><strong>ea</strong></span> 
     </span>
    </p>
   </div>
   <div class='ocr_carea' id='block_1_48' title="bbox 427 2873 2000 2943">
    <p class='ocr_par' dir='ltr' id='par_1_48' title="bbox 427 2873 2000 2943">
     <span class='ocr_line' id='line_1_48' title="bbox 427 2873 2000 2943; baseline 0 -16"><span class='ocrx_word' id='word_1_333' title='bbox 427 2886 803 2941; x_wconf 82' lang='lat' dir='ltr'><strong>saepenumero</strong></span> <span class='ocrx_word' id='word_1_334' title='bbox 833 2873 886 2926; x_wconf 91' lang='lat' dir='ltr'><strong>in</strong></span> <span class='ocrx_word' id='word_1_335' title='bbox 934 2889 998 2928; x_wconf 89' lang='lat' dir='ltr'><strong>eo</strong></span> <span class='ocrx_word' id='word_1_336' title='bbox 1054 2874 1146 2943; x_wconf 85' lang='lat' dir='ltr'><strong>qui</strong></span> <span class='ocrx_word' id='word_1_337' title='bbox 1195 2873 1400 2929; x_wconf 86' lang='lat' dir='ltr'><strong>invidia</strong></span> <span class='ocrx_word' id='word_1_338' title='bbox 1462 2874 1805 2929; x_wconf 89' lang='lat' dir='ltr'><strong>contabescit</strong></span> <span class='ocrx_word' id='word_1_339' title='bbox 1852 2875 2000 2931; x_wconf 83' lang='lat' dir='ltr'><strong>exsi-</strong></span> 
     </span>
    </p>
   </div>
   <div class='ocr_carea' id='block_1_49' title="bbox 436 2962 1998 3035">
    <p class='ocr_par' dir='ltr' id='par_1_49' title="bbox 436 2962 1998 3035">
     <span class='ocr_line' id='line_1_49' title="bbox 436 2962 1998 3035; baseline 0.003 -18"><span class='ocrx_word' id='word_1_340' title='bbox 436 2969 608 3017; x_wconf 87' lang='lat' dir='ltr'><strong>stunt.</strong></span> <span class='ocrx_word' id='word_1_341' title='bbox 647 2962 800 3018; x_wconf 89' lang='lat' dir='ltr'><strong>Oculi</strong></span> <span class='ocrx_word' id='word_1_342' title='bbox 837 2964 974 3017; x_wconf 88' lang='lat' dir='ltr'><strong>aridi</strong></span> <span class='ocrx_word' id='word_1_343' title='bbox 996 3005 1008 3028; x_wconf 90' lang='lat'><strong>,</strong></span> <span class='ocrx_word' id='word_1_344' title='bbox 1030 2965 1175 3019; x_wconf 85' lang='lat' dir='ltr'><strong>intra</strong></span> <span class='ocrx_word' id='word_1_345' title='bbox 1206 2965 1490 3035; x_wconf 86' lang='lat' dir='ltr'><strong>palpebras</strong></span> <span class='ocrx_word' id='word_1_346' title='bbox 1520 2965 1732 3020; x_wconf 85' lang='lat' dir='ltr'><strong>tabidas</strong></span> <span class='ocrx_word' id='word_1_347' title='bbox 1765 2973 1820 3020; x_wconf 88' lang='lat' dir='ltr'><strong>ct</strong></span> <span class='ocrx_word' id='word_1_348' title='bbox 1847 2976 1998 3022; x_wconf 79' lang='lat' dir='ltr'><strong>exte-</strong></span> 
     </span>
    </p>
   </div>
   <div class='ocr_carea' id='block_1_50' title="bbox 425 3053 1997 3124">
    <p class='ocr_par' dir='ltr' id='par_1_50' title="bbox 425 3053 1997 3124">
     <span class='ocr_line' id='line_1_50' title="bbox 425 3053 1997 3124; baseline 0.003 -17"><span class='ocrx_word' id='word_1_349' title='bbox 425 3062 621 3108; x_wconf 86' lang='lat' dir='ltr'><strong>nuatas</strong></span> <span class='ocrx_word' id='word_1_350' title='bbox 661 3053 1018 3121; x_wconf 86' lang='lat' dir='ltr'><strong>recedentes;</strong></span> <span class='ocrx_word' id='word_1_351' title='bbox 1055 3057 1407 3124; x_wconf 83' lang='lat' dir='ltr'><strong>supercilium</strong></span> <span class='ocrx_word' id='word_1_352' title='bbox 1448 3064 1837 3124; x_wconf 85' lang='lat' dir='ltr'><strong>contractum;</strong></span> <span class='ocrx_word' id='word_1_353' title='bbox 1873 3072 1997 3112; x_wconf 87' lang='lat' dir='ltr'><strong>ossa</strong></span> 
     </span>
    </p>
   </div>
   <div class='ocr_carea' id='block_1_51' title="bbox 425 3141 1998 3217">
    <p class='ocr_par' dir='ltr' id='par_1_51' title="bbox 425 3141 1998 3217">
     <span class='ocr_line' id='line_1_51' title="bbox 425 3141 1998 3217; baseline 0.005 -22"><span class='ocrx_word' id='word_1_354' title='bbox 425 3141 546 3199; x_wconf 82' lang='lat' dir='ltr'><strong>loco</strong></span> <span class='ocrx_word' id='word_1_355' title='bbox 599 3144 848 3197; x_wconf 86' lang='lat' dir='ltr'><strong>carnium</strong></span> <span class='ocrx_word' id='word_1_356' title='bbox 907 3145 1319 3201; x_wconf 86' lang='lat' dir='ltr'><strong>trauslucentia.</strong></span> <span class='ocrx_word' id='word_1_357' title='bbox 1384 3147 1454 3199; x_wconf 86' lang='lat' dir='ltr'><strong>At</strong></span> <span class='ocrx_word' id='word_1_358' title='bbox 1512 3163 1761 3217; x_wconf 75' lang='lat' dir='ltr'><strong>quamam</strong></span> <span class='ocrx_word' id='word_1_359' title='bbox 1819 3148 1998 3205; x_wconf 82' lang='lat' dir='ltr'><strong>morbi</strong></span> 
     </span>
    </p>
   </div>
   <div class='ocr_carea' id='block_1_52' title="bbox 423 3234 1998 3309">
    <p class='ocr_par' dir='ltr' id='par_1_52' title="bbox 423 3234 1998 3309">
     <span class='ocr_line' id='line_1_52' title="bbox 423 3234 1998 3309; baseline 0.005 -21"><span class='ocrx_word' id='word_1_360' title='bbox 423 3248 591 3288; x_wconf 87' lang='lat' dir='ltr'><strong>causa</strong></span> <span class='ocrx_word' id='word_1_361' title='bbox 638 3234 768 3289; x_wconf 85' lang='lat' dir='ltr'><strong>est?</strong></span> <span class='ocrx_word' id='word_1_362' title='bbox 812 3234 969 3301; x_wconf 82' lang='lat' dir='ltr'><strong>Quod</strong></span> <span class='ocrx_word' id='word_1_363' title='bbox 1014 3236 1184 3292; x_wconf 82' lang='lat' dir='ltr'><strong>frater</strong></span> <span class='ocrx_word' id='word_1_364' title='bbox 1210 3236 1509 3303; x_wconf 82' lang='lat' dir='ltr'><strong>nimirum,</strong></span> <span class='ocrx_word' id='word_1_365' title='bbox 1545 3238 1627 3292; x_wconf 90' lang='lat' dir='ltr'><strong>vel</strong></span> <span class='ocrx_word' id='word_1_366' title='bbox 1658 3239 1998 3309; x_wconf 82' lang='lat' dir='ltr'><strong>propinquus</strong></span> 
     </span>
    </p>
   </div>
   <div class='ocr_carea' id='block_1_53' title="bbox 421 3324 1999 3399">
    <p class='ocr_par' dir='ltr' id='par_1_53' title="bbox 421 3324 1999 3399">
     <span class='ocr_line' id='line_1_53' title="bbox 421 3324 1999 3399; baseline 0.004 -21"><span class='ocrx_word' id='word_1_367' title='bbox 421 3331 475 3378; x_wconf 89' lang='lat' dir='ltr'><strong>ct</strong></span> <span class='ocrx_word' id='word_1_368' title='bbox 505 3324 888 3389; x_wconf 78' lang='lat' dir='ltr'><strong>necessarius,</strong></span> <span class='ocrx_word' id='word_1_369' title='bbox 922 3326 1007 3379; x_wconf 91' lang='lat' dir='ltr'><strong>vel</strong></span> <span class='ocrx_word' id='word_1_370' title='bbox 1036 3326 1250 3382; x_wconf 88' lang='lat' dir='ltr'><strong>vicinus</strong></span> <span class='ocrx_word' id='word_1_371' title='bbox 1299 3326 1352 3380; x_wconf 91' lang='lat' dir='ltr'><strong>in</strong></span> <span class='ocrx_word' id='word_1_372' title='bbox 1388 3326 1554 3380; x_wconf 89' lang='lat' dir='ltr'><strong>animi</strong></span> <span class='ocrx_word' id='word_1_373' title='bbox 1602 3328 1999 3399; x_wconf 87' lang='lat' dir='ltr'><strong>tranquillitate</strong></span> 
     </span>
    </p>
   </div>
   <div class='ocr_carea' id='block_1_54' title="bbox 423 3415 1994 3488">
    <p class='ocr_par' dir='ltr' id='par_1_54' title="bbox 423 3415 1994 3488">
     <span class='ocr_line' id='line_1_54' title="bbox 423 3415 1994 3488; baseline 0.006 -21"><span class='ocrx_word' id='word_1_374' title='bbox 423 3429 487 3469; x_wconf 92' lang='lat' dir='ltr'><strong>ac</strong></span> <span class='ocrx_word' id='word_1_375' title='bbox 518 3415 702 3469; x_wconf 81' lang='lat' dir='ltr'><strong>laetitia</strong></span> <span class='ocrx_word' id='word_1_376' title='bbox 737 3416 887 3470; x_wconf 86' lang='lat' dir='ltr'><strong>vivit.</strong></span> <span class='ocrx_word' id='word_1_377' title='bbox 926 3416 969 3471; x_wconf 93' lang='grc' dir='ltr'><strong>Ο</strong></span> <span class='ocrx_word' id='word_1_378' title='bbox 1005 3433 1177 3472; x_wconf 89' lang='lat' dir='ltr'><strong>novas</strong></span> <span class='ocrx_word' id='word_1_379' title='bbox 1222 3417 1492 3488; x_wconf 87' lang='lat' dir='ltr'><strong>injurias!</strong></span> <span class='ocrx_word' id='word_1_380' title='bbox 1549 3416 1777 3473; x_wconf 89' lang='lat' dir='ltr'><strong>Crimini</strong></span> <span class='ocrx_word' id='word_1_381' title='bbox 1828 3420 1994 3481; x_wconf 87' lang='lat' dir='ltr'><strong>dare.</strong></span> 
     </span>
    </p>
   </div>
   <div class='ocr_carea' id='block_1_55' title="bbox 421 3499 1996 3581">
    <p class='ocr_par' dir='ltr' id='par_1_55' title="bbox 421 3499 1996 3581">
     <span class='ocr_line' id='line_1_55' title="bbox 421 3499 1996 3581; baseline 0.008 -23"><span class='ocrx_word' id='word_1_382' title='bbox 421 3505 569 3574; x_wconf 82' lang='lat' dir='ltr'><strong>quod</strong></span> <span class='ocrx_word' id='word_1_383' title='bbox 637 3521 744 3560; x_wconf 91' lang='lat' dir='ltr'><strong>non</strong></span> <span class='ocrx_word' id='word_1_384' title='bbox 781 3499 1008 3563; x_wconf 81' lang='lat' dir='ltr'><strong>adversa</strong></span> <span class='ocrx_word' id='word_1_385' title='bbox 1046 3507 1263 3563; x_wconf 79' lang='lat' dir='ltr'><strong>fortuna</strong></span> <span class='ocrx_word' id='word_1_386' title='bbox 1308 3510 1653 3567; x_wconf 85' lang='lat' dir='ltr'><strong>conﬂiclctur</strong></span> <span class='ocrx_word' id='word_1_387' title='bbox 1702 3512 1808 3568; x_wconf 86' lang='lat' dir='ltr'><strong>ille&#39;</strong></span> <span class='ocrx_word' id='word_1_388' title='bbox 1841 3513 1996 3581; x_wconf 84' lang='lat' dir='ltr'><strong>cujus</strong></span> 
     </span>
    </p>
   </div>
   <div class='ocr_carea' id='block_1_56' title="bbox 422 3598 1997 3672">
    <p class='ocr_par' dir='ltr' id='par_1_56' title="bbox 422 3598 1997 3672">
     <span class='ocr_line' id='line_1_56' title="bbox 422 3598 1997 3672; baseline 0.005 -22"><span class='ocrx_word' id='word_1_389' title='bbox 422 3599 589 3654; x_wconf 75' lang='lat' dir='ltr'><strong>rebus</strong></span> <span class='ocrx_word' id='word_1_390' title='bbox 620 3599 878 3655; x_wconf 87' lang='lat' dir='ltr'><strong>secundis</strong></span> <span class='ocrx_word' id='word_1_391' title='bbox 907 3598 1051 3654; x_wconf 87' lang='lat' dir='ltr'><strong>dolet</strong></span> <span class='ocrx_word' id='word_1_392' title='bbox 1077 3619 1091 3666; x_wconf 90' lang='lat'><strong>;</strong></span> <span class='ocrx_word' id='word_1_393' title='bbox 1119 3616 1229 3656; x_wconf 89' lang='lat' dir='ltr'><strong>non</strong></span> <span class='ocrx_word' id='word_1_394' title='bbox 1258 3617 1321 3658; x_wconf 79' lang='lat' dir='ltr'><strong>ex</strong></span> <span class='ocrx_word' id='word_1_395' title='bbox 1351 3618 1415 3658; x_wconf 86' lang='lat' dir='ltr'><strong>eo</strong></span> <span class='ocrx_word' id='word_1_396' title='bbox 1441 3603 1585 3672; x_wconf 87' lang='lat' dir='ltr'><strong>quod</strong></span> <span class='ocrx_word' id='word_1_397' title='bbox 1618 3604 1685 3658; x_wconf 90' lang='lat' dir='ltr'><strong>ab</strong></span> <span class='ocrx_word' id='word_1_398' title='bbox 1718 3604 1809 3657; x_wconf 93' lang='lat' dir='ltr'><strong>illo</strong></span> <span class='ocrx_word' id='word_1_399' title='bbox 1838 3618 1997 3658; x_wconf 89' lang='lat' dir='ltr'><strong>acce-</strong></span> 
     </span>
    </p>
   </div>
   <div class='ocr_carea' id='block_1_57' title="bbox 422 3686 1992 3760">
    <p class='ocr_par' dir='ltr' id='par_1_57' title="bbox 422 3686 1992 3760">
     <span class='ocr_line' id='line_1_57' title="bbox 422 3686 1992 3760; baseline 0.003 -18"><span class='ocrx_word' id='word_1_400' title='bbox 422 3686 562 3758; x_wconf 82' lang='lat' dir='ltr'><strong>perit</strong></span> <span class='ocrx_word' id='word_1_401' title='bbox 611 3689 816 3759; x_wconf 88' lang='lat' dir='ltr'><strong>aliquid</strong></span> <span class='ocrx_word' id='word_1_402' title='bbox 868 3688 1191 3745; x_wconf 89' lang='lat' dir='ltr'><strong>incommodi</strong></span> <span class='ocrx_word' id='word_1_403' title='bbox 1229 3692 1484 3760; x_wconf 83' lang='lat' dir='ltr'><strong>injuriam</strong></span> <span class='ocrx_word' id='word_1_404' title='bbox 1540 3695 1853 3756; x_wconf 67' lang='lat' dir='ltr'><strong>aestimans,</strong></span> <span class='ocrx_word' id='word_1_405' title='bbox 1899 3694 1992 3749; x_wconf 87' lang='lat' dir='ltr'><strong>sed</strong></span> 
     </span>
    </p>
   </div>
   <div class='ocr_carea' id='block_1_58' title="bbox 329 3778 1996 3852">
    <p class='ocr_par' dir='ltr' id='par_1_58' title="bbox 329 3778 1996 3852">
     <span class='ocr_line' id='line_1_58' title="bbox 329 3778 1996 3852; baseline 0.004 -20"><span class='ocrx_word' id='word_1_406' title='bbox 329 3798 342 3811; x_wconf 86' lang='grc'>·</span> <span class='ocrx_word' id='word_1_407' title='bbox 420 3778 565 3849; x_wconf 91' lang='lat' dir='ltr'><strong>quod</strong></span> <span class='ocrx_word' id='word_1_408' title='bbox 593 3779 682 3834; x_wconf 84' lang='lat' dir='ltr'><strong>ille</strong></span> <span class='ocrx_word' id='word_1_409' title='bbox 707 3781 825 3835; x_wconf 90' lang='lat' dir='ltr'><strong>sine</strong></span> <span class='ocrx_word' id='word_1_410' title='bbox 851 3780 1175 3852; x_wconf 86' lang='lat' dir='ltr'><strong>cujusquam</strong></span> <span class='ocrx_word' id='word_1_411' title='bbox 1203 3783 1401 3851; x_wconf 85' lang='lat' dir='ltr'><strong>injuria</strong></span> <span class='ocrx_word' id='word_1_412' title='bbox 1423 3824 1441 3851; x_wconf 87' lang='lat'><strong>,</strong></span> <span class='ocrx_word' id='word_1_413' title='bbox 1466 3800 1533 3838; x_wconf 77' lang='lat' dir='ltr'><strong>ex</strong></span> <span class='ocrx_word' id='word_1_414' title='bbox 1563 3783 1729 3838; x_wconf 90' lang='lat' dir='ltr'><strong>animi</strong></span> <span class='ocrx_word' id='word_1_415' title='bbox 1750 3783 1840 3837; x_wconf 72' lang='lat' dir='ltr'><strong>sui</strong></span> <span class='ocrx_word' id='word_1_416' title='bbox 1870 3799 1996 3838; x_wconf 90' lang='lat' dir='ltr'><strong>sen-</strong></span> 
     </span>
    </p>
   </div>
   <div class='ocr_carea' id='block_1_59' title="bbox 408 3860 1992 3939">
    <p class='ocr_par' dir='ltr' id='par_1_59' title="bbox 408 3860 1992 3939">
     <span class='ocr_line' id='line_1_59' title="bbox 408 3860 1992 3939; baseline 0.004 -18"><span class='ocrx_word' id='word_1_417' title='bbox 408 3860 591 3923; x_wconf 48' lang='lat' dir='ltr'><strong>‘ten’tia</strong></span> <span class='ocrx_word' id='word_1_418' title='bbox 626 3869 806 3935; x_wconf 82' lang='lat' dir='ltr'><strong>vivat,</strong></span> <span class='ocrx_word' id='word_1_419' title='bbox 838 3872 976 3924; x_wconf 89' lang='lat' dir='ltr'><strong>etin</strong></span> <span class='ocrx_word' id='word_1_420' title='bbox 1023 3872 1189 3927; x_wconf 86' lang='lat' dir='ltr'><strong>rebus</strong></span> <span class='ocrx_word' id='word_1_421' title='bbox 1227 3871 1489 3939; x_wconf 88' lang='lat' dir='ltr'><strong>jucundis</strong></span> <span class='ocrx_word' id='word_1_422' title='bbox 1533 3881 1806 3929; x_wconf 89' lang='lat' dir='ltr'><strong>versetur.</strong></span> <span class='ocrx_word' id='word_1_423' title='bbox 1851 3871 1992 3939; x_wconf 88' lang='lat' dir='ltr'><strong>Quid</strong></span> 
     </span>
    </p>
   </div>
   <div class='ocr_carea' id='block_1_60' title="bbox 418 3960 1994 4030">
    <p class='ocr_par' dir='ltr' id='par_1_60' title="bbox 418 3960 1994 4030">
     <span class='ocr_line' id='line_1_60' title="bbox 418 3960 1994 4030; baseline 0.003 -19"><span class='ocrx_word' id='word_1_424' title='bbox 418 3974 616 4028; x_wconf 83' lang='lat' dir='ltr'><strong>passus</strong></span> <span class='ocrx_word' id='word_1_425' title='bbox 664 3975 745 4022; x_wconf 86' lang='lat' dir='ltr'><strong>es,</strong></span> <span class='ocrx_word' id='word_1_426' title='bbox 779 3960 1006 4015; x_wconf 87' lang='lat' dir='ltr'><strong>infelix?</strong></span> <span class='ocrx_word' id='word_1_427' title='bbox 1046 3961 1280 4016; x_wconf 88' lang='lat' dir='ltr'><strong>libenter</strong></span> <span class='ocrx_word' id='word_1_428' title='bbox 1311 3962 1540 4017; x_wconf 82' lang='lat' dir='ltr'><strong>dixerim</strong></span> <span class='ocrx_word' id='word_1_429' title='bbox 1579 3965 1643 4018; x_wconf 86' lang='lat' dir='ltr'><strong>ad</strong></span> <span class='ocrx_word' id='word_1_430' title='bbox 1679 3979 1825 4018; x_wconf 92' lang='lat' dir='ltr'><strong>eum.</strong></span> <span class='ocrx_word' id='word_1_431' title='bbox 1876 3961 1994 4030; x_wconf 85' lang='lat' dir='ltr'><strong>Qua</strong></span> 
     </span>
    </p>
   </div>
   <div class='ocr_carea' id='block_1_61' title="bbox 419 4050 1992 4119">
    <p class='ocr_par' dir='ltr' id='par_1_61' title="bbox 419 4050 1992 4119">
     <span class='ocr_line' id='line_1_61' title="bbox 419 4050 1992 4119; baseline 0.003 -16"><span class='ocrx_word' id='word_1_432' title='bbox 419 4059 641 4119; x_wconf 79' lang='lat' dir='ltr'><strong>accepta</strong></span> <span class='ocrx_word' id='word_1_433' title='bbox 679 4050 878 4118; x_wconf 88' lang='lat' dir='ltr'><strong>injuria</strong></span> <span class='ocrx_word' id='word_1_434' title='bbox 917 4052 1255 4116; x_wconf 81' lang='lat' dir='ltr'><strong>extabescis,</strong></span> <span class='ocrx_word' id='word_1_435' title='bbox 1301 4054 1515 4109; x_wconf 83' lang='lat' dir='ltr'><strong>acerbis</strong></span> <span class='ocrx_word' id='word_1_436' title='bbox 1546 4054 1724 4110; x_wconf 92' lang='lat' dir='ltr'><strong>oculis</strong></span> <span class='ocrx_word' id='word_1_437' title='bbox 1769 4069 1992 4109; x_wconf 87' lang='lat' dir='ltr'><strong>succes-</strong></span> 
     </span>
    </p>
   </div>
   <div class='ocr_carea' id='block_1_62' title="bbox 419 4142 1992 4215">
    <p class='ocr_par' dir='ltr' id='par_1_62' title="bbox 419 4142 1992 4215">
     <span class='ocr_line' id='line_1_62' title="bbox 419 4142 1992 4215; baseline 0.001 -18"><span class='ocrx_word' id='word_1_438' title='bbox 419 4157 514 4197; x_wconf 86' lang='lat' dir='ltr'><strong>sus</strong></span> <span class='ocrx_word' id='word_1_439' title='bbox 553 4156 845 4212; x_wconf 85' lang='lat' dir='ltr'><strong>prosperos</strong></span> <span class='ocrx_word' id='word_1_440' title='bbox 877 4142 1130 4198; x_wconf 87' lang='lat' dir='ltr'><strong>invidens</strong></span> <span class='ocrx_word' id='word_1_441' title='bbox 1162 4144 1372 4198; x_wconf 87' lang='lat' dir='ltr'><strong>vicini?</strong></span> <span class='ocrx_word' id='word_1_442' title='bbox 1415 4144 1552 4211; x_wconf 84' lang='lat' dir='ltr'><strong>Quid</strong></span> <span class='ocrx_word' id='word_1_443' title='bbox 1596 4146 1800 4208; x_wconf 85' lang='lat' dir='ltr'><strong>habes,</strong></span> <span class='ocrx_word' id='word_1_444' title='bbox 1845 4142 1992 4215; x_wconf 85' lang='lat' dir='ltr'><strong>quod</strong></span> 
     </span>
    </p>
   </div>
   <div class='ocr_carea' id='block_1_63' title="bbox 419 4231 1990 4303">
    <p class='ocr_par' dir='ltr' id='par_1_63' title="bbox 419 4231 1990 4303">
     <span class='ocr_line' id='line_1_63' title="bbox 419 4231 1990 4303; baseline 0.002 -18"><span class='ocrx_word' id='word_1_445' title='bbox 419 4231 487 4286; x_wconf 91' lang='lat' dir='ltr'><strong>de</strong></span> <span class='ocrx_word' id='word_1_446' title='bbox 520 4247 584 4286; x_wconf 92' lang='lat' dir='ltr'><strong>eo</strong></span> <span class='ocrx_word' id='word_1_447' title='bbox 615 4231 1018 4301; x_wconf 88' lang='lat' dir='ltr'><strong>conqueraris?</strong></span> <span class='ocrx_word' id='word_1_448' title='bbox 1055 4232 1201 4303; x_wconf 91' lang='lat' dir='ltr'><strong>quod</strong></span> <span class='ocrx_word' id='word_1_449' title='bbox 1235 4233 1453 4288; x_wconf 89' lang='lat' dir='ltr'><strong>crimini</strong></span> <span class='ocrx_word' id='word_1_450' title='bbox 1486 4234 1632 4291; x_wconf 88' lang='lat' dir='ltr'><strong>des?</strong></span> <span class='ocrx_word' id='word_1_451' title='bbox 1668 4235 1713 4288; x_wconf 89' lang='lat' dir='ltr'><strong>si</strong></span> <span class='ocrx_word' id='word_1_452' title='bbox 1748 4234 1837 4288; x_wconf 90' lang='lat' dir='ltr'><strong>ille</strong></span> <span class='ocrx_word' id='word_1_453' title='bbox 1866 4250 1990 4288; x_wconf 86' lang='lat' dir='ltr'><strong>cor-</strong></span> 
     </span>
    </p>
   </div>
   <div class='ocr_carea' id='block_1_64' title="bbox 2103 1779 3670 1854">
    <p class='ocr_par' dir='ltr' id='par_1_64' title="bbox 2103 1779 3670 1854">
     <span class='ocr_line' id='line_1_64' title="bbox 2103 1779 3670 1854; baseline 0.004 -22"><span class='ocrx_word' id='word_1_454' title='bbox 2103 1781 2197 1832; x_wconf 81' lang='grc' dir='ltr'>γ.α“ι</span> <span class='ocrx_word' id='word_1_455' title='bbox 2244 1781 2271 1832; x_wconf 89' lang='grc' dir='ltr'>ὁ</span> <span class='ocrx_word' id='word_1_456' title='bbox 2320 1779 2510 1849; x_wconf 76' lang='grc' dir='ltr'>φθόνος</span> <span class='ocrx_word' id='word_1_457' title='bbox 2537 1780 2758 1833; x_wconf 76' lang='grc' dir='ltr'><strong>διεσθίει</strong></span> <span class='ocrx_word' id='word_1_458' title='bbox 2786 1780 2884 1851; x_wconf 77' lang='grc' dir='ltr'><strong>μὲν</strong></span> <span class='ocrx_word' id='word_1_459' title='bbox 2918 1780 3128 1834; x_wconf 75' lang='grc' dir='ltr'>ἔνδοθεν</span> <span class='ocrx_word' id='word_1_460' title='bbox 3155 1782 3251 1852; x_wconf 74' lang='grc' dir='ltr'>τὴν</span> <span class='ocrx_word' id='word_1_461' title='bbox 3296 1783 3546 1854; x_wconf 76' lang='grc' dir='ltr'>καρδίαν,</span> <span class='ocrx_word' id='word_1_462' title='bbox 3578 1803 3670 1838; x_wconf 68' lang='grc' dir='ltr'><strong>πνε</strong></span> 
     </span>
    </p>
   </div>
   <div class='ocr_carea' id='block_1_65' title="bbox 2106 1869 3670 1945">
    <p class='ocr_par' dir='ltr' id='par_1_65' title="bbox 2106 1869 3670 1945">
     <span class='ocr_line' id='line_1_65' title="bbox 2106 1869 3670 1945; baseline 0.003 -23"><span class='ocrx_word' id='word_1_463' title='bbox 2106 1869 2195 1941; x_wconf 67' lang='lat' dir='ltr'><strong>po;</strong></span> <span class='ocrx_word' id='word_1_464' title='bbox 2236 1870 2392 1933; x_wconf 81' lang='grc' dir='ltr'>δίκην</span> <span class='ocrx_word' id='word_1_465' title='bbox 2435 1869 2545 1924; x_wconf 79' lang='grc' dir='ltr'>οἷον</span> <span class='ocrx_word' id='word_1_466' title='bbox 2603 1870 2820 1942; x_wconf 76' lang='grc' dir='ltr'>ἀχύρων</span> <span class='ocrx_word' id='word_1_467' title='bbox 2871 1872 3236 1943; x_wconf 69' lang='grc' dir='ltr'><strong>πεπιλημένον</strong></span> <span class='ocrx_word' id='word_1_468' title='bbox 3273 1874 3396 1926; x_wconf 70' lang='grc' dir='ltr'>τινὰ</span> <span class='ocrx_word' id='word_1_469' title='bbox 3421 1875 3670 1945; x_wconf 66' lang='grc' dir='ltr'>χημῶναί</span> 
     </span>
    </p>
   </div>
   <div class='ocr_carea' id='block_1_66' title="bbox 2102 1945 3670 2035">
    <p class='ocr_par' dir='ltr' id='par_1_66' title="bbox 2102 1945 3670 2035">
     <span class='ocr_line' id='line_1_66' title="bbox 2102 1945 3670 2035; baseline 0.001 -20"><span class='ocrx_word' id='word_1_470' title='bbox 2102 1962 2197 2015; x_wconf 72' lang='grc' dir='ltr'><strong>καὶ</strong></span> <span class='ocrx_word' id='word_1_471' title='bbox 2241 1962 2473 2033; x_wconf 78' lang='grc' dir='ltr'><strong>κρύπτει</strong></span> <span class='ocrx_word' id='word_1_472' title='bbox 2518 1963 2615 2034; x_wconf 74' lang='grc' dir='ltr'><strong>μὲν</strong></span> <span class='ocrx_word' id='word_1_473' title='bbox 2663 1956 2758 2027; x_wconf 70' lang='grc' dir='ltr'>ύπ⁴</span> <span class='ocrx_word' id='word_1_474' title='bbox 2798 1945 3058 2034; x_wconf 52' lang='grc' dir='ltr'>αἰσὶύνης</span> <span class='ocrx_word' id='word_1_475' title='bbox 3101 1965 3198 2034; x_wconf 81' lang='grc' dir='ltr'><strong>τὴν</strong></span> <span class='ocrx_word' id='word_1_476' title='bbox 3232 1965 3410 2026; x_wconf 79' lang='grc' dir='ltr'>νόσον,</span> <span class='ocrx_word' id='word_1_477' title='bbox 3457 1967 3519 2018; x_wconf 81' lang='grc' dir='ltr'><strong>οὐ</strong></span> <span class='ocrx_word' id='word_1_478' title='bbox 3574 1967 3670 2035; x_wconf 63' lang='grc' dir='ltr'>μὴν</span> 
     </span>
    </p>
   </div>
   <div class='ocr_carea' id='block_1_67' title="bbox 2101 2055 3670 2129">
    <p class='ocr_par' dir='ltr' id='par_1_67' title="bbox 2101 2055 3670 2129">
     <span class='ocr_line' id='line_1_67' title="bbox 2101 2055 3670 2129; baseline 0.002 -21"><span class='ocrx_word' id='word_1_479' title='bbox 2101 2055 2323 2119; x_wconf 77' lang='grc' dir='ltr'>δυνατός</span> <span class='ocrx_word' id='word_1_480' title='bbox 2357 2058 2503 2108; x_wconf 85' lang='grc' dir='ltr'>ἐστιν</span> <span class='ocrx_word' id='word_1_481' title='bbox 2553 2056 2632 2118; x_wconf 76' lang='grc' dir='ltr'>εἰς</span> <span class='ocrx_word' id='word_1_482' title='bbox 2669 2055 2733 2108; x_wconf 82' lang='grc' dir='ltr'><strong>τὸ</strong></span> <span class='ocrx_word' id='word_1_483' title='bbox 2785 2056 3046 2119; x_wconf 82' lang='grc' dir='ltr'>παντελὲς</span> <span class='ocrx_word' id='word_1_484' title='bbox 3080 2057 3487 2129; x_wconf 57' lang='grc' dir='ltr'>ἐπικρύψασθαι</span> <span class='ocrx_word' id='word_1_485' title='bbox 3516 2076 3529 2090; x_wconf 78' lang='lat'>&#39;</span> <span class='ocrx_word' id='word_1_486' title='bbox 3563 2060 3670 2112; x_wconf 59' lang='grc' dir='ltr'><strong>ἀὶᾷἐ</strong></span> 
     </span>
    </p>
   </div>
   <div class='ocr_carea' id='block_1_68' title="bbox 2100 2132 3670 2217">
    <p class='ocr_par' dir='ltr' id='par_1_68' title="bbox 2100 2132 3670 2217">
     <span class='ocr_line' id='line_1_68' title="bbox 2100 2132 3670 2217; baseline 0.003 -19"><span class='ocrx_word' id='word_1_487' title='bbox 2100 2141 2210 2199; x_wconf 83' lang='grc' dir='ltr'>οίόν</span> <span class='ocrx_word' id='word_1_488' title='bbox 2242 2164 2326 2210; x_wconf 87' lang='grc' dir='ltr'><strong>τις</strong></span> <span class='ocrx_word' id='word_1_489' title='bbox 2359 2144 2561 2210; x_wconf 73' lang='grc' dir='ltr'>καπνὸς</span> <span class='ocrx_word' id='word_1_490' title='bbox 2598 2132 2905 2217; x_wconf 18' lang='grc' dir='ltr'>δριμὺςίέκ</span> <span class='ocrx_word' id='word_1_491' title='bbox 2954 2145 3045 2199; x_wconf 76' lang='grc' dir='ltr'><strong>τοῦ</strong></span> <span class='ocrx_word' id='word_1_492' title='bbox 3083 2147 3274 2215; x_wconf 69' lang='grc' dir='ltr'>φθόνου</span> <span class='ocrx_word' id='word_1_493' title='bbox 3320 2150 3517 2217; x_wconf 87' lang='grc' dir='ltr'>πικρία</span> <span class='ocrx_word' id='word_1_494' title='bbox 3568 2154 3670 2213; x_wconf 62' lang='grc' dir='ltr'>τοῖς</span> 
     </span>
    </p>
   </div>
   <div class='ocr_carea' id='block_1_69' title="bbox 2102 2226 3670 2307">
    <p class='ocr_par' dir='ltr' id='par_1_69' title="bbox 2102 2226 3670 2307">
     <span class='ocr_line' id='line_1_69' title="bbox 2102 2226 3670 2307; baseline 0.006 -21"><span class='ocrx_word' id='word_1_495' title='bbox 2102 2234 2227 2305; x_wconf 72' lang='grc' dir='ltr'><strong>περῖ⁵</strong></span> <span class='ocrx_word' id='word_1_496' title='bbox 2250 2234 2308 2287; x_wconf 75' lang='grc' dir='ltr'>τὸ</span> <span class='ocrx_word' id='word_1_497' title='bbox 2340 2235 2525 2306; x_wconf 77' lang='grc' dir='ltr'>σχῆμα</span> <span class='ocrx_word' id='word_1_498' title='bbox 2554 2226 2952 2307; x_wconf 72' lang='grc' dir='ltr'>συμπτώμασιν</span> <span class='ocrx_word' id='word_1_499' title='bbox 2975 2236 3389 2306; x_wconf 67' lang='grc' dir='ltr'>ἐνδιαφαίνεται.</span> <span class='ocrx_word' id='word_1_500' title='bbox 3421 2241 3485 2292; x_wconf 74' lang='lat' dir='ltr'><strong>Ei</strong></span> <span class='ocrx_word' id='word_1_501' title='bbox 3508 2240 3565 2294; x_wconf 84' lang='grc' dir='ltr'><strong>δέ</strong></span> <span class='ocrx_word' id='word_1_502' title='bbox 3597 2260 3670 2304; x_wconf 73' lang='grc' dir='ltr'><strong>τις</strong></span> 
     </span>
    </p>
   </div>
   <div class='ocr_carea' id='block_1_70' title="bbox 2104 2324 3669 2402">
    <p class='ocr_par' dir='ltr' id='par_1_70' title="bbox 2104 2324 3669 2402">
     <span class='ocr_line' id='line_1_70' title="bbox 2104 2324 3669 2402; baseline 0.003 -26"><span class='ocrx_word' id='word_1_503' title='bbox 2104 2324 2357 2395; x_wconf 78' lang='grc' dir='ltr'>συμφορὰ</span> <span class='ocrx_word' id='word_1_504' title='bbox 2394 2324 2486 2379; x_wconf 76' lang='grc' dir='ltr'>τοῦ</span> <span class='ocrx_word' id='word_1_505' title='bbox 2523 2325 2885 2396; x_wconf 79' lang='grc' dir='ltr'>φθονουμένου</span> <span class='ocrx_word' id='word_1_506' title='bbox 2916 2328 3274 2399; x_wconf 67' lang='grc' dir='ltr'>προσάψαιτο,</span> <span class='ocrx_word' id='word_1_507' title='bbox 3302 2331 3426 2382; x_wconf 76' lang='grc' dir='ltr'>τότε</span> <span class='ocrx_word' id='word_1_508' title='bbox 3454 2336 3669 2402; x_wconf 57' lang='grc' dir='ltr'>φανερᾷ</span> 
     </span>
    </p>
   </div>
   <div class='ocr_carea' id='block_1_71' title="bbox 2102 2416 3670 2492">
    <p class='ocr_par' dir='ltr' id='par_1_71' title="bbox 2102 2416 3670 2492">
     <span class='ocr_line' id='line_1_71' title="bbox 2102 2416 3670 2492; baseline 0.004 -23"><span class='ocrx_word' id='word_1_509' title='bbox 2102 2416 2203 2487; x_wconf 79' lang='grc' dir='ltr'>τὴν</span> <span class='ocrx_word' id='word_1_510' title='bbox 2228 2416 2401 2485; x_wconf 84' lang='grc' dir='ltr'>νόσον,</span> <span class='ocrx_word' id='word_1_511' title='bbox 2448 2418 2505 2470; x_wconf 83' lang='grc' dir='ltr'><strong>ἐν</strong></span> <span class='ocrx_word' id='word_1_512' title='bbox 2557 2417 2860 2490; x_wconf 76' lang='grc' dir='ltr'>εὐφροσύνῃ</span> <span class='ocrx_word' id='word_1_513' title='bbox 2897 2436 2954 2471; x_wconf 88' lang='grc' dir='ltr'>τε</span> <span class='ocrx_word' id='word_1_514' title='bbox 2990 2420 3081 2472; x_wconf 77' lang='grc' dir='ltr'>καὶ</span> <span class='ocrx_word' id='word_1_515' title='bbox 3129 2419 3290 2491; x_wconf 74' lang='grc' dir='ltr'>ἡδονῇ</span> <span class='ocrx_word' id='word_1_516' title='bbox 3324 2420 3423 2492; x_wconf 72' lang='grc' dir='ltr'>τὴν</span> <span class='ocrx_word' id='word_1_517' title='bbox 3469 2423 3670 2475; x_wconf 67' lang='grc' dir='ltr'>ἐκείνου</span> 
     </span>
    </p>
   </div>
   <div class='ocr_carea' id='block_1_72' title="bbox 2101 2506 3666 2583">
    <p class='ocr_par' dir='ltr' id='par_1_72' title="bbox 2101 2506 3666 2583">
     <span class='ocr_line' id='line_1_72' title="bbox 2101 2506 3666 2583; baseline 0.004 -23"><span class='ocrx_word' id='word_1_518' title='bbox 2101 2506 2276 2578; x_wconf 76' lang='grc' dir='ltr'>λύπην</span> <span class='ocrx_word' id='word_1_519' title='bbox 2306 2508 2644 2580; x_wconf 63' lang='grc' dir='ltr'>ποιούμενος.</span> <span class='ocrx_word' id='word_1_520' title='bbox 2676 2512 3075 2582; x_wconf 81' lang='grc' dir='ltr'>Κατηγορεῖται</span> <span class='ocrx_word' id='word_1_521' title='bbox 3117 2511 3173 2564; x_wconf 78' lang='grc' dir='ltr'>δὲ</span> <span class='ocrx_word' id='word_1_522' title='bbox 3211 2512 3278 2564; x_wconf 79' lang='grc' dir='ltr'>τὰ</span> <span class='ocrx_word' id='word_1_523' title='bbox 3323 2514 3545 2583; x_wconf 63' lang='grc' dir='ltr'>κρυπτὰ</span> <span class='ocrx_word' id='word_1_524' title='bbox 3580 2516 3666 2566; x_wconf 66' lang='grc' dir='ltr'>τοῦ</span> 
     </span>
    </p>
   </div>
   <div class='ocr_carea' id='block_1_73' title="bbox 2101 2599 3666 2675">
    <p class='ocr_par' dir='ltr' id='par_1_73' title="bbox 2101 2599 3666 2675">
     <span class='ocr_line' id='line_1_73' title="bbox 2101 2599 3666 2675; baseline -0.001 -21"><span class='ocrx_word' id='word_1_525' title='bbox 2101 2599 2339 2664; x_wconf 78' lang='grc' dir='ltr'><strong>πάθους,</strong></span> <span class='ocrx_word' id='word_1_526' title='bbox 2378 2600 2480 2664; x_wconf 79' lang='grc' dir='ltr'>ἕως</span> <span class='ocrx_word' id='word_1_527' title='bbox 2523 2599 2587 2653; x_wconf 81' lang='grc' dir='ltr'><strong>ἂν</strong></span> <span class='ocrx_word' id='word_1_528' title='bbox 2617 2600 2896 2655; x_wconf 75' lang='grc' dir='ltr'>λανθάνειν</span> <span class='ocrx_word' id='word_1_529' title='bbox 2944 2602 3110 2672; x_wconf 80' lang='grc' dir='ltr'>δοκῇ,</span> <span class='ocrx_word' id='word_1_530' title='bbox 3159 2601 3246 2655; x_wconf 74' lang='grc' dir='ltr'><strong>διὰ</strong></span> <span class='ocrx_word' id='word_1_531' title='bbox 3280 2602 3389 2655; x_wconf 81' lang='grc' dir='ltr'>τῶν</span> <span class='ocrx_word' id='word_1_532' title='bbox 3425 2603 3666 2675; x_wconf 67' lang='grc' dir='ltr'>φανερῶν</span> 
     </span>
    </p>
   </div>
   <div class='ocr_carea' id='block_1_74' title="bbox 2099 2691 3664 2763">
    <p class='ocr_par' dir='ltr' id='par_1_74' title="bbox 2099 2691 3664 2763">
     <span class='ocr_line' id='line_1_74' title="bbox 2099 2691 3664 2763; baseline 0.001 -19"><span class='ocrx_word' id='word_1_533' title='bbox 2099 2692 2410 2762; x_wconf 73' lang='grc' dir='ltr'>τεκμηρίων</span> <span class='ocrx_word' id='word_1_534' title='bbox 2462 2692 2589 2763; x_wconf 72' lang='grc' dir='ltr'>περὶ</span> <span class='ocrx_word' id='word_1_535' title='bbox 2629 2691 2690 2744; x_wconf 67' lang='grc' dir='ltr'><strong>τὸ</strong></span> <span class='ocrx_word' id='word_1_536' title='bbox 2737 2692 3043 2763; x_wconf 71' lang='grc' dir='ltr'>πρόσωπον.</span> <span class='ocrx_word' id='word_1_537' title='bbox 3090 2691 3170 2745; x_wconf 73' lang='grc' dir='ltr'>Τὰ</span> <span class='ocrx_word' id='word_1_538' title='bbox 3205 2691 3314 2761; x_wconf 77' lang='grc' dir='ltr'>γὰρ</span> <span class='ocrx_word' id='word_1_539' title='bbox 3346 2692 3664 2747; x_wconf 70' lang='grc' dir='ltr'>ἐπιθανατια</span> 
     </span>
    </p>
   </div>
   <div class='ocr_carea' id='block_1_75' title="bbox 2099 2778 3663 2851">
    <p class='ocr_par' dir='ltr' id='par_1_75' title="bbox 2099 2778 3663 2851">
     <span class='ocr_line' id='line_1_75' title="bbox 2099 2778 3663 2851; baseline -0.001 -18"><span class='ocrx_word' id='word_1_540' title='bbox 2099 2781 2208 2834; x_wconf 80' lang='grc' dir='ltr'>τῶν</span> <span class='ocrx_word' id='word_1_541' title='bbox 2243 2781 2675 2851; x_wconf 76' lang='grc' dir='ltr'>ἀπεγνωσμένων</span> <span class='ocrx_word' id='word_1_542' title='bbox 2718 2782 2949 2850; x_wconf 78' lang='grc' dir='ltr'>σημεῖα,</span> <span class='ocrx_word' id='word_1_543' title='bbox 2990 2778 3162 2834; x_wconf 76' lang='grc' dir='ltr'>ταῦτα</span> <span class='ocrx_word' id='word_1_544' title='bbox 3215 2778 3309 2832; x_wconf 66' lang='grc' dir='ltr'>τοῦ</span> <span class='ocrx_word' id='word_1_545' title='bbox 3345 2779 3437 2832; x_wconf 75' lang='grc' dir='ltr'><strong>διὰ</strong></span> <span class='ocrx_word' id='word_1_546' title='bbox 3479 2780 3663 2848; x_wconf 61' lang='grc' dir='ltr'>φθόνον</span> 
     </span>
    </p>
   </div>
   <div class='ocr_carea' id='block_1_76' title="bbox 3337 2867 3363 2889">
    <p class='ocr_par' dir='ltr' id='par_1_76' title="bbox 3337 2867 3363 2889">
     <span class='ocr_line' id='line_1_76' title="bbox 3337 2867 3363 2889; baseline 0 -9"><span class='ocrx_word' id='word_1_547' title='bbox 3337 2867 3363 2889; x_wconf 65' lang='grc' dir='ltr'><strong><em>ρ</em></strong></span> 
     </span>
    </p>
   </div>
   <div class='ocr_carea' id='block_1_77' title="bbox 2055 2867 3669 2941">
    <p class='ocr_par' dir='ltr' id='par_1_77' title="bbox 2055 2867 3669 2941">
     <span class='ocr_line' id='line_1_77' title="bbox 2055 2867 3669 2941; baseline -0.001 -18"><span class='ocrx_word' id='word_1_548' title='bbox 2055 2906 2067 2917; x_wconf 71' lang='grc' dir='ltr'><em>υ</em></span> <span class='ocrx_word' id='word_1_549' title='bbox 2100 2871 2451 2941; x_wconf 70' lang='grc' dir='ltr'>ὲκτετηκότος</span> <span class='ocrx_word' id='word_1_550' title='bbox 2476 2870 2731 2932; x_wconf 77' lang='grc' dir='ltr'><strong>πολλάκις</strong></span> <span class='ocrx_word' id='word_1_551' title='bbox 2766 2869 2992 2938; x_wconf 83' lang='grc' dir='ltr'>γίνεται,</span> <span class='ocrx_word' id='word_1_552' title='bbox 3030 2867 3295 2940; x_wconf 72' lang='grc' dir='ltr'>ὀφθαλμοὶ</span> <span class='ocrx_word' id='word_1_553' title='bbox 3335 2867 3517 2940; x_wconf 71' lang='grc' dir='ltr'>ξηροὶ,</span> <span class='ocrx_word' id='word_1_554' title='bbox 3546 2886 3669 2921; x_wconf 86' lang='grc' dir='ltr'>κατ-</span> 
     </span>
    </p>
   </div>
   <div class='ocr_carea' id='block_1_78' title="bbox 2100 2953 3665 3034">
    <p class='ocr_par' dir='ltr' id='par_1_78' title="bbox 2100 2953 3665 3034">
     <span class='ocr_line' id='line_1_78' title="bbox 2100 2953 3665 3034; baseline -0.001 -19"><span class='ocrx_word' id='word_1_555' title='bbox 2100 2953 2513 3034; x_wconf 68' lang='grc' dir='ltr'>εσκληκδσιτοῖς</span> <span class='ocrx_word' id='word_1_556' title='bbox 2537 2961 2823 3032; x_wconf 72' lang='grc' dir='ltr'>βλεφάροις</span> <span class='ocrx_word' id='word_1_557' title='bbox 2847 2960 3519 3031; x_wconf 69' lang='grc' dir='ltr'>ἐγκοιλαινόμενοι,διρρῦς</span> <span class='ocrx_word' id='word_1_558' title='bbox 3535 2977 3665 3031; x_wconf 80' lang='grc' dir='ltr'>συμ-</span> 
     </span>
    </p>
   </div>
   <div class='ocr_carea' id='block_1_79' title="bbox 2103 3052 3665 3126">
    <p class='ocr_par' dir='ltr' id='par_1_79' title="bbox 2103 3052 3665 3126">
     <span class='ocr_line' id='line_1_79' title="bbox 2103 3052 3665 3126; baseline -0.001 -18"><span class='ocrx_word' id='word_1_559' title='bbox 2103 3058 2418 3109; x_wconf 80' lang='grc' dir='ltr'>πεπτωκυῖα</span> <span class='ocrx_word' id='word_1_560' title='bbox 2444 3094 2458 3117; x_wconf 84' lang='grc'><em>,</em></span> <span class='ocrx_word' id='word_1_561' title='bbox 2507 3055 2667 3107; x_wconf 79' lang='grc' dir='ltr'>ὀστέα</span> <span class='ocrx_word' id='word_1_562' title='bbox 2698 3052 2805 3106; x_wconf 82' lang='grc' dir='ltr'>τῶν</span> <span class='ocrx_word' id='word_1_563' title='bbox 2858 3053 3076 3126; x_wconf 80' lang='grc' dir='ltr'>σαρκὼν</span> <span class='ocrx_word' id='word_1_564' title='bbox 3114 3055 3169 3105; x_wconf 80' lang='grc' dir='ltr'><strong>ἐν</strong></span> <span class='ocrx_word' id='word_1_565' title='bbox 3204 3053 3355 3123; x_wconf 60' lang='lat' dir='ltr'><strong>tim?</strong></span> <span class='ocrx_word' id='word_1_566' title='bbox 3394 3053 3665 3123; x_wconf 62' lang='grc' dir='ltr'>διαφαινῦ-</span> 
     </span>
    </p>
   </div>
   <div class='ocr_carea' id='block_1_80' title="bbox 2105 3143 3665 3217">
    <p class='ocr_par' dir='ltr' id='par_1_80' title="bbox 2105 3143 3665 3217">
     <span class='ocr_line' id='line_1_80' title="bbox 2105 3143 3665 3217; baseline -0.003 -17"><span class='ocrx_word' id='word_1_567' title='bbox 2105 3165 2261 3217; x_wconf 86' lang='grc' dir='ltr'>μενα.</span> <span class='ocrx_word' id='word_1_568' title='bbox 2304 3147 2368 3199; x_wconf 86' lang='grc' dir='ltr'><strong><em>Ἢ</em></strong></span> <span class='ocrx_word' id='word_1_569' title='bbox 2403 3146 2457 3198; x_wconf 79' lang='grc' dir='ltr'><strong>δὲ</strong></span> <span class='ocrx_word' id='word_1_570' title='bbox 2492 3146 2638 3198; x_wconf 84' lang='grc' dir='ltr'>αἰτία</span> <span class='ocrx_word' id='word_1_571' title='bbox 2667 3145 2764 3215; x_wconf 76' lang='grc' dir='ltr'><strong>τῆς</strong></span> <span class='ocrx_word' id='word_1_572' title='bbox 2798 3144 2958 3209; x_wconf 73' lang='grc' dir='ltr'>νόσου</span> <span class='ocrx_word' id='word_1_573' title='bbox 2985 3145 3069 3207; x_wconf 87' lang='grc' dir='ltr'><strong>τίς</strong></span> <span class='ocrx_word' id='word_1_574' title='bbox 3097 3162 3111 3210; x_wconf 94' lang='grc'><strong>;</strong></span> <span class='ocrx_word' id='word_1_575' title='bbox 3144 3144 3215 3197; x_wconf 80' lang='grc' dir='ltr'>Τὸ</span> <span class='ocrx_word' id='word_1_576' title='bbox 3247 3146 3304 3196; x_wconf 89' lang='grc' dir='ltr'><strong>ἐν</strong></span> <span class='ocrx_word' id='word_1_577' title='bbox 3334 3143 3548 3215; x_wconf 66' lang='grc' dir='ltr'>ἀθυμία</span> <span class='ocrx_word' id='word_1_578' title='bbox 3579 3146 3665 3215; x_wconf 72' lang='grc' dir='ltr'><strong>ζῇν</strong></span> 
     </span>
    </p>
   </div>
   <div class='ocr_carea' id='block_1_81' title="bbox 2100 3230 3662 3305">
    <p class='ocr_par' dir='ltr' id='par_1_81' title="bbox 2100 3230 3662 3305">
     <span class='ocr_line' id='line_1_81' title="bbox 2100 3230 3662 3305; baseline -0.003 -19"><span class='ocrx_word' id='word_1_579' title='bbox 2100 3232 2348 3300; x_wconf 75' lang='grc' dir='ltr'>ἀδελφὸν,</span> <span class='ocrx_word' id='word_1_580' title='bbox 2371 3233 2404 3302; x_wconf 83' lang='grc' dir='ltr'><strong>ἢ</strong></span> <span class='ocrx_word' id='word_1_581' title='bbox 2433 3234 2647 3294; x_wconf 83' lang='grc' dir='ltr'>οἰκεῖον,</span> <span class='ocrx_word' id='word_1_582' title='bbox 2676 3231 2708 3300; x_wconf 86' lang='grc' dir='ltr'>ἢ</span> <span class='ocrx_word' id='word_1_583' title='bbox 2731 3231 3037 3305; x_wconf 71' lang='grc' dir='ltr'>γείτονα.Ὧ</span> <span class='ocrx_word' id='word_1_584' title='bbox 3062 3231 3259 3283; x_wconf 81' lang='grc' dir='ltr'>καινῶν</span> <span class='ocrx_word' id='word_1_585' title='bbox 3280 3230 3662 3299; x_wconf 77' lang='grc' dir='ltr'>ἀδικημάτωνῖ</span> 
     </span>
    </p>
   </div>
   <div class='ocr_carea' id='block_1_82' title="bbox 2103 3306 3666 3396">
    <p class='ocr_par' dir='ltr' id='par_1_82' title="bbox 2103 3314 3666 3396">
     <span class='ocr_line' id='line_1_82' title="bbox 2103 3314 3666 3396; baseline -0.006 -19"><span class='ocrx_word' id='word_1_586' title='bbox 2103 3325 2309 3396; x_wconf 76' lang='grc' dir='ltr'>Ἐγκλη</span> <span class='ocrx_word' id='word_1_587' title='bbox 2319 3342 2394 3395; x_wconf 87' lang='grc' dir='ltr'><strong>μα</strong></span> <span class='ocrx_word' id='word_1_588' title='bbox 2414 3317 2829 3388; x_wconf 70' lang='grc' dir='ltr'>ποιεῖσθαιτὸμὴ</span> <span class='ocrx_word' id='word_1_589' title='bbox 2843 3317 3121 3388; x_wconf 71' lang='grc' dir='ltr'>δυστυχεῖν</span> <span class='ocrx_word' id='word_1_590' title='bbox 3134 3314 3434 3378; x_wconf 61' lang='grc' dir='ltr'>ἒκεῖνσνρῦ</span> <span class='ocrx_word' id='word_1_591' title='bbox 3455 3323 3578 3383; x_wconf 78' lang='grc' dir='ltr'>ταῖς</span> <span class='ocrx_word' id='word_1_592' title='bbox 3600 3321 3666 3371; x_wconf 70' lang='grc' dir='ltr'><strong>εύ-</strong></span> 
     </span>
    </p>
   </div>
   <div class='ocr_carea' id='block_1_83' title="bbox 2098 3404 3663 3488">
    <p class='ocr_par' dir='ltr' id='par_1_83' title="bbox 2098 3404 3663 3488">
     <span class='ocr_line' id='line_1_83' title="bbox 2098 3404 3663 3488; baseline -0.004 -19"><span class='ocrx_word' id='word_1_593' title='bbox 2098 3416 2358 3488; x_wconf 83' lang='grc' dir='ltr'>πραγίαις</span> <span class='ocrx_word' id='word_1_594' title='bbox 2381 3413 2684 3482; x_wconf 83' lang='grc' dir='ltr'>ἁλγύνεται’</span> <span class='ocrx_word' id='word_1_595' title='bbox 2710 3412 2809 3465; x_wconf 81' lang='grc' dir='ltr'><strong>οὐκ</strong></span> <span class='ocrx_word' id='word_1_596' title='bbox 2829 3411 2889 3476; x_wconf 77' lang='grc' dir='ltr'>ἐξ</span> <span class='ocrx_word' id='word_1_597' title='bbox 2911 3404 2984 3463; x_wconf 76' lang='grc' dir='ltr'>ὧν</span> <span class='ocrx_word' id='word_1_598' title='bbox 3013 3409 3171 3471; x_wconf 73' lang='grc' dir='ltr'>αύτύς</span> <span class='ocrx_word' id='word_1_599' title='bbox 3196 3426 3247 3461; x_wconf 81' lang='grc' dir='ltr'><strong>τι</strong></span> <span class='ocrx_word' id='word_1_600' title='bbox 3280 3409 3530 3463; x_wconf 84' lang='grc' dir='ltr'>πέπονθε</span> <span class='ocrx_word' id='word_1_601' title='bbox 3547 3410 3663 3479; x_wconf 77' lang='grc' dir='ltr'>παρ’</span> 
     </span>
    </p>
   </div>
   <div class='ocr_carea' id='block_1_84' title="bbox 2099 3492 3663 3575">
    <p class='ocr_par' dir='ltr' id='par_1_84' title="bbox 2099 3492 3663 3575">
     <span class='ocr_line' id='line_1_84' title="bbox 2099 3492 3663 3575; baseline -0.008 -14"><span class='ocrx_word' id='word_1_602' title='bbox 2099 3506 2261 3561; x_wconf 79' lang='grc' dir='ltr'>αὐτοῦ</span> <span class='ocrx_word' id='word_1_603' title='bbox 2298 3505 2464 3559; x_wconf 73' lang='grc' dir='ltr'>κακὸν</span> <span class='ocrx_word' id='word_1_604' title='bbox 2492 3505 2590 3575; x_wconf 77' lang='grc' dir='ltr'>τὴν</span> <span class='ocrx_word' id='word_1_605' title='bbox 2621 3502 2834 3557; x_wconf 82' lang='grc' dir='ltr'>ἀδικίαν</span> <span class='ocrx_word' id='word_1_606' title='bbox 2870 3501 3091 3572; x_wconf 87' lang='grc' dir='ltr'>κρίνων,</span> <span class='ocrx_word' id='word_1_607' title='bbox 3125 3498 3236 3552; x_wconf 85' lang='grc' dir='ltr'>ἀλλ’</span> <span class='ocrx_word' id='word_1_608' title='bbox 3266 3498 3329 3564; x_wconf 85' lang='grc' dir='ltr'><strong>ἐξ</strong></span> <span class='ocrx_word' id='word_1_609' title='bbox 3357 3492 3436 3551; x_wconf 80' lang='grc' dir='ltr'>ὧν</span> <span class='ocrx_word' id='word_1_610' title='bbox 3472 3500 3663 3561; x_wconf 78' lang='grc' dir='ltr'>ἐκεῖνος</span> 
     </span>
    </p>
   </div>
   <div class='ocr_carea' id='block_1_85' title="bbox 2097 3590 3663 3663">
    <p class='ocr_par' dir='ltr' id='par_1_85' title="bbox 2097 3590 3663 3663">
     <span class='ocr_line' id='line_1_85' title="bbox 2097 3590 3663 3663; baseline -0.006 -13"><span class='ocrx_word' id='word_1_611' title='bbox 2097 3597 2295 3651; x_wconf 80' lang='grc' dir='ltr'>ἀδικῶν</span> <span class='ocrx_word' id='word_1_612' title='bbox 2316 3596 2487 3659; x_wconf 59' lang='grc' dir='ltr'>ούδένη</span> <span class='ocrx_word' id='word_1_613' title='bbox 2519 3596 2576 3647; x_wconf 86' lang='grc' dir='ltr'><strong>ἐν</strong></span> <span class='ocrx_word' id='word_1_614' title='bbox 2600 3597 2710 3657; x_wconf 85' lang='grc' dir='ltr'>τοῖς</span> <span class='ocrx_word' id='word_1_615' title='bbox 2732 3591 3089 3663; x_wconf 78' lang='grc' dir='ltr'>καταθνμίοις</span> <span class='ocrx_word' id='word_1_616' title='bbox 3111 3590 3245 3643; x_wconf 89' lang='grc' dir='ltr'>ἐστί.</span> <span class='ocrx_word' id='word_1_617' title='bbox 3275 3590 3343 3642; x_wconf 85' lang='grc' dir='ltr'>Τί</span> <span class='ocrx_word' id='word_1_618' title='bbox 3372 3590 3663 3650; x_wconf 77' lang='grc' dir='ltr'>πέπονθας,</span> 
     </span>
    </p>
   </div>
   <div class='ocr_carea' id='block_1_86' title="bbox 2096 3680 3665 3756">
    <p class='ocr_par' dir='ltr' id='par_1_86' title="bbox 2096 3680 3665 3756">
     <span class='ocr_line' id='line_1_86' title="bbox 2096 3680 3665 3756; baseline -0.006 -15"><span class='ocrx_word' id='word_1_619' title='bbox 2096 3682 2141 3741; x_wconf 79' lang='grc' dir='ltr'>ὦ</span> <span class='ocrx_word' id='word_1_620' title='bbox 2174 3685 2370 3742; x_wconf 82' lang='grc' dir='ltr'>δείλαιε</span> <span class='ocrx_word' id='word_1_621' title='bbox 2397 3703 2412 3748; x_wconf 91' lang='lat'><strong>;</strong></span> <span class='ocrx_word' id='word_1_622' title='bbox 2449 3685 2582 3756; x_wconf 68' lang='grc' dir='ltr'>πρὸς</span> <span class='ocrx_word' id='word_1_623' title='bbox 2619 3684 2780 3738; x_wconf 81' lang='grc' dir='ltr'>αὑτὸν</span> <span class='ocrx_word' id='word_1_624' title='bbox 2813 3682 3021 3752; x_wconf 77' lang='grc' dir='ltr'>εἴποιμι</span> <span class='ocrx_word' id='word_1_625' title='bbox 3054 3682 3116 3735; x_wconf 80' lang='grc' dir='ltr'>ἄν</span> <span class='ocrx_word' id='word_1_626' title='bbox 3142 3696 3154 3709; x_wconf 73' lang='grc' dir='ltr'><strong><em>ο</em></strong></span> <span class='ocrx_word' id='word_1_627' title='bbox 3188 3681 3311 3733; x_wconf 74' lang='grc' dir='ltr'>ἀντὶ</span> <span class='ocrx_word' id='word_1_628' title='bbox 3339 3680 3495 3743; x_wconf 85' lang='grc' dir='ltr'>τίνος</span> <span class='ocrx_word' id='word_1_629' title='bbox 3526 3681 3665 3733; x_wconf 74' lang='grc' dir='ltr'>ἐκτέ-</span> 
     </span>
    </p>
   </div>
   <div class='ocr_carea' id='block_1_87' title="bbox 2094 3771 3666 3848">
    <p class='ocr_par' dir='ltr' id='par_1_87' title="bbox 2094 3771 3666 3848">
     <span class='ocr_line' id='line_1_87' title="bbox 2094 3771 3666 3848; baseline -0.006 -17"><span class='ocrx_word' id='word_1_630' title='bbox 2094 3794 2268 3848; x_wconf 78' lang='grc' dir='ltr'>τηκας</span> <span class='ocrx_word' id='word_1_631' title='bbox 2291 3818 2306 3841; x_wconf 85' lang='grc'><em>,</em></span> <span class='ocrx_word' id='word_1_632' title='bbox 2352 3776 2533 3847; x_wconf 82' lang='grc' dir='ltr'>πικρῷ</span> <span class='ocrx_word' id='word_1_633' title='bbox 2559 3775 2633 3846; x_wconf 75' lang='grc' dir='ltr'>τῷ</span> <span class='ocrx_word' id='word_1_634' title='bbox 2673 3773 2934 3845; x_wconf 71' lang='grc' dir='ltr'>ὀφθαλμῷ</span> <span class='ocrx_word' id='word_1_635' title='bbox 2966 3774 3065 3837; x_wconf 68' lang='grc' dir='ltr'><strong>τὰς</strong></span> <span class='ocrx_word' id='word_1_636' title='bbox 3097 3771 3405 3841; x_wconf 70' lang='grc' dir='ltr'>εὐπραγίας</span> <span class='ocrx_word' id='word_1_637' title='bbox 3454 3772 3666 3825; x_wconf 73' lang='grc' dir='ltr'>ὑποϐλέ-</span> 
     </span>
    </p>
   </div>
   <div class='ocr_carea' id='block_1_88' title="bbox 2096 3862 3665 3936">
    <p class='ocr_par' dir='ltr' id='par_1_88' title="bbox 2096 3862 3665 3936">
     <span class='ocr_line' id='line_1_88' title="bbox 2096 3862 3665 3936; baseline -0.004 -15"><span class='ocrx_word' id='word_1_638' title='bbox 2096 3886 2212 3921; x_wconf 89' lang='grc' dir='ltr'>πων</span> <span class='ocrx_word' id='word_1_639' title='bbox 2242 3867 2333 3922; x_wconf 79' lang='grc' dir='ltr'>τοῦ</span> <span class='ocrx_word' id='word_1_640' title='bbox 2380 3868 2644 3936; x_wconf 85' lang='grc' dir='ltr'>γείτονο;;</span> <span class='ocrx_word' id='word_1_641' title='bbox 2693 3867 2757 3919; x_wconf 90' lang='grc' dir='ltr'>Τί</span> <span class='ocrx_word' id='word_1_642' title='bbox 2786 3865 3037 3934; x_wconf 73' lang='grc' dir='ltr'>ἐγκαλεῖν</span> <span class='ocrx_word' id='word_1_643' title='bbox 3069 3864 3245 3934; x_wconf 81' lang='grc' dir='ltr'>ἔχεις;</span> <span class='ocrx_word' id='word_1_644' title='bbox 3282 3864 3347 3917; x_wconf 82' lang='lat' dir='ltr'><strong>Et</strong></span> <span class='ocrx_word' id='word_1_645' title='bbox 3391 3862 3665 3933; x_wconf 72' lang='grc' dir='ltr'>εὐπρεπὴς</span> 
     </span>
    </p>
   </div>
   <div class='ocr_carea' id='block_1_89' title="bbox 2095 3955 3663 4030">
    <p class='ocr_par' dir='ltr' id='par_1_89' title="bbox 2095 3955 3663 4030">
     <span class='ocr_line' id='line_1_89' title="bbox 2095 3955 3663 4030; baseline 0.002 -25"><span class='ocrx_word' id='word_1_646' title='bbox 2095 3961 2299 4023; x_wconf 72' lang='grc' dir='ltr'>ἐκεῖνος</span> <span class='ocrx_word' id='word_1_647' title='bbox 2351 3958 2430 4030; x_wconf 83' lang='grc' dir='ltr'>τῷ</span> <span class='ocrx_word' id='word_1_648' title='bbox 2472 3957 2721 4029; x_wconf 72' lang='grc' dir='ltr'>σῶμα-τις</span> <span class='ocrx_word' id='word_1_649' title='bbox 2771 3959 2833 4011; x_wconf 84' lang='grc' dir='ltr'>Εἰ</span> <span class='ocrx_word' id='word_1_650' title='bbox 2882 3957 3023 4028; x_wconf 73' lang='grc' dir='ltr'>λόγῳ</span> <span class='ocrx_word' id='word_1_651' title='bbox 3069 3957 3447 4025; x_wconf 81' lang='grc' dir='ltr'>κεκόσμηταις</span> <span class='ocrx_word' id='word_1_652' title='bbox 3506 3955 3568 4009; x_wconf 76' lang='lat' dir='ltr'><strong>Ei</strong></span> <span class='ocrx_word' id='word_1_653' title='bbox 3598 3955 3663 4022; x_wconf 68' lang='grc' dir='ltr'>τῷ</span> 
     </span>
    </p>
   </div>
   <div class='ocr_carea' id='block_1_90' title="bbox 2093 4048 3659 4120">
    <p class='ocr_par' dir='ltr' id='par_1_90' title="bbox 2093 4048 3659 4120">
     <span class='ocr_line' id='line_1_90' title="bbox 2093 4048 3659 4120; baseline -0.001 -18"><span class='ocrx_word' id='word_1_654' title='bbox 2093 4050 2238 4118; x_wconf 81' lang='grc' dir='ltr'>γένει</span> <span class='ocrx_word' id='word_1_655' title='bbox 2263 4050 2323 4103; x_wconf 82' lang='grc' dir='ltr'><strong>τὸ</strong></span> <span class='ocrx_word' id='word_1_656' title='bbox 2352 4050 2509 4104; x_wconf 80' lang='grc' dir='ltr'>πλέον</span> <span class='ocrx_word' id='word_1_657' title='bbox 2537 4049 2678 4120; x_wconf 80' lang='grc' dir='ltr'>ἔχεις</span> <span class='ocrx_word' id='word_1_658' title='bbox 2712 4048 2776 4102; x_wconf 70' lang='lat' dir='ltr'><strong>Ei</strong></span> <span class='ocrx_word' id='word_1_659' title='bbox 2802 4066 2946 4112; x_wconf 81' lang='grc' dir='ltr'>τινος</span> <span class='ocrx_word' id='word_1_660' title='bbox 2971 4048 3145 4120; x_wconf 71' lang='grc' dir='ltr'>ἀρχῆς</span> <span class='ocrx_word' id='word_1_661' title='bbox 3177 4048 3374 4110; x_wconf 71' lang='grc' dir='ltr'>ἐπιϐὰς</span> <span class='ocrx_word' id='word_1_662' title='bbox 3419 4049 3659 4120; x_wconf 62' lang='grc' dir='ltr'>λαμπρὸς</span> 
     </span>
    </p>
   </div>
   <div class='ocr_carea' id='block_1_91' title="bbox 2095 4139 3661 4213">
    <p class='ocr_par' dir='ltr' id='par_1_91' title="bbox 2095 4139 3661 4213">
     <span class='ocr_line' id='line_1_91' title="bbox 2095 4139 3661 4213; baseline -0.001 -19"><span class='ocrx_word' id='word_1_663' title='bbox 2095 4141 2188 4194; x_wconf 71' lang='grc' dir='ltr'>ἐπὶ</span> <span class='ocrx_word' id='word_1_664' title='bbox 2221 4144 2318 4212; x_wconf 76' lang='grc' dir='ltr'><strong>τῆς</strong></span> <span class='ocrx_word' id='word_1_665' title='bbox 2358 4141 2513 4206; x_wconf 81' lang='grc' dir='ltr'>ἀξίας</span> <span class='ocrx_word' id='word_1_666' title='bbox 2559 4143 2794 4213; x_wconf 76' lang='grc' dir='ltr'>ὁρᾶταις</span> <span class='ocrx_word' id='word_1_667' title='bbox 2832 4140 2893 4193; x_wconf 76' lang='grc' dir='ltr'><strong>ΕΞ</strong></span> <span class='ocrx_word' id='word_1_668' title='bbox 2941 4140 3236 4210; x_wconf 74' lang='grc' dir='ltr'>χρημάτων</span> <span class='ocrx_word' id='word_1_669' title='bbox 3268 4139 3426 4209; x_wconf 82' lang='grc' dir='ltr'>αύτῷ</span> <span class='ocrx_word' id='word_1_670' title='bbox 3468 4158 3555 4205; x_wconf 65' lang='grc' dir='ltr'><strong>τις</strong></span> <span class='ocrx_word' id='word_1_671' title='bbox 3588 4141 3661 4193; x_wconf 79' lang='grc' dir='ltr'><strong>εύ-</strong></span> 
     </span>
    </p>
   </div>
   <div class='ocr_carea' id='block_1_92' title="bbox 2096 4230 3659 4305">
    <p class='ocr_par' dir='ltr' id='par_1_92' title="bbox 2096 4230 3659 4305">
     <span class='ocr_line' id='line_1_92' title="bbox 2096 4230 3659 4305; baseline -0.001 -21"><span class='ocrx_word' id='word_1_672' title='bbox 2096 4233 2261 4305; x_wconf 87' lang='grc' dir='ltr'>πορία</span> <span class='ocrx_word' id='word_1_673' title='bbox 2286 4234 2643 4304; x_wconf 78' lang='grc' dir='ltr'>προσγέγονεν</span> <span class='ocrx_word' id='word_1_674' title='bbox 2668 4251 2682 4298; x_wconf 91' lang='lat'><strong>;</strong></span> <span class='ocrx_word' id='word_1_675' title='bbox 2709 4233 2768 4285; x_wconf 86' lang='grc' dir='ltr'>Εἰ</span> <span class='ocrx_word' id='word_1_676' title='bbox 2791 4232 2983 4303; x_wconf 77' lang='grc' dir='ltr'>σεμνὸς</span> <span class='ocrx_word' id='word_1_677' title='bbox 3010 4233 3067 4284; x_wconf 83' lang='grc' dir='ltr'><strong>ἐν</strong></span> <span class='ocrx_word' id='word_1_678' title='bbox 3092 4231 3270 4298; x_wconf 72' lang='grc' dir='ltr'>λόγοις</span> <span class='ocrx_word' id='word_1_679' title='bbox 3299 4230 3391 4283; x_wconf 77' lang='grc' dir='ltr'>διὰ</span> <span class='ocrx_word' id='word_1_680' title='bbox 3414 4233 3520 4304; x_wconf 71' lang='grc' dir='ltr'><strong>τὴν</strong></span> <span class='ocrx_word' id='word_1_681' title='bbox 3550 4230 3659 4300; x_wconf 61' lang='grc' dir='ltr'>ιρρὸ-</span> 
     </span>
    </p>
   </div>
   <div class='ocr_carea' id='block_1_93' title="bbox 418 4322 1877 4397">
    <p class='ocr_par' dir='ltr' id='par_1_93' title="bbox 418 4323 1865 4396">
     <span class='ocr_line' id='line_1_93' title="bbox 418 4323 1865 4396; baseline 0.003 -20"><span class='ocrx_word' id='word_1_682' title='bbox 418 4338 551 4392; x_wconf 88' lang='lat' dir='ltr'><strong>pore</strong></span> <span class='ocrx_word' id='word_1_683' title='bbox 578 4323 812 4378; x_wconf 90' lang='lat' dir='ltr'><strong>decorus</strong></span> <span class='ocrx_word' id='word_1_684' title='bbox 833 4364 847 4389; x_wconf 95' lang='lat'><strong>,</strong></span> <span class='ocrx_word' id='word_1_685' title='bbox 883 4324 927 4378; x_wconf 92' lang='lat' dir='ltr'><strong>si</strong></span> <span class='ocrx_word' id='word_1_686' title='bbox 955 4324 1265 4393; x_wconf 78' lang='lat' dir='ltr'><strong>eloquentia</strong></span> <span class='ocrx_word' id='word_1_687' title='bbox 1291 4332 1519 4381; x_wconf 83' lang='lat' dir='ltr'><strong>ornatus</strong></span> <span class='ocrx_word' id='word_1_688' title='bbox 1549 4365 1563 4389; x_wconf 92' lang='lat'><strong>,</strong></span> <span class='ocrx_word' id='word_1_689' title='bbox 1596 4327 1639 4381; x_wconf 89' lang='lat' dir='ltr'><strong>si</strong></span> <span class='ocrx_word' id='word_1_690' title='bbox 1669 4341 1865 4396; x_wconf 82' lang='lat' dir='ltr'><strong>genere</strong></span> 
     </span>
    </p>
   </div>
   <div class='ocr_carea' id='block_1_94' title="bbox 2199 4322 3658 4397">
    <p class='ocr_par' dir='ltr' id='par_1_94' title="bbox 2200 4322 3658 4395">
     <span class='ocr_line' id='line_1_94' title="bbox 2200 4322 3658 4395; baseline -0.001 -19"><span class='ocrx_word' id='word_1_691' title='bbox 2200 4342 2285 4391; x_wconf 81' lang='lat' dir='ltr'><strong>tv;</strong></span> <span class='ocrx_word' id='word_1_692' title='bbox 2329 4323 2391 4377; x_wconf 79' lang='lat' dir='ltr'><strong>Ei</strong></span> <span class='ocrx_word' id='word_1_693' title='bbox 2440 4324 2792 4395; x_wconf 79' lang='grc' dir='ltr'>περίϐλεπτος</span> <span class='ocrx_word' id='word_1_694' title='bbox 2833 4326 2945 4387; x_wconf 86' lang='grc' dir='ltr'>τοῖς</span> <span class='ocrx_word' id='word_1_695' title='bbox 2988 4323 3200 4384; x_wconf 80' lang='grc' dir='ltr'>πολλοῖς</span> <span class='ocrx_word' id='word_1_696' title='bbox 3248 4322 3308 4388; x_wconf 81' lang='grc' dir='ltr'>ἐξ</span> <span class='ocrx_word' id='word_1_697' title='bbox 3350 4324 3658 4394; x_wconf 75' lang='grc' dir='ltr'>εὐεργεσίας</span> 
     </span>
    </p>
   </div>
   <div class='ocr_carea' id='block_1_95' title="bbox 415 4416 1983 4487">
    <p class='ocr_par' dir='ltr' id='par_1_95' title="bbox 415 4416 1983 4487">
     <span class='ocr_line' id='line_1_95' title="bbox 415 4416 1983 4487; baseline 0.002 -17"><span class='ocrx_word' id='word_1_698' title='bbox 415 4417 597 4485; x_wconf 86' lang='lat' dir='ltr'><strong>perior</strong></span> <span class='ocrx_word' id='word_1_699' title='bbox 623 4424 706 4470; x_wconf 87' lang='lat' dir='ltr'><strong>est</strong></span> <span class='ocrx_word' id='word_1_700' title='bbox 725 4457 739 4479; x_wconf 97' lang='lat'><strong>,</strong></span> <span class='ocrx_word' id='word_1_701' title='bbox 769 4417 816 4471; x_wconf 92' lang='lat' dir='ltr'><strong>si</strong></span> <span class='ocrx_word' id='word_1_702' title='bbox 845 4417 1029 4486; x_wconf 86' lang='lat' dir='ltr'><strong>aliquo</strong></span> <span class='ocrx_word' id='word_1_703' title='bbox 1058 4417 1375 4487; x_wconf 81' lang='lat' dir='ltr'><strong>magistratu</strong></span> <span class='ocrx_word' id='word_1_704' title='bbox 1408 4417 1543 4471; x_wconf 91' lang='lat' dir='ltr'><strong>inito</strong></span> <span class='ocrx_word' id='word_1_705' title='bbox 1571 4416 1889 4487; x_wconf 87' lang='lat' dir='ltr'><strong>splendidus</strong></span> <span class='ocrx_word' id='word_1_706' title='bbox 1919 4434 1983 4473; x_wconf 87' lang='lat' dir='ltr'><strong>ac</strong></span> 
     </span>
    </p>
   </div>
   <div class='ocr_carea' id='block_1_96' title="bbox 415 4504 1985 4578">
    <p class='ocr_par' dir='ltr' id='par_1_96' title="bbox 415 4504 1985 4578">
     <span class='ocr_line' id='line_1_96' title="bbox 415 4504 1985 4578; baseline 0.003 -21"><span class='ocrx_word' id='word_1_707' title='bbox 415 4504 738 4573; x_wconf 78' lang='lat' dir='ltr'><strong>magnificus</strong></span> <span class='ocrx_word' id='word_1_708' title='bbox 768 4505 821 4559; x_wconf 82' lang='lat' dir='ltr'><strong>in</strong></span> <span class='ocrx_word' id='word_1_709' title='bbox 853 4506 1117 4577; x_wconf 84' lang='lat' dir='ltr'><strong>dignitate</strong></span> <span class='ocrx_word' id='word_1_710' title='bbox 1144 4508 1499 4576; x_wconf 81' lang='lat' dir='ltr'><strong>conspicitur,</strong></span> <span class='ocrx_word' id='word_1_711' title='bbox 1536 4509 1578 4563; x_wconf 90' lang='lat' dir='ltr'><strong>si</strong></span> <span class='ocrx_word' id='word_1_712' title='bbox 1613 4509 1789 4578; x_wconf 90' lang='lat' dir='ltr'><strong>aliqua</strong></span> <span class='ocrx_word' id='word_1_713' title='bbox 1823 4523 1985 4577; x_wconf 85' lang='lat' dir='ltr'><strong>pecu-</strong></span> 
     </span>
    </p>
   </div>
   <div class='ocr_carea' id='block_1_97' title="bbox 344 4595 1980 4670">
    <p class='ocr_par' dir='ltr' id='par_1_97' title="bbox 344 4595 1980 4670">
     <span class='ocr_line' id='line_1_97' title="bbox 344 4595 1980 4670; baseline 0.003 -23"><span class='ocrx_word' id='word_1_714' title='bbox 344 4641 362 4657; x_wconf 87' lang='lat'><strong>,</strong></span> <span class='ocrx_word' id='word_1_715' title='bbox 417 4595 631 4649; x_wconf 84' lang='lat' dir='ltr'><strong>uiarum</strong></span> <span class='ocrx_word' id='word_1_716' title='bbox 687 4596 735 4648; x_wconf 87' lang='lat' dir='ltr'><strong>ei</strong></span> <span class='ocrx_word' id='word_1_717' title='bbox 785 4598 943 4668; x_wconf 85' lang='lat' dir='ltr'><strong>copia</strong></span> <span class='ocrx_word' id='word_1_718' title='bbox 995 4600 1259 4663; x_wconf 81' lang='lat' dir='ltr'><strong>accessit,</strong></span> <span class='ocrx_word' id='word_1_719' title='bbox 1305 4600 1349 4654; x_wconf 89' lang='lat' dir='ltr'><strong>si</strong></span> <span class='ocrx_word' id='word_1_720' title='bbox 1388 4609 1605 4670; x_wconf 90' lang='lat' dir='ltr'><strong>propter</strong></span> <span class='ocrx_word' id='word_1_721' title='bbox 1640 4600 1980 4670; x_wconf 84' lang='lat' dir='ltr'><strong>prudentiam</strong></span> 
     </span>
    </p>
   </div>
   <div class='ocr_carea' id='block_1_98' title="bbox 416 4685 1982 4759">
    <p class='ocr_par' dir='ltr' id='par_1_98' title="bbox 416 4685 1982 4759">
     <span class='ocr_line' id='line_1_98' title="bbox 416 4685 1982 4759; baseline 0.002 -20"><span class='ocrx_word' id='word_1_722' title='bbox 416 4685 470 4739; x_wconf 85' lang='lat' dir='ltr'><strong>in</strong></span> <span class='ocrx_word' id='word_1_723' title='bbox 504 4686 682 4741; x_wconf 87' lang='lat' dir='ltr'><strong>verbis</strong></span> <span class='ocrx_word' id='word_1_724' title='bbox 717 4686 838 4754; x_wconf 90' lang='lat' dir='ltr'><strong>ejus</strong></span> <span class='ocrx_word' id='word_1_725' title='bbox 869 4688 1165 4743; x_wconf 88' lang='lat' dir='ltr'><strong>auctoritas</strong></span> <span class='ocrx_word' id='word_1_726' title='bbox 1199 4690 1381 4753; x_wconf 88' lang='lat' dir='ltr'><strong>inest,</strong></span> <span class='ocrx_word' id='word_1_727' title='bbox 1426 4690 1471 4743; x_wconf 91' lang='lat' dir='ltr'><strong>si</strong></span> <span class='ocrx_word' id='word_1_728' title='bbox 1519 4697 1742 4759; x_wconf 84' lang='lat' dir='ltr'><strong>prepter</strong></span> <span class='ocrx_word' id='word_1_729' title='bbox 1784 4689 1982 4745; x_wconf 84' lang='lat' dir='ltr'><strong>beneﬁ-</strong></span> 
     </span>
    </p>
   </div>
   <div class='ocr_carea' id='block_1_99' title="bbox 368 4777 2012 4844">
    <p class='ocr_par' dir='ltr' id='par_1_99' title="bbox 368 4777 2012 4844">
     <span class='ocr_line' id='line_1_99' title="bbox 368 4777 2012 4844; baseline 0.004 -14"><span class='ocrx_word' id='word_1_730' title='bbox 368 4832 372 4837; x_wconf 33' lang='grc' dir='ltr'><strong>λ</strong></span> <span class='ocrx_word' id='word_1_731' title='bbox 413 4777 557 4831; x_wconf 91' lang='lat' dir='ltr'><strong>cium</strong></span> <span class='ocrx_word' id='word_1_732' title='bbox 589 4793 619 4832; x_wconf 88' lang='lat' dir='ltr'><strong>a</strong></span> <span class='ocrx_word' id='word_1_733' title='bbox 651 4779 998 4840; x_wconf 86' lang='lat' dir='ltr'><strong>multitudine</strong></span> <span class='ocrx_word' id='word_1_734' title='bbox 1027 4781 1369 4844; x_wconf 85' lang='lat' dir='ltr'><strong>observatur,</strong></span> <span class='ocrx_word' id='word_1_735' title='bbox 1421 4782 1468 4837; x_wconf 90' lang='lat' dir='ltr'><strong>si</strong></span> <span class='ocrx_word' id='word_1_736' title='bbox 1515 4782 1585 4835; x_wconf 89' lang='lat' dir='ltr'><strong>ob</strong></span> <span class='ocrx_word' id='word_1_737' title='bbox 1634 4783 1836 4837; x_wconf 88' lang='lat' dir='ltr'><strong>liberos</strong></span> <span class='ocrx_word' id='word_1_738' title='bbox 1878 4782 2012 4836; x_wconf 70' lang='lat' dir='ltr'><strong>sibi‘</strong></span> 
     </span>
    </p>
   </div>
   <div class='ocr_carea' id='block_1_100' title="bbox 413 4869 1985 4944">
    <p class='ocr_par' dir='ltr' id='par_1_100' title="bbox 413 4869 1985 4944">
     <span class='ocr_line' id='line_1_100' title="bbox 413 4869 1985 4944; baseline 0.004 -22"><span class='ocrx_word' id='word_1_739' title='bbox 413 4869 622 4940; x_wconf 87' lang='lat' dir='ltr'><strong>placet,</strong></span> <span class='ocrx_word' id='word_1_740' title='bbox 657 4870 705 4925; x_wconf 91' lang='lat' dir='ltr'><strong>si</strong></span> <span class='ocrx_word' id='word_1_741' title='bbox 740 4887 909 4927; x_wconf 78' lang='lat' dir='ltr'><strong>uxore</strong></span> <span class='ocrx_word' id='word_1_742' title='bbox 935 4872 1257 4937; x_wconf 88' lang='lat' dir='ltr'><strong>delectatur,</strong></span> <span class='ocrx_word' id='word_1_743' title='bbox 1307 4873 1353 4928; x_wconf 91' lang='lat' dir='ltr'><strong>si</strong></span> <span class='ocrx_word' id='word_1_744' title='bbox 1399 4890 1466 4927; x_wconf 74' lang='lat' dir='ltr'><strong>ex</strong></span> <span class='ocrx_word' id='word_1_745' title='bbox 1508 4873 1778 4928; x_wconf 86' lang='lat' dir='ltr'><strong>reditibus</strong></span> <span class='ocrx_word' id='word_1_746' title='bbox 1820 4883 1985 4944; x_wconf 87' lang='lat' dir='ltr'><strong>atque</strong></span> 
     </span>
    </p>
   </div>
   <div class='ocr_carea' id='block_1_101' title="bbox 415 4961 1987 5034">
    <p class='ocr_par' dir='ltr' id='par_1_101' title="bbox 415 4961 1987 5034">
     <span class='ocr_line' id='line_1_101' title="bbox 415 4961 1987 5034; baseline 0.003 -21"><span class='ocrx_word' id='word_1_747' title='bbox 415 4961 768 5031; x_wconf 83' lang='lat' dir='ltr'><strong>proventibus</strong></span> <span class='ocrx_word' id='word_1_748' title='bbox 798 4962 993 5017; x_wconf 91' lang='lat' dir='ltr'><strong>domus</strong></span> <span class='ocrx_word' id='word_1_749' title='bbox 1045 4963 1327 5032; x_wconf 87' lang='lat' dir='ltr'><strong>splendide</strong></span> <span class='ocrx_word' id='word_1_750' title='bbox 1370 4970 1537 5034; x_wconf 87' lang='lat' dir='ltr'><strong>atque</strong></span> <span class='ocrx_word' id='word_1_751' title='bbox 1568 4965 1855 5034; x_wconf 71' lang='lat' dir='ltr'><strong>magnifice</strong></span> <span class='ocrx_word' id='word_1_752' title='bbox 1904 4965 1987 5018; x_wconf 89' lang='lat' dir='ltr'><strong>vi-</strong></span> 
     </span>
    </p>
   </div>
   <div class='ocr_carea' id='block_1_102' title="bbox 412 5040 1984 5125">
    <p class='ocr_par' dir='ltr' id='par_1_102' title="bbox 412 5040 1984 5125">
     <span class='ocr_line' id='line_1_102' title="bbox 412 5040 1984 5125; baseline 0.003 -19"><span class='ocrx_word' id='word_1_753' title='bbox 412 5053 591 5108; x_wconf 87' lang='lat' dir='ltr'><strong>vendo</strong></span> <span class='ocrx_word' id='word_1_754' title='bbox 622 5055 914 5119; x_wconf 85' lang='lat' dir='ltr'><strong>clarescit,</strong></span> <span class='ocrx_word' id='word_1_755' title='bbox 966 5070 1063 5109; x_wconf 85' lang='lat' dir='ltr'><strong>cur</strong></span> <span class='ocrx_word' id='word_1_756' title='bbox 1113 5055 1227 5109; x_wconf 74' lang='lat' dir='ltr'><strong>haec</strong></span> <span class='ocrx_word' id='word_1_757' title='bbox 1273 5055 1369 5109; x_wconf 91' lang='lat' dir='ltr'><strong>tibi</strong></span> <span class='ocrx_word' id='word_1_758' title='bbox 1420 5064 1678 5125; x_wconf 84' lang='lat' dir='ltr'><strong>tanquam</strong></span> <span class='ocrx_word' id='word_1_759' title='bbox 1730 5040 1984 5125; x_wconf 88' lang='lat' dir='ltr'><strong>cuspides</strong></span> 
     </span>
    </p>
   </div>
   <div class='ocr_carea' id='block_1_103' title="bbox 413 5138 1982 5217">
    <p class='ocr_par' dir='ltr' id='par_1_103' title="bbox 413 5138 1982 5217">
     <span class='ocr_line' id='line_1_103' title="bbox 413 5138 1982 5217; baseline 0.002 -20"><span class='ocrx_word' id='word_1_760' title='bbox 413 5144 649 5198; x_wconf 86' lang='lat' dir='ltr'><strong>telorum</strong></span> <span class='ocrx_word' id='word_1_761' title='bbox 681 5145 735 5199; x_wconf 94' lang='lat' dir='ltr'><strong>in</strong></span> <span class='ocrx_word' id='word_1_762' title='bbox 776 5160 872 5200; x_wconf 88' lang='lat' dir='ltr'><strong>cor</strong></span> <span class='ocrx_word' id='word_1_763' title='bbox 903 5146 1149 5200; x_wconf 87' lang='lat' dir='ltr'><strong>incidunt</strong></span> <span class='ocrx_word' id='word_1_764' title='bbox 1177 5164 1191 5213; x_wconf 94' lang='lat'><strong>;</strong></span> <span class='ocrx_word' id='word_1_765' title='bbox 1226 5138 1532 5216; x_wconf 80' lang='lat' dir='ltr'><strong>complodis</strong></span> <span class='ocrx_word' id='word_1_766' title='bbox 1568 5148 1776 5216; x_wconf 85' lang='lat' dir='ltr'><strong>palmas</strong></span> <span class='ocrx_word' id='word_1_767' title='bbox 1798 5186 1810 5210; x_wconf 93' lang='lat'><strong>,</strong></span> <span class='ocrx_word' id='word_1_768' title='bbox 1842 5147 1982 5217; x_wconf 82' lang='lat' dir='ltr'><strong>digi-</strong></span> 
     </span>
    </p>
   </div>
   <div class='ocr_carea' id='block_1_104' title="bbox 414 5237 1982 5308">
    <p class='ocr_par' dir='ltr' id='par_1_104' title="bbox 414 5237 1982 5308">
     <span class='ocr_line' id='line_1_104' title="bbox 414 5237 1982 5308; baseline 0.003 -17"><span class='ocrx_word' id='word_1_769' title='bbox 414 5245 498 5291; x_wconf 89' lang='lat' dir='ltr'><strong>tos</strong></span> <span class='ocrx_word' id='word_1_770' title='bbox 529 5237 871 5305; x_wconf 87' lang='lat' dir='ltr'><strong>complicas;</strong></span> <span class='ocrx_word' id='word_1_771' title='bbox 913 5238 1336 5307; x_wconf 81' lang='lat' dir='ltr'><strong>cogitationibus</strong></span> <span class='ocrx_word' id='word_1_772' title='bbox 1379 5240 1634 5308; x_wconf 80' lang='lat' dir='ltr'><strong>angcris;</strong></span> <span class='ocrx_word' id='word_1_773' title='bbox 1670 5257 1733 5295; x_wconf 72' lang='lat' dir='ltr'><strong>ex</strong></span> <span class='ocrx_word' id='word_1_774' title='bbox 1772 5240 1982 5295; x_wconf 88' lang='lat' dir='ltr'><strong>intimis</strong></span> 
     </span>
    </p>
   </div>
   <div class='ocr_carea' id='block_1_105' title="bbox 412 5325 1983 5399">
    <p class='ocr_par' dir='ltr' id='par_1_105' title="bbox 412 5325 1983 5399">
     <span class='ocr_line' id='line_1_105' title="bbox 412 5325 1983 5399; baseline 0.004 -22"><span class='ocrx_word' id='word_1_775' title='bbox 412 5325 729 5396; x_wconf 64' lang='lat' dir='ltr'><strong>praecordiis</strong></span> <span class='ocrx_word' id='word_1_776' title='bbox 761 5327 965 5383; x_wconf 87' lang='lat' dir='ltr'><strong>doloris</strong></span> <span class='ocrx_word' id='word_1_777' title='bbox 997 5326 1356 5397; x_wconf 80' lang='lat' dir='ltr'><strong>signiﬁcantia</strong></span> <span class='ocrx_word' id='word_1_778' title='bbox 1389 5330 1548 5384; x_wconf 88' lang='lat' dir='ltr'><strong>ducis</strong></span> <span class='ocrx_word' id='word_1_779' title='bbox 1578 5331 1817 5399; x_wconf 88' lang='lat' dir='ltr'><strong>suspiria</strong></span> <span class='ocrx_word' id='word_1_780' title='bbox 1846 5347 1862 5397; x_wconf 90' lang='lat'><strong>;</strong></span> <span class='ocrx_word' id='word_1_781' title='bbox 1898 5331 1983 5385; x_wconf 89' lang='lat' dir='ltr'><strong>in-</strong></span> 
     </span>
    </p>
   </div>
   <div class='ocr_carea' id='block_1_106' title="bbox 405 5416 1991 5489">
    <p class='ocr_par' dir='ltr' id='par_1_106' title="bbox 405 5416 1991 5489">
     <span class='ocr_line' id='line_1_106' title="bbox 405 5416 1991 5489; baseline 0.006 -22"><span class='ocrx_word' id='word_1_782' title='bbox 405 5416 688 5487; x_wconf 83' lang='lat' dir='ltr'><strong>jucundus</strong></span> <span class='ocrx_word' id='word_1_783' title='bbox 719 5416 810 5471; x_wconf 89' lang='lat' dir='ltr'><strong>tibi</strong></span> <span class='ocrx_word' id='word_1_784' title='bbox 843 5418 1112 5472; x_wconf 87' lang='lat' dir='ltr'><strong>redituum</strong></span> <span class='ocrx_word' id='word_1_785' title='bbox 1136 5429 1298 5487; x_wconf 88' lang='lat' dir='ltr'><strong>atque</strong></span> <span class='ocrx_word' id='word_1_786' title='bbox 1331 5429 1691 5489; x_wconf 85' lang='lat' dir='ltr'><strong>proventuum</strong></span> <span class='ocrx_word' id='word_1_787' title='bbox 1729 5420 1940 5476; x_wconf 87' lang='lat' dir='ltr'><strong>fructus</strong></span> <span class='ocrx_word' id='word_1_788' title='bbox 1966 5440 1991 5487; x_wconf 71' lang='grc' dir='ltr'>ς,</span> 
     </span>
    </p>
   </div>
   <div class='ocr_carea' id='block_1_107' title="bbox 414 5506 1982 5580">
    <p class='ocr_par' dir='ltr' id='par_1_107' title="bbox 414 5506 1982 5580">
     <span class='ocr_line' id='line_1_107' title="bbox 414 5506 1982 5580; baseline 0.006 -23"><span class='ocrx_word' id='word_1_789' title='bbox 414 5506 610 5558; x_wconf 81' lang='lat' dir='ltr'><strong>acerba</strong></span> <span class='ocrx_word' id='word_1_790' title='bbox 641 5523 868 5575; x_wconf 83' lang='lat' dir='ltr'><strong>mensa;</strong></span> <span class='ocrx_word' id='word_1_791' title='bbox 902 5509 1056 5563; x_wconf 84' lang='lat' dir='ltr'><strong>focus</strong></span> <span class='ocrx_word' id='word_1_792' title='bbox 1086 5511 1400 5577; x_wconf 86' lang='lat' dir='ltr'><strong>subtristis;</strong></span> <span class='ocrx_word' id='word_1_793' title='bbox 1450 5520 1650 5580; x_wconf 62' lang='lat' dir='ltr'><strong>paratae</strong></span> <span class='ocrx_word' id='word_1_794' title='bbox 1693 5527 1755 5566; x_wconf 85' lang='lat' dir='ltr'><strong>ac</strong></span> <span class='ocrx_word' id='word_1_795' title='bbox 1795 5510 1982 5566; x_wconf 79' lang='lat' dir='ltr'><strong>faciles</strong></span> 
     </span>
    </p>
   </div>
   <div class='ocr_carea' id='block_1_108' title="bbox 416 5596 1983 5672">
    <p class='ocr_par' dir='ltr' id='par_1_108' title="bbox 416 5596 1983 5672">
     <span class='ocr_line' id='line_1_108' title="bbox 416 5596 1983 5672; baseline 0.004 -22"><span class='ocrx_word' id='word_1_796' title='bbox 416 5609 576 5650; x_wconf 74' lang='lat' dir='ltr'><strong>aures</strong></span> <span class='ocrx_word' id='word_1_797' title='bbox 609 5596 1047 5655; x_wconf 66' lang='lat' dir='ltr'><strong>obtrectantibus</strong></span> <span class='ocrx_word' id='word_1_798' title='bbox 1091 5600 1140 5654; x_wconf 89' lang='lat' dir='ltr'><strong>ei</strong></span> <span class='ocrx_word' id='word_1_799' title='bbox 1189 5601 1278 5672; x_wconf 85' lang='lat' dir='ltr'><strong>qui</strong></span> <span class='ocrx_word' id='word_1_800' title='bbox 1317 5602 1554 5658; x_wconf 84' lang='lat' dir='ltr'><strong>secunda</strong></span> <span class='ocrx_word' id='word_1_801' title='bbox 1601 5603 1817 5658; x_wconf 83' lang='lat' dir='ltr'><strong>fortuna</strong></span> <span class='ocrx_word' id='word_1_802' title='bbox 1864 5611 1983 5657; x_wconf 83' lang='lat' dir='ltr'><strong>uta-</strong></span> 
     </span>
    </p>
   </div>
   <div class='ocr_carea' id='block_1_109' title="bbox 2089 4411 3659 4483">
    <p class='ocr_par' dir='ltr' id='par_1_109' title="bbox 2089 4411 3659 4483">
     <span class='ocr_line' id='line_1_109' title="bbox 2089 4411 3659 4483; baseline -0.003 -17"><span class='ocrx_word' id='word_1_803' title='bbox 2089 4413 2264 4477; x_wconf 83' lang='grc' dir='ltr'>ὲστίν;</span> <span class='ocrx_word' id='word_1_804' title='bbox 2311 4413 2371 4465; x_wconf 83' lang='grc' dir='ltr'><strong>[ῖὶ</strong></span> <span class='ocrx_word' id='word_1_805' title='bbox 2402 4413 2586 4467; x_wconf 72' lang='grc' dir='ltr'>παισὶν</span> <span class='ocrx_word' id='word_1_806' title='bbox 2608 4411 3005 4481; x_wconf 76' lang='grc' dir='ltr'>ἐπαγάλλεται;</span> <span class='ocrx_word' id='word_1_807' title='bbox 3042 4412 3102 4464; x_wconf 76' lang='grc' dir='ltr'><strong>Εἰ</strong></span> <span class='ocrx_word' id='word_1_808' title='bbox 3132 4414 3345 4481; x_wconf 65' lang='grc' dir='ltr'>γαμετῇ</span> <span class='ocrx_word' id='word_1_809' title='bbox 3381 4412 3659 4483; x_wconf 71' lang='grc' dir='ltr'>εὐφραίνε-</span> 
     </span>
    </p>
   </div>
   <div class='ocr_carea' id='block_1_110' title="bbox 2088 4502 3655 4573">
    <p class='ocr_par' dir='ltr' id='par_1_110' title="bbox 2088 4502 3655 4573">
     <span class='ocr_line' id='line_1_110' title="bbox 2088 4502 3655 4573; baseline -0.001 -18"><span class='ocrx_word' id='word_1_810' title='bbox 2088 4520 2207 4568; x_wconf 83' lang='grc' dir='ltr'>ται;</span> <span class='ocrx_word' id='word_1_811' title='bbox 2243 4504 2302 4555; x_wconf 80' lang='grc' dir='ltr'><strong>Εἰ</strong></span> <span class='ocrx_word' id='word_1_812' title='bbox 2335 4506 2454 4565; x_wconf 78' lang='grc' dir='ltr'>ταῖς</span> <span class='ocrx_word' id='word_1_813' title='bbox 2484 4503 2573 4555; x_wconf 81' lang='grc' dir='ltr'>τοῦ</span> <span class='ocrx_word' id='word_1_814' title='bbox 2609 4504 2757 4555; x_wconf 73' lang='grc' dir='ltr'>οἴκου</span> <span class='ocrx_word' id='word_1_815' title='bbox 2804 4502 3077 4573; x_wconf 70' lang='grc' dir='ltr'>προσόδοις</span> <span class='ocrx_word' id='word_1_816' title='bbox 3115 4502 3504 4572; x_wconf 74' lang='grc' dir='ltr'>λαμπρύνεται</span> <span class='ocrx_word' id='word_1_817' title='bbox 3532 4523 3545 4567; x_wconf 92' lang='grc'><strong>;</strong></span> <span class='ocrx_word' id='word_1_818' title='bbox 3573 4502 3655 4554; x_wconf 69' lang='grc' dir='ltr'><strong>Διὰ</strong></span> 
     </span>
    </p>
   </div>
   <div class='ocr_carea' id='block_1_111' title="bbox 2088 4593 3654 4665">
    <p class='ocr_par' dir='ltr' id='par_1_111' title="bbox 2088 4593 3654 4665">
     <span class='ocr_line' id='line_1_111' title="bbox 2088 4593 3654 4665; baseline 0.001 -20"><span class='ocrx_word' id='word_1_819' title='bbox 2088 4593 2141 4647; x_wconf 76' lang='grc' dir='ltr'>τί</span> <span class='ocrx_word' id='word_1_820' title='bbox 2176 4612 2256 4646; x_wconf 88' lang='grc' dir='ltr'><strong>σοι</strong></span> <span class='ocrx_word' id='word_1_821' title='bbox 2298 4595 2469 4647; x_wconf 77' lang='grc' dir='ltr'><strong>ταῦτα</strong></span> <span class='ocrx_word' id='word_1_822' title='bbox 2502 4594 2750 4665; x_wconf 71' lang='grc' dir='ltr'>καθάπερ</span> <span class='ocrx_word' id='word_1_823' title='bbox 2798 4594 2981 4656; x_wconf 85' lang='grc' dir='ltr'>ἁκίδες</span> <span class='ocrx_word' id='word_1_824' title='bbox 3013 4593 3179 4664; x_wconf 83' lang='grc' dir='ltr'>βελῶν</span> <span class='ocrx_word' id='word_1_825' title='bbox 3208 4595 3353 4646; x_wconf 81' lang='grc' dir='ltr'><strong>κατὰ</strong></span> <span class='ocrx_word' id='word_1_826' title='bbox 3386 4595 3493 4664; x_wconf 75' lang='grc' dir='ltr'>τῆς</span> <span class='ocrx_word' id='word_1_827' title='bbox 3530 4610 3654 4660; x_wconf 77' lang='grc' dir='ltr'>καρ-</span> 
     </span>
    </p>
   </div>
   <div class='ocr_carea' id='block_1_112' title="bbox 2089 4685 3653 4757">
    <p class='ocr_par' dir='ltr' id='par_1_112' title="bbox 2089 4685 3653 4757">
     <span class='ocr_line' id='line_1_112' title="bbox 2089 4685 3653 4757; baseline -0.001 -19"><span class='ocrx_word' id='word_1_828' title='bbox 2089 4685 2207 4748; x_wconf 87' lang='grc' dir='ltr'>δίας</span> <span class='ocrx_word' id='word_1_829' title='bbox 2253 4685 2613 4755; x_wconf 77' lang='grc' dir='ltr'>ἐμπίπτονσι;</span> <span class='ocrx_word' id='word_1_830' title='bbox 2661 4686 2986 4757; x_wconf 75' lang='grc' dir='ltr'>Συγκροτεῖς</span> <span class='ocrx_word' id='word_1_831' title='bbox 3037 4685 3133 4749; x_wconf 73' lang='grc' dir='ltr'><strong>τὰς</strong></span> <span class='ocrx_word' id='word_1_832' title='bbox 3190 4685 3493 4756; x_wconf 50' lang='grc' dir='ltr'>παλάμας</span> <span class='ocrx_word' id='word_1_833' title='bbox 3543 4685 3653 4748; x_wconf 65' lang='grc' dir='ltr'>τοὺς</span> 
     </span>
    </p>
   </div>
   <div class='ocr_carea' id='block_1_113' title="bbox 2088 4773 3651 4847">
    <p class='ocr_par' dir='ltr' id='par_1_113' title="bbox 2088 4773 3651 4847">
     <span class='ocr_line' id='line_1_113' title="bbox 2088 4773 3651 4847; baseline 0.003 -21"><span class='ocrx_word' id='word_1_834' title='bbox 2088 4773 2379 4837; x_wconf 79' lang='grc' dir='ltr'>δακτύλους</span> <span class='ocrx_word' id='word_1_835' title='bbox 2423 4776 2781 4845; x_wconf 80' lang='grc' dir='ltr'>συμπλέκεις·</span> <span class='ocrx_word' id='word_1_836' title='bbox 2839 4777 3126 4847; x_wconf 81' lang='grc' dir='ltr'>ἀδημονεῖς</span> <span class='ocrx_word' id='word_1_837' title='bbox 3177 4779 3291 4838; x_wconf 79' lang='grc' dir='ltr'>τοῖς</span> <span class='ocrx_word' id='word_1_838' title='bbox 3348 4775 3651 4847; x_wconf 80' lang='grc' dir='ltr'>λογισμοῖς’</span> 
     </span>
    </p>
   </div>
   <div class='ocr_carea' id='block_1_114' title="bbox 2091 4866 3650 4943">
    <p class='ocr_par' dir='ltr' id='par_1_114' title="bbox 2091 4866 3650 4943">
     <span class='ocr_line' id='line_1_114' title="bbox 2091 4866 3650 4943; baseline -0.001 -24"><span class='ocrx_word' id='word_1_839' title='bbox 2091 4866 2271 4936; x_wconf 79' lang='grc' dir='ltr'>βύθιόν</span> <span class='ocrx_word' id='word_1_840' title='bbox 2299 4886 2350 4921; x_wconf 86' lang='grc' dir='ltr'><strong>τι</strong></span> <span class='ocrx_word' id='word_1_841' title='bbox 2375 4870 2467 4922; x_wconf 74' lang='grc' dir='ltr'><strong>καὶ</strong></span> <span class='ocrx_word' id='word_1_842' title='bbox 2495 4869 2750 4940; x_wconf 67' lang='grc' dir='ltr'>ὀδυνηρὸν</span> <span class='ocrx_word' id='word_1_843' title='bbox 2791 4869 3101 4932; x_wconf 71' lang='grc' dir='ltr'>ὑποστένεις</span> <span class='ocrx_word' id='word_1_844' title='bbox 3121 4885 3133 4898; x_wconf 90' lang='grc'>·</span> <span class='ocrx_word' id='word_1_845' title='bbox 3170 4870 3344 4939; x_wconf 71' lang='grc' dir='ltr'>ἀηδής</span> <span class='ocrx_word' id='word_1_846' title='bbox 3376 4888 3463 4924; x_wconf 86' lang='grc' dir='ltr'><strong>σοι</strong></span> <span class='ocrx_word' id='word_1_847' title='bbox 3493 4872 3528 4943; x_wconf 71' lang='grc' dir='ltr'>ἡ</span> <span class='ocrx_word' id='word_1_848' title='bbox 3561 4868 3650 4921; x_wconf 82' lang='grc' dir='ltr'><strong>τῶν</strong></span> 
     </span>
    </p>
   </div>
   <div class='ocr_carea' id='block_1_115' title="bbox 2090 4959 3652 5032">
    <p class='ocr_par' dir='ltr' id='par_1_115' title="bbox 2090 4959 3652 5032">
     <span class='ocr_line' id='line_1_115' title="bbox 2090 4959 3652 5032; baseline 0.004 -22"><span class='ocrx_word' id='word_1_849' title='bbox 2090 4959 2398 5030; x_wconf 83' lang='grc' dir='ltr'>προσόντων</span> <span class='ocrx_word' id='word_1_850' title='bbox 2448 4959 2745 5023; x_wconf 80' lang='grc' dir='ltr'>ἀπόλαυσις</span> <span class='ocrx_word' id='word_1_851' title='bbox 2766 4976 2779 4990; x_wconf 73' lang='grc' dir='ltr'>ο</span> <span class='ocrx_word' id='word_1_852' title='bbox 2819 4960 2994 5031; x_wconf 62' lang='grc' dir='ltr'>πικρὰ</span> <span class='ocrx_word' id='word_1_853' title='bbox 3027 4961 3060 5030; x_wconf 82' lang='grc' dir='ltr'>ἡ</span> <span class='ocrx_word' id='word_1_854' title='bbox 3090 4960 3343 5032; x_wconf 74' lang='grc' dir='ltr'>τράπεζα</span> <span class='ocrx_word' id='word_1_855' title='bbox 3367 4977 3384 4991; x_wconf 85' lang='grc'><strong>·</strong></span> <span class='ocrx_word' id='word_1_856' title='bbox 3419 4961 3652 5031; x_wconf 64' lang='grc' dir='ltr'>κατηφὴς</span> 
     </span>
    </p>
   </div>
   <div class='ocr_carea' id='block_1_116' title="bbox 2090 5049 3652 5124">
    <p class='ocr_par' dir='ltr' id='par_1_116' title="bbox 2090 5049 3652 5124">
     <span class='ocr_line' id='line_1_116' title="bbox 2090 5049 3652 5124; baseline -0.001 -20"><span class='ocrx_word' id='word_1_857' title='bbox 2090 5053 2123 5122; x_wconf 83' lang='grc' dir='ltr'><strong>ἡ</strong></span> <span class='ocrx_word' id='word_1_858' title='bbox 2168 5053 2331 5105; x_wconf 83' lang='grc' dir='ltr'>αἰτία·</span> <span class='ocrx_word' id='word_1_859' title='bbox 2367 5053 2581 5122; x_wconf 75' lang='grc' dir='ltr'>ἕτοιμον</span> <span class='ocrx_word' id='word_1_860' title='bbox 2614 5054 2675 5105; x_wconf 84' lang='grc' dir='ltr'><strong>τὸ</strong></span> <span class='ocrx_word' id='word_1_861' title='bbox 2707 5049 2799 5116; x_wconf 72' lang='grc' dir='ltr'><strong>οὖς</strong></span> <span class='ocrx_word' id='word_1_862' title='bbox 2834 5052 2966 5124; x_wconf 81' lang='grc' dir='ltr'>πρὸς</span> <span class='ocrx_word' id='word_1_863' title='bbox 2997 5052 3096 5124; x_wconf 78' lang='grc' dir='ltr'>τὴν</span> <span class='ocrx_word' id='word_1_864' title='bbox 3135 5051 3231 5105; x_wconf 79' lang='grc' dir='ltr'>τοῦ</span> <span class='ocrx_word' id='word_1_865' title='bbox 3264 5052 3652 5123; x_wconf 61' lang='grc' dir='ltr'>εὐπράττοντπ</span> 
     </span>
    </p>
   </div>
   <div class='ocr_carea' id='block_1_117' title="bbox 2088 5140 3648 5215">
    <p class='ocr_par' dir='ltr' id='par_1_117' title="bbox 2088 5140 3648 5215">
     <span class='ocr_line' id='line_1_117' title="bbox 2088 5140 3648 5215; baseline 0 -20"><span class='ocrx_word' id='word_1_866' title='bbox 2088 5141 2356 5215; x_wconf 74' lang='grc' dir='ltr'>διαϐολήν.</span> <span class='ocrx_word' id='word_1_867' title='bbox 2392 5144 2452 5197; x_wconf 78' lang='lat' dir='ltr'><strong>Ei</strong></span> <span class='ocrx_word' id='word_1_868' title='bbox 2494 5143 2550 5196; x_wconf 84' lang='grc' dir='ltr'><strong>δέ</strong></span> <span class='ocrx_word' id='word_1_869' title='bbox 2582 5162 2633 5197; x_wconf 80' lang='grc' dir='ltr'>τι</span> <span class='ocrx_word' id='word_1_870' title='bbox 2667 5145 2783 5197; x_wconf 67' lang='grc' dir='ltr'><strong>τῶν</strong></span> <span class='ocrx_word' id='word_1_871' title='bbox 2810 5144 2998 5210; x_wconf 80' lang='grc' dir='ltr'>δεξιῶν</span> <span class='ocrx_word' id='word_1_872' title='bbox 3041 5143 3251 5210; x_wconf 82' lang='grc' dir='ltr'>λέγοιτο</span> <span class='ocrx_word' id='word_1_873' title='bbox 3273 5186 3290 5210; x_wconf 84' lang='lat'><strong>,</strong></span> <span class='ocrx_word' id='word_1_874' title='bbox 3333 5144 3591 5212; x_wconf 75' lang='grc' dir='ltr'>βέευσται</span> <span class='ocrx_word' id='word_1_875' title='bbox 3620 5140 3648 5208; x_wconf 75' lang='grc' dir='ltr'>ἡ</span> 
     </span>
    </p>
   </div>
   <div class='ocr_carea' id='block_1_118' title="bbox 2090 5234 3646 5307">
    <p class='ocr_par' dir='ltr' id='par_1_118' title="bbox 2090 5234 3646 5307">
     <span class='ocr_line' id='line_1_118' title="bbox 2090 5234 3646 5307; baseline -0.001 -20"><span class='ocrx_word' id='word_1_876' title='bbox 2090 5235 2225 5307; x_wconf 81' lang='grc' dir='ltr'>ἀκοὴ</span> <span class='ocrx_word' id='word_1_877' title='bbox 2265 5236 2399 5307; x_wconf 74' lang='grc' dir='ltr'>πρὸς</span> <span class='ocrx_word' id='word_1_878' title='bbox 2428 5236 2517 5289; x_wconf 77' lang='grc' dir='ltr'>τὸν</span> <span class='ocrx_word' id='word_1_879' title='bbox 2542 5236 2717 5304; x_wconf 78' lang='grc' dir='ltr'>λόγον.</span> <span class='ocrx_word' id='word_1_880' title='bbox 2751 5236 2858 5288; x_wconf 69' lang='grc' dir='ltr'>Καὶ</span> <span class='ocrx_word' id='word_1_881' title='bbox 2885 5234 3026 5288; x_wconf 78' lang='grc' dir='ltr'>οὕτω</span> <span class='ocrx_word' id='word_1_882' title='bbox 3054 5234 3150 5304; x_wconf 78' lang='grc' dir='ltr'><strong>τὴν</strong></span> <span class='ocrx_word' id='word_1_883' title='bbox 3175 5234 3358 5306; x_wconf 67' lang='grc' dir='ltr'>ψυχὴν</span> <span class='ocrx_word' id='word_1_884' title='bbox 3386 5234 3646 5303; x_wconf 75' lang='grc' dir='ltr'>διακείμε-</span> 
     </span>
    </p>
   </div>
   <div class='ocr_carea' id='block_1_119' title="bbox 2089 5323 3646 5397">
    <p class='ocr_par' dir='ltr' id='par_1_119' title="bbox 2089 5323 3646 5397">
     <span class='ocr_line' id='line_1_119' title="bbox 2089 5323 3646 5397; baseline -0.017 -17"><span class='ocrx_word' id='word_1_885' title='bbox 2089 5342 2200 5391; x_wconf 77' lang='grc' dir='ltr'>νος,</span> <span class='ocrx_word' id='word_1_886' title='bbox 2250 5324 2300 5380; x_wconf 88' lang='grc' dir='ltr'><strong>τί</strong></span> <span class='ocrx_word' id='word_1_887' title='bbox 2348 5326 2717 5397; x_wconf 82' lang='grc' dir='ltr'>περιστέλλεις</span> <span class='ocrx_word' id='word_1_888' title='bbox 2750 5328 2814 5397; x_wconf 79' lang='grc' dir='ltr'>τῇ</span> <span class='ocrx_word' id='word_1_889' title='bbox 2849 5326 3136 5397; x_wconf 79' lang='grc' dir='ltr'>ὑποκρίσει</span> <span class='ocrx_word' id='word_1_890' title='bbox 3179 5326 3281 5396; x_wconf 65' lang='grc' dir='ltr'>τὴν</span> <span class='ocrx_word' id='word_1_891' title='bbox 3311 5326 3511 5390; x_wconf 54' lang='grc' dir='ltr'><strong>νόσονς</strong></span> <span class='ocrx_word' id='word_1_892' title='bbox 3546 5323 3646 5382; x_wconf 62' lang='grc' dir='ltr'>ηὼς</span> 
     </span>
    </p>
   </div>
   <div class='ocr_carea' id='block_1_120' title="bbox 2092 5416 3646 5489">
    <p class='ocr_par' dir='ltr' id='par_1_120' title="bbox 2092 5416 3646 5489">
     <span class='ocr_line' id='line_1_120' title="bbox 2092 5416 3646 5489; baseline -0.003 -18"><span class='ocrx_word' id='word_1_893' title='bbox 2092 5435 2172 5471; x_wconf 84' lang='grc' dir='ltr'><strong>σοι</strong></span> <span class='ocrx_word' id='word_1_894' title='bbox 2203 5419 2259 5471; x_wconf 79' lang='grc' dir='ltr'><strong>τδ</strong></span> <span class='ocrx_word' id='word_1_895' title='bbox 2283 5419 2378 5489; x_wconf 77' lang='grc' dir='ltr'><strong>τῆς</strong></span> <span class='ocrx_word' id='word_1_896' title='bbox 2408 5418 2584 5485; x_wconf 85' lang='grc' dir='ltr'>φιλίας</span> <span class='ocrx_word' id='word_1_897' title='bbox 2607 5416 2943 5487; x_wconf 80' lang='grc' dir='ltr'>προσωπεῖόν</span> <span class='ocrx_word' id='word_1_898' title='bbox 2968 5416 3057 5469; x_wconf 77' lang='grc' dir='ltr'><strong>διὰ</strong></span> <span class='ocrx_word' id='word_1_899' title='bbox 3089 5416 3190 5485; x_wconf 71' lang='grc' dir='ltr'>τῆς</span> <span class='ocrx_word' id='word_1_900' title='bbox 3218 5427 3646 5489; x_wconf 71' lang='grc' dir='ltr'>κατεσχηματισο</span> 
     </span>
    </p>
   </div>
   <div class='ocr_carea' id='block_1_121' title="bbox 2093 5503 3650 5582">
    <p class='ocr_par' dir='ltr' id='par_1_121' title="bbox 2093 5503 3650 5582">
     <span class='ocr_line' id='line_1_121' title="bbox 2093 5503 3650 5582; baseline -0.003 -19"><span class='ocrx_word' id='word_1_901' title='bbox 2093 5511 2502 5582; x_wconf 75' lang='grc' dir='ltr'>μένης-εὐνοίας</span> <span class='ocrx_word' id='word_1_902' title='bbox 2536 5507 2952 5580; x_wconf 69' lang='grc' dir='ltr'>ἐπιμορφίζεται</span> <span class='ocrx_word' id='word_1_903' title='bbox 2982 5528 2995 5574; x_wconf 85' lang='grc'>;</span> <span class='ocrx_word' id='word_1_904' title='bbox 3028 5508 3092 5561; x_wconf 89' lang='grc' dir='ltr'>Τί</span> <span class='ocrx_word' id='word_1_905' title='bbox 3120 5508 3315 5575; x_wconf 82' lang='grc' dir='ltr'>δεξιοῖς</span> <span class='ocrx_word' id='word_1_906' title='bbox 3345 5513 3473 5573; x_wconf 81' lang='grc' dir='ltr'>ταῖς</span> <span class='ocrx_word' id='word_1_907' title='bbox 3504 5503 3650 5571; x_wconf 53' lang='lat' dir='ltr'><strong>sitsi;-</strong></span> 
     </span>
    </p>
   </div>
   <div class='ocr_carea' id='block_1_122' title="bbox 2094 5593 3650 5674">
    <p class='ocr_par' dir='ltr' id='par_1_122' title="bbox 2094 5593 3650 5674">
     <span class='ocr_line' id='line_1_122' title="bbox 2094 5593 3650 5674; baseline -0.006 -16"><span class='ocrx_word' id='word_1_908' title='bbox 2094 5620 2209 5674; x_wconf 65' lang='grc' dir='ltr'>μοις</span> <span class='ocrx_word' id='word_1_909' title='bbox 2245 5601 2632 5674; x_wconf 77' lang='grc' dir='ltr'>προσηγορίαις</span> <span class='ocrx_word' id='word_1_910' title='bbox 2655 5642 2669 5668; x_wconf 88' lang='grc'><em>,</em></span> <span class='ocrx_word' id='word_1_911' title='bbox 2701 5600 2911 5673; x_wconf 85' lang='grc' dir='ltr'>χαίρειν</span> <span class='ocrx_word' id='word_1_912' title='bbox 2943 5601 3035 5655; x_wconf 76' lang='grc' dir='ltr'><strong>καὶ</strong></span> <span class='ocrx_word' id='word_1_913' title='bbox 3065 5599 3333 5669; x_wconf 78' lang='grc' dir='ltr'>ὑγιαίνειν</span> <span class='ocrx_word' id='word_1_914' title='bbox 3380 5593 3650 5670; x_wconf 72' lang='grc' dir='ltr'>ἐγκελευῶ</span> 
     </span>
    </p>
   </div>
   <div class='ocr_carea' id='block_1_123' title="bbox 2354 5804 2363 5831">
    <p class='ocr_par' dir='ltr' id='par_1_123' title="bbox 2354 5804 2363 5831">
     <span class='ocr_line' id='line_1_123' title="bbox 2354 5804 2363 5831; baseline 0 0"><span class='ocrx_word' id='word_1_915' title='bbox 2354 5804 2363 5831; x_wconf 73' lang='grc' dir='ltr'><strong><em>Ι</em></strong></span> 
     </span>
    </p>
   </div>
  </div>
