3690 5986
49 228 162 284 1289
1035 227 1123 282 DE
1140 226 1738 284 BEATITUDINIBUS.
1781 225 2040 283 ORATIO
2065 226 2152 282 VII
3139 231 3274 286 ιεοο

50 365 219 420 μενος,
269 347 338 400 τὰ
370 346 588 401 ἐναντία
619 347 684 400 δι’
737 347 1062 418 ἀπορρήτων
1114 350 1254 403 κατὰ
1283 350 1458 420 ψυχὴν
1498 353 1507 402 l

1841 346 1996 413 Quod
2025 347 2068 402 si
2103 345 2307 416 aliquid
2337 344 2516 402 dextri
2551 365 2614 402 ac
2644 347 2805 402 fausti
2846 349 3084 414 dicatur,
3120 350 3271 402 clau-

47 439 308 509 αρώμενος
338 453 352 501 ;
386 437 638 500 Τοιοῦτος
682 439 710 490 6
735 437 874 491 Κάῖν
893 477 908 500 ,
939 440 968 490 6
998 441 1065 510 τῇ
1108 439 1457 510 εὐδοκιμήσει

1815 439 2052 493 sermoni
2082 447 2213 493 sunt
2243 453 2426 493 aures.
2458 439 2524 492 Et
2551 454 2676 494 cum
2708 440 2781 493 ita
2831 441 3106 496 animatus
3159 442 3237 495 sis
3258 480 3272 506 ,

49 526 191 579 ’Δὸελ
230 525 597 597 ὲπιλυσσήσας
617 543 630 556 ο
667 526 696 577 6
722 526 913 595 φθόνος
946 527 1045 598 μὲν
1074 527 1283 581 ἔνδοθεν
1312 529 1400 582 τὸν
1443 529 1506 597 φό

1831 529 2181 585 simulatione
2207 531 2460 584 morbum
2495 530 2748 585 obvolvis
2773 531 2796 584 ?
2831 531 3105 599 quomodo
3134 533 3240 584 ami
3261 560 3273 570 -

47 618 387 682 ὲνεκελεύετο,
421 617 531 687 ἡδὲ
560 617 812 681 ὑπόθεσις
840 617 1030 688 δήμιος
1062 619 1288 685 γίνεται’
1315 619 1464 686 φίλον
1493 636 1504 648 ·

1818 635 1842 674 e
1868 634 2101 689 persona
2133 634 2228 688 per
2258 619 2438 676 ﬁctam
2489 621 2924 676 benevolentiam
2975 622 3029 674 in
3062 629 3114 675 te
3166 618 3275 674 for-

45 727 86 761 τι
115 709 206 762 καὶ
240 709 582 779 προσήγορον
612 707 855 761 ὑπελθὼν
886 708 1092 777 σχῆμα,
1125 709 1223 778 τῆς
1259 707 1366 761 τῶν
1398 725 1502 776 γονι

1819 724 1883 764 ur
1904 710 1926 762 ?
1951 725 2050 764 cur
2075 708 2276 766 faustis
2305 711 2767 779 appellationibus
2797 710 3036 779 excipis,
3066 711 3275 765 Salvere

51 781 348 874 σύμμαχίας
387 801 669 874 πόρρωθεν
711 801 872 856 αὑτὸν
917 804 1010 856 ἐπὶ
1041 803 1101 855 16
1133 801 1314 854 πεδίον
1359 805 1508 872 προή¹

1815 801 1970 855 Valere
2000 801 2201 870 jubens
2225 841 2239 864 ,
2274 801 2550 854 contraria
2587 803 2640 855 in
2670 801 2856 854 animo
2891 801 3030 854 clam
3068 800 3272 870 impre—

50 913 149 962 τεν·
183 890 287 947 εἶθ’
318 894 490 957 οὕτως
528 893 823 963 ὲξεκάλυψε
864 893 942 962 τῷ
987 895 1131 964 φόνῳ
1158 893 1248 946 τὸν
1287 892 1497 962 φθόνον.

1818 903 1834 942 5
1857 889 1880 941 ?
1905 887 2054 943 Talis
2079 896 2196 942 erat
2221 887 2354 942 Cain
2378 930 2391 954 ,
2420 889 2512 959 qui
2543 889 2749 943 idcirco
2770 929 2782 953 ,
2818 889 2961 957 quod
2987 889 3120 943 Abel
3149 903 3275 958 pro-

49 986 201 1038 τοίνυν
238 984 339 1055 τὴν
360 984 612 1055 τοιαύτην
645 986 797 1038 νόσον
822 985 1096 1039 ἐκϐάλλων
1125 986 1224 1055 τῆς
1256 985 1506 1054 ἀνθρωπίε

1818 987 1922 1032 rtur
1951 987 2113 1049 atque
2147 981 2422 1048 placeret,
2457 981 2512 1032 in
2551 980 2755 1034 rabiem
2788 988 2841 1034 et
2877 979 3118 1034 furorem
3153 995 3275 1034 vera

51 1077 190 1147 ζωῆς,
227 1077 323 1130 καὶ
351 1077 532 1148 εὐνοία
577 1093 636 1129 τε
668 1078 761 1129 καὶ
791 1079 1002 1150 εἰρήνῃ,
1032 1077 1345 1147 συνδεσμῶν
1385 1077 1448 1130 16
1473 1079 1508 1144 ὁ)

1824 1076 1938 1122 est:
1976 1068 2180 1122 invidia
2206 1067 2425 1138 quidem
2458 1067 2788 1123 intrinsecus
2815 1069 3110 1130 adcaedem
3147 1068 3273 1122 hor-

51 1169 190 1234 ςυλον
211 1207 226 1230 ,
272 1167 372 1220 καὶ
406 1169 485 1230 εἰς
515 1168 737 1238 φιλικὴν
769 1167 1079 1237 ὁμοφωνίαν
1123 1169 1248 1230 τοὺς
1280 1166 1508 1237 ἀνθρώπι

1814 1168 1938 1222 itur,
1963 1159 2236 1214 simulatio
2262 1175 2390 1214 vero
2416 1158 2659 1212 carnifex
2689 1167 2804 1213 erat
2827 1175 2840 1224 ;
2868 1159 3100 1212 amicum
3127 1159 3271 1213 enim

49 1257 194 1322 ἄγων,
223 1256 310 1326 ἆρ’
340 1256 459 1326 οὐχὶ
489 1255 637 1320 θείας
657 1256 823 1319 ὅντως
851 1255 1132 1325 δυνάμεως
1160 1255 1246 1326 ἔρ]
1260 1272 1318 1308 ον
1347 1258 1506 1321 ποιεῖ,

1818 1250 1983 1304 mdam
2005 1291 2020 1316 ,
2046 1251 2318 1334 mitem‘ac
2342 1251 2633 1322 benignum
2659 1252 2868 1305 vultum
2901 1251 3128 1320 ﬁngens,
3156 1267 3275 1320 pro-

51 1348 129 1416 μὲν
172 1346 324 1400 κακὰ
348 1347 446 1416 τῆς
478 1346 822 1418 ἀνθρωπίνης
854 1345 1066 1415 φύσεως
1095 1345 1439 1416 περιορίζων,
1471 1347 1506 1398 ἀ

1841 1342 1910 1396 ab
1959 1342 2162 1396 auxilio
2212 1349 2376 1412 atque
2424 1343 2676 1411 praesidio
2713 1350 2998 1412 parentum
3036 1343 3186 1394 illum
3219 1343 3273 1396 in

50 1439 260 1505 εισάγων
300 1436 355 1489 δὲ
397 1435 494 1507 τὴν
529 1437 638 1490 τῶν
668 1436 888 1505 ἀγαθῶν
933 1437 1248 1499 κοινωνίαν;
1306 1436 1406 1489 Διά
1441 1454 1502 1489 το

1814 1449 1951 1503 lpum
1984 1433 2274 1503 produxit:
2307 1443 2471 1503 atque
2503 1435 2576 1486 ita
2611 1433 2806 1487 deinde
2836 1433 2982 1487 cmde
3009 1432 3271 1486 invidiam

50 1528 142 1578 υἱὸν
187 1526 325 1580 Θεοῦ
363 1527 454 1580 τὸν
513 1525 852 1598 είρηνοποιὸν
898 1528 1172 1596 ὀνομάζει,
1219 1528 1300 1580 ὅτι
1359 1545 1507 1597 μιμηλ

1815 1525 1922 1578 ιιίι.
1959 1524 2062 1590 Qui
2091 1524 2359 1594 ejusmodi
2387 1524 2556 1593 igitur
2583 1523 2833 1575 morbum
2867 1522 3018 1591 ejicit
3049 1537 3116 1576 ex
3162 1523 3272 1575 vita

51 1617 233 1681 γίνεται
264 1616 358 1668 τοῦ
392 1615 646 1686 ἀληθινοῦ
680 1615 835 1682 Θεοῦ,
862 1618 891 1668 6
927 1614 1100 1670 ταῦτα
1125 1619 1191 1686 τῇ
1227 1614 1337 1687 ζωῇ
1367 1616 1476 1670 τῶν

1818 1631 1974 1679 lana,
2011 1631 2076 1670 ac
2123 1616 2502 1671 benevolentia
2553 1615 2757 1683 pariter
2790 1629 2853 1666 ac
2890 1629 3024 1682 pace
3056 1613 3275 1683 colligat

50 1701 262 1771 θρὼπων
290 1704 667 1774 χαριζόμενος.

1820 1747 1834 1772 ,
1873 1708 1966 1777 qui
1998 1722 2195 1777 genere
2220 1707 2500 1777 conjuncti
2545 1714 2708 1767 sunt,
2756 1713 2810 1758 et
2856 1704 2923 1757 ad
2971 1703 3266 1758 amicitiam

51 1805 191 1864 atque
224 1795 574 1850 concordiam
607 1797 856 1854 homines
885 1799 1133 1861 reducit,
1165 1812 1234 1852 an
1296 1814 1403 1852 non
1470 1799 1665 1854 divinae
1703 1815 1892 1856 revera
1923 1799 2183 1870 potentia:
2218 1814 2359 1869 Opus
2393 1797 2556 1862 facit,
2604 1797 2743 1850 mala
2791 1796 3006 1866 quidem
3053 1812 3118 1850 ex
3163 1797 3269 1849 ltu-

51 1902 190 1940 mana
245 1893 439 1940 natura
487 1888 802 1957 expellens,
846 1903 945 1957 pro
987 1889 1054 1942 iis
1097 1897 1276 1942 autem
1321 1871 1588 1944 honorum
1629 1891 2067 1945 communionem
2101 1889 2501 1944 introducens?
2533 1889 2742 1943 Idcirco
2811 1889 2980 1942 ﬁlium
3025 1887 3118 1942 Dei
3184 1901 3276 1957 pa-

50 1979 243 2032 ciﬁcum
277 1979 560 2044 nominat,
594 1980 884 2050 quodbveri
911 1979 1035 2034 Filii
1063 1981 1302 2035 imitator
1342 1982 1598 2044 exsistit,
1640 1983 1732 2052 qui
1765 1983 1876 2036 haec
1906 1982 2184 2034 hominum
2218 1982 2341 2034 vita:
2371 1981 2614 2050 largitur.

104 2069 390 2138 Μακάριοι
418 2070 594 2123 τοίνυν
640 2073 694 2124 οὶ
736 2073 1120 2139 εἰρηνοποιοί,
1150 2071 1238 2124 ὅτι
1270 2071 1437 2124 αὐτοὶ
1487 2075 1561 2126 vlt

1818 2073 1932 2126 'cati
1966 2071 2128 2140 igitur
2156 2072 2397 2139 paciﬁci,
2453 2071 2699 2140 quoniam
2731 2072 2833 2139 ipsi
2859 2073 2963 2139 ﬁlii
2995 2071 3090 2126 Dei
3124 2090 3275 2127 voca-

52 2164 179 2218 Θεοῦ
228 2162 662 2231 κληθήσονται.
696 2164 850 2227 Τίνες
896 2157 1081 2231 οὗτοι;
1128 2166 1191 2218 Ol
1241 2165 1509 2235 μιμηταὶε

1818 2173 1918 2215 tur.
1969 2161 2199 2227 Quinam
2252 2170 2378 2217 sunt
2421 2163 2520 2216 hi?
2567 2161 2870 2218 lmitatores
2919 2163 3275 2221 humanitatis

52 2253 179 2316 θείας
212 2251 642 2322 φιλανθρωπίας,
678 2254 727 2305 οἱ
760 2252 819 2305 16
849 2253 977 2305 ίδιον
1011 2255 1109 2324 τῆς
1139 2251 1288 2316 θείας
1322 2254 1509 2323 ἐνεργε

1819 2271 1933 2318 nae,
1989 2255 2079 2323 qui
2133 2254 2185 2307 id
2231 2253 2375 2323 quod
2425 2254 2703 2322 proprium
2744 2254 2942 2309 divinae
2977 2255 3276 2312 eﬁicientia:

51 2343 124 2392 ἐπὶ
145 2341 238 2393 τοῦ
280 2341 412 2394 ἰδίου
445 2340 750 2405 δεικνύντες
786 2341 924 2412 βίου.
981 2344 1217 2412 Ἀναιρεῖ
1249 2342 1473 2396 καθόλου
1505 2362 1508 2393 τ

1852 2345 1906 2396 in
1941 2359 2037 2397 sua
2069 2345 2179 2397 vita
2211 2344 2525 2398 ostendunt.
2556 2345 2718 2400 Tollit
2749 2353 2803 2400 et
2833 2344 2898 2398 ad
2928 2346 3157 2400 nihilum
3191 2363 3277 2402 rc-

51 2433 114 2495 είς
134 2434 195 2485 16
236 2433 314 2503 μὴ
343 2431 402 2485 ὃν
447 2433 808 2504 περιίστησιν,
841 2435 870 2486 6
906 2435 1014 2486 τῶν
1042 2433 1258 2503 ἀγαθῶν
1308 2434 1508 2504 εύεργέι

1819 2445 1839 2490 ι
1870 2437 2140 2490 bonorum
2173 2437 2400 2506 largitor
2431 2445 2484 2492 et
2521 2438 2786 2494 Dominus
2819 2440 3084 2510 quidquid
3121 2448 3273 2496 extra

51 2526 125 2576 καί
157 2523 360 2595 Κύριος
383 2563 397 2588 ,
431 2525 536 2578 πᾶν
568 2524 691 2577 ὅσον
736 2524 852 2577 ἐστὶ
902 2523 996 2577 τού
1039 2525 1245 2590 ἀγαθοῦ
1281 2525 1508 2594 ἔκφυλον

1816 2543 1961 2581 uram
1995 2528 2156 2592 boni,
2190 2539 2243 2583 et
2277 2543 2306 2581 a
2351 2528 2494 2582 bono
2524 2529 2763 2583 alienum
2801 2539 2922 2585 est:
2969 2531 3074 2587 hoc
3110 2534 3273 2587 etiam

50 2617 125 2668 καὶ
155 2616 449 2685 ἀλλότριον.
503 2615 716 2686 Ταύτην
744 2616 1022 2685 νομοθετεῖ
1053 2619 1148 2672 καὶ
1189 2619 1268 2673 σοὶ
1312 2617 1409 2688 τὴν
1447 2619 1504 2670 ἐν

1840 2618 2142 2686 praescribit
2175 2634 2313 2686 opus
2341 2627 2393 2673 et
2423 2619 2658 2674 oﬁicium
2679 2661 2693 2686 ,
2729 2621 2928 2690 ejicere
2956 2623 3140 2678 odium
3165 2663 3179 2689 ,
3213 2625 3244 2678 ﬁ
3264 2653 3277 2666 -

50 2723 204 2773 γειαν,
239 2706 522 2760 ἐκϐάλλειν
559 2708 621 2759 τὸ
668 2709 840 2778 μῖσος,
876 2709 1164 2762 καταλύειν
1205 2711 1296 2762 τὸν
1344 2709 1507 2780 πόλεμ

1818 2709 2089 2771 ιὺοηιιιιι,
2143 2709 2357 2764 abolere
2408 2710 2701 2774 invidiam,
2757 2715 3127 2768 exterminare
3173 2730 3275 2782 pu-

51 2800 312 2865 &;1vi;'ew
324 2799 413 2851 16v
428 2799 902 2870 φθόνον,ὲξορίζειν
914 2802 1010 2871 τὴν
1030 2802 1226 2872 μάχην,
1245 2802 1487 2872 ἀναιρεῖν
1503 2820 1508 2829 ί

1818 2814 1866 2852 m
1889 2841 1904 2863 ,
1941 2799 2132 2854 tollere
2161 2801 2601 2866 simulationem,
2635 2803 2980 2874 exstinguere
3013 2805 3271 2861 intrinse-

52 2891 337 2960 ὑπόκρισιν,
372 2891 788 2944 κατασϐεννύειν
823 2891 1028 2946 ἔνδοθεν
1056 2894 1151 2964 τὴν
1184 2894 1509 2964 ὑποσμύχου‹

1833 2889 1886 2942 in
1913 2889 2079 2943 corde
2121 2898 2368 2946 urentem
2419 2900 2473 2945 et
2522 2893 2897 2949 incendentem
2939 2894 3266 2964 injuriarum

50 2979 166 3050 ὲντῇ
196 2978 392 3050 καρδίᾳ
415 2978 792 3050 μνησικακίαν·
812 2979 1152 3048 ἀντεισάγειν
1168 2979 1223 3032 δὲ
1242 2979 1507 3033 ἁντὶτούτε

1817 2980 2023 3034 noriam
2059 2988 2306 3036 tenacem
2333 3021 2346 3046 ,
2380 2994 2566 3036 contra
2605 2999 2729 3039 vero
2773 2984 2828 3038 in
2872 2985 3052 3039 locum
3085 3002 3274 3041 eorum

50 3072 133 3124 ὅσα
169 3075 236 3142 τῇ
270 3071 615 3142 ὑπεξαιρέσει
663 3071 769 3124 τῶν
808 3071 1061 3124 ἐναντίων
1089 3071 1467 3147 ὰντικάθῃται.

1822 3069 2049 3126 educere
2081 3086 2420 3141 quaecunque
2449 3072 2733 3130 subductis
2762 3076 3053 3130 contrariis
3081 3091 3146 3130 ex
3182 3075 3279 3130 ad-

51 3164 140 3232 γὰρ
171 3165 238 3234 τῇ
269 3162 364 3215 τοῦ
408 3163 628 3226 σκότους
658 3163 1003 3234 ύποχωρήσει
1031 3164 1092 3216 16
1125 3165 1238 3234 φῶς
1270 3163 1508 3232 ὲπιγίνετ

1820 3178 1861 3218 ιο
1912 3164 2239 3219 consistunt.
2307 3163 2378 3218 Ut
2421 3167 2563 3220 enim
2615 3168 2993 3223 recedentibus
3039 3170 3277 3224 tenebris

51 3253 173 3306 οὕτω
199 3254 296 3306 καὶ
315 3253 429 3307 ἀνθ’
458 3253 685 3307 ἑκάστου
710 3253 934 3318 τούτων,
959 3255 986 3307 6
1011 3255 1104 3308 τοῦ
1131 3257 1434 3326 πνεύματος
1463 3273 1508 3308 κι

1827 3255 2103 3321 succedit,
2141 3255 2215 3309 ita
2251 3256 2418 3309 etiam
2452 3256 2507 3310 in
2544 3257 2721 3312 locum
2758 3259 2950 3314 horum
2987 3260 3278 3329 cujuslibet

53 3345 138 3407 πὸς
154 3344 584 3415 ἀπεισέρχεται.
613 3346 822 3416 ἀγάπη,
843 3344 1008 3416 χαρὰ,
1035 3347 1245 3416 εἰρήνη,
1277 3345 1509 3416 χρηστότ

1821 3347 1929 3402 itus
1956 3348 2167 3401 fructus
2199 3348 2478 3411 succedit,
2513 3349 2735 3403 dilectio
2758 3393 2772 3415 ,
2805 3352 3064 3420 gaudium
3085 3393 3100 3418 ,
3138 3369 3238 3424 pax
3260 3393 3274 3414 ,

55 3435 387 3506 μακροθυμία
412 3475 427 3500 ,
463 3436 611 3499 ἀπας
642 3439 671 3489 6
704 3435 783 3506 τῷ
841 3437 1146 3505 Ἀποστόλῳ
1187 3436 1510 3504 κατειλεγμέ

1828 3439 2042 3507 gnitas,
2081 3440 2248 3492 animi
2287 3440 2524 3505 lenitas,
2579 3442 2870 3495 universus
2909 3441 2978 3496 ab
3012 3444 3277 3512 Apostolo

51 3526 143 3579 τῶν
176 3526 397 3595 ἀγαθῶν
437 3526 685 3598 ἀριθμός.
729 3526 851 3589 Πῶς
899 3523 993 3579 οὖν
1028 3527 1088 3579 οὑ
1124 3528 1392 3598 μακάριος
1437 3527 1465 3578 ὁ
1496 3544 1508 3575 τ

1818 3545 1970 3584 orum
2011 3545 2273 3584 numerus
2313 3531 2594 3584 collectus.
2644 3531 2925 3596 Quomodo
2967 3532 3134 3600 igitur
3166 3549 3275 3588 non

52 3616 190 3671 θείων
216 3618 437 3690 δωρεῶν
462 3618 781 3690 διανομεύςς
837 3620 895 3672 '0
924 3619 1164 3690 μιμητὴς
1191 3618 1300 3672 τῶν
1337 3617 1430 3671 τοῦ
1466 3617 1508 3670 Θ

1820 3636 1893 3676 .us
1923 3628 2008 3676 est
2036 3621 2346 3675 divinorum
2388 3622 2654 3675 donorum
2685 3621 3011 3676 distributor
3054 3638 3119 3678 ac
3163 3624 3277 3679 dis-

53 3710 426 3781 χαρισμάτωνς
477 3710 536 3764 '0
585 3715 652 3782 τῇ
715 3711 834 3782 θείᾳ
892 3709 1279 3782 μεγαλοδωρεᾷ
1322 3709 1420 3772 τὰς
1468 3709 1510 3762 ἰδ

1815 3717 1959 3764 sator
2000 3710 2023 3762 ’ί
2070 3710 2314 3765 imitator
2361 3709 2456 3764 Dei
2503 3711 2845 3764 munerum?
2891 3713 2983 3781 qui
3032 3711 3272 3768 divinam

51 3798 292 3870 ἐξομοιὼν
325 3799 600 3866 εύποιίας;
631 3800 782 3870 Τάχα
827 3799 882 3853 δὲ
927 3799 988 3853 ού
1036 3799 1172 3870 πρὸς
1227 3798 1288 3850 τὸ
1326 3797 1508 3867 ἀλλότρ

1815 3802 2130 3856 iiﬁcentiam
2163 3817 2261 3857 sua
2294 3801 2654 3857 beneﬁcentia
2680 3805 2974 3873 exaequat?
3023 3803 3272 3860 Forsitan

52 3891 231 3958 ἀγαθὸν
275 3890 433 3961 μόνον
470 3892 498 3943 6
531 3891 874 3963 μακαρισμὸς
910 3891 1130 3960 βλέπει·
1161 3890 1274 3944 ἀλλ’
1318 3886 1469 3960 οἴμαι
1507 3911 1509 3917 ί

1817 3908 1884 3948 rm
1914 3909 2024 3947 non
2055 3894 2290 3947 alienum
2321 3894 2582 3948 duntaxat
2609 3895 2809 3949 bonum
2845 3897 3122 3952 beatitudo
3156 3914 3274 3968 spe-

54 3983 163 4050 ρίως
207 3982 550 4052 εἰρηνοποιὸν
602 3979 984 4053 χρηματίζειν,
1032 3981 1124 4034 τὸν
1175 3982 1274 4050 τὴν
1323 3983 1381 4034 ὲν
1427 3982 1511 4033 ὲαι

1838 4023 1852 4046 ,
1898 3983 1990 4039 sed
2020 3984 2214 4052 opinor
2249 3984 2468 4054 proprie
2499 3984 2790 4054 paciﬁcum
2842 3988 3139 4057 appellari,
3181 3991 3272 4058 qui

53 4077 218 4128 πᾶσιν
247 4073 348 4143 τῆς
397 4075 594 4146 σαρκὸς
635 4074 730 4128 καὶ
762 4073 855 4126 τοῦ
903 4073 1234 4143 πνεύματος,
1265 4073 1361 4125 καὶ
1395 4071 1485 4124 τὸν

1814 4095 1844 4141 ι,
1863 4090 1983 4145 qua:
2008 4077 2150 4128 intra
2185 4075 2359 4144 ipsum
2387 4084 2500 4141 est,
2529 4075 2848 4131 seditionem
2877 4078 3062 4133 carnis
3087 4089 3141 4133 et
3164 4080 3271 4148 spi-

52 4167 216 4232 φύλιον
242 4167 340 4236 τῆς
369 4165 582 4234 φύσεως
611 4165 845 4235 πόλεμον
877 4166 956 4228 είς
987 4163 1265 4234 εἰρηνικὴν
1289 4180 1509 4232 συμφων

1819 4182 1872 4230 s,
1901 4173 2063 4235 atque
2092 4165 2409 4220 intestinum
2440 4176 2647 4221 natura:
2674 4166 2873 4222 bellum
2903 4169 2970 4223 ad
2995 4170 3269 4239 paeiﬁcam

50 4260 253 4326 ἄγοντα,
279 4261 406 4312 ὅταν
435 4258 631 4329 μηκέτι
656 4255 875 4328 ἐνεργὸς
961 4257 989 4308 6
1017 4256 1110 4308 τοῦ
1139 4255 1386 4325 σώματος
1407 4255 1507 4323 νόμ

1813 4257 2049 4312 cordiam
2094 4265 2148 4312 et
2190 4271 2521 4312 consensum
2564 4259 2825 4324 adducit,
2885 4261 2974 4315 ubi
3025 4264 3270 4332 corporis

51 4350 73 4400 ὁ
96 4350 635 4421 ἀντιστρατευόμενος
654 4347 731 4418 τῷ
755 4347 905 4417 νόμῳ
927 4345 1019 4398 τοῦ
1047 4346 1183 4410 νοὸς,
1217 4345 1330 4398 ἀλλ’
1368 4344 1505 4408 ὑποζ

1813 4391 1825 4411 ,
1863 4365 1984 4419 qua:
2013 4349 2115 4418 legi
2153 4351 2350 4404 mentis
2379 4358 2680 4420 repugnat,
2712 4365 2820 4404 non
2848 4352 3083 4422 amplius
3111 4368 3270 4408 exer-

52 4440 178 4506 χθεὶς
205 4442 276 4509 τῇ
318 4438 585 4508 κρείττονι
619 4436 863 4507 βασιλείᾳ
907 4436 1186 4507 ὑπηρέτης
1239 4435 1446 4503 γίνεται
1489 4451 1509 4485 1

1814 4441 1932 4502 itur,
1969 4437 2064 4493 sed
2093 4438 2380 4508 subiugata
2414 4439 2624 4492 meliori
2655 4454 2852 4509 regno,
2890 4442 3140 4497 ministra
3187 4444 3271 4498 di-

53 4530 192 4584 θείων
217 4529 626 4598 ἐπιταγμάτων.
661 4527 876 4581 Μᾶλλον
918 4528 974 4581 δὲ
1010 4527 1084 4599 μὴ
1109 4526 1264 4580 τοῦτο
1293 4526 1510 4596 νομίσωι

1818 4545 1954 4583 trum
1990 4537 2382 4599 praeceptorum
2413 4528 2662 4584 exsistet.
2701 4529 2958 4596 Quiniqu
2989 4550 3057 4590 ne
3090 4537 3275 4591 existi-

54 4620 426 4692 συμϐουλεύειν
445 4620 533 4674 τὸν
552 4620 728 4687 λόγον,
747 4620 806 4673 τὸ
836 4621 894 4671 ὲν
914 4619 1063 4672 δυάδι
1079 4619 1314 4672 νοεῖσθαι
1337 4618 1444 4670 τῶν
1468 4635 1511 4670 κε

1815 4635 1912 4673 nus
1963 4618 2282 4675 Sermonem
2336 4619 2661 4687 consulere,
2717 4624 2864 4692 quod
2913 4625 3167 4682 nimirum
3218 4630 3272 4682 in

53 4711 370 4781 ωρθωκότων
398 4710 488 4762 τὸν
519 4709 629 4780 βίον
652 4724 666 4738 ο
707 4708 820 4762 ἀλλ’
870 4707 1083 4760 ἐπειδὰν
1135 4706 1385 4777 ἐξαιρεθῇ
1415 4706 1507 4758 τοῦ

1816 4725 1930 4764 tero
1958 4710 2172 4764 binario
2198 4711 2596 4766 consideranda
2640 4722 2802 4781 atque
2840 4718 3156 4785 accipienda
3203 4720 3273 4774 sit

54 4806 162 4872 ἡμῖν
193 4803 450 4875 φραγμοῦ
487 4802 546 4855 16
591 4801 900 4872 μεσότοιχον
929 4802 1028 4870 τῆς
1056 4801 1273 4865 κακίας,
1313 4795 1393 4863 εἷς
1429 4801 1476 4852 οἱ
1509 4823 1511 4844 ι

1840 4814 2026 4854 eorum
2049 4839 2064 4861 ,
2099 4799 2192 4868 qui
2229 4807 2375 4854 recte
2405 4801 2650 4870 egerint,
2683 4809 2736 4854 et
2770 4818 2882 4856 rem
2918 4805 3054 4859 bene
3086 4822 3272 4875 gesse~

53 4897 104 4961 τῇ
128 4896 262 4965 πρὸς
290 4894 350 4946 16
382 4897 624 4965 κρεῖττον
652 4894 936 4964 ἀνακρίσει
963 4894 1306 4962 συμφυέντες
1337 4891 1510 4960 γίνοντ

1827 4930 1841 4952 ,
1875 4891 1970 4944 sed
2020 4889 2109 4942 ubi
2142 4891 2496 4945 interstitium
2541 4891 2833 4947 vitiositate
2861 4909 2924 4948 ex
2966 4911 3028 4950 ea
3059 4913 3180 4966 quae
3217 4899 3271 4951 in

61 4986 263 5057 Ἐπειδὴ
300 4986 479 5039 τοίνυν
523 4985 725 5039 ἀπλοῦν
751 4987 810 5040 16
851 4985 992 5037 θεῖον
1039 4985 1132 5038 καὶ
1170 4983 1478 5049 ἀσύνθετον,
1509 5001 1518 5034 1

1818 4983 1864 5036 is
1892 4990 2008 5046 est,
2039 4997 2181 5051 saepe
2213 4990 2524 5052 exemptum
2557 4983 2754 5050 fuerit,
2785 4985 2894 5040 duo
2929 4987 3003 5040 illi
3033 4997 3274 5044 contem-

56 5076 442 5146 ἀσχημάτιστον
473 5071 609 5128 εἶναι
647 5076 1036 5137 πεπίστευται,
1069 5075 1198 5127 ὅταν
1226 5073 1318 5126 καὶ
1364 5073 1512 5145 [ὲπὶὶ

1812 5075 1981 5127 itione
2012 5090 2135 5128 eum
2167 5075 2376 5130 meliori
2407 5075 2781 5132 coalescentes
2811 5093 2952 5134 unus
2979 5081 3269 5134 exsistunt.

55 5166 375 5238 ἀνθρώπινον
408 5167 496 5219 διὰ
521 5168 620 5238 τῆς
647 5167 902 5239 τοιαύτης
926 5166 1296 5236 είρηνοποιῒας
1319 5207 1331 5228 ,
1358 5165 1462 5229 ἔξω
1496 5183 1512 5216 ς

1816 5167 1970 5220 miam
2002 5166 2168 5236 igitur
2201 5167 2430 5236 simplex
2481 5178 2533 5222 et
2586 5184 2693 5223 non
2742 5170 3105 5240 compositum
3153 5187 3273 5228 esse

50 5260 170 5312 κατὰ
218 5259 318 5330 τὴν
355 5257 545 5326 διπλῆν
582 5258 882 5320 συνθέσεως
926 5259 1184 5327 γένηται,
1231 5257 1323 5310 καὶ
1361 5257 1507 5326 ἀκριί

1819 5273 1947 5310 num
1977 5273 2176 5312 numen
2196 5298 2209 5323 ,
2235 5264 2288 5310 et
2310 5257 2486 5326 eﬁingi
2521 5265 2684 5328 atque
2709 5259 2952 5314 simulari
2979 5275 3086 5314 non
3115 5276 3273 5331 posse

49 5351 112 5411 εἰς
137 5351 196 5403 16
220 5349 423 5416 ἀγαθὸν
439 5347 722 5420 ἐπανέλθῃ,
748 5347 947 5401 ἁπλοῦν
975 5365 1032 5400 τε
1053 5348 1146 5400 καὶ
1172 5347 1506 5416 ἀσχημάτισιι

1816 5349 1967 5408 litur,
1999 5362 2122 5401 cum
2154 5346 2451 5400 humanum
2484 5362 2701 5418 quoque
2727 5363 2896 5418 genus
2922 5349 3098 5419 dupla:
3126 5367 3273 5406 eom-

48 5443 123 5492 καὶ
159 5442 238 5504 ὡς
283 5440 496 5510 ἀληθῶς
541 5439 599 5493 ἓν
651 5440 959 5509 γενόμενον,
1004 5439 1080 5502 ὡς
1125 5437 1321 5492 ταύτὸν
1359 5435 1497 5490 εἶναι

1818 5438 1962 5492 itioni
2011 5452 2104 5507 per
2134 5436 2296 5490 talem
2331 5435 2764 5505 paciﬁcationem
2807 5447 3115 5508 exemptum
3158 5440 3275 5496 fuc—

48 5533 258 5603 κρυπτῷ
282 5531 344 5585 τὸ
366 5531 704 5601 φαινόμενον,
725 5530 820 5583 καὶ
839 5530 916 5600 τῷ
941 5531 1250 5601 φαινομένῳ
1275 5530 1336 5583 τὸ
1365 5546 1505 5600 κεκρπ

1850 5543 1912 5583 ac
1945 5529 2102 5598 plene
2139 5527 2204 5581 ad
2240 5527 2442 5582 bonum
2471 5529 2782 5596 reverterit,
2813 5517 3040 5600 simplex
3071 5534 3274 5603 pariter

51 5626 190 5692 μένον
210 5642 222 5656 ·
256 5625 379 5678 τότε
411 5622 622 5692 ἀληθῶς
657 5620 915 5694 κυροῦται
945 5624 972 5674 6
1004 5623 1370 5694 μακαρισμὸς,
1405 5621 1496 5675 καὶ

1816 5621 1863 5676 ιι)
1899 5620 2187 5676 alfectione
2215 5627 2380 5690 atque
2419 5618 2770 5676 simulatione
2799 5635 3028 5676 vacuum
3050 5663 3065 5688 ,
3099 5637 3162 5678 ac
3191 5638 3273 5676 re-

311 5717 584 5777 Pnnor.
620 5717 736 5778 Gn.
769 5719 988 5778 XLIV.

2957 5712 3027 5774 Μ
