3696 5986
417 202 546 258 1291

1603 201 1659 256 S.
1704 200 2027 258 GREGOBII
2070 202 2363 262 NYSSENI

3531 210 3554 262 1
3564 210 3673 264 232

414 336 542 375 vara
571 336 738 374 unum
770 318 1022 375 eﬁ'ectum
1047 362 1060 386 ,
1093 331 1153 375 ut
1185 320 1324 376 idem
1360 335 1484 374 cum
1522 321 1846 378 abscondito
1881 324 1983 385 sit,

2159 343 2275 379 νται
2314 326 2518 398 κυρίως
2548 327 2596 380 oi
2638 327 2870 381 τοιοῦτοι
2905 327 3008 380 υἱοὶ
3027 327 3162 380 Θεοῦ
3186 365 3199 391 ,
3235 325 3672 397 μακαρισθέντες

313 459 327 480 κ
417 413 468 465 id
501 411 646 480 quod
680 402 942 480 apparet,
977 420 1031 466 et
1062 412 1180 467 vice
1216 427 1408 476 versa,
1441 411 1822 468 absconditum
1857 428 1984 468 cum

413 511 709 571 apparente
734 518 748 567 ;
781 509 911 555 tunc
940 517 1064 557 vere
1091 502 1446 556 conﬁrmatur
1473 517 1536 556 ac
1565 511 1680 556 rata
1707 503 1986 558 beatitudo

2094 417 2234 470 κατά
2261 417 2358 488 τὴν
2389 418 2717 487 ἐπαγγελίαν
2758 417 2856 471 τοῦ
2882 418 3086 488 Κυρίου
3117 417 3273 487 ἡμῶν
3316 416 3494 487 Ἰησοῦ
3533 416 3673 484 Χρι-

2094 505 2250 571 στοῦ,
2278 500 2322 574 ᾧ
2347 509 2379 577 ἡ
2415 507 2540 574 δόξα
2567 511 2646 570 εἰς
2680 511 2808 572 τούς
2847 507 3050 570 αἰῶνας
3072 507 3183 560 τῶν
3210 505 3446 560 αἰώνων.
3468 510 3673 576 Ἀμήν.

425 593 516 654 tit,
553 607 614 645 ac
665 593 803 646 tales
831 594 1049 662 proprie
1084 593 1178 646 ﬁlii
1219 591 1314 646 Dei
1345 592 1624 657 dicuntur,
1652 593 1796 648 beati
1823 593 2052 663 judicati
2091 611 2185 665 per
2219 599 2637 667 promissionem
2673 600 2884 655 Domini
2919 600 3095 656 nostri
3125 598 3260 656 Jesu
3291 599 3544 665 Christi,
3581 600 3673 653 cui

413 683 580 750 gloria
612 682 665 736 in
697 685 891 738 saecula
919 682 1263 738 saeculorum.
1295 681 1487 736 Amen.

985 793 1247 850 ORATIO
1280 794 1420 851 Vill.

415 885 566 939 Beati
587 887 677 956 qui
695 875 1105 951 persecutionem
1130 888 1408 954 patiuntur
1434 895 1646 954 propter
1668 886 1942 955 justitiam
1963 903 1981 940 :

628 957 876 1023 quoniam
905 973 1088 1010 eorum
1116 966 1194 1010 est
1225 973 1438 1025 regnum
1470 960 1740 1010 caelorum.

479 1043 627 1098 Ordo
669 1045 888 1115 quidem
945 1047 1198 1101 sublimis
1257 1046 1670 1116 disciplinarum
1721 1046 1986 1101 doctrinae

413 1144 730 1203 praesentem
761 1135 896 1190 dicti
928 1137 1444 1191 commentationem
1476 1139 1542 1191 ad
1578 1144 1828 1190 octavum
1858 1151 1987 1206 gra-

409 1225 537 1278 dum
579 1225 767 1280 ducit:
812 1242 910 1296 ego
944 1242 1075 1282 vero
1117 1227 1260 1280 haud
1301 1227 1538 1282 alienum
1583 1242 1704 1282 esse
1747 1226 1893 1289 dico,
1935 1226 1981 1281 si

411 1321 644 1386 primum
677 1319 806 1373 illud
850 1321 1066 1375 ratione
1095 1328 1259 1389 atque
1297 1320 1546 1374 oratione
1578 1319 1979 1384 consideretur,

2711 794 2930 849 ΛΟΓΟΣ
2961 792 3042 850 H'.

2081 881 2360 950 Μακάριοι
2385 887 2436 954 οἱ
2463 883 2837 954 δεδιωγμένοι
2865 885 3074 938 ἕνεκεν
3096 884 3500 954 δικαιοσύνης
3521 900 3536 916 ·
3571 883 3666 938 ὅτι

2269 953 2466 1007 αὐτῶν
2484 955 2656 1007 ἐστιν
2673 957 2710 1022 ἠ
2730 955 3020 1018 βασιλεία
3036 955 3154 1008 τῶν
3177 953 3480 1022 οὐρανῶν.

2163 1045 2227 1098 Ἦ
2249 1046 2346 1114 μὲν
2369 1045 2521 1110 τάξις
2545 1047 2644 1116 τῆς
2665 1047 2874 1117 ὑψηλῆς
2901 1045 3010 1100 τῶν
3041 1047 3383 1118 μαθημάτων
3413 1046 3673 1098 διδασκα-

2083 1135 2224 1199 λίας,
2257 1137 2349 1190 ἐπὶ
2381 1138 2472 1190 τὸν
2499 1138 2682 1206 ὃγδοον
2719 1140 2842 1207 ἄγει
2879 1139 3082 1210 βαθμὸν
3111 1144 3210 1211 τὴν
3249 1139 3546 1210 παροῦσαν
3579 1138 3673 1190 τοῦ

2085 1227 2252 1297 ῥητοῦ
2295 1227 2561 1299 θεωρίαν·
2610 1229 2721 1298 ἐγὼ
2765 1230 2822 1282 δὲ
2854 1230 3036 1294 καλῶς
3078 1230 3222 1300 ἔχειν
3257 1230 3406 1300 φημὶ
3453 1229 3673 1299 πρῶτον

2080 1316 2256 1369 ἐκεῖνο
2285 1318 2618 1388 κατανοῆσαι
2661 1317 2739 1388 τῷ
2775 1319 2920 1390 λόγῳ
2943 1359 2958 1382 ,
2986 1319 3040 1372 τί
3067 1320 3127 1372 τὸ
3164 1320 3262 1389 τῆς
3289 1318 3494 1388 ὀγδόης
3525 1319 3674 1387 παρὰ

411 1409 539 1478 quid
573 1409 643 1464 sit
672 1409 816 1479 apud
840 1409 1168 1480 Prophetam
1193 1417 1399 1463 octavae
1421 1409 1737 1480 mysterium
1763 1409 1982 1478 ",‘quaa

2183 1407 2441 1480 Προφήτῃ
2470 1409 2785 1478 μυστήριον,
2809 1410 2909 1480 τῆς
2941 1411 2998 1462 ὲν
3019 1409 3112 1462 δύο
3138 1408 3497 1479 ψαλμῳδίαις
3537 1425 3673 1476 προ-

411 1499 626 1553 duobus
673 1501 900 1568 psalmis
941 1501 1309 1569 praeponitur:
1369 1501 1499 1570 quid
1529 1501 1690 1554 etiam
1727 1500 1982 1568 puriﬁca-

2074 1498 2412 1567 τεταγμένης
2431 1515 2444 1528 ’
2478 1495 2536 1550 τί
2573 1499 2629 1551 δὲ
2659 1501 2688 1551 ὀ
2738 1499 3106 1570 μακαρισμὸς,
3135 1501 3229 1552 καὶ
3261 1499 3298 1569 ἡ
3324 1497 3432 1568 τῆς
3457 1515 3673 1568 περιτο·

409 1590 502 1652 tio,
565 1589 895 1658 sanctioque
946 1591 1414 1645 circumcisionis:
1468 1605 1588 1659 quze
1642 1599 1870 1658 utraque
1927 1599 1982 1643 ut

2159 1607 2194 1658 ,ς
2217 1590 2526 1658 νομοθεσία,
2564 1590 2706 1644 κατά
2743 1591 2840 1660 τὴν
2872 1591 3062 1660 ὀγδόην
3093 1591 3383 1660 ἀμφότερα
3415 1589 3498 1658 τῷ
3527 1591 3672 1658 νόμῳ

408 1686 603 1734 octavo
656 1679 741 1733 die
770 1682 1218 1743 observarentur,
1272 1683 1388 1748 lege
1428 1691 1648 1736 cautum
1679 1691 1816 1736 erat.
1849 1680 1982 1735 For-

409 1769 552 1821 sitan
597 1767 800 1836 aliquid
855 1775 1146 1837 cognatum
1200 1769 1363 1824 habet
1412 1771 1500 1823 hic
1550 1785 1812 1824 numerus
1857 1785 1981 1824 cum

407 1869 600 1911 octava
641 1859 1012 1913 beatitudine:
1060 1874 1181 1929 quae
1213 1867 1473 1930 tanquam
1517 1869 1706 1914 vertex
1739 1861 1981 1914 omnium

408 1950 807 2004 beatitudinum
858 1951 911 2002 in
943 1965 1159 2004 summo
1189 1949 1360 2020 gradu
1413 1951 1540 2005 boni
1579 1966 1842 2006 ascensus
1888 1967 1984 2021 po-

408 2042 511 2096 sita
542 2049 644 2095 est.
679 2039 812 2094 Nam
855 2049 908 2094 et
941 2041 1050 2094 illic
1091 2041 1353 2111 propheta
1388 2043 1810 2096 resurrectionis
1840 2043 1982 2097 diem

406 2147 504 2201 per
562 2140 767 2185 octavae
817 2131 1162 2185 involucrum
1207 2138 1262 2186 et
1305 2132 1534 2202 aenigma
1595 2131 1867 2202 designat,
1931 2140 1984 2187 et

406 2222 716 2292 puriﬁcatio
747 2221 1085 2291 coinquinati
1118 2221 1358 2276 hominis
1388 2222 1622 2275 reditum
1659 2222 1726 2275 ad
1755 2229 1982 2276 natura-

408 2319 511 2367 lem
550 2312 846 2381 puritatem
875 2311 1134 2374 ostendit,
1171 2319 1226 2366 et
1261 2312 1611 2365 circumcisio
1644 2320 1981 2366 mortuarum

407 2405 650 2472 pellium,
690 2418 829 2474 quas
876 2413 998 2474 post
1042 2403 1468 2458 inobedientiam
1516 2403 1622 2456 vita
1676 2402 1863 2455 nudati
1903 2403 1984 2455 in-

408 2495 726 2558 dueramus,
763 2496 970 2549 indicat
999 2495 1392 2563 abjectionem:
1424 2501 1476 2547 et
1510 2492 1600 2547 hic
1627 2502 1819 2547 octava
1854 2494 1984 2547 bea-

407 2586 584 2639 titudo
634 2586 1036 2639 restitutionem
1070 2586 1124 2638 in
1158 2585 1326 2638 caelos
1351 2584 1594 2637 continet
1638 2599 1849 2647 eorum,
1891 2585 1982 2652 qui

408 2676 463 2728 in
501 2676 820 2729 servitutem
845 2675 1064 2745 quidem
1098 2675 1305 2743 delapsi
1339 2681 1516 2735 erant,
1555 2673 1649 2728 sed
1687 2689 1882 2729 rursus
1917 2690 1986 2729 ex

408 2766 670 2821 servitute
709 2765 762 2818 in
796 2780 1021 2834 regnum
1069 2765 1305 2819 revocati
1338 2772 1484 2818 sunt.
1526 2764 1676 2817 Beati
1713 2765 1870 2828 enim,
1903 2763 1986 2817 in-

405 2858 544 2927 quit,
577 2856 667 2924 qui
703 2857 1114 2922 persecutionem
1151 2855 1430 2922 patiuntur
1467 2863 1676 2922 propter
1709 2870 1821 2908 me:
1855 2871 1983 2924 quo-

407 2952 551 3000 niam
583 2947 816 3012 ipsorum
844 2956 920 2998 est
962 2961 1176 3014 regnum
1208 2946 1456 2997 cmlorum
1481 2945 1544 2998 ⁸⁸.
1600 2945 1740 2999 Ecce
1774 2945 1898 3001 ﬁnis
1927 2955 1982 2999 et

405 3039 640 3088 eventus
668 3033 978 3088 divinorum
1024 3035 1410 3094 certaminum,
1469 3041 1522 3086 et
1557 3042 1779 3103 propter
1815 3035 1980 3088 Deum

407 3130 790 3191 susceptorum
841 3123 1234 3191 periculorum,
1289 3122 1534 3176 laborum
1591 3124 1980 3188 remuneratio,

407 3215 668 3269 sudorum
704 3213 991 3283 praemium
1019 3232 1030 3266 :
1072 3229 1182 3282 quo
1211 3228 1437 3283 regnum
1469 3213 1734 3268 caelorum
1765 3215 1984 3268 athleta:

407 3315 840 3375 consequuntur.
860 3303 978 3358 Non
1004 3306 1237 3375 amplius
1264 3306 1411 3359 circa
1441 3321 1554 3360 rem
1583 3306 1888 3361 instabilem
1919 3321 1984 3361 ac

407 3397 806 3451 mutationibus
865 3397 1166 3449 variantem
1219 3395 1497 3449 felicitatis
1555 3410 1681 3464 spes
1740 3396 1978 3450 oberrat.

405 3483 542 3538 Nam
584 3493 834 3539 terrenus
889 3483 1042 3538 locus
1081 3490 1164 3536 est
1197 3482 1286 3546 iis,
1318 3497 1440 3551 quae
1475 3483 1840 3538 alternatione
1887 3499 1982 3538 va-

406 3575 621 3628 riantur
655 3588 718 3629 ac
753 3581 1066 3636 mutantur;
1099 3572 1166 3627 de
1203 3573 1270 3626 iis
1306 3588 1434 3627 vero
1480 3588 1601 3642 quae
1633 3589 1726 3642 per
1757 3575 1978 3639 coelum,

405 3674 459 3720 et
486 3673 796 3728 moventur,
829 3674 882 3720 et
908 3675 1190 3735 apparent,
1228 3665 1364 3719 nihil
1399 3665 1507 3719 tale
1533 3666 1871 3731 judicamus,
1923 3677 1983 3721 ut

407 3771 515 3810 non
544 3756 732 3810 eodem
756 3755 1195 3810 modonimirum
1224 3769 1288 3808 ac
1309 3755 1560 3810 similiter
1585 3771 1707 3811 sese
1727 3757 1980 3822 habeant,

407 3846 501 3900 sed
526 3845 668 3900 serie
704 3854 868 3915 atque
891 3846 1082 3900 ordine
1121 3846 1623 3916 consequentiaque
1663 3863 1821 3902 suum
1850 3864 1984 3918 quo-

407 3949 512 4003 que
543 3949 762 3988 cursum
804 3923 1008 3996 omnia,
1040 3949 1160 4002 quae
1205 3934 1352 3987 circa
1413 3935 1611 3988 ccelum
1646 3945 1803 4001 sunt,
1861 3952 1984 4007 per-

408 4031 593 4095 agunt.
628 4023 792 4078 Vides
819 4025 982 4094 igitur
1015 4024 1395 4080 excellentiam
1423 4026 1573 4090 doni,
1611 4027 1753 4096 quod
1791 4043 1894 4082 non
1928 4030 1980 4082 in

410 4115 496 4177 iis,
547 4130 668 4184 quae
718 4122 1021 4176 mutantur,
1072 4116 1500 4184 magnitudinem
1557 4117 1836 4186 dignitatis
1875 4121 1984 4173 lar-

2084 1680 2565 1750 παρατηρούμενα.
2613 1682 2767 1751 Τάχα
2802 1691 2854 1734 τι
2887 1681 3146 1749 συγγενὲς
3179 1682 3208 1733 ὀ
3245 1679 3490 1750 ἀριθμὸς
3517 1673 3671 1740 οὗτος

2083 1771 2218 1841 πρὸς
2242 1772 2339 1840 τὴν
2366 1771 2556 1841 ὀγδόην
2591 1771 2701 1841 ἔχει
2753 1774 3130 1842 μακαριότητα
3153 1790 3166 1804 ·
3203 1772 3330 1841 ἥτις
3367 1771 3564 1841 ὥσπερ
3585 1789 3670 1823 κο-

2088 1861 2229 1932 ρυφὴ
2272 1862 2380 1915 τῶν
2426 1863 2799 1934 μακαρισμῶν
2837 1863 3056 1917 πάντων
3099 1863 3191 1915 ἐπὶ
3229 1860 3325 1914 τοῦ
3361 1862 3668 1932 ἀκροτάτου

2083 1956 2257 2006 κεῖται
2279 1954 2375 2023 τῆς
2404 1955 2612 2024 ἀγαθῆς
2636 1954 2970 2018 ἀναϐάσεως.
3024 1953 3173 2007 Ἑκεί
3202 1970 3262 2007 τε
3315 1952 3432 2024 γὰρ
3463 1954 3494 2005 ὀ
3527 1955 3666 2023 Προ-

2085 2046 2260 2115 φήτης
2286 2044 2383 2115 τὴν
2417 2045 2784 2114 ἀναστάσιμον
2815 2045 3027 2115 ἡμέραν
3066 2043 3143 2113 τῷ
3168 2043 3270 2113 τῆς
3303 2043 3504 2112 ὀγδόης
3534 2045 3668 2096 aM.

2083 2153 2250 2206 γματι
2275 2136 2636 2206 διασημαίνει,
2671 2137 2764 2188 καὶ
2787 2138 2815 2188 ὀ
2846 2135 3188 2205 καθαρισμὸς
3217 2133 3318 2204 τὴν
3347 2135 3444 2187 ἐπὶ
3463 2134 3532 2186 τὸ
3577 2150 3668 2187 κι-

2085 2223 2248 2293 θαρόν
2285 2240 2345 2275 τε
2383 2223 2476 2275 καὶ
2501 2221 2641 2274 κατὰ
2674 2221 2836 2290 φύσιν
2871 2222 3127 2276 ἐπάνοδον
3158 2219 3254 2274 τοῦ
3308 2219 3667 2290 μολυνθέντος

2083 2309 2368 2380 ἀνθρώπου
2403 2311 2732 2364 ἐνδείκνυται
2754 2353 2768 2375 ,
2796 2312 2890 2364 καλ⁵
2922 2313 2954 2381 ή
2996 2309 3263 2380 περιτομὴ
3302 2310 3404 2377 τὴν
3437 2309 3550 2362 τῶν
3584 2326 3664 2360 νε-

2083 2400 2230 2471 κρῶν
2277 2400 2563 2472 δερμάτων
2621 2400 2892 2470 ἀποϐολὴν
2927 2399 3254 2471 ἑρμηνεύει,
3302 2398 3338 2452 ἃ
3385 2398 3530 2468 μετὰ
3577 2399 3665 2468 τὴν

2085 2491 2366 2560 παρακοὴν
2395 2491 2492 2558 τῆς
2523 2489 2669 2560 ζωῆς
2702 2490 3080 2558 γυμνωθέντες
3117 2488 3492 2556 ὲνεδυσὰμεθα
3513 2503 3526 2513 ·
3582 2491 3665 2540 καὶ

2083 2578 2315 2632 ἐνταῦθα
2348 2581 2380 2648 ἡ
2413 2579 2571 2648 ὀγδόη
2613 2580 2972 2650 μακαριότης,
2997 2580 3095 2649 τὴν
3134 2581 3212 2640 εἰς
3245 2579 3372 2640 τοὺς
3397 2579 3662 2648 οὐρανοὺς

2083 2669 2526 2722 ἀποκατάστασιν
2560 2669 2669 2737 ἔχει
2747 2668 2854 2721 τῶν
2884 2671 2962 2731 εἰς
2989 2667 3231 2720 δουλείαν
3267 2668 3367 2736 μὲν
3397 2669 3660 2719 ἐκπεσόν-

2083 2777 2209 2822 των,
2240 2761 2333 2812 ἐπὶ
2360 2749 2634 2828 βασιλείαν
2655 2760 2710 2811 δὲ
2742 2760 2904 2812 πάλιν
2925 2763 2989 2812 ὲκ
3021 2761 3117 2829 τῆς
3147 2757 3390 2820 δουλείας
3416 2757 3656 2825 ἀνακλη-

2087 2850 2306 2906 θέντων.

2155 2943 2438 3011 Μακάριοι
2453 2945 2579 3016 γάρ,
2597 2960 2671 3013 φη
2680 2944 2782 3008 σίν,
2806 2945 2860 2996 οἱ
2873 2941 3248 3010 δεδιωγμένοι
3264 2940 3481 2994 ἕνεκεν
3494 2939 3656 3009 ἐμοῦ

2083 3031 2172 3085 ὅτι
2203 3032 2400 3085 αὐτῶν
2413 3032 2583 3084 ἐστιν
2606 3033 2642 3097 ἢ
2665 3031 2956 3094 ,ϐασιλεία
2977 3029 3095 3082 τῶν
3116 3027 3407 3096 οὐρανῶν.
3453 3027 3596 3082 ’ἰδοὺ
3613 3028 3660 3077 τὸ

2084 3123 2254 3192 πέρας
2279 3121 2385 3174 τῶν
2418 3122 2556 3176 κατά
2595 3121 2727 3174 Θεὸν
2753 3121 3000 3188 ἀγώνων,
3037 3119 3097 3171 τὸ
3121 3119 3226 3172 τῶν
3252 3119 3432 3171 πόνων
3462 3118 3655 3188 γέρας,

2082 3212 2142 3265 τὸ
2179 3212 2287 3264 τῶν
2325 3209 2562 3280 ἱδρώτων
2609 3209 2840 3262 ἔπαθλον
2864 3225 2877 3238 θ
2912 3210 2973 3261 τὸ
3008 3208 3105 3278 τῆς
3154 3209 3213 3260 ἐν
3257 3211 3371 3270 τοῖς
3409 3208 3656 3278 οὐρανοῖς

2085 3302 2360 3372 βασιλείας
2389 3301 2704 3370 ἀξιωθῆναι.
2755 3300 2950 3352 Οὐκέτι
2984 3299 3111 3368 περὶ
3142 3298 3203 3350 τὸ
3229 3297 3463 3351 άστατόν
3489 3315 3548 3349 τε
3581 3300 3655 3348 καὶ

2083 3393 2458 3463 ἀλλοιούμενον
2478 3395 2511 3463 ἡ
2535 3393 2634 3462 τῆς
2662 3389 2956 3463 εὐκληρίας
2987 3390 3137 3452 ὲλπὶς
3170 3388 3560 3442 διαπλανᾶται.
3610 3389 3653 3438 'U

2082 3487 2192 3554 γὰρ
2217 3462 2689 3553 περίγειοςχῶρος
2710 3462 2819 3536 τῶν
2837 3481 3186 3552 τρεπομένων
3209 3497 3267 3532 τε
3297 3479 3395 3550 καὶ
3424 3479 3653 3534 ἀλλοιου-

2086 3573 2261 3641 μένων
2294 3573 2447 3624 ἐστί’
2490 3571 2597 3623 τῶν
2637 3573 2693 3624 δὲ
2725 3571 2864 3623 κατὰ
2911 3571 3000 3623 τὸν
3049 3569 3273 3638 οὐρανὸν
3318 3571 3652 3638 φαινομένων

2081 3679 2141 3715 τε
2169 3661 2264 3715 καὶ
2300 3663 2651 3734 κινουμένων,
2681 3663 2834 3716 οὐδὲν
2861 3663 3062 3715 τούτων
3098 3658 3568 3729 ὲπιγινώσκομεν,
3595 3661 3652 3719 ὡς

2087 3755 2332 3825 μὴκατὰ
2370 3756 2437 3808 τὰ
2481 3755 2620 3808 αὐτὰ
2664 3755 2754 3808 καὶ
2795 3755 3055 3816 ὡσαύτως
3087 3753 3268 3823 ἔχειν,
3330 3751 3447 3804 ἀλλ’
3489 3750 3654 3821 eipyt}

2095 3849 2188 3899 καὶ
2211 3847 2361 3913 τάξει
2389 3848 2482 3900 καὶ
2506 3846 2797 3918 ἀκολουθίᾳ
2827 3847 2961 3917 πρὸς
2985 3846 3075 3899 τὸν
3107 3845 3234 3897 ἴδιον
3256 3843 3463 3915 δρόμον
3491 3844 3652 3896 πάντα

2086 3934 2223 3987 κατά
2267 3935 2358 3988 τὸν
2416 3935 2646 4004 οὐρανὸν
2687 3934 3072 4004 διεξέρχεσθαι.
3131 3933 3292 4003 Ὁρᾷς
3347 3933 3536 3984 τοίνυν
3574 3931 3651 3998 τῆς

2085 4028 2292 4093 δωρεᾶς
2317 4027 2412 4097 τὴν
2443 4026 2746 4098 ὑπερϐολήν
2773 4043 2787 4092 ;
2831 4027 2912 4079 ὅτι
2944 4025 3042 4078 οὐκ
3075 4025 3132 4076 ὲν
3155 4026 3264 4085 τοῖς
3299 4022 3648 4092 τρεπομένοις

2091 4120 2152 4170 τὸ
2189 4118 2418 4188 μέγεθος
2444 4121 2541 4188 τῆς
2567 4117 2722 4184 ἀξίας
2761 4115 3067 4188 χαρίζεται,
3093 4113 3166 4176 ὡς
3193 4113 3258 4167 ἂν
3299 4113 3352 4165 ετ
3387 4129 3478 4174 τις
3505 4129 3648 4181 μητι-

408 4205 574 4271 gitur,
608 4220 674 4259 ne
698 4206 791 4275 qui
820 4204 1136 4260 mutationis
1160 4213 1336 4261 metus
1360 4206 1557 4260 bonam
1584 4223 1732 4277 spem
1764 4211 1939 4266 turbet
1962 4229 1976 4276 ;

2159 4208 2245 4276 λῆς
2293 4208 2455 4276 φόϐος
2497 4209 2591 4270 τὰς
2640 4207 3011 4278 χρηστοτέρας
3066 4205 3288 4268 ἐλπίδας
3337 4207 3646 4276 παραλυπῆ-

413 4299 508 4354 sed
529 4314 651 4352 cum
677 4314 904 4369 regnum
927 4300 1189 4354 etelorum
1215 4301 1373 4365 dixit,
1405 4301 1647 4355 ostendit
1678 4301 1728 4354 id
1755 4302 1978 4367 donum,

406 4389 552 4459 quod
583 4390 740 4445 nobis
771 4390 874 4445 sub
906 4405 1002 4460 spe
1028 4389 1369 4460 propositum
1401 4399 1505 4455 est,
1556 4406 1662 4444 non
1696 4407 1818 4447 esse
1862 4409 1978 4448 mu-

408 4480 594 4542 tabile.
627 4481 724 4536 sed
753 4496 972 4550 semper
1001 4481 1190 4536 eodem
1225 4482 1385 4536 modo
1413 4498 1534 4538 sese
1564 4483 1781 4538 habere.

477 4570 556 4624 Ex
582 4571 694 4639 jam
727 4571 887 4626 dictis
913 4580 1117 4637 autem,
1151 4589 1273 4642 quae
1306 4574 1437 4627 mihi
1473 4589 1596 4628 cum
1641 4575 1981 4632 dubitatione

406 4677 648 4732 qumrere
680 4661 733 4715 in
764 4669 999 4717 mentem
1033 4664 1200 4730 venit,
1235 4663 1349 4717 hzec
1395 4673 1552 4718 sunt:
1594 4667 1828 4734 primum
1858 4669 1978 4737 qui-

405 4755 527 4808 dem
560 4767 661 4807 cur
697 4768 844 4819 eum,
893 4755 987 4823 qui
1019 4755 1214 4824 spiritu
1251 4769 1456 4824 pauper
1492 4756 1583 4819 sit,
1638 4757 1691 4810 in
1727 4759 1976 4812 eumdem

405 4846 608 4909 locum,
657 4860 768 4914 quo
797 4859 912 4908 eos,
947 4845 1038 4912 qui
1074 4853 1294 4915 propter
1323 4845 1500 4915 ipsum
1538 4848 1977 4916 persecutionem

405 4935 703 5004 patiantur,
739 4934 1034 5002 recipiens,
1079 4948 1264 5004 parem
1297 4935 1542 5005 utrisque
1587 4940 1981 4995 remuneratio-

406 5043 529 5082 nem
574 5026 879 5096 proponat?
911 5025 1174 5096 (Quorum
1203 5027 1348 5082 enim
1379 5030 1660 5096 praemium
1703 5030 1846 5086 idem
1871 5041 1976 5097 est,

409 5119 603 5172 horum
630 5118 884 5171 nimirum
903 5118 1068 5172 etiam
1093 5118 1392 5174 certamina
1413 5120 1562 5189 paria
1590 5125 1762 5192 sunt.)
1782 5122 1982 5178 Deinde

410 5223 537 5262 vero
565 5208 660 5276 qui
697 5208 808 5272 ﬁat,
843 5217 902 5261 ut
928 5206 1198 5262 discretos
1228 5207 1451 5263 dextros
1486 5223 1515 5262 a
1551 5211 1792 5266 sinistris
1838 5213 1980 5265 invi-

407 5308 530 5352 tans
561 5298 624 5351 ad
660 5313 886 5368 regnum
917 5299 1206 5362 caelorum,
1259 5299 1397 5355 alias
1427 5301 1701 5369 ejusmodi
1752 5304 1977 5360 honoris

408 5402 604 5442 causas
638 5389 911 5458 assignet?
959 5389 1094 5444 Nam
1135 5404 1260 5444 cum
1314 5391 1425 5446 illic
1454 5398 1509 5447 et
1543 5393 1976 5466 condolcntiam,

490 5546 531 5576 "
567 5557 708 5614 Psal.
750 5577 858 5614 xvu
893 5573 944 5618 ct
970 5577 1046 5617 xl.
1125 5563 1168 5595 ⁸⁸
1209 5563 1401 5618 Matth.
1443 5581 1496 5631 v,
1537 5566 1622 5622 l0.

2087 4318 2227 4354 σειεν
2250 4317 2262 4329 °
2295 4300 2406 4352 ἀλλ’
2445 4298 2690 4370 οὐρανῶν
2732 4299 2828 4368 μὲν
2866 4298 3142 4368 βασιλείαν
3185 4298 3356 4351 εἰπὼν
3378 4339 3394 4363 ,
3429 4301 3643 4353 δείκνυσι

2083 4395 2143 4447 τὸ
2180 4393 2551 4464 ἀμετάϐλητον
2585 4394 2678 4446 καὶ
2702 4394 2788 4448 ἀεὶ
2821 4395 3086 4457 ὡσαύτως
3115 4393 3237 4463 ἕχον
3290 4395 3398 4464 τῆς
3430 4398 3553 4449 κατ’

2084 4486 2213 4539 πίδα
2244 4486 2607 4557 προκειμένης
2633 4488 2765 4557 ἡμῖν
2789 4486 3014 4556 δωρεᾶς.

2159 4578 2223 4629 Ὃ
2249 4577 2306 4630 δέ
2349 4593 2438 4647 μοι
2475 4576 2751 4646 διαπορεῖν
2775 4579 2839 4630 ὲκ
2870 4576 2978 4629 τῶν
3009 4576 3315 4648 εἰρημένων
3345 4578 3638 4648 ἐπέρχεται,

2085 4668 2242 4722 τοῦτό
2294 4670 2472 4721 ἐστιν’
2523 4668 2735 4740 πρῶτον
2786 4668 2917 4738 μὲν,
2969 4669 3049 4721 ὅτι
3104 4667 3181 4737 τῷ
3226 4669 3543 4738 πτωχεῦσαι
3587 4666 3636 4734 τῷ

2087 4761 2480 4831 πνεύματιτοῖς
2509 4761 2693 4813 ’ένεκεν
2716 4759 2876 4813 αὐτοῦ
2899 4759 3220 4829 διωχθεῖσιν,
3254 4761 3337 4822 εἰς
3376 4761 3491 4813 ἴσον
3520 4762 3634 4825 ἄγευ

2085 4852 2364 4922 ἑκατέροις
2403 4851 2464 4904 τὸ
2492 4851 2662 4922 γέρας
2694 4850 3042 4923 προστίθησιν
3061 4893 3072 4905 .
3125 4844 3224 4904 Ὧν
3265 4849 3379 4921 γὰρ
3410 4852 3473 4903 τὸ
3502 4848 3632 4902 ἔπιϐ-

2085 4943 2174 4996 λον
2230 4943 2290 4996 τὸ
2334 4943 2496 5008 αὐτὸ,
2541 4942 2760 4996 τούτωνς
2780 4942 2977 5012 δηλαδὴ
3025 4943 3120 4996 καὶ
3171 4943 3218 4994 οἱ
3269 4941 3486 5010 ἀγῶνες
3526 4944 3631 4994 [σοι’

2081 5035 2271 5089 ἔπειτα
2301 5034 2357 5086 δὲ
2386 5034 2501 5097 πῶς
2531 5035 2658 5097 τοὺς
2687 5032 2891 5098 δεξιοὺς
2939 5034 3046 5088 ἀπὸ
3079 5032 3188 5086 τῶν
3221 5033 3524 5104 εὐωνύμων
3551 5032 3628 5083 δια·

2083 5126 2270 5196 κρίνας
2293 5166 2307 5189 ,
2349 5126 2735 5197 προσκαλεῖται
2769 5126 2904 5197 πρὸς
2933 5125 3031 5196 τὴν
3059 5125 3166 5178 τῶν
3215 5125 3471 5195 οὐρανῶν
3515 5125 3626 5194 βασι·

2082 5217 2252 5279 λείαν,
2287 5216 2448 5281 ἄλλας
2487 5216 2588 5287 τῆς
2623 5215 2879 5288 τοιαύτης
2910 5216 3076 5287 τιμῆς
3106 5215 3206 5277 τὰς
3241 5217 3429 5279 αἰτίας
3459 5216 3626 5281 λέγωιιῖ

2083 5309 2157 5362 Τὸ
2183 5309 2291 5380 γὰρ
2326 5308 2607 5379 συμπαθές
2639 5326 2696 5361 τε
2721 5309 2814 5362 καὶ
2843 5307 3188 5378 μεταδοτικδν
3224 5308 3322 5360 καὶ
3349 5306 3624 5376 eamne

2081 5401 2196 5454 ἐκεῖ
2227 5401 2545 5471 προφέρων,
2573 5400 2809 5472 οὐδαμοῦ
2847 5401 3121 5472 μέμνηται
3151 5397 3276 5452 οὐτε
3298 5400 3401 5469 τῆς
3429 5406 3622 5466 manu“:
