3696 5986
142 216 287 271 1295

1171 215 1259 270 DE
1308 214 1909 271 BEATITUDINIBUS.
1952 215 2211 273 ORATIO
2239 217 2371 272 Vlil.

3258 225 3391 283 129$

138 337 301 406 τικῆς
340 332 646 402 πτωχείας,
694 328 816 383 οὕτε
850 330 947 400 τῆς
981 331 1162 385 ένεκεν
1202 333 1411 386 ἐκείνου
1448 330 1712 396 διώξεως·

1911 331 2229 389 facultatum
2260 333 2833 403 communicationem,
2869 347 2925 394 et
2951 348 3196 395 mutuum
3239 360 3385 402 amt»

137 428 320 482 καίτοι
363 425 498 479 πολὺ
543 425 688 478 δοκεί
727 423 868 478 κατά
903 424 962 478 τὸ
995 424 1282 496 πρόχειρον
1336 426 1434 496 τῆς
1477 423 1715 487 διανοίας

136 520 239 574 ἀπ’
286 517 531 588 ἀλλήλων
567 497 738 570 ταῦτα
774 513 1170 587 διακεκρίσθαι.
1209 515 1274 569 Τί
1324 516 1433 587 γὰρ
1476 518 1721 569 κοινωνεί

137 609 202 662 τὸ
246 606 557 679 πτωχεῦσαι
586 605 662 677 τῷ
708 604 1035 676 διωχθῆναι;
1070 607 1139 659 Ἣ
1174 605 1345 659 ταῦτα
1398 606 1559 661 πάλιν
1599 608 1719 660 τίνα

137 696 458 768 συμφωνίαν
488 695 599 767 ἔχει
636 694 770 765 πρὸς
796 693 866 747 τὰ
892 696 990 765 τῆς
1012 695 1355 767 ἀγαπητικῆς
1384 695 1720 767 συμπαθείας

134 786 558 856 ἀποτελέσματα
582 802 598 852 ;
634 784 868 855 Ἐθρεψέ
909 801 993 848 τις
1021 784 1109 838 τὸν
1131 784 1404 855 δεόμενον,
1450 786 1482 857 ἢ
1512 786 1601 841 τὸν
1625 802 1719 855 γυ-

135 879 275 947 μνὸν
311 876 653 948 περιέϐαλεν,
708 875 742 947 ἢ
795 876 1052 946 στεγητὸν
1101 876 1281 948 όδίτην
1311 877 1648 950 ἐδεξιώσατο,
1683 879 1717 950 ἢ

135 966 455 1023 ἀσθενοῦντι
488 965 582 1019 καὶ
613 964 985 1035 κατακλείστῳ
1016 964 1114 1037 τὴν
1160 967 1511 1039 ἐνδεχομένην
1558 967 1719 1039 θερα-

134 1061 303 1115 πείαν
330 1060 681 1131 προσήγαγεν
707 1074 720 1087 ·
750 1058 802 1110 τί
834 1057 1004 1112 ταῦτα
1027 1058 1161 1130 πρὸς
1191 1059 1251 1113 τὸ
1279 1060 1590 1131 πτωχεῦσαι
1625 1061 1718 1114 καὶ

132 1153 436 1224 διωχθῆναι
481 1151 657 1206 κοινὸν
694 1149 830 1221 ἔχει,
868 1150 1009 1204 κατὰ
1048 1152 1139 1205 τὸν
1169 1151 1259 1204 τοῦ
1288 1151 1719 1223 ἐπιτηδεύματος

131 1244 330 1314 λόγον;
365 1236 533 1306 Οὗτος
579 1241 860 1312 ἀλλοτρίας
898 1241 1183 1313 συμφορὰς
1208 1241 1496 1314 θεραπεύει
1521 1259 1534 1275 ο
1572 1243 1718 1297 ἐκεῖ-

130 1354 246 1391 νων
281 1335 338 1389 δὲ
375 1333 665 1404 ἑκάτερος,
692 1332 721 1384 ὃ
756 1349 814 1385 τε
846 1331 1139 1402 πτωχεῦων
1166 1332 1260 1386 καὶ
1292 1334 1320 1385 6
1355 1333 1714 1403 διωκόμενος,

130 1428 248 1482 τῶν
300 1424 712 1498 θεραπευόντων
754 1423 1074 1494 προσδέεται
1100 1463 1114 1487 ,
1145 1423 1280 1478 ἀλλὰ
1311 1423 1372 1477 τὸ
1413 1424 1587 1494 πέρας
1625 1426 1719 1478 ἐπὶ

132 1519 360 1573 πάντων
385 1515 516 1570 ἴσον.
559 1514 789 1585 Ὁμοίως
821 1512 927 1585 γὰρ
949 1514 1025 1577 είς
1054 1513 1277 1584 οὐρανὸν
1306 1515 1429 1582 ἄγει
1449 1516 1538 1568 τὸν
1570 1533 1716 1569 πτω-

132 1607 412 1678 χεύσαντα
450 1604 526 1674 τῷ
572 1603 863 1674 πνεύματι,
912 1602 1005 1655 καὶ
1041 1602 1134 1656 τὸν
1171 1603 1355 1657 ἕνεκεν
1393 1604 1557 1658 αὐτοῦ
1588 1606 1714 1659 διω-

131 1666 358 1768 χθέντα,
387 1696 480 1750 καὶ
498 1666 625 1758 τοὺς
655 1666 1015 1765 τδσυμπαθὲς
1040 1694 1474 1766 ἐπιδειξαμένους
1500 1697 1635 1766 πρὸς
1654 1698 1715 1750 τδ
1748 1666 1789 1726 Β

129 1788 431 1860 ὁμόφυλον.
462 1786 527 1839 Τί
547 1783 639 1840 οῦν
670 1802 845 1856 φαμεν
869 1785 1004 1857 πρὸς
1029 1786 1231 1851 ταῦτα;
1269 1787 1388 1839 Ὅτι
1421 1787 1601 1858 ἔχεται
1628 1790 1718 1842 ἁλι

130 1880 319 1950 λήλων
347 1878 417 1932 τὰ
453 1878 628 1931 πάντα
667 1877 801 1948 πρὸς
831 1876 922 1930 τὸν
964 1876 1058 1930 ἕνα
1104 1877 1303 1931 σκοπὸν
1335 1882 1720 1935 συννενευκότα

132 1970 234 2024 καὶ
256 1968 619 2039 συμπνέοντα.
649 1967 724 2020 ’Ἢ
743 1983 802 2018 τε
831 1965 941 2036 γὰρ
964 1965 1202 2037 πτωχεία
1229 1968 1364 2038 πρὸς
1393 1970 1721 2039 μετανάστα-

133 2076 223 2113 σιν
256 2056 507 2123 εὔκολος,
548 2056 643 2110 καὶ
684 2058 718 2127 ή
764 2054 1128 2126 φιλοπτωχεία
1171 2057 1270 2128 τῆς
1311 2060 1582 2130 πτωχείας
1620 2063 1718 2116 οὐκ

130 2148 516 2221 ἠλλοτρίωται.
565 2146 727 2201 Ἀλλά
768 2164 857 2218 μοι
897 2148 1043 2202 δοκεί
1069 2146 1248 2211 καλῶς
1279 2146 1421 2219 ἔχειν
1451 2152 1715 2224 πρότερον

128 2240 227 2293 τὸν
260 2239 502 2310 παρόντα
521 2238 675 2307 λόγον
705 2237 1076 2309 ἀναζητῆσαι·
1105 2237 1205 2290 εἶθ’
1227 2236 1368 2292 οὕτω
1393 2239 1489 2309 τὴν
1521 2242 1576 2293 ἐν
1604 2245 1714 2306 τοῖς

130 2328 527 2401 ἐξητασμένοις
550 2328 867 2400 συμφωνίαν
900 2329 992 2381 καὶ
1018 2327 1108 2382 τὸν
1140 2328 1264 2381 νοῦν
1286 2330 1704 2400 ἐπισκέψασθαι.

1822 438 1936 479 rem
1987 423 2249 493 proferat,
2312 440 2488 496 neque
2535 420 2836 496 Spiritualis
2884 433 3162 501 egestatis,
3215 450 3394 506 neque

1820 520 2041 582 propter
2089 514 2267 584 ipsum
2318 517 2716 582 persecutionis
2776 534 3007 589 usquam
3063 525 3392 581 intentionem

1821 602 1982 657 facit:
2022 618 2333 674 quanquam
2387 606 2616 661 multum
2651 607 2765 663 haec
2796 611 3095 667 secundum
3134 631 3267 681 eum,
3310 619 3395 672 in-

1822 693 2119 759 tellectum,
2169 695 2262 764 qui
2306 698 2478 765 prima
2532 697 2707 754 fronte
2737 703 2997 768 occurrit,
3061 706 3130 759 ab
3159 707 3392 764 invicem

1821 776 2100 847 disjuncta
2126 795 2251 836 esse
2301 781 2572 839 videntur.
2600 785 2739 852 Quid
2765 790 2910 844 enim
2936 803 3229 863 paupertas
3250 812 3394 852 com-

1820 884 1986 925 mune
2013 869 2178 927 habet
2204 888 2328 927 cum
2365 878 2768 944 persecutione,
2804 889 2898 935 aut
2924 883 3011 941 his
3048 901 3242 945 rursus
3265 893 3390 960 quid

1818 972 2075 1024 convenit
2108 985 2232 1026 cum
2265 972 2574 1030 dilectionis
2603 984 2657 1031 et
2685 979 3040 1038 condolentiaa
3066 985 3396 1045 aliectihus?

1820 1059 2016 1116 Cibum
2041 1061 2307 1134 indigenti
2338 1065 2538 1136 aliquis
2566 1068 3024 1141 subministravit,
3058 1086 3152 1132 aut
3186 1080 3391 1135 nudum

1819 1153 2060 1222 vestivit,
2117 1163 2212 1211 aut
2246 1164 2390 1213 tecto
2418 1159 2683 1215 viatorem
2720 1164 2945 1233 recepit,
2997 1178 3089 1222 aut
3129 1179 3392 1240 aegrotum

1819 1251 1874 1299 et
1908 1244 1964 1298 in
2006 1259 2284 1302 carcerem
2330 1250 2637 1318 conjectum
2681 1269 2767 1319 eo,
2808 1259 2950 1325 quod
2995 1258 3167 1325 licuit,
3219 1262 3394 1318 olﬁcio

1819 1342 2146 1402 prosecutus
2190 1345 2275 1391 est
2312 1351 2326 1387 :
2360 1337 2491 1407 quid
2533 1338 2650 1395 haec
2695 1342 2908 1399 ratione
2938 1345 3103 1400 studii
3137 1354 3190 1402 et
3231 1348 3391 1403 oliicii

1819 1438 1943 1478 cum
1992 1435 2232 1496 egestate
2278 1438 2334 1483 et
2381 1432 2763 1499 persecutione
2818 1450 3111 1493 commune
3152 1440 3396 1497 habent?

1820 1514 1911 1570 hic
1959 1516 2167 1574 alienas
2215 1521 2552 1578 calamitates
2588 1535 2766 1590 curat,
2818 1528 2996 1584 aliena
3044 1530 3392 1591 incommoda

1820 1605 1988 1660 sarcit
2013 1614 2068 1662 et
2097 1620 2287 1677 sanat;
2321 1610 2536 1667 illorum
2566 1623 2746 1670 autem
2771 1624 3003 1690 uterque
3027 1630 3137 1676 tam
3164 1639 3390 1695 egenus,

1820 1709 1983 1764 quam
2014 1700 2451 1767 persecutionem
2488 1704 2698 1773 patiens
2727 1705 2969 1763 ofﬁcium
3001 1717 3393 1781 prmstantibus

1818 1800 1959 1856 opus
2017 1788 2241 1858 habent,
2298 1792 2393 1848 sed
2446 1793 2571 1850 ﬁnis
2611 1795 2669 1850 in
2711 1799 2970 1858 omnibus
3022 1818 3138 1873 par.
3179 1805 3395 1866 Pariter

1817 1879 1962 1932 enim
1996 1879 2053 1934 in
2095 1883 2296 1936 ccelum
2337 1885 2487 1940 ducit
2539 1894 2593 1941 et
2633 1904 2779 1956 eum,
2828 1891 2920 1961 qui
2963 1908 3171 1965 pauper
3195 1900 3392 1969 spiritu

1816 1968 2006 2037 fuerit,
2047 1979 2101 2026 et
2130 1988 2253 2028 eum
2297 1975 2391 2044 qui
2437 1985 2662 2048 propter
2721 1980 2899 2048 ipsum
2953 1968 3392 2054 persecutionem

1819 2076 2017 2130 passus
2044 2063 2136 2126 sit,
2173 2072 2227 2120 et
2249 2081 2365 2133 eos,
2400 2068 2493 2138 qui
2529 2070 2927 2127 condolentiam
2952 2091 3079 2146 erga
3113 2081 3395 2148 proximos

1819 2153 2195 2223 praestiterint.
2223 2155 2364 2221 Quid
2397 2157 2563 2229 igitur
2588 2162 2655 2215 ad
2689 2162 2805 2217 hazc
2831 2163 3110 2223 dicimus?
3135 2185 3261 2225 nam
3284 2188 3393 2228 om-

1820 2244 1908 2298 nia
1944 2243 2086 2300 inter
2108 2261 2230 2302 sese
2258 2249 2556 2318 cohaerent,
2591 2252 2658 2307 ad
2690 2270 2856 2310 unum
2888 2257 3043 2313 illum
3070 2263 3228 2331 quasi
3268 2279 3415 2321 sco-.

1816 2352 1945 2408 pum
1975 2353 2244 2397 conversa
2278 2351 2441 2413 atque
2481 2348 2874 2418 conspirantia.
2932 2351 3143 2410 Etenim
3175 2368 3393 2427 egestas

132 2423 299 2490 pulsu
334 2419 534 2483 facilis,
578 2426 631 2475 et
676 2420 987 2490 benignitas
1022 2421 1076 2474 in
1108 2435 1374 2492 pauperes
1420 2430 1475 2478 et
1509 2440 1711 2496 egenos
1749 2443 1779 2483 a
1814 2436 2359 2502 paupertate-aliena
2397 2453 2506 2494 non
2570 2450 2676 2496 est.
2746 2440 2945 2499 Verum
2989 2447 3132 2504 haud
3179 2419 3390 2507 incom-

133 2514 362 2570 modum
391 2529 513 2571 esse
540 2514 670 2569 mihi
691 2514 924 2579 videtur,
950 2522 1269 2585 praesentem
1296 2516 1454 2587 prius
1480 2518 1811 2593 investigare
1835 2527 2162 2596 orationem,
2190 2538 2353 2602 atque
2418 2533 2491 2587 ita
2559 2535 2816 2608 deinceps
2882 2539 3164 2610 despicere
3231 2552 3393 2615 atque

129 2606 507 2670 considerare,
541 2604 765 2675 quinam
798 2604 929 2661 insit
952 2605 1004 2658 in
1034 2605 1121 2671 iis,
1152 2621 1274 2676 quae
1303 2609 1530 2677 quaas'ita
1561 2621 1710 2678 sunt,
1745 2615 2056 2673 intellectus
2099 2626 2264 2690 atque
2293 2636 2616 2679 consensus.

205 2697 494 2767 Μακάριοι
538 2700 591 2751 οἱ
629 2695 1004 2766 δεδιωγμένοι
1052 2696 1265 2753 ἕνεκεν
1304 2699 1712 2773 δικαιοσύνης.

132 2790 310 2845 Πόθεν
361 2789 748 2859 δεδιωγμένοι,
800 2789 893 2842 καὶ
939 2788 1089 2860 παρά
1137 2789 1315 2855 τίνος;
1367 2792 1426 2845 '0
1475 2795 1576 2863 μὲν
1623 2792 1715 2851 οὖν

134 2878 430 2949 πρόχειρος
469 2877 623 2947 λόγος
650 2876 711 2930 τὸ
738 2877 846 2930 τῶν
879 2876 1172 2949 μαρτύρων
1205 2877 1336 2948 ήμίν
1371 2880 1712 2938 ὑποδείκνυσι

132 2970 351 3025 στάδιον
376 3009 392 3034 ,
436 2969 646 3022 καὶτὸν
673 2968 773 3039 τῆς
807 2968 1040 3032 πίστεως
1079 2969 1277 3041 δρόμον
1328 2970 1710 3046 ὑποσημαίνει.

147 3061 214 3112 'H
245 3058 354 3130 γὰρ
378 3028 581 3125 δίωξις,
622 3028 1000 3129 τὴνᾞύντονον
1019 3028 1123 3114 τοῦ
1148 3028 1432 3133 τρέχοντος
1486 3028 1613 3135 ἓερι
1742 3028 1785 3085 C

132 3153 303 3223 τάχος
332 3151 568 3222 σπουδὴν
613 3151 901 3222 ἐρμηνεύει
921 3168 933 3181 ·
982 3152 1180 3222 μᾶλλον
1210 3154 1267 3207 δὲ
1300 3155 1395 3209 καὶ
1421 3154 1521 3227 τὴν
1553 3156 1612 3209 ἐν
1638 3156 1716 3227 τῷ

132 3243 353 3313 τρέχειν
391 3242 547 3313 νίκην
587 3242 967 3314 ὑποσημαίνει.
1031 3244 1105 3297 Οὐ
1169 3247 1275 3316 γὰρ
1323 3244 1467 3301 ἔστιν
1518 3247 1717 3319 ἑτέρως

134 3333 360 3402 νικῆσαι
390 3330 668 3404 τρέχοντα,
722 3331 796 3401 μὴ
848 3331 1074 3385 κατόπιν
1112 3334 1477 3388 καταλιπόντα
1521 3336 1714 3389 ἐαυτοῦ

133 3425 230 3477 τὸν
258 3423 633 3494 συντρέχοντα.
683 3423 833 3476 Ἐπεὶ
858 3420 951 3478 οῦν
974 3426 1000 3478 ὅ
1016 3442 1075 3477 τε
1099 3425 1236 3496 πρὸς
1262 3424 1323 3478 τὸ
1349 3425 1598 3498 βραϐεῖον
1618 3429 1717 3499 τῆς

136 3512 252 3567 ἀνω
286 3511 528 3582 κλήσεως
554 3511 785 3584 τρέχων,
821 3513 915 3567 καὶ
954 3515 981 3567 6
1009 3513 1096 3567 διὰ
1139 3515 1200 3567 τὸ
1238 3514 1487 3584 βραϐεῖον
1528 3518 1717 3571 διωκό-

140 3621 302 3676 μενος
330 3604 482 3676 παρά
506 3603 600 3658 τοῦ
634 3603 852 3675 ἐχθροῦ,
898 3604 1093 3676 ἐπίσης
1138 3603 1321 3675 έχουσι
1355 3607 1494 3661 κατὰ
1523 3607 1712 3673 νώτου,

135 3700 165 3750 ό
193 3697 293 3768 μὲν
317 3696 407 3750 τὸν
434 3695 877 3768 διαμιλλώμενον,
908 3698 937 3750 6
959 3696 1015 3750 δὲ
1044 3696 1136 3750 τὸν
1159 3696 1421 3751 διώκοντα
1438 3715 1450 3728 ο
1494 3690 1638 3751 οὗτοι
1658 3699 1713 3752 δέ

137 3791 279 3842 εἰσιν
305 3788 355 3841 οἱ
383 3787 471 3841 τὸν
503 3787 597 3840 τοῦ
629 3788 929 3859 μαρτυρίου
973 3786 1176 3859 δρόμον
1214 3789 1490 3853 ἀνύοντες,
1519 3790 1577 3842 ἐν
1603 3792 1714 3855 τοῖς

134 3879 281 3950 ὑπὲρ
317 3878 416 3949 τῆς
448 3877 726 3942 εὐσεϐείας
751 3877 946 3948 ἀγῶσι,
974 3879 1293 3951 διωκόμενοι
1338 3879 1433 3933 καὶ
1460 3880 1519 3932 οῦ
1551 3897 1715 3933 κατα-

135 3970 537 4043 λαμϐανόμενοι
573 3985 588 4001 ο
636 3968 779 4023 ἔοικε
816 3969 877 4022 τὸ
909 3969 1201 4038 κεφάλαιον
1241 3969 1341 4039 τῆς
1384 3971 1500 4023 κατ’
1527 3969 1714 4024 ἐλπίδα

138 4061 509 4133 προκειμένης
559 4061 955 4132 μακαριότητος
980 4100 995 4124 ,
1043 4056 1153 4115 οἷόν
1187 4079 1309 4116 τινα
1362 4062 1623 4132 στέφανον
1655 4063 1713 4116 ἐν

134 4155 466 4218 τελευταίοις
508 4153 911 4222 προτεθεικέναι
939 4152 1134 4221 λόγοις,
1188 4152 1473 4226 Μακάριον
1499 4153 1607 4225 γὰρ
1638 4155 1713 4220 ὡς

135 4244 352 4316 ἀληθῶς
395 4244 455 4298 τὸ
493 4244 679 4297 ἕνεκεν
719 4242 816 4297 τοῦ
854 4243 1056 4315 Κυρίου
1108 4241 1418 4298 διώκεσθαι.
1473 4242 1571 4297 Διά
1614 4244 1708 4309 τί;

1893 2710 2051 2765 Beati
2087 2715 2177 2780 qui
2210 2715 2624 2781 persecutionem
2664 2719 2943 2787 patiuntur
2979 2732 3193 2792 propter
3227 2726 3393 2795 justi-

1822 2803 1977 2857 tiam.
2018 2803 2172 2860 Unde
2203 2808 2637 2876 persecutionem
2668 2812 2949 2879 patiuntur
2978 2822 3032 2870 et
3058 2830 3089 2869 a
3119 2819 3271 2887 quo?
3296 2820 3393 2874 At-

1821 2909 1929 2964 que
1965 2910 2029 2951 ea
2069 2896 2310 2966 quidem,
2364 2914 2484 2969 qua:
2530 2900 2584 2954 in
2623 2911 2875 2973 promptu
2916 2906 3058 2961 ratio
3091 2917 3195 2971 est,
3245 2925 3394 2964 mar-

1820 2993 1999 3057 tyrum
2034 2987 2192 3043 nobis
2221 2987 2456 3044 stadium
2488 2991 2749 3055 osrendit,
2784 3009 2848 3049 ac
2878 2994 3002 3051 ﬁdei
3032 3011 3255 3055 cursum
3298 3001 3394 3057 de-

1819 3074 2017 3145 signat.
2045 3073 2181 3130 Nam
2205 3078 2517 3147 persecutio
2542 3084 2817 3139 currentis
2833 3084 3124 3143 vehemens
3149 3089 3389 3145 studium

1818 3168 2117 3224 celeritatis
2159 3168 2450 3238 signiﬁcat.
2492 3169 2604 3227 lmo
2639 3189 2769 3228 vero
2802 3175 2965 3230 etiam
3011 3178 3067 3232 in
3116 3181 3392 3236 currendo

1817 3257 2104 3313 victoriam
2140 3259 2378 3327 indicat;
2425 3276 2535 3316 non
2569 3264 2716 3318 enim
2759 3266 2919 3322 aliter
2948 3271 3223 3327 currendo
3266 3275 3391 3344 quis

1817 3348 2039 3404 vincere
2068 3358 2266 3420 potest,
2297 3351 2404 3406 nisi
2436 3362 2560 3421 post
2585 3368 2645 3408 se
2672 3356 2957 3427 reliquerit
2985 3374 3131 3427 eum,
3188 3364 3283 3433 qui
3316 3366 3392 3419 si-

1816 3440 1933 3494 mul
1966 3440 2158 3494 currit.
2211 3439 2482 3507 Quoniam
2518 3443 2684 3511 igitur
2711 3453 2764 3499 et
2797 3447 2844 3501 is
2877 3448 2969 3516 qui
3007 3449 3073 3503 ad
3108 3453 3388 3521 praemium

1816 3544 2066 3597 supernae
2104 3531 2407 3586 vocationis
2453 3534 2650 3598 currit,
2697 3544 2750 3589 et
2781 3535 2828 3592 is
2852 3537 2945 3606 qui
2979 3548 3203 3611 prepter
3252 3559 3390 3612 pra:-

1817 3613 1984 3668 mium
2010 3613 2081 3669 ab
2105 3614 2328 3672 inimico
2350 3619 2680 3689 exagitatur,
2712 3622 2918 3692 pariter
2940 3640 2970 3679 a
2996 3634 3150 3698 tergo
3166 3629 3385 3698 habent,

1815 3701 1908 3757 ille
1947 3703 2165 3773 quidem
2202 3708 2271 3764 de
2299 3710 2525 3778 praemio
2562 3711 2724 3767 simul
2771 3723 3093 3782 certantem,
3137 3720 3226 3775 hic
3258 3738 3388 3777 vero

1815 3805 2231 3864 persequentem
2279 3800 2365 3870 (hi
2409 3809 2591 3858 autem
2643 3813 2793 3872 sunt,
2841 3809 2931 3878 qui
2977 3815 3222 3883 martyrii
3255 3830 3386 3869 cur-

1816 3901 1960 3950 sum,
2003 3887 2057 3941 in
2089 3891 2481 3951 certaminibus
2521 3910 2620 3965 pro
2659 3898 2856 3968 pietate
2887 3904 3178 3972 susceptis,
3215 3909 3385 3963 conﬁ-

1815 3978 1989 4041 ciunt,
2036 3995 2176 4049 quos
2203 3981 2411 4038 inimici
2440 3987 2658 4055 quidem
2691 4001 3118 4062 persequuntur,
3149 3998 3241 4051 seel
3275 4015 3383 4055 non

1815 4072 2218 4143 assequuntur)
2261 4111 2278 4138 ,
2328 4075 2545 4134 videtur
2583 4090 2748 4152 caput
2785 4091 2841 4137 et
2883 4098 3156 4141 summam
3197 4089 3251 4143 in
3288 4105 3386 4159 spe

1814 4164 2109 4232 proposita:
2164 4165 2543 4233 beatitudinis,
2588 4171 2755 4226 veluti
2790 4188 3049 4229 coronam
3089 4180 3381 4248 quamdam

1814 4254 1868 4308 in
1901 4256 2192 4327 postremis
2227 4261 2583 4328 proposuisse
2613 4263 2811 4319 verbis.
2845 4264 2979 4320 Nam
3021 4283 3208 4324 revera
3255 4272 3384 4327 bea-

139 4339 264 4391 ’Ότι
303 4337 366 4391 τὸ
400 4338 549 4407 παρά
581 4334 675 4390 τοῦ
709 4335 881 4390 κακοῦ
914 4334 1289 4401 ἐκδιώκεσθαι,
1329 4336 1502 4389 αἴτιον
1541 4338 1599 4389 ἐν
1632 4335 1709 4413 τῷ

1893 4358 1927 4396 n
1988 4351 2070 4399 est
2134 4353 2356 4416 propter
2410 4347 2693 4404 Dominum
2748 4354 2858 4422 pati
2923 4360 3379 4426 persecutionem.

136 4428 328 4500 ἀγαθῷ
381 4428 631 4498 γενέσθαι
676 4427 1017 4482 καθίσταται.
1082 4427 1147 4480 Ἥ
1195 4427 1302 4497 γὰρ
1342 4426 1435 4481 τοῦ
1470 4428 1706 4499 πονηροῦ

135 4521 511 4592 ἀλλοτρίωσις,
540 4520 640 4591 τῆς
666 4520 801 4590 πρὸς
832 4518 892 4571 τὸ
914 4517 1117 4587 ἀγαθὸν
1147 4517 1468 4583 οἱκειώσεως
1488 4520 1710 4591 ἀφορμὴ

136 4616 347 4684 γίνεται
373 4628 388 4643 ⁸
442 4610 642 4680 ἀγαθὸν
682 4610 739 4664 δὲ
794 4611 887 4663 καὶ
932 4610 1134 4674 παντὸς
1177 4610 1382 4679 ἀγαθοῦ
1434 4612 1706 4678 ἐπέκεινα,

135 4705 300 4768 αὐτὸς
341 4705 370 4757 6
416 4701 640 4774 Κύριος,
689 4701 825 4772 πρὸς
868 4700 928 4753 ὃν
965 4702 1250 4773 ἀνατρέχει
1294 4703 1323 4755 6
1362 4702 1706 4772 διωκόμενος.

134 4792 347 4848 Οὐκοῦν
399 4792 666 4862 μακάριος
697 4791 772 4855 ὡς
799 4790 1032 4862 ἀληθῶς,
1075 4793 1105 4844 6
1135 4791 1378 4863 συνεργῷ
1420 4792 1497 4862 τῷ
1530 4791 1709 4864 ἐχθρῷ

133 4884 276 4953 πρὸς
304 4882 365 4935 τδ
402 4881 600 4950 ἀγαθὸν
640 4881 937 4953 χρώμενος.
995 4881 1216 4952 Ἐπειδὴ
1244 4881 1352 4951 γὰρ
1386 4884 1444 4935 ἐν
1473 4880 1709 4955 μεθορίῳ

132 4979 313 5032 κεῖται
353 4973 448 5028 τοῦ
497 4972 703 5042 ἀγαθοῦ
751 4972 845 5026 καὶ
886 4970 981 5025 τοῦ
1027 4973 1267 5044 χείρονος
1312 4975 1345 5043 ἡ
1392 4972 1707 5045 ἀνθρωπίνη

133 5069 273 5139 ζωὴ,
318 5066 505 5137 ὥσπερ
552 5067 581 5118 6
612 5065 711 5135 τῆς
755 5063 967 5134 ἀγαθῆς
1018 5081 1078 5118 τε
1122 5066 1216 5118 καὶ⁵
1254 5065 1464 5138 ὑψηλῆς
1495 5066 1708 5129 ἐλπίδος

131 5158 522 5231 ἀπολισθήσας,
564 5157 623 5209 ἐν
650 5154 728 5227 τῷ
762 5154 1020 5228 βαράθρῳ
1052 5156 1258 5224 γίνεται
1287 5173 1301 5187 θ
1349 5156 1519 5220 οὕτως
1548 5158 1577 5209 6
1609 5160 1706 5227 τῆς

133 5249 412 5322 ἁμαρτίας
437 5246 790 5320 ἀπῳκισθεὶς,
821 5247 1037 5318 καὶτῆς
1071 5247 1275 5319 φθορᾶς
1301 5245 1703 5318 ἀλλοτριωθεὶς,

129 5342 477 5412 δικαιοσύνην
501 5357 560 5394 τε
593 5339 686 5393 καὶ
707 5339 1013 5410 ἀφθαρσίαν
1046 5339 1386 5411 μετέρχεται.
1422 5339 1581 5391 Ὥστε
1610 5339 1707 5408 τῆς

74 5472 77 5473 ν
129 5433 285 5504 παρά
307 5432 416 5486 τῶν
452 5433 729 5502 τυράννων
762 5431 1055 5503 γινομένης
1088 5430 1226 5486 κατά
1263 5429 1373 5482 τῶν
1411 5430 1705 5501 μαρτύρων

126 5524 366 5593 διώξεως
391 5566 405 5588 ,
452 5523 512 5577 τὸ
547 5523 645 5595 μὲν
692 5519 830 5588 εἶδος
872 5523 1014 5577 κατὰ
1057 5524 1118 5577 τὸ
1158 5522 1461 5596 προχείρως
1515 5523 1702 5592 φαινό-

131 5635 315 5690 μενον,
341 5615 586 5685 ἀλγεινὸν
611 5610 748 5671 εἶναι
785 5619 849 5687 τῇ
888 5615 1172 5686 αἰσθήσει·
1214 5617 1241 5668 ὁ
1274 5614 1327 5667 δὲ
1364 5614 1562 5677 σκοπὸς
1595 5613 1702 5668 τῶν

1812 4432 2036 4500 Quare?
2077 4437 2202 4506 quia
2245 4452 2275 4491 a
2306 4438 2450 4493 malo
2493 4442 2781 4511 exagitari,
2822 4459 2988 4502 causa
3027 4448 3154 4504 boni
3205 4453 3384 4523 adipi-

1812 4526 1999 4581 scendi
2048 4526 2137 4593 ﬁt;
2199 4544 2324 4583 nam
2379 4530 2705 4587 abalienatio
2756 4544 2921 4607 atque
2973 4539 3162 4596 vitatio
3228 4545 3379 4606 mali,

1812 4615 1938 4670 boni
1987 4620 2386 4677 conciliationis
2431 4624 2648 4678 occasio
2698 4624 2790 4681 ﬁt:
2851 4629 3052 4685 bonum
3102 4641 3283 4688 autem
3327 4644 3381 4691 et

1812 4719 1975 4775 supra
2015 4722 2177 4763 omne
2225 4709 2426 4766 bonum
2476 4713 2593 4783 ipse
2638 4713 2901 4771 Dominus
2945 4728 3049 4781 est,
3104 4720 3172 4773 ad
3219 4737 3378 4791 quem

1810 4808 1975 4850 cursu
2004 4801 2309 4867 contendit,
2354 4803 2445 4873 qui
2484 4805 2918 4874 persecutionem
2950 4810 3155 4878 patitur
3180 4819 3235 4865 et
3264 4812 3379 4883 agi-

1812 4892 1977 4938 tatur.
2015 4884 2156 4956 Ergo
2188 4905 2378 4945 revera
2416 4891 2606 4947 beatus
2635 4902 2738 4956 est,
2771 4893 2864 4963 qui
2913 4893 3136 4949 inimico
3175 4896 3242 4950 ad
3278 4898 3379 4951 ho-

1810 4989 1939 5028 num
1989 4978 2162 5032 utitur
2201 4979 2467 5050 adjutore.
2527 4982 2796 5049 Quoniam
2846 4984 2993 5039 enim
3036 4988 3090 5040 in
3140 4986 3380 5042 conﬁnio

1806 5064 1935 5119 boni
1967 5075 2021 5122 et
2048 5068 2177 5123 mali
2204 5071 2440 5127 humana
2470 5074 2579 5129 vita
2613 5075 2788 5145 posita
2812 5084 2915 5140 est,
2948 5076 3091 5131 sicut
3122 5076 3188 5142 is,
3221 5080 3315 5148 qui
3349 5096 3377 5132 a

1809 5156 2027 5212 sublimi
2058 5174 2154 5228 spe
2181 5161 2435 5232 delapsus
2461 5175 2566 5231 est,
2602 5167 2656 5220 in
2687 5166 2948 5221 barathro
2983 5177 3264 5223 versatur:
3304 5170 3375 5222 ita

1807 5249 1897 5321 qui
1930 5266 1960 5303 a
1991 5259 2216 5321 peccato
2252 5263 2513 5319 remotus,
2559 5265 2614 5312 et
2655 5271 2686 5311 a
2726 5260 3077 5330 corruptione
3108 5261 3377 5315 alienatus

1805 5348 1910 5405 est,
1942 5341 2008 5396 ad
2036 5342 2306 5411 justitiam
2358 5346 2563 5415 pariter
2589 5355 2643 5402 et
2672 5348 3242 5420 incorruptibilitatem
3287 5365 3379 5405 ae-

1805 5432 1968 5488 cedit.
2012 5433 2197 5503 Itaque
2236 5437 2655 5504 persecutionis,
2696 5454 2804 5508 qua
2835 5452 3103 5514 martyres
3143 5458 3171 5497 a
3200 5450 3379 5514 tyran-

1805 5524 1892 5579 nis
1942 5525 2238 5597 agitantur,
2283 5526 2499 5597 speeies
2533 5528 2947 5598 quidem’prout
2976 5534 3152 5603 prima
3198 5533 3376 5587 fronte

1806 5629 2047 5686 apparet,
2101 5618 2285 5674 sensui
2342 5618 2535 5672 acerba
2582 5633 2703 5675 esse
2748 5620 2984 5690 videtur,
3028 5624 3123 5679 sed
3173 5623 3220 5680 id
3265 5636 3374 5693 quo
