3690 5986
305 235 439 293 {295

1531 228 1585 280 s
1639 213 1968 281 GREGonu
2027 223 2323 281 NYSSENI

3408 226 3545 284 ιεοο

300 361 547 424 spectant
570 367 632 407 ea
657 366 776 422 quae
799 351 953 415 ﬁunt,
973 365 1188 404 onmem
1212 348 1601 403 beatitudinem
1624 354 1840 418 superat

2067 347 2296 416 ομένων,
2337 346 2651 416 ὑπερϐαίνει
2695 349 2870 400 πᾶσαν
2907 347 3298 418 μακαριότητα.
3347 349 3547 417 Κρεῖτο

300 444 652 500 Comm’odius
707 451 887 496 autem
933 440 1095 493 fuerit
1139 454 1239 493 nos
1287 455 1382 508 per
1415 440 1659 507 exempla
1710 449 1870 505 atque

302 534 688 590 similitudines
724 532 1047 586 sententiam
1099 531 1530 584 animadvertere
1575 529 1866 584 sermonis.

300 627 434 694 Quis
489 626 722 696 ignorat,
779 632 986 694 quanto
1033 623 1255 691 gravius
1298 629 1350 675 et
1411 621 1695 675 molestius
1749 632 1871 672 esse

298 720 592 788 judicetur,
638 717 851 772 insidiis
900 717 1028 784 peti,
1086 729 1247 783 quam
1295 713 1482 783 diligi?
1534 713 1637 766 hoc
1687 719 1869 764 tamen

301 811 442 881 quod
475 811 761 863 molestum
791 823 914 862 esse
944 807 1174 870 videtur,
1219 821 1360 874 smpe
1395 804 1558 859 etiam
1593 802 1871 858 felicitatis

303 917 397 970 per
432 900 572 953 hanc
600 900 765 952 vitam
796 913 962 950 causa
995 898 1183 951 multis
1217 897 1450 958 exsistit,
1490 895 1650 964 quale
1683 894 1748 948 de
1775 892 1871 947 Jo-

302 991 470 1060 sepho
523 989 802 1059 Scriptura
858 990 1082 1052 indicat,
1117 989 1207 1056 qni
1254 1002 1286 1040 a
1333 987 1597 1040 fratribus
1651 985 1872 1039 insidiis

302 1082 526 1152 petitus,
573 1089 625 1133 et
657 1081 723 1133 ab
760 1080 973 1133 illorum
1009 1080 1260 1132 convictu
1315 1086 1478 1146 atque
1513 1075 1872 1131 contubernio

302 1185 563 1238 remotus,
597 1189 693 1243 per
737 1173 1104 1228 venditionem
1141 1187 1235 1227 rex
1266 1186 1478 1233 eorum,
1519 1184 1754 1238 quorum
1790 1168 1873 1220 in-

302 1267 456 1322 sidiis
493 1266 693 1336 petitus
722 1272 861 1329 erat,
895 1264 1215 1332 designatus
1241 1272 1360 1317 est:
1397 1261 1626 1316 forsitan
1657 1261 1722 1313 ad
1751 1267 1872 1312 tan-

301 1367 409 1411 tam
449 1357 768 1425 dignitatem
802 1370 910 1408 non
939 1369 1354 1425 progressurus,
1393 1352 1495 1406 nisi
1530 1351 1735 1405 invidia
1777 1365 1872 1418 per

299 1449 528 1503 insidias
555 1447 676 1503 illas
709 1447 809 1500 iter
842 1446 907 1500 ad
940 1461 1164 1516 regnum
1199 1445 1566 1515 patefecisset.
1593 1441 1872 1508 Quemad-

300 1539 518 1592 modum
557 1538 721 1608 igitur
765 1540 811 1591 si
849 1537 972 1605 quis
1013 1535 1178 1588 futuri
1225 1535 1452 1589 scientia
1490 1532 1749 1602 prmditus
1781 1531 1873 1584 Jo-

300 1631 470 1700 seplio
528 1629 893 1698 praedixisset,
952 1627 1166 1680 insidiis
1223 1627 1426 1694 petitus
1489 1626 1681 1680 beatus
1735 1624 1866 1686 eris,

302 1724 475 1792 prima
519 1721 696 1774 fronte
740 1719 1022 1774 credibilia
1056 1717 1239 1774 dicere
1284 1717 1547 1781 audienti,
1603 1723 1657 1771 et
1703 1715 1769 1769 ad
1819 1715 1844 1768 il

2067 1738 2110 1788 lg
2157 1724 2216 1778 τὸ
2265 1723 2606 1794 παραχρῆμα
2645 1721 2887 1791 λυπηρὸν
2927 1723 3120 1792 ὁρῶντι
3163 1737 3178 1751 ·

300 1812 443 1881 quod
499 1811 553 1865 in
589 1811 878 1881 prazseutia
911 1808 1164 1863 acerbum
1214 1816 1321 1872 est,
1375 1806 1713 1877 respicienti,
1760 1821 1870 1858 non

300 1903 577 1956 videretur
621 1901 762 1971 (non
795 1899 942 1954 enim
985 1899 1096 1952 fieri
1151 1913 1316 1966 posse
1355 1904 1591 1966 putaret,
1641 1903 1701 1948 ut
1741 1895 1872 1948 mali

300 1991 561 2063 propositi
590 1991 764 2044 bonus
796 1989 1175 2059 designaretur
1203 1985 1457 2057 eventus)
1478 2001 1490 2039 :
1509 1986 1582 2039 ita
1615 1984 1871 2038 nimirum

299 2088 463 2142 etiam
496 2087 584 2138 hic
627 2098 752 2138 eum
808 2080 1140 2150 persecutio,
1187 2094 1293 2148 qua
1330 2077 1513 2132 ﬁdeles
1559 2092 1588 2130 a
1625 2074 1874 2146 tyrannis

302 2181 595 2250 agitantur,
627 2175 853 2229 multum
875 2173 1031 2242 juxta
1057 2185 1281 2226 sensum
1308 2169 1626 2224 acerbitatis
1655 2167 1872 2230 habeat,

300 2271 489 2332 eflieit,
546 2276 603 2321 ut
643 2267 810 2320 abiis
856 2264 948 2334 qui
990 2266 1141 2318 carni
1200 2262 1363 2332 paulo
1417 2260 1592 2330 magis
1643 2257 1867 2313 obnoxii

303 2369 452 2424 sunt,
480 2375 542 2416 ea
571 2372 690 2430 qua:
721 2373 815 2428 per
840 2371 932 2411 res
976 2369 1199 2424 asperas
1233 2362 1287 2408 et
1319 2353 1544 2407 acerbas
1573 2351 1708 2421 ipsis
1741 2367 1876 2421 pro-

305 2455 479 2524 posita
512 2462 616 2515 est,
651 2451 802 2520 regni
838 2464 962 2519 spes
1001 2447 1144 2500 haud
1186 2446 1340 2500 facile
1364 2445 1681 2500 admittatur
1716 2450 1878 2512 atque

307 2545 584 2616 probetur.
622 2542 726 2596 Sed
768 2541 1027 2596 Dominus
1059 2546 1267 2592 natura:
1296 2537 1428 2591 vitio
1454 2537 1711 2605 despecto
1742 2550 1880 2606 pra:-

306 2635 438 2688 dieit
505 2631 920 2698 infirmioribus,
986 2629 1165 2698 qualis
1239 2627 1495 2680 laboriosi
1557 2626 1878 2680 certaminis

307 2734 530 2782 eventus
561 2726 653 2786 sit,
707 2732 761 2777 ut
803 2738 898 2793 spe
936 2721 1086 2790 regni
1134 2720 1511 2790 temporalium
1566 2732 1746 2773 rerum
1780 2717 1878 2770 adu

307 2831 587 2871 vcrsarum
619 2827 842 2867 sensum
883 2809 1044 2863 facile
1070 2807 1379 2862 devincant.
1411 2806 1620 2859 Idcirco
1651 2817 1880 2872 magnus

310 2907 400 2960 ille
447 2904 756 2974 Stephanus
807 2899 1006 2970 gaudet
1061 2897 1334 2966 lapidibus
1381 2896 1620 2964 undique
1655 2895 1879 2964 petitus,

309 3014 372 3051 ac
401 2996 567 3050 veluti
607 3008 826 3047 suavem
851 2990 1141 3058 quemdam
1178 3003 1354 3042 rorem
1382 2988 1605 3042 crebros
1642 2985 1878 3054 lapidum

309 3092 471 3150 ictus,
507 3088 562 3140 in
597 3083 815 3138 modum
850 3084 1144 3134 ﬂaucorum
1178 3082 1319 3134 nivis
1354 3079 1732 3137 incidentium,
1764 3091 1884 3129 cor-

311 3199 441 3255 pore
487 3177 682 3249 cupide
726 3175 948 3243 excipit,
1008 3189 1072 3226 ac
1123 3172 1593 3227 benedictionibus
1642 3168 1882 3223 nefarios

317 3273 618 3330 homicidas
649 3269 1018 3340 prosequitur,
1057 3280 1162 3334 pro
1188 3265 1272 3320 his
1303 3264 1439 3334 ipsis
1484 3279 1551 3317 ne
1600 3273 1880 3332 peccatum

313 3369 415 3420 hoc
444 3367 523 3419 eis
555 3365 934 3431 imputaretur,
966 3373 1153 3420 orans,
1187 3356 1446 3426 quoniam
1479 3366 1529 3411 et
1565 3354 1884 3424 promissio-

316 3471 438 3510 nem
470 3453 769 3514 audiverat,
809 3456 865 3504 et
907 3464 1053 3517 spem
1085 3462 1208 3501 cum
1245 3448 1332 3510 iis,
1377 3463 1496 3517 quae
1526 3448 1882 3517 apparebant,

314 3561 613 3616 congruere
643 3552 695 3598 et
729 3542 1020 3596 convenire
1051 3539 1298 3595 videbat.
1335 3539 1466 3594 Nam
1489 3555 1612 3592 cum
1643 3539 1886 3594 audisset

315 3656 430 3702 eos,
491 3639 582 3708 qui
635 3643 855 3706 propter
906 3633 1193 3686 Dominum
1249 3631 1682 3703 persecutionem
1741 3632 1886 3702 passi

316 3739 520 3797 essent,
581 3730 634 3782 in
672 3742 839 3798 regno
878 3726 1143 3780 caelorum
1195 3731 1512 3778 versaturos
1556 3738 1698 3787 esse,
1755 3721 1885 3778 dum

318 3823 752 3896 persecutionem
785 3825 1082 3890 pateretur,
1117 3815 1254 3869 vidit
1282 3816 1334 3869 id
1360 3815 1503 3885 quod
1529 3815 1882 3884 sperabatur:

318 3912 558 3968 currenti
600 3910 742 3964 enim
778 3909 826 3963 ei
868 3924 962 3978 per
990 3906 1414 3972 confessionem,
1449 3905 1594 3976 quod
1632 3906 1889 3976 speraba-

320 4016 429 4070 tur,
468 4001 803 4063 ostenditur,
837 3999 1033 4052 cmlum
1064 4007 1336 4069 apertum,
1393 3998 1575 4052 divina
1605 3999 1777 4068 gloria
1821 4000 1890 4054 ad

322 4105 598 4152 certamen
658 4092 930 4146 currentis
983 4091 1050 4144 de
1111 4091 1575 4161 supramundanis
1639 4093 1889 4161 partibus

322 4276 636 4335 testimonio
679 4275 1006 4330 celebratur.
1036 4271 1168 4326 Nam
1213 4275 1557 4343 praesidentis
1601 4277 1887 4330 certamini

1970 457 2058 491 τον
2091 440 2136 492 δ’
2163 440 2229 493 ἂν
2255 442 2342 508 εἱή
2371 440 2435 492 δι’
2469 439 2880 510 ὑποδειγμάτων
2915 442 3060 509 ἡμᾶς
3099 439 3194 492 τοῦ
3222 439 3384 508 λόγου
3416 457 3548 490 κατ-

1975 529 2101 583 ιδεῖν
2123 532 2222 601 τὴν
2254 531 2511 585 διάνοιαν.
2543 531 2638 594 Τίς
2663 531 2761 583 οὑκ
2793 527 2948 596 οἶδεν,
2980 533 3089 600 ὅσῳ
3115 529 3208 582 τοῦ
3230 528 3548 592 ἀγαπᾶσθαι

1969 623 2031 674 τὸ
2055 623 2499 676 ἐπιϐουλεύεσθαι
2523 623 2900 694 χαλεπώτερον
2930 623 3179 693 κέκριται
3199 639 3213 689 ;
3232 628 3274 678 Τ
3279 629 3407 682 οὖτο
3433 627 3554 698 μέν·

1971 730 2051 766 τοι
2095 715 2352 778 πολλάκις
2394 717 2455 769 τὸ
2486 714 2675 768 δοκοῦν
2713 714 2966 786 χαλεπὸν,
3015 716 3109 768 καὶ
3142 716 3242 785 τῆς
3289 714 3431 766 κατὰ
3457 714 3547 766 τόν

1973 805 2083 875 βίον
2113 807 2298 859 τοῦτον
2338 806 2632 877 εὖκληρίας
2667 806 2878 868 πολλοῖς
2926 805 3099 859 αἴτιον
3141 804 3384 872 γίνεται,
3433 799 3546 856 οἷον

1972 898 2099 967 περὶ
2129 897 2221 949 τοῦ
2271 898 2466 966 Ἰωσὴφ
2495 900 2522 950 6
2551 897 2706 965 λόγος
2737 895 3092 949 ἐνδείκνυται·
3139 895 3198 958 ὃς
3230 894 3551 949 ἐπιϐουλεύε-

1973 989 2083 1052 θεὶς
2118 989 2266 1060 παρὰ
2308 988 2415 1040 τῶν
2461 987 2724 1056 ἀδελφῶν,
2773 987 2866 1039 καὶ
2906 987 3004 1056 τῆς
3051 986 3168 1056 μετ’
3203 986 3382 1040 αὐτῶν
3418 1003 3547 1038 συν·-

1970 1079 2243 1148 διαγωγῆς
2279 1078 2589 1140 ἀπελαθεὶς,
2624 1078 2710 1130 διὰ
2750 1077 2850 1146 τῆς
2879 1077 3132 1147 πράσεως
3164 1077 3415 1146 βασιλεὺς
3449 1078 3545 1130 ἀν-

1971 1170 2183 1240 εδείχθη
2210 1169 2316 1221 τῶν
2345 1168 2892 1230 ἐπιϐεϐουλευκότων,
2931 1167 3030 1220 οὐκ
3064 1167 3128 1219 ἂν
3175 1168 3302 1230 ίσως
3352 1165 3548 1236 προελ-

1973 1264 2078 1318 θὼν
2129 1265 2220 1316 ἐπὶ
2267 1262 2325 1315 τὸ
2366 1261 2681 1333 τηλικοῦτον
2713 1261 2948 1330 ἀξίωμα,
2993 1260 3066 1330 μὴ
3108 1259 3201 1312 τοῦ
3235 1259 3429 1327 φθόνου
3458 1253 3548 1312 διὰ

1972 1359 2069 1427 τῆς
2101 1357 2388 1427 ἐπιϐουλῆς
2419 1357 2630 1425 ἐκείνης
2669 1355 2766 1426 τὴν
2801 1354 3076 1424 βασιλείαν
3109 1354 3544 1422 ὀδό-ποιήσαντος,

1973 1450 2183 1519 Ὥσπερ
2205 1449 2382 1501 τοίνυν
2414 1449 2465 1499 εῖ
2498 1464 2580 1510 τις
2611 1447 2703 1500 τοῦ
2728 1447 3009 1516 μέλλοντος
3037 1445 3130 1516 τὴν
3157 1446 3354 1514 γνῶσιν
3381 1445 3546 1514 ἔχων,

1971 1543 2198 1610 προεῖπε
2228 1539 2303 1609 τῷ
2342 1538 3092 1609 ἰωσὴφ,ὃτιἘπιϐουλευθεὶς
3127 1537 3395 1608 μακάριος
3421 1538 3546 1608 ἔσῃ,

1972 1635 2070 1686 οὐκ
2093 1631 2156 1685 ἂν
2186 1635 2249 1685 ἐκ
2275 1631 2366 1684 τοῦ
2397 1631 2685 1703 προχείρου
2713 1629 2934 1692 πιθανὸς
2978 1629 3120 1695 ἔδοξε
3159 1629 3237 1699 τῷ
3271 1627 3546 1691 ἀκούοντι,

3227 1721 3288 1771 οὐ
3338 1721 3407 1787 γά
3416 1735 3447 1790 ρ
3481 1720 3550 1772 ἂν

1971 1812 2125 1883 ᾠήθη
2152 1812 2372 1864 δυνατὸν
2416 1808 2552 1864 εἶναι
2583 1811 2756 1880 κακῆς
2788 1812 3154 1881 προαιρέσεως
3183 1808 3383 1874 ἀγαθὸν
3415 1811 3550 1861 ἀνα-

1971 1903 2244 1973 δειχθῆναι
2269 1903 2331 1954 τὸ
2355 1903 2525 1972 πέρας
2557 1918 2570 1932 ο
2621 1901 2762 1954 οὕτω
2793 1901 2856 1972 δὴ
2885 1901 2976 1954 καὶ
3007 1900 3237 1954 ἐνταῦθα
3265 1902 3292 1952 6
3316 1900 3424 1952 τῶν
3455 1917 3550 1952 τυ-

1977 1996 2182 2067 ράννων
2207 1997 2319 2059 τοῖς
2349 1998 2556 2058 πιστοῖς
2584 1996 2920 2065 ἐπαγόμενος
2939 1994 3198 2064 διωγμὸς,
3230 1995 3363 2047 πολὺ
3404 1994 3550 2047 κατά

1974 2088 2072 2158 τὴν
2101 2087 2347 2157 αἴσθησιν
2375 2086 2435 2139 τὸ
2467 2086 2710 2154 ἀλγεινὸν
2740 2086 2896 2156 έχων,
2938 2087 3374 2156 δυσπαράδεκτον
3401 2091 3552 2141 ποιεῖ

1973 2179 2085 2240 τοῖς
2147 2177 2604 2247 σαρκωδεστέροις
2652 2177 2750 2247 τὴν
2795 2176 2885 2230 διὰ
2919 2176 3025 2230 τῶν
3068 2178 3329 2244 ἀλγεινῶν
3366 2180 3552 2240 αὐτοῖς

1977 2268 2341 2338 προκειμένην
2366 2269 2464 2338 τῆς
2495 2267 2770 2338 βασιλείας
2798 2268 2985 2320 ἐλπίδα
3003 2284 3018 2299 ο
3058 2270 3174 2321 ἀλλ’
3205 2272 3233 2323 6
3259 2269 3461 2339 Κύριος
3486 2270 3552 2323 τὸ

1979 2359 2176 2429 σαθρὸν
2226 2357 2494 2430 ὑπεριδὼν
2543 2360 2641 2428 τῆς
2699 2358 2950 2427 φύσεως,
3009 2363 3391 2431 προαναφωνεῖ
3436 2363 3554 2423 τοῖς

1977 2449 2400 2520 ἀσθενεστέροις,
2445 2443 2554 2502 οἷόν
2588 2453 2701 2502 ἐστι
2729 2451 2827 2520 τῆς
2871 2452 3108 2518 ἀγωνίας
3141 2452 3200 2504 τὸ
3240 2453 3429 2522 πέρας,
3464 2453 3554 2504 ἵνα

1977 2546 2042 2613 τῇ
2065 2543 2161 2612 τῆς
2192 2540 2460 2613 βασιλείας
2488 2542 2660 2594 ἐλπίδι
2685 2541 2780 2612 τὴν
2805 2543 3135 2614 πρόσκαιρον
3161 2544 3267 2596 τῶν
3290 2543 3555 2611 ἀλγεινῶν

1979 2633 2230 2704 αἴσθησιν
2260 2633 2495 2697 εὐκόλως
2528 2633 3024 2687 καταπαλαίσωσιν.
3061 2635 3160 2688 Διὰ
3183 2634 3340 2687 τοῦτο
3369 2635 3554 2706 χαίρει

1978 2728 2006 2778 6
2039 2726 2210 2794 μέγας
2253 2725 2524 2806 Στέφανος
2558 2725 2740 2795 κύκλῳ
2773 2725 3285 2794 καταλιθαζόμενος,
3317 2729 3409 2780 καὶ
3438 2721 3552 2780 οἶόν

1979 2833 2101 2870 τινα
2127 2816 2310 2887 δρόσον
2339 2817 2518 2886 ἡδεῖαν
2547 2815 2840 2886 προθύμως
2865 2816 2942 2887 τῷ
2969 2816 3178 2887 σώματι
3211 2818 3419 2888 δέχεται
3454 2819 3556 2882 τὰς

1982 2906 2314 2976 ἐπαλλήλους
2344 2907 2451 2959 τῶν
2493 2907 2655 2959 λίθων
2689 2907 2934 2975 νιφάδας,
2975 2909 3067 2961 καὶ
3109 2909 3379 2977 εὐλογίαις
3427 2913 3557 2975 τοὺς

1909 3035 1950 3090 C
1988 2999 2400 3070 μιαιφονοῦντας
2444 2999 2750 3069 ἀμείϐεται,
2795 3001 2868 3071 μὴ
2915 3001 3102 3070 στῆναι
3143 3001 3240 3073 τὴν
3280 3004 3560 3074 ἁμαρτίαν

1983 3091 2192 3155 τούτοις
2235 3092 2416 3154 αὐτοῖς
2454 3092 2849 3162 ἐπευχόμενος*
2900 3091 3083 3162 ἐπειδὴ
3113 3096 3206 3146 καὶ
3245 3095 3342 3164 τῆς
3384 3097 3561 3162 ἐπαγ-

1984 3181 2170 3248 γελίας
2201 3183 2420 3251 ἢκουσε,
2469 3183 2560 3235 καὶ
2589 3181 2684 3253 τὴν
2715 3183 2902 3234 ἐλπίδα
2926 3186 3036 3244 τοῖς
3069 3185 3410 3253 φαινομένοις
3451 3180 3559 3238 εἶδε

1987 3273 2405 3342 συμϐαίνουσαν.
2446 3275 2532 3326 Ἐν
2559 3275 2804 3346 βασιλεία
2830 3275 2933 3346 γὰρ
2961 3275 3203 3346 οὐρανῶν
3226 3277 3350 3339 τοὺς
3369 3277 3559 3330 ἕνεκεν

1985 3365 2078 3418 τοῦ
2109 3366 2313 3435 Κυρίου
2337 3365 2727 3435 δεδιωγμένους
2771 3365 3006 3429 ἀκούσας
3049 3369 3320 3434 γενέσθαι,
3354 3363 3462 3420 εἶδε
3496 3370 3560 3420 τὸ

1990 3455 2452 3528 προσδοκώμενον,
2490 3459 2546 3508 ἐν
2573 3451 2616 3524 ᾧ
2645 3457 2911 3510 ἐδμώκετο.
2955 3458 3214 3528 Τρέχοντι
3259 3458 3364 3528 γάρ
3407 3459 3561 3530 αὐτῷ

1988 3548 2071 3600 διὰ
2099 3549 2198 3616 τῆς
2229 3549 2530 3617 ὁμολογίας,
2564 3547 2623 3600 τὸ
2651 3548 2996 3618 ἐλπιζόμενον
3018 3547 3307 3610 δείκνυται,
3332 3549 3563 3618 οὐρανὸς

1989 3641 2352 3710 ἀνοιγόμενος,
2390 3643 2421 3709 ἡ
2470 3638 2586 3692 θεία
2631 3638 2754 3704 δόξα
2801 3638 2934 3709 πρὸς
2975 3637 3063 3690 τὸν
3096 3638 3280 3704 ἀγῶνα
3309 3639 3400 3691 τοῦ
3433 3639 3561 3707 τρέε

1990 3750 2173 3802 χοντυς
2218 3733 2280 3784 ἐκ
2323 3732 2419 3801 τῆς
2449 3731 2818 3803 ὑπερκοσμίου
2865 3730 3069 3800 λήξεως
3109 3729 3558 3793 κατακύπτουσα,

1992 3822 2151 3894 αὐτὸς
2185 3823 2212 3873 ό
2255 3825 2311 3874 ἐν
2341 3823 2450 3883 τοῖς
2503 3820 2707 3889 ἀγῶσιν
2741 3820 2844 3871 ὑπὸ
2869 3817 2958 3872 τοῦ
2990 3818 3220 3889 ἀθλητοῦ
3257 3820 3569 3890 μαρτυρού-

1996 3932 2173 3986 μενος.
2213 3915 2277 3966 Ἡ
2308 3914 2415 3984 γὰρ
2449 3913 2541 3965 τοῦ
2574 3910 2908 3981 ἀγωνοθέτου
2945 3911 3130 3975 στάσις
3163 3911 3262 3981 τὴν
3301 3910 3437 3981 πρὸς
3471 3911 3565 3963 τὶν

1930 4071 1934 4076 _
1995 4005 2391 4075 ἀγωνιζόμενον
2441 4005 2756 4075 συμμαχίαν
2792 4003 3090 4074 παραδηλοῖ
3121 4002 3189 4054 δι’
3219 4002 3564 4071 αἰνίγματος,

1993 4099 2068 4162 ὡς
2110 4098 2174 4152 ἂν
2216 4099 2302 4151 διά
2344 4096 2534 4150 τούτου
2569 4096 2830 4167 μάθοιμεν
2856 4096 2946 4148 τὸν
2990 4095 3147 4147 αὑτὸν
3182 4090 3318 4146 εἶναι
3352 4093 3567 4145 καὶτὸν

321 4189 665 4257 despectans,
705 4182 794 4236 ille
839 4181 977 4250 ipse,
1011 4180 1102 4250 qui
1137 4181 1193 4234 in
1234 4181 1631 4237 certaminibus
1674 4184 1890 4238 athleta:
1929 4175 1959 4192 ⁴

1995 4187 2298 4241 διατιθέντα
2326 4187 2450 4249 τοὺς
2483 4186 2693 4250 ἄθλους,
2719 4186 2812 4238 καὶ
2837 4184 2925 4239 τὸν
2955 4185 3092 4237 κατὰ
3116 4183 3222 4235 τῶν
3254 4183 3568 4236 ἀντιπάλων

1995 4283 2104 4343 τοῖς
2156 4278 2305 4342 ἰδίοις
2355 4279 2680 4346 ἀγωνισταῖς
2725 4277 3125 4346 συνιστάμενον.
3178 4276 3242 4328 Τί
3281 4276 3461 4328 τοίνυν
3501 4276 3570 4328 ἂν

325 4371 485 4424 statio
544 4383 638 4436 per
683 4364 912 4434 aenigma
964 4373 1128 4434 atque
1176 4365 1466 4419 verborum
1522 4366 1844 4421 involucrun

2067 4391 2078 4441 λ
2133 4368 2544 4442 μακαριώτερον
2596 4367 2689 4421 τοῦ
2739 4368 2826 4420 διὰ
2873 4367 2962 4420 τὸν
3017 4366 3220 4437 Κύριον
3269 4366 3569 4436 δεδιωγμέ-

325 4459 610 4518 auxilium,
659 4455 804 4526 quod
842 4456 1072 4510 certanti
1134 4453 1430 4518 ferebatur,
1481 4456 1774 4526 significat,
1839 4467 1897 4512 ut

326 4567 420 4621 per
457 4551 558 4602 hoc
597 4547 875 4602 discamus
905 4547 1150 4601 eumdem
1183 4563 1304 4602 esse
1342 4555 1395 4601 et
1423 4563 1570 4612 eum,
1601 4551 1694 4619 qui
1717 4561 1896 4607 certa-

326 4645 472 4700 mina
546 4641 763 4696 ordinet
825 4651 984 4708 atque
1030 4639 1282 4710 disponat
1335 4647 1388 4694 et
1433 4657 1556 4695 eum
1608 4645 1700 4714 qui
1751 4663 1874 4703 cum

1999 4481 2090 4516 νου
2119 4501 2134 4526 ,
2194 4456 2238 4530 ᾧ
2298 4459 2529 4531 ὑπάρχει
2606 4458 3008 4528 συναγωνιστὴν
3071 4458 3162 4511 τὸν
3221 4457 3570 4526 ἀγωνοθέτην

1998 4555 2138 4625 ἔχειν
2167 4571 2182 4618 ;

1941 4649 2056 4706 suis
2114 4643 2477 4702 certatoribus
2535 4648 2588 4696 et
2618 4641 2836 4695 athletis
2867 4647 3054 4694 contra
3079 4639 3425 4695 adversarios
3445 4656 3576 4696 con-

327 4743 504 4825 sistat.
539 4739 677 4805 Quid
729 4738 892 4808 igitur
941 4738 1156 4792 beatius
1209 4737 1373 4792 fuerit
1419 4752 1504 4804 eo.
1537 4741 1630 4809 Qui
1679 4752 1900 4814 propter
1939 4744 2225 4800 Dominum
2265 4738 2695 4811 persecutionem
2734 4737 2989 4807 patiatur,
3019 4737 3106 4790 cui
3135 4737 3259 4790 licet
3329 4739 3383 4790 in
3453 4751 3572 4792 cer-

327 4837 530 4890 tamine
559 4833 861 4902 adjutorem
893 4831 1207 4886 certaminis
1241 4832 1520 4900 praesidem
1559 4834 1794 4892 habere?

396 4928 582 4998 Neque
613 4928 758 4982 enim
789 4926 946 4981 facile
966 4907 1088 4989 .est,
1127 4936 1287 4994 atque
1315 4927 1456 4980 haud
1485 4930 1600 4983 scio
1631 4947 1698 4985 an
1729 4934 1894 4988 etiam

331 5034 555 5088 prorsus
585 5015 701 5071 fieri
731 5032 840 5070 non
872 5015 1064 5084 possit,
1125 5024 1182 5066 ut
1217 5015 1380 5070 rebus
1407 5032 1503 5086 per
1553 5018 1694 5074 hanc
1731 5023 1898 5076 vitam

327 5109 607 5180 iucundis,
666 5124 787 5180 qua:
829 5113 1114 5177 apparent,
1161 5106 1359 5176 aliquis
1409 5109 1662 5176 praeferat
1699 5111 1899 5166 bonum

329 5201 472 5270 quod
521 5217 628 5254 non
669 5207 917 5270 apparet,
983 5205 1041 5252 ut
1091 5198 1252 5252 facile
1304 5200 1387 5252 vel
1420 5200 1630 5256 {edibus
1680 5204 1901 5272 expelli,

332 5294 413 5348 vel
440 5294 507 5347 ab
531 5307 698 5346 uxore
722 5300 774 5346 et
805 5291 1013 5353 liberis,
1065 5306 1094 5344 a
1125 5289 1414 5356 fratribus,
1457 5294 1765 5359 sororibus,
1810 5311 1904 5364 pa-

335 5385 580 5440 rentibus
621 5391 673 5439 et
715 5383 1020 5453 aequalibus
1056 5383 1357 5451 segregari,
1407 5391 1463 5437 et
1500 5386 1742 5439 omnium
1781 5401 1902 5456 qua:

336 5491 431 5546 per
459 5475 624 5527 vitam
653 5474 893 5542 jucunda
922 5489 985 5527 ac
1010 5476 1201 5528 suavia
1230 5481 1380 5538 sunt,
1411 5490 1610 5544 expers
1638 5493 1761 5531 esse
1787 5493 1902 5529 ma-

337 5564 416 5625 lit,
459 5558 565 5612 nisi
595 5559 709 5626 ipse
739 5558 999 5613 Dominus
1049 5574 1198 5624 eum,
1230 5560 1321 5627 qui
1359 5559 1516 5626 juxta
1563 5563 1900 5630 propositum

339 5657 560 5706 vocatus
589 5647 772 5705 fuerit.
795 5649 861 5701 ad
880 5649 1079 5703 bonum
1114 5650 1352 5720 adjuvet.
1390 5651 1562 5716 Quem
1585 5653 1727 5707 enim
1761 5668 1900 5722 pra:-

2067 4926 2200 4981 Οὐδέ
2233 4923 2341 4992 γὰρ
2372 4922 2478 4974 τῶν
2518 4919 2752 4973 εὐκόλων
2794 4919 2941 4972 ἐστὶν
2966 4960 2980 4984 ,
3027 4921 3168 4990 τάχα
3213 4921 3271 4974 δὲ
3311 4923 3405 4975 καὶ
3439 4921 3579 4976 καθ-

1996 5016 2142 5082 άπαξ
2167 5015 2442 5078 ἀδύνατον,
2476 5012 2584 5064 τῶν
2615 5011 2756 5065 κατὰ
2788 5012 2884 5082 τὴν
2913 5011 3055 5083 ζωὴν
3087 5012 3290 5083 ταύτην
3315 5013 3486 5084 ἡδέων
3516 5017 3578 5068 τὸ

2005 5113 2079 5182 μὴ
2114 5108 2438 5180 φαινόμενον
2477 5103 2678 5172 ἀγαθὸν
2715 5104 3047 5175 προτιμῆσαι
3078 5104 3183 5157 τῶν
3212 5107 3574 5176 φαινομένων,

2002 5204 2141 5257 ῶστε
2172 5201 2369 5273 ῥαδίως
2398 5197 2610 5250 ἑλέσθαι
2635 5195 2775 5258 τινά,
2803 5195 2834 5265 ἢ
2860 5195 2959 5265 τῆς
2988 5198 3164 5260 οίκίας
3190 5197 3577 5269 ὲξοικισθῆναι,

2004 5295 2037 5364 ἢ
2077 5293 2320 5362 γαμετῆς
2353 5291 2444 5342 καὶ
2478 5288 2701 5352 παίδων,
2737 5286 2981 5354 ἀδελφῶν
3011 5303 3069 5339 τε
3103 5286 3194 5339 καὶ
3225 5288 3453 5355 γονέων,
3487 5289 3580 5341 καὶ

2009 5382 2306 5453 ὁμηλίκων,
2337 5381 2428 5432 καὶ
2458 5378 2671 5431 πάντων
2698 5377 2804 5429 τῶν
2842 5378 2978 5431 κατὰ
3015 5378 3106 5431 τὸν
3137 5377 3250 5447 βίον
3276 5379 3450 5448 ἡδέων
3480 5379 3581 5442 ἔξω

2011 5471 2288 5539 γενέσθαι,
2337 5469 2411 5538 μὴ
2465 5467 2625 5520 αὑτοῦ
2665 5467 2758 5520 τοῦ
2795 5468 2998 5539 Κυρίου
3029 5466 3413 5538 συνεργοῦντος
3445 5476 3580 5537 προς

2013 5563 2073 5616 τὸ
2105 5562 2304 5631 ἀγαθον
2329 5558 2404 5629 τῷ
2447 5559 2587 5612 κατὰ
2640 5556 2895 5628 πρόθεσιν
2943 5559 3123 5629 κλητῷ
3166 5558 3433 5626 γεγονότι.
3489 5561 3580 5610 Ὃν

2013 5651 2121 5723 γὰρ
2154 5651 2532 5722 προγινιὺσκει,
2571 5649 2748 5713 καθώς
2775 5665 2934 5720 φησιν
2967 5653 2994 5704 ό
3036 5650 3372 5715 Ἀπόστολος,
3395 5648 3579 5704 τοῦτον
