3690 5986
136 281 265 340 1297

1155 266 1243 319 DE
1279 256 1873 319 BEATlTUDlNIBUS.
1922 252 2182 312 ORATIO
2219 248 2349 308 VIII.

3242 223 3378 281 1‘203

137 396 227 452 καί
269 388 571 464 προορίζει,
615 385 709 441 καὶ
740 385 912 447 καλεῖ,
962 384 1055 436 καὶ
1100 381 1321 440 δικαιοῖ,
1353 379 1446 431 καί
1477 376 1594 440 δοξά

1925 371 2021 431 cit,
2056 377 2112 424 ut
2150 365 2330 436 inquit
2370 357 2687 432 Apostolus,
2731 351 2880 406 hunc
2927 353 2982 401 et
3026 339 3380 414 prmdestinat

2196 458 2207 464 -
2309 455 2359 464 ιι-
2438 460 2448 464 -
2543 456 2555 464 -
2626 440 2923 464 Lean--.“
2980 434 3249 464 nmmum.
3283 429 3380 464 ιηε,

148 483 359 555 Ἐπειδὴ
385 480 569 535 τοίνυν
603 474 907 547 συμφύεταί
938 490 1054 536 πως
1084 473 1117 542 ἡ
1150 469 1296 541 ψυχὴ
1345 468 1432 523 διὰ
1461 466 1569 519 τῶν
1604 482 1709 519 σω-

142 574 380 648 ματικῶν
421 569 727 641 αἰσθήσεων
767 565 902 636 πρὸς
931 564 1000 616 τὰ
1044 562 1175 633 ἡδέα
1215 558 1307 613 τοῦ
1353 558 1490 627 βίου,
1523 556 1617 611 καὶ
1640 556 1707 626 τῇ

138 645 352 739 ειῦχροίᾳ⁵
377 663 477 734 τῆς
506 659 640 730 ὕλης
666 658 754 712 διὰ
773 656 881 710 τῶν
906 653 1197 724 ὀφθαλμῶν
1217 650 1592 722 ἐπιτέρπεται,
1615 645 1712 700 καὶ

138 764 199 832 τῇ
221 760 355 829 ἀκοῇ
386 756 523 828 πρὸς
567 754 636 807 τὰ
667 752 800 824 ἡδέα
843 749 951 804 τῶν
982 745 1346 819 ἀκροαμάτων
1390 742 1489 815 τὴν
1540 739 1714 813 ῥοπὴν

140 854 277 921 ἔχει,
325 851 392 920 τῇ
439 863 501 900 τε
550 845 814 915 ὀσφρήσει
858 842 953 895 καὶ
984 843 1050 912 τῇ
1101 836 1287 907 γεύσει
1330 835 1425 890 καὶ
1467 836 1532 906 τῇ
1573 834 1709 903 ἁφῇ,

141 943 269 998 καθό
307 942 557 1011 πέφυκεν
599 935 812 999 οἰκείως
870 932 1014 1004 ἔχειν
1056 931 1259 1001 ἑκάστῃ
1298 924 1710 983 συνδιατίθεται.

143 1035 233 1088 Διὰ
262 1033 421 1088 τοῦτο
456 1028 566 1085 οἷόν
595 1045 703 1082 τινι
732 1025 847 1097 ἥλῳ
887 1024 1024 1096 πρὸς
1062 1023 1130 1078 τὰ
1177 1021 1309 1094 ἡδέα
1354 1018 1449 1073 τοῦ
1496 1017 1612 1087 βίου
1644 1018 1711 1087 τῇ

144 1126 425 1198 αἰσθητικῇ
470 1122 693 1192 δυνάμει
728 1115 1206 1191 προσκολλωμένη,
1248 1110 1714 1172 δυσαποσπάστως

145 1218 249 1287 ἔχει
287 1215 512 1277 τούτων,
546 1208 630 1277 οἷς
660 1210 901 1281 συνεφύη
930 1203 1413 1279 προσκολληθείσα,
1458 1201 1548 1257 καὶ
1575 1197 1717 1253 κατὰ

146 1309 237 1373 τὰς
284 1294 523 1378 χελώνας
572 1303 822 1366 καὶτοὺς
861 1298 1080 1370 κοχλίας
1123 1291 1233 1350 οἷόν
1278 1313 1382 1349 τινι
1412 1291 1716 1362 ὀστρακίνῳ

151 1396 459 1467 καλύμματι
501 1391 816 1464 ἐνδεδεμένη
857 1386 1222 1459 δυσπόρευτός
1271 1386 1390 1437 ἐστι
1433 1382 1569 1453 πρὸς
1620 1378 1718 1441 τὰς

148 1487 392 1549 τοιαύτας
419 1486 682 1556 κινήσεις,
724 1482 844 1536 ὅλον
874 1475 1341 1547 συνεπισυρομένη
1385 1472 1479 1527 τοῦ
1517 1471 1632 1542 βίου
1660 1469 1769 1523 τὸν

152 1575 325 1647 ἄχθος.
358 1574 450 1628 At?)
470 1575 564 1628 καί
591 1571 860 1634 εὐάλωτος
886 1569 1095 1638 γίνεται
1127 1567 1161 1637 ἡ
1192 1563 1365 1627 οὕτως
1388 1561 1588 1633 ἔχουσα
1609 1561 1722 1622 τοῖς

151 1665 395 1719 διώκουσι
426 1663 561 1736 πρὸς
587 1660 901 1733 δημεύσεως
931 1655 1179 1727 ἀπειλὴν,
1202 1654 1238 1726 ἢ
1265 1653 1488 1724 ζημίαν,
1520 1652 1554 1722 ἦ
1580 1665 1722 1712 τινος

155 1755 308 1809 ἄλλου
354 1754 464 1807 τῶν
516 1752 654 1806 κατὰ
703 1751 801 1821 τὴν
836 1748 979 1820 ζωὴν
1010 1748 1213 1818 ταύτην
1247 1741 1720 1813 σπουδαζομένων,

154 1848 387 1921 εὐχερῶς
415 1845 688 1900 ἐνδιδοῦσα
734 1845 828 1898 καὶ
869 1843 1158 1914 ύπόχειρος
1197 1838 1455 1910 γινομένη
1487 1836 1565 1907 τῷ
1598 1834 1725 1889 διώ-

155 1958 330 1995 κοντι·
383 1938 500 1993 ἀλλ’
547 1936 765 1991 ἐπειδάν
798 1937 826 1987 6
870 1934 977 1999 ζῶν
1024 1933 1179 2001 λόγος
1204 1972 1218 1998 ,
1263 1928 1445 1992 καθώς
1492 1945 1655 1998 φησιν
1699 1929 1729 1980 ὁ

167 2031 503 2095 ’Ᾱπόστολο;,
535 2030 563 2082 6
589 2028 809 2099 ἐνεργὸς
836 2029 927 2080 καὶ
953 2022 1216 2096 τμητικὺς
1245 2022 1385 2090 ὑπὲρ
1412 2020 1591 2073 πᾶσαν
1620 2017 1727 2089 μά-

156 2142 348 2197 χαιραν
392 2123 666 2193 δίστομον,
715 2121 866 2184 ἐντὸς
907 2118 1131 2187 γένηται
1179 2114 1273 2168 τοῦ
1306 2111 1522 2184 ἀληθῶς
1551 2126 1730 2181 παρα-

153 2215 445 2286 δεξαμένου
491 2213 589 2284 τὴν
623 2211 830 2273 πίστιν,
884 2207 975 2262 καί
1020 2204 1249 2276 διατέμῃ
1285 2203 1352 2257 τὰ
1377 2203 1563 2266 κακῶς
1595 2218 1733 2271 συμ-

159 2306 436 2377 πεφυκότα
460 2348 475 2371 ,
530 2305 625 2360 καὶ
675 2302 746 2357 τὰ
778 2302 875 2373 τῆς
910 2299 1197 2370 συνηθείας
1241 2296 1416 2368 δεσμὰ
1460 2294 1689 2366 διακόψῃ
1714 2311 1728 2325 ·

157 2400 295 2462 τότε,
330 2396 580 2468 καθάπερ
625 2409 679 2448 τι
710 2393 875 2465 ἄχθος
918 2395 986 2463 τῇ
1023 2390 1167 2462 ψυχῇ
1218 2387 1595 2459 συνδεδεμένον
1635 2386 1735 2449 τὰς

161 2490 428 2569 κοσμικὰς
460 2489 652 2562 ἡδονὰς
672 2527 688 2552 ,
727 2481 836 2540 οἷόν
868 2503 951 2549 τις
978 2484 1210 2556 δρομεὺς
1248 2482 1357 2537 τῶν
1406 2481 1571 2552 ὤμων
1596 2480 1732 2533 ἁπο-

163 2582 480 2653 σεισάμενος
501 2621 516 2646 ,
565 2578 766 2649 κοῦφος
808 2576 902 2631 καὶ
945 2573 1208 2646 εὐσταλὴς
1254 2573 1315 2627 τὸ
1360 2573 1467 2626 τῶν
1511 2569 1738 2639 ἀγώνων

166 2676 385 2732 στάδιον·
420 2673 796 2745 διεξέρχεται,
852 2665 1176 2741 χειραγωγῷ
1221 2664 1356 2735 πρὸς
1406 2663 1498 2718 τὸν
1541 2662 1738 2734 δρόμον

163 2768 307 2839 αύτῷ
350 2766 429 2838 τῷ
458 2763 769 2835 ἁγωνοθέτῃ
812 2759 1108 2833 χρώμενος.
1153 2757 1227 2809 Οὐ
1258 2756 1367 2827 γὰρ
1395 2756 1495 2808 ὅσα
1523 2753 1739 2807 κατέλι-

167 2875 264 2910 πεν
292 2857 499 2927 βλέπει,
530 2854 644 2908 ἀλλ’
675 2856 775 2908 ὅσα
809 2850 1157 2922 μετέρχεται·
1188 2845 1309 2899 ούδὲ
1336 2844 1473 2915 πρὸς
1495 2844 1555 2896 τδ
1582 2841 1743 2896 κατό-

170 2968 259 3003 πιν
281 2949 379 3020 ἡδὺ
410 2948 500 3000 τόν
523 2944 799 3016 ὀφθαλμὸν
828 2940 1169 3013 ἐπιστρέφει,
1202 2936 1338 2992 ἀλλὰ
1367 2935 1503 3007 πρὸς
1528 2935 1588 2987 τὸ
1610 2951 1745 3005 προ-

171 3041 423 3111 κείμενον
467 3037 669 3107 ἀγαθὸν
706 3036 844 3088 ἵεται
875 3048 891 3063 ⁶
942 3031 1063 3085 οὐδὲ
1089 3033 1156 3102 τῇ
1185 3029 1359 3099 ζημίᾳ
1403 3027 1513 3080 τῶν
1542 3028 1744 3097 γηΐνων
1771 3055 1816 3115 c

172 3131 479 3200 ἀλγύνεται,
515 3128 648 3183 ἀλλὰ
686 3126 763 3197 τῷ
801 3124 979 3196 κέρδει
1003 3121 1112 3176 τῶν
1144 3119 1482 3191 ἐπουρανίων
1515 3117 1745 3187 ἀγάλλε-

169 3241 281 3286 ται,
331 3221 420 3275 διὰ
457 3219 613 3273 τοῦτο
657 3219 764 3272 πᾶν
790 3213 1160 3285 κολαστηρίων
1184 3209 1343 3275 εἶδος,
1389 3210 1463 3273 ὼς
1496 3206 1749 3279 ἀφορμὴν

173 3317 265 3370 καὶ
290 3312 610 3382 συνεργειαν
642 3309 741 3380 τῆς
771 3308 1133 3379 προκειμένης
1175 3305 1370 3374 χαρᾶς,
1407 3302 1639 3371 ἑτοίμως
1664 3299 1751 3353 δέ-

173 3422 327 3478 χεται
348 3422 363 3435 °
392 3374 613 3475 “conﬁgi,
638 3374 713 3464 ὡς
738 3374 837 3469 τῆς
861 3374 992 3469 ὕλης
1012 3374 1308 3466 καθάρσιον
1339 3408 1352 3422 ⁸
1392 3391 1451 3443 τὸ
1473 3388 1642 3457 ξίφος,
1678 3374 1775 3450 ὡς

173 3474 500 3569 διαιρετικὸν
528 3494 626 3563 τῆς
658 3491 793 3562 πρὸς
823 3489 892 3543 τὰ
941 3485 1113 3555 ὑλώδη
1157 3483 1252 3537 καὶ
1283 3480 1512 3553 σάρκινα
1541 3477 1633 3532 τοῦ
1661 3474 1752 3530 νοῦ

178 3589 457 3660 συμφυΐας
476 3603 490 3617 ο
523 3588 702 3639 πᾶσαν
731 3583 907 3636 πόνων
935 3595 993 3633 τε
1018 3578 1110 3633 καὶ
1129 3570 1753 3645 ἀλγημάτων-ἐπίνοιαν,

178 3659 259 3744 ὡς
287 3678 385 3733 τοῦ
422 3675 660 3747 πονηροῦ
707 3670 1034 3745 δηλητηρίου
1078 3667 1175 3722 τοῦ
1225 3663 1364 3720 κατὰ
1412 3663 1511 3734 τὴν
1565 3659 1756 3730 ἡδονὴν
1824 3706 1833 3715 .

177 3772 592 3841 ἀντιφάρμακον
624 3763 810 3832 οὖσαν,
835 3762 1126 3836 προθύμως
1154 3759 1383 3829 δέχεται.
1413 3752 1682 3824 Καθάπερ
1708 3752 1757 3804 οἱ

179 3858 648 3935 περιττωματικοὶ
679 3857 775 3911 καὶ
822 3852 1075 3926 χολώδεις
1101 3890 1118 3918 ,
1160 3847 1389 3918 ἑτοίμως
1440 3842 1615 3897 σπῶσι
1661 3844 1760 3911 τῆς

181 3931 388 4026 πικρᾶς
430 3950 771 4015 ἀντιδόσεως,
805 3946 881 4010 ὡς
918 3945 983 4000 ἂν
1023 3942 1091 3998 δι’
1138 3938 1352 4009 ἐκείνης
1392 3936 1455 3990 τὸ
1485 3931 1762 3990 νοσοποιδν

182 4023 355 4102 αἰίτιον
380 4040 745 4111 άποκλυσθείη
767 4056 781 4071 ·
815 4038 957 4092 οὕτω
975 4036 1187 4106 δέχεται
1214 4035 1243 4086 6
1274 4028 1426 4100 παρὰ
1446 4027 1541 4081 τοῦ
1566 4023 1761 4098 ἐχθροῦ

180 4137 514 4207 διωκόμενος
544 4132 638 4187 καὶ
668 4130 803 4202 πρὸς
829 4129 921 4183 τὸν
963 4127 1096 4181 Θεὸν
1119 4123 1359 4194 φεύγων,
1402 4119 1501 4192 τὴν
1529 4117 1638 4173 τῶν
1669 4117 1768 4172 ἁλ-

191 4501 438 4557 ὲναντίου
462 4499 680 4561 πάντως
710 4494 1112 4566 ὲξελαθήσεται.
1159 4488 1367 4545 Οὐκοῦν
1404 4488 1454 4541 οἰ
1486 4485 1781 4547 διώκοντες

190 4592 282 4646 διὰ
301 4590 400 4663 τὴν
422 4592 503 4655 εἰς
532 4590 624 4644 τὸν
652 4589 859 4661 Κύριον
895 4584 1204 4658 ὁμολογίαν,
1232 4580 1328 4636 καὶ
1365 4579 1435 4634 τὰ
1469 4576 1774 4632 δυσϐάστα-

195 4702 301 4740 κτα
317 4684 428 4738 τῶν
458 4682 830 4755 κολαστηρίων
856 4677 1215 4744 ἐπινοοῦντες,
1237 4673 1479 4744 ἰατρείαν
1507 4670 1626 4724 τινὰ
1655 4668 1775 4731 ταῖς

192 4777 394 4848 ψυχαῖς
418 4774 504 4829 διὰ
526 4775 634 4829 τῶν
657 4774 835 4829 πόνων
864 4770 1219 4844 προσάγουσι,
1239 4768 1357 4829 ταῖς
1384 4763 1491 4817 τῶν
1512 4758 1776 4830 ἀλγεινῶν

200 4865 532 4939 προσϐολαῖς
581 4864 680 4937 τὴν
732 4862 853 4917 καθ’
925 4859 1118 4932 ἡδονὴν
1159 4854 1551 4930 θεραπεύοντες
1599 4851 1775 4904 νόσον.

200 4958 360 5012 υῦτω
390 4957 606 5028 δέχεται
636 4957 730 5009 τὸν
755 4952 989 5025 σταυρὸν
1018 4953 1048 5006 6
1077 4950 1288 5014 Παῦλος
1324 4965 1337 4979 ⁸
1385 4948 1446 5002 τὸ
1478 4947 1627 5014 ξίφος
1674 4943 1779 4996 Ἰά·

202 5051 377 5115 κωὸος
406 5067 419 5079 ·
475 5051 602 5112 τοὺς
646 5046 823 5111 λίθους
877 5042 1147 5113 Στέφανος
1183 5059 1198 5073 °
1261 5040 1354 5094 τὸν
1402 5040 1495 5092 ἐπὶ
1540 5035 1782 5106 κεφαλὴν

201 5138 671 5210 ἁνασκολοπισμὸν
695 5140 724 5191 6
752 5134 1019 5207 μακάριος
1054 5132 1261 5204 Πέτρος
1286 5147 1299 5161 ⁸
1346 5130 1545 5192 πάντες
1568 5129 1615 5181 οἰ
1645 5124 1785 5198 μετὰ

200 5232 377 5286 ταῦτα
407 5230 508 5300 τῆς
538 5230 770 5292 πίστεως
802 5223 1118 5297 ἀγωνισταὶ,
1152 5222 1251 5286 τὰς
1278 5219 1647 5289 πολυτρόπους
1674 5216 1784 5271 τῶν

204 5322 581 5393 κολαστηρίων
623 5319 785 5384 ἰδέας,
828 5317 1013 5390 θηρία,
1061 5312 1329 5387 βάραθρα,
1360 5310 1654 5381 πυρκαϊὰς,
1688 5308 1785 5371 τὰς

204 5414 313 5468 τῶν
339 5412 568 5484 κρυμῶν
589 5409 800 5482 πήξεις,
826 5409 925 5471 τὰς
942 5406 1052 5460 τῶν
1072 5402 1321 5474 πλευρῶν
1349 5397 1784 5471 ἀποσαρκὼσεις,

202 5505 306 5585 ,τὰς
333 5503 444 5557 τῶν
473 5500 726 5572 κεφαλῶν
758 5495 1210 5570 περικυκλώσεις,
1257 5492 1355 5558 τὰς
1383 5490 1490 5547 τῶν
1529 5491 1789 5562 ὀμμάτων

288 5682 335 5716 ⁸²
375 5682 532 5737 Ilum.
568 5697 683 5746 vin,
714 5678 798 5732 ὅθ.
878 5678 921 5708 ⁷ο
952 5674 1111 5730 ιιρίηί
1142 5691 1214 5739 ιν,
1246 5674 1325 5726 l9...

1813 473 1866 519 et
1901 429 2080 525 vocat,
2113 467 2166 516 et
2190 429 2476 528 jiistilicat,
2509 456 2564 505 et
2593 440 2944 518 glorificat“.
2980 434 3250 503 Quoniam
3283 429 3382 501 igi-

1816 561 1906 608 tur
1928 551 2108 605 anima
2148 564 2242 620 per
2268 555 2563 614 corporeos
2600 550 2796 592 sensus
2837 523 3244 600 quodammodo
3291 535 3386 575 co-

1815 644 2010 699 alescit
2037 656 2159 696 cum
2188 634 2564 707 voluptatibus
2586 630 2729 691 vitae.
2781 640 2845 677 ac
2872 637 2968 692 per
3012 618 3201 672 oculos
3233 614 3381 668 bono

1815 734 2061 793 materia:
2089 732 2272 789 colore
2295 728 2623 788 delectatur,
2656 727 2710 776 et
2742 714 2968 772 auribus
3002 708 3179 764 facilis
3210 713 3376 774 atque

1816 822 2087 901 propensa
2130 831 2215 880 est
2242 821 2308 877 ad
2335 816 2609 891 jucundas
2659 809 3005 867 auditiones:
3035 803 3275 869 itemque
3315 795 3390 849 ol-

1818 921 1987 984 factu,
2020 923 2264 990 gustatu,
2294 924 2571 979 tactuque,
2602 912 2762 976 prout
2801 901 2999 969 cuique
3032 895 3227 948 horum
3261 902 3388 944 sen-

1820 1029 1978 1069 suum
2038 1007 2350 1071 cunvenire,
2410 1011 2467 1059 et
2513 1010 2707 1054 natura
2754 988 3225 1049 accommodatum
3265 993 3390 1036 esse

1819 1104 1981 1167 Solet,
2015 1116 2122 1155 una
2169 1097 2422 1158 afﬁcitur,
2467 1090 2678 1147 idcirco
2735 1084 2899 1140 veluti
2939 1082 3093 1135 clavo
3146 1072 3384 1146 quodam

1821 1192 2092 1249 sentiendi
2124 1190 2175 1244 vi
2205 1188 2270 1243 ad
2308 1187 2431 1241 vita:
2475 1182 2789 1251 voluptates
2811 1173 2985 1234 aITix-a,
3006 1168 3291 1223 diﬂiculter
3322 1161 3392 1218 ab

1823 1287 1930 1348 his,
1962 1282 2163 1354 quibus
2183 1279 2579 1333 adhaerescens»
2595 1268 2893 1332 coaluerit,
2936 1260 3095 1317 avelli
3128 1257 3290 1321 solet,
3337 1260 3392 1307 et

1823 1380 1877 1433 in
1900 1375 2116 1430 modum
2159 1368 2492 1426 testudinum
2521 1376 2575 1421 et
2624 1360 2974 1418 cochlearum
3013 1349 3183 1408 veluti
3234 1353 3396 1402 testa-

1824 1484 1922 1525 ceo
1951 1464 2184 1535 quodam
2216 1465 2529 1531 tegumento
2571 1454 2797 1523 illigata,
2848 1443 3106 1515 impedita
3137 1455 3202 1495 ac
3238 1434 3394 1490 tarda

1826 1567 1913 1617 est
1940 1529 2007 1612 ad
2033 1529 2304 1626 ejusmodi
2356 1558 2564 1611 motus,
2608 1542 2813 1614 quippe
2854 1548 3023 1593 totum
3080 1529 3244 1588 simul
3286 1537 3399 1582 tra-

1827 1651 1966 1705 hens
1999 1647 2121 1701 vitae
2157 1642 2390 1715 pondus.
2446 1635 2816 1704 Quamobrem
2866 1643 2990 1684 cum
3042 1625 3117 1679 ita
3147 1634 3267 1677 sese
3294 1618 3398 1672 ha-

1756 1723 1795 1776 Β
1828 1743 1971 1805 beat,
2018 1707 2179 1793 etiam
2216 1732 2488 1804 prehensu
2540 1726 2717 1781 facilis
2760 1714 3215 1793 persequentibus
3263 1707 3400 1763 exsi-

1830 1834 1946 1897 stit,
1971 1832 2037 1886 ad
2056 1831 2323 1885 bonorum
2355 1817 2740 1895 publicationis
2776 1813 2974 1874 minas,
3017 1816 3110 1861 aut
3166 1810 3393 1870 accepto

1830 1925 2032 1980 damno
2061 1922 2114 1975 in
2145 1920 2325 1988 aliqua
2358 1915 2464 1968 alia
2492 1926 2549 1965 re
2568 1926 2633 1965 ev
2656 1910 2721 1963 iis
2745 1921 2865 1975 qua:
2894 1917 2989 1972 per
3037 1900 3178 1954 hanc
3223 1894 3389 1947 vitam

1833 2098 2215 2175 sequentizsed
2241 2098 2331 2152 ubi
2355 2095 2512 2150 vivus
2537 2104 2737 2149 sermo,
2762 2097 2820 2141 ut
2839 2071 3404 2153 inquitApostolus‘",

1833 2173 2021 2250 etii—cari
2066 2198 2130 2248 et
2159 2189 2309 2244 omni
2343 2185 2524 2257 gladio
2564 2179 2803 2251 ancipite
2828 2173 3043 2230 acutior
3082 2174 3401 2240 penetrave-

1839 2288 1905 2341 rit
1941 2286 1994 2339 in
2014 2298 2161 2348 eum,
2183 2281 2276 2351 qui
2301 2293 2427 2334 vere
2450 2273 2623 2330 Iidem
2638 2266 2964 2339 susceperit,
2995 2271 3050 2319 et
3079 2256 3408 2316 dissecucrit

1835 2395 1920 2445 ea,
1952 2392 2075 2449 quae
2097 2374 2240 2430 male
2268 2366 2599 2432 coaluerint,
2643 2371 2698 2418 et
2735 2352 3158 2417 consuetudinis
3191 2347 3410 2403 vincula

1838 2469 2086 2541 ruperit;
2127 2474 2278 2529 tunc,
2323 2476 2446 2517 cum
2499 2466 2757 2525 tanquam
2792 2446 3006 2521 pondus
3050 2442 3244 2497 animae
3279 2450 3411 2493 cono

1840 2575 2042 2618 nexum
2075 2555 2384 2612 mundanas
2406 2550 2711 2619 voluptates
2752 2539 2919 2597 veluti
2949 2549 3142 2593 cursor
3181 2529 3404 2601 quidam

1841 2653 1910 2708 ab
1943 2648 2184 2704 humeris
2205 2618 2549 2704 excusserit,
2577 2636 2711 2693 levis
2755 2639 2810 2689 et
2838 2626 3123 2700 expeditus
3160 2618 3416 2677 certami-

1842 2759 1975 2799 num
2000 2738 2238 2797 stadium
2261 2733 2552 2806 percurrit,
2594 2731 2713 2800 ipso
2753 2723 3114 2782 certaminum
3166 2713 3414 2787 praeside,

1844 2835 1983 2892 duce
2025 2841 2079 2888 et
2112 2828 2361 2899 adjutore
2395 2832 2554 2879 utens
2582 2819 2647 2875 ad
2673 2831 2913 2875 cursum.
2944 2811 3064 2867 Non
3106 2809 3249 2863 enim
3292 2818 3417 2873 spe-

1849 2936 1958 2982 ctat
1986 2923 2050 2978 ad
2074 2937 2137 2978 ea
2167 2935 2286 2990 quae
2313 2915 2552 2986 reliquit,
2600 2912 2693 2967 sed
2731 2923 2852 2980 qua;
2880 2906 3052 2976 petit;
3089 2913 3266 2968 neque
3289 2910 3418 2950 oeu-

1851 3020 1963 3075 lum
2006 3012 2275 3072 convertit
2328 3009 2409 3066 ad
2449 3008 2500 3062 id
2538 3004 2682 3076 quod
2728 3017 2758 3056 a
2799 3008 2954 3068 tergo
2981 2991 3291 3065 iucundum
3313 2993 3420 3047 est,

1851 3111 1947 3168 sed
1974 3109 2040 3163 ad
2069 3104 2407 3179 propositum
2434 3101 2635 3156 bonum
2670 3088 2959 3148 contendit.
3011 3105 3025 3142 :
3082 3097 3257 3152 neque
3276 3079 3427 3134 dam-

1850 3217 1924 3258 no
1978 3213 2163 3255 rerum
2218 3205 2557 3250 terrenarum
2592 3175 3097 3247 coutristatur,sed
3126 3175 3278 3227 lucro
3305 3182 3423 3222 cm-

1853 3291 2071 3348 lestium
2103 3289 2349 3351 laetatur;
2381 3289 2667 3352 propterea
2700 3287 2862 3330 omne
2908 3264 3295 3338 suppliciorum
3333 3274 3424 3328 ge-

1854 3397 1961 3436 nus
1992 3388 2250 3446 tanquam
2280 3370 2583 3429 subsidium
2616 3375 2669 3421 et
2704 3362 2966 3417 auxilium
2992 3353 3256 3428 propositi
3287 3365 3424 3421 gau-

1855 3471 1931 3526 dii
1960 3465 2104 3522 haud
2129 3467 2450 3520 cunctanter
2483 3455 2682 3524 excipit
2707 3459 2763 3507 et
2800 3448 3066 3503 admittit:
3097 3448 3273 3515 ignem
3316 3448 3432 3492 tan-

1857 3575 2022 3632 quam
2096 3553 2339 3612 materize
2405 3547 2842 3620 puriﬁcatorem;
2886 3537 3125 3610 gladium
3171 3541 3431 3602 tanquam

1859 3653 2245 3720 diremptorem
2303 3637 2729 3710 conjunctionis,
2790 3645 2896 3702 qua
2927 3642 3080 3684 mens
3107 3639 3235 3679 eum
3261 3628 3434 3675 mate-

1859 3743 2088 3801 rialibus
2130 3749 2181 3794 et
2241 3732 2558 3792 carnalibus
2604 3725 2808 3781 coaluit
2840 3728 3043 3789 :alque
3085 3716 3147 3771 in
3197 3726 3434 3776 summa,

1864 3846 2055 3891 omnes
2075 3838 2130 3885 et
2151 3826 2367 3883 dolores
2398 3831 2453 3877 et
2484 3821 2718 3880 labores,
2764 3814 3081 3884 quicunque
3130 3801 3430 3873 excogitari

1864 3930 2116 3998 possunt,
2139 3929 2395 3986 tanquam
2429 3911 2887 3967 medicamentum
2926 3901 3092 3956 noxio
3139 3894 3438 3965 voluptatis

1864 4024 2074 4068 veneno
2107 4006 2428 4066 adversans,
2463 3997 2657 4069 cupide
2687 4004 2847 4065 atque
2881 3997 3071 4062 parato
3117 3988 3299 4042 animo
3342 3999 3439 4039 su-

1868 4103 2051 4175 scipit.
2086 4092 2553 4168 Quemadmodum
2583 4090 2728 4147 enim
2764 4086 2968 4150 biliosi,
3003 4083 3205 4153 quique
3243 4092 3439 4148 super-

1870 4199 1993 4254 ﬂuis
2034 4191 2357 4249 humoribus
2407 4186 2711 4247 abundant,
2770 4194 2956 4237 amara
3014 4174 3250 4231 remedia
3298 4171 3442 4225 haud

1752 4339 1767 4354 .
1872 4297 2096 4363 gravate
2122 4284 2366 4348 sorbent,
2408 4288 2468 4333 ut
2515 4292 2611 4348 per
2642 4275 2734 4330 illa
2768 4286 2936 4327 causa
2971 4266 3145 4321 morbi
3199 4263 3442 4320 etiiciens

203 4374 357 4467 'Ertei
379 4374 472 4464 οὖν
513 4407 579 4462 δι’
624 4406 815 4477 ἡδονῆς
842 4374 1086 4475 εἰσήλθεν
1197 4396 1462 4470 ἁμαρτία,
1493 4394 1581 4449 διὰ
1607 4411 1660 4447 τι

906 4374 1086 4475 ἦλθεν
1197 4396 1462 4470 ἁμαρτία,
1493 4394 1581 4449 διὰ
1607 4394 1766 4448 τοῦτο
1797 4399 1840 4455 D
1873 4387 2209 4453 expurgetur
2238 4390 2252 4428 :
2290 4374 2363 4428 ita

2431 4369 2525 4441 qui
2577 4367 2647 4421 ab
2710 4362 2934 4419 inimico
2989 4361 3246 4430 agitatur,
3286 4363 3340 4411 et
3378 4353 3446 4409 ad

1877 4476 2046 4533 Deum
2081 4469 2242 4541 fugit,
2272 4465 2474 4534 excipit
2507 4475 2689 4516 rermn
2736 4455 3056 4511 acerbarum
3102 4458 3157 4506 et
3190 4449 3446 4504 adversa-

1876 4583 1998 4624 rum
2041 4534 2329 4634 impetum,
2364 4564 2424 4610 ut
2457 4554 2555 4624 qui
2598 4551 2710 4605 vim
2764 4547 2967 4603 habeat
3021 4542 3319 4613 voluptatis
3362 4537 3444 4593 cf—
3542 4534 3553 4539 ’

1877 4654 2125 4712 ticaciam
2152 4643 2537 4718 exstinguendi
2575 4660 2589 4697 :
2634 4655 2743 4695 non
2791 4638 2938 4694 enim
2994 4634 3232 4706 gaudere
3273 4637 3451 4700 potest

1878 4748 1970 4820 qui
2002 4746 2170 4801 dolet.
2209 4737 2481 4809 Quoniam
2515 4733 2681 4803 igitur
2723 4745 2821 4802 per
2850 4728 3183 4797 voluptatem
3228 4722 3453 4776 intravit

1878 4846 2186 4912 peccatum.
2216 4849 2313 4905 per
2342 4827 2681 4887 contrarium
2707 4837 2937 4895 prorsus
2956 4818 3284 4888 expelletur.
3305 4814 3446 4882 Ergo

1881 4932 1974 5004 qui
2035 4932 2440 5001 persequuntur
2482 4934 2585 4976 eos,
2607 4916 2700 4988 qui
2750 4913 3039 4967 Dominum
3091 4907 3445 4967 confitentur,

1881 4996 1935 5080 et
1960 4996 2470 5078 toleratuidiﬂicilia
2523 5016 2795 5067 tormenta
2826 5012 2991 5073 atque
3043 4998 3312 5068 supplicia
3360 5011 3455 5048 ex-
3528 4996 3531 5001 '

1883 5116 2147 5188 cogitant,
2196 5107 2501 5165 remedium
2548 5100 2821 5175 quoddam
2870 5094 3068 5150 animis
3103 5106 3199 5160 per
3242 5089 3460 5140 dolores

1892 5208 2176 5267 adhibent,
2220 5198 2478 5256 violentis
2540 5207 2722 5250 rerum
2773 5200 3092 5258 asperarqu
3124 5177 3457 5235 admotiooi—

1890 5301 1995 5356 bus
2031 5293 2324 5365 voluptatis
2353 5289 2605 5343 morbum
2641 5288 2921 5339 curantes.
2958 5276 3033 5330 lta
3064 5286 3282 5328 crucem
3321 5268 3466 5322 Pau-

1895 5394 1981 5446 lus
2009 5361 2247 5457 excipit;
2276 5380 2517 5454 gladium
2544 5374 2824 5438 Jacobus;
2869 5367 3080 5439 lapides
3110 5361 3426 5432 Stephanus
3446 5398 3464 5425 ,

1901 5481 2081 5554 capite
2109 5478 2366 5535 deorsum
2399 5487 2559 5529 verso
2592 5464 3008 5525 cruciﬁxioncm
3028 5460 3222 5518 beatus
3248 5455 3471 5515 Petrus;
