  <div class='ocr_page' id='page_1' title='image "/cluster/home/n/w/nwhite01/storage/ocr_20150623/44/mdp.39015011915454/657.png"; bbox 0 0 3690 5986; ppageno 0'>
   <div class='ocr_carea' id='block_1_1' title="bbox 290 236 423 291">
    <p class='ocr_par' dir='ltr' id='par_1_1' title="bbox 290 236 423 291">
     <span class='ocr_line' id='line_1_1' title="bbox 290 236 423 291; baseline 0.03 -4"><span class='ocrx_word' id='word_1_1' title='bbox 290 236 423 291; x_wconf 62' lang='lat' dir='ltr'><strong>r290</strong></span> 
     </span>
    </p>
   </div>
   <div class='ocr_carea' id='block_1_2' title="bbox 1523 242 2337 302">
    <p class='ocr_par' dir='ltr' id='par_1_2' title="bbox 1523 242 2337 302">
     <span class='ocr_line' id='line_1_2' title="bbox 1523 242 2337 302; baseline 0.004 -5"><span class='ocrx_word' id='word_1_2' title='bbox 1523 244 1577 297; x_wconf 67' lang='grc' dir='ltr'>ὃ.</span> <span class='ocrx_word' id='word_1_3' title='bbox 1638 242 1966 300; x_wconf 78' lang='lat' dir='ltr'><strong>CREGOlill</strong></span> <span class='ocrx_word' id='word_1_4' title='bbox 2020 245 2337 302; x_wconf 66' lang='lat' dir='ltr'><strong>[\YSSENI.</strong></span> 
     </span>
    </p>
   </div>
   <div class='ocr_carea' id='block_1_3' title="bbox 3396 238 3539 293">
    <p class='ocr_par' dir='ltr' id='par_1_3' title="bbox 3396 238 3539 293">
     <span class='ocr_line' id='line_1_3' title="bbox 3396 238 3539 293; baseline -0.007 -1"><span class='ocrx_word' id='word_1_5' title='bbox 3396 238 3539 293; x_wconf 72' lang='grc' dir='ltr'>ιευο</span> 
     </span>
    </p>
   </div>
   <div class='ocr_carea' id='block_1_4' title="bbox 282 352 1854 424">
    <p class='ocr_par' dir='ltr' id='par_1_4' title="bbox 282 352 1854 420">
     <span class='ocr_line' id='line_1_4' title="bbox 282 352 1854 420; baseline 0.006 -18"><span class='ocrx_word' id='word_1_6' title='bbox 282 364 477 405; x_wconf 77' lang='grc' dir='ltr'>οιιιηοε</span> <span class='ocrx_word' id='word_1_7' title='bbox 508 352 599 420; x_wconf 92' lang='lat' dir='ltr'><strong>qui</strong></span> <span class='ocrx_word' id='word_1_8' title='bbox 642 353 742 409; x_wconf 84' lang='lat' dir='ltr'><strong>hos</strong></span> <span class='ocrx_word' id='word_1_9' title='bbox 771 358 942 411; x_wconf 88' lang='lat' dir='ltr'><strong>secuti</strong></span> <span class='ocrx_word' id='word_1_10' title='bbox 977 365 1105 411; x_wconf 93' lang='lat' dir='ltr'><strong>sunt</strong></span> <span class='ocrx_word' id='word_1_11' title='bbox 1138 357 1260 411; x_wconf 84' lang='lat' dir='ltr'><strong>fidei</strong></span> <span class='ocrx_word' id='word_1_12' title='bbox 1289 357 1508 412; x_wconf 75' lang='lat' dir='ltr'><strong>athleta:</strong></span> <span class='ocrx_word' id='word_1_13' title='bbox 1530 357 1719 411; x_wconf 49' lang='lat' dir='ltr'><strong>Varias</strong></span> <span class='ocrx_word' id='word_1_14' title='bbox 1741 365 1854 411; x_wconf 83' lang='lat' dir='ltr'><strong>tor-</strong></span> 
     </span>
    </p>
   </div>
   <div class='ocr_carea' id='block_1_5' title="bbox 2020 352 3538 424">
    <p class='ocr_par' dir='ltr' id='par_1_5' title="bbox 2020 352 3538 422">
     <span class='ocr_line' id='line_1_5' title="bbox 2020 352 3538 422; baseline -0.004 -11"><span class='ocrx_word' id='word_1_15' title='bbox 2020 358 2248 422; x_wconf 78' lang='grc' dir='ltr'>ιοϐολάς,</span> <span class='ocrx_word' id='word_1_16' title='bbox 2273 357 2368 422; x_wconf 80' lang='grc' dir='ltr'>τὰς</span> <span class='ocrx_word' id='word_1_17' title='bbox 2398 357 2503 411; x_wconf 84' lang='grc' dir='ltr'>τῶν</span> <span class='ocrx_word' id='word_1_18' title='bbox 2535 356 2810 410; x_wconf 77' lang='grc' dir='ltr'>δακτύλων</span> <span class='ocrx_word' id='word_1_19' title='bbox 2836 352 3137 417; x_wconf 77' lang='grc' dir='ltr'>ἀποκοπὰς,</span> <span class='ocrx_word' id='word_1_20' title='bbox 3173 352 3271 417; x_wconf 81' lang='grc' dir='ltr'>τὰς</span> <span class='ocrx_word' id='word_1_21' title='bbox 3303 352 3414 406; x_wconf 84' lang='grc' dir='ltr'><strong>τῶν</strong></span> <span class='ocrx_word' id='word_1_22' title='bbox 3446 354 3538 420; x_wconf 67' lang='grc' dir='ltr'><strong>ἐφ’</strong></span> 
     </span>
    </p>
   </div>
   <div class='ocr_carea' id='block_1_6' title="bbox 284 447 1853 518">
    <p class='ocr_par' dir='ltr' id='par_1_6' title="bbox 284 447 1853 518">
     <span class='ocr_line' id='line_1_6' title="bbox 284 447 1853 518; baseline 0.006 -27"><span class='ocrx_word' id='word_1_23' title='bbox 284 448 594 496; x_wconf 89' lang='lat' dir='ltr'><strong>mentorum</strong></span> <span class='ocrx_word' id='word_1_24' title='bbox 630 453 685 499; x_wconf 89' lang='lat' dir='ltr'><strong>et</strong></span> <span class='ocrx_word' id='word_1_25' title='bbox 713 447 1104 516; x_wconf 78' lang='lat' dir='ltr'><strong>suppliciorum</strong></span> <span class='ocrx_word' id='word_1_26' title='bbox 1152 449 1386 518; x_wconf 82' lang='lat' dir='ltr'><strong>species,</strong></span> <span class='ocrx_word' id='word_1_27' title='bbox 1424 449 1653 514; x_wconf 88' lang='lat' dir='ltr'><strong>bestias,</strong></span> <span class='ocrx_word' id='word_1_28' title='bbox 1691 449 1853 503; x_wconf 87' lang='lat' dir='ltr'><strong>bara-</strong></span> 
     </span>
    </p>
   </div>
   <div class='ocr_carea' id='block_1_7' title="bbox 283 530 1855 609">
    <p class='ocr_par' dir='ltr' id='par_1_7' title="bbox 283 530 1855 609">
     <span class='ocr_line' id='line_1_7' title="bbox 283 530 1855 609; baseline 0.006 -27"><span class='ocrx_word' id='word_1_29' title='bbox 283 530 430 597; x_wconf 74' lang='lat' dir='ltr'><strong>tlu-a,</strong></span> <span class='ocrx_word' id='word_1_30' title='bbox 475 547 638 603; x_wconf 87' lang='lat' dir='ltr'><strong>rogos</strong></span> <span class='ocrx_word' id='word_1_31' title='bbox 687 544 738 590; x_wconf 91' lang='lat' dir='ltr'><strong>et</strong></span> <span class='ocrx_word' id='word_1_32' title='bbox 772 535 1038 603; x_wconf 83' lang='lat' dir='ltr'><strong>ﬂammas,</strong></span> <span class='ocrx_word' id='word_1_33' title='bbox 1098 540 1316 609; x_wconf 81' lang='lat' dir='ltr'><strong>frigoris</strong></span> <span class='ocrx_word' id='word_1_34' title='bbox 1376 539 1755 594; x_wconf 82' lang='lat' dir='ltr'><strong>eoneretlones</strong></span> <span class='ocrx_word' id='word_1_35' title='bbox 1802 548 1855 594; x_wconf 89' lang='lat' dir='ltr'><strong>et</strong></span> 
     </span>
    </p>
   </div>
   <div class='ocr_carea' id='block_1_8' title="bbox 194 622 1856 692">
    <p class='ocr_par' dir='ltr' id='par_1_8' title="bbox 194 622 1856 692">
     <span class='ocr_line' id='line_1_8' title="bbox 194 622 1856 692; baseline 0.008 -21"><span class='ocrx_word' id='word_1_36' title='bbox 194 665 198 670; x_wconf 93' lang='lat'><strong><em>.</em></strong></span> <span class='ocrx_word' id='word_1_37' title='bbox 281 622 715 692; x_wconf 82' lang='lat' dir='ltr'><strong>congelatioues,</strong></span> <span class='ocrx_word' id='word_1_38' title='bbox 764 628 1012 682; x_wconf 90' lang='lat' dir='ltr'><strong>carnium</strong></span> <span class='ocrx_word' id='word_1_39' title='bbox 1055 645 1120 684; x_wconf 81' lang='lat' dir='ltr'><strong>ex</strong></span> <span class='ocrx_word' id='word_1_40' title='bbox 1152 630 1488 686; x_wconf 41' lang='lat' dir='ltr'><strong>lateribus‘et</strong></span> <span class='ocrx_word' id='word_1_41' title='bbox 1512 630 1679 685; x_wconf 86' lang='lat' dir='ltr'><strong>costis</strong></span> <span class='ocrx_word' id='word_1_42' title='bbox 1712 630 1856 684; x_wconf 84' lang='lat' dir='ltr'><strong>lacc-</strong></span> 
     </span>
    </p>
   </div>
   <div class='ocr_carea' id='block_1_9' title="bbox 283 714 1853 794">
    <p class='ocr_par' dir='ltr' id='par_1_9' title="bbox 283 714 1853 794">
     <span class='ocr_line' id='line_1_9' title="bbox 283 714 1853 794; baseline 0.006 -28"><span class='ocrx_word' id='word_1_43' title='bbox 283 714 530 769; x_wconf 87' lang='lat' dir='ltr'><strong>rationes</strong></span> <span class='ocrx_word' id='word_1_44' title='bbox 560 726 613 772; x_wconf 91' lang='lat' dir='ltr'><strong>et</strong></span> <span class='ocrx_word' id='word_1_45' title='bbox 648 719 982 786; x_wconf 84' lang='lat' dir='ltr'><strong>avulsiones,</strong></span> <span class='ocrx_word' id='word_1_46' title='bbox 1043 724 1221 794; x_wconf 91' lang='lat' dir='ltr'><strong>capita</strong></span> <span class='ocrx_word' id='word_1_47' title='bbox 1255 722 1424 777; x_wconf 81' lang='lat' dir='ltr'><strong>clavis</strong></span> <span class='ocrx_word' id='word_1_48' title='bbox 1452 722 1689 792; x_wconf 85' lang='lat' dir='ltr'><strong>undique</strong></span> <span class='ocrx_word' id='word_1_49' title='bbox 1721 736 1853 777; x_wconf 88' lang='lat' dir='ltr'><strong>eon-</strong></span> 
     </span>
    </p>
   </div>
   <div class='ocr_carea' id='block_1_10' title="bbox 283 804 1848 882">
    <p class='ocr_par' dir='ltr' id='par_1_10' title="bbox 283 804 1848 882">
     <span class='ocr_line' id='line_1_10' title="bbox 283 804 1848 882; baseline 0.006 -25"><span class='ocrx_word' id='word_1_50' title='bbox 283 804 411 868; x_wconf 75' lang='lat' dir='ltr'><strong>fixa,</strong></span> <span class='ocrx_word' id='word_1_51' title='bbox 446 807 732 861; x_wconf 88' lang='lat' dir='ltr'><strong>oculorum</strong></span> <span class='ocrx_word' id='word_1_52' title='bbox 766 811 1116 877; x_wconf 84' lang='lat' dir='ltr'><strong>amissiones,</strong></span> <span class='ocrx_word' id='word_1_53' title='bbox 1152 810 1848 882; x_wconf 86' lang='lat' dir='ltr'><strong>digitorumabseissiones,</strong></span> 
     </span>
    </p>
   </div>
   <div class='ocr_carea' id='block_1_11' title="bbox 280 898 1851 975">
    <p class='ocr_par' dir='ltr' id='par_1_11' title="bbox 280 898 1851 975">
     <span class='ocr_line' id='line_1_11' title="bbox 280 898 1851 975; baseline 0.005 -27"><span class='ocrx_word' id='word_1_54' title='bbox 280 898 530 967; x_wconf 87' lang='lat' dir='ltr'><strong>corporis</strong></span> <span class='ocrx_word' id='word_1_55' title='bbox 565 915 662 970; x_wconf 90' lang='lat' dir='ltr'><strong>per</strong></span> <span class='ocrx_word' id='word_1_56' title='bbox 693 915 853 956; x_wconf 85' lang='lat' dir='ltr'><strong>crura</strong></span> <span class='ocrx_word' id='word_1_57' title='bbox 881 906 932 957; x_wconf 92' lang='lat' dir='ltr'><strong>in</strong></span> <span class='ocrx_word' id='word_1_58' title='bbox 978 913 1263 974; x_wconf 83' lang='lat' dir='ltr'><strong>utramque</strong></span> <span class='ocrx_word' id='word_1_59' title='bbox 1302 912 1508 975; x_wconf 84' lang='lat' dir='ltr'><strong>partem</strong></span> <span class='ocrx_word' id='word_1_60' title='bbox 1548 902 1851 973; x_wconf 84' lang='lat' dir='ltr'><strong>disruptio-</strong></span> 
     </span>
    </p>
   </div>
   <div class='ocr_carea' id='block_1_12' title="bbox 282 991 1846 1059">
    <p class='ocr_par' dir='ltr' id='par_1_12' title="bbox 282 991 1846 1059">
     <span class='ocr_line' id='line_1_12' title="bbox 282 991 1846 1059; baseline 0.005 -21"><span class='ocrx_word' id='word_1_61' title='bbox 282 1003 401 1054; x_wconf 85' lang='lat' dir='ltr'><strong>nes,</strong></span> <span class='ocrx_word' id='word_1_62' title='bbox 459 1004 557 1059; x_wconf 90' lang='lat' dir='ltr'><strong>per</strong></span> <span class='ocrx_word' id='word_1_63' title='bbox 599 991 798 1047; x_wconf 87' lang='lat' dir='ltr'><strong>famem</strong></span> <span class='ocrx_word' id='word_1_64' title='bbox 846 995 1282 1051; x_wconf 79' lang='lat' dir='ltr'><strong>exerucialiones</strong></span> <span class='ocrx_word' id='word_1_65' title='bbox 1334 1005 1388 1050; x_wconf 80' lang='lat' dir='ltr'><strong>et</strong></span> <span class='ocrx_word' id='word_1_66' title='bbox 1433 995 1846 1049; x_wconf 74' lang='lat' dir='ltr'><strong>coniectiones:</strong></span> 
     </span>
    </p>
   </div>
   <div class='ocr_carea' id='block_1_13' title="bbox 283 1077 1850 1158">
    <p class='ocr_par' dir='ltr' id='par_1_13' title="bbox 283 1077 1850 1158">
     <span class='ocr_line' id='line_1_13' title="bbox 283 1077 1850 1158; baseline 0.006 -29"><span class='ocrx_word' id='word_1_67' title='bbox 283 1077 395 1133; x_wconf 66' lang='lat' dir='ltr'><strong>lucc</strong></span> <span class='ocrx_word' id='word_1_68' title='bbox 416 1089 581 1152; x_wconf 87' lang='lat' dir='ltr'><strong>atque</strong></span> <span class='ocrx_word' id='word_1_69' title='bbox 603 1082 870 1153; x_wconf 79' lang='lat' dir='ltr'><strong>ejusmodi</strong></span> <span class='ocrx_word' id='word_1_70' title='bbox 908 1089 1113 1150; x_wconf 83' lang='lat' dir='ltr'><strong>munia,</strong></span> <span class='ocrx_word' id='word_1_71' title='bbox 1141 1096 1398 1158; x_wconf 82' lang='lat' dir='ltr'><strong>tauquam</strong></span> <span class='ocrx_word' id='word_1_72' title='bbox 1419 1090 1627 1158; x_wconf 85' lang='lat' dir='ltr'><strong>peccati</strong></span> <span class='ocrx_word' id='word_1_73' title='bbox 1661 1086 1850 1156; x_wconf 84' lang='lat' dir='ltr'><strong>expia-</strong></span> 
     </span>
    </p>
   </div>
   <div class='ocr_carea' id='block_1_14' title="bbox 1954 440 3535 519">
    <p class='ocr_par' dir='ltr' id='par_1_14' title="bbox 1954 440 3535 519">
     <span class='ocr_line' id='line_1_14' title="bbox 1954 440 3535 519; baseline -0.002 -19"><span class='ocrx_word' id='word_1_74' title='bbox 1954 448 2188 519; x_wconf 77' lang='grc' dir='ltr'>ἑκάτερα</span> <span class='ocrx_word' id='word_1_75' title='bbox 2209 449 2301 502; x_wconf 86' lang='grc' dir='ltr'><strong>τοῦ</strong></span> <span class='ocrx_word' id='word_1_76' title='bbox 2325 447 2574 517; x_wconf 83' lang='grc' dir='ltr'>σώματος</span> <span class='ocrx_word' id='word_1_77' title='bbox 2600 447 2688 501; x_wconf 71' lang='grc' dir='ltr'><strong>διὰ</strong></span> <span class='ocrx_word' id='word_1_78' title='bbox 2719 447 2825 499; x_wconf 82' lang='grc' dir='ltr'><strong>τῶν</strong></span> <span class='ocrx_word' id='word_1_79' title='bbox 2858 444 3061 498; x_wconf 79' lang='grc' dir='ltr'>σκελῶν</span> <span class='ocrx_word' id='word_1_80' title='bbox 3094 440 3301 515; x_wconf 75' lang='grc' dir='ltr'>ῥήξεις,</span> <span class='ocrx_word' id='word_1_81' title='bbox 3325 444 3428 507; x_wconf 83' lang='grc' dir='ltr'>τὰς</span> <span class='ocrx_word' id='word_1_82' title='bbox 3445 443 3535 497; x_wconf 76' lang='grc' dir='ltr'><strong>διὰ</strong></span> 
     </span>
    </p>
   </div>
   <div class='ocr_carea' id='block_1_15' title="bbox 1950 534 3540 612">
    <p class='ocr_par' dir='ltr' id='par_1_15' title="bbox 1950 534 3540 612">
     <span class='ocr_line' id='line_1_15' title="bbox 1950 534 3540 612; baseline -0.004 -18"><span class='ocrx_word' id='word_1_83' title='bbox 1950 541 2044 594; x_wconf 84' lang='grc' dir='ltr'><strong>τοῦ</strong></span> <span class='ocrx_word' id='word_1_84' title='bbox 2066 540 2226 612; x_wconf 86' lang='grc' dir='ltr'>λιμοῦ</span> <span class='ocrx_word' id='word_1_85' title='bbox 2256 541 2564 612; x_wconf 80' lang='grc' dir='ltr'>τηκεδόνας,</span> <span class='ocrx_word' id='word_1_86' title='bbox 2595 540 2770 594; x_wconf 83' lang='grc' dir='ltr'>πάντα</span> <span class='ocrx_word' id='word_1_87' title='bbox 2795 538 2967 592; x_wconf 82' lang='grc' dir='ltr'>ταῦτα</span> <span class='ocrx_word' id='word_1_88' title='bbox 2993 538 3087 591; x_wconf 71' lang='grc' dir='ltr'>καὶ</span> <span class='ocrx_word' id='word_1_89' title='bbox 3116 536 3185 591; x_wconf 78' lang='grc' dir='ltr'>τὰ</span> <span class='ocrx_word' id='word_1_90' title='bbox 3211 534 3438 590; x_wconf 85' lang='grc' dir='ltr'>τοιαῦτα</span> <span class='ocrx_word' id='word_1_91' title='bbox 3458 534 3540 599; x_wconf 81' lang='grc' dir='ltr'>ὥς</span> 
     </span>
    </p>
   </div>
   <div class='ocr_carea' id='block_1_16' title="bbox 1952 627 3539 703">
    <p class='ocr_par' dir='ltr' id='par_1_16' title="bbox 1952 627 3539 703">
     <span class='ocr_line' id='line_1_16' title="bbox 1952 627 3539 703; baseline -0.005 -17"><span class='ocrx_word' id='word_1_92' title='bbox 1952 633 2224 703; x_wconf 87' lang='grc' dir='ltr'>καθάρσια</span> <span class='ocrx_word' id='word_1_93' title='bbox 2269 632 2369 702; x_wconf 82' lang='grc' dir='ltr'>τῆς</span> <span class='ocrx_word' id='word_1_94' title='bbox 2409 632 2684 703; x_wconf 83' lang='grc' dir='ltr'>ἁμαρτίας</span> <span class='ocrx_word' id='word_1_95' title='bbox 2735 632 2785 684; x_wconf 79' lang='grc' dir='ltr'>οε</span> <span class='ocrx_word' id='word_1_96' title='bbox 2829 630 2977 699; x_wconf 81' lang='grc' dir='ltr'>ἆγιοι</span> <span class='ocrx_word' id='word_1_97' title='bbox 3028 629 3146 700; x_wconf 80' lang='grc' dir='ltr'>μετ’</span> <span class='ocrx_word' id='word_1_98' title='bbox 3191 627 3539 699; x_wconf 78' lang='grc' dir='ltr'>εὐφροσύνης</span> 
     </span>
    </p>
   </div>
   <div class='ocr_carea' id='block_1_17' title="bbox 1953 717 3540 793">
    <p class='ocr_par' dir='ltr' id='par_1_17' title="bbox 1953 717 3540 793">
     <span class='ocr_line' id='line_1_17' title="bbox 1953 717 3540 793; baseline 0.004 -20"><span class='ocrx_word' id='word_1_99' title='bbox 1953 723 2256 793; x_wconf 77' lang='grc' dir='ltr'>προσίεντο,</span> <span class='ocrx_word' id='word_1_100' title='bbox 2304 722 2380 785; x_wconf 85' lang='grc' dir='ltr'><strong>ὡς</strong></span> <span class='ocrx_word' id='word_1_101' title='bbox 2429 722 2497 775; x_wconf 83' lang='grc' dir='ltr'>ἂν</span> <span class='ocrx_word' id='word_1_102' title='bbox 2541 721 2705 792; x_wconf 82' lang='grc' dir='ltr'>μηδὲν</span> <span class='ocrx_word' id='word_1_103' title='bbox 2753 721 2896 791; x_wconf 77' lang='grc' dir='ltr'>ἴχνος</span> <span class='ocrx_word' id='word_1_104' title='bbox 2943 722 3009 791; x_wconf 81' lang='grc' dir='ltr'>τῇ</span> <span class='ocrx_word' id='word_1_105' title='bbox 3053 717 3251 790; x_wconf 77' lang='grc' dir='ltr'>καρδίᾳ</span> <span class='ocrx_word' id='word_1_106' title='bbox 3293 717 3383 770; x_wconf 79' lang='grc' dir='ltr'>διὰ</span> <span class='ocrx_word' id='word_1_107' title='bbox 3434 720 3540 788; x_wconf 75' lang='grc' dir='ltr'><strong>τῆς</strong></span> 
     </span>
    </p>
   </div>
   <div class='ocr_carea' id='block_1_18' title="bbox 1961 808 3533 884">
    <p class='ocr_par' dir='ltr' id='par_1_18' title="bbox 1961 808 3533 884">
     <span class='ocr_line' id='line_1_18' title="bbox 1961 808 3533 884; baseline -0.004 -19"><span class='ocrx_word' id='word_1_108' title='bbox 1961 812 2154 884; x_wconf 78' lang='grc' dir='ltr'><strong>ἡδονῆς</strong></span> <span class='ocrx_word' id='word_1_109' title='bbox 2198 813 2545 884; x_wconf 79' lang='grc' dir='ltr'><strong>ἐγγινόμενον</strong></span> <span class='ocrx_word' id='word_1_110' title='bbox 2576 812 2947 883; x_wconf 81' lang='grc' dir='ltr'>ὑπολειφθείη,</span> <span class='ocrx_word' id='word_1_111' title='bbox 2973 810 3074 881; x_wconf 80' lang='grc' dir='ltr'>τῆς</span> <span class='ocrx_word' id='word_1_112' title='bbox 3114 809 3363 879; x_wconf 77' lang='grc' dir='ltr'>ἀλγεινῆς</span> <span class='ocrx_word' id='word_1_113' title='bbox 3396 808 3533 860; x_wconf 85' lang='grc' dir='ltr'>ταύ-</span> 
     </span>
    </p>
   </div>
   <div class='ocr_carea' id='block_1_19' title="bbox 1959 899 3535 973">
    <p class='ocr_par' dir='ltr' id='par_1_19' title="bbox 1959 899 3535 973">
     <span class='ocr_line' id='line_1_19' title="bbox 1959 899 3535 973; baseline -0.003 -17"><span class='ocrx_word' id='word_1_114' title='bbox 1959 921 2058 972; x_wconf 84' lang='grc' dir='ltr'><strong>της</strong></span> <span class='ocrx_word' id='word_1_115' title='bbox 2113 904 2205 956; x_wconf 71' lang='grc' dir='ltr'><strong>καὶ</strong></span> <span class='ocrx_word' id='word_1_116' title='bbox 2260 902 2509 973; x_wconf 79' lang='grc' dir='ltr'><strong>δριμείας</strong></span> <span class='ocrx_word' id='word_1_117' title='bbox 2568 901 2874 973; x_wconf 84' lang='grc' dir='ltr'>αἰσθήσεως</span> <span class='ocrx_word' id='word_1_118' title='bbox 2941 901 3149 964; x_wconf 83' lang='grc' dir='ltr'><strong>πάντας</strong></span> <span class='ocrx_word' id='word_1_119' title='bbox 3214 900 3341 963; x_wconf 74' lang='grc' dir='ltr'>τοὺς</span> <span class='ocrx_word' id='word_1_120' title='bbox 3408 899 3535 952; x_wconf 85' lang='grc' dir='ltr'>καθ’</span> 
     </span>
    </p>
   </div>
   <div class='ocr_carea' id='block_1_20' title="bbox 1961 988 3537 1064">
    <p class='ocr_par' dir='ltr' id='par_1_20' title="bbox 1961 988 3537 1064">
     <span class='ocr_line' id='line_1_20' title="bbox 1961 988 3537 1064; baseline -0.003 -19"><span class='ocrx_word' id='word_1_121' title='bbox 1961 992 2150 1064; x_wconf 74' lang='grc' dir='ltr'>ἡδονὴν</span> <span class='ocrx_word' id='word_1_122' title='bbox 2223 993 2603 1063; x_wconf 82' lang='grc' dir='ltr'>ὲγγινομένους</span> <span class='ocrx_word' id='word_1_123' title='bbox 2681 994 2751 1063; x_wconf 78' lang='grc' dir='ltr'>τῇ</span> <span class='ocrx_word' id='word_1_124' title='bbox 2820 990 2967 1062; x_wconf 76' lang='grc' dir='ltr'>ψυχῇ</span> <span class='ocrx_word' id='word_1_125' title='bbox 3040 989 3245 1053; x_wconf 84' lang='grc' dir='ltr'><strong>τύπους</strong></span> <span class='ocrx_word' id='word_1_126' title='bbox 3322 988 3537 1054; x_wconf 75' lang='grc' dir='ltr'>ἐξαλειο</span> 
     </span>
    </p>
   </div>
   <div class='ocr_carea' id='block_1_21' title="bbox 1959 1099 2182 1154">
    <p class='ocr_par' dir='ltr' id='par_1_21' title="bbox 1959 1099 2182 1154">
     <span class='ocr_line' id='line_1_21' title="bbox 1959 1099 2182 1154; baseline 0.004 -19"><span class='ocrx_word' id='word_1_127' title='bbox 1959 1099 2182 1154; x_wconf 80' lang='grc' dir='ltr'>φουσης.</span> 
     </span>
    </p>
   </div>
   <div class='ocr_carea' id='block_1_22' title="bbox 280 1170 3540 1247">
    <p class='ocr_par' dir='ltr' id='par_1_22' title="bbox 280 1170 3540 1247">
     <span class='ocr_line' id='line_1_22' title="bbox 280 1170 3540 1247; baseline 0 -25"><span class='ocrx_word' id='word_1_128' title='bbox 280 1171 457 1228; x_wconf 82' lang='lat' dir='ltr'><strong>tiones</strong></span> <span class='ocrx_word' id='word_1_129' title='bbox 490 1177 665 1229; x_wconf 88' lang='lat' dir='ltr'><strong>sancti</strong></span> <span class='ocrx_word' id='word_1_130' title='bbox 697 1177 771 1230; x_wconf 92' lang='lat' dir='ltr'><strong>illi</strong></span> <span class='ocrx_word' id='word_1_131' title='bbox 826 1194 949 1232; x_wconf 89' lang='lat' dir='ltr'><strong>cum</strong></span> <span class='ocrx_word' id='word_1_132' title='bbox 984 1180 1165 1233; x_wconf 62' lang='lat' dir='ltr'><strong>laetitia</strong></span> <span class='ocrx_word' id='word_1_133' title='bbox 1215 1180 1595 1246; x_wconf 85' lang='lat' dir='ltr'><strong>admittebant,</strong></span> <span class='ocrx_word' id='word_1_134' title='bbox 1633 1192 1702 1232; x_wconf 90' lang='lat' dir='ltr'><strong>ne</strong></span> <span class='ocrx_word' id='word_1_135' title='bbox 1734 1175 1880 1247; x_wconf 88' lang='lat' dir='ltr'><strong>quod</strong></span> <span class='ocrx_word' id='word_1_136' title='bbox 1920 1176 2207 1245; x_wconf 66' lang='lat' dir='ltr'><strong>vestigium</strong></span> <span class='ocrx_word' id='word_1_137' title='bbox 2244 1174 2397 1228; x_wconf 88' lang='lat' dir='ltr'><strong>cordi</strong></span> <span class='ocrx_word' id='word_1_138' title='bbox 2445 1188 2542 1244; x_wconf 88' lang='lat' dir='ltr'><strong>per</strong></span> <span class='ocrx_word' id='word_1_139' title='bbox 2597 1172 2930 1243; x_wconf 74' lang='lat' dir='ltr'><strong>voluptatem</strong></span> <span class='ocrx_word' id='word_1_140' title='bbox 2996 1172 3320 1241; x_wconf 85' lang='lat' dir='ltr'><strong>impressum</strong></span> <span class='ocrx_word' id='word_1_141' title='bbox 3365 1170 3540 1224; x_wconf 81' lang='lat' dir='ltr'><strong>relin-</strong></span> 
     </span>
    </p>
   </div>
   <div class='ocr_carea' id='block_1_23' title="bbox 287 1261 3318 1340">
    <p class='ocr_par' dir='ltr' id='par_1_23' title="bbox 287 1261 3318 1340">
     <span class='ocr_line' id='line_1_23' title="bbox 287 1261 3318 1340; baseline -0 -24"><span class='ocrx_word' id='word_1_142' title='bbox 287 1272 559 1332; x_wconf 59' lang='lat' dir='ltr'><strong>queretur,</strong></span> <span class='ocrx_word' id='word_1_143' title='bbox 589 1268 785 1322; x_wconf 89' lang='lat' dir='ltr'><strong>acerbo</strong></span> <span class='ocrx_word' id='word_1_144' title='bbox 815 1277 977 1340; x_wconf 89' lang='lat' dir='ltr'><strong>atque</strong></span> <span class='ocrx_word' id='word_1_145' title='bbox 1002 1269 1257 1326; x_wconf 90' lang='lat' dir='ltr'><strong>doloroso</strong></span> <span class='ocrx_word' id='word_1_146' title='bbox 1299 1272 1401 1326; x_wconf 84' lang='lat' dir='ltr'><strong>hoc</strong></span> <span class='ocrx_word' id='word_1_147' title='bbox 1428 1288 1590 1327; x_wconf 90' lang='lat' dir='ltr'><strong>sensu</strong></span> <span class='ocrx_word' id='word_1_148' title='bbox 1622 1267 1803 1323; x_wconf 87' lang='lat' dir='ltr'><strong>omnia</strong></span> <span class='ocrx_word' id='word_1_149' title='bbox 1843 1281 1941 1335; x_wconf 92' lang='lat' dir='ltr'><strong>per</strong></span> <span class='ocrx_word' id='word_1_150' title='bbox 1971 1266 2299 1335; x_wconf 81' lang='lat' dir='ltr'><strong>voluptatem</strong></span> <span class='ocrx_word' id='word_1_151' title='bbox 2325 1265 2522 1319; x_wconf 64' lang='lat' dir='ltr'><strong>animae</strong></span> <span class='ocrx_word' id='word_1_152' title='bbox 2549 1264 2811 1334; x_wconf 83' lang='lat' dir='ltr'><strong>impressa</strong></span> <span class='ocrx_word' id='word_1_153' title='bbox 2837 1263 3064 1333; x_wconf 78' lang='lat' dir='ltr'><strong>vestigia</strong></span> <span class='ocrx_word' id='word_1_154' title='bbox 3087 1261 3318 1317; x_wconf 87' lang='lat' dir='ltr'><strong>delente.</strong></span> 
     </span>
    </p>
   </div>
   <div class='ocr_carea' id='block_1_24' title="bbox 349 1355 1854 1430">
    <p class='ocr_par' dir='ltr' id='par_1_24' title="bbox 349 1355 1854 1430">
     <span class='ocr_line' id='line_1_24' title="bbox 349 1355 1854 1430; baseline 0.001 -22"><span class='ocrx_word' id='word_1_155' title='bbox 349 1355 502 1409; x_wconf 81' lang='lat' dir='ltr'><strong>Beati</strong></span> <span class='ocrx_word' id='word_1_156' title='bbox 532 1357 697 1426; x_wconf 83' lang='lat' dir='ltr'><strong>igitur</strong></span> <span class='ocrx_word' id='word_1_157' title='bbox 761 1361 851 1429; x_wconf 79' lang='lat' dir='ltr'><strong>qui</strong></span> <span class='ocrx_word' id='word_1_158' title='bbox 888 1363 1299 1427; x_wconf 82' lang='lat' dir='ltr'><strong>persecutionem</strong></span> <span class='ocrx_word' id='word_1_159' title='bbox 1337 1365 1612 1430; x_wconf 76' lang='lat' dir='ltr'><strong>patiuntur</strong></span> <span class='ocrx_word' id='word_1_160' title='bbox 1644 1369 1854 1430; x_wconf 77' lang='lat' dir='ltr'><strong>propter</strong></span> 
     </span>
    </p>
   </div>
   <div class='ocr_carea' id='block_1_25' title="bbox 278 1444 1849 1517">
    <p class='ocr_par' dir='ltr' id='par_1_25' title="bbox 278 1444 1849 1517">
     <span class='ocr_line' id='line_1_25' title="bbox 278 1444 1849 1517; baseline 0.003 -20"><span class='ocrx_word' id='word_1_161' title='bbox 278 1461 378 1500; x_wconf 83' lang='lat' dir='ltr'><strong>mc.</strong></span> <span class='ocrx_word' id='word_1_162' title='bbox 432 1444 545 1500; x_wconf 89' lang='lat' dir='ltr'><strong>lloe</strong></span> <span class='ocrx_word' id='word_1_163' title='bbox 575 1455 754 1500; x_wconf 88' lang='lat' dir='ltr'><strong>autem</strong></span> <span class='ocrx_word' id='word_1_164' title='bbox 785 1449 892 1502; x_wconf 92' lang='lat' dir='ltr'><strong>tale</strong></span> <span class='ocrx_word' id='word_1_165' title='bbox 922 1450 1104 1517; x_wconf 78' lang='lat' dir='ltr'><strong>est(ut</strong></span> <span class='ocrx_word' id='word_1_166' title='bbox 1124 1453 1287 1507; x_wconf 90' lang='lat' dir='ltr'><strong>etiam</strong></span> <span class='ocrx_word' id='word_1_167' title='bbox 1321 1453 1549 1507; x_wconf 84' lang='lat' dir='ltr'><strong>alteram</strong></span> <span class='ocrx_word' id='word_1_168' title='bbox 1583 1452 1849 1505; x_wconf 83' lang='lat' dir='ltr'><strong>rationem</strong></span> 
     </span>
    </p>
   </div>
   <div class='ocr_carea' id='block_1_26' title="bbox 279 1538 1844 1611">
    <p class='ocr_par' dir='ltr' id='par_1_26' title="bbox 279 1538 1844 1611">
     <span class='ocr_line' id='line_1_26' title="bbox 279 1538 1844 1611; baseline 0.001 -20"><span class='ocrx_word' id='word_1_169' title='bbox 279 1551 675 1607; x_wconf 83' lang='lat' dir='ltr'><strong>cognoscamus</strong></span> <span class='ocrx_word' id='word_1_170' title='bbox 708 1545 761 1592; x_wconf 90' lang='lat' dir='ltr'><strong>et</strong></span> <span class='ocrx_word' id='word_1_171' title='bbox 789 1538 1229 1610; x_wconf 82' lang='lat' dir='ltr'><strong>consideremus)</strong></span> <span class='ocrx_word' id='word_1_172' title='bbox 1270 1556 1333 1596; x_wconf 86' lang='lat' dir='ltr'><strong>ac</strong></span> <span class='ocrx_word' id='word_1_173' title='bbox 1376 1543 1425 1598; x_wconf 84' lang='lat' dir='ltr'><strong>si</strong></span> <span class='ocrx_word' id='word_1_174' title='bbox 1468 1543 1594 1611; x_wconf 84' lang='lat' dir='ltr'><strong>quis</strong></span> <span class='ocrx_word' id='word_1_175' title='bbox 1625 1538 1844 1596; x_wconf 87' lang='lat' dir='ltr'><strong>sanitati</strong></span> 
     </span>
    </p>
   </div>
   <div class='ocr_carea' id='block_1_27' title="bbox 221 1629 1846 1699">
    <p class='ocr_par' dir='ltr' id='par_1_27' title="bbox 221 1629 1846 1699">
     <span class='ocr_line' id='line_1_27' title="bbox 221 1629 1846 1699; baseline 0.001 -17"><span class='ocrx_word' id='word_1_176' title='bbox 221 1646 225 1650; x_wconf 93' lang='grc'>·</span> <span class='ocrx_word' id='word_1_177' title='bbox 280 1629 591 1683; x_wconf 84' lang='lat' dir='ltr'><strong>facultatem</strong></span> <span class='ocrx_word' id='word_1_178' title='bbox 623 1645 685 1683; x_wconf 90' lang='lat' dir='ltr'><strong>ac</strong></span> <span class='ocrx_word' id='word_1_179' title='bbox 722 1638 1041 1699; x_wconf 87' lang='lat' dir='ltr'><strong>potestatem</strong></span> <span class='ocrx_word' id='word_1_180' title='bbox 1082 1632 1297 1688; x_wconf 85' lang='lat' dir='ltr'><strong>dicendi</strong></span> <span class='ocrx_word' id='word_1_181' title='bbox 1340 1632 1601 1698; x_wconf 84' lang='lat' dir='ltr'><strong>dedisset,</strong></span> <span class='ocrx_word' id='word_1_182' title='bbox 1639 1632 1846 1687; x_wconf 85' lang='lat' dir='ltr'><strong>diceret</strong></span> 
     </span>
    </p>
   </div>
   <div class='ocr_carea' id='block_1_28' title="bbox 2020 1352 3531 1425">
    <p class='ocr_par' dir='ltr' id='par_1_28' title="bbox 2020 1352 3531 1425">
     <span class='ocr_line' id='line_1_28' title="bbox 2020 1352 3531 1425; baseline -0.003 -16"><span class='ocrx_word' id='word_1_183' title='bbox 2020 1356 2308 1424; x_wconf 79' lang='grc' dir='ltr'><strong>Μακάριοι</strong></span> <span class='ocrx_word' id='word_1_184' title='bbox 2348 1356 2528 1410; x_wconf 78' lang='grc' dir='ltr'>τοίνυν</span> <span class='ocrx_word' id='word_1_185' title='bbox 2568 1359 2623 1410; x_wconf 78' lang='grc' dir='ltr'>οἱ</span> <span class='ocrx_word' id='word_1_186' title='bbox 2664 1354 3041 1425; x_wconf 77' lang='grc' dir='ltr'><strong>δεδιωγμένοι</strong></span> <span class='ocrx_word' id='word_1_187' title='bbox 3101 1352 3309 1407; x_wconf 74' lang='grc' dir='ltr'>ἕνεκεν</span> <span class='ocrx_word' id='word_1_188' title='bbox 3352 1352 3531 1421; x_wconf 75' lang='grc' dir='ltr'>ἐμοῦ.</span> 
     </span>
    </p>
   </div>
   <div class='ocr_carea' id='block_1_29' title="bbox 1950 1444 3539 1515">
    <p class='ocr_par' dir='ltr' id='par_1_29' title="bbox 1950 1444 3539 1515">
     <span class='ocr_line' id='line_1_29' title="bbox 1950 1444 3539 1515; baseline -0.004 -13"><span class='ocrx_word' id='word_1_189' title='bbox 1950 1448 2120 1502; x_wconf 83' lang='grc' dir='ltr'>Τοῦτο</span> <span class='ocrx_word' id='word_1_190' title='bbox 2150 1449 2205 1503; x_wconf 83' lang='grc' dir='ltr'>δὲ</span> <span class='ocrx_word' id='word_1_191' title='bbox 2232 1448 2470 1503; x_wconf 87' lang='grc' dir='ltr'>τοιοῦτόν</span> <span class='ocrx_word' id='word_1_192' title='bbox 2502 1450 2648 1500; x_wconf 81' lang='grc' dir='ltr'>ἐστιν</span> <span class='ocrx_word' id='word_1_193' title='bbox 2670 1450 2685 1514; x_wconf 93' lang='grc'><strong>(</strong></span> <span class='ocrx_word' id='word_1_194' title='bbox 2725 1448 2802 1510; x_wconf 86' lang='grc' dir='ltr'>ὡς</span> <span class='ocrx_word' id='word_1_195' title='bbox 2829 1445 2896 1501; x_wconf 80' lang='grc' dir='ltr'><strong>ἂν</strong></span> <span class='ocrx_word' id='word_1_196' title='bbox 2923 1447 3017 1500; x_wconf 67' lang='grc' dir='ltr'><strong>καὶ</strong></span> <span class='ocrx_word' id='word_1_197' title='bbox 3041 1446 3131 1498; x_wconf 78' lang='grc' dir='ltr'><strong>τὸν</strong></span> <span class='ocrx_word' id='word_1_198' title='bbox 3162 1445 3345 1515; x_wconf 73' lang='grc' dir='ltr'>ἕτερον</span> <span class='ocrx_word' id='word_1_199' title='bbox 3370 1444 3539 1512; x_wconf 76' lang='grc' dir='ltr'>λόγον</span> 
     </span>
    </p>
   </div>
   <div class='ocr_carea' id='block_1_30' title="bbox 1949 1532 3531 1611">
    <p class='ocr_par' dir='ltr' id='par_1_30' title="bbox 1949 1532 3531 1611">
     <span class='ocr_line' id='line_1_30' title="bbox 1949 1532 3531 1611; baseline -0.003 -18"><span class='ocrx_word' id='word_1_200' title='bbox 1949 1532 2433 1611; x_wconf 75' lang='grc' dir='ltr'>κατανοήσωμεν),</span> <span class='ocrx_word' id='word_1_201' title='bbox 2460 1538 2536 1602; x_wconf 82' lang='grc' dir='ltr'><strong>ὡς</strong></span> <span class='ocrx_word' id='word_1_202' title='bbox 2582 1538 2635 1591; x_wconf 85' lang='grc' dir='ltr'><strong>εί</strong></span> <span class='ocrx_word' id='word_1_203' title='bbox 2680 1554 2763 1602; x_wconf 89' lang='grc' dir='ltr'><strong>τις</strong></span> <span class='ocrx_word' id='word_1_204' title='bbox 2809 1541 2876 1609; x_wconf 75' lang='grc' dir='ltr'>τῇ</span> <span class='ocrx_word' id='word_1_205' title='bbox 2932 1537 3114 1607; x_wconf 67' lang='grc' dir='ltr'>ὑγιείᾳ.</span> <span class='ocrx_word' id='word_1_206' title='bbox 3156 1536 3310 1605; x_wconf 81' lang='grc' dir='ltr'>λόγον</span> <span class='ocrx_word' id='word_1_207' title='bbox 3360 1536 3483 1606; x_wconf 90' lang='grc' dir='ltr'>δοίη</span> <span class='ocrx_word' id='word_1_208' title='bbox 3513 1577 3531 1601; x_wconf 85' lang='grc'><strong>,</strong></span> 
     </span>
    </p>
   </div>
   <div class='ocr_carea' id='block_1_31' title="bbox 1948 1626 3535 1704">
    <p class='ocr_par' dir='ltr' id='par_1_31' title="bbox 1948 1626 3535 1704">
     <span class='ocr_line' id='line_1_31' title="bbox 1948 1626 3535 1704; baseline -0.004 -20"><span class='ocrx_word' id='word_1_209' title='bbox 1948 1630 2079 1704; x_wconf 78' lang='grc' dir='ltr'>εἴπῃ</span> <span class='ocrx_word' id='word_1_210' title='bbox 2112 1630 2177 1684; x_wconf 84' lang='grc' dir='ltr'>ἂν</span> <span class='ocrx_word' id='word_1_211' title='bbox 2208 1629 2435 1701; x_wconf 81' lang='grc' dir='ltr'>κάκείνη</span> <span class='ocrx_word' id='word_1_212' title='bbox 2456 1649 2468 1660; x_wconf 75' lang='grc' dir='ltr'><strong><em>ο</em></strong></span> <span class='ocrx_word' id='word_1_213' title='bbox 2500 1631 2584 1683; x_wconf 82' lang='grc' dir='ltr'>ὅτι</span> <span class='ocrx_word' id='word_1_214' title='bbox 2608 1628 2885 1701; x_wconf 76' lang='grc' dir='ltr'>Μακάριοι</span> <span class='ocrx_word' id='word_1_215' title='bbox 2915 1629 2963 1681; x_wconf 81' lang='grc' dir='ltr'><strong>οἱ</strong></span> <span class='ocrx_word' id='word_1_216' title='bbox 2991 1628 3099 1682; x_wconf 73' lang='grc' dir='ltr'>ἀπὸ</span> <span class='ocrx_word' id='word_1_217' title='bbox 3125 1627 3223 1697; x_wconf 80' lang='grc' dir='ltr'>τῆς</span> <span class='ocrx_word' id='word_1_218' title='bbox 3254 1626 3414 1681; x_wconf 76' lang='grc' dir='ltr'>νύσου</span> <span class='ocrx_word' id='word_1_219' title='bbox 3443 1643 3535 1679; x_wconf 80' lang='grc' dir='ltr'>κε-</span> 
     </span>
    </p>
   </div>
   <div class='ocr_carea' id='block_1_32' title="bbox 276 1717 1854 1811">
    <p class='ocr_par' dir='ltr' id='par_1_32' title="bbox 276 1718 1844 1792">
     <span class='ocr_line' id='line_1_32' title="bbox 276 1718 1844 1792; baseline 0 -18"><span class='ocrx_word' id='word_1_220' title='bbox 276 1720 442 1774; x_wconf 88' lang='lat' dir='ltr'><strong>etiam</strong></span> <span class='ocrx_word' id='word_1_221' title='bbox 476 1719 566 1772; x_wconf 89' lang='lat' dir='ltr'><strong>illa</strong></span> <span class='ocrx_word' id='word_1_222' title='bbox 601 1738 614 1773; x_wconf 91' lang='lat'><strong>:</strong></span> <span class='ocrx_word' id='word_1_223' title='bbox 651 1718 801 1774; x_wconf 91' lang='lat' dir='ltr'><strong>Beati</strong></span> <span class='ocrx_word' id='word_1_224' title='bbox 853 1736 883 1774; x_wconf 89' lang='lat' dir='ltr'><strong>a</strong></span> <span class='ocrx_word' id='word_1_225' title='bbox 939 1725 1133 1776; x_wconf 89' lang='lat' dir='ltr'><strong>morbo</strong></span> <span class='ocrx_word' id='word_1_226' title='bbox 1196 1723 1405 1777; x_wconf 88' lang='lat' dir='ltr'><strong>liberali</strong></span> <span class='ocrx_word' id='word_1_227' title='bbox 1463 1730 1685 1792; x_wconf 85' lang='lat' dir='ltr'><strong>pr0pter</strong></span> <span class='ocrx_word' id='word_1_228' title='bbox 1736 1737 1844 1785; x_wconf 90' lang='lat' dir='ltr'><strong>me,</strong></span> 
     </span>
    </p>
   </div>
   <div class='ocr_carea' id='block_1_33' title="bbox 2020 1717 3536 1811">
    <p class='ocr_par' dir='ltr' id='par_1_33' title="bbox 2020 1717 3536 1791">
     <span class='ocr_line' id='line_1_33' title="bbox 2020 1717 3536 1791; baseline -0.001 -19"><span class='ocrx_word' id='word_1_229' title='bbox 2020 1720 2279 1791; x_wconf 73' lang='grc' dir='ltr'>ιρισμένοι</span> <span class='ocrx_word' id='word_1_230' title='bbox 2309 1719 2496 1774; x_wconf 79' lang='grc' dir='ltr'>ἕνεκεν</span> <span class='ocrx_word' id='word_1_231' title='bbox 2524 1719 2677 1791; x_wconf 77' lang='grc' dir='ltr'>ἐμοῦ.</span> <span class='ocrx_word' id='word_1_232' title='bbox 2720 1720 2787 1772; x_wconf 85' lang='grc' dir='ltr'><strong><em>Ἦ</em></strong></span> <span class='ocrx_word' id='word_1_233' title='bbox 2819 1719 2929 1790; x_wconf 78' lang='grc' dir='ltr'>γὰρ</span> <span class='ocrx_word' id='word_1_234' title='bbox 2956 1718 3064 1773; x_wconf 82' lang='grc' dir='ltr'><strong>τῶν</strong></span> <span class='ocrx_word' id='word_1_235' title='bbox 3093 1717 3352 1787; x_wconf 80' lang='grc' dir='ltr'>λυπηρῶν</span> <span class='ocrx_word' id='word_1_236' title='bbox 3373 1717 3536 1770; x_wconf 85' lang='grc' dir='ltr'>ἀλλο-</span> 
     </span>
    </p>
   </div>
   <div class='ocr_carea' id='block_1_34' title="bbox 279 1811 1850 1882">
    <p class='ocr_par' dir='ltr' id='par_1_34' title="bbox 279 1811 1850 1882">
     <span class='ocr_line' id='line_1_34' title="bbox 279 1811 1850 1882; baseline 0.003 -19"><span class='ocrx_word' id='word_1_237' title='bbox 279 1826 402 1863; x_wconf 89' lang='lat' dir='ltr'><strong>nam</strong></span> <span class='ocrx_word' id='word_1_238' title='bbox 434 1811 679 1882; x_wconf 78' lang='lat' dir='ltr'><strong>gravium</strong></span> <span class='ocrx_word' id='word_1_239' title='bbox 718 1820 771 1866; x_wconf 90' lang='lat' dir='ltr'><strong>et</strong></span> <span class='ocrx_word' id='word_1_240' title='bbox 816 1812 1171 1868; x_wconf 88' lang='lat' dir='ltr'><strong>molestarum</strong></span> <span class='ocrx_word' id='word_1_241' title='bbox 1208 1829 1391 1869; x_wconf 89' lang='lat' dir='ltr'><strong>rerum</strong></span> <span class='ocrx_word' id='word_1_242' title='bbox 1444 1812 1702 1869; x_wconf 89' lang='lat' dir='ltr'><strong>alienatio</strong></span> <span class='ocrx_word' id='word_1_243' title='bbox 1736 1813 1850 1868; x_wconf 53' lang='lat' dir='ltr'><strong>eiii.</strong></span> 
     </span>
    </p>
   </div>
   <div class='ocr_carea' id='block_1_35' title="bbox 276 1900 1849 1974">
    <p class='ocr_par' dir='ltr' id='par_1_35' title="bbox 276 1900 1849 1974">
     <span class='ocr_line' id='line_1_35' title="bbox 276 1900 1849 1974; baseline 0.004 -21"><span class='ocrx_word' id='word_1_244' title='bbox 276 1900 374 1962; x_wconf 86' lang='lat' dir='ltr'><strong>cit,</strong></span> <span class='ocrx_word' id='word_1_245' title='bbox 413 1907 474 1954; x_wconf 89' lang='lat' dir='ltr'><strong>ut</strong></span> <span class='ocrx_word' id='word_1_246' title='bbox 509 1901 564 1954; x_wconf 91' lang='lat' dir='ltr'><strong>in</strong></span> <span class='ocrx_word' id='word_1_247' title='bbox 600 1916 685 1956; x_wconf 89' lang='lat' dir='ltr'><strong>me</strong></span> <span class='ocrx_word' id='word_1_248' title='bbox 710 1910 1020 1967; x_wconf 84' lang='lat' dir='ltr'><strong>versentur,</strong></span> <span class='ocrx_word' id='word_1_249' title='bbox 1082 1904 1177 1973; x_wconf 85' lang='lat' dir='ltr'><strong>qui</strong></span> <span class='ocrx_word' id='word_1_250' title='bbox 1207 1904 1501 1974; x_wconf 88' lang='lat' dir='ltr'><strong>aliquando</strong></span> <span class='ocrx_word' id='word_1_251' title='bbox 1547 1913 1849 1974; x_wconf 60' lang='lat' dir='ltr'><strong>aegrotare-</strong></span> 
     </span>
    </p>
   </div>
   <div class='ocr_carea' id='block_1_36' title="bbox 279 1992 1850 2066">
    <p class='ocr_par' dir='ltr' id='par_1_36' title="bbox 279 1992 1850 2066">
     <span class='ocr_line' id='line_1_36' title="bbox 279 1992 1850 2066; baseline 0.004 -21"><span class='ocrx_word' id='word_1_252' title='bbox 279 1998 424 2045; x_wconf 89' lang='lat' dir='ltr'><strong>runt.</strong></span> <span class='ocrx_word' id='word_1_253' title='bbox 454 1992 528 2045; x_wconf 90' lang='lat' dir='ltr'><strong>lta</strong></span> <span class='ocrx_word' id='word_1_254' title='bbox 561 2007 746 2046; x_wconf 87' lang='lat' dir='ltr'><strong>vocem</strong></span> <span class='ocrx_word' id='word_1_255' title='bbox 798 1994 1155 2063; x_wconf 80' lang='lat' dir='ltr'><strong>excipiamus,</strong></span> <span class='ocrx_word' id='word_1_256' title='bbox 1202 1995 1359 2066; x_wconf 88' lang='lat' dir='ltr'><strong>quasi</strong></span> <span class='ocrx_word' id='word_1_257' title='bbox 1405 1996 1519 2066; x_wconf 92' lang='lat' dir='ltr'><strong>ipsa</strong></span> <span class='ocrx_word' id='word_1_258' title='bbox 1555 1996 1664 2049; x_wconf 69' lang='lat' dir='ltr'><strong>vita</strong></span> <span class='ocrx_word' id='word_1_259' title='bbox 1693 1995 1850 2052; x_wconf 88' lang='lat' dir='ltr'><strong>nobis</strong></span> 
     </span>
    </p>
   </div>
   <div class='ocr_carea' id='block_1_37' title="bbox 276 2083 1848 2158">
    <p class='ocr_par' dir='ltr' id='par_1_37' title="bbox 276 2083 1848 2158">
     <span class='ocr_line' id='line_1_37' title="bbox 276 2083 1848 2158; baseline 0.006 -23"><span class='ocrx_word' id='word_1_260' title='bbox 276 2083 547 2153; x_wconf 78' lang='lat' dir='ltr'><strong>ejusmodi</strong></span> <span class='ocrx_word' id='word_1_261' title='bbox 632 2085 1026 2141; x_wconf 84' lang='lat' dir='ltr'><strong>beatitudinem</strong></span> <span class='ocrx_word' id='word_1_262' title='bbox 1087 2088 1387 2157; x_wconf 80' lang='lat' dir='ltr'><strong>proclamet</strong></span> <span class='ocrx_word' id='word_1_263' title='bbox 1441 2104 1455 2141; x_wconf 89' lang='lat'><strong>:</strong></span> <span class='ocrx_word' id='word_1_264' title='bbox 1517 2088 1666 2142; x_wconf 87' lang='lat' dir='ltr'><strong>Beati</strong></span> <span class='ocrx_word' id='word_1_265' title='bbox 1710 2103 1848 2158; x_wconf 84' lang='lat' dir='ltr'><strong>quos</strong></span> 
     </span>
    </p>
   </div>
   <div class='ocr_carea' id='block_1_38' title="bbox 278 2176 1843 2248">
    <p class='ocr_par' dir='ltr' id='par_1_38' title="bbox 278 2176 1843 2248">
     <span class='ocr_line' id='line_1_38' title="bbox 278 2176 1843 2248; baseline 0.005 -21"><span class='ocrx_word' id='word_1_266' title='bbox 278 2190 426 2231; x_wconf 89' lang='lat' dir='ltr'><strong>mors</strong></span> <span class='ocrx_word' id='word_1_267' title='bbox 461 2176 810 2246; x_wconf 82' lang='lat' dir='ltr'><strong>persequitur</strong></span> <span class='ocrx_word' id='word_1_268' title='bbox 859 2186 1080 2248; x_wconf 88' lang='lat' dir='ltr'><strong>propter</strong></span> <span class='ocrx_word' id='word_1_269' title='bbox 1108 2193 1229 2243; x_wconf 90' lang='lat' dir='ltr'><strong>me;</strong></span> <span class='ocrx_word' id='word_1_270' title='bbox 1296 2179 1455 2248; x_wconf 88' lang='lat' dir='ltr'><strong>quasi</strong></span> <span class='ocrx_word' id='word_1_271' title='bbox 1501 2179 1592 2233; x_wconf 77' lang='lat' dir='ltr'><strong>lux</strong></span> <span class='ocrx_word' id='word_1_272' title='bbox 1650 2180 1843 2235; x_wconf 89' lang='lat' dir='ltr'><strong>dicat:</strong></span> 
     </span>
    </p>
   </div>
   <div class='ocr_carea' id='block_1_39' title="bbox 276 2266 1849 2342">
    <p class='ocr_par' dir='ltr' id='par_1_39' title="bbox 276 2266 1849 2342">
     <span class='ocr_line' id='line_1_39' title="bbox 276 2266 1849 2342; baseline 0.004 -23"><span class='ocrx_word' id='word_1_273' title='bbox 276 2266 424 2322; x_wconf 87' lang='lat' dir='ltr'><strong>Beati</strong></span> <span class='ocrx_word' id='word_1_274' title='bbox 473 2282 611 2338; x_wconf 89' lang='lat' dir='ltr'><strong>quos</strong></span> <span class='ocrx_word' id='word_1_275' title='bbox 645 2277 1054 2339; x_wconf 84' lang='lat' dir='ltr'><strong>persequuntur</strong></span> <span class='ocrx_word' id='word_1_276' title='bbox 1088 2270 1324 2325; x_wconf 79' lang='lat' dir='ltr'><strong>tenebrae</strong></span> <span class='ocrx_word' id='word_1_277' title='bbox 1357 2279 1581 2342; x_wconf 89' lang='lat' dir='ltr'><strong>propter</strong></span> <span class='ocrx_word' id='word_1_278' title='bbox 1614 2288 1721 2328; x_wconf 90' lang='lat' dir='ltr'><strong>me.</strong></span> <span class='ocrx_word' id='word_1_279' title='bbox 1763 2273 1849 2327; x_wconf 91' lang='lat' dir='ltr'><strong>Si-</strong></span> 
     </span>
    </p>
   </div>
   <div class='ocr_carea' id='block_1_40' title="bbox 276 2358 1848 2433">
    <p class='ocr_par' dir='ltr' id='par_1_40' title="bbox 276 2358 1848 2433">
     <span class='ocr_line' id='line_1_40' title="bbox 276 2358 1848 2433; baseline 0.006 -24"><span class='ocrx_word' id='word_1_280' title='bbox 276 2358 477 2413; x_wconf 88' lang='lat' dir='ltr'><strong>militer</strong></span> <span class='ocrx_word' id='word_1_281' title='bbox 508 2359 671 2413; x_wconf 88' lang='lat' dir='ltr'><strong>etiam</strong></span> <span class='ocrx_word' id='word_1_282' title='bbox 717 2358 958 2428; x_wconf 88' lang='lat' dir='ltr'><strong>justitia,</strong></span> <span class='ocrx_word' id='word_1_283' title='bbox 1015 2361 1400 2427; x_wconf 88' lang='lat' dir='ltr'><strong>sanctimonia,</strong></span> <span class='ocrx_word' id='word_1_284' title='bbox 1455 2363 1848 2433; x_wconf 88' lang='lat' dir='ltr'><strong>incorruptibi-</strong></span> 
     </span>
    </p>
   </div>
   <div class='ocr_carea' id='block_1_41' title="bbox 278 2449 1842 2520">
    <p class='ocr_par' dir='ltr' id='par_1_41' title="bbox 278 2449 1842 2520">
     <span class='ocr_line' id='line_1_41' title="bbox 278 2449 1842 2520; baseline 0.005 -20"><span class='ocrx_word' id='word_1_285' title='bbox 278 2449 402 2504; x_wconf 85' lang='lat' dir='ltr'><strong>litas</strong></span> <span class='ocrx_word' id='word_1_286' title='bbox 430 2457 484 2503; x_wconf 90' lang='lat' dir='ltr'><strong>et</strong></span> <span class='ocrx_word' id='word_1_287' title='bbox 510 2450 819 2520; x_wconf 88' lang='lat' dir='ltr'><strong>integritas,</strong></span> <span class='ocrx_word' id='word_1_288' title='bbox 859 2450 1077 2505; x_wconf 84' lang='lat' dir='ltr'><strong>bonitas</strong></span> <span class='ocrx_word' id='word_1_289' title='bbox 1108 2459 1161 2504; x_wconf 91' lang='lat' dir='ltr'><strong>et</strong></span> <span class='ocrx_word' id='word_1_290' title='bbox 1192 2453 1375 2506; x_wconf 89' lang='lat' dir='ltr'><strong>omnis</strong></span> <span class='ocrx_word' id='word_1_291' title='bbox 1425 2452 1742 2510; x_wconf 88' lang='lat' dir='ltr'><strong>intellectus</strong></span> <span class='ocrx_word' id='word_1_292' title='bbox 1788 2462 1842 2509; x_wconf 88' lang='lat' dir='ltr'><strong>et</strong></span> 
     </span>
    </p>
   </div>
   <div class='ocr_carea' id='block_1_42' title="bbox 277 2532 1845 2614">
    <p class='ocr_par' dir='ltr' id='par_1_42' title="bbox 277 2532 1845 2614">
     <span class='ocr_line' id='line_1_42' title="bbox 277 2532 1845 2614; baseline 0.004 -22"><span class='ocrx_word' id='word_1_293' title='bbox 277 2539 476 2595; x_wconf 89' lang='lat' dir='ltr'><strong>mentis</strong></span> <span class='ocrx_word' id='word_1_294' title='bbox 512 2549 808 2611; x_wconf 90' lang='lat' dir='ltr'><strong>conceptus</strong></span> <span class='ocrx_word' id='word_1_295' title='bbox 838 2556 904 2595; x_wconf 83' lang='lat' dir='ltr'><strong>ex</strong></span> <span class='ocrx_word' id='word_1_296' title='bbox 940 2543 1009 2597; x_wconf 90' lang='lat' dir='ltr'><strong>iis</strong></span> <span class='ocrx_word' id='word_1_297' title='bbox 1034 2557 1154 2612; x_wconf 80' lang='lat' dir='ltr'><strong>qua:</strong></span> <span class='ocrx_word' id='word_1_298' title='bbox 1205 2543 1259 2596; x_wconf 90' lang='lat' dir='ltr'><strong>in</strong></span> <span class='ocrx_word' id='word_1_299' title='bbox 1299 2543 1579 2599; x_wconf 83' lang='lat' dir='ltr'><strong>meliorem</strong></span> <span class='ocrx_word' id='word_1_300' title='bbox 1622 2532 1845 2614; x_wconf 88' lang='lat' dir='ltr'><strong>partem</strong></span> 
     </span>
    </p>
   </div>
   <div class='ocr_carea' id='block_1_43' title="bbox 274 2631 1849 2706">
    <p class='ocr_par' dir='ltr' id='par_1_43' title="bbox 274 2631 1849 2706">
     <span class='ocr_line' id='line_1_43' title="bbox 274 2631 1849 2706; baseline 0.003 -20"><span class='ocrx_word' id='word_1_301' title='bbox 274 2642 328 2686; x_wconf 90' lang='lat' dir='ltr'><strong>et</strong></span> <span class='ocrx_word' id='word_1_302' title='bbox 357 2631 738 2702; x_wconf 88' lang='lat' dir='ltr'><strong>intelliguntur</strong></span> <span class='ocrx_word' id='word_1_303' title='bbox 767 2640 820 2687; x_wconf 87' lang='lat' dir='ltr'><strong>et</strong></span> <span class='ocrx_word' id='word_1_304' title='bbox 849 2632 1126 2688; x_wconf 71' lang='lat' dir='ltr'><strong>dicuntur.</strong></span> <span class='ocrx_word' id='word_1_305' title='bbox 1159 2631 1422 2689; x_wconf 84' lang='lat' dir='ltr'><strong>Dominus</strong></span> <span class='ocrx_word' id='word_1_306' title='bbox 1461 2635 1647 2704; x_wconf 85' lang='lat' dir='ltr'><strong>igitur,</strong></span> <span class='ocrx_word' id='word_1_307' title='bbox 1687 2647 1849 2706; x_wconf 88' lang='lat' dir='ltr'><strong>prout</strong></span> 
     </span>
    </p>
   </div>
   <div class='ocr_carea' id='block_1_44' title="bbox 276 2722 1847 2794">
    <p class='ocr_par' dir='ltr' id='par_1_44' title="bbox 276 2722 1847 2794">
     <span class='ocr_line' id='line_1_44' title="bbox 276 2722 1847 2794; baseline 0.006 -20"><span class='ocrx_word' id='word_1_308' title='bbox 276 2722 624 2794; x_wconf 81' lang='lat' dir='ltr'><strong>intelligitur,</strong></span> <span class='ocrx_word' id='word_1_309' title='bbox 672 2724 747 2777; x_wconf 88' lang='lat' dir='ltr'><strong>ita</strong></span> <span class='ocrx_word' id='word_1_310' title='bbox 796 2724 894 2779; x_wconf 87' lang='lat' dir='ltr'><strong>tibi</strong></span> <span class='ocrx_word' id='word_1_311' title='bbox 960 2725 1145 2781; x_wconf 82' lang='lat' dir='ltr'><strong>dicere</strong></span> <span class='ocrx_word' id='word_1_312' title='bbox 1210 2726 1556 2781; x_wconf 78' lang='lat' dir='ltr'><strong>existimetur</strong></span> <span class='ocrx_word' id='word_1_313' title='bbox 1593 2745 1604 2780; x_wconf 93' lang='lat'><strong>:</strong></span> <span class='ocrx_word' id='word_1_314' title='bbox 1640 2726 1847 2784; x_wconf 89' lang='lat' dir='ltr'><strong>Beatus</strong></span> 
     </span>
    </p>
   </div>
   <div class='ocr_carea' id='block_1_45' title="bbox 274 2816 1848 2890">
    <p class='ocr_par' dir='ltr' id='par_1_45' title="bbox 274 2816 1848 2890">
     <span class='ocr_line' id='line_1_45' title="bbox 274 2816 1848 2890; baseline 0.003 -21"><span class='ocrx_word' id='word_1_315' title='bbox 274 2822 378 2881; x_wconf 87' lang='lat' dir='ltr'><strong>est,</strong></span> <span class='ocrx_word' id='word_1_316' title='bbox 411 2817 723 2887; x_wconf 82' lang='lat' dir='ltr'><strong>quicunque</strong></span> <span class='ocrx_word' id='word_1_317' title='bbox 747 2816 815 2871; x_wconf 89' lang='lat' dir='ltr'><strong>ab</strong></span> <span class='ocrx_word' id='word_1_318' title='bbox 843 2817 989 2871; x_wconf 90' lang='lat' dir='ltr'><strong>omni</strong></span> <span class='ocrx_word' id='word_1_319' title='bbox 1023 2833 1082 2873; x_wconf 84' lang='lat' dir='ltr'><strong>re</strong></span> <span class='ocrx_word' id='word_1_320' title='bbox 1105 2817 1379 2872; x_wconf 87' lang='lat' dir='ltr'><strong>contraria</strong></span> <span class='ocrx_word' id='word_1_321' title='bbox 1404 2819 1622 2888; x_wconf 87' lang='lat' dir='ltr'><strong>pellitur</strong></span> <span class='ocrx_word' id='word_1_322' title='bbox 1644 2828 1696 2875; x_wconf 91' lang='lat' dir='ltr'><strong>et</strong></span> <span class='ocrx_word' id='word_1_323' title='bbox 1722 2829 1848 2890; x_wconf 84' lang='lat' dir='ltr'><strong>pro-</strong></span> 
     </span>
    </p>
   </div>
   <div class='ocr_carea' id='block_1_46' title="bbox 276 2908 1849 2980">
    <p class='ocr_par' dir='ltr' id='par_1_46' title="bbox 276 2908 1849 2980">
     <span class='ocr_line' id='line_1_46' title="bbox 276 2908 1849 2980; baseline 0.003 -18"><span class='ocrx_word' id='word_1_324' title='bbox 276 2908 513 2972; x_wconf 81' lang='lat' dir='ltr'><strong>hibetur,</strong></span> <span class='ocrx_word' id='word_1_325' title='bbox 575 2925 603 2962; x_wconf 92' lang='lat' dir='ltr'><strong>a</strong></span> <span class='ocrx_word' id='word_1_326' title='bbox 632 2911 1002 2979; x_wconf 82' lang='lat' dir='ltr'><strong>corruptione,</strong></span> <span class='ocrx_word' id='word_1_327' title='bbox 1055 2924 1084 2963; x_wconf 89' lang='lat' dir='ltr'><strong>a</strong></span> <span class='ocrx_word' id='word_1_328' title='bbox 1114 2910 1381 2976; x_wconf 87' lang='lat' dir='ltr'><strong>tenebris,</strong></span> <span class='ocrx_word' id='word_1_329' title='bbox 1440 2924 1468 2963; x_wconf 89' lang='lat' dir='ltr'><strong>a</strong></span> <span class='ocrx_word' id='word_1_330' title='bbox 1496 2918 1741 2980; x_wconf 87' lang='lat' dir='ltr'><strong>peccato,</strong></span> <span class='ocrx_word' id='word_1_331' title='bbox 1779 2911 1849 2966; x_wconf 88' lang='lat' dir='ltr'><strong>ab</strong></span> 
     </span>
    </p>
   </div>
   <div class='ocr_carea' id='block_1_47' title="bbox 274 2999 1848 3073">
    <p class='ocr_par' dir='ltr' id='par_1_47' title="bbox 274 2999 1848 3073">
     <span class='ocr_line' id='line_1_47' title="bbox 274 2999 1848 3073; baseline 0.003 -20"><span class='ocrx_word' id='word_1_332' title='bbox 274 2999 567 3069; x_wconf 86' lang='lat' dir='ltr'><strong>injustitia,</strong></span> <span class='ocrx_word' id='word_1_333' title='bbox 598 3017 625 3056; x_wconf 87' lang='lat' dir='ltr'><strong>a</strong></span> <span class='ocrx_word' id='word_1_334' title='bbox 659 3001 849 3058; x_wconf 84' lang='lat' dir='ltr'><strong>fraude</strong></span> <span class='ocrx_word' id='word_1_335' title='bbox 887 3010 940 3057; x_wconf 85' lang='lat' dir='ltr'><strong>et</strong></span> <span class='ocrx_word' id='word_1_336' title='bbox 975 3004 1226 3068; x_wconf 82' lang='lat' dir='ltr'><strong>avaritia,</strong></span> <span class='ocrx_word' id='word_1_337' title='bbox 1267 3004 1334 3057; x_wconf 86' lang='lat' dir='ltr'><strong>ab</strong></span> <span class='ocrx_word' id='word_1_338' title='bbox 1373 3018 1706 3073; x_wconf 88' lang='lat' dir='ltr'><strong>unoquoque</strong></span> <span class='ocrx_word' id='word_1_339' title='bbox 1754 3018 1848 3057; x_wconf 84' lang='lat' dir='ltr'><strong>eo-</strong></span> 
     </span>
    </p>
   </div>
   <div class='ocr_carea' id='block_1_48' title="bbox 1952 1807 3536 1884">
    <p class='ocr_par' dir='ltr' id='par_1_48' title="bbox 1952 1807 3536 1884">
     <span class='ocr_line' id='line_1_48' title="bbox 1952 1807 3536 1884; baseline -0.003 -19"><span class='ocrx_word' id='word_1_340' title='bbox 1952 1811 2193 1884; x_wconf 86' lang='grc' dir='ltr'>τρίωσις,</span> <span class='ocrx_word' id='word_1_341' title='bbox 2226 1811 2288 1864; x_wconf 83' lang='grc' dir='ltr'>τὸ</span> <span class='ocrx_word' id='word_1_342' title='bbox 2318 1812 2376 1864; x_wconf 85' lang='grc' dir='ltr'>ὲν</span> <span class='ocrx_word' id='word_1_343' title='bbox 2402 1812 2524 1883; x_wconf 75' lang='grc' dir='ltr'>ἐμοὶ</span> <span class='ocrx_word' id='word_1_344' title='bbox 2564 1811 2818 1880; x_wconf 81' lang='grc' dir='ltr'>γενέσθαι</span> <span class='ocrx_word' id='word_1_345' title='bbox 2846 1810 2971 1873; x_wconf 83' lang='grc' dir='ltr'>τούς</span> <span class='ocrx_word' id='word_1_346' title='bbox 3010 1826 3140 1863; x_wconf 86' lang='grc' dir='ltr'>ποτε</span> <span class='ocrx_word' id='word_1_347' title='bbox 3168 1807 3536 1879; x_wconf 80' lang='grc' dir='ltr'>νενοσηκότας</span> 
     </span>
    </p>
   </div>
   <div class='ocr_carea' id='block_1_49' title="bbox 1952 1898 3533 1975">
    <p class='ocr_par' dir='ltr' id='par_1_49' title="bbox 1952 1898 3533 1975">
     <span class='ocr_line' id='line_1_49' title="bbox 1952 1898 3533 1975; baseline -0.003 -19"><span class='ocrx_word' id='word_1_348' title='bbox 1952 1902 2379 1975; x_wconf 80' lang='grc' dir='ltr'>παρασκευάζει.</span> <span class='ocrx_word' id='word_1_349' title='bbox 2444 1902 2629 1966; x_wconf 83' lang='grc' dir='ltr'>Οῦτως</span> <span class='ocrx_word' id='word_1_350' title='bbox 2680 1901 3001 1972; x_wconf 82' lang='grc' dir='ltr'>ἀκούσωμεν</span> <span class='ocrx_word' id='word_1_351' title='bbox 3044 1899 3143 1970; x_wconf 76' lang='grc' dir='ltr'>τῆς</span> <span class='ocrx_word' id='word_1_352' title='bbox 3193 1898 3408 1969; x_wconf 77' lang='grc' dir='ltr'>φωνῆς,</span> <span class='ocrx_word' id='word_1_353' title='bbox 3449 1898 3533 1961; x_wconf 86' lang='grc' dir='ltr'>ὡς</span> 
     </span>
    </p>
   </div>
   <div class='ocr_carea' id='block_1_50' title="bbox 1949 1990 3537 2067">
    <p class='ocr_par' dir='ltr' id='par_1_50' title="bbox 1949 1990 3537 2067">
     <span class='ocr_line' id='line_1_50' title="bbox 1949 1990 3537 2067; baseline -0.003 -19"><span class='ocrx_word' id='word_1_354' title='bbox 1949 1995 2119 2065; x_wconf 80' lang='grc' dir='ltr'>αὐτῆς</span> <span class='ocrx_word' id='word_1_355' title='bbox 2145 1994 2246 2064; x_wconf 82' lang='grc' dir='ltr'>τῆς</span> <span class='ocrx_word' id='word_1_356' title='bbox 2289 1995 2434 2066; x_wconf 81' lang='grc' dir='ltr'>ζωῆς</span> <span class='ocrx_word' id='word_1_357' title='bbox 2461 1996 2592 2067; x_wconf 79' lang='grc' dir='ltr'>ἡμῖν</span> <span class='ocrx_word' id='word_1_358' title='bbox 2627 1994 2717 2047; x_wconf 77' lang='grc' dir='ltr'><strong>τὸν</strong></span> <span class='ocrx_word' id='word_1_359' title='bbox 2759 1991 2998 2047; x_wconf 86' lang='grc' dir='ltr'>τοιοῦτον</span> <span class='ocrx_word' id='word_1_360' title='bbox 3047 1990 3391 2063; x_wconf 75' lang='grc' dir='ltr'>μακαρισμὸν</span> <span class='ocrx_word' id='word_1_361' title='bbox 3429 1991 3537 2060; x_wconf 81' lang='grc' dir='ltr'><strong>ὲμ-</strong></span> 
     </span>
    </p>
   </div>
   <div class='ocr_carea' id='block_1_51' title="bbox 1951 2083 3531 2157">
    <p class='ocr_par' dir='ltr' id='par_1_51' title="bbox 1951 2083 3531 2157">
     <span class='ocr_line' id='line_1_51' title="bbox 1951 2083 3531 2157; baseline -0.002 -18"><span class='ocrx_word' id='word_1_362' title='bbox 1951 2086 2180 2157; x_wconf 76' lang='grc' dir='ltr'>ϐοώσης.</span> <span class='ocrx_word' id='word_1_363' title='bbox 2226 2086 2500 2157; x_wconf 85' lang='grc' dir='ltr'>Μακάριοι</span> <span class='ocrx_word' id='word_1_364' title='bbox 2545 2088 2595 2138; x_wconf 79' lang='grc' dir='ltr'><strong>οἱ</strong></span> <span class='ocrx_word' id='word_1_365' title='bbox 2634 2086 2978 2155; x_wconf 80' lang='grc' dir='ltr'>δεδιωγμένοι</span> <span class='ocrx_word' id='word_1_366' title='bbox 3008 2085 3112 2138; x_wconf 75' lang='grc' dir='ltr'>ὑπὸ</span> <span class='ocrx_word' id='word_1_367' title='bbox 3158 2085 3251 2138; x_wconf 86' lang='grc' dir='ltr'><strong>τοῦ</strong></span> <span class='ocrx_word' id='word_1_368' title='bbox 3293 2083 3531 2139; x_wconf 81' lang='grc' dir='ltr'>Θανάτου</span> 
     </span>
    </p>
   </div>
   <div class='ocr_carea' id='block_1_52' title="bbox 1949 2177 3531 2249">
    <p class='ocr_par' dir='ltr' id='par_1_52' title="bbox 1949 2177 3531 2249">
     <span class='ocr_line' id='line_1_52' title="bbox 1949 2177 3531 2249; baseline 0.001 -17"><span class='ocrx_word' id='word_1_369' title='bbox 1949 2179 2134 2233; x_wconf 75' lang='grc' dir='ltr'>ἕνεκεν</span> <span class='ocrx_word' id='word_1_370' title='bbox 2162 2177 2297 2249; x_wconf 77' lang='grc' dir='ltr'>ἐμοῦ</span> <span class='ocrx_word' id='word_1_371' title='bbox 2319 2195 2334 2212; x_wconf 76' lang='grc' dir='ltr'><strong>ο</strong></span> <span class='ocrx_word' id='word_1_372' title='bbox 2375 2179 2450 2242; x_wconf 86' lang='grc' dir='ltr'><strong>ὡς</strong></span> <span class='ocrx_word' id='word_1_373' title='bbox 2475 2179 2537 2232; x_wconf 82' lang='grc' dir='ltr'>τὸ</span> <span class='ocrx_word' id='word_1_374' title='bbox 2571 2177 2684 2249; x_wconf 81' lang='grc' dir='ltr'>φῶς</span> <span class='ocrx_word' id='word_1_375' title='bbox 2717 2178 2864 2247; x_wconf 82' lang='grc' dir='ltr'>λέγοι</span> <span class='ocrx_word' id='word_1_376' title='bbox 2896 2195 2910 2211; x_wconf 73' lang='grc' dir='ltr'><strong>ο</strong></span> <span class='ocrx_word' id='word_1_377' title='bbox 2958 2180 3231 2248; x_wconf 80' lang='grc' dir='ltr'>Μακάριοι</span> <span class='ocrx_word' id='word_1_378' title='bbox 3259 2182 3305 2233; x_wconf 85' lang='grc' dir='ltr'>οἱ</span> <span class='ocrx_word' id='word_1_379' title='bbox 3340 2181 3531 2234; x_wconf 87' lang='grc' dir='ltr'>δεδιω-</span> 
     </span>
    </p>
   </div>
   <div class='ocr_carea' id='block_1_53' title="bbox 1934 2269 3524 2343">
    <p class='ocr_par' dir='ltr' id='par_1_53' title="bbox 1934 2269 3524 2343">
     <span class='ocr_line' id='line_1_53' title="bbox 1934 2269 3524 2343; baseline -0.001 -19"><span class='ocrx_word' id='word_1_380' title='bbox 1934 2271 2139 2343; x_wconf 78' lang='grc' dir='ltr'>’γμένοι</span> <span class='ocrx_word' id='word_1_381' title='bbox 2172 2272 2276 2326; x_wconf 82' lang='grc' dir='ltr'><strong>ὑπὸ</strong></span> <span class='ocrx_word' id='word_1_382' title='bbox 2303 2271 2398 2325; x_wconf 85' lang='grc' dir='ltr'><strong>τοῦ</strong></span> <span class='ocrx_word' id='word_1_383' title='bbox 2441 2271 2664 2335; x_wconf 79' lang='grc' dir='ltr'>σκότους</span> <span class='ocrx_word' id='word_1_384' title='bbox 2690 2271 2874 2325; x_wconf 73' lang='grc' dir='ltr'>ἕνεκεν</span> <span class='ocrx_word' id='word_1_385' title='bbox 2898 2269 3052 2341; x_wconf 81' lang='grc' dir='ltr'>ἐμοῦ.</span> <span class='ocrx_word' id='word_1_386' title='bbox 3097 2271 3329 2341; x_wconf 84' lang='grc' dir='ltr'>Ὁμοίως</span> <span class='ocrx_word' id='word_1_387' title='bbox 3360 2270 3454 2324; x_wconf 74' lang='grc' dir='ltr'><strong>καὶ</strong></span> <span class='ocrx_word' id='word_1_388' title='bbox 3489 2274 3524 2340; x_wconf 76' lang='grc' dir='ltr'>ἡ</span> 
     </span>
    </p>
   </div>
   <div class='ocr_carea' id='block_1_54' title="bbox 1947 2363 3526 2437">
    <p class='ocr_par' dir='ltr' id='par_1_54' title="bbox 1947 2363 3526 2437">
     <span class='ocr_line' id='line_1_54' title="bbox 1947 2363 3526 2437; baseline -0.002 -19"><span class='ocrx_word' id='word_1_389' title='bbox 1947 2365 2283 2437; x_wconf 82' lang='grc' dir='ltr'>δικαιοσύνη,</span> <span class='ocrx_word' id='word_1_390' title='bbox 2336 2365 2429 2418; x_wconf 71' lang='grc' dir='ltr'><strong>καὶ</strong></span> <span class='ocrx_word' id='word_1_391' title='bbox 2471 2365 2759 2435; x_wconf 67' lang='grc' dir='ltr'>ἁγιασμὸς,</span> <span class='ocrx_word' id='word_1_392' title='bbox 2807 2365 2900 2417; x_wconf 69' lang='grc' dir='ltr'><strong>καὶ</strong></span> <span class='ocrx_word' id='word_1_393' title='bbox 2934 2365 2968 2432; x_wconf 83' lang='grc' dir='ltr'><strong>ἡ</strong></span> <span class='ocrx_word' id='word_1_394' title='bbox 3015 2363 3316 2434; x_wconf 73' lang='grc' dir='ltr'>ἀφθαρσία,</span> <span class='ocrx_word' id='word_1_395' title='bbox 3360 2365 3453 2416; x_wconf 75' lang='grc' dir='ltr'><strong>καὶ</strong></span> <span class='ocrx_word' id='word_1_396' title='bbox 3490 2366 3526 2432; x_wconf 74' lang='grc' dir='ltr'><strong>ἡ</strong></span> 
     </span>
    </p>
   </div>
   <div class='ocr_carea' id='block_1_55' title="bbox 1948 2454 3528 2535">
    <p class='ocr_par' dir='ltr' id='par_1_55' title="bbox 1948 2454 3528 2535">
     <span class='ocr_line' id='line_1_55' title="bbox 1948 2454 3528 2535; baseline -0.003 -24"><span class='ocrx_word' id='word_1_397' title='bbox 1948 2457 2238 2528; x_wconf 86' lang='grc' dir='ltr'>ἀγαθότης,</span> <span class='ocrx_word' id='word_1_398' title='bbox 2258 2459 2350 2511; x_wconf 71' lang='grc' dir='ltr'><strong>καὶ</strong></span> <span class='ocrx_word' id='word_1_399' title='bbox 2377 2457 2483 2510; x_wconf 80' lang='grc' dir='ltr'>πᾶν</span> <span class='ocrx_word' id='word_1_400' title='bbox 2506 2457 2681 2528; x_wconf 85' lang='grc' dir='ltr'>νόημα</span> <span class='ocrx_word' id='word_1_401' title='bbox 2709 2455 2819 2508; x_wconf 80' lang='grc' dir='ltr'>τῶν</span> <span class='ocrx_word' id='word_1_402' title='bbox 2849 2454 2983 2526; x_wconf 79' lang='grc' dir='ltr'>πρὸς</span> <span class='ocrx_word' id='word_1_403' title='bbox 3007 2454 3069 2535; x_wconf 81' lang='grc' dir='ltr'>τὸ</span> <span class='ocrx_word' id='word_1_404' title='bbox 3097 2457 3343 2526; x_wconf 84' lang='grc' dir='ltr'>κρεῖττον</span> <span class='ocrx_word' id='word_1_405' title='bbox 3372 2472 3528 2506; x_wconf 62' lang='grc' dir='ltr'>νοου-</span> 
     </span>
    </p>
   </div>
   <div class='ocr_carea' id='block_1_56' title="bbox 1952 2544 3529 2622">
    <p class='ocr_par' dir='ltr' id='par_1_56' title="bbox 1952 2544 3529 2622">
     <span class='ocr_line' id='line_1_56' title="bbox 1952 2544 3529 2622; baseline -0.004 -19"><span class='ocrx_word' id='word_1_406' title='bbox 1952 2551 2127 2622; x_wconf 84' lang='grc' dir='ltr'>μένων</span> <span class='ocrx_word' id='word_1_407' title='bbox 2158 2567 2216 2603; x_wconf 88' lang='grc' dir='ltr'><strong>τε</strong></span> <span class='ocrx_word' id='word_1_408' title='bbox 2264 2551 2358 2603; x_wconf 71' lang='grc' dir='ltr'>καὶ</span> <span class='ocrx_word' id='word_1_409' title='bbox 2389 2548 2717 2620; x_wconf 82' lang='grc' dir='ltr'>λεγομένων.</span> <span class='ocrx_word' id='word_1_410' title='bbox 2761 2548 2820 2602; x_wconf 82' lang='grc' dir='ltr'><strong>Ὀ</strong></span> <span class='ocrx_word' id='word_1_411' title='bbox 2856 2546 3057 2618; x_wconf 82' lang='grc' dir='ltr'>Κύριος</span> <span class='ocrx_word' id='word_1_412' title='bbox 3083 2546 3180 2611; x_wconf 79' lang='grc' dir='ltr'><strong>ὢν,</strong></span> <span class='ocrx_word' id='word_1_413' title='bbox 3216 2544 3353 2599; x_wconf 76' lang='grc' dir='ltr'>καθὸ</span> <span class='ocrx_word' id='word_1_414' title='bbox 3389 2548 3529 2598; x_wconf 78' lang='grc' dir='ltr'>νοεῖ-</span> 
     </span>
    </p>
   </div>
   <div class='ocr_carea' id='block_1_57' title="bbox 1946 2636 3529 2709">
    <p class='ocr_par' dir='ltr' id='par_1_57' title="bbox 1946 2636 3529 2709">
     <span class='ocr_line' id='line_1_57' title="bbox 1946 2636 3529 2709; baseline -0.004 -13"><span class='ocrx_word' id='word_1_415' title='bbox 1946 2660 2058 2706; x_wconf 83' lang='grc' dir='ltr'>ται,</span> <span class='ocrx_word' id='word_1_416' title='bbox 2089 2645 2210 2696; x_wconf 77' lang='grc' dir='ltr'>κατ’</span> <span class='ocrx_word' id='word_1_417' title='bbox 2247 2641 2420 2696; x_wconf 84' lang='grc' dir='ltr'><strong>ὲκεῖνὸ</strong></span> <span class='ocrx_word' id='word_1_418' title='bbox 2451 2657 2533 2694; x_wconf 88' lang='grc' dir='ltr'><strong>σοι</strong></span> <span class='ocrx_word' id='word_1_419' title='bbox 2578 2639 2758 2708; x_wconf 79' lang='grc' dir='ltr'>λέγειν</span> <span class='ocrx_word' id='word_1_420' title='bbox 2801 2638 3104 2709; x_wconf 78' lang='grc' dir='ltr'>νομιζέσθω</span> <span class='ocrx_word' id='word_1_421' title='bbox 3139 2654 3153 2668; x_wconf 75' lang='grc' dir='ltr'><strong>ο</strong></span> <span class='ocrx_word' id='word_1_422' title='bbox 3204 2637 3285 2691; x_wconf 78' lang='grc' dir='ltr'><strong>ὅτι</strong></span> <span class='ocrx_word' id='word_1_423' title='bbox 3327 2636 3529 2690; x_wconf 82' lang='grc' dir='ltr'><strong>Μακά-</strong></span> 
     </span>
    </p>
   </div>
   <div class='ocr_carea' id='block_1_58' title="bbox 1950 2723 3529 2804">
    <p class='ocr_par' dir='ltr' id='par_1_58' title="bbox 1950 2723 3529 2804">
     <span class='ocr_line' id='line_1_58' title="bbox 1950 2723 3529 2804; baseline -0.004 -20"><span class='ocrx_word' id='word_1_424' title='bbox 1950 2732 2062 2804; x_wconf 82' lang='grc' dir='ltr'>ριός</span> <span class='ocrx_word' id='word_1_425' title='bbox 2100 2733 2213 2784; x_wconf 76' lang='grc' dir='ltr'>ἐστι</span> <span class='ocrx_word' id='word_1_426' title='bbox 2245 2732 2350 2794; x_wconf 74' lang='grc' dir='ltr'>πᾶς</span> <span class='ocrx_word' id='word_1_427' title='bbox 2374 2732 2402 2783; x_wconf 87' lang='grc' dir='ltr'>ὁ</span> <span class='ocrx_word' id='word_1_428' title='bbox 2434 2729 2632 2792; x_wconf 65' lang='grc' dir='ltr'>παντδς</span> <span class='ocrx_word' id='word_1_429' title='bbox 2658 2727 2901 2782; x_wconf 77' lang='grc' dir='ltr'>ἐναντίου</span> <span class='ocrx_word' id='word_1_430' title='bbox 2933 2726 3254 2797; x_wconf 82' lang='grc' dir='ltr'>πράγματος</span> <span class='ocrx_word' id='word_1_431' title='bbox 3286 2723 3529 2778; x_wconf 80' lang='grc' dir='ltr'>ἀπελαυ-</span> 
     </span>
    </p>
   </div>
   <div class='ocr_carea' id='block_1_59' title="bbox 1948 2815 3532 2894">
    <p class='ocr_par' dir='ltr' id='par_1_59' title="bbox 1948 2815 3532 2894">
     <span class='ocr_line' id='line_1_59' title="bbox 1948 2815 3532 2894; baseline -0.005 -18"><span class='ocrx_word' id='word_1_432' title='bbox 1948 2825 2186 2894; x_wconf 79' lang='grc' dir='ltr'>νόμενος,</span> <span class='ocrx_word' id='word_1_433' title='bbox 2215 2823 2439 2894; x_wconf 78' lang='grc' dir='ltr'>φθορᾶς,</span> <span class='ocrx_word' id='word_1_434' title='bbox 2476 2821 2717 2883; x_wconf 83' lang='grc' dir='ltr'>σκότους,</span> <span class='ocrx_word' id='word_1_435' title='bbox 2747 2818 3038 2890; x_wconf 86' lang='grc' dir='ltr'>ἁμαρτίας,</span> <span class='ocrx_word' id='word_1_436' title='bbox 3070 2817 3304 2879; x_wconf 80' lang='grc' dir='ltr'>ἀδικίας,</span> <span class='ocrx_word' id='word_1_437' title='bbox 3336 2815 3532 2868; x_wconf 79' lang='grc' dir='ltr'>πλεον-</span> 
     </span>
    </p>
   </div>
   <div class='ocr_carea' id='block_1_60' title="bbox 1949 2909 3532 2982">
    <p class='ocr_par' dir='ltr' id='par_1_60' title="bbox 1949 2909 3532 2982">
     <span class='ocr_line' id='line_1_60' title="bbox 1949 2909 3532 2982; baseline -0.006 -13"><span class='ocrx_word' id='word_1_438' title='bbox 1949 2916 2117 2980; x_wconf 80' lang='grc' dir='ltr'>εξίας.</span> <span class='ocrx_word' id='word_1_439' title='bbox 2168 2917 2396 2970; x_wconf 80' lang='grc' dir='ltr'>ἑκάστου</span> <span class='ocrx_word' id='word_1_440' title='bbox 2438 2914 2545 2968; x_wconf 85' lang='grc' dir='ltr'><strong>τῶν</strong></span> <span class='ocrx_word' id='word_1_441' title='bbox 2577 2911 3031 2982; x_wconf 77' lang='grc' dir='ltr'>διαστελλομένων</span> <span class='ocrx_word' id='word_1_442' title='bbox 3079 2913 3191 2974; x_wconf 82' lang='grc' dir='ltr'>τοῖς</span> <span class='ocrx_word' id='word_1_443' title='bbox 3239 2909 3381 2963; x_wconf 78' lang='grc' dir='ltr'><strong>κατά</strong></span> <span class='ocrx_word' id='word_1_444' title='bbox 3425 2909 3532 2979; x_wconf 70' lang='grc' dir='ltr'>τὴν</span> 
     </span>
    </p>
   </div>
   <div class='ocr_carea' id='block_1_61' title="bbox 1948 2999 3533 3078">
    <p class='ocr_par' dir='ltr' id='par_1_61' title="bbox 1948 2999 3533 3078">
     <span class='ocr_line' id='line_1_61' title="bbox 1948 2999 3533 3078; baseline -0.004 -19"><span class='ocrx_word' id='word_1_445' title='bbox 1948 3007 2148 3078; x_wconf 84' lang='grc' dir='ltr'>ἀρετὴν</span> <span class='ocrx_word' id='word_1_446' title='bbox 2177 3006 2354 3076; x_wconf 77' lang='grc' dir='ltr'>λόγοις</span> <span class='ocrx_word' id='word_1_447' title='bbox 2383 3004 2672 3077; x_wconf 84' lang='grc' dir='ltr'>πράγμασί</span> <span class='ocrx_word' id='word_1_448' title='bbox 2697 3022 2755 3058; x_wconf 85' lang='grc' dir='ltr'><strong>τε</strong></span> <span class='ocrx_word' id='word_1_449' title='bbox 2786 3004 2878 3057; x_wconf 77' lang='grc' dir='ltr'>καὶ</span> <span class='ocrx_word' id='word_1_450' title='bbox 2905 3005 3154 3074; x_wconf 78' lang='grc' dir='ltr'>νοήμασι.</span> <span class='ocrx_word' id='word_1_451' title='bbox 3187 3001 3261 3053; x_wconf 78' lang='grc' dir='ltr'>Τὸ</span> <span class='ocrx_word' id='word_1_452' title='bbox 3288 3001 3395 3071; x_wconf 76' lang='grc' dir='ltr'>γὰρ</span> <span class='ocrx_word' id='word_1_453' title='bbox 3419 2999 3533 3066; x_wconf 79' lang='grc' dir='ltr'><strong>ἔξω</strong></span> 
     </span>
    </p>
   </div>
   <div class='ocr_carea' id='block_1_62' title="bbox 274 3092 1854 3166">
    <p class='ocr_par' dir='ltr' id='par_1_62' title="bbox 274 3092 1840 3165">
     <span class='ocr_line' id='line_1_62' title="bbox 274 3092 1840 3165; baseline 0.003 -20"><span class='ocrx_word' id='word_1_454' title='bbox 274 3108 395 3146; x_wconf 90' lang='lat' dir='ltr'><strong>rum</strong></span> <span class='ocrx_word' id='word_1_455' title='bbox 450 3108 571 3163; x_wconf 73' lang='lat' dir='ltr'><strong>qua:</strong></span> <span class='ocrx_word' id='word_1_456' title='bbox 604 3092 820 3149; x_wconf 88' lang='lat' dir='ltr'><strong>virtutis</strong></span> <span class='ocrx_word' id='word_1_457' title='bbox 855 3095 1158 3150; x_wconf 84' lang='lat' dir='ltr'><strong>rationibus</strong></span> <span class='ocrx_word' id='word_1_458' title='bbox 1192 3102 1564 3165; x_wconf 89' lang='lat' dir='ltr'><strong>opponuntur,</strong></span> <span class='ocrx_word' id='word_1_459' title='bbox 1607 3106 1718 3149; x_wconf 91' lang='lat' dir='ltr'><strong>tum</strong></span> <span class='ocrx_word' id='word_1_460' title='bbox 1761 3094 1840 3149; x_wconf 85' lang='lat' dir='ltr'><strong>fa-</strong></span> 
     </span>
    </p>
   </div>
   <div class='ocr_carea' id='block_1_63' title="bbox 2020 3092 3520 3166">
    <p class='ocr_par' dir='ltr' id='par_1_63' title="bbox 2020 3092 3520 3166">
     <span class='ocr_line' id='line_1_63' title="bbox 2020 3092 3520 3166; baseline -0.001 -20"><span class='ocrx_word' id='word_1_461' title='bbox 2020 3114 2057 3150; x_wconf 68' lang='grc' dir='ltr'><strong>ιν</strong></span> <span class='ocrx_word' id='word_1_462' title='bbox 2086 3097 2269 3152; x_wconf 84' lang='grc' dir='ltr'>κακῶν</span> <span class='ocrx_word' id='word_1_463' title='bbox 2295 3096 2565 3166; x_wconf 80' lang='grc' dir='ltr'>γενέσθαι,</span> <span class='ocrx_word' id='word_1_464' title='bbox 2612 3096 2761 3159; x_wconf 74' lang='grc' dir='ltr'>ἐντός</span> <span class='ocrx_word' id='word_1_465' title='bbox 2804 3096 2917 3148; x_wconf 78' lang='grc' dir='ltr'>ἐστι</span> <span class='ocrx_word' id='word_1_466' title='bbox 2944 3094 3050 3148; x_wconf 81' lang='grc' dir='ltr'><strong>τῶν</strong></span> <span class='ocrx_word' id='word_1_467' title='bbox 3086 3092 3306 3161; x_wconf 84' lang='grc' dir='ltr'>ἀγαθῶν</span> <span class='ocrx_word' id='word_1_468' title='bbox 3352 3109 3520 3145; x_wconf 81' lang='grc' dir='ltr'>κατα-</span> 
     </span>
    </p>
   </div>
   <div class='ocr_carea' id='block_1_64' title="bbox 274 3184 1842 3256">
    <p class='ocr_par' dir='ltr' id='par_1_64' title="bbox 274 3184 1842 3256">
     <span class='ocr_line' id='line_1_64' title="bbox 274 3184 1842 3256; baseline 0.001 -19"><span class='ocrx_word' id='word_1_469' title='bbox 274 3184 399 3247; x_wconf 83' lang='lat' dir='ltr'><strong>etis,</strong></span> <span class='ocrx_word' id='word_1_470' title='bbox 434 3192 547 3238; x_wconf 84' lang='lat' dir='ltr'><strong>tum</strong></span> <span class='ocrx_word' id='word_1_471' title='bbox 573 3185 1036 3256; x_wconf 78' lang='lat' dir='ltr'><strong>cogitationibus;</strong></span> <span class='ocrx_word' id='word_1_472' title='bbox 1073 3202 1197 3240; x_wconf 87' lang='lat' dir='ltr'><strong>nam</strong></span> <span class='ocrx_word' id='word_1_473' title='bbox 1232 3194 1385 3241; x_wconf 69' lang='lat' dir='ltr'><strong>extra</strong></span> <span class='ocrx_word' id='word_1_474' title='bbox 1437 3186 1578 3240; x_wconf 85' lang='lat' dir='ltr'><strong>mala</strong></span> <span class='ocrx_word' id='word_1_475' title='bbox 1612 3187 1842 3251; x_wconf 76' lang='lat' dir='ltr'><strong>versari,</strong></span> 
     </span>
    </p>
   </div>
   <div class='ocr_carea' id='block_1_65' title="bbox 274 3270 1842 3333">
    <p class='ocr_par' dir='ltr' id='par_1_65' title="bbox 274 3270 1842 3333">
     <span class='ocr_line' id='line_1_65' title="bbox 274 3270 1842 3333; baseline 0.002 -3"><span class='ocrx_word' id='word_1_476' title='bbox 274 3270 358 3330; x_wconf 74' lang='lat' dir='ltr'><strong>est</strong></span> <span class='ocrx_word' id='word_1_477' title='bbox 434 3276 575 3330; x_wconf 89' lang='lat' dir='ltr'><strong>intra</strong></span> <span class='ocrx_word' id='word_1_478' title='bbox 644 3278 784 3331; x_wconf 89' lang='lat' dir='ltr'><strong>bona</strong></span> <span class='ocrx_word' id='word_1_479' title='bbox 844 3277 1124 3331; x_wconf 82' lang='lat' dir='ltr'><strong>redactum</strong></span> <span class='ocrx_word' id='word_1_480' title='bbox 1177 3285 1233 3333; x_wconf 82' lang='lat' dir='ltr'><strong>et</strong></span> <span class='ocrx_word' id='word_1_481' title='bbox 1285 3277 1642 3332; x_wconf 88' lang='lat' dir='ltr'><strong>constitutum</strong></span> <span class='ocrx_word' id='word_1_482' title='bbox 1698 3293 1842 3333; x_wconf 88' lang='lat' dir='ltr'><strong>esse.</strong></span> 
     </span>
    </p>
   </div>
   <div class='ocr_carea' id='block_1_66' title="bbox 278 3362 1846 3438">
    <p class='ocr_par' dir='ltr' id='par_1_66' title="bbox 278 3362 1846 3438">
     <span class='ocr_line' id='line_1_66' title="bbox 278 3362 1846 3438; baseline 0.004 -23"><span class='ocrx_word' id='word_1_483' title='bbox 278 3362 382 3429; x_wconf 84' lang='lat' dir='ltr'><strong>Qui</strong></span> <span class='ocrx_word' id='word_1_484' title='bbox 414 3363 542 3432; x_wconf 81' lang='lat' dir='ltr'><strong>facit</strong></span> <span class='ocrx_word' id='word_1_485' title='bbox 575 3376 867 3434; x_wconf 84' lang='lat' dir='ltr'><strong>peccatum,</strong></span> <span class='ocrx_word' id='word_1_486' title='bbox 893 3366 1071 3436; x_wconf 86' lang='lat' dir='ltr'><strong>inquit</strong></span> <span class='ocrx_word' id='word_1_487' title='bbox 1106 3365 1390 3432; x_wconf 90' lang='lat' dir='ltr'><strong>Dominus,</strong></span> <span class='ocrx_word' id='word_1_488' title='bbox 1442 3384 1621 3422; x_wconf 73' lang='lat' dir='ltr'><strong>servus</strong></span> <span class='ocrx_word' id='word_1_489' title='bbox 1646 3368 1846 3438; x_wconf 67' lang='lat' dir='ltr'><strong>peccati</strong></span> 
     </span>
    </p>
   </div>
   <div class='ocr_carea' id='block_1_67' title="bbox 276 3453 1849 3528">
    <p class='ocr_par' dir='ltr' id='par_1_67' title="bbox 276 3453 1849 3528">
     <span class='ocr_line' id='line_1_67' title="bbox 276 3453 1849 3528; baseline 0.005 -22"><span class='ocrx_word' id='word_1_490' title='bbox 276 3455 439 3508; x_wconf 78' lang='lat' dir='ltr'><strong>est&quot;.</strong></span> <span class='ocrx_word' id='word_1_491' title='bbox 503 3453 647 3527; x_wconf 82' lang='lat' dir='ltr'><strong>Ergo</strong></span> <span class='ocrx_word' id='word_1_492' title='bbox 676 3456 769 3525; x_wconf 88' lang='lat' dir='ltr'><strong>qui</strong></span> <span class='ocrx_word' id='word_1_493' title='bbox 803 3456 1035 3528; x_wconf 79' lang='lat' dir='ltr'><strong>descivit</strong></span> <span class='ocrx_word' id='word_1_494' title='bbox 1066 3458 1135 3512; x_wconf 90' lang='lat' dir='ltr'><strong>ab</strong></span> <span class='ocrx_word' id='word_1_495' title='bbox 1167 3472 1232 3513; x_wconf 89' lang='lat' dir='ltr'><strong>eo</strong></span> <span class='ocrx_word' id='word_1_496' title='bbox 1259 3457 1348 3511; x_wconf 90' lang='lat' dir='ltr'><strong>cui</strong></span> <span class='ocrx_word' id='word_1_497' title='bbox 1378 3459 1661 3521; x_wconf 70' lang='lat' dir='ltr'><strong>servierit,</strong></span> <span class='ocrx_word' id='word_1_498' title='bbox 1684 3460 1849 3514; x_wconf 89' lang='lat' dir='ltr'><strong>liber-</strong></span> 
     </span>
    </p>
   </div>
   <div class='ocr_carea' id='block_1_68' title="bbox 279 3548 1850 3622">
    <p class='ocr_par' dir='ltr' id='par_1_68' title="bbox 279 3548 1850 3622">
     <span class='ocr_line' id='line_1_68' title="bbox 279 3548 1850 3622; baseline 0.005 -24"><span class='ocrx_word' id='word_1_499' title='bbox 279 3556 466 3611; x_wconf 87' lang='lat' dir='ltr'><strong>tatem,</strong></span> <span class='ocrx_word' id='word_1_500' title='bbox 500 3548 644 3617; x_wconf 89' lang='lat' dir='ltr'><strong>quod</strong></span> <span class='ocrx_word' id='word_1_501' title='bbox 677 3549 745 3604; x_wconf 85' lang='lat' dir='ltr'><strong>ad</strong></span> <span class='ocrx_word' id='word_1_502' title='bbox 779 3558 982 3604; x_wconf 86' lang='lat' dir='ltr'><strong>statum</strong></span> <span class='ocrx_word' id='word_1_503' title='bbox 1009 3559 1061 3606; x_wconf 88' lang='lat' dir='ltr'><strong>et</strong></span> <span class='ocrx_word' id='word_1_504' title='bbox 1082 3550 1405 3622; x_wconf 80' lang='lat' dir='ltr'><strong>dignitatem</strong></span> <span class='ocrx_word' id='word_1_505' title='bbox 1458 3552 1673 3616; x_wconf 83' lang='lat' dir='ltr'><strong>attinet,</strong></span> <span class='ocrx_word' id='word_1_506' title='bbox 1694 3568 1850 3607; x_wconf 88' lang='lat' dir='ltr'><strong>usur-</strong></span> 
     </span>
    </p>
   </div>
   <div class='ocr_carea' id='block_1_69' title="bbox 278 3641 1849 3715">
    <p class='ocr_par' dir='ltr' id='par_1_69' title="bbox 278 3641 1849 3715">
     <span class='ocr_line' id='line_1_69' title="bbox 278 3641 1849 3715; baseline 0.004 -23"><span class='ocrx_word' id='word_1_507' title='bbox 278 3648 387 3709; x_wconf 88' lang='lat' dir='ltr'><strong>pat.</strong></span> <span class='ocrx_word' id='word_1_508' title='bbox 424 3641 594 3698; x_wconf 85' lang='lat' dir='ltr'><strong>Porro</strong></span> <span class='ocrx_word' id='word_1_509' title='bbox 626 3657 838 3696; x_wconf 88' lang='lat' dir='ltr'><strong>summa</strong></span> <span class='ocrx_word' id='word_1_510' title='bbox 866 3643 1137 3699; x_wconf 90' lang='lat' dir='ltr'><strong>libertatis</strong></span> <span class='ocrx_word' id='word_1_511' title='bbox 1185 3643 1398 3714; x_wconf 86' lang='lat' dir='ltr'><strong>species</strong></span> <span class='ocrx_word' id='word_1_512' title='bbox 1431 3651 1536 3711; x_wconf 86' lang='lat' dir='ltr'><strong>est,</strong></span> <span class='ocrx_word' id='word_1_513' title='bbox 1587 3645 1671 3700; x_wconf 88' lang='lat' dir='ltr'><strong>sui</strong></span> <span class='ocrx_word' id='word_1_514' title='bbox 1707 3644 1849 3715; x_wconf 89' lang='lat' dir='ltr'><strong>juris</strong></span> 
     </span>
    </p>
   </div>
   <div class='ocr_carea' id='block_1_70' title="bbox 277 3733 1848 3807">
    <p class='ocr_par' dir='ltr' id='par_1_70' title="bbox 277 3733 1848 3807">
     <span class='ocr_line' id='line_1_70' title="bbox 277 3733 1848 3807; baseline 0.004 -25"><span class='ocrx_word' id='word_1_515' title='bbox 277 3746 342 3783; x_wconf 87' lang='lat' dir='ltr'><strong>ac</strong></span> <span class='ocrx_word' id='word_1_516' title='bbox 368 3734 650 3800; x_wconf 81' lang='lat' dir='ltr'><strong>potestatis</strong></span> <span class='ocrx_word' id='word_1_517' title='bbox 681 3748 802 3789; x_wconf 89' lang='lat' dir='ltr'><strong>esse</strong></span> <span class='ocrx_word' id='word_1_518' title='bbox 832 3733 1056 3796; x_wconf 88' lang='lat' dir='ltr'><strong>factum,</strong></span> <span class='ocrx_word' id='word_1_519' title='bbox 1094 3737 1239 3806; x_wconf 82' lang='lat' dir='ltr'><strong>regia</strong></span> <span class='ocrx_word' id='word_1_520' title='bbox 1271 3751 1398 3790; x_wconf 77' lang='lat' dir='ltr'><strong>vero</strong></span> <span class='ocrx_word' id='word_1_521' title='bbox 1417 3735 1651 3807; x_wconf 83' lang='lat' dir='ltr'><strong>dignitas</strong></span> <span class='ocrx_word' id='word_1_522' title='bbox 1682 3750 1848 3805; x_wconf 89' lang='lat' dir='ltr'><strong>supra</strong></span> 
     </span>
    </p>
   </div>
   <div class='ocr_carea' id='block_1_71' title="bbox 279 3822 1848 3896">
    <p class='ocr_par' dir='ltr' id='par_1_71' title="bbox 279 3822 1848 3896">
     <span class='ocr_line' id='line_1_71' title="bbox 279 3822 1848 3896; baseline 0.005 -22"><span class='ocrx_word' id='word_1_523' title='bbox 279 3834 339 3874; x_wconf 82' lang='lat' dir='ltr'><strong>se</strong></span> <span class='ocrx_word' id='word_1_524' title='bbox 374 3836 482 3874; x_wconf 90' lang='lat' dir='ltr'><strong>non</strong></span> <span class='ocrx_word' id='word_1_525' title='bbox 508 3822 669 3878; x_wconf 88' lang='lat' dir='ltr'><strong>habet</strong></span> <span class='ocrx_word' id='word_1_526' title='bbox 701 3824 865 3878; x_wconf 90' lang='lat' dir='ltr'><strong>ullam</strong></span> <span class='ocrx_word' id='word_1_527' title='bbox 893 3825 1260 3896; x_wconf 60' lang='lat' dir='ltr'><strong>tyrannidem.</strong></span> <span class='ocrx_word' id='word_1_528' title='bbox 1314 3824 1455 3896; x_wconf 86' lang='lat' dir='ltr'><strong>Ergo</strong></span> <span class='ocrx_word' id='word_1_529' title='bbox 1505 3826 1550 3881; x_wconf 92' lang='lat' dir='ltr'><strong>si</strong></span> <span class='ocrx_word' id='word_1_530' title='bbox 1588 3825 1674 3881; x_wconf 89' lang='lat' dir='ltr'><strong>sui</strong></span> <span class='ocrx_word' id='word_1_531' title='bbox 1704 3826 1848 3896; x_wconf 89' lang='lat' dir='ltr'><strong>juris</strong></span> 
     </span>
    </p>
   </div>
   <div class='ocr_carea' id='block_1_72' title="bbox 280 3911 1849 3988">
    <p class='ocr_par' dir='ltr' id='par_1_72' title="bbox 280 3911 1849 3988">
     <span class='ocr_line' id='line_1_72' title="bbox 280 3911 1849 3988; baseline 0.005 -24"><span class='ocrx_word' id='word_1_532' title='bbox 280 3921 363 3965; x_wconf 84' lang='lat' dir='ltr'><strong>est</strong></span> <span class='ocrx_word' id='word_1_533' title='bbox 413 3911 459 3966; x_wconf 92' lang='lat' dir='ltr'><strong>is</strong></span> <span class='ocrx_word' id='word_1_534' title='bbox 491 3914 584 3983; x_wconf 90' lang='lat' dir='ltr'><strong>qui</strong></span> <span class='ocrx_word' id='word_1_535' title='bbox 622 3924 928 3984; x_wconf 76' lang='lat' dir='ltr'><strong>a,peceato</strong></span> <span class='ocrx_word' id='word_1_536' title='bbox 970 3916 1187 3972; x_wconf 87' lang='lat' dir='ltr'><strong>alienus</strong></span> <span class='ocrx_word' id='word_1_537' title='bbox 1249 3924 1371 3983; x_wconf 87' lang='lat' dir='ltr'><strong>est;</strong></span> <span class='ocrx_word' id='word_1_538' title='bbox 1407 3933 1471 3971; x_wconf 88' lang='lat' dir='ltr'><strong>ac</strong></span> <span class='ocrx_word' id='word_1_539' title='bbox 1527 3918 1678 3988; x_wconf 82' lang='lat' dir='ltr'><strong>regni</strong></span> <span class='ocrx_word' id='word_1_540' title='bbox 1723 3934 1849 3988; x_wconf 89' lang='lat' dir='ltr'><strong>pro-</strong></span> 
     </span>
    </p>
   </div>
   <div class='ocr_carea' id='block_1_73' title="bbox 281 4003 1849 4080">
    <p class='ocr_par' dir='ltr' id='par_1_73' title="bbox 281 4003 1849 4080">
     <span class='ocr_line' id='line_1_73' title="bbox 281 4003 1849 4080; baseline 0.006 -27"><span class='ocrx_word' id='word_1_541' title='bbox 281 4003 456 4070; x_wconf 77' lang='lat' dir='ltr'><strong>prium</strong></span> <span class='ocrx_word' id='word_1_542' title='bbox 484 4012 588 4066; x_wconf 85' lang='lat' dir='ltr'><strong>est,</strong></span> <span class='ocrx_word' id='word_1_543' title='bbox 619 4020 826 4059; x_wconf 88' lang='lat' dir='ltr'><strong>merum</strong></span> <span class='ocrx_word' id='word_1_544' title='bbox 860 4007 1172 4076; x_wconf 89' lang='lat' dir='ltr'><strong>imperium,</strong></span> <span class='ocrx_word' id='word_1_545' title='bbox 1220 4022 1542 4079; x_wconf 87' lang='lat' dir='ltr'><strong>summaque</strong></span> <span class='ocrx_word' id='word_1_546' title='bbox 1593 4023 1657 4063; x_wconf 90' lang='lat' dir='ltr'><strong>ac</strong></span> <span class='ocrx_word' id='word_1_547' title='bbox 1689 4010 1849 4080; x_wconf 90' lang='lat' dir='ltr'><strong>plena</strong></span> 
     </span>
    </p>
   </div>
   <div class='ocr_carea' id='block_1_74' title="bbox 279 4096 1848 4172">
    <p class='ocr_par' dir='ltr' id='par_1_74' title="bbox 279 4096 1848 4172">
     <span class='ocr_line' id='line_1_74' title="bbox 279 4096 1848 4172; baseline 0.007 -27"><span class='ocrx_word' id='word_1_548' title='bbox 279 4096 482 4148; x_wconf 90' lang='lat' dir='ltr'><strong>nullius</strong></span> <span class='ocrx_word' id='word_1_549' title='bbox 511 4096 741 4151; x_wconf 90' lang='lat' dir='ltr'><strong>alterius</strong></span> <span class='ocrx_word' id='word_1_550' title='bbox 774 4098 1002 4152; x_wconf 87' lang='lat' dir='ltr'><strong>arbitrio</strong></span> <span class='ocrx_word' id='word_1_551' title='bbox 1034 4108 1198 4169; x_wconf 88' lang='lat' dir='ltr'><strong>atque</strong></span> <span class='ocrx_word' id='word_1_552' title='bbox 1221 4100 1466 4154; x_wconf 82' lang='lat' dir='ltr'><strong>dominio</strong></span> <span class='ocrx_word' id='word_1_553' title='bbox 1492 4101 1726 4157; x_wconf 80' lang='lat' dir='ltr'><strong>obnoxia</strong></span> <span class='ocrx_word' id='word_1_554' title='bbox 1751 4117 1848 4172; x_wconf 87' lang='lat' dir='ltr'><strong>po-</strong></span> 
     </span>
    </p>
   </div>
   <div class='ocr_carea' id='block_1_75' title="bbox 277 4191 1850 4264">
    <p class='ocr_par' dir='ltr' id='par_1_75' title="bbox 277 4191 1850 4264">
     <span class='ocr_line' id='line_1_75' title="bbox 277 4191 1850 4264; baseline 0.006 -26"><span class='ocrx_word' id='word_1_555' title='bbox 277 4194 449 4241; x_wconf 86' lang='lat' dir='ltr'><strong>testas</strong></span> <span class='ocrx_word' id='word_1_556' title='bbox 484 4197 921 4258; x_wconf 88' lang='lat' dir='ltr'><strong>:consequenter</strong></span> <span class='ocrx_word' id='word_1_557' title='bbox 957 4191 1150 4246; x_wconf 86' lang='lat' dir='ltr'><strong>beatus</strong></span> <span class='ocrx_word' id='word_1_558' title='bbox 1187 4192 1486 4261; x_wconf 88' lang='lat' dir='ltr'><strong>judicatur,</strong></span> <span class='ocrx_word' id='word_1_559' title='bbox 1509 4194 1599 4264; x_wconf 91' lang='lat' dir='ltr'><strong>qui</strong></span> <span class='ocrx_word' id='word_1_560' title='bbox 1644 4209 1673 4247; x_wconf 89' lang='lat' dir='ltr'><strong>a</strong></span> <span class='ocrx_word' id='word_1_561' title='bbox 1707 4196 1850 4247; x_wconf 86' lang='lat' dir='ltr'><strong>malo</strong></span> 
     </span>
    </p>
   </div>
   <div class='ocr_carea' id='block_1_76' title="bbox 279 4280 1849 4353">
    <p class='ocr_par' dir='ltr' id='par_1_76' title="bbox 279 4280 1849 4353">
     <span class='ocr_line' id='line_1_76' title="bbox 279 4280 1849 4353; baseline 0.004 -22"><span class='ocrx_word' id='word_1_562' title='bbox 279 4280 519 4348; x_wconf 89' lang='lat' dir='ltr'><strong>pellitur,</strong></span> <span class='ocrx_word' id='word_1_563' title='bbox 548 4293 612 4333; x_wconf 88' lang='lat' dir='ltr'><strong>ac</strong></span> <span class='ocrx_word' id='word_1_564' title='bbox 636 4281 1071 4351; x_wconf 88' lang='lat' dir='ltr'><strong>persecutionem</strong></span> <span class='ocrx_word' id='word_1_565' title='bbox 1094 4283 1295 4352; x_wconf 87' lang='lat' dir='ltr'><strong>patitur</strong></span> <span class='ocrx_word' id='word_1_566' title='bbox 1331 4300 1344 4337; x_wconf 92' lang='lat'>:</span> <span class='ocrx_word' id='word_1_567' title='bbox 1381 4284 1580 4353; x_wconf 88' lang='lat' dir='ltr'><strong>quippe</strong></span> <span class='ocrx_word' id='word_1_568' title='bbox 1604 4284 1692 4337; x_wconf 91' lang='lat' dir='ltr'><strong>illa</strong></span> <span class='ocrx_word' id='word_1_569' title='bbox 1725 4299 1849 4353; x_wconf 88' lang='lat' dir='ltr'><strong>per-</strong></span> 
     </span>
    </p>
   </div>
   <div class='ocr_carea' id='block_1_77' title="bbox 281 4369 1847 4441">
    <p class='ocr_par' dir='ltr' id='par_1_77' title="bbox 281 4369 1847 4441">
     <span class='ocr_line' id='line_1_77' title="bbox 281 4369 1847 4441; baseline 0.004 -19"><span class='ocrx_word' id='word_1_570' title='bbox 281 4370 559 4423; x_wconf 86' lang='lat' dir='ltr'><strong>secutione</strong></span> <span class='ocrx_word' id='word_1_571' title='bbox 582 4369 785 4439; x_wconf 88' lang='lat' dir='ltr'><strong>regiam</strong></span> <span class='ocrx_word' id='word_1_572' title='bbox 820 4371 1138 4441; x_wconf 84' lang='lat' dir='ltr'><strong>dignitatem</strong></span> <span class='ocrx_word' id='word_1_573' title='bbox 1174 4372 1222 4427; x_wconf 84' lang='lat' dir='ltr'><strong>ei</strong></span> <span class='ocrx_word' id='word_1_574' title='bbox 1258 4376 1606 4429; x_wconf 88' lang='lat' dir='ltr'><strong>conciliante.</strong></span> <span class='ocrx_word' id='word_1_575' title='bbox 1647 4373 1724 4427; x_wconf 87' lang='lat' dir='ltr'><strong>Ne</strong></span> <span class='ocrx_word' id='word_1_576' title='bbox 1750 4374 1847 4428; x_wconf 60' lang='lat' dir='ltr'><strong>do»</strong></span> 
     </span>
    </p>
   </div>
   <div class='ocr_carea' id='block_1_78' title="bbox 281 4460 1846 4530">
    <p class='ocr_par' dir='ltr' id='par_1_78' title="bbox 281 4460 1846 4530">
     <span class='ocr_line' id='line_1_78' title="bbox 281 4460 1846 4530; baseline 0.004 -19"><span class='ocrx_word' id='word_1_577' title='bbox 281 4461 486 4513; x_wconf 89' lang='lat' dir='ltr'><strong>lcamus</strong></span> <span class='ocrx_word' id='word_1_578' title='bbox 519 4460 703 4528; x_wconf 79' lang='lat' dir='ltr'><strong>igitur,</strong></span> <span class='ocrx_word' id='word_1_579' title='bbox 758 4467 811 4514; x_wconf 90' lang='lat' dir='ltr'><strong>et</strong></span> <span class='ocrx_word' id='word_1_580' title='bbox 840 4476 980 4530; x_wconf 69' lang='lat' dir='ltr'><strong>mgre</strong></span> <span class='ocrx_word' id='word_1_581' title='bbox 1040 4462 1298 4526; x_wconf 84' lang='lat' dir='ltr'><strong>feramus,</strong></span> <span class='ocrx_word' id='word_1_582' title='bbox 1341 4462 1559 4525; x_wconf 86' lang='lat' dir='ltr'><strong>fratres,</strong></span> <span class='ocrx_word' id='word_1_583' title='bbox 1615 4463 1846 4518; x_wconf 86' lang='lat' dir='ltr'><strong>terrenis</strong></span> 
     </span>
    </p>
   </div>
   <div class='ocr_carea' id='block_1_79' title="bbox 279 4550 1849 4624">
    <p class='ocr_par' dir='ltr' id='par_1_79' title="bbox 279 4550 1849 4624">
     <span class='ocr_line' id='line_1_79' title="bbox 279 4550 1849 4624; baseline 0.004 -22"><span class='ocrx_word' id='word_1_584' title='bbox 279 4565 381 4605; x_wconf 92' lang='lat' dir='ltr'><strong>nos</strong></span> <span class='ocrx_word' id='word_1_585' title='bbox 415 4550 612 4619; x_wconf 81' lang='lat' dir='ltr'><strong>expelli</strong></span> <span class='ocrx_word' id='word_1_586' title='bbox 644 4559 810 4619; x_wconf 88' lang='lat' dir='ltr'><strong>atque</strong></span> <span class='ocrx_word' id='word_1_587' title='bbox 835 4552 1114 4620; x_wconf 83' lang='lat' dir='ltr'><strong>prohiberi</strong></span> <span class='ocrx_word' id='word_1_588' title='bbox 1152 4569 1164 4606; x_wconf 91' lang='lat'><strong>:</strong></span> <span class='ocrx_word' id='word_1_589' title='bbox 1207 4569 1329 4607; x_wconf 86' lang='lat' dir='ltr'><strong>nam</strong></span> <span class='ocrx_word' id='word_1_590' title='bbox 1372 4554 1462 4623; x_wconf 90' lang='lat' dir='ltr'><strong>qui</strong></span> <span class='ocrx_word' id='word_1_591' title='bbox 1492 4554 1619 4608; x_wconf 90' lang='lat' dir='ltr'><strong>hinc</strong></span> <span class='ocrx_word' id='word_1_592' title='bbox 1650 4554 1849 4624; x_wconf 85' lang='lat' dir='ltr'><strong>migra-</strong></span> 
     </span>
    </p>
   </div>
   <div class='ocr_carea' id='block_1_80' title="bbox 277 4641 1849 4714">
    <p class='ocr_par' dir='ltr' id='par_1_80' title="bbox 277 4641 1849 4714">
     <span class='ocr_line' id='line_1_80' title="bbox 277 4641 1849 4714; baseline 0.004 -20"><span class='ocrx_word' id='word_1_593' title='bbox 277 4642 436 4708; x_wconf 76' lang='lat' dir='ltr'><strong>verit,</strong></span> <span class='ocrx_word' id='word_1_594' title='bbox 469 4641 523 4696; x_wconf 93' lang='lat' dir='ltr'><strong>in</strong></span> <span class='ocrx_word' id='word_1_595' title='bbox 557 4642 768 4697; x_wconf 76' lang='lat' dir='ltr'><strong>emlesti</strong></span> <span class='ocrx_word' id='word_1_596' title='bbox 791 4644 939 4714; x_wconf 89' lang='lat' dir='ltr'><strong>regia</strong></span> <span class='ocrx_word' id='word_1_597' title='bbox 968 4645 1299 4700; x_wconf 73' lang='lat' dir='ltr'><strong>diversatur.</strong></span> <span class='ocrx_word' id='word_1_598' title='bbox 1331 4645 1445 4700; x_wconf 90' lang='lat' dir='ltr'><strong>Duo</strong></span> <span class='ocrx_word' id='word_1_599' title='bbox 1470 4646 1584 4700; x_wconf 68' lang='lat' dir='ltr'><strong>luce</strong></span> <span class='ocrx_word' id='word_1_600' title='bbox 1614 4646 1669 4699; x_wconf 90' lang='lat' dir='ltr'><strong>in</strong></span> <span class='ocrx_word' id='word_1_601' title='bbox 1691 4662 1849 4702; x_wconf 83' lang='lat' dir='ltr'><strong>erea-</strong></span> 
     </span>
    </p>
   </div>
   <div class='ocr_carea' id='block_1_81' title="bbox 279 4735 1852 4803">
    <p class='ocr_par' dir='ltr' id='par_1_81' title="bbox 279 4735 1852 4803">
     <span class='ocr_line' id='line_1_81' title="bbox 279 4735 1852 4803; baseline 0.004 -17"><span class='ocrx_word' id='word_1_602' title='bbox 279 4739 406 4787; x_wconf 87' lang='lat' dir='ltr'><strong>tura</strong></span> <span class='ocrx_word' id='word_1_603' title='bbox 449 4748 633 4788; x_wconf 89' lang='lat' dir='ltr'><strong>rerum</strong></span> <span class='ocrx_word' id='word_1_604' title='bbox 686 4735 1072 4791; x_wconf 87' lang='lat' dir='ltr'><strong>universarum</strong></span> <span class='ocrx_word' id='word_1_605' title='bbox 1113 4744 1242 4791; x_wconf 87' lang='lat' dir='ltr'><strong>sunt</strong></span> <span class='ocrx_word' id='word_1_606' title='bbox 1289 4738 1581 4803; x_wconf 82' lang='lat' dir='ltr'><strong>elementa,</strong></span> <span class='ocrx_word' id='word_1_607' title='bbox 1635 4738 1852 4793; x_wconf 89' lang='lat' dir='ltr'><strong>habita-</strong></span> 
     </span>
    </p>
   </div>
   <div class='ocr_carea' id='block_1_82' title="bbox 278 4826 1848 4896">
    <p class='ocr_par' dir='ltr' id='par_1_82' title="bbox 278 4826 1848 4896">
     <span class='ocr_line' id='line_1_82' title="bbox 278 4826 1848 4896; baseline 0.004 -17"><span class='ocrx_word' id='word_1_608' title='bbox 278 4826 417 4881; x_wconf 86' lang='lat' dir='ltr'><strong>tioni</strong></span> <span class='ocrx_word' id='word_1_609' title='bbox 446 4828 728 4884; x_wconf 77' lang='lat' dir='ltr'><strong>rationalis</strong></span> <span class='ocrx_word' id='word_1_610' title='bbox 758 4837 968 4884; x_wconf 69' lang='lat' dir='ltr'><strong>natura:</strong></span> <span class='ocrx_word' id='word_1_611' title='bbox 1007 4831 1289 4896; x_wconf 88' lang='lat' dir='ltr'><strong>attributa,</strong></span> <span class='ocrx_word' id='word_1_612' title='bbox 1315 4832 1517 4886; x_wconf 86' lang='lat' dir='ltr'><strong>coelum</strong></span> <span class='ocrx_word' id='word_1_613' title='bbox 1567 4838 1621 4886; x_wconf 86' lang='lat' dir='ltr'><strong>et</strong></span> <span class='ocrx_word' id='word_1_614' title='bbox 1680 4840 1848 4887; x_wconf 89' lang='lat' dir='ltr'><strong>terra.</strong></span> 
     </span>
    </p>
   </div>
   <div class='ocr_carea' id='block_1_83' title="bbox 278 4916 1845 4991">
    <p class='ocr_par' dir='ltr' id='par_1_83' title="bbox 278 4916 1845 4991">
     <span class='ocr_line' id='line_1_83' title="bbox 278 4916 1845 4991; baseline 0.004 -20"><span class='ocrx_word' id='word_1_615' title='bbox 278 4916 457 4974; x_wconf 89' lang='lat' dir='ltr'><strong>Locus</strong></span> <span class='ocrx_word' id='word_1_616' title='bbox 484 4934 697 4988; x_wconf 84' lang='lat' dir='ltr'><strong>eorum,</strong></span> <span class='ocrx_word' id='word_1_617' title='bbox 747 4921 841 4990; x_wconf 90' lang='lat' dir='ltr'><strong>qui</strong></span> <span class='ocrx_word' id='word_1_618' title='bbox 874 4936 969 4991; x_wconf 91' lang='lat' dir='ltr'><strong>per</strong></span> <span class='ocrx_word' id='word_1_619' title='bbox 990 4936 1212 4976; x_wconf 90' lang='lat' dir='ltr'><strong>carnem</strong></span> <span class='ocrx_word' id='word_1_620' title='bbox 1262 4922 1430 4976; x_wconf 81' lang='lat' dir='ltr'><strong>vitam</strong></span> <span class='ocrx_word' id='word_1_621' title='bbox 1480 4925 1657 4980; x_wconf 89' lang='lat' dir='ltr'><strong>sortiti</strong></span> <span class='ocrx_word' id='word_1_622' title='bbox 1692 4933 1845 4989; x_wconf 90' lang='lat' dir='ltr'><strong>sunt,</strong></span> 
     </span>
    </p>
   </div>
   <div class='ocr_carea' id='block_1_84' title="bbox 1950 3185 3527 3264">
    <p class='ocr_par' dir='ltr' id='par_1_84' title="bbox 1950 3185 3527 3264">
     <span class='ocr_line' id='line_1_84' title="bbox 1950 3185 3527 3264; baseline -0.006 -18"><span class='ocrx_word' id='word_1_623' title='bbox 1950 3194 2158 3264; x_wconf 80' lang='grc' dir='ltr'>στῆναι.</span> <span class='ocrx_word' id='word_1_624' title='bbox 2181 3192 2275 3245; x_wconf 79' lang='grc' dir='ltr'><strong>«Ὁ</strong></span> <span class='ocrx_word' id='word_1_625' title='bbox 2324 3191 2490 3244; x_wconf 83' lang='grc' dir='ltr'>ποιῶν</span> <span class='ocrx_word' id='word_1_626' title='bbox 2540 3191 2639 3262; x_wconf 82' lang='grc' dir='ltr'>τὴν</span> <span class='ocrx_word' id='word_1_627' title='bbox 2674 3189 2962 3262; x_wconf 71' lang='grc' dir='ltr'>ἁμαρτίαν,</span> <span class='ocrx_word' id='word_1_628' title='bbox 2993 3188 3189 3255; x_wconf 72' lang='grc' dir='ltr'>»φησὶν</span> <span class='ocrx_word' id='word_1_629' title='bbox 3236 3187 3265 3239; x_wconf 83' lang='grc' dir='ltr'>ὁ</span> <span class='ocrx_word' id='word_1_630' title='bbox 3295 3185 3527 3255; x_wconf 83' lang='grc' dir='ltr'>Κύριος,</span> 
     </span>
    </p>
   </div>
   <div class='ocr_carea' id='block_1_85' title="bbox 1961 3268 3530 3352">
    <p class='ocr_par' dir='ltr' id='par_1_85' title="bbox 1961 3268 3530 3352">
     <span class='ocr_line' id='line_1_85' title="bbox 1961 3268 3530 3352; baseline -0.008 -15"><span class='ocrx_word' id='word_1_631' title='bbox 1961 3285 2178 3351; x_wconf 69' lang='grc' dir='ltr'>«δοῦλός</span> <span class='ocrx_word' id='word_1_632' title='bbox 2201 3285 2316 3339; x_wconf 76' lang='grc' dir='ltr'>ἐστι</span> <span class='ocrx_word' id='word_1_633' title='bbox 2346 3281 2441 3352; x_wconf 81' lang='grc' dir='ltr'>τῆς</span> <span class='ocrx_word' id='word_1_634' title='bbox 2486 3280 2777 3352; x_wconf 82' lang='grc' dir='ltr'>ἁμαρτίας.</span> <span class='ocrx_word' id='word_1_635' title='bbox 2803 3300 2824 3333; x_wconf 72' lang='grc' dir='ltr'><strong>ι</strong></span> <span class='ocrx_word' id='word_1_636' title='bbox 2854 3277 3063 3332; x_wconf 75' lang='grc' dir='ltr'>Οὐκοῦν</span> <span class='ocrx_word' id='word_1_637' title='bbox 3108 3277 3138 3329; x_wconf 88' lang='grc' dir='ltr'>ὁ</span> <span class='ocrx_word' id='word_1_638' title='bbox 3185 3275 3430 3337; x_wconf 65' lang='grc' dir='ltr'>ἀποστὰς</span> <span class='ocrx_word' id='word_1_639' title='bbox 3479 3268 3530 3341; x_wconf 73' lang='grc' dir='ltr'><strong>ᾧ</strong></span> 
     </span>
    </p>
   </div>
   <div class='ocr_carea' id='block_1_86' title="bbox 1949 3363 3529 3442">
    <p class='ocr_par' dir='ltr' id='par_1_86' title="bbox 1949 3363 3529 3442">
     <span class='ocr_line' id='line_1_86' title="bbox 1949 3363 3529 3442; baseline -0.006 -17"><span class='ocrx_word' id='word_1_640' title='bbox 1949 3370 2278 3436; x_wconf 76' lang='grc' dir='ltr'>ἐδούλευσεν,</span> <span class='ocrx_word' id='word_1_641' title='bbox 2311 3370 2674 3442; x_wconf 72' lang='grc' dir='ltr'>ἐλευθεριάζει</span> <span class='ocrx_word' id='word_1_642' title='bbox 2702 3368 2782 3439; x_wconf 81' lang='grc' dir='ltr'><strong>τῷ</strong></span> <span class='ocrx_word' id='word_1_643' title='bbox 2813 3367 3102 3437; x_wconf 77' lang='grc' dir='ltr'>ἀξιώματι.</span> <span class='ocrx_word' id='word_1_644' title='bbox 3147 3365 3222 3418; x_wconf 79' lang='grc' dir='ltr'>Τὸ</span> <span class='ocrx_word' id='word_1_645' title='bbox 3259 3363 3316 3416; x_wconf 78' lang='grc' dir='ltr'>δὲ</span> <span class='ocrx_word' id='word_1_646' title='bbox 3355 3363 3529 3434; x_wconf 77' lang='grc' dir='ltr'>ἀκρό·</span> 
     </span>
    </p>
   </div>
   <div class='ocr_carea' id='block_1_87' title="bbox 1947 3455 3528 3532">
    <p class='ocr_par' dir='ltr' id='par_1_87' title="bbox 1947 3455 3528 3532">
     <span class='ocr_line' id='line_1_87' title="bbox 1947 3455 3528 3532; baseline -0.006 -16"><span class='ocrx_word' id='word_1_647' title='bbox 1947 3478 2106 3516; x_wconf 83' lang='grc' dir='ltr'>τατον</span> <span class='ocrx_word' id='word_1_648' title='bbox 2167 3461 2268 3532; x_wconf 83' lang='grc' dir='ltr'>τῆς</span> <span class='ocrx_word' id='word_1_649' title='bbox 2316 3460 2626 3532; x_wconf 79' lang='grc' dir='ltr'>ἐλευθερίας</span> <span class='ocrx_word' id='word_1_650' title='bbox 2671 3456 2842 3523; x_wconf 76' lang='grc' dir='ltr'>εἶδος,</span> <span class='ocrx_word' id='word_1_651' title='bbox 2893 3459 2954 3511; x_wconf 78' lang='grc' dir='ltr'><strong>τὸ</strong></span> <span class='ocrx_word' id='word_1_652' title='bbox 3013 3455 3357 3523; x_wconf 72' lang='grc' dir='ltr'>αὐτεξούσιον</span> <span class='ocrx_word' id='word_1_653' title='bbox 3407 3455 3528 3507; x_wconf 73' lang='grc' dir='ltr'>ἐστι</span> 
     </span>
    </p>
   </div>
   <div class='ocr_carea' id='block_1_88' title="bbox 1948 3542 3528 3620">
    <p class='ocr_par' dir='ltr' id='par_1_88' title="bbox 1948 3542 3528 3620">
     <span class='ocr_line' id='line_1_88' title="bbox 1948 3542 3528 3620; baseline -0.008 -16"><span class='ocrx_word' id='word_1_654' title='bbox 1948 3548 2223 3619; x_wconf 78' lang='grc' dir='ltr'>γενέσθαι.</span> <span class='ocrx_word' id='word_1_655' title='bbox 2268 3550 2333 3602; x_wconf 86' lang='grc' dir='ltr'><strong>Ἦ</strong></span> <span class='ocrx_word' id='word_1_656' title='bbox 2376 3549 2434 3602; x_wconf 84' lang='grc' dir='ltr'>δὲ</span> <span class='ocrx_word' id='word_1_657' title='bbox 2477 3549 2580 3620; x_wconf 81' lang='grc' dir='ltr'>τῆς</span> <span class='ocrx_word' id='word_1_658' title='bbox 2630 3547 2905 3619; x_wconf 80' lang='grc' dir='ltr'>βασιλείας</span> <span class='ocrx_word' id='word_1_659' title='bbox 2949 3546 3073 3610; x_wconf 84' lang='grc' dir='ltr'>ἀξία</span> <span class='ocrx_word' id='word_1_660' title='bbox 3121 3542 3528 3614; x_wconf 80' lang='grc' dir='ltr'>ὑπερκειμένην</span> 
     </span>
    </p>
   </div>
   <div class='ocr_carea' id='block_1_89' title="bbox 1952 3631 3531 3713">
    <p class='ocr_par' dir='ltr' id='par_1_89' title="bbox 1952 3631 3531 3713">
     <span class='ocr_line' id='line_1_89' title="bbox 1952 3631 3531 3713; baseline -0.007 -19"><span class='ocrx_word' id='word_1_661' title='bbox 1952 3642 2149 3713; x_wconf 78' lang='grc' dir='ltr'>ἑαυτῆς</span> <span class='ocrx_word' id='word_1_662' title='bbox 2177 3659 2296 3695; x_wconf 87' lang='grc' dir='ltr'>τινα</span> <span class='ocrx_word' id='word_1_663' title='bbox 2344 3641 2629 3713; x_wconf 84' lang='grc' dir='ltr'>τυραννίδα</span> <span class='ocrx_word' id='word_1_664' title='bbox 2655 3640 2756 3693; x_wconf 84' lang='grc' dir='ltr'><strong>οὐκ</strong></span> <span class='ocrx_word' id='word_1_665' title='bbox 2783 3640 2915 3709; x_wconf 74' lang='grc' dir='ltr'>ἔχει.</span> <span class='ocrx_word' id='word_1_666' title='bbox 2950 3635 3158 3691; x_wconf 77' lang='grc' dir='ltr'>Οὐκοῦν</span> <span class='ocrx_word' id='word_1_667' title='bbox 3191 3636 3240 3687; x_wconf 82' lang='grc' dir='ltr'><strong>εί</strong></span> <span class='ocrx_word' id='word_1_668' title='bbox 3269 3631 3531 3697; x_wconf 77' lang='grc' dir='ltr'>αύτεξού·</span> 
     </span>
    </p>
   </div>
   <div class='ocr_carea' id='block_1_90' title="bbox 1954 3722 3533 3804">
    <p class='ocr_par' dir='ltr' id='par_1_90' title="bbox 1954 3722 3533 3804">
     <span class='ocr_line' id='line_1_90' title="bbox 1954 3722 3533 3804; baseline -0.006 -18"><span class='ocrx_word' id='word_1_669' title='bbox 1954 3734 2067 3797; x_wconf 77' lang='grc' dir='ltr'>σιός</span> <span class='ocrx_word' id='word_1_670' title='bbox 2093 3735 2240 3786; x_wconf 79' lang='grc' dir='ltr'>ἐστιν</span> <span class='ocrx_word' id='word_1_671' title='bbox 2266 3735 2294 3785; x_wconf 86' lang='grc' dir='ltr'>ὁ</span> <span class='ocrx_word' id='word_1_672' title='bbox 2321 3733 2422 3804; x_wconf 80' lang='grc' dir='ltr'>τῆς</span> <span class='ocrx_word' id='word_1_673' title='bbox 2454 3732 2729 3804; x_wconf 84' lang='grc' dir='ltr'>ἁμαρτίας</span> <span class='ocrx_word' id='word_1_674' title='bbox 2767 3730 3044 3800; x_wconf 85' lang='grc' dir='ltr'>ἀλλότριος</span> <span class='ocrx_word' id='word_1_675' title='bbox 3065 3744 3079 3758; x_wconf 79' lang='grc'><strong><em>⁸</em></strong></span> <span class='ocrx_word' id='word_1_676' title='bbox 3124 3726 3255 3780; x_wconf 82' lang='grc' dir='ltr'>ἴδιον</span> <span class='ocrx_word' id='word_1_677' title='bbox 3286 3725 3342 3777; x_wconf 78' lang='grc' dir='ltr'><strong>δὲ</strong></span> <span class='ocrx_word' id='word_1_678' title='bbox 3373 3722 3533 3792; x_wconf 82' lang='grc' dir='ltr'>βασι-</span> 
     </span>
    </p>
   </div>
   <div class='ocr_carea' id='block_1_91' title="bbox 1951 3816 3533 3895">
    <p class='ocr_par' dir='ltr' id='par_1_91' title="bbox 1951 3816 3533 3895">
     <span class='ocr_line' id='line_1_91' title="bbox 1951 3816 3533 3895; baseline -0.005 -18"><span class='ocrx_word' id='word_1_679' title='bbox 1951 3825 2100 3888; x_wconf 87' lang='grc' dir='ltr'>λείας</span> <span class='ocrx_word' id='word_1_680' title='bbox 2126 3825 2244 3878; x_wconf 76' lang='grc' dir='ltr'>ὲστὶ</span> <span class='ocrx_word' id='word_1_681' title='bbox 2267 3824 2326 3877; x_wconf 85' lang='grc' dir='ltr'><strong>τὸ</strong></span> <span class='ocrx_word' id='word_1_682' title='bbox 2354 3823 2689 3895; x_wconf 82' lang='grc' dir='ltr'>αὐτοκρατές</span> <span class='ocrx_word' id='word_1_683' title='bbox 2715 3840 2774 3875; x_wconf 77' lang='grc' dir='ltr'><strong>τε</strong></span> <span class='ocrx_word' id='word_1_684' title='bbox 2799 3822 2892 3875; x_wconf 77' lang='grc' dir='ltr'><strong>καὶ</strong></span> <span class='ocrx_word' id='word_1_685' title='bbox 2924 3820 3216 3874; x_wconf 81' lang='grc' dir='ltr'>ἀδέσποτον</span> <span class='ocrx_word' id='word_1_686' title='bbox 3238 3835 3253 3848; x_wconf 88' lang='grc'><strong>·</strong></span> <span class='ocrx_word' id='word_1_687' title='bbox 3301 3816 3533 3871; x_wconf 85' lang='grc' dir='ltr'>ἀκολού-</span> 
     </span>
    </p>
   </div>
   <div class='ocr_carea' id='block_1_92' title="bbox 1953 3908 3531 3987">
    <p class='ocr_par' dir='ltr' id='par_1_92' title="bbox 1953 3908 3531 3987">
     <span class='ocr_line' id='line_1_92' title="bbox 1953 3908 3531 3987; baseline -0.004 -19"><span class='ocrx_word' id='word_1_688' title='bbox 1953 3915 2061 3979; x_wconf 81' lang='grc' dir='ltr'><strong>θως</strong></span> <span class='ocrx_word' id='word_1_689' title='bbox 2094 3914 2452 3987; x_wconf 79' lang='grc' dir='ltr'>μακαρίζεται</span> <span class='ocrx_word' id='word_1_690' title='bbox 2503 3917 2532 3967; x_wconf 86' lang='grc' dir='ltr'>ὁ</span> <span class='ocrx_word' id='word_1_691' title='bbox 2563 3914 2671 3968; x_wconf 78' lang='grc' dir='ltr'><strong>ἀπὸ</strong></span> <span class='ocrx_word' id='word_1_692' title='bbox 2718 3913 2811 3966; x_wconf 85' lang='grc' dir='ltr'><strong>τοῦ</strong></span> <span class='ocrx_word' id='word_1_693' title='bbox 2859 3912 3027 3966; x_wconf 88' lang='grc' dir='ltr'>κακοῦ</span> <span class='ocrx_word' id='word_1_694' title='bbox 3066 3910 3416 3980; x_wconf 80' lang='grc' dir='ltr'>διωκόμενος.</span> <span class='ocrx_word' id='word_1_695' title='bbox 3452 3908 3531 3972; x_wconf 77' lang='grc' dir='ltr'><strong>ὡς</strong></span> 
     </span>
    </p>
   </div>
   <div class='ocr_carea' id='block_1_93' title="bbox 1951 3999 3536 4079">
    <p class='ocr_par' dir='ltr' id='par_1_93' title="bbox 1951 3999 3536 4079">
     <span class='ocr_line' id='line_1_93' title="bbox 1951 3999 3536 4079; baseline -0.007 -17"><span class='ocrx_word' id='word_1_696' title='bbox 1951 4010 2050 4079; x_wconf 75' lang='grc' dir='ltr'>τῆς</span> <span class='ocrx_word' id='word_1_697' title='bbox 2123 4007 2329 4061; x_wconf 76' lang='grc' dir='ltr'>ἐκεῖθεν</span> <span class='ocrx_word' id='word_1_698' title='bbox 2382 4005 2613 4074; x_wconf 78' lang='grc' dir='ltr'>διώξεως</span> <span class='ocrx_word' id='word_1_699' title='bbox 2672 4005 2770 4078; x_wconf 79' lang='grc' dir='ltr'><strong>τὴν</strong></span> <span class='ocrx_word' id='word_1_700' title='bbox 2836 4002 3115 4075; x_wconf 74' lang='grc' dir='ltr'>βασιλικὴν</span> <span class='ocrx_word' id='word_1_701' title='bbox 3168 4001 3325 4067; x_wconf 81' lang='grc' dir='ltr'>ἀξίαν</span> <span class='ocrx_word' id='word_1_702' title='bbox 3376 3999 3536 4071; x_wconf 72' lang='grc' dir='ltr'>αὐτῷ</span> 
     </span>
    </p>
   </div>
   <div class='ocr_carea' id='block_1_94' title="bbox 1955 4093 3532 4171">
    <p class='ocr_par' dir='ltr' id='par_1_94' title="bbox 1955 4093 3532 4171">
     <span class='ocr_line' id='line_1_94' title="bbox 1955 4093 3532 4171; baseline -0.006 -19"><span class='ocrx_word' id='word_1_703' title='bbox 1955 4098 2338 4171; x_wconf 76' lang='grc' dir='ltr'>προξενούσης.</span> <span class='ocrx_word' id='word_1_704' title='bbox 2366 4098 2458 4169; x_wconf 83' lang='grc' dir='ltr'><strong>Μὴ</strong></span> <span class='ocrx_word' id='word_1_705' title='bbox 2481 4094 2573 4152; x_wconf 81' lang='grc' dir='ltr'><strong>οῦν</strong></span> <span class='ocrx_word' id='word_1_706' title='bbox 2597 4096 2968 4167; x_wconf 82' lang='grc' dir='ltr'>ἀχθεσθῶμεν,</span> <span class='ocrx_word' id='word_1_707' title='bbox 2994 4095 3233 4163; x_wconf 69' lang='grc' dir='ltr'>ἀδελφοὶ,</span> <span class='ocrx_word' id='word_1_708' title='bbox 3259 4093 3367 4145; x_wconf 79' lang='grc' dir='ltr'>τῶν</span> <span class='ocrx_word' id='word_1_709' title='bbox 3401 4094 3532 4162; x_wconf 50' lang='lat' dir='ltr'><strong>rqi-</strong></span> 
     </span>
    </p>
   </div>
   <div class='ocr_carea' id='block_1_95' title="bbox 1953 4184 3533 4260">
    <p class='ocr_par' dir='ltr' id='par_1_95' title="bbox 1953 4184 3533 4260">
     <span class='ocr_line' id='line_1_95' title="bbox 1953 4184 3533 4260; baseline -0.007 -14"><span class='ocrx_word' id='word_1_710' title='bbox 1953 4208 2058 4246; x_wconf 90' lang='grc' dir='ltr'><strong>νων</strong></span> <span class='ocrx_word' id='word_1_711' title='bbox 2103 4190 2545 4260; x_wconf 86' lang='grc' dir='ltr'>ἀπελαυνόμενοι.</span> <span class='ocrx_word' id='word_1_712' title='bbox 2598 4189 2655 4241; x_wconf 86' lang='lat'><strong>&#39;0</strong></span> <span class='ocrx_word' id='word_1_713' title='bbox 2693 4187 2801 4260; x_wconf 76' lang='grc' dir='ltr'>γὰρ</span> <span class='ocrx_word' id='word_1_714' title='bbox 2845 4186 3092 4240; x_wconf 74' lang='grc' dir='ltr'>ἐντεῦθεν</span> <span class='ocrx_word' id='word_1_715' title='bbox 3139 4184 3436 4254; x_wconf 68' lang='grc' dir='ltr'>μεταστὰς,</span> <span class='ocrx_word' id='word_1_716' title='bbox 3474 4186 3533 4235; x_wconf 78' lang='grc' dir='ltr'>ἐν</span> 
     </span>
    </p>
   </div>
   <div class='ocr_carea' id='block_1_96' title="bbox 1953 4275 3534 4352">
    <p class='ocr_par' dir='ltr' id='par_1_96' title="bbox 1953 4275 3534 4352">
     <span class='ocr_line' id='line_1_96' title="bbox 1953 4275 3534 4352; baseline -0.008 -13"><span class='ocrx_word' id='word_1_717' title='bbox 1953 4288 2063 4348; x_wconf 76' lang='grc' dir='ltr'>τοῖς</span> <span class='ocrx_word' id='word_1_718' title='bbox 2111 4284 2231 4337; x_wconf 79' lang='grc' dir='ltr'>κατ’</span> <span class='ocrx_word' id='word_1_719' title='bbox 2272 4282 2497 4352; x_wconf 76' lang='grc' dir='ltr'>οὐρανὸν</span> <span class='ocrx_word' id='word_1_720' title='bbox 2547 4279 2837 4351; x_wconf 84' lang='grc' dir='ltr'>βασιλείοις</span> <span class='ocrx_word' id='word_1_721' title='bbox 2882 4279 3173 4342; x_wconf 73' lang='grc' dir='ltr'>αὐλίζεται.</span> <span class='ocrx_word' id='word_1_722' title='bbox 3219 4275 3324 4329; x_wconf 86' lang='grc' dir='ltr'>Δύο</span> <span class='ocrx_word' id='word_1_723' title='bbox 3357 4275 3534 4329; x_wconf 68' lang='grc' dir='ltr'>ταῦτά</span> 
     </span>
    </p>
   </div>
   <div class='ocr_carea' id='block_1_97' title="bbox 1955 4366 3531 4444">
    <p class='ocr_par' dir='ltr' id='par_1_97' title="bbox 1955 4366 3531 4444">
     <span class='ocr_line' id='line_1_97' title="bbox 1955 4366 3531 4444; baseline -0.007 -16"><span class='ocrx_word' id='word_1_724' title='bbox 1955 4378 2070 4428; x_wconf 75' lang='grc' dir='ltr'>ἐστι</span> <span class='ocrx_word' id='word_1_725' title='bbox 2100 4376 2332 4444; x_wconf 80' lang='grc' dir='ltr'>στοιχεῖα</span> <span class='ocrx_word' id='word_1_726' title='bbox 2356 4375 2412 4425; x_wconf 84' lang='grc' dir='ltr'>ὲν</span> <span class='ocrx_word' id='word_1_727' title='bbox 2441 4374 2506 4443; x_wconf 80' lang='grc' dir='ltr'>τῇ</span> <span class='ocrx_word' id='word_1_728' title='bbox 2541 4372 2648 4425; x_wconf 84' lang='grc' dir='ltr'><strong>τῶν</strong></span> <span class='ocrx_word' id='word_1_729' title='bbox 2673 4370 2839 4424; x_wconf 77' lang='grc' dir='ltr'>ὄντων</span> <span class='ocrx_word' id='word_1_730' title='bbox 2870 4369 3066 4435; x_wconf 76' lang='grc' dir='ltr'>κτίσει,</span> <span class='ocrx_word' id='word_1_731' title='bbox 3096 4368 3231 4439; x_wconf 65' lang='grc' dir='ltr'>πρὸς</span> <span class='ocrx_word' id='word_1_732' title='bbox 3251 4366 3531 4436; x_wconf 70' lang='grc' dir='ltr'>διαγωγὴν</span> 
     </span>
    </p>
   </div>
   <div class='ocr_carea' id='block_1_98' title="bbox 1954 4457 3534 4538">
    <p class='ocr_par' dir='ltr' id='par_1_98' title="bbox 1954 4457 3534 4538">
     <span class='ocr_line' id='line_1_98' title="bbox 1954 4457 3534 4538; baseline -0.006 -17"><span class='ocrx_word' id='word_1_733' title='bbox 1954 4469 2050 4538; x_wconf 79' lang='grc' dir='ltr'><strong>τῆς</strong></span> <span class='ocrx_word' id='word_1_734' title='bbox 2083 4466 2306 4536; x_wconf 80' lang='grc' dir='ltr'>λογικῆς</span> <span class='ocrx_word' id='word_1_735' title='bbox 2329 4464 2542 4533; x_wconf 83' lang='grc' dir='ltr'>φύσεως</span> <span class='ocrx_word' id='word_1_736' title='bbox 2578 4460 2972 4533; x_wconf 75' lang='grc' dir='ltr'>μεμερισμένοι,</span> <span class='ocrx_word' id='word_1_737' title='bbox 3011 4462 3044 4530; x_wconf 81' lang='grc' dir='ltr'><strong>ἡ</strong></span> <span class='ocrx_word' id='word_1_738' title='bbox 3073 4459 3145 4529; x_wconf 83' lang='grc' dir='ltr'>γῆ</span> <span class='ocrx_word' id='word_1_739' title='bbox 3169 4476 3227 4511; x_wconf 78' lang='grc' dir='ltr'><strong>τε</strong></span> <span class='ocrx_word' id='word_1_740' title='bbox 3255 4457 3410 4512; x_wconf 68' lang='grc' dir='ltr'>καὶὸ</span> <span class='ocrx_word' id='word_1_741' title='bbox 3441 4461 3534 4511; x_wconf 78' lang='grc' dir='ltr'><strong>οὐο</strong></span> 
     </span>
    </p>
   </div>
   <div class='ocr_carea' id='block_1_99' title="bbox 1951 4549 3530 4629">
    <p class='ocr_par' dir='ltr' id='par_1_99' title="bbox 1951 4549 3530 4629">
     <span class='ocr_line' id='line_1_99' title="bbox 1951 4549 3530 4629; baseline -0.008 -16"><span class='ocrx_word' id='word_1_742' title='bbox 1951 4559 2129 4629; x_wconf 85' lang='grc' dir='ltr'>ρανός.</span> <span class='ocrx_word' id='word_1_743' title='bbox 2167 4557 2341 4620; x_wconf 84' lang='grc' dir='ltr'>Τόπος</span> <span class='ocrx_word' id='word_1_744' title='bbox 2370 4556 2478 4608; x_wconf 85' lang='grc' dir='ltr'>τῶν</span> <span class='ocrx_word' id='word_1_745' title='bbox 2505 4553 2592 4607; x_wconf 84' lang='grc' dir='ltr'>διὰ</span> <span class='ocrx_word' id='word_1_746' title='bbox 2627 4553 2826 4625; x_wconf 78' lang='grc' dir='ltr'>σαρκὸς</span> <span class='ocrx_word' id='word_1_747' title='bbox 2850 4550 3139 4622; x_wconf 80' lang='grc' dir='ltr'>είληχὸτων</span> <span class='ocrx_word' id='word_1_748' title='bbox 3168 4549 3265 4622; x_wconf 74' lang='grc' dir='ltr'>τὴν</span> <span class='ocrx_word' id='word_1_749' title='bbox 3295 4549 3463 4621; x_wconf 77' lang='grc' dir='ltr'>ζωὴν,</span> <span class='ocrx_word' id='word_1_750' title='bbox 3495 4552 3530 4621; x_wconf 80' lang='grc' dir='ltr'>ἡ</span> 
     </span>
    </p>
   </div>
   <div class='ocr_carea' id='block_1_100' title="bbox 1948 4641 3532 4720">
    <p class='ocr_par' dir='ltr' id='par_1_100' title="bbox 1948 4641 3532 4720">
     <span class='ocr_line' id='line_1_100' title="bbox 1948 4641 3532 4720; baseline -0.004 -21"><span class='ocrx_word' id='word_1_751' title='bbox 1948 4652 2018 4720; x_wconf 82' lang='grc' dir='ltr'><strong>γῆ</strong></span> <span class='ocrx_word' id='word_1_752' title='bbox 2040 4667 2053 4679; x_wconf 88' lang='grc'><strong>·</strong></span> <span class='ocrx_word' id='word_1_753' title='bbox 2102 4650 2131 4701; x_wconf 89' lang='grc' dir='ltr'>ὁ</span> <span class='ocrx_word' id='word_1_754' title='bbox 2171 4647 2227 4700; x_wconf 80' lang='grc' dir='ltr'>δὲ</span> <span class='ocrx_word' id='word_1_755' title='bbox 2263 4644 2492 4716; x_wconf 78' lang='grc' dir='ltr'>οὐρανὸς</span> <span class='ocrx_word' id='word_1_756' title='bbox 2533 4643 2643 4697; x_wconf 82' lang='grc' dir='ltr'><strong>τῶν</strong></span> <span class='ocrx_word' id='word_1_757' title='bbox 2681 4643 3007 4712; x_wconf 75' lang='grc' dir='ltr'>ἀσωμάτων.</span> <span class='ocrx_word' id='word_1_758' title='bbox 3067 4641 3303 4710; x_wconf 71' lang='grc' dir='ltr'>Ἀνάγκη</span> <span class='ocrx_word' id='word_1_759' title='bbox 3348 4641 3532 4693; x_wconf 81' lang='grc' dir='ltr'>τοίνυν</span> 
     </span>
    </p>
   </div>
   <div class='ocr_carea' id='block_1_101' title="bbox 1953 4731 3531 4808">
    <p class='ocr_par' dir='ltr' id='par_1_101' title="bbox 1953 4731 3531 4808">
     <span class='ocr_line' id='line_1_101' title="bbox 1953 4731 3531 4808; baseline -0.008 -11"><span class='ocrx_word' id='word_1_760' title='bbox 1953 4744 2169 4805; x_wconf 78' lang='grc' dir='ltr'>πάντως</span> <span class='ocrx_word' id='word_1_761' title='bbox 2197 4734 2334 4794; x_wconf 81' lang='grc' dir='ltr'>εἷναί</span> <span class='ocrx_word' id='word_1_762' title='bbox 2365 4755 2468 4791; x_wconf 85' lang='grc' dir='ltr'><strong>που</strong></span> <span class='ocrx_word' id='word_1_763' title='bbox 2512 4737 2608 4808; x_wconf 80' lang='grc' dir='ltr'>τὴν</span> <span class='ocrx_word' id='word_1_764' title='bbox 2637 4736 2910 4808; x_wconf 73' lang='grc' dir='ltr'>ἡμετέραν</span> <span class='ocrx_word' id='word_1_765' title='bbox 2942 4733 3110 4805; x_wconf 83' lang='grc' dir='ltr'>ζωὴν,</span> <span class='ocrx_word' id='word_1_766' title='bbox 3158 4732 3254 4786; x_wconf 77' lang='grc' dir='ltr'><strong>ἐὰν</strong></span> <span class='ocrx_word' id='word_1_767' title='bbox 3296 4731 3372 4803; x_wconf 78' lang='grc' dir='ltr'>μὴ</span> <span class='ocrx_word' id='word_1_768' title='bbox 3401 4732 3531 4785; x_wconf 79' lang='grc' dir='ltr'>διω-</span> 
     </span>
    </p>
   </div>
   <div class='ocr_carea' id='block_1_102' title="bbox 1952 4823 3530 4905">
    <p class='ocr_par' dir='ltr' id='par_1_102' title="bbox 1952 4823 3530 4905">
     <span class='ocr_line' id='line_1_102' title="bbox 1952 4823 3530 4905; baseline -0.008 -18"><span class='ocrx_word' id='word_1_769' title='bbox 1952 4834 2170 4905; x_wconf 83' lang='grc' dir='ltr'>χθῶμεν</span> <span class='ocrx_word' id='word_1_770' title='bbox 2212 4830 2320 4883; x_wconf 81' lang='grc' dir='ltr'><strong>ἀπὸ</strong></span> <span class='ocrx_word' id='word_1_771' title='bbox 2346 4830 2444 4900; x_wconf 80' lang='grc' dir='ltr'>τῆς</span> <span class='ocrx_word' id='word_1_772' title='bbox 2481 4830 2606 4899; x_wconf 80' lang='grc' dir='ltr'>γῆς,</span> <span class='ocrx_word' id='word_1_773' title='bbox 2633 4830 2700 4899; x_wconf 79' lang='grc' dir='ltr'>τῇ</span> <span class='ocrx_word' id='word_1_774' title='bbox 2729 4829 2797 4898; x_wconf 78' lang='grc' dir='ltr'>γῇ</span> <span class='ocrx_word' id='word_1_775' title='bbox 2838 4825 3055 4889; x_wconf 85' lang='grc' dir='ltr'>πάντως</span> <span class='ocrx_word' id='word_1_776' title='bbox 3080 4823 3486 4893; x_wconf 74' lang='grc' dir='ltr'>ὲναπομένομεν</span> <span class='ocrx_word' id='word_1_777' title='bbox 3515 4840 3530 4853; x_wconf 88' lang='grc'><strong>·</strong></span> 
     </span>
    </p>
   </div>
   <div class='ocr_carea' id='block_1_103' title="bbox 1955 4915 3533 4997">
    <p class='ocr_par' dir='ltr' id='par_1_103' title="bbox 1955 4915 3533 4997">
     <span class='ocr_line' id='line_1_103' title="bbox 1955 4915 3533 4997; baseline -0.007 -17"><span class='ocrx_word' id='word_1_778' title='bbox 1955 4926 2048 4980; x_wconf 78' lang='grc' dir='ltr'><strong>ἐὰν</strong></span> <span class='ocrx_word' id='word_1_779' title='bbox 2096 4921 2344 4997; x_wconf 76' lang='grc' dir='ltr'>ἐντεῦθεν</span> <span class='ocrx_word' id='word_1_780' title='bbox 2393 4918 2750 4990; x_wconf 85' lang='grc' dir='ltr'>ἀπέλθωμεν,</span> <span class='ocrx_word' id='word_1_781' title='bbox 2791 4918 2883 4971; x_wconf 74' lang='grc' dir='ltr'><strong>ἐπὶ</strong></span> <span class='ocrx_word' id='word_1_782' title='bbox 2930 4917 3022 4970; x_wconf 83' lang='grc' dir='ltr'><strong>τὸν</strong></span> <span class='ocrx_word' id='word_1_783' title='bbox 3070 4915 3297 4986; x_wconf 76' lang='grc' dir='ltr'>οὐρανὸν</span> <span class='ocrx_word' id='word_1_784' title='bbox 3346 4932 3533 4980; x_wconf 84' lang='grc' dir='ltr'>μετοι-</span> 
     </span>
    </p>
   </div>
   <div class='ocr_carea' id='block_1_104' title="bbox 281 5006 1854 5087">
    <p class='ocr_par' dir='ltr' id='par_1_104' title="bbox 281 5013 1854 5084">
     <span class='ocr_line' id='line_1_104' title="bbox 281 5013 1854 5084; baseline 0.006 -21"><span class='ocrx_word' id='word_1_785' title='bbox 281 5013 695 5079; x_wconf 77' lang='lat' dir='ltr'><strong>terra;e(elum</strong></span> <span class='ocrx_word' id='word_1_786' title='bbox 727 5022 907 5069; x_wconf 89' lang='lat' dir='ltr'><strong>autem</strong></span> <span class='ocrx_word' id='word_1_787' title='bbox 959 5013 1407 5084; x_wconf 89' lang='lat' dir='ltr'><strong>ineorporcorum</strong></span> <span class='ocrx_word' id='word_1_788' title='bbox 1461 5024 1578 5081; x_wconf 90' lang='lat' dir='ltr'><strong>est;</strong></span> <span class='ocrx_word' id='word_1_789' title='bbox 1629 5032 1854 5073; x_wconf 89' lang='lat' dir='ltr'><strong>necesse</strong></span> 
     </span>
    </p>
   </div>
   <div class='ocr_carea' id='block_1_105' title="bbox 2020 5006 3535 5087">
    <p class='ocr_par' dir='ltr' id='par_1_105' title="bbox 2020 5006 3535 5087">
     <span class='ocr_line' id='line_1_105' title="bbox 2020 5006 3535 5087; baseline -0.007 -18"><span class='ocrx_word' id='word_1_790' title='bbox 2020 5010 2346 5087; x_wconf 85' lang='grc' dir='ltr'>σθησόμεθα.</span> <span class='ocrx_word' id='word_1_791' title='bbox 2388 5013 2550 5084; x_wconf 71' lang='grc' dir='ltr'>Ὁρᾷς</span> <span class='ocrx_word' id='word_1_792' title='bbox 2577 5012 2656 5074; x_wconf 86' lang='grc' dir='ltr'><strong>είς</strong></span> <span class='ocrx_word' id='word_1_793' title='bbox 2687 5012 2715 5065; x_wconf 84' lang='grc' dir='ltr'>ὃ</span> <span class='ocrx_word' id='word_1_794' title='bbox 2745 5026 2799 5063; x_wconf 90' lang='grc' dir='ltr'><strong>τι</strong></span> <span class='ocrx_word' id='word_1_795' title='bbox 2830 5008 3030 5080; x_wconf 82' lang='grc' dir='ltr'>φέρειὸ</span> <span class='ocrx_word' id='word_1_796' title='bbox 3067 5006 3415 5079; x_wconf 70' lang='grc' dir='ltr'>μακαρισμὸς</span> <span class='ocrx_word' id='word_1_797' title='bbox 3443 5006 3535 5059; x_wconf 75' lang='grc' dir='ltr'>διὰ</span> 
     </span>
    </p>
   </div>
   <div class='ocr_carea' id='block_1_106' title="bbox 280 5103 1852 5177">
    <p class='ocr_par' dir='ltr' id='par_1_106' title="bbox 280 5103 1852 5177">
     <span class='ocr_line' id='line_1_106' title="bbox 280 5103 1852 5177; baseline 0.007 -24"><span class='ocrx_word' id='word_1_798' title='bbox 280 5109 364 5155; x_wconf 78' lang='lat' dir='ltr'><strong>est</strong></span> <span class='ocrx_word' id='word_1_799' title='bbox 404 5103 591 5173; x_wconf 85' lang='lat' dir='ltr'><strong>igitur,</strong></span> <span class='ocrx_word' id='word_1_800' title='bbox 644 5104 809 5158; x_wconf 87' lang='lat' dir='ltr'><strong>vitam</strong></span> <span class='ocrx_word' id='word_1_801' title='bbox 864 5113 1110 5158; x_wconf 88' lang='lat' dir='ltr'><strong>nostram</strong></span> <span class='ocrx_word' id='word_1_802' title='bbox 1174 5123 1405 5177; x_wconf 90' lang='lat' dir='ltr'><strong>prorsus</strong></span> <span class='ocrx_word' id='word_1_803' title='bbox 1436 5108 1638 5164; x_wconf 85' lang='lat' dir='ltr'><strong>alicubi</strong></span> <span class='ocrx_word' id='word_1_804' title='bbox 1680 5125 1803 5166; x_wconf 88' lang='lat' dir='ltr'><strong>esse</strong></span> <span class='ocrx_word' id='word_1_805' title='bbox 1839 5128 1852 5164; x_wconf 90' lang='lat'>:</span> 
     </span>
    </p>
   </div>
   <div class='ocr_carea' id='block_1_107' title="bbox 283 5194 1853 5269">
    <p class='ocr_par' dir='ltr' id='par_1_107' title="bbox 283 5194 1853 5269">
     <span class='ocr_line' id='line_1_107' title="bbox 283 5194 1853 5269; baseline 0.004 -23"><span class='ocrx_word' id='word_1_806' title='bbox 283 5194 386 5248; x_wconf 89' lang='lat' dir='ltr'><strong>nisi</strong></span> <span class='ocrx_word' id='word_1_807' title='bbox 414 5210 476 5249; x_wconf 75' lang='lat' dir='ltr'><strong>ex</strong></span> <span class='ocrx_word' id='word_1_808' title='bbox 509 5202 655 5250; x_wconf 87' lang='lat' dir='ltr'><strong>terra</strong></span> <span class='ocrx_word' id='word_1_809' title='bbox 688 5195 825 5264; x_wconf 89' lang='lat' dir='ltr'><strong>pulsi</strong></span> <span class='ocrx_word' id='word_1_810' title='bbox 859 5203 912 5252; x_wconf 81' lang='lat' dir='ltr'><strong>et</strong></span> <span class='ocrx_word' id='word_1_811' title='bbox 948 5197 1103 5267; x_wconf 90' lang='lat' dir='ltr'><strong>ejeeti</strong></span> <span class='ocrx_word' id='word_1_812' title='bbox 1137 5199 1499 5265; x_wconf 90' lang='lat' dir='ltr'><strong>fuerimus,in</strong></span> <span class='ocrx_word' id='word_1_813' title='bbox 1521 5209 1668 5255; x_wconf 88' lang='lat' dir='ltr'><strong>terra</strong></span> <span class='ocrx_word' id='word_1_814' title='bbox 1693 5216 1853 5269; x_wconf 81' lang='lat' dir='ltr'><strong>prur-</strong></span> 
     </span>
    </p>
   </div>
   <div class='ocr_carea' id='block_1_108' title="bbox 281 5287 1853 5360">
    <p class='ocr_par' dir='ltr' id='par_1_108' title="bbox 281 5287 1853 5360">
     <span class='ocr_line' id='line_1_108' title="bbox 281 5287 1853 5360; baseline 0.004 -22"><span class='ocrx_word' id='word_1_815' title='bbox 281 5300 376 5338; x_wconf 90' lang='lat' dir='ltr'><strong>sus</strong></span> <span class='ocrx_word' id='word_1_816' title='bbox 403 5301 687 5342; x_wconf 85' lang='lat' dir='ltr'><strong>manemus</strong></span> <span class='ocrx_word' id='word_1_817' title='bbox 721 5287 804 5342; x_wconf 90' lang='lat' dir='ltr'><strong>:si</strong></span> <span class='ocrx_word' id='word_1_818' title='bbox 835 5288 961 5344; x_wconf 88' lang='lat' dir='ltr'><strong>hinc</strong></span> <span class='ocrx_word' id='word_1_819' title='bbox 993 5290 1313 5360; x_wconf 79' lang='lat' dir='ltr'><strong>abierimua,</strong></span> <span class='ocrx_word' id='word_1_820' title='bbox 1350 5294 1403 5348; x_wconf 93' lang='lat' dir='ltr'><strong>in</strong></span> <span class='ocrx_word' id='word_1_821' title='bbox 1441 5295 1637 5348; x_wconf 76' lang='lat' dir='ltr'><strong>cmlum</strong></span> <span class='ocrx_word' id='word_1_822' title='bbox 1664 5294 1853 5348; x_wconf 84' lang='lat' dir='ltr'><strong>tradu-</strong></span> 
     </span>
    </p>
   </div>
   <div class='ocr_carea' id='block_1_109' title="bbox 282 5377 1842 5457">
    <p class='ocr_par' dir='ltr' id='par_1_109' title="bbox 282 5377 1842 5457">
     <span class='ocr_line' id='line_1_109' title="bbox 282 5377 1842 5457; baseline 0.008 -30"><span class='ocrx_word' id='word_1_823' title='bbox 282 5392 491 5434; x_wconf 72' lang='lat' dir='ltr'><strong>cemur.</strong></span> <span class='ocrx_word' id='word_1_824' title='bbox 527 5377 693 5432; x_wconf 81' lang='lat' dir='ltr'><strong>Vides</strong></span> <span class='ocrx_word' id='word_1_825' title='bbox 750 5395 861 5450; x_wconf 91' lang='lat' dir='ltr'><strong>quo</strong></span> <span class='ocrx_word' id='word_1_826' title='bbox 889 5381 1055 5436; x_wconf 85' lang='lat' dir='ltr'><strong>ducat</strong></span> <span class='ocrx_word' id='word_1_827' title='bbox 1112 5385 1410 5451; x_wconf 89' lang='lat' dir='ltr'><strong>beatitudo,</strong></span> <span class='ocrx_word' id='word_1_828' title='bbox 1453 5402 1549 5457; x_wconf 88' lang='lat' dir='ltr'><strong>per</strong></span> <span class='ocrx_word' id='word_1_829' title='bbox 1598 5387 1651 5441; x_wconf 89' lang='lat' dir='ltr'><strong>id</strong></span> <span class='ocrx_word' id='word_1_830' title='bbox 1694 5386 1842 5456; x_wconf 89' lang='lat' dir='ltr'><strong>quod</strong></span> 
     </span>
    </p>
   </div>
   <div class='ocr_carea' id='block_1_110' title="bbox 285 5466 1846 5542">
    <p class='ocr_par' dir='ltr' id='par_1_110' title="bbox 285 5466 1846 5542">
     <span class='ocr_line' id='line_1_110' title="bbox 285 5466 1846 5542; baseline 0.01 -25"><span class='ocrx_word' id='word_1_831' title='bbox 285 5466 438 5519; x_wconf 78' lang='lat' dir='ltr'><strong>triste</strong></span> <span class='ocrx_word' id='word_1_832' title='bbox 459 5474 513 5518; x_wconf 90' lang='lat' dir='ltr'><strong>et</strong></span> <span class='ocrx_word' id='word_1_833' title='bbox 552 5470 807 5523; x_wconf 88' lang='lat' dir='ltr'><strong>acerbum</strong></span> <span class='ocrx_word' id='word_1_834' title='bbox 832 5472 1068 5542; x_wconf 81' lang='lat' dir='ltr'><strong>videtur,</strong></span> <span class='ocrx_word' id='word_1_835' title='bbox 1114 5479 1246 5533; x_wconf 90' lang='lat' dir='ltr'><strong>tanti</strong></span> <span class='ocrx_word' id='word_1_836' title='bbox 1282 5477 1410 5534; x_wconf 80' lang='lat' dir='ltr'><strong>boni</strong></span> <span class='ocrx_word' id='word_1_837' title='bbox 1450 5479 1547 5534; x_wconf 89' lang='lat' dir='ltr'><strong>tibi</strong></span> <span class='ocrx_word' id='word_1_838' title='bbox 1584 5479 1846 5534; x_wconf 85' lang='lat' dir='ltr'><strong>concilia-</strong></span> 
     </span>
    </p>
   </div>
   <div class='ocr_carea' id='block_1_111' title="bbox 356 5647 886 5711">
    <p class='ocr_par' dir='ltr' id='par_1_111' title="bbox 356 5647 886 5711">
     <span class='ocr_line' id='line_1_111' title="bbox 356 5647 886 5711; baseline 0.002 -8"><span class='ocrx_word' id='word_1_839' title='bbox 356 5648 398 5678; x_wconf 76' lang='lat'>”</span> <span class='ocrx_word' id='word_1_840' title='bbox 441 5647 599 5703; x_wconf 74' lang='lat' dir='ltr'><strong>Juan.</strong></span> <span class='ocrx_word' id='word_1_841' title='bbox 640 5666 758 5711; x_wconf 77' lang='lat' dir='ltr'><strong>rm,</strong></span> <span class='ocrx_word' id='word_1_842' title='bbox 801 5653 886 5704; x_wconf 68' lang='lat' dir='ltr'><strong>Si.</strong></span> 
     </span>
    </p>
   </div>
   <div class='ocr_carea' id='block_1_112' title="bbox 1954 5097 3538 5176">
    <p class='ocr_par' dir='ltr' id='par_1_112' title="bbox 1954 5097 3538 5176">
     <span class='ocr_line' id='line_1_112' title="bbox 1954 5097 3538 5176; baseline -0.008 -14"><span class='ocrx_word' id='word_1_843' title='bbox 1954 5109 2046 5163; x_wconf 87' lang='grc' dir='ltr'><strong>τοῦ</strong></span> <span class='ocrx_word' id='word_1_844' title='bbox 2072 5105 2349 5168; x_wconf 78' lang='grc' dir='ltr'>δοκοῦντος</span> <span class='ocrx_word' id='word_1_845' title='bbox 2373 5102 2619 5176; x_wconf 90' lang='grc' dir='ltr'>λυπηροῦ</span> <span class='ocrx_word' id='word_1_846' title='bbox 2650 5101 2744 5156; x_wconf 86' lang='grc' dir='ltr'><strong>τοῦ</strong></span> <span class='ocrx_word' id='word_1_847' title='bbox 2772 5100 3025 5154; x_wconf 86' lang='grc' dir='ltr'>τοσούτου</span> <span class='ocrx_word' id='word_1_848' title='bbox 3050 5117 3133 5154; x_wconf 87' lang='grc' dir='ltr'><strong>σοι</strong></span> <span class='ocrx_word' id='word_1_849' title='bbox 3156 5097 3362 5168; x_wconf 84' lang='grc' dir='ltr'>ἀγαθοῦ</span> <span class='ocrx_word' id='word_1_850' title='bbox 3392 5098 3538 5166; x_wconf 76' lang='grc' dir='ltr'>γινό-</span> 
     </span>
    </p>
   </div>
   <div class='ocr_carea' id='block_1_113' title="bbox 1960 5190 3539 5272">
    <p class='ocr_par' dir='ltr' id='par_1_113' title="bbox 1960 5190 3539 5272">
     <span class='ocr_line' id='line_1_113' title="bbox 1960 5190 3539 5272; baseline -0.006 -19"><span class='ocrx_word' id='word_1_851' title='bbox 1960 5218 2118 5272; x_wconf 85' lang='grc' dir='ltr'>μενος</span> <span class='ocrx_word' id='word_1_852' title='bbox 2163 5199 2454 5271; x_wconf 74' lang='grc' dir='ltr'>πρόξενοςς</span> <span class='ocrx_word' id='word_1_853' title='bbox 2514 5197 2691 5268; x_wconf 85' lang='grc' dir='ltr'>Ὅπερ</span> <span class='ocrx_word' id='word_1_854' title='bbox 2725 5195 2946 5266; x_wconf 83' lang='grc' dir='ltr'>νοήσας.</span> <span class='ocrx_word' id='word_1_855' title='bbox 2988 5195 3122 5264; x_wconf 69' lang='grc' dir='ltr'>φησι</span> <span class='ocrx_word' id='word_1_856' title='bbox 3164 5190 3258 5247; x_wconf 76' lang='grc' dir='ltr'>καὶ</span> <span class='ocrx_word' id='word_1_857' title='bbox 3296 5192 3327 5243; x_wconf 84' lang='grc' dir='ltr'><strong>ὁ</strong></span> <span class='ocrx_word' id='word_1_858' title='bbox 3373 5191 3539 5244; x_wconf 72' lang='grc' dir='ltr'><strong>Ἀπόο</strong></span> 
     </span>
    </p>
   </div>
   <div class='ocr_carea' id='block_1_114' title="bbox 1960 5282 3537 5356">
    <p class='ocr_par' dir='ltr' id='par_1_114' title="bbox 1960 5282 3537 5356">
     <span class='ocr_line' id='line_1_114' title="bbox 1960 5282 3537 5356; baseline -0.006 -12"><span class='ocrx_word' id='word_1_859' title='bbox 1960 5292 2166 5356; x_wconf 75' lang='grc' dir='ltr'>στολος,</span> <span class='ocrx_word' id='word_1_860' title='bbox 2207 5292 2289 5344; x_wconf 85' lang='grc' dir='ltr'><strong>ὅτι</strong></span> <span class='ocrx_word' id='word_1_861' title='bbox 2329 5289 2501 5344; x_wconf 81' lang='grc' dir='ltr'>Πᾶσα</span> <span class='ocrx_word' id='word_1_862' title='bbox 2537 5288 2772 5342; x_wconf 79' lang='grc' dir='ltr'>παιδεία</span> <span class='ocrx_word' id='word_1_863' title='bbox 2808 5286 2956 5353; x_wconf 79' lang='grc' dir='ltr'>πρὸς</span> <span class='ocrx_word' id='word_1_864' title='bbox 2991 5284 3108 5353; x_wconf 78' lang='grc' dir='ltr'><strong>μὲν</strong></span> <span class='ocrx_word' id='word_1_865' title='bbox 3142 5282 3209 5336; x_wconf 80' lang='grc' dir='ltr'>τὸ</span> <span class='ocrx_word' id='word_1_866' title='bbox 3239 5284 3437 5350; x_wconf 74' lang='grc' dir='ltr'>παρὸν</span> <span class='ocrx_word' id='word_1_867' title='bbox 3464 5282 3537 5336; x_wconf 83' lang='grc' dir='ltr'>οὺ</span> 
     </span>
    </p>
   </div>
   <div class='ocr_carea' id='block_1_115' title="bbox 1960 5373 3538 5453">
    <p class='ocr_par' dir='ltr' id='par_1_115' title="bbox 1960 5373 3538 5453">
     <span class='ocr_line' id='line_1_115' title="bbox 1960 5373 3538 5453; baseline -0.008 -17"><span class='ocrx_word' id='word_1_868' title='bbox 1960 5383 2121 5437; x_wconf 75' lang='grc' dir='ltr'>δοκεῖ</span> <span class='ocrx_word' id='word_1_869' title='bbox 2155 5380 2345 5453; x_wconf 80' lang='grc' dir='ltr'>χαρᾶς</span> <span class='ocrx_word' id='word_1_870' title='bbox 2371 5382 2542 5443; x_wconf 76' lang='grc' dir='ltr'>εἶναι,</span> <span class='ocrx_word' id='word_1_871' title='bbox 2577 5378 2738 5433; x_wconf 63' lang='grc' dir='ltr'><strong>ἀλλὰ</strong></span> <span class='ocrx_word' id='word_1_872' title='bbox 2765 5378 2966 5444; x_wconf 78' lang='grc' dir='ltr'>λύπης</span> <span class='ocrx_word' id='word_1_873' title='bbox 2987 5392 2998 5403; x_wconf 78' lang='grc'><strong>’</strong></span> <span class='ocrx_word' id='word_1_874' title='bbox 3043 5374 3267 5444; x_wconf 80' lang='grc' dir='ltr'>ὕστερον</span> <span class='ocrx_word' id='word_1_875' title='bbox 3307 5373 3364 5426; x_wconf 81' lang='grc' dir='ltr'>δὲ</span> <span class='ocrx_word' id='word_1_876' title='bbox 3397 5390 3538 5442; x_wconf 82' lang='grc' dir='ltr'>καρ-</span> 
     </span>
    </p>
   </div>
   <div class='ocr_carea' id='block_1_116' title="bbox 1963 5466 3537 5548">
    <p class='ocr_par' dir='ltr' id='par_1_116' title="bbox 1963 5466 3537 5548">
     <span class='ocr_line' id='line_1_116' title="bbox 1963 5466 3537 5548; baseline -0.008 -16"><span class='ocrx_word' id='word_1_877' title='bbox 1963 5477 2060 5532; x_wconf 76' lang='grc' dir='ltr'>πὸν</span> <span class='ocrx_word' id='word_1_878' title='bbox 2096 5477 2366 5548; x_wconf 73' lang='grc' dir='ltr'>εἰρηνικὸν</span> <span class='ocrx_word' id='word_1_879' title='bbox 2409 5476 2521 5536; x_wconf 78' lang='grc' dir='ltr'>τοῖς</span> <span class='ocrx_word' id='word_1_880' title='bbox 2565 5473 2633 5526; x_wconf 77' lang='grc' dir='ltr'>δι’</span> <span class='ocrx_word' id='word_1_881' title='bbox 2682 5472 2849 5542; x_wconf 79' lang='grc' dir='ltr'>αὐτῆς</span> <span class='ocrx_word' id='word_1_882' title='bbox 2891 5466 3361 5540; x_wconf 83' lang='grc' dir='ltr'>γεγυμνασμένοις</span> <span class='ocrx_word' id='word_1_883' title='bbox 3402 5468 3537 5521; x_wconf 74' lang='grc' dir='ltr'>ἀπο-</span> 
     </span>
    </p>
   </div>
  </div>
