3690 5986
122 199 240 256 I30!

1128 199 1216 254 DE
1253 199 1850 258 BEATITUDINIBUS.
1895 199 2154 256 ORATIO
2197 198 2330 252 VIII.

3221 180 3353 252 I5tl2

119 315 283 366 ᾱζδωσι
310 309 674 382 δικαιοσύνης.
706 310 912 366 Οὐκοῦν
938 311 1046 367 τῶν
1068 313 1527 384 προσδοκωμένων
1552 335 1576 369 κ

1937 315 2253 372 exsislens?
2295 312 2449 379 Quod
2477 328 2600 367 cum
2630 312 2792 366 etiam
2840 313 3133 382 Apostolus
3178 320 3353 371 anim-

122 405 224 456 πῶν
263 403 441 468 ἄνθος,
473 405 506 474 ἡ
540 402 717 472 θλίψις
749 403 916 457 ἐστίν.
969 404 1066 457 Διὰ
1103 405 1192 457 τὸν
1222 405 1432 476 καρπὸν
1463 403 1680 470 οὖν,καὶ

119 497 169 548 τὸ
209 493 365 557 ἄνθος
409 493 737 565 δρεψώμεθα
772 509 786 525 ο
835 494 1148 564 διωχθῶμεν
1201 496 1286 548 ἵνα
1343 496 1675 568 δράμωμεν’

120 585 402 654 δραμόντες
450 584 508 637 δὲ
556 585 656 637 οὐκ
697 585 816 655 εἰκῆ
865 584 1239 655 δραμούμεθα,
1274 587 1407 640 ἀλλὰ
1449 586 1584 658 πρὸς
1619 587 1680 639 τὸ

123 675 355 744 βραϐεῖον
388 674 546 744 ἡμῶν
593 675 691 745 τῆς
737 675 848 730 ἄνω
894 675 1136 746 κλήσεως
1181 678 1210 730 6
1254 677 1452 748 δρόμος
1498 676 1676 730 ἔστωο

120 767 242 819 οὕτω
286 767 622 837 δράμωμεν,
681 767 769 821 ἵνα
814 767 1227 840 καταλάϐωμεν.
1295 771 1360 824 Τί
1407 771 1466 823 τὸ
1509 788 1677 824 κατα-

119 858 541 928 ὶαμὸανόμενονς
596 860 659 912 Τί
706 860 766 912 τὸ
817 859 1099 930 βραϐεῖον;
1154 862 1248 924 Τίς
1291 863 1320 914 6
1374 863 1675 931 στέφανος;

117 949 179 999 υῦ
213 964 300 1016 μοι
342 947 488 1000 δοκεῖ
535 949 660 1002 ἄλλο
688 968 739 1002 τι
789 945 927 1004 εἶναι
971 953 1101 1022 παρ’
1150 952 1311 1005 αὐτὸν
1356 954 1445 1006 τὸν
1476 954 1678 1024 Κύριον

116 1039 329 1092 ἕκαστον
374 1038 483 1093 τῶν
534 1040 918 1110 ἐλπιζομένων.
991 1043 1162 1107 Αὐτὸς
1223 1044 1330 1115 γάρ
1399 1047 1514 1098 ἐστι
1585 1049 1677 1101 καὶ

116 1131 442 1200 ἀγωνοθέτης
480 1131 587 1184 τῶν
617 1133 954 1200 ἀθλούντων,
1002 1136 1096 1188 καὶ
1143 1137 1406 1205 στέφανος
1449 1139 1554 1191 τῶν
1600 1157 1674 1192 νι·

114 1221 320 1275 κὼντων
343 1239 356 1250 ·
407 1225 608 1287 ἐκεῖνος
639 1225 668 1276 6
694 1225 960 1296 διανέμων
990 1226 1080 1280 τὸν
1112 1227 1312 1298 κλῆρον
1336 1244 1350 1258 ⁸
1399 1231 1602 1292 ἐκεῖνος
1648 1231 1676 1282 6

112 1315 298 1382 ἀγαθὸς
320 1315 516 1384 κλῆρος
538 1333 550 1344 ·
593 1316 796 1380 ἐκεῖνος
819 1318 850 1386 ἡ
874 1318 1050 1389 ἀγαθὴ
1081 1320 1236 1388 μερίς
1257 1336 1269 1349 °
1299 1320 1504 1384 ἐκεῖνος
1527 1323 1553 1372 6
1580 1320 1676 1392 τὴν

114 1409 291 1479 μερίδα
317 1426 398 1461 σοι
418 1408 772 1478 χαριζόμενος
788 1424 800 1437 ”
834 1411 1039 1473 ἐκεῖνος
1059 1412 1086 1462 ὁ
1110 1411 1406 1474 πλουτίζων
1427 1428 1440 1442 ο
1470 1413 1675 1476 ἐκεῖνος

109 1504 133 1552 ὁ
161 1500 404 1564 πλοῦτος,
432 1503 460 1553 6
489 1499 701 1564 δεικνύς
732 1518 815 1554 σοι
843 1502 932 1554 τὸν
957 1501 1250 1572 θησαυρὸν,
1279 1505 1374 1555 καὶ
1407 1502 1675 1574 θησαυρός

111 1609 182 1642 σοι
212 1591 524 1660 γινόμενοςο
561 1593 590 1642 6
622 1593 702 1654 εἰς
735 1592 1028 1663 ἐπιθυμίαν
1053 1609 1112 1644 σε
1137 1591 1230 1644 τοῦ
1254 1591 1419 1646 καλοῦ
1459 1610 1674 1664 μαργα-

1781 406 2128 470 advertisset,
2181 404 2409 466 Omnis,
2453 404 2629 472 inquit
2669 404 2734 470 ",
2773 404 3060 474 disciplina
3115 406 3167 460 in
3213 423 3353 476 prae-

1781 497 1959 552 sentia
1995 496 2214 566 quidem
2255 511 2361 548 non
2413 509 2536 548 cum
2571 494 2794 564 gaudio,
2849 495 2941 549 sed
2972 511 3094 549 cum
3133 498 3352 552 tristitia

1781 585 2078 654 conjuncta
2113 597 2238 638 esse
2273 583 2512 645 videtur,
2570 583 2663 637 sed
2693 591 2880 652 postea
2925 582 3162 639 fructum
3206 589 3351 655 paci-

1782 678 1943 730 ticum
1964 677 2192 746 justitia:
2225 675 2402 730 reddit
2430 675 2497 730 iis
2528 675 2618 745 qui
2646 691 2744 745 per
2770 677 2942 746 ipsam
2968 676 3167 731 fuerint
3200 693 3354 733 exer-

1779 766 1964 834 citati,
1999 768 2229 837 proinde
2281 766 2588 829 fructuum,
2623 767 2715 836 qui
2754 774 3062 836 sperantur,
3103 767 3221 833 llos,
3272 769 3350 822 af-

1778 855 1945 912 ﬂictio
1979 865 2081 914 est.
2110 858 2340 928 Propter
2363 856 2598 913 fructum
2628 859 2795 928 igitur
2819 859 2983 913 etiam
3037 858 3225 914 ﬂorem
3257 859 3353 916 de-

1778 966 2068 1020 cerpamus
2104 969 2117 1003 :
2153 951 2424 1020 agitentur
2471 957 2532 1003 ut
2573 964 2884 1015 curramus,
2939 958 3226 1005 currentes
3252 965 3350 1005 au-

1779 1049 1886 1112 tem
1915 1057 2025 1096 non
2059 1041 2266 1096 frustra
2323 1055 2649 1103 curramus;
2697 1041 2791 1096 sed
2821 1042 2888 1094 ad
2933 1041 3217 1110 prmmium
3252 1058 3348 1097 su-

1778 1150 1960 1204 pernae
1987 1145 2190 1190 nostrae
2236 1133 2546 1188 vocationis
2570 1147 2768 1188 cursus
2809 1132 3100 1202 dirigatur:
3122 1133 3194 1186 ita
3224 1147 3350 1188 cur-

1779 1237 1982 1289 ramus,
2013 1231 2072 1278 ut
2106 1238 2486 1292 assequamur.
2511 1221 2654 1289 Quid
2684 1231 2767 1278 est
2791 1221 3031 1292 id,quod
3054 1223 3347 1292 consequi-

1775 1316 1935 1368 mur?
1963 1315 2238 1384 quodnam
2289 1321 2375 1369 est
2424 1314 2556 1367 illud
2595 1313 2918 1383 prtemium?
2956 1327 3203 1382 quaenam
3254 1314 3345 1366 illa

1776 1405 2019 1459 corona?
2040 1404 2156 1458 Non
2198 1405 2412 1458 videtur
2435 1404 2565 1457 mihi
2599 1401 2802 1473 aliquid
2833 1403 2980 1456 aliud
3009 1417 3131 1457 esse
3157 1403 3334 1471 quod-

1775 1495 1906 1548 libet
1938 1510 2125 1549 eorum
2162 1509 2282 1564 qua:
2312 1502 2621 1564 spernuntur,
2670 1499 3029 1562 praeterquam
3082 1492 3200 1562 ipse
3233 1491 3341 1544 Do-

1775 1587 1980 1641 minus.
2007 1585 2130 1656 Ipse
2160 1588 2303 1640 enim
2338 1593 2422 1640 est
2455 1600 2656 1654 praeses
2686 1584 3104 1652 moderatorque
3130 1594 3346 1638 certan-

112 1656 248 1750 ρίτου
283 1656 452 1750 ἀίων,
485 1684 577 1736 καὶ
607 1682 763 1747 ῶνιός
791 1701 873 1736 σοι
901 1656 986 1753 ’τῷ
1010 1683 1188 1746 καλῶς
1213 1656 1568 1756 συμπορευομ

1890 1687 2003 1742 a,et
2027 1694 2226 1733 corona
2258 1679 2590 1734 vincentium
2625 1697 2637 1731 :
2674 1678 2764 1732 ille
2791 1685 2874 1732 est
2899 1677 2990 1745 qui
3014 1677 3206 1731 dividit
3236 1677 3347 1730 hae-

109 1772 480 1842 προκείμενος.
515 1773 629 1824 Ἵνα
651 1767 742 1826 οὖν
777 1774 951 1825 ἐκεῖνο
978 1769 1306 1842 κτησώμεθα
1327 1813 1343 1837 ,
1370 1771 1558 1844 ὥσπερ
1589 1775 1674 1825 ἐπ’

105 1865 320 1932 ἀγορᾶς,
341 1855 416 1915 ὧν
443 1862 638 1932 ἔχομεν
672 1861 1248 1931 ἀντικαταλλάσσωμεν
1275 1862 1309 1915 ἆ
1332 1863 1428 1914 οὐκ
1460 1862 1672 1932 ἔχομεν.

102 1953 183 2022 Μὴ
213 1952 542 2024 λυπψῶμεν
573 1954 747 2007 τοίνυν
791 1952 1107 2021 διωκόμενοι
1134 1991 1149 2014 ,
1179 1951 1376 2020 μᾶλλον
1403 1951 1458 2004 δὲ
1479 1954 1571 2005 καὶ
1589 1953 1678 2005 εὑ-

1773 1769 2094 1838 reditatem;
2156 1771 2248 1824 ille
2275 1770 2420 1824 bona
2451 1768 2743 1824 hzereditas
2761 1777 2876 1831 est,
2915 1767 3006 1822 ille
3035 1767 3178 1821 bona
3223 1782 3348 1836 por-

1773 1862 1885 1928 tio;
1927 1861 2018 1915 ille
2056 1869 2159 1926 est,
2186 1861 2278 1931 qui
2307 1861 2409 1916 tibi
2451 1861 2758 1929 portionem
2799 1859 3072 1928 largitur;
3120 1857 3211 1912 ille
3241 1867 3346 1920 est,

1774 1954 1868 2026 qui
1921 1954 2090 2018 ditat;
2152 1954 2243 2008 ille
2273 1954 2388 2022 ipse
2435 1951 2663 2016 divitiae,
2720 1951 2810 2021 qui
2843 1959 2896 2006 et
2955 1950 3198 2005 ostendit
3252 1950 3347 2004 tibi

104 2044 444 2114 φωνοῶμεν,
481 2045 560 2098 ὃτι
591 2044 676 2098 διὰ
704 2044 764 2097 τὸ
799 2041 1088 2096 διώκεσθαι
1125 2042 1232 2095 ἀπὸ
1255 2042 1362 2094 τῶν
1388 2044 1454 2113 τῇ
1489 2045 1558 2113 γῇ

1886 2059 2116 2107 taurum,
2158 2052 2211 2099 et
2239 2044 2536 2098 thesaurus
2566 2042 2668 2096 tibi
2685 2040 2945 2106 exsistit;
2991 2041 3081 2110 qui
3107 2048 3158 2094 et
3189 2041 3343 2108 cupi-

105 2135 255 2201 μίων,
286 2133 422 2204 πρὸς
447 2134 508 2187 τὸ
535 2134 783 2206 οὐράνιον
809 2132 1012 2200 ἀγαθὸν
1043 2131 1494 2200 συνελαυνόμεθα,
1534 2132 1674 2186 κατὰ

101 2222 182 2274 τὸν
231 2221 699 2291 ἐπαγγειλάμενον
761 2220 1062 2292 μακαρίους
1119 2219 1254 2274 εἶναι
1305 2221 1428 2282 τοὺς
1491 2221 1674 2274 δεδιω-

1787 2134 1916 2188 dum
1963 2141 2017 2190 te
2082 2135 2240 2188 bonae
2286 2134 2596 2205 margarita:
2639 2131 2838 2199 reddit,
2891 2139 2946 2186 et
2981 2132 3192 2187 venalis
3237 2133 3338 2185 tibi

1770 2231 1920 2281 recte
1985 2226 2284 2297 negotianti
2356 2223 2742 2293 mercantique
2791 2229 3022 2291 prostat.
3069 2221 3137 2275 Ut
3181 2221 3347 2288 igitur

102 2312 330 2379 γμὲνους
370 2312 556 2366 ἕνεκεν
602 2311 766 2366 αὐτοῦ
792 2330 807 2343 ο
858 2313 940 2365 ὅτι
980 2311 1156 2366 αὐτῶν
1186 2313 1332 2364 ἐστιν
1363 2314 1393 2382 ἡ
1427 2311 1559 2381 βασιῖ

1880 2330 1920 2368 τι
1951 2315 2502 2387 adipiscamur(sicut
2535 2315 2586 2370 in
2619 2313 2747 2371 foro
2785 2312 2861 2386 ﬁt)
2897 2313 2984 2377 iis,
3020 2327 3142 2382 quae
3180 2312 3337 2366 habe-

101 2399 198 2452 τῶν
227 2401 494 2470 οὐρανῶν,
543 2402 726 2472 χάριτι
755 2400 849 2454 τοῦ
891 2401 1096 2470 Κυρίου
1126 2400 1281 2470 ἡμῶν
1322 2401 1496 2471 Ἰησοῦ
1539 2401 1672 2472 Χρι-

104 2489 224 2542 στοῦ
251 2505 265 2519 ⁸
305 2489 388 2542 ὅτι
415 2489 565 2558 αὑτῷ
592 2491 738 2542 ἐστιν
773 2491 806 2560 ὴ
841 2489 968 2554 δόξα
1002 2492 1094 2542 καὶ
1122 2489 1183 2542 τὸ
1215 2490 1413 2562 κράτος
1440 2491 1518 2554 είς
1541 2491 1668 2554 τοὺς

99 2578 296 2644 αἰῶνας
321 2581 430 2632 τῶν
456 2580 684 2634 αἰώνων.
738 2581 930 2651 Ἀμήν.

1768 2422 1912 2471 mus,
1936 2421 2313 2478 comparemus
2347 2407 2400 2461 id
2438 2407 2582 2477 quod
2609 2423 2724 2461 non
2761 2409 3046 2462 habemus.
3084 2402 3161 2460 Nc
3201 2416 3336 2454 con-

1777 2496 2058 2551 tristemur
2115 2511 2246 2566 ergo
2305 2510 2428 2550 cum
2488 2496 2760 2567 agitamur
2802 2503 2856 2550 et
2903 2495 3341 2565 persecutionem

1774 2586 2044 2654 patimur;
2075 2587 2324 2656 quinimo
2356 2587 2540 2657 potius
2569 2587 2732 2641 etiam
2767 2587 3036 2652 laetemur,
3076 2586 3335 2655 quoniam

99 2685 189 2738 per
218 2670 292 2736 id,
326 2671 471 2742 quod
513 2671 764 2741 pellimur
806 2671 875 2725 ab
912 2671 1000 2736 iis,
1036 2685 1158 2740 quae
1191 2671 1246 2725 in
1277 2678 1423 2727 terra
1456 2674 1726 2730 habentur
1755 2675 1809 2730 in
1843 2677 2040 2747 pretio,
2105 2679 2174 2733 ad
2248 2677 2478 2734 cmleste
2548 2678 2750 2732 bonum
2825 2675 3226 2746 compellimur,
3263 2687 3344 2728 se-

98 2763 332 2819 cundum
365 2766 632 2835 eum,qui
684 2765 933 2836 promisit
985 2765 1174 2821 beatos
1233 2766 1347 2822 fore
1385 2784 1500 2833 eos,
1566 2767 1658 2840 qui
1736 2780 1960 2842 propter
2040 2774 2218 2843 ipsum
2282 2773 2492 2844 agitati,
2549 2771 3104 2842 persecutionemque
3190 2769 3340 2838 passi

98 2859 203 2912 sint
239 2875 252 2910 :
287 2859 548 2929 quoniam
582 2858 796 2912 illorum
828 2857 898 2913 sit
922 2873 1145 2929 regnum
1173 2859 1457 2930 caelorum,
1503 2862 1677 2934 gratia
1720 2863 1934 2920 Domini
1968 2867 2138 2921 nostri
2207 2864 2336 2922 Jcsu
2379 2862 2630 2929 Christi,
2670 2861 2928 2932 quoniam
2975 2859 3025 2916 ei
3055 2857 3228 2929 gloria
3291 2860 3354 2907 ct

97 2948 383 3020 imperium
409 2957 492 3006 est
518 2950 574 3005 in
605 2949 801 3006 szecula
827 2952 1171 3008 saeculorum.
1205 2953 1398 3010 Amen.

161 3077 211 3108 "
249 3075 412 3134 Hebr.
468 3095 566 3146 xu,
615 3081 699 3136 II.
