3690 5986
365 198 3578 256 W

1650 425 2298 538 APPENDIX

861 669 1011 758 AD
1081 671 1176 760 s.
1255 673 1828 766 GREGORII
1927 679 2320 772 OPERA
2388 661 3109 780 EXEGETICA.

1193 1073 1418 1159 ΤΟΥ
1489 1077 1632 1161 ΕΝ
1704 1070 2064 1162 ΑΓΙΟΙΣ
2139 1072 2760 1204 I‘PHI‘OPIOY

374 1249 483 1304 ΕΙΣ
521 1249 632 1312 ΤΟ,
682 1252 869 1308 οΤΑΝ
909 1253 1243 1323 ΥΠΟΤΑΓῌ
1279 1253 1472 1322 ΑΥΤῼ
1527 1256 1600 1307 ΊἉ
1645 1254 1913 1320 ΠΑΝΤΑ,
1963 1259 2141 1310 ΤΟΤΕ
2181 1260 2315 1314 ΚΑΙ
2344 1259 2584 1316 ΑΥΤΟΣ
2635 1265 2678 1314 0
2723 1263 2894 1316 ΥΙΟΣ
2930 1263 3490 1321 ΥΠΟΤΔΓΗΣΕΤΑΙ
3523 1269 3592 1336 TI)

1381 1369 1520 1423 Υηο
1531 1369 1833 1428 τΑΞΑΝΤι
1894 1380 1937 1426 Α
1955 1372 2089 1443 Υτρ
2159 1378 2242 1429 TA

2320 1379 2587 1433 ΠΑΝΤΑ.

1123 1777 1214 1864 S.
1296 1777 1402 1862 P.
1481 1775 1596 1862 N.
1677 1773 2255 1866 GliEGORll
2333 1775 2834 1866 NYSSENI

365 1967 434 2025 ιιι
467 1963 1050 2036 ιιιυῡ,’ρυΑΝυο
1094 1964 1248 2020 SIBI
1284 1962 1734 2021 SUBJECERIT
1767 1965 1822 2021 0.

2138 1964 2256 2022 INC
2298 1965 2474 2022 IPSE
2506 1966 2811 2036 QUOQUE
2840 1965 3095 2024 FILIUS
3124 1967 3595 2027 SUBJICIETUR

1377 2080 1458 2134 EI
1489 2080 1621 2147 QUI
1652 2081 1806 2136 SIBI
1850 2081 2202 2139 SUBJECIT
2236 2083 2479 2140 OMNIA
2516 2085 2552 2138 '.

1586 2263 1812 2313 Gentiano
1837 2265 2040 2314 Herveto
2060 2262 2330 2327 interprete.

432 2544 624 2600 Omnia
678 2546 898 2616 quidem
962 2544 1175 2600 Domini
1252 2547 1470 2618 eloquia
1525 2558 1655 2604 sunt
1706 2551 1887 2621 eloqui

2141 2553 2296 2606 [ἀντα
2333 2549 2431 2621 μὲν
2461 2551 2529 2604 τά
2564 2551 2720 2618 λόγια
2747 2549 2841 2602 τοῦ
2869 2548 3074 2618 Κυρίου
3113 2547 3270 2615 λόγια
3305 2550 3453 2601 ἐστιν
3475 2548 3598 2615 ἁγνά

364 2643 517 2690 casta
541 2643 594 2690 et
622 2651 778 2705 pura,
811 2636 952 2690 sicut
976 2635 1108 2689 dicit
1138 2635 1403 2707 Pmpheta
1426 2641 1470 2705 ³,
1504 2640 1721 2709 quando
1759 2643 1821 2695 in:

2139 2643 2214 2695 ιαὶ
2243 2641 2476 2710 καθαρὰ,
2518 2640 2698 2703 καθώς
2733 2657 2895 2710 φησιν
2931 2643 2960 2693 ὁ
2991 2641 3305 2710 Προφήτης,
3336 2640 3462 2692 ὅταν
3490 2638 3596 2692 καθ’

366 2726 704 2796 purgationis
755 2726 988 2795 argenti,
1027 2741 1146 2794 qua:
1177 2727 1234 2780 Iit
1265 2729 1409 2797 igne,
1451 2746 1604 2786 mens
1638 2747 1823 2802 expur;

2142 2733 2326 2804 ιὸτητα
2357 2733 2454 2802 τῆς
2499 2733 2624 2805 περὶ
2653 2731 2760 2784 τεὸν
2797 2732 3033 2803 ἄργυρον
3065 2734 3122 2784 ἐν
3153 2732 3286 2802 πυρὶ
3323 2731 3598 2801 γινομένης

364 2819 435 2871 ab
468 2819 616 2872 omni
661 2819 918 2874 haeretica
953 2821 1230 2889 opinione,
1265 2822 1428 2876 habet
1472 2823 1812 2892 eloquiorum
1848 2841 1938 2879 vc-

365 2909 546 2963 ritatis
577 2910 855 2979 proprium
884 2919 938 2964 et
965 2914 1396 2978 convenientem,
1428 2920 1482 2966 et
1512 2915 1604 2982 qui
1636 2924 1718 2968 est
1741 2930 1932 2969 secun-

368 2999 496 3052 dum
553 3008 823 3062 naturam,
895 3002 1259 3070 splendorem.
1312 3003 1451 3057 Ante
1505 3019 1695 3060 omnes
1753 3016 1932 3059 autem

367 3097 582 3156 oportet
611 3090 856 3143 attestari
902 3092 1244 3159 splendorem
1295 3108 1418 3148 esse
1455 3101 1509 3147 et
1551 3096 1838 3161 puritatem
1881 3095 1934 3148 in

367 3179 714 3246 dogmatibus
753 3183 927 3234 sancti
962 3180 1135 3234 Pauli.
1181 3183 1240 3236 ln
1289 3184 1542 3252 paradiso
1569 3187 1712 3238 enim
1756 3186 1938 3239 initia-

367 3281 454 3326 tus
503 3273 554 3326 in
587 3287 908 3326 arcanorum
941 3274 1272 3344 cognitione,
1316 3283 1369 3329 et
1407 3275 1684 3330 Christum
1730 3278 1936 3332 habens

368 3366 422 3414 in
455 3376 514 3416 se
547 3361 879 3430 loquentem,
904 3376 968 3415 ea
1010 3363 1331 3432 loquebatur
1357 3379 1478 3432 qum
1509 3377 1935 3421 consentaneum

367 3459 450 3506 est
495 3466 618 3506 cum
671 3451 817 3521 loqui
854 3452 948 3522 qui
983 3454 1233 3510 eruditus
1285 3454 1387 3509 fuit
1429 3471 1457 3508 a
1507 3458 1601 3510 tali
1653 3458 1935 3528 magistro,

369 3558 564 3612 nempe
595 3543 699 3598 sub
727 3542 905 3598 Verbo
928 3544 1066 3600 duce
1094 3555 1148 3600 et
1173 3545 1420 3603 doctore.
1451 3548 1721 3614 Quoniam
1751 3558 1932 3604 autem

372 3631 500 3684 mali
535 3639 929 3700 cauponatores
967 3633 1355 3703 aggrediuntur
1379 3637 1624 3691 divinum
1654 3647 1935 3709 argentum

366 3721 579 3776 ellicere
615 3723 929 3791 reprobum,
977 3725 1233 3780 mistione
1273 3727 1656 3782 luereticorum
1697 3739 1750 3783 et
1786 3729 1940 3783 adul-

367 3812 664 3865 terinorum
692 3827 950 3867 sensuum
983 3813 1135 3867 verbi
1181 3816 1523 3884 splendorem
1560 3818 1934 3884 obscurantes,

2036 2825 2384 2894 καθάρσεως,
2433 2823 2614 2894 πάσης
2670 2824 2950 2894 αἱρετικῆς
3001 2821 3327 2891 ὑπολήψεως
3380 2823 3598 2873 ἐκκεκα-

2038 2916 2304 2986 θαρμένος
2351 2916 2379 2966 ὁ
2425 2913 2568 2981 νοῦς,
2605 2914 2714 2965 τῶν
2757 2911 2951 2980 λογίων
2988 2913 3086 2984 τὴν
3123 2911 3335 2965 οἰκείαν
3373 2911 3468 2982 ἔχη
3517 2911 3602 2963 καὶ

2037 3006 2176 3058 κατὰ
2229 3003 2388 3072 φύσιν
2438 3006 2536 3073 τῆς
2587 3001 2840 3073 ἀληθείας
2890 3002 3084 3071 αὑγήν.
3139 3001 3251 3071 Πρὸ
3299 3001 3514 3054 πάντων
3551 2999 3601 3050 δὲ

2036 3091 2188 3165 οἶμαι
2231 3096 2340 3147 δεῖν
2385 3096 2497 3153 τοῖς
2544 3093 2639 3144 τοῦ
2679 3091 2833 3160 ἁγίου
2885 3091 3097 3144 Παύλου
3149 3091 3386 3160 δόγμασι
3437 3091 3600 3142 πᾶσαν

2038 3187 2475 3256 προσμαρτυρεῖν
2533 3176 2851 3253 λαμπηδόνα
2902 3182 2995 3235 καὶ
3045 3181 3441 3252 καθαριότητα,
3480 3180 3602 3231 διότι

2037 3278 2095 3328 ἐν
2125 3275 2202 3346 τῷ
2232 3274 2543 3346 παραδείσῳ
2579 3273 2804 3344 μυηθεὶς
2839 3273 2946 3326 τῶν
2980 3274 3304 3343 ἀπορρήτων
3341 3273 3440 3341 τὴν
3475 3269 3603 3338 γνῶ-

2038 3383 2142 3430 σιν,
2204 3366 2296 3418 καὶ
2351 3363 2612 3417 λαλοῦντα
2667 3364 2804 3434 ἔχων
2857 3363 2915 3414 ὲν
2975 3362 3152 3432 ἐαυτῷ
3213 3362 3304 3414 τὸν
3357 3361 3600 3432 Χριστὸν,

2036 3454 2258 3509 τοιαῦτα
2285 3455 2600 3524 ἐφθέγγετο,
2630 3454 2667 3508 ὃ,
2699 3453 2844 3516 είκδς
2879 3453 2967 3506 τὸν
2987 3454 3049 3505 ὲκ
3079 3452 3322 3504 τοιούτου
3361 3452 3602 3504 διδασκά-

2037 3550 2130 3602 λου
2183 3547 2605 3616 πεπαιδευμένον
2654 3544 3002 3613 φθέγγεσθαι,
3037 3543 3142 3597 ὑπὸ
3164 3542 3502 3613 καθηγεμόνι
3546 3557 3602 3594 τε

2037 3642 2132 3693 καί¹
2157 3639 2461 3708 διδασκάλῳ
2488 3638 2567 3707 τῷ
2596 3637 2772 3707 Λόγῳ.
2817 3635 3032 3706 Ἐπειδὴ
3063 3635 3117 3687 δὲ
3163 3635 3212 3686 oi
3244 3634 3474 3704 ’πονηρώ⁵
3514 3633 3604 3686 κά-

2039 3730 2199 3800 πηλοι
2229 3730 2484 3798 ἀδόκιμον
2510 3726 2842 3798 ἐπιχειροῦσι
2869 3729 3040 3779 ποιεῖν
3066 3725 3129 3777 τὸ
3155 3727 3297 3778 θεῖον
3328 3725 3602 3796 ἀργύριον,

2037 3822 2104 3890 τῇ
2144 3819 2286 3888 μίξει
2321 3816 2428 3870 τῶν
2461 3815 2750 3887 αἱρετικῶν
2791 3832 2849 3867 τε
2889 3815 2980 3867 καὶ
3011 3813 3277 3882 κιϐδήλων
3327 3815 3604 3883 νοημάτων

368 3912 422 3955 et
467 3903 694 3973 mystica
733 3903 980 3972 Apostoli
1029 3919 1212 3971 sensa,
1260 3905 1342 3959 vel
1396 3921 1505 3959 non
1552 3905 1825 3975 intelligen

2146 3907 2406 3979 ιυροῦντες
2453 3907 2546 3960 τοῦ
2597 3905 2770 3974 Λόγου
2831 3904 2928 3974 τὴν
2982 3902 3337 3972 λαμπηδόνα,
3394 3902 3488 3954 καὶ
3542 3903 3603 3952 τά

369 3993 452 4048 vel
503 3994 737 4062 maligne
790 4004 1169 4058 assumentes,
1216 3996 1284 4051 ad
1333 3995 1727 4050 defendendam
1779 4013 1826 4052 sx

2146 3997 2385 4068 τηριώδη
2426 3996 2520 4050 τοῦ
2565 3994 2883 4048 Ἀποστόλου
2927 3995 3190 4063 νοήματα,
3224 3991 3257 4061 ἢ
3293 3993 3371 4061 μὴ
3405 3991 3603 4044 συνιέν-

369 4084 627 4137 malitiam
669 4085 975 4149 attrahunt,
1013 4086 1257 4141 dicentes
1304 4087 1370 4140 ad
1421 4089 1770 4142 evertendam
1804 4087 1935 4144 Uni-

369 4175 536 4242 geniti
567 4174 794 4244 gloriam
836 4176 941 4230 sibi
981 4176 1186 4231 dictum
1235 4177 1368 4231 illud
1403 4178 1656 4247 opitulari
1711 4185 1934 4247 aposto«

369 4266 555 4328 licum,
600 4264 745 4318 Tunc
783 4267 1092 4336 subjicietur
1138 4265 1314 4322 Filius
1355 4269 1403 4321 ei
1435 4270 1524 4338 qui
1552 4269 1652 4322 sibi
1711 4269 1935 4336 subjecit

367 4357 566 4419 omnia,
603 4364 860 4426 tanquam
891 4373 956 4412 ea
982 4358 1148 4412 dictio
1183 4359 1434 4414 servilem
1467 4359 1718 4414 ostendat
1755 4357 1934 4412 humi-

369 4445 609 4499 litatem:
642 4461 704 4499 ea
743 4446 811 4502 de
844 4463 1013 4503 causa
1042 4449 1220 4503 visum
1266 4457 1351 4504 est
1396 4450 1763 4504 necessarium
1808 4448 1932 4502 dili-

367 4544 556 4604 genter
585 4537 900 4592 examinare
921 4541 1026 4592 hoc
1057 4539 1293 4605 dictum,
1329 4552 1388 4595 ut
1422 4542 1776 4597 ostendamus
1803 4555 1932 4594 vere

369 4642 562 4693 purum
596 4636 880 4698 argentum
923 4630 1306 4698 apostolicum,
1347 4632 1414 4685 ab
1446 4631 1594 4685 omni
1629 4630 1852 4686 sordido
1881 4637 1934 4684 et

370 4716 626 4771 baeretico
653 4733 818 4772 sensu
863 4730 1170 4788 separatum
1192 4730 1246 4775 et
1277 4721 1499 4777 minime
1527 4721 1771 4775 mistum.
1815 4718 1933 4774 Sci-

364 4822 484 4859 mus
527 4821 657 4871 ergo
707 4808 763 4860 in
816 4823 918 4862 usu
959 4818 1165 4864 sanctae
1213 4809 1510 4879 Scripturze
1561 4811 1699 4863 banc
1744 4825 1932 4864 vocem

362 4897 530 4950 multa
587 4897 784 4952 habere
835 4901 1160 4970 signiﬁcata,
1224 4912 1279 4956 et
1326 4917 1432 4956 non
1481 4917 1696 4972 semper
1739 4902 1931 4957 iisdem

359 5005 660 5059 «:migruere
697 4991 971 5054 sensibus,
1008 4993 1104 5047 sed
1141 5007 1291 5047 nunc
1329 4992 1547 5062 quidem
1580 4993 1683 5047 hoc
1715 4993 1930 5064 signiﬁ-

357 5097 505 5144 care,
543 5097 736 5137 rursus
764 5098 892 5137 vero
931 5083 1079 5137 aliud
1114 5084 1378 5150 indicare,
1415 5093 1495 5151 ut,
1521 5086 1698 5151 Servi,
1732 5085 1928 5155 inquit,

279 5210 302 5229 .
361 5171 477 5224 suis
529 5170 766 5226 dominis
798 5174 908 5226 sint
951 5173 1206 5242 subjecti.
1253 5172 1316 5228 Et
1354 5175 1422 5229 de
1467 5185 1662 5228 natura
1705 5183 1929 5244 experte

2035 4086 2200 4159 τες,ῆ
2232 4087 2551 4155 κακούργως
2581 4085 2717 4155 πρὸς
2742 4083 2804 4136 τὸ
2828 4083 3016 4138 δοκοῦν
3045 4083 3500 4152 ἑκλαμὸἀνοντες,
3530 4081 3603 4141 εἰς

2037 4179 2364 4250 συνηγορίαν
2396 4177 2493 4246 τῆς
2522 4175 2715 4237 κακίας
2746 4173 2924 4228 αὐτῶν
2962 4173 3330 4244 ἐπισύρονται,
3360 4171 3602 4238 λέγοντες

2037 4270 2171 4340 πρὸς
2197 4269 2511 4338 καθαίρεσιν
2537 4266 2636 4337 τῆς
2666 4265 2759 4318 τοῦ
2794 4264 3112 4335 μονογενοῦς
3154 4263 3290 4316 Θεοῦ
3334 4262 3494 4332 δόξης
3518 4262 3602 4312 τὸν

2037 4359 2388 4414 ἀποστολικὸν
2441 4358 2622 4420 αὐτοῖς
2663 4355 3059 4426 συμϐάλλεσθαι
3104 4355 3280 4422 λόγον,
3318 4354 3379 4416 ὃς
3425 4367 3599 4420 φησιν.

2035 4451 2114 4503 ὅτι
2176 4450 2311 4504 Τόιέ
2356 4447 2799 4516 ὑποταγήσεται
2849 4449 2882 4500 ὀ
2930 4445 3057 4511 Υἱὸς
3112 4445 3191 4510 τῷ
3240 4444 3601 4506 ὑποτάξαντι

2034 4537 2194 4603 αὐτῷ
2226 4539 2298 4592 τὰ
2327 4536 2541 4602 πάντα,
2581 4537 2655 4600 ὼς
2682 4536 2931 4606 δουλικὴν
2968 4553 3088 4590 τινα
3117 4535 3478 4603 ταπεινότητα
3509 4531 3601 4599 τῆς

2033 4629 2281 4699 τοιαύτης
2308 4627 2500 4692 λέξεως
2533 4625 2932 4696 ἐμφαινούσης·
2984 4625 3171 4677 τούτου
3225 4624 3383 4694 χάριν
3437 4623 3599 4684 ἀναγ-

2035 4724 2186 4775 καῖον
2229 4718 2399 4788 ἐφάνη
2441 4718 2506 4770 δι’
2533 4717 2849 4786 ἐπιμελείας
2875 4714 3123 4780 ἐξετάσαι
3141 4715 3232 4767 τὸν
3266 4714 3394 4784 περὶ
3419 4711 3600 4765 τούτου

2033 4813 2214 4879 λόγον·
2265 4810 2404 4863 ὥστε
2435 4809 2601 4874 δεῖξαι
2646 4807 2883 4876 καθαρὸν
2920 4805 3134 4876 άληθῶς
3158 4805 3218 4856 τὸ
3251 4799 3601 4856 άποστολικδν

2034 4901 2312 4971 ἀργύριον,
2349 4898 2530 4968 πάσης
2579 4898 2827 4968 ρυπαρᾶς
2859 4912 2917 4949 τε
2948 4894 3043 4948 καὶ
3076 4892 3353 4964 αἱρετικῆς
3399 4889 3603 4949 ἐννοίας

2035 4989 2435 5062 κεχωρισμένον
2473 4988 2566 5041 καὶ
2593 4987 2966 5057 ἀνεπίμικτον.
3006 4986 3288 5052 Ἐγνωμεν
3335 4980 3514 5032 τοίνυν
3547 4978 3601 5028 ἐν

2033 5085 2097 5152 τῇ
2125 5082 2314 5151 χρήσει
2351 5082 2448 5150 τῆς
2492 5078 2651 5146 ἁγίας
2682 5076 2920 5148 Γραφῆς,
2950 5073 3262 5143 πολύσημον
3300 5063 3468 5123 οὖσαν
3509 5065 3600 5133 τὴν

2033 5174 2286 5243 τοιαύτην
2315 5171 2516 5242 φωνὴν,
2547 5171 2638 5223 καὶ
2662 5170 2723 5222 ού
2759 5171 2868 5230 τοῖς
2896 5167 3079 5228 αὐτοῖς
3116 5165 3201 5217 ea
3223 5155 3600 5231 ἐφαρμοζομέ-

363 5263 614 5324 rationis,
648 5265 792 5333 quod
825 5263 1031 5318 homini
1063 5265 1308 5333 subjecta
1336 5266 1406 5320 sit
1433 5281 1460 5318 a
1493 5265 1623 5328 Deo,
1659 5265 1819 5335 Propl

2177 5267 2462 5335 νοήμασιν.
2514 5262 2649 5316 ἀλλὰ
2699 5261 2792 5313 νῦν
2845 5261 2943 5332 μὲν
2995 5258 3152 5312 τοῦτο
3209 5254 3596 5325 σημαίνουσαν,

364 5353 578 5421 inquit;
617 5353 808 5408 Omnia
857 5355 1125 5423 subjeciin
1167 5359 1261 5410 sub
1303 5357 1518 5427 pedibus
1573 5359 1685 5427 ejus
1711 5359 1750 5410 ³.
1798 5358 1812 5410 l

2138 5376 2197 5410 .w
2245 5356 2302 5410 δὲ
2355 5355 2414 5408 τὸ
2459 5353 2640 5424 ἕτερον
2676 5351 3116 5421 ἐνδεικνυμένηνο
3149 5345 3282 5414 οἷον,
3318 5345 3379 5398 υἱ
3411 5341 3595 5404 δοῦλοι,

439 5529 453 5558 ¹
497 5525 515 5578 l
555 5528 677 5579 (lor.
721 5547 804 5590 xv,
839 5531 906 5584 9.8
938 5549 1056 5601 sqq.

1136 5537 1154 5565 ²
1193 5535 1332 5589 Psal.
1375 5553 1446 5598 xi,
1478 5537 1528 5588 7.
1610 5537 1627 5566 ³
1671 5535 1814 5588 Psal.
1874 5549 1991 5597 vm,
2025 5533 2076 5588 8.
