3696 5986
31 263 171 320 1505

639 269 706 324 IN
741 267 965 336 ILLUD,
1007 268 1193 327 Τί]Νο
1226 267 1378 324 IPSE
1418 267 1645 324 FILIUS
1680 267 2152 338 SUBJICIETUR,
2190 269 2370 336 ETC.,
2407 269 2683 327 ORATIO.

3152 267 3288 322 i506

31 379 205 448 φησὶ,
253 380 366 442 τοῖς
413 377 563 442 ἰδίοις
605 379 893 446 δεσπόταις
941 383 1447 437 ὑποτασσέσθωσαν.

1835 384 1979 442 bello
2025 384 2272 442 subactis
2300 385 2474 440 dicit:
2504 385 2733 454 Subjecit
2781 383 2998 453 populos
3029 383 3201 444 uobis,
3239 391 3288 434 et

30 470 161 540 περὶ
211 470 308 542 τῆς
363 471 560 540 ἀλόγου
613 471 847 542 φύσεως,
877 475 958 528 ὅτι
988 474 1066 545 τῷ
1103 475 1376 548 ἀνθρώπῳ
1421 475 1614 528 ὑποτέ-

29 578 232 615 τακται
277 561 382 616 ὑπὸ
435 563 527 616 τοῦ
576 562 732 629 Θεοῦ,
765 565 793 618 ὁ
838 564 1126 636 Προφήτης
1175 565 1358 634 λέγει’
1411 563 1616 619 Πάντα

29 655 343 722 ὑπέταξας
389 655 667 710 ὑποκάτω
696 655 816 709 τῶν
853 656 1058 711 ποδῶν
1085 658 1292 712 αὑτοῦ.
1333 658 1444 710 Καὶ
1485 657 1614 728 περ)⁸

30 747 141 799 τῶν
193 747 285 801 διὰ
336 747 574 818 πολέμου
623 749 1034 818 κεχειρωμένων
1084 748 1267 817 φησιν·
1328 747 1614 811 ’Υπέταξε

32 835 224 901 λαοὺς
255 837 418 906 ἡμῖν,
441 838 538 892 καί
569 838 713 906 ἔθνη
742 838 861 894 ὑπὸ
893 837 1034 904 τοὺς
1064 836 1254 902 πόδας
1278 833 1466 904 ἡμῶν.
1494 835 1615 887 Τῶν

34 944 92 979 τε
123 923 281 990 αὖθις
310 929 376 980 δι’
405 928 752 997 ἐπιγνώσεως
781 927 1100 998 σωζομένων
1133 925 1507 997 ἐπιμνησθεὶς,
1540 925 1616 989 ὡς

35 1017 101 1068 ἐκ
131 1015 426 1088 προσώπου
463 1017 556 1072 τοῦ
600 1017 734 1072 Θεοῦ
771 1019 916 1086 λέγει
949 1019 1030 1084 τὸ,
1077 1017 1239 1086 Ἐμοί
1277 1017 1615 1084 ἀλλόφυλοι

34 1105 431 1176 ὑπετάγησαν
447 1125 460 1138 ’
482 1101 526 1175 ᾧ
549 1107 695 1161 δοκεῖ
722 1126 837 1172 πως
861 1111 1056 1162 οἰκεῖον
1081 1103 1218 1160 εἶναι
1239 1106 1297 1158 τὸ
1316 1104 1617 1175 ἐξητασμέ-

35 1214 123 1249 νον
152 1199 289 1268 ἡμῖν
315 1196 394 1268 τῷ
426 1198 626 1270 πρώτῳ
668 1200 760 1252 xal.
802 1199 1078 1270 ἑξηκοστῷ
1121 1198 1342 1269 ψαλμῷ,
1382 1197 1470 1250 διὰ
1496 1195 1612 1263 τοῦ,

37 1289 190 1358 Οὐχὶ
222 1288 300 1353 τῷ
345 1289 467 1355 Θεῷ
503 1291 944 1361 ὑποταγήσεται
977 1291 1016 1358 ἠ
1060 1289 1231 1358 ψυχή
1272 1304 1428 1356 μου;
1492 1288 1616 1340 Ἐπὶ

36 1378 172 1430 πᾶσι
215 1377 272 1431 δέ
313 1377 520 1441 τούτοις
568 1379 743 1432 ἐκεῖνο
793 1379 853 1432 τὸ
891 1377 1040 1449 παρά
1082 1377 1190 1429 τῶν
1235 1375 1444 1446 ἐχθρῶν
1485 1376 1615 1444 ἡμῖν

36 1471 447 1541 προφερόμενον
493 1473 558 1524 ἐκ
603 1471 704 1541 τῆς
750 1470 887 1542 πρὸς
925 1468 1241 1539 Κορινθίους
1274 1467 1613 1537 Ἐπιστολῆς,

36 1561 118 1612 ὅτι
178 1560 312 1612 Τότε
357 1559 540 1625 αὐτὸς
585 1563 617 1614 ὁ
674 1560 804 1625 Υἱὸς
856 1557 1302 1628 ὑποταγήσεται
1340 1556 1420 1623 τῷ
1472 1559 1618 1610 ὐπο-

37 1648 288 1712 τάξαντι
316 1649 476 1714 αὐτῷ
504 1649 573 1703 τὰ
611 1648 826 1704 πάντα.
875 1647 1092 1719 Ἐπειδὴ
1121 1647 1299 1701 τοίνυν
1325 1647 1416 1700 ἐπὶ
1449 1646 1616 1700 πολλὰ

37 1738 287 1806 νοήματα
321 1737 546 1808 φέρεται
580 1739 676 1809 τῆς
715 1739 900 1808 φωνῆς
919 1716 1121 1809 ταύτης
1154 1742 1186 1810 ἡ
1215 1739 1480 1812 σημασία,
1515 1757 1617 1793 κα-
1649 1716 1690 1770 Β

39 1829 146 1891 λῶς
183 1827 248 1882 ἂν
277 1828 388 1898 ἔχοι
417 1830 646 1883 ἕκαστον
684 1829 885 1883 τούτων
932 1831 1016 1900 ἐφ’
1050 1830 1242 1884 ἐαυτοῦ
1282 1831 1617 1901 διελομένους

41 1923 358 1989 ἐπιγνῶναι,
383 1923 518 1993 πρὸς
566 1926 716 1978 ποῖον
763 1924 860 1994 τῆς
903 1925 1177 1994 ὑποταγῆς
1225 1923 1620 1995 σημαινόμενον

40 2016 74 2081 ἠ
109 2013 207 2066 τοῦ
251 2014 570 2068 Ἀποστόλου
621 2016 778 2087 ῥῆσις
813 2016 1028 2078 οεκείως
1073 2014 1204 2084 ἔχει.
1235 2016 1416 2086 Φαμὲν
1442 2017 1620 2069 τοίνυν

41 2107 120 2157 ὅτι
170 2105 400 2159 ἐπὶτῶν
453 2106 550 2176 μὲν
598 2107 684 2159 διὰ
727 2107 959 2176 πολέμου
1024 2109 1088 2178 τῇ
1125 2107 1235 2160 τῶν
1279 2107 1618 2180 κεκρατηκό-

42 2214 150 2249 των
199 2194 487 2267 δυναστείᾳ
537 2200 967 2270 κεχειρωμένων,
1018 2201 1080 2253 τὸ
1111 2201 1380 2264 ἀκουσίως
1418 2219 1476 2253 τε
1527 2201 1621 2254 καὶ

45 2290 584 2360 κατηναγκασμένως
617 2292 890 2362 ὑποκύψαι
926 2295 1037 2356 τοῖς
1068 2293 1396 2363 νενικηκόσι,
1427 2293 1487 2346 τὸ
1522 2293 1622 2362 τῆς

45 2380 326 2450 ὑποταγῆς
357 2381 686 2436 ἐνδείκνυται
729 2383 1141 2454 σημαινόμενον.
1175 2383 1237 2436 Ei
1271 2383 1378 2454 γάρ
1411 2399 1491 2446 τις
1510 2384 1621 2445 τοῖς

43 2471 410 2539 αἰχμαλώτοις
443 2473 806 2544 προσγένηται
833 2474 1081 2544 δύναμις,
1110 2474 1298 2527 ἐλπίδα
1329 2472 1424 2525 τοῦ
1456 2473 1623 2542 ὑπερο

47 2561 272 2629 σχήσειν
307 2559 416 2612 τῶν
447 2563 866 2633 κεκρατηκότων
897 2563 1272 2628 ὑποδεικνῦσα,
1303 2562 1462 2616 πάλιν
1500 2563 1624 2614 ἐαυ-

41 2650 173 2712 τοὺς
205 2651 580 2723 ἀντεγείρουσι
609 2655 718 2716 τοῖς
741 2655 1096 2725 κρατήσασιν,
1124 2654 1278 2726 ὓϐριν
1306 2655 1397 2708 καὶ
1424 2652 1624 2716 ὄνειδος

43 2742 106 2793 τὸ
142 2743 253 2805 τοῖς
279 2741 491 2813 ἐχθροῖς
525 2744 888 2816 ὑποτετάχθαι
929 2747 1224 2818 κρίνοντες.
1256 2746 1334 2798 Τὰ
1359 2747 1415 2800 δὲ
1455 2745 1622 2813 ἄλογα

43 2836 162 2896 τοῖς
208 2833 444 2902 λογικοῖς
489 2836 628 2890 εἰσιν
677 2839 960 2908 ὑποχείρια
1009 2837 1128 2891 καθ’
1182 2836 1622 2908 ἓτερονὶτρόπον,

44 2921 126 2990 τῷ
175 2922 406 2986 ἐλλιπῶς
451 2923 591 2993 ἐχειν
641 2925 738 2996 τὴν
778 2927 936 2994 φύσιν
991 2928 1173 2989 αὑτοῖς
1221 2925 1314 2978 τοῦ
1366 2925 1624 2996 μεγίστου

1715 484 1892 543 gentes
1915 476 2009 530 sub
2049 476 2268 543 pedibus
2309 477 2506 532 nostris
2531 480 2574 530 ’⁵.
2614 477 2681 529 Et
2726 489 2918 531 rursus
2958 473 3288 529 mentionem

1718 564 1932 621 faciens
1963 581 2154 621 eorum
2194 567 2288 637 qui
2327 575 2616 622 servantur
2642 581 2739 636 per
2767 565 3125 635 agnitionem,
3157 564 3290 617 dicit

1717 664 1974 727 tanquam
2004 659 2236 729 loquens
2277 676 2344 716 ex
2385 658 2482 714 Dei
2511 672 2787 729 persona:
2817 654 2953 708 Mihi
2983 655 3289 724 alienigena:

1715 747 1938 817 subjecti
1967 758 2089 803 sunt
2108 751 2154 815 ⁸,
2195 750 2328 804 adeo
2357 759 2417 804 ut
2449 749 2704 804 videatur
2728 745 2965 801 maxime
2995 744 3292 799 convenire

1716 837 1771 892 id
1811 839 1960 909 quod
2005 855 2037 894 a
2071 840 2232 896 nobis
2260 849 2345 896 est
2373 842 2742 895 examinatum
2779 838 2835 892 in
2877 836 3090 906 psalmo
3130 847 3290 889 sexa-

1714 933 1924 1002 ges‘imo
1986 933 2220 1002 primo:
2270 930 2525 1001 Nunquid
2580 931 2685 984 Deo
2747 927 3054 997 subjicietur
3105 927 3288 980 anima

1714 1035 1830 1073 mea
1849 1023 1874 1075 ?
1904 1019 2129 1074 Accedit
2162 1019 2249 1076 his
2279 1020 2533 1074 omnibus
2567 1019 2697 1073 illud
2727 1019 2871 1088 quod
2903 1017 3062 1072 nobis
3086 1017 3286 1086 objici-

1717 1118 1806 1162 tur
1831 1110 1899 1164 ab
1925 1110 2167 1164 inimicis
2196 1125 2262 1164 ex
2299 1109 2541 1180 Epistola
2582 1108 2648 1162 ad
2682 1107 3022 1172 Corinthios,
3047 1121 3238 1175 nempe
3267 1122 3284 1159 :

1719 1199 1863 1253 Tunc
1907 1208 1958 1255 et
1997 1201 2107 1265 ipse
2133 1199 2309 1254 Filius
2353 1199 2664 1268 subjiciatur
2699 1199 2747 1253 ei
2793 1199 2882 1268 qui
2924 1198 3024 1251 sibi
3066 1197 3288 1266 subjecit

1717 1293 1916 1347 omnia.
1943 1291 2210 1358 Quoniam
2243 1307 2376 1361 ergo
2401 1299 2486 1346 est
2521 1289 2804 1360 multiplex
2843 1287 3006 1358 hujus
3037 1289 3188 1343 vocis
3223 1292 3289 1343 si-

1717 1383 2017 1453 gniﬁcatio,
2057 1383 2192 1438 bene
2217 1385 2342 1448 erit,
2364 1387 2440 1448 si,
2468 1398 2592 1438 cum
2637 1381 3065 1452 unumquodque
3097 1395 3287 1436 eorum

1718 1488 1813 1540 per
1842 1487 1902 1527 se
1941 1473 2377 1537 distinxerimus,
2433 1485 2796 1542 agnoscamus
2828 1473 3044 1525 cuinam
3087 1469 3291 1539 signiti-

1718 1570 1844 1618 cato
1868 1563 2228 1632 subjectionis
2257 1562 2546 1618 conveniat
2567 1561 2734 1617 dictio
2756 1562 3018 1631 Apostoli.
3045 1561 3288 1616 Dicimus

1718 1670 1848 1724 ergo
1880 1654 2023 1724 quod
2054 1654 2107 1708 in
2153 1655 2240 1709 his
2271 1653 2488 1722 quidem
2529 1653 2622 1722 qui
2657 1652 2801 1706 bello
2831 1651 3036 1706 redacti
3071 1659 3200 1705 sunt
3232 1651 3288 1706 in

1721 1751 2045 1816 potestatem
2071 1759 2260 1799 eorum
2291 1744 2386 1814 qui
2413 1745 2685 1807 vicerunt,
2723 1741 3084 1810 subiectionis
3118 1743 3290 1812 signi-

1719 1838 1936 1890 ticatum
1974 1835 2181 1890 indicat
2231 1835 2462 1889 invitum
2506 1840 2560 1886 et
2590 1845 2839 1888 coactum
2868 1848 2928 1888 se
2969 1833 3293 1887 submittere

1720 1931 1768 1985 ei
1804 1945 1832 1981 a
1865 1943 1974 1998 quo
2006 1928 2187 1982 victus
2219 1935 2321 1981 est.
2355 1924 2411 1981 Si
2456 1927 2599 1982 enim
2636 1927 2866 1995 captivis
2897 1927 3074 1996 aliqua
3107 1940 3294 1980 acces-

1721 2023 1854 2076 serit
1885 2021 2146 2090 potentia,
2184 2034 2334 2088 spem
2376 2017 2670 2073 ostendens
2702 2016 2942 2070 futurum
2969 2025 3026 2070 ut
3062 2017 3172 2072 sint
3201 2032 3294 2071 su-

1722 2116 1969 2186 periores
2001 2113 2070 2168 iis
2098 2111 2192 2183 qui
2237 2112 2384 2181 ipsos
2434 2111 2704 2174 vicerunt,
2739 2110 3001 2164 adversus
3040 2109 3292 2163 dominos

1724 2221 1916 2262 rursus
1951 2206 2243 2274 insurgunt
2267 2245 2280 2266 ,
2316 2210 2376 2257 ut
2404 2203 2496 2272 qui
2544 2202 2802 2272 probrum
2834 2207 2887 2255 et
2917 2199 3151 2254 dedecus
3176 2200 3295 2254 exi-

1691 2297 1948 2350 stiment
1995 2293 2142 2364 quod
2186 2293 2297 2347 sint
2335 2291 2564 2360 subjecti
2614 2290 2870 2344 inimicis.
2903 2289 3069 2344 Bruta
3111 2296 3292 2342 autem

1723 2386 1832 2438 alio
1864 2381 2026 2438 modo
2060 2388 2189 2436 sunt
2219 2379 2465 2449 subjecta
2505 2379 2834 2433 animalibus
2863 2378 3072 2432 ratione
3102 2379 3296 2447 praedi-

1723 2475 1814 2538 tis,
1871 2487 2065 2543 nempe
2105 2473 2249 2541 quod
2294 2487 2483 2527 eorum
2533 2478 2742 2525 naturae
2795 2470 2936 2524 desit
2996 2471 3296 2524 maximum

1725 2566 1952 2629 bonum,
2001 2564 2252 2620 videlicet
2302 2564 2463 2618 ratio.
2495 2563 2614 2630 Quo
2660 2564 2718 2616 tit
2763 2570 2822 2616 ut
2866 2576 3093 2616 necesse
3125 2561 3197 2616 sit
3241 2561 3296 2615 id

1723 2657 1868 2728 quod
1919 2664 2004 2712 est
2070 2654 2319 2718 inferius,
2362 2670 2484 2710 esse
2547 2653 2851 2724 subjectum
2905 2654 2956 2709 ei
3013 2653 3101 2706 cui
3153 2653 3298 2708 obti-

1723 2756 1920 2820 gerunt
1969 2748 2265 2818 ampliores
2307 2754 2362 2801 et
2413 2747 2670 2801 meliores
2713 2751 2921 2798 naturae
2972 2743 3147 2798 dotes.
3193 2741 3298 2807 Qui

1726 2849 1908 2894 autem
1935 2854 2000 2894 ex
2031 2839 2269 2909 legitima
2300 2837 2483 2907 aliqua
2509 2835 2904 2905 consequentia
2948 2834 3080 2904 jugo
3110 2841 3298 2888 tenen-

1728 2941 1817 2984 tur
1851 2931 2157 2993 servitutis,
2201 2929 2417 2986 etiamsi
2451 2929 2678 2998 aequalis
2730 2929 2802 2982 sit
2841 2941 3030 2981 eorum
3080 2933 3297 2986 natura,

47 3013 159 3065 τῶν
187 3013 429 3080 ἀγαθῶν,
461 3016 705 3068 τουτέστι
734 3016 826 3069 τοῦ
853 3017 1032 3084 λόγου.
1081 3018 1165 3080 Ὠς
1196 3016 1441 3088 ἀνάγκην
1486 3033 1506 3068 ε

1840 3038 1852 3074 ι
1894 3030 2076 3076 tamen
2125 3020 2226 3091 legi
2271 3036 2380 3076 non
2414 3020 2624 3090 possint
2661 3020 2940 3080 resistere,
2987 3015 3299 3070 referuntur

46 3103 128 3174 τῷ
178 3103 584 3158 πλεονεκτοῦντι
629 3106 770 3158 κατά
815 3106 914 3178 τὴν
955 3107 1248 3178 εὑκληρίαν
1281 3109 1378 3177 τῆς
1415 3106 1627 3174 φύσεως

47 3193 411 3262 ὑποτετάχθαι
437 3195 499 3246 τὸ
528 3193 917 3264 ἐλαττούμενον
943 3211 956 3226 ο
987 3196 1036 3248 οἱ
1065 3196 1122 3248 δὲ
1153 3197 1210 3249 ἐν
1241 3194 1318 3265 τῷ
1350 3193 1499 3264 ζυγῷ
1532 3194 1628 3263 τῆς

46 3283 293 3347 δουλείας
316 3285 404 3338 διὰ
431 3285 661 3356 νομίμου
689 3286 831 3346 τινὸς
858 3285 1178 3350 ἀκολουθίας
1207 3285 1625 3356 κεκρατημένοι,

49 3375 158 3428 κᾶν
187 3377 245 3427 ἐν
269 3377 335 3446 τῇ
367 3374 525 3444 φύσει
565 3376 626 3429 τὸ
669 3377 926 3448 όμοτίμον
964 3377 1182 3448 ἔχωσιν,
1231 3377 1346 3429 ἀλλ’
1373 3372 1465 3429 οῦν
1494 3375 1628 3445 πρὸς

47 3466 144 3518 τὸν
173 3465 336 3536 νόμον
376 3467 645 3537 ἀντισχεῖν
673 3469 733 3520 οὑ
779 3469 1064 3538 δυνάμενοι
1093 3468 1334 3536 δέχονται
1372 3467 1478 3519 τῶν
1507 3467 1632 3518 ὑπο-

51 3555 272 3628 χειρίων
323 3556 420 3628 τὴν
463 3556 646 3624 τάξιν,
690 3557 768 3628 τῷ
819 3559 1178 3629 ἀπαραιτήτῳ
1230 3557 1331 3626 τῆς
1387 3558 1631 3625 ἀνάγκης

55 3652 192 3718 πρὸς
235 3647 334 3719 τὴν
385 3650 663 3722 ὑποταγὴν
716 3649 1048 3720 ἐναγόμενοι.
1104 3648 1215 3718 Τῆς
1260 3648 1316 3700 δὲ
1365 3647 1500 3718 πρὸς
1541 3649 1631 3700 τὸν

54 3741 188 3793 Θεὸν
238 3740 530 3811 γινομένης
580 3743 711 3812 ἡμῖν
761 3742 1040 3812 ὑποταγῆς
1087 3742 1114 3794 ό
1161 3739 1361 3802 σκοπός
1405 3741 1551 3792 ἐστιν
1597 3741 1632 3811 ὴ

57 3833 320 3904 σωτηρία,
353 3833 536 3896 καθὼς
586 3834 736 3904 παρὰ
771 3834 871 3904 τῆς
902 3833 1237 3904 προφητείας
1271 3831 1564 3902 ἐμάθομεν,
1597 3833 1632 3902 ἦ

57 3942 243 3995 φησιν,
298 3922 382 3988 Τῷ
429 3921 550 3987 Θεῷ
601 3923 952 3991 ὺποτάγηθι,
984 3922 1022 3989 ἡ
1075 3920 1245 3992 ψυχή
1293 3938 1446 3991 μου·
1497 3921 1634 3988 παρ’

54 4014 216 4080 αὐτῷ
246 4013 353 4083 γὰρ
381 4013 448 4067 τὸ
482 4013 777 4082 σωτήριόν
803 4032 936 4082 μου.
969 4015 1135 4068 Ὅταν
1163 4013 1340 4068 τοίνυν
1360 4012 1636 4084 προφέρη-

55 4127 145 4161 ται
207 4107 356 4176 παρά
407 4106 516 4161 τῶν
567 4106 824 4159 ἐναντίων
873 4107 1005 4176 ἡμῖν
1069 4107 1103 4176 ἡ
1156 4105 1246 4158 τοῦ
1316 4103 1636 4158 Ἀποστόλου

55 4199 231 4270 φωνὴ,
264 4200 297 4270 ἡ
323 4199 413 4253 τὸν
440 4198 568 4252 Υἱὺν
597 4195 1037 4267 ὑποταγήσεσθαι
1059 4195 1137 4266 τῷ
1173 4198 1350 4268 Πατρὶ
1379 4196 1634 4265 λέγουσα,

54 4289 350 4347 ἀκόλουθον
384 4289 450 4344 ἂν
489 4289 572 4360 εῐη
605 4288 747 4342 κατὰ
776 4288 874 4358 τὴν
900 4286 1290 4357 διεσταλμένην
1315 4289 1414 4358 τῆς
1453 4287 1638 4340 τοιαῦ-

1729 3112 1786 3166 in
1815 3110 2062 3165 ordinem
2087 3109 2486 3179 subjectorum,
2517 3117 2576 3162 ut
2600 3109 2693 3178 qui
2723 3107 3052 3162 necessitate
3076 3106 3301 3158 inexcu-

1728 3203 1886 3258 sabili
1919 3203 2263 3257 deducantur
2313 3202 2380 3256 ad
2412 3201 2828 3270 subjectionem.
2870 3197 3081 3252 Nostra:
3121 3205 3300 3249 autem

1730 3295 1840 3349 Deo
1875 3294 2238 3364 subjectionis
2273 3307 2475 3362 seopus
2503 3299 2586 3346 est
2620 3301 2808 3346 nostra
2841 3290 3012 3351 salus,
3049 3287 3194 3342 sicut
3226 3286 3303 3339 di-

1729 3386 1968 3440 dicimus
1996 3399 2024 3437 a
2067 3383 2372 3452 prophetia,
2413 3397 2534 3451 qua:
2565 3380 2720 3445 dicit,
2750 3381 2857 3433 Deo
2891 3379 3126 3446 subjecta
3167 3387 3300 3439 esto,

1729 3477 1909 3530 anima
1941 3490 2076 3539 mea,
2113 3471 2254 3540 apud
2280 3474 2448 3538 ipsum
2497 3471 2633 3522 enim
2667 3478 2743 3522 est
2779 3468 3016 3520 salutare
3069 3468 3302 3520 meum".

1731 3565 1960 3632 Quando
1995 3579 2126 3632 ergo
2161 3563 2230 3617 ab
2259 3561 2591 3617 adversariis
2631 3559 2838 3614 nostris
2867 3558 3024 3612 nobis
3049 3556 3306 3625 objicitur

1731 3670 1835 3708 vox
1865 3652 2136 3722 Apostoli,
2170 3667 2291 3722 qua:
2321 3651 2454 3705 dicit
2493 3647 2688 3702 Filium
2735 3645 3138 3714 subjiciendum
3183 3659 3308 3699 esse

1731 3745 1904 3809 Patri,
1931 3759 2278 3815 consequens
2314 3742 2502 3806 fuerit,
2533 3740 2791 3796 distincta
2841 3737 3004 3806 hujus
3048 3737 3199 3791 vocis
3228 3738 3305 3791 si-

1732 3835 2108 3908 gniﬁcatione,
2163 3849 2258 3889 eos
2303 3835 2663 3902 interrogare,
2713 3830 2780 3883 ad
2812 3829 3085 3899 quodnam
3125 3827 3310 3896 subje-

1741 3931 1944 3984 ctionis
1992 3927 2328 3996 aspicientes
2364 3924 2750 3995 signiﬁcatum,
2787 3922 2928 3975 hanc
2960 3935 3146 3975 vocem
3191 3919 3310 3974 exi—

1735 4021 1964 4077 stimant
1999 4017 2293 4074 convenire
2325 4015 2434 4071 Deo
2483 4015 2784 4085 unigenito.
2834 4012 2939 4065 Sed
2987 4022 3071 4066 est
3103 4009 3310 4081 perspi-

1735 4127 1922 4178 cuum,
1960 4109 2108 4180 quod
2147 4109 2300 4162 nullo
2327 4123 2392 4163 ex
2425 4107 2591 4162 dictis
2625 4103 2804 4159 modis
2843 4105 3024 4158 dicent
3055 4117 3114 4156 se
3147 4100 3310 4155 intel-

1737 4197 1906 4274 ligere
1935 4199 2062 4255 Filii
2105 4199 2525 4268 subjectionem.
2575 4195 2762 4266 Neque
2813 4195 2956 4249 enim
2995 4207 3118 4246 cum
3168 4196 3312 4245 esset

1740 4295 1996 4350 inimicus
2035 4291 2178 4346 bello
2213 4289 2362 4343 venit
2414 4288 2467 4341 in
2519 4294 2843 4357 potestatem
2892 4284 3068 4338 hostis
3110 4282 3217 4344 sui,
3255 4291 3312 4336 ut

53 4401 157 4454 της
185 4381 367 4451 φωνῆς
396 4381 669 4452 σημασίαν
701 4381 911 4451 ἐρωτᾷν
955 4379 1150 4442 αὐτοὺς
1182 4379 1318 4449 πρὸς
1350 4382 1498 4432 ποῖον

1877 4394 2061 4456 speret
2105 4390 2200 4437 aut
2234 4380 2452 4436 studeat
2491 4393 2551 4432 se
2584 4391 2746 4446 posse
2789 4373 3086 4444 aliquando
3131 4374 3310 4426 insur-

56 4475 386 4546 μαινόμενον
417 4472 516 4542 τῆς
567 4471 844 4539 ὑποταγῆς
868 4469 1101 4538 ὁρῶντες
1149 4467 1351 4539 ταύτην
1394 4468 1638 4539 ἐφαρμό-

55 4568 174 4634 ζειν
199 4563 401 4618 οἴονται
430 4564 538 4616 δεῖν
565 4562 642 4634 τῷ
669 4564 945 4633 μονογενεῖ
965 4559 1084 4631 Θεῷ
1114 4560 1210 4630 τὴν
1235 4562 1435 4629 φωνήν.
1480 4558 1638 4614 Ἀλλά

52 4660 240 4729 δῆλον,
292 4658 373 4710 ὅτι
420 4656 540 4710 κατ’
581 4655 771 4710 οὐδένα
816 4654 1014 4724 τρόπον
1053 4651 1160 4705 τῶν
1205 4651 1506 4722 εἰρημένων
1542 4651 1634 4705 τοῦ

56 4750 194 4805 Υῖοῦ
241 4750 342 4819 τὴν
369 4749 649 4818 ὑποταγὴν
694 4745 878 4818 ἐροῦσι
925 4747 1086 4800 νοεῖν.
1138 4743 1274 4798 Οὑδέ
1305 4743 1413 4814 γὰρ
1447 4743 1638 4815 ἐχθρὸς

53 4844 134 4896 ὢν
198 4841 286 4894 διὰ
340 4840 578 4910 πολέμου
638 4839 858 4908 γέγονεν
908 4838 1237 4908 ὑποχείριος,
1286 4834 1426 4889 ὥστε
1480 4834 1640 4888 πάλιν

55 4932 212 5002 αὑτῴ
243 4931 340 5002 τὴν
372 4931 515 4985 κατὰ
547 4929 640 4984 τοῦ
672 4929 1000 5002 κρατοῦντος
1043 4929 1410 4982 ἐπανάστασιν
1441 4926 1508 4979 δι’
1552 4926 1643 4978 ἐλ-

56 5025 216 5086 πίδος
245 5039 304 5075 τε
321 5023 414 5075 καὶ
448 5022 681 5093 σπουδῆς
695 5018 852 5086 εἶναι,
885 5020 1008 5074 οὔτε
1037 5021 1112 5084 ὼς
1139 5023 1196 5074 ἐν
1225 5023 1290 5092 τῇ
1309 5019 1416 5073 τῶν
1436 5018 1644 5088 ἀλόγων

57 5119 86 5168 ό
111 5114 275 5182 λόγος
296 5113 383 5166 διὰ
412 5113 509 5184 τῆς
553 5112 646 5165 τοῦ
689 5111 895 5182 ἀγαθοῦ
925 5111 1211 5182 ἐλλείψεως
1258 5111 1562 5180 ἀναγκαίαν
1588 5112 1645 5164 ἐν

55 5209 128 5276 τῇ
177 5203 339 5273 φύσει
368 5203 464 5274 τὴν
495 5203 770 5274 ὑποταγὴν
802 5201 936 5274 ἔχει,
964 5203 1040 5265 ὼς
1073 5200 1317 5273 πρόϐατα
1345 5202 1438 5254 καὶ
1476 5203 1645 5274 κτήνη

59 5297 160 5351 καὶ
193 5296 314 5367 βόες
341 5295 475 5365 πρὸς
495 5295 587 5348 τὸν
614 5293 894 5364 ἄνθρωπον
918 5293 1149 5365 ἔχουσιν,
1178 5293 1296 5345 οὑδέ
1327 5291 1446 5346 καθ’
1468 5292 1644 5363 ὁμοιό-

59 5406 206 5458 τητα
242 5385 352 5441 τῶν
384 5387 820 5458 ἀργυρωνήτων,
869 5385 901 5456 ἢ
957 5383 1246 5454 οἰκογενῶν
1297 5383 1646 5454 ἀνδραπόδων

63 5481 221 5553 νόμῳ
248 5478 644 5549 δεδουλωμένος
679 5477 936 5546 ἀναμένει
979 5475 1045 5529 δι’
1089 5476 1318 5540 εὐνοίας,
1351 5473 1382 5545 ἢ
1427 5475 1648 5547 χάριτος

138 5665 158 5696 ⁸
191 5663 339 5718 Psal.
369 5679 509 5729 aut.
561 5665 601 5717 ι.

1739 4490 1890 4550 gere‘
1914 4477 2177 4533 adversus
2222 4473 2524 4528 dominum.
2564 4468 2668 4523 Sed
2722 4482 2823 4521 nec
2869 4474 3125 4535 tanquam
3171 4465 3312 4519 inter

1740 4571 1923 4634 bruta,
1971 4583 2068 4640 per
2108 4565 2239 4621 boni
2288 4562 2582 4624 defectum,
2617 4564 2669 4613 in
2718 4557 2913 4613 natura
2946 4557 3310 4613 necessariam

1741 4663 1904 4716 habet
1950 4659 2366 4730 subjeclionem,
2421 4662 2482 4709 ut
2525 4668 2655 4708 oves
2702 4659 2756 4707 et
2804 4652 2971 4706 boves
3018 4660 3072 4705 et
3119 4664 3314 4719 pecora

1742 4753 2116 4822 subjiciuntur
2147 4747 2378 4805 homini.
2410 4744 2515 4800 Sed
2550 4758 2726 4812 neque
2772 4749 2831 4795 ut
2881 4742 3108 4810 pecunia
3147 4740 3314 4809 empti

1743 4847 1908 4910 servi,
1943 4854 2036 4899 aut
2061 4843 2208 4899 domi
2239 4840 2350 4896 nali
2379 4853 2578 4900 vcrnze,
2608 4837 2722 4905 lege
2757 4832 3003 4889 serviens
3033 4840 3318 4901 exspectat

1747 4951 1987 5004 unquam
2044 4934 2321 4998 futurum,
2380 4939 2438 4985 ut
2497 4929 2581 4984 vel
2625 4925 2832 4981 domini
2886 4924 3175 4978 clementia
3235 4923 3315 4977 vel

1747 5026 1922 5096 gratia
1950 5027 2068 5096 ipse
2104 5025 2366 5079 liberetur
2400 5037 2430 5076 a
2456 5021 2591 5091 jugo
2638 5015 2938 5074 servitutis.
2988 5013 3094 5068 Sed
3141 5029 3317 5083 neque

1749 5119 1942 5177 salutis
1973 5132 2141 5187 scapo
2172 5116 2275 5170 sibi
2303 5113 2586 5186 proposito
2609 5109 2810 5166 dixerit
2831 5107 3121 5178 quisquam
3147 5104 3316 5158 Deum

1752 5208 2091 5278 unigenitum
2130 5205 2278 5258 Patri
2331 5219 2456 5259 esse
2501 5201 2808 5271 subjectum
2855 5205 2958 5252 :ut
3003 5211 3066 5251 ea
3110 5198 3321 5248 ratione

1751 5303 1928 5356 instar
1957 5297 2242 5352 hominum
2273 5295 2379 5350 sibi
2421 5308 2451 5346 a
2481 5293 2592 5348 Deo
2618 5298 2876 5364 procuret
2906 5289 3156 5346 salutem.
3188 5285 3320 5340 Nam
3388 5301 3390 5308 '

1755 5407 1810 5445 ιιι
1856 5385 2107 5444 mutabili
2145 5384 2367 5455 quidem
2412 5391 2630 5447 natura,
2669 5397 2790 5451 qua:
2829 5375 3324 5435 communicatione

1756 5501 1819 5540 ac
1858 5480 2278 5555 participatione
2324 5477 2527 5534 bonum
2580 5471 2926 5542 adipiscitur,
2976 5483 3200 5527 necesse
3238 5470 3325 5523 est

704 5662 720 5690 "
764 5660 904 5715 l’sal.
969 5674 1080 5725 th,
1135 5661 1216 5710 10.
1295 5659 1313 5687 ⁸
1351 5657 1491 5715 l‘sal.
1538 5673 1646 5725 LXI,
1689 5659 1742 5711 2.
