3696 5986
353 242 490 299 i507

1815 234 2161 296 APPENDIX
2172 281 2184 295 .

3460 237 3588 292 1308

353 370 411 415 ut
450 359 559 414 Deo
604 357 677 414 sit
726 356 1016 427 subiectio,
1063 364 1357 428 propterea
1387 352 1534 426 quod
1586 352 1716 409 hinc
1762 353 1919 409 nobis

2098 355 2114 406 3
2163 354 2327 423 ζυγοῦ
2386 369 2516 408 ποτε
2566 353 2818 423 γενέσθαι
2859 352 2958 424 τῆς
3004 352 3246 414 δουλείας
3294 351 3589 423 ἐλεύθερος.
3648 426 3649 431 η

351 454 619 507 bonorum
662 450 915 521 provenit
958 450 1343 521 participatio;
1374 450 1430 503 in
1468 445 1794 503 immutabili
1826 460 1925 499 au—

352 554 459 598 tem
488 550 543 596 et
572 540 906 597 inalterabiii
950 551 1145 596 natura
1193 541 1372 595 locum
1409 553 1518 595 non
1550 536 1714 592 habet
1740 535 1926 605 subie-

352 631 482 695 ctio,
526 632 581 686 in
612 646 720 702 qua
766 630 1153 685 consideratur
1185 645 1348 685 omne
1371 629 1577 685 bonum
1622 641 1820 681 nomen
1868 633 1924 680 et

354 719 732 790 intelligentia,
777 734 970 789 nempe
1000 719 1303 786 aeternitas,
1352 716 1714 786 incorruptio,
1754 715 1925 770 beati-

353 809 508 874 tudo,
552 823 769 879 semper
797 809 1048 865 similiter
1078 817 1133 866 et
1176 810 1368 865 eodem
1400 806 1563 863 modo
1609 821 1668 863 se
1698 805 1920 870 habere,

350 909 407 956 et
453 916 632 970 neque
675 901 894 968 melius,
932 916 1110 971 neque
1137 901 1383 957 deterius
1410 913 1573 969 posse
1614 896 1752 951 ﬁeri.
1786 894 1920 949 Nam

353 1006 531 1059 neque
577 992 635 1045 in
680 991 826 1047 bono
870 992 1111 1048 admittit
1150 991 1547 1052 accessionem,
1591 1002 1768 1057 neque
1795 1001 1926 1056 pro-

355 1083 671 1152 pensionem
700 1083 769 1137 ad
800 1083 854 1137 id
882 1083 1028 1153 quod
1057 1090 1142 1138 est
1167 1082 1427 1146 deterius,
1476 1079 1555 1145 id,
1602 1092 1633 1132 a
1662 1092 1771 1147 quo
1799 1085 1924 1131 tan-

353 1188 517 1243 quam
569 1189 600 1228 a
646 1174 797 1230 fonte
846 1176 915 1229 ad
958 1175 1099 1230 alios
1144 1180 1367 1230 emanat
1405 1170 1579 1236 salus,
1619 1185 1730 1224 non
1775 1184 1917 1239 opus

354 1263 519 1318 habet
543 1263 651 1320 alio
681 1264 827 1334 quod
858 1265 959 1334 ipsi
993 1265 1084 1319 det
1114 1265 1370 1321 salutem.

2035 444 2170 498 Ἀλλ“
2199 446 2318 498 οὑδέ
2350 444 2489 498 κατὰ
2514 445 2604 500 τὸν
2632 446 2731 516 τῆς
2778 446 3051 516 σωτηρίας
3085 444 3285 499 σκοπὸν
3330 446 3473 498 εἴποι
3514 465 3591 510 τις

2021 533 2088 589 ἂν
2132 533 2224 588 τὸν
2258 537 2518 606 μονογενῆ
2562 534 2693 590 Θεὸν
2717 535 2794 605 τῷ
2842 536 3016 606 Πατρὶ
3059 536 3493 599 ὑποτάσσεσθαι,
3521 538 3590 600 ὡς

2020 625 2109 679 διὰ
2151 626 2340 681 τούτου
2375 628 2495 682 καθ’
2526 628 2819 699 ὁμοιότητα
2862 628 2970 683 τῶν
3010 628 3311 700 ἀνθρώπιον
3355 628 3456 696 τὴν
3497 645 3596 681 σω-

2018 717 2212 789 τηρίαν
2242 717 2417 790 ἐαυτῷ
2454 719 2603 792 παρὰ
2631 718 2722 773 τοῦ
2754 718 2889 773 Θεοῦ
2920 719 3429 790 πραγματεύεσθαι.
3479 719 3595 771 Ἐπὶ

2027 809 2125 880 μὲν
2150 809 2259 880 γὰρ
2294 811 2393 880 τῆς
2433 810 2673 882 τρεπτῆς
2705 810 2919 881 φύσεως
2947 812 3045 882 τῆς
3081 812 3171 865 διὰ
3219 811 3509 883 μετουσίας
3542 813 3597 861 ἐν

2023 899 2103 969 τῷ
2145 898 2334 970 ἀγαθῷ
2363 902 2671 972 γινομένης,
2699 902 2971 970 ἀναγκαία
3007 903 3154 956 ἐστὶν
3199 906 3233 973 ἡ
3286 903 3427 973 πρὸς
3468 902 3599 954 Θεὸν

2027 991 2294 1062 ὑποταγὴ,
2339 992 2428 1046 διὰ
2455 994 2514 1046 τὸ
2552 989 2759 1047 ἐκεῖθεν
2798 994 3043 1063 γίνεσθαι
3075 994 3183 1048 τῶν
3222 994 3443 1063 ἀγαθῶν
3470 996 3596 1064 ἡμῖν

2022 1081 2121 1150 τὴν
2148 1082 2466 1135 κοινωνίαν·
2499 1084 2557 1136 ἐν
2596 1084 2652 1137 δέ
2695 1088 2763 1155 τῇ
2813 1085 3072 1158 ἀτρέπτῳ
3124 1087 3220 1139 καὶ
3258 1084 3599 1154 ἀναλλοιύπῳ

2024 1171 2248 1242 δυνάμει
2278 1173 2313 1242 ἡ
2359 1173 2605 1245 ὑποταγὴ
2636 1173 2818 1245 χώραν
2862 1176 2962 1230 οὑκ
2998 1176 3130 1248 ἔχει,
3154 1179 3215 1231 ἐν
3256 1172 3290 1250 ᾗ
3325 1178 3436 1229 πᾶν
3466 1178 3601 1241 ἀγα-

2022 1260 2112 1313 θὸν
2158 1261 2330 1332 ὄνομα
2371 1278 2432 1315 τε
2475 1263 2569 1316 καὶ
2612 1264 2790 1334 νόημα
2841 1265 3144 1336 θεωρεῖται,
3188 1266 3250 1319 τὸ
3295 1266 3490 1327 ἀΐδιον,
3543 1263 3601 1313 τὸ

352 1355 645 1427 ἄφθαρτον,
696 1356 756 1408 τὸ
803 1356 1089 1425 μακάριον,
1133 1353 1196 1408 τδ
1265 1353 1354 1409 ἀεὶ
1397 1352 1659 1413 ὡσαύτως
1708 1350 1850 1420 ἔχον,
1901 1348 1962 1402 τὸ
2031 1351 2170 1421 μήτε
2219 1355 2493 1422 κρεῖττον,
2550 1355 2688 1424 μήτε
2743 1356 2925 1425 χεῖρον
2979 1354 3231 1423 γενέσθαι
3280 1355 3599 1427 δυνάμενον.

353 1447 490 1501 Οὑτε
522 1447 628 1519 γὰρ
656 1445 970 1516 προσθήκην
998 1446 1054 1497 ἐν
1080 1443 1156 1512 τῷ
1191 1442 1379 1513 ἀγαθῷ
1426 1440 1767 1510 ἐπιδέχεται,
1792 1436 1915 1490 οὒτε
1951 1438 2048 1508 τὴν
2097 1440 2234 1511 πρὸς
2279 1440 2340 1493 τὸ
2388 1443 2570 1512 χεῖρον
2617 1441 2809 1513 ῥοπὴν,
2875 1443 2905 1496 ὃ
2975 1446 3085 1508 τοῖς
3127 1444 3306 1508 ἄλλοις
3358 1445 3599 1514 πηγέςει
3648 1512 3649 1523 χ

350 1538 451 1608 τὴν
488 1537 780 1608 σωτηρίαν,
826 1535 926 1588 οὑκ
969 1534 1101 1588 αὑτὸ
1138 1533 1232 1588 τοῦ
1266 1532 1530 1596 σώζοντος
1559 1528 1753 1593 ἐνδεῶς
1784 1527 1917 1599 έχει.

422 1625 705 1693 Quodnam
731 1640 861 1696 ergo
889 1624 1014 1695 jure
1046 1624 1233 1680 dicent
1272 1624 1322 1679 ei
1369 1630 1684 1692 competere
1731 1634 1923 1676 eorum

352 1730 476 1781 quae
531 1715 751 1785 proprie
802 1714 1065 1770 dicuntur
1119 1712 1421 1785 signiﬁcari
1467 1726 1499 1766 a
1546 1708 1925 1780 subiectione?

351 1805 636 1862 Inventum
673 1811 757 1860 est
784 1804 930 1859 enirn
959 1818 1023 1859 ea
1050 1818 1173 1874 quae
1207 1810 1336 1859 sunt
1363 1800 1695 1862 examinata,
1727 1796 1922 1869 procul

354 1895 548 1950 abesse
577 1903 637 1947 ut
680 1892 903 1963 proprie
939 1891 1317 1961 intelligantur
1344 1898 1400 1944 et
1424 1889 1681 1944 dicantur
1709 1885 1775 1940 de
1816 1883 1926 1940 Deo

354 1981 655 2052 unigenito.
690 1979 846 2047 Quod
878 1980 925 2035 si
956 1980 1118 2034 etiam
1167 1977 1478 2034 addendum
1531 1982 1620 2033 est
1662 1974 1799 2030 illud
1833 1989 1925 2045 ge-

353 2088 462 2129 nus
516 2070 898 2141 subiectionis,
939 2070 1085 2141 quod
1137 2069 1272 2124 dicit
1322 2068 1675 2139 Evangelium
1724 2080 1924 2121 secun-

354 2165 485 2219 dum
507 2161 712 2217 Lucam
734 2162 778 2230 ',
806 2176 1002 2232 nempe
1027 2161 1173 2231 quod
1211 2160 1501 2230 subjectus
1530 2158 1699 2214 fuerit
1723 2172 1924 2228 paren-

351 2256 503 2312 tibus
532 2255 602 2310 ad
629 2253 1012 2309 duodecimum
1037 2268 1240 2308 annum
1274 2266 1601 2324 progressus
1633 2249 1922 2316 Dominus,

353 2361 424 2402 ne
475 2346 611 2401 ιιιυά
646 2344 869 2416 quidem
906 2345 1225 2400 convenerit
1264 2342 1375 2398 Deo
1418 2357 1571 2409 vero,
1619 2349 1675 2396 et
1711 2340 1807 2412 qui
1840 2346 1929 2396 est

354 2445 482 2493 ante
510 2436 706 2492 saecula
764 2445 825 2491 ut
856 2449 987 2490 vero
1016 2450 1117 2491 suo
1155 2434 1297 2505 patri
1341 2432 1559 2488 dicatur
1585 2447 1710 2488 esse
1740 2431 1927 2500 subje-

352 2537 499 2584 ctus.
536 2525 669 2581 Nam
698 2526 816 2583 illic
843 2526 1065 2597 quidem
1096 2527 1190 2597 qui
1216 2532 1458 2582 tentatus
1486 2524 1589 2580 fuit
1617 2540 1714 2596 per
1743 2525 1926 2580 omnia

353 2619 423 2674 ad
457 2617 872 2676 similitudinem
905 2624 1148 2673 nostram
1189 2616 1399 2686 absque
1442 2625 1668 2686 peccato
1689 2615 1732 2680 ⁸,
1757 2615 1927 2670 voluit

352 2708 517 2764 etiam
567 2707 862 2779 procedere
913 2722 1009 2777 per
1075 2712 1267 2761 mtates
1322 2714 1524 2761 nostra?
1574 2713 1801 2760 naturre.
1861 2704 1928 2760 Et

353 2797 633 2870 quomodo
666 2813 793 2853 cum
825 2804 975 2853 esset
1027 2795 1213 2852 infans
1243 2795 1550 2852 infantilbm
1595 2795 1810 2867 accepit
1847 2795 1928 2849 ci-

2098 1618 2257 1671 Ποῖον
2297 1618 2472 1673 τοίνυν
2499 1617 2734 1688 εὐλόγως
2766 1620 3028 1690 φήσουσιν
3073 1622 3161 1674 ἐπ’
3203 1622 3369 1677 αὑτοῦ
3397 1626 3604 1695 κυρίως

2025 1710 2162 1761 νοεῖν
2189 1707 2251 1761 τὸ
2281 1708 2380 1778 τῆς
2426 1709 2702 1779 ὑποταγῆς
2747 1711 3176 1781 σημαινόμενον;
3223 1714 3445 1786 Ηύρέθη
3497 1717 3601 1788 γὰρ
3648 1702 3649 1709 “

2023 1798 2092 1852 τὰ
2120 1798 2464 1870 ἐξητασμένα
2491 1799 2667 1854 πάντα
2711 1801 2927 1872 μακρὰν
2962 1802 3232 1872 ἀπέχοντα
3258 1805 3354 1858 τοῦ
3398 1808 3605 1878 κυρίως

2025 1888 2119 1941 ἐπι⁵
2150 1887 2246 1942 τοῦ
2283 1890 2604 1960 μονογενοῦς
2646 1889 2779 1944 Θεοῦ
2809 1893 2903 1945 καὶ
2930 1891 3165 1946 νοεῖσθαι
3195 1894 3288 1947 καὶ
3323 1895 3601 1964 λέγεσθαι.

2024 1979 2088 2031 Et
2123 1978 2179 2032 δὲ
2203 1980 2308 2050 χρὴ
2336 1980 2555 2034 κάκεῖνο
2573 1981 2635 2033 τὸ
2656 1982 2758 2051 τῆς
2789 1983 3065 2053 ὑποταγῆς
3096 1981 3233 2048 εἶδος
3259 1988 3604 2056 προσθεῖναι,

2024 2070 2054 2124 ὅ
2097 2088 2230 2140 φησι
2274 2071 2335 2125 τὸ
2377 2070 2521 2124 κατὰ
2559 2073 2773 2126 Λουκᾶν
2802 2074 3152 2143 Εὑαγγέλιον,
3190 2077 3273 2130 ὅτι
3297 2075 3424 2145 'Hr
3458 2084 3606 2135 ὑπο-
3648 2138 3649 2141 η

2030 2159 2410 2227 τασσόμενος
2437 2160 2562 2227 τοῖς
2590 2161 2873 2231 γονεῦσιν
2898 2167 2987 2230 εις
3014 2164 3351 2222 δωδέκατον
3390 2176 3603 2237 προελ-

2026 2246 2146 2303 θὼν
2188 2248 2324 2316 ἔτος
2368 2252 2402 2303 ὁ
2442 2252 2679 2320 Κύριος,
2716 2253 2835 2306 οὑδὲ
2881 2255 3058 2309 ἐκεῖνο
3112 2257 3343 2328 ἁρμόζοι
3388 2260 3459 2313 ἂν
3518 2263 3604 2314 ἐπὶ

2026 2338 2120 2392 τοῦ
2150 2340 2477 2410 προαιωνίου
2524 2358 2585 2394 τε
2628 2341 2722 2394 καὶ
2754 2341 3006 2413 ἀληθινοῦ
3056 2345 3191 2416 πρὸς
3217 2347 3313 2400 τὸν
3354 2347 3607 2420 ἀληθινὶν

2028 2430 2220 2483 ἐαυτοῦ
2251 2430 2463 2503 πατέρα
2491 2431 2760 2503 λέγεσθαι.
2817 2435 2965 2488 Ἐκεῖ
2992 2435 3090 2505 μὲν
3122 2436 3232 2508 γὰρ
3262 2440 3293 2491 ὁ
3341 2456 3605 2510 πεπειρα-

2030 2523 2189 2593 μένος
2217 2524 2357 2578 κατά
2404 2525 2583 2579 πάντα
2622 2524 2740 2578 καθ’
2786 2525 3080 2596 ὁμοιότητα
3125 2527 3295 2598 χωρὶς
3330 2529 3605 2599 ἁμαρτίας
3648 2592 3649 2595 η

2027 2612 2246 2678 ἐδέξατο
2326 2614 2421 2667 καὶ
2494 2613 2584 2668 διὰ
2657 2613 2765 2667 τῶν
2844 2613 3068 2684 ἡλικιῶν
3144 2614 3437 2685 προελθεῖν
3518 2619 3605 2687 τῆς

2028 2704 2243 2774 φύσεως
2284 2704 2461 2776 ήμῶν.
2511 2705 2622 2759 Καὶ
2673 2703 2861 2776 ὥσπερ
2902 2704 3109 2758 παιδίον
3154 2706 3475 2777 γενόμενος,
3516 2709 3607 2779 τὴν

2030 2793 2294 2867 βρεφικὴν
2343 2795 2548 2867 τροφήν
2598 2794 2942 2866 προσήκατο,
3002 2794 3261 2867 βούτυρον
3319 2799 3423 2851 καὶ
3496 2799 3605 2868 μέλι

358 2891 510 2956 bum,
555 2890 814 2961 butyrum
852 2895 908 2944 et
957 2888 1064 2944 mel
1105 2886 1444 2954 comedens;
1478 2887 1552 2941 ita
1584 2888 1748 2942 etiam
1800 2900 1923 2941 cum

2098 2887 2245 2956 ιγὼν·
2306 2886 2447 2940 οῦτω
2504 2887 2596 2941 καὶ
2665 2888 2747 2951 είς
2822 2887 3101 2959 μειράκιον
3159 2888 3488 2958 προελθὼν,
3556 2891 3608 2943 τι

356 2980 721 3051 processisset
773 2978 842 3034 ad
885 2977 1331 3043 adolescentiam,
1375 2992 1488 3035 non
1540 2978 1813 3033 recusavit
1867 2976 1925 3032 id

360 3069 510 3140 quod
558 3069 685 3124 huic
734 3068 882 3123 aetati
938 3075 1056 3123 erat
1100 3082 1410 3138 congruens
1455 3082 1520 3122 ac
1569 3067 1921 3133 conveniens,

357 3158 577 3215 futurus
602 3156 802 3212 saeculo
823 3155 1133 3225 exemplum
1157 3155 1457 3212 modestiae.
1483 3154 1749 3227 Quoniam
1778 3155 1924 3211 enim

359 3251 414 3304 in
446 3248 569 3304 aliis
614 3244 929 3302 hominibus
956 3244 1272 3314 imperfecta
1306 3254 1391 3301 est
1412 3246 1469 3299 in
1496 3245 1582 3301 his
1622 3245 1926 3316 intelligen-

357 3341 456 3407 tia,
485 3349 539 3396 et
569 3354 710 3410 opus
736 3347 855 3395 erat
873 3336 1142 3407 iuventuti
1183 3345 1241 3392 ut
1265 3337 1621 3394 deduceretur
1666 3353 1762 3408 per
1798 3354 1925 3408 per-

357 3432 584 3489 fectiora
613 3429 682 3485 ad
712 3429 766 3484 id
794 3429 941 3501 quod
969 3435 1055 3486 est
1075 3429 1305 3496 melius;
1333 3437 1619 3499 propterea
1650 3431 1741 3500 qui
1766 3437 1926 3485 natus

355 3529 474 3579 erat
500 3521 788 3579 duodecim
821 3535 1015 3587 annos,
1068 3519 1230 3576 matri
1289 3518 1602 3590 subiicitur,
1639 3528 1699 3574 ut
1742 3526 1928 3575 osten-

357 3613 513 3670 deret
574 3613 721 3684 quod
786 3611 841 3667 id
897 3610 1043 3683 quod
1100 3626 1196 3682 per
1267 3600 1572 3681 proiectum
1626 3612 1925 3682 perﬁcitur,

358 3706 677 3776 priusquam
720 3703 905 3760 veniat
946 3704 1013 3760 ad
1062 3702 1474 3774 perfectionem,
1514 3711 1662 3759 recte
1696 3703 1929 3775 suscipit

360 3797 778 3867 subiectionem,
819 3802 881 3850 ut
918 3810 1040 3866 quae
1070 3796 1138 3850 ad
1173 3783 1377 3852 bonum
1414 3794 1670 3851 deducat.
1700 3795 1805 3861 Qui
1842 3803 1929 3852 est

359 3897 543 3942 autem
570 3901 786 3956 semper
814 3883 1090 3956 perfectus
1124 3886 1182 3941 in
1220 3884 1370 3941 omni
1398 3885 1564 3952 bono,
1594 3900 1771 3955 neque
1802 3900 1928 3955 pro-

362 3976 564 4032 fectum
594 3990 771 4045 neque
802 3975 1218 4031 diminutionem
1245 3990 1310 4031 ex
1331 3990 1391 4031 se
1419 3982 1597 4045 potest
1628 3975 1926 4047 suscipere,

362 4074 646 4138 propterea
671 4065 817 4136 quod
836 4080 943 4120 non
979 4066 1051 4123 sit
1074 4066 1328 4138 indigens
1357 4068 1478 4138 eius
1509 4076 1726 4135 natura,
1753 4082 1930 4138 neque

364 4157 539 4229 possit
576 4157 767 4221 minui,
802 4171 1029 4212 euruam
1071 4159 1411 4229 subiiciatur,
1443 4174 1553 4215 non
1598 4166 1821 4229 possent
1848 4158 1929 4213 di-

2025 2976 2360 3049 κατάλληλόν
2404 2994 2463 3031 τε
2510 2977 2603 3030 καὶ
2661 2978 2868 3048 πρέπον
2923 2981 2988 3049 τῇ
3042 2978 3267 3050 τοιαύτῃ
3314 2979 3515 3050 ἡλικίᾳ⁵
3556 2982 3611 3033 οὐ

2027 3069 2418 3140 παρῃτήσατο,
2470 3066 2639 3130 τύπος
2692 3067 2945 3134 εὐταξίας
3004 3067 3081 3138 τῷ
3142 3067 3243 3139 βίῳ
3301 3050 3649 3141 γινόμενοςξ

2038 3157 2255 3229 Ἐπειδὴ
2302 3157 2410 3229 γὰρ
2459 3156 2551 3211 ἐπὶ
2593 3157 2699 3211 τῶν
2741 3156 2916 3211 ἄλλων
2966 3158 3266 3228 ἀνθρώπων
3314 3159 3525 3230 ἀτελὴς
3562 3162 3609 3213 ἐν

2024 3251 2137 3314 τοῖς
2168 3248 2426 3313 τοιούτοις
2454 3249 2601 3303 ἐστὶν
2646 3251 2680 3321 ἡ
2723 3249 2949 3316 διάνοια,
2976 3251 3066 3304 καὶ
3104 3250 3264 3321 χρεία
3290 3253 3363 3321 τῇ
3403 3251 3608 3322 νεότητι

2024 3340 2113 3393 διὰ
2142 3339 2247 3394 τῶν
2277 3339 2624 3411 τελειοτέρων
2657 3340 2755 3411 τῆς
2784 3340 2919 3412 πρὸς
2946 3341 3007 3394 τὸ
3037 3342 3282 3412 κρεῖττον
3321 3342 3611 3412 γινομένης

2027 3431 2422 3505 χειραγωγίας·
2458 3431 2647 3485 τούτου
2677 3432 2836 3503 χάριν
2880 3434 2909 3486 ὁ
2958 3431 3297 3503 δωδεκαέτης
3342 3435 3413 3505 τῇ
3450 3436 3609 3504 μητρὶ

2028 3520 2409 3586 ὑποτάσσεται,
2441 3520 2527 3575 ἵνα
2563 3520 2712 3593 δείξῃ
2744 3521 2825 3575 ὅτι
2861 3521 2924 3575 τὸ
2951 3520 3039 3574 διὰ
3065 3521 3354 3593 προκοπῆς
3383 3521 3610 3576 τελειοῦ-

2031 3627 2191 3680 μενον
2228 3611 2356 3679 πρὶν
2395 3611 2475 3674 εἰς
2516 3611 2578 3664 τὸ
2619 3610 2823 3665 τέλειον
2849 3609 3072 3681 φθάσαι,
3120 3609 3302 3674 καλῶς
3341 3612 3447 3682 τὴν
3488 3614 3609 3666 {am-

2026 3702 2221 3774 ταγὴν,
2248 3702 2323 3766 ὡς
2350 3703 2687 3774 χειραγωγὸν
2719 3702 2856 3775 πρὸς
2883 3703 2943 3756 τὸ
2978 3701 3201 3772 ἀγαθὸν,
3233 3704 3608 3773 καταδέχεται.

2040 3793 2097 3848 '0
2127 3794 2184 3848 δέ
2217 3794 2303 3848 ἀεὶ
2331 3793 2533 3856 τέλειος
2582 3795 2640 3846 ἐν
2678 3793 2839 3846 παντὶ
2859 3792 3080 3862 ίάγαθῷ,
3120 3792 3214 3847 καὶ
3246 3796 3392 3863 μήτε
3429 3812 3612 3865 προκο-

2029 3883 2137 3955 πὴν
2177 3885 2313 3954 μήτε
2347 3884 2568 3954 μείωσιν
2607 3883 2902 3954 δυνάμενος
2948 3884 3034 3953 ἐφ’
3071 3883 3265 3936 ἑαυτοῦ
3315 3885 3611 3951 καταδέξα-

2032 3973 2177 4040 σθαι,
2206 3971 2294 4026 διὰ
2314 3972 2375 4025 τὸ
2396 3971 2693 4043 ἀπροσδεὲς
2730 3971 2827 4043 τῆς
2853 3970 3066 4041 φύσεως
3090 3971 3254 4024 αὑτοῦ
3298 3973 3399 4026 καὶ
3424 3974 3614 4044 ἁμείωι

2029 4082 2141 4129 τον,
2165 4064 2304 4136 ὑπὲρ
2332 4063 2476 4128 τίνος
2505 4063 2884 4129 ὑποτάσσεται,
2922 4063 3023 4116 οὑκ
3057 4063 3122 4117 ἂν
3160 4065 3339 4117 εἰπεῖν
3368 4064 3547 4135 ἔχοιεν
3570 4068 3611 4117 οξ

2031 4157 2210 4211 πάντα
2243 4155 2489 4223 λέγοντες
2518 4154 2951 4227 ἀπερισκέπτως.
2984 4154 3105 4207 Ὅτι
3142 4154 3251 4225 γὰρ
3290 4154 3386 4208 διὰ
3420 4157 3613 4227 σαρκὸς

362 4262 489 4304 cere
514 4246 606 4317 qui
637 4247 821 4302 omnia
852 4247 1039 4302 dicunt
1066 4246 1488 4302 inconsiderate.
1523 4245 1657 4300 Nam
1689 4245 1833 4315 quod
1865 4260 1923 4301 eo

2098 4274 2102 4318 γ
2136 4245 2450 4318 ἀνθρωπίνῃ
2492 4245 3057 4317 συναναστρεφόμενος
3086 4243 3262 4315 φύσει,
3300 4247 3363 4299 ἐν
3394 4247 3465 4317 τῇ
3502 4263 3615 4299 ara:-

362 4348 630 4410 tempore,
660 4353 771 4408 quo
793 4337 850 4392 in
875 4351 1039 4393 carne
1065 4351 1188 4393 cum
1226 4336 1464 4392 humana
1497 4336 1818 4393 versabatur
1839 4350 1930 4391 na-

361 4438 508 4495 tura,
530 4429 584 4482 in
613 4436 772 4484 aetate
802 4427 994 4497 puerili
1028 4441 1126 4498 per
1145 4440 1211 4483 ea
1239 4442 1360 4497 quae
1380 4426 1599 4498 agebat.
1631 4427 1788 4497 quasi
1814 4426 1930 4497 lege

358 4518 632 4591 iuventuti
671 4518 1034 4573 obedientiam
1079 4518 1378 4585 sanciebat,
1409 4518 1536 4572 hinc
1578 4524 1749 4588 patet.
1783 4519 1928 4588 quod

362 4612 433 4667 ad
484 4609 782 4681 perfectam
827 4616 1041 4665 aetatem
1088 4624 1443 4681 progressus,
1507 4609 1619 4679 iam
1666 4625 1774 4665 non
1814 4625 1929 4664 am-

362 4703 510 4774 plius
539 4715 571 4757 a
604 4700 795 4757 matris
818 4707 1088 4771 potestate
1125 4700 1413 4773 pendebat.
1453 4699 1547 4755 illa
1581 4702 1725 4756 enim
1752 4704 1929 4773 ipsum

366 4794 621 4849 hortante
661 4794 717 4850 in
751 4790 899 4848 Cana
928 4789 1161 4846 Galilzeae
1199 4797 1259 4845 ut
1294 4805 1447 4845 suam
1489 4791 1800 4847 ostenderet
1831 4806 1931 4862 po-

363 4884 601 4942 tentiam
627 4883 683 4938 in
718 4883 945 4954 nuptiali
979 4884 1161 4954 epulo,
1194 4890 1249 4939 et
1283 4898 1442 4938 usum
1482 4882 1597 4938 vini
1632 4883 1929 4954 largiretur

362 4977 638 5044 convivio,
686 4977 970 5048 egentibus
1018 4975 1236 5046 quidem
1273 4989 1382 5031 non
1424 4974 1699 5030 recusavit
1727 4972 1933 5045 gratiﬁ-

365 5073 516 5140 cari;
544 5078 850 5126 maternum
878 5075 1057 5124 autem
1097 5067 1408 5132 consilium.
1442 5074 1502 5122 ut
1528 5064 1676 5138 quod
1709 5065 1934 5121 minime

366 5163 423 5218 in
460 5171 704 5233 tempore
730 5160 1107 5228 adhiberetur,
1134 5160 1345 5231 reiecit,
1381 5160 1591 5225 dicens,
1634 5156 1776 5226 Quid
1807 5158 1934 5212 mihi

364 5262 419 5308 et
454 5254 568 5319 tibi,
611 5252 802 5308 mulier
828 5254 891 5307 '?
916 5251 1171 5322 Nunquid
1207 5253 1370 5308 etiam
1418 5252 1561 5307 hanc
1593 5266 1769 5308 meam
1804 5257 1932 5305 aeta-

368 5350 477 5397 tem
514 5357 703 5413 rogere
737 5342 857 5399 vis?
888 5326 959 5399 an
994 5342 1239 5399 nondum
1280 5358 1400 5399 mea
1435 5345 1582 5401 venit
1625 5342 1782 5409 hora,
1812 5358 1933 5413 quae

371 5436 574 5501 praetmt
614 5435 759 5488 aetati
798 5443 858 5489 ut
890 5435 1117 5505 imperet
1152 5442 1209 5491 et
1254 5437 1325 5494 sit
1369 5436 1451 5492 sui
1483 5434 1665 5506 iuris?
1709 5431 1763 5488 Si
1801 5448 1929 5503 ergo

438 5611 467 5696 "
519 5610 651 5665 Luc.
695 5627 757 5686 ιι,
791 5615 878 5667 51.
953 5616 973 5646 ⁸
1015 5615 1177 5670 Hebr.
1240 5633 1309 5679 tv,
1376 5618 1454 5669 l3.

1566 5618 1584 5648 ’
1625 5615 1781 5670 Joau.
1824 5633 1884 5684 ll,
1924 5616 1979 5670 4.

2034 4338 2158 4409 δικῇ
2189 4336 2375 4408 ἡλικίᾳ
2415 4335 2741 4406 ἐνομοθέτει,
2771 4335 2840 4389 δι’
2872 4327 2947 4389 ὧν
2981 4334 3169 4401 ἐποίει,
3202 4333 3304 4405 τὴν
3340 4334 3615 4403 ὑποταγὴν

2035 4432 2101 4502 τῇ
2133 4429 2362 4499 νεότητι,
2391 4428 2547 4499 δῆλόν
2592 4428 2739 4481 ἐστιν
2783 4427 2846 4481 ἐκ
2876 4425 2971 4480 τοῦ
3020 4425 3154 4498 πρὸς
3187 4426 3248 4479 τὸ
3285 4426 3498 4480 τέλειον
3530 4428 3617 4495 τῆς

2036 4520 2249 4593 ἡλικίας
2278 4520 2437 4573 αὑτὸν
2484 4518 2813 4591 προελθόντα
2855 4517 3049 4589 μηκέτι
3087 4516 3222 4588 πρὸς
3257 4517 3360 4588 τὴν
3387 4520 3492 4589 τῆς
3523 4534 3615 4588 μη-

2036 4614 2163 4685 τρὸς
2213 4611 2457 4678 ἐξουσίαν
2509 4611 2745 4681 βλέπειν.
2798 4608 3252 4682 Προτρεπομένης
3303 4608 3416 4679 γὰρ
3466 4609 3649 4662 αὑτὸ-ν

2038 4703 2251 4775 ἐκείνης
2287 4705 2347 4757 ἐν
2377 4702 2530 4774 Κανᾷ
2574 4703 2671 4773 τῆς
2713 4701 3002 4764 Γαλιλαίας
3028 4699 3197 4765 δεῖξαι
3240 4699 3343 4770 τὴν
3370 4698 3617 4769 δύναμιν,

2040 4800 2097 4852 ἐν
2117 4794 2193 4866 τῷ
2214 4795 2451 4849 λείποντι
2480 4797 2546 4866 τῇ
2577 4793 2867 4864 πανδαισίᾳ
2894 4791 3002 4846 τῶν
3026 4792 3239 4863 ⁸ιὀἳμων,
3272 4791 3370 4845 καὶ
3402 4791 3507 4862 τὴν
3536 4789 3618 4843 τοῦ

2039 4886 2183 4940 οἴνου
2228 4886 2415 4957 χρείαν
2452 4889 2518 4956 τῇ
2566 4885 2768 4956 εὐωχίᾳ
2815 4881 3162 4957 χαρίσασθαι,
3200 4880 3299 4953 τὴν
3342 4880 3447 4951 μὲν
3473 4882 3617 4952 χάρι»

2038 4980 2148 5041 τοῖς
2175 4976 2445 5048 δεομένοις
2468 4978 2769 5051 παρασχεῖν
2803 4976 2903 5031 οὑκ
2938 4973 3244 5045 ἠρνήσατο,
3280 4970 3384 5042 τὴν
3423 4972 3485 5025 δὲ
3529 4989 3616 5041 μη-

2036 5071 2215 5143 τρῴαν
2246 5067 2572 5141 συμϐουλὴν,
2599 5069 2674 5132 ὡς
2698 5066 2876 5122 οὐκέτι
2904 5066 3043 5121 κατὰ
3065 5064 3256 5135 καιρὸν
3285 5062 3444 5135 αὑτῷ
3474 5077 3605 5133 προσ

2037 5160 2307 5233 αγομένην
2354 5159 2743 5231 ἀπεποιήσατο,
2799 5154 2996 5210 εἰπών·
3054 5154 3115 5209 Τί
3166 5152 3302 5223 ἐμοὶ
3356 5148 3461 5209 καί
3510 5152 3616 5209 σοὶ.

2032 5253 2242 5318 quirat;
2274 5251 2365 5323 Μὴ
2394 5251 2488 5304 καὶ
2545 5249 2747 5321 ταύτης
2780 5264 2882 5320 μου
2911 5244 3012 5317 τῆς
3041 5244 3259 5316 ἡλικίας
3302 5245 3605 5297 ἐπιστατεῖν

2034 5344 2235 5409 ἐθέλεις
2257 5362 2271 5414 ;
2303 5343 2467 5398 Οὔπω
2488 5344 2613 5416 ἥκει
2644 5359 2743 5414 μου
2770 5344 2803 5413 ή
2830 5341 2949 5412 ὥρα
2973 5340 3005 5409 ἡ
3036 5339 3095 5391 τὸ
3118 5337 3468 5409 αὐτοκρατὲς
3494 5350 3613 5402 παρ⁴

2035 5436 2261 5508 εχθμένη
2304 5439 2366 5508 τῇ
2391 5436 2575 5508 ἡλικίᾳ
2612 5434 2703 5489 καὶ
2738 5432 3114 5498 αὐτεξούσιον;
3147 5429 3211 5484 El
3234 5426 3335 5485 οῦν
3365 5431 3427 5482 ἐν
3448 5430 3512 5500 τῇ
3538 5424 3609 5477 6:3
