3696 5986
23 261 79 316 09
542 260 607 314 ΙΝ
643 260 872 323 ILLUD,
915 262 1101 319 TUNC
1144 262 1304 318 IPSE
1327 262 1555 321 FILIUS
1596 263 2066 336 SUBJiClETUR,
2109 267 2286 333 ETC.,
2327 266 2606 327 ORATIO.
3058 276 3198 332 1310

21 380 141 446 ρκὶς
167 375 282 446 ζωῇ
322 375 380 428 τὸ
424 373 665 445 καθῆκον
687 375 784 446 τῆς
824 374 1038 446 ἡλικίας
1078 378 1273 451 μέτρον
1299 381 1398 451 τὴν
1425 381 1480 447 τί

1743 382 1816 436 ita
1845 398 1966 453 qua:
1989 390 2073 440 est
2104 383 2158 438 in
2193 398 2379 449 carne,
2403 386 2584 455 justus
2606 395 2660 442 et
2691 402 3004 461 competens
3022 403 3198 448 ιειειιε

22 466 350 538 ννησαμένης
416 467 694 538 ὑποταγὴν
754 468 1103 522 ἀποσείεται’
1159 470 1281 524 τίνα
1346 471 1481 542 χώρα

1739 472 1826 527 lus
1846 474 2131 545 genitricis
2154 477 2358 530 excutit
2385 478 2802 547 subjet-tionem,
2829 498 2987 552 quem
3019 484 3198 537 locum

21 575 52 610 ει
83 557 331 625 ὑποταγὴ
383 558 442 609 ὲν
476 559 544 627 τῇ
589 556 684 610 τοῦ
720 557 1069 623 δεσπόζοντος
1107 560 1142 595 ³⁵
1179 561 1237 614 ἐν
1272 562 1339 631 τῇ
1368 561 1480 614 δυνι

1741 570 1829 619 eat
1861 565 2130 635 subjectio
2162 566 2219 621 in
2258 566 2367 622 vita
2420 568 2588 631 illius,
2623 571 2716 639 qui
2763 571 2816 624 in
2861 573 3062 627 virtute
3104 589 3200 628 sua

21 650 91 721 at;
123 648 293 703 αὑτοῦ
322 648 416 702 τοῦ
447 650 663 715 αἱῶνος,
686 650 791 704 οὑκ
809 651 874 706 ἄν
905 669 989 716 τις
1011 656 1184 707 εἰπεῖν
1205 653 1333 725 ἔχοι.
1370 655 1480 708 Ἴδιι

1739 654 1831 708 ulo
1870 654 2203 721 dominatur,
2249 672 2413 712 nemo
2457 658 2640 717 dicere
2686 662 2877 731 possit.
2910 661 3198 732 Proprium

24 760 51 814 ρ
84 742 185 812 τῆς
220 742 370 806 θείας
408 741 502 795 καὶ
544 743 817 814 μακαρίας
857 744 973 798 ἐστὶ
999 745 1167 816 ζωῆς,
1199 746 1261 799 τὸ
1301 746 1483 801 πάντοπ

1744 758 1807 799 ac
1837 745 2112 815 peculiare
2140 746 2339 802 divinae
2364 755 2526 818 atque
2558 748 2729 805 beatae
2763 751 2904 815 vitae,
2925 752 2980 806 in
3012 752 3203 808 eodem

36 833 103 903 τῷ
142 831 294 903 αὑτῷ
321 833 614 905 διαμένειν,
646 835 739 888 καὶ
778 833 879 905 τὴν
910 835 970 900 ἐξ
1001 834 1336 900 ἀλλοιώσεως
1367 854 1495 907 μετα

1751 852 1847 907 per
1876 850 2117 903 manere,
2153 851 2257 891 nec
2288 838 2574 895 admittere
2596 840 2952 895 mutationem
2995 855 3115 910 quae
3151 839 3206 893 [it

19 926 98 995 ἰὴν
128 926 203 997 μὴ
233 926 572 999 προσίεσθαι.
615 926 767 980 Ἐπεὶ
790 922 884 981 οῦν
923 929 951 981 6
984 929 1041 981 ὲν
1078 929 1219 1000 ἀρχῇ
1255 929 1333 983 ὢν
1360 930 1478 999 Λόγ‹

1747 927 2090 984 alteratione.
2138 926 2273 983 Cum
2309 943 2441 997 ergo
2471 930 2614 997 quod
2662 939 2781 986 erat
2832 932 2887 985 in
2936 931 3206 1002 principio

20 1019 293 1090 ιονογενὴς
325 1018 458 1083 Θεὸς
502 1018 779 1090 ἀλλότριός
814 1020 931 1073 ἐστι
980 1020 1309 1092 παρακοπῆς
1351 1021 1479 1075 πάσι

1744 1020 1869 1075 bum
1920 1020 2234 1091 unigenitus
2302 1020 2396 1076 Dei
2461 1020 2635 1079 Filius
2690 1024 2903 1079 alienus
2947 1024 3016 1077 ab
3056 1023 3203 1077 omni

19 1111 36 1162 ὶ
68 1109 429 1174 ἀλλοιώσεως,
461 1107 581 1173 πῶς
617 1110 646 1163 ὃ
674 1109 769 1164 νῦν
800 1111 911 1164 οὑκ
938 1110 1052 1163 ἐστι
1083 1111 1219 1181 μετὰ
1251 1110 1422 1164 ταῦτα
1446 1128 1478 1180 γ

1749 1109 1949 1166 'ectuet
1979 1110 2301 1166 alteratione
2320 1112 2414 1176 sit,
2451 1112 2908 1181 quemadmodum
2937 1112 3027 1167 ﬁet
3057 1123 3208 1181 post—

19 1217 86 1252 ται
111 1218 127 1267 ;
161 1201 241 1254 Οὑ
268 1201 376 1272 γὰρ
404 1200 480 1265 ὡς
508 1201 594 1254 ἀεὶ
631 1201 1067 1272 ὑπο-τεταγμένου
1092 1200 1186 1254 τοῦ
1214 1201 1345 1255 Υίοῦ
1369 1219 1478 1273 φησ

1755 1203 1899 1271 quod
1953 1216 2065 1256 non
2092 1209 2178 1257 est
2216 1202 2404 1255 nunc?
2439 1201 2559 1257 Non
2598 1203 2745 1258 enim
2773 1202 2878 1257 ltoc
2906 1202 3039 1255 dit-it
3069 1205 3211 1271 Apo-

19 1290 356 1356 ’Δπόστολος,
390 1290 503 1343 ἀλλ’
532 1291 609 1355 ὡς
638 1291 772 1361 πρὸς
802 1291 878 1363 τῷ
894 1293 1039 1346 τέλει
1076 1292 1177 1364 τῆς
1204 1293 1299 1348 τοῦ
1332 1297 1478 1347 παντέ

1749 1311 1827 1360 us,
1848 1293 1992 1365 quod
2012 1293 2185 1351 Filius
2205 1309 2422 1365 semper
2442 1292 2827 1365 sitsubjectus,
2853 1294 2946 1351 sed
2969 1293 3115 1365 quod
3154 1294 3208 1348 in

18 1382 392 1453 μπληρὼσεως
444 1382 726 1454 μέλλοντος
775 1384 1206 1439 ὑποτάσσεσθαι·
1259 1385 1432 1439 καίτοι

1768 1386 2255 1441 consummationis
2285 1385 2661 1442 universitatis
2698 1384 2978 1455 subjectus
3017 1383 3089 1439 sit
3126 1383 3211 1437 fu-

18 1474 102 1526 λὸν
152 1475 190 1544 ἡ
240 1474 507 1545 ὑποταγὴ,
560 1474 653 1528 καὶ
690 1474 838 1539 ἄξιον
888 1476 1016 1546 περὶ
1066 1475 1200 1529 Θεοῦ
1256 1476 1477 1545 λέγεσθε

1750 1491 1813 1531 ιε.
1844 1477 2008 1546 Atqui
2053 1476 2098 1531 si
2134 1476 2335 1530 bonum
2370 1482 2453 1531 est
2503 1476 2795 1546 subiectio,
2836 1482 2890 1531 et
2919 1491 3009 1531 res
3048 1474 3209 1546 digna

17 1564 60 1629 3;
91 1566 190 1619 νῦν
229 1565 441 1637 ἀπέστη
489 1565 583 1619 τοῦ
628 1567 763 1620 Θεοῦ
808 1568 867 1620 τὸ
908 1567 1112 1633 καλόν;
1159 1569 1383 1641 Ἐπίσης
1424 1571 1476 1639 γὲ

1751 1592 1755 1620 :
1796 1569 1865 1624 de
1912 1568 2024 1624 Deo
2066 1569 2301 1633 dicatur,
2354 1568 2625 1639 quomodo
2670 1568 2803 1622 illud
2851 1583 2881 1621 a
2910 1569 3020 1623 Deo
3066 1582 3210 1622 nunc

17 1673 164 1719 ιντως
212 1657 543 1729 ἀμφοτέροις
604 1657 765 1712 καλὸν
790 1700 806 1723 ,
859 1657 939 1728 τῷ
997 1676 1056 1714 τε
1111 1660 1476 1732 ὑποτασσομέι

1750 1666 1790 1713 ιι
1832 1659 2078 1715 bonum?
2109 1658 2205 1714 Est
2228 1660 2373 1714 enim
2403 1675 2469 1713 ex
2501 1674 2657 1726 aequo
2691 1658 2893 1713 bonum
2922 1659 3209 1722 ambobus,

17 1744 78 1815 ᾧ,
111 1717 210 1799 καί
362 1717 460 1818 τὴν
493 1717 772 1820 ὑποταγὴν
791 1717 1068 1803 ’τοῦ-Υἱοῦ
1110 1717 1400 1823 δεχομένῳ.
1424 1754 1476 1806 II:

1753 1748 1859 1804 ’ilio
1892 1749 1986 1819 qui
2040 1749 2347 1818 subjicitur,
2385 1755 2438 1803 et
2470 1717 2617 1801 Patri
2663 1746 2756 1817 qui
2804 1744 2929 1800 Filii
2980 1717 3212 1817 suscipit

17 1836 51 1892 ί.
84 1838 481 1893 Λείπειτοίνυν
519 1841 577 1893 ὲν
603 1839 680 1910 τῷ
709 1840 935 1913 παρόντι
976 1841 1071 1896 καὶ
1110 1842 1186 1914 τῷ
1227 1844 1403 1918 Πατρὶ
1440 1863 1473 1900 κ

1754 1839 2060 1909 iectionem.
2115 1837 2277 1894 Deest
2315 1853 2445 1909 ergo
2475 1837 2531 1892 in
2568 1838 2854 1907 praesentia
2883 1844 2939 1891 et
2975 1834 3123 1890 Patri
3159 1846 3213 1891 et

15 1930 161 2002 ιΥίῷ
192 1931 253 1984 τὺ
291 1932 532 1986 τοιοῦτον
568 1932 750 1997 καλὸν,
780 1935 872 1988 καὶ
914 1934 943 1988 6
981 1935 1057 2005 μὴ
1095 1936 1253 2006 ἔσχεν
1284 1937 1390 2009 πρὸ
1426 1940 1474 1991 τε

1752 1945 1780 1985 o
1805 1930 1912 1986 tale
1934 1931 2159 1997 bonum,
2197 1941 2247 1985 et
2272 1929 2415 1998 quod
2454 1944 2563 1983 non
2591 1928 2820 1983 habebat
2853 1935 2979 1981 ante
3016 1931 3211 1982 saecula

15 2019 158 2074 ὡνων
198 2023 335 2093 μήτε
365 2025 395 2077 6
440 2023 649 2095 Πατὴρ,
679 2024 816 2095 μήτε
847 2026 875 2078 6
904 2026 1053 2090 Υἱὸς,
1089 2025 1248 2080 τοῦτο
1274 2030 1366 2082 ἐπὶ
1396 2047 1474 2100 συι

1752 2039 1819 2079 ue
1854 2023 2034 2088 Pater,
2063 2038 2242 2093 neque
2284 2020 2474 2086 Filius,
2503 2022 2607 2075 hoc
2644 2020 2700 2074 in
2739 2028 3041 2090 temporum
3064 2034 3211 2075 com-

15 2113 228 2182 .ηρὼσει
275 2112 385 2167 τῶν
431 2114 637 2186 χρόνων
693 2117 787 2170 καὶ
838 2117 917 2187 τῷ
964 2118 1136 2190 [Ia-cpi.
1184 2119 1278 2174 καὶ
1310 2119 1388 2192 τῷ
1422 2122 1474 2175 Υι

1756 2125 1913 2171 uento
1926 2115 2099 2171 aderit
2113 2122 2167 2170 et
2182 2113 2328 2168 Patri
2350 2123 2403 2168 ει
2420 2111 2576 2178 Filio,
2593 2113 2696 2167 hoc
2712 2111 2929 2182 quidem
2948 2112 3215 2166 subeunte

15 2205 404 2276 ,οε-γενήσεται,
432 2206 527 2260 τοῦ
562 2207 660 2278 μὲν
700 2209 1058 2280 ὑπομένοντος
1090 2211 1188 2283 τὴν
1234 2213 1474 2287 ὑποταγὴ

1757 2206 2037 2274 iectionem
2060 2246 2077 2271 ,
2126 2205 2217 2260 illo
2246 2212 2425 2260 autem
2460 2219 2572 2259 sua:
2595 2202 2780 2274 gloriae
2803 2218 2900 2273 per
2938 2202 3041 2256 hoc
3070 2202 3216 2256 acci-

15 2295 38 2347 ῦ
74 2295 133 2349 δὲ
184 2296 502 2368 προσθήκην
548 2297 669 2351 τινὰ
724 2300 818 2352 καὶ
850 2301 1147 2374 ἐπαύξησιν
1200 2304 1300 2376 τῆς
1342 2307 1473 2360 ἐαυτ

1755 2305 1823 2353 tte
1876 2297 2261 2353 accessionem
2304 2303 2359 2350 et
2418 2294 2848 2362 incrementum,
2905 2293 3050 2364 quod
3106 2309 3214 2348 non

13 2386 99 2456 Ξης
128 2386 223 2439 διὰ
254 2385 409 2439 τοῦτο
430 2387 814 2457 λαμϐάνοντος,
842 2390 909 2460 ἢν
943 2392 1001 2444 ὲν
1028 2390 1105 2463 τῷ
1141 2396 1367 2465 παρόντι
1398 2395 1472 2449 τέι

1758 2398 1806 2444 et
1854 2388 1909 2443 in
1953 2387 2260 2459 prmscntia.
2308 2384 2413 2441 Ubi
2457 2401 2585 2456 ergo
2617 2386 2671 2440 in
2716 2400 2783 2442 eo
2822 2392 2926 2450 εει,
2958 2399 3065 2439 non
3095 2399 3217 2441 esse

14 2493 44 2527 κ
77 2475 215 2545 ἔχει.
262 2474 373 2527 Ποῦ
418 2475 595 2530 τοίνυν
638 2478 695 2529 ἐν
728 2476 901 2549 τούτῳ
939 2479 999 2532 τὸ
1039 2479 1430 2546 άναλλοίωτον;
1465 2483 1473 2500 '

1754 2480 1958 2535 rabile?
1976 2493 2098 2533 nam
2121 2478 2266 2548 quod
2293 2476 2349 2530 ﬁt
2370 2484 2578 2546 postea,
2601 2490 2748 2531 nunc
2773 2483 2951 2531 autem
2978 2489 3085 2529 non
3109 2482 3213 2536 εει,

13 2584 55 2635 ιρ
89 2565 235 2637 μετὰ
266 2566 440 2621 ταῦτά
476 2585 526 2621 τι
564 2567 874 2639 γενόμενον,
905 2569 1000 2623 νῦν
1049 2570 1105 2623 δὲ
1151 2571 1225 2642 μὴ
1276 2571 1355 2636 ὃν,
1408 2572 1472 2626 ῐδι

1756 2572 1923 2643 prium
1971 2570 2251 2625 mutabilis
2296 2575 2528 2623 natum.
2588 2566 2648 2621 Si
2700 2581 2830 2638 ergo
2876 2567 3077 2621 bonum
3133 2573 3215 2622 est

14 2674 45 2722 λς
74 2657 320 2729 τρεπτῆς
364 2658 479 2711 ἐστι
520 2659 753 2727 φύσεως.
807 2659 934 2714 Εῐτε
977 2656 1069 2715 οῦν
1116 2662 1278 2715 καλὸν
1328 2664 1364 2733 ἡ
1407 2663 1473 2716 ὑπ

1759 2661 1931 2725 lectio,
1963 2675 2110 2715 nunc
2138 2674 2356 2730 quoque
2393 2657 2541 2728 quod
2586 2656 2787 2713 bonum
2817 2667 2922 2721 est,
2959 2653 3070 2710 Deo
3099 2670 3218 2711 esse

14 2750 108 2820 γὴ,
145 2749 240 2802 καὶ
279 2748 373 2802 νῦν
417 2744 552 2803 εἶναι
600 2752 866 2821 προσήκει
910 2752 1187 2806 πιστεύειν
1226 2753 1305 2824 τῷ
1330 2754 1450 2825 Θεῷ

1758 2753 1977 2808 lendum
2014 2760 2118 2808 est.
2171 2748 2266 2806 Sin
2291 2757 2472 2805 autem
2506 2748 2611 2803 hoc
2642 2746 2923 2818 indignum
2964 2754 3049 2802 est
3073 2747 3217 2815 quod

13 2840 110 2894 ιλόν
131 2859 145 2872 '
177 2840 287 2894 εἴτε
336 2840 552 2907 ἀνάξιον
593 2842 685 2895 ἐπὶ
731 2842 825 2896 τοῦ
867 2843 1003 2898 Θεοῦ
1035 2845 1095 2899 τὸ
1124 2846 1384 2913 τοιοῦτον,
1413 2845 1472 2901 οῦ

1761 2847 1866 2903 Deo
1909 2847 2163 2909 dicatur,
2200 2859 2377 2915 neque
2420 2857 2567 2898 nunc
2610 2850 2716 2905 est,
2763 2855 2940 2910 neque
2978 2853 3220 2909 unquam

11 2952 79 2998 ιν,
129 2932 256 2986 οὔτε
300 2933 509 2990 ἄλλοτε.
566 2934 724 2988 Ἀλλὰ
772 2936 878 3007 μήν
931 2951 1093 3006 φησιν
1142 2939 1171 2991 6
1220 2938 1470 2992 ’Δπόστολ

1759 2956 1802 2997 ε.
1852 2939 2015 3010 Atqui
2067 2934 2201 2993 dicit
2242 2934 2537 3007 Apostolus
2576 2932 2778 2989 Filium
2826 2930 2932 2988 Deo
2977 2940 3032 2987 et
3069 2930 3218 2985 Patri

12 3041 68 3122 τε
94 3024 537 3096 ύττοταγήσεσθαι
563 3026 655 3081 τὸν
691 3027 839 3091 Υίὸν,
870 3028 991 3098 οὑχὶ
1021 3027 1115 3083 νῦν
1152 3029 1471 3102 ὑποτετάχθι

1756 3045 1777 3086 c
1800 3045 1924 3086 esse
1952 3026 2375 3099 subjiciendum,
2407 3040 2515 3079 non
2558 3037 2706 3079 nunc
2731 3038 2854 3079 esse
2883 3021 3215 3091 subjectum.

23 3109 170 3185 τΛρα
199 3115 333 3187 πρὸς
362 3115 521 3169 ἄλλον
556 3116 678 3171 τινὰ
726 3117 925 3172 σκοπὸν
952 3118 1137 3188 βλέπει
1177 3122 1206 3173 6
1240 3120 1417 3190 λόγος,
1445 3138 1482 3174 κ

1762 3134 1852 3175 ιιιιι
1887 3134 2020 3188 ergo
2047 3118 2115 3172 ad
2143 3116 2378 3187 aliquem
2411 3114 2575 3169 alium
2603 3128 2831 3183 scopum
2854 3111 3049 3181 aspicit
3074 3110 3220 3178 Apo-

11 3205 141 3277 Ξρῤω
172 3204 274 3275 τῆς
304 3205 411 3258 τῶν
439 3205 730 3277 αἱρετικῶν
760 3208 1044 3272 κακονοίας
1068 3209 1185 3263 ἐστὶ
1215 3210 1276 3263 τὸ
1296 3210 1389 3264 τοῦ
1421 3212 1470 3266 όι

1763 3229 1839 3279 us,
1867 3219 1924 3267 et
1952 3226 1984 3266 a
2016 3222 2273 3281 perversa
2313 3207 2697 3263 haereticorum
2742 3202 3097 3273 intelligentia
3130 3216 3222 3256 re-

11 3315 123 3361 ιτος
157 3298 588 3369 σημαινόμενον;
618 3299 713 3363 Τίς
738 3295 830 3354 οὖν
860 3300 890 3352 6
918 3300 1102 3370 λόγοςς
1137 3301 1290 3373 Τάχα
1325 3302 1413 3358 διὰ
1439 3321 1470 3357 τ

1764 3319 1850 3359 ιιιιι
1883 3311 1969 3359 εει
1990 3301 2353 3373 signiﬁcatum
2386 3297 2667 3354 nominis?
2694 3296 2951 3363 Quaenam
2974 3304 3059 3350 est
3089 3308 3223 3363 ergo

11 3389 326 3461 ιμφράσεως
368 3389 475 3442 τῶν
517 3389 596 3460 τῷ
634 3390 789 3461 μέρει
822 3390 996 3462 τούτῳ
1038 3392 1470 3463 συγγεγραμμένι

1764 3396 1819 3451 ›ι
1846 3392 2105 3447 Fortasse
2137 3391 2182 3446 si
2216 3389 2383 3446 simul
2411 3389 2665 3443 dicantur
2699 3400 2822 3457 quae
2859 3387 2913 3440 in
2946 3386 3048 3440 hac
3069 3391 3223 3454 parte

11 3480 158 3533 ἱλλον
186 3481 251 3535 ἄν
275 3497 359 3543 τις
397 3480 598 3535 κατίδοι
636 3481 698 3535 τὸ
732 3482 923 3553 νόημα.
966 3482 1182 3554 Ἐπειδὴ
1209 3483 1317 3553 γὰρ
1341 3484 1470 3553 ἀγωπ

1757 3487 1804 3542 ul
1849 3485 2052 3554 scripta
2097 3489 2246 3545 sunt,
2280 3493 2478 3536 sensus
2507 3478 2680 3547 magis
2709 3475 2944 3546 perspici
2992 3473 3216 3544 poterit.

11 3572 144 3624 τικδν
185 3571 322 3641 πρὸς
371 3573 498 3636 τοὺς
540 3572 858 3644 Κορινθίους
903 3573 1229 3644 ἑνεστήσατο
1271 3574 1461 3643 λόγον,

1760 3577 1914 3633 iniam
1962 3575 2108 3631 enim
2139 3572 2404 3628 adversus
2441 3566 2758 3625 Corinthios
2788 3565 3219 3636 objurgatorium

11 3681 55 3734 ιν
99 3664 203 3733 μὲν
248 3664 329 3727 εἰς
378 3664 471 3718 τὸν
515 3663 717 3735 Κύριον
762 3663 1124 3736 παρεδέξαντο
1160 3664 1362 3729 πίστιν,
1391 3666 1452 3719 τὸ

1759 3666 2135 3723 :ontentiosum
2183 3676 2494 3720 sermonem
2543 3659 2873 3721 instituerat,
2922 3654 3018 3726 qui
3060 3653 3218 3708 Iidem

11 3761 54 3829 ᾗς
78 3757 433 3823 ἀναστάσεως
468 3756 578 3810 τῶν
608 3757 909 3830 ἀνθρώπων
946 3758 1122 3830 δόγμα
1160 3758 1328 3830 μῦθον
1356 3760 1470 3831 ᾠήθ

1764 3759 1865 3815 lem
1896 3756 1953 3812 in
1986 3755 2275 3811 Dominum
2307 3756 2688 3822 susceperant,
2719 3749 2788 3803 de
2817 3744 3223 3802 resurrectione

11 3869 58 3904 ιν
119 3851 373 3919 λέγοντες
392 3866 406 3882 ⁸
457 3849 590 3916 Πῶς
656 3850 985 3919 ἐγείρονται
1038 3855 1092 3907 οἱ
1146 3854 1348 3922 νεκροί
1364 3870 1383 3919 ;
1436 3858 1470 3908 Β

1760 3865 1827 3907 3m
1878 3847 2161 3902 hominum
2206 3843 2513 3900 doctrinam
2553 3840 2851 3897 censebant
2890 3851 3013 3893 esse
3062 3833 3219 3890 fabu-

11 3945 110 4011 οίῳ
141 3942 370 4012 σώματι
400 3942 698 4011 ἕρχονται;
728 3937 808 4006 οἷς
828 3943 1177 4016 πολυτρόπως
1205 3946 1299 3999 καὶ
1330 3947 1470 3999 πολυλ

1762 3981 1777 4004 ,
1816 3939 2061 3994 dicentes
2095 3955 2111 3992 :
2143 3932 2418 4001 Quomodo
2461 3933 2766 3988 excitantur
2803 3928 3044 3984 mortui?
3073 3926 3220 3996 quali

11 4035 63 4099 ὅς
109 4032 252 4105 μετὰ
295 4033 386 4086 τὸν
434 4032 660 4086 θάνατον
707 4034 787 4097 είς
828 4034 1131 4106 ἀφανισμὸν
1179 4036 1437 4108 περιῆλθε

1768 4040 1859 4084 ιιηι
1906 4040 2123 4097 corpore
2145 4027 2189 4058 °'
2222 4064 2241 4093 ,
2286 4024 2488 4095 quibus
2520 4020 2876 4077 multifariam
2929 4017 3223 4087 multisque

11 4125 216 4197 ἱιματα,
250 4123 284 4194 ἦ
321 4122 409 4177 διὰ
451 4123 666 4192 σήψεως
714 4122 821 4175 τῶν
871 4107 1470 4197 σαρκοϐόρων,ίὲρπετιῑ

1758 4124 1827 4180 iis
1868 4133 2102 4191 corpora
2141 4126 2267 4189 post
2294 4125 2526 4171 mortem
2558 4114 2732 4170 deleta
2763 4118 2892 4168 sunt
2921 4117 2975 4166 et
3001 4107 3217 4163 interie-

11 4216 180 4287 ικτῶν
196 4254 213 4281 ,
273 4213 533 4268 πετεινῶν
559 4252 573 4276 ,
623 4212 963 4285 τετραπόδων
1028 4216 1407 4283 άναλωθέντα;
1462 4218 1470 4265 ὲ

1766 4224 1801 4283 t,
1834 4222 1927 4269 aut
1975 4226 2070 4283 per
2107 4207 2471 4280 putredinem,
2510 4214 2605 4259 aut
2646 4220 2745 4275 per
2774 4217 2994 4259 carnem
3027 4215 3225 4287 voran-

11 4284 122 4363 ξῦτο
172 4306 399 4369 πολλοὺς
443 4306 628 4369 αὐτοῖς
681 4284 950 4377 παρέθετο
1000 4306 1312 4377 λογισμοὺς,
1350 4308 1470 4363 πείθ

1803 4302 2037 4375 reptilia,
2070 4297 2340 4360 natatilia,
2383 4293 2651 4356 volucria,
2690 4298 2747 4347 et
2787 4297 3023 4360 quatuor
3059 4284 3223 4386 pedes

11 4400 36 4472 η
77 4401 149 4469 τῇ
187 4397 397 4451 ἑαυτῶν
443 4396 670 4467 δυνάμει
727 4398 827 4468 τὴν
876 4396 971 4450 τοῦ
1018 4397 1153 4451 Θεοῦ
1208 4400 1470 4469 παρισάζε

1766 4396 1911 4453 entia
1958 4390 2215 4448 animalia
2263 4393 2586 4455 consumpta
2636 4380 2779 4438 sint?
2824 4386 3112 4450 propterea
3142 4380 3225 4431 eis

11 4490 92 4562 ψ’
124 4491 249 4542 ὅσον
287 4487 558 4559 ἀνθρῦπῳ
591 4486 888 4555 ἀμήχανον,
925 4485 1018 4539 καὶ
1050 4486 1141 4539 ἐπὶ
1180 4485 1315 4539 Θεοῦ
1348 4486 1410 4539 τὸ
1441 4486 1470 4539 ἴ‹

1768 4498 1853 4544 tas
1894 4484 2076 4541 attulit
2109 4481 2373 4545 rationes,
2427 4482 2488 4531 ιιι
2536 4489 2637 4529 nec
2685 4486 2799 4528 sua:
2840 4476 3092 4539 potentia:
3130 4480 3224 4537 po—

12 4560 207 4641 εσθαι,
240 4577 356 4631 ἀλλ’
400 4579 465 4630 ὲκ
508 4575 617 4628 τῶν
644 4576 933 4645 γνωρίμων
974 4575 1106 4645 ἡμῖν
1144 4575 1471 4647 ὑποδειγμάτ

1766 4582 1878 4635 iam
1934 4577 2028 4633 Dei
2081 4571 2486 4634 assimilarent,
2542 4580 2643 4622 nec
2698 4563 2841 4635 quod
2887 4561 2957 4617 ab
3006 4560 3225 4614 homine

11 4699 16 4721 ι
52 4671 345 4743 μεγαλεῖον
374 4669 474 4739 τῆς
517 4667 665 4731 θείας
705 4666 951 4730 ἐξουσίας
982 4665 1424 4735 ἀναλογίζεσθαι*
1462 4686 1470 4722 :

1768 4685 1801 4723 a
1853 4669 2068 4722 ratione
2117 4662 2233 4719 ﬁeri
2265 4666 2462 4731 potest,
2509 4656 2562 4712 id
2605 4669 2707 4710 nec
2754 4669 2785 4707 a
2825 4651 2934 4709 Deo
2975 4649 3225 4707 similiter

11 4741 109 4818 ne)
149 4761 469 4833 προτίθησιν
515 4760 701 4821 αὑτοῖς
744 4758 842 4829 τὴν
889 4757 1017 4829 περὶ
1061 4758 1128 4811 τὰ
1175 4756 1403 4828 σώματα
1448 4776 1470 4813 τ

1765 4794 1769 4811 ν
1798 4772 1962 4828 posse
1994 4754 2396 4813 existimarent,
2426 4746 2521 4803 sed
2559 4760 2627 4801 ex
2665 4743 2825 4798 nobis
2866 4741 3011 4796 notis
3039 4753 3224 4796 exem-

11 4856 305 4929 τερμάτων
335 4851 772 4924 θαυματουργίαν
801 4850 910 4903 τῶν
941 4851 1028 4904 ἀεὶ
1052 4851 1470 4922 καινοτομουμέι

1786 4848 1879 4903 Dei
1904 4847 2185 4916 potestatis
2219 4846 2534 4913 reputarent
2558 4833 2989 4905 magnitudinem
3021 4849 3034 4886 :
3060 4838 3115 4887 et
3144 4833 3223 4883 ita

11 4925 208 5016 make;
241 4945 391 5008 θείας
416 4944 715 5014 δυνάμεως,
746 4944 837 4996 καὶ
870 4941 946 5005 ὡς
979 4943 1077 4996 οὐκ
1099 4942 1358 5015 ἠτόνησεν
1394 4945 1427 5014 ἡ
1459 4960 1470 4987 ε

1765 4936 1982 4993 adducit
2014 4933 2394 4990 admirabilem
2434 4928 2704 4987 seminum
2747 4925 2799 4980 in
2825 4937 3056 4993 corpora
3098 4936 3224 4991 ope.

11 5042 104 5096 εοῦ
143 5037 308 5106 σοφία
340 5035 517 5107 μυρία
563 5035 828 5105 σωμάτων
865 5031 980 5103 εἴδη
1024 5032 1165 5087 κατὰ
1212 5033 1275 5086 τὸ
1322 5035 1432 5087 πᾶν

1763 5043 1944 5091 onem,
1962 5042 2084 5097 qua:
2099 5040 2312 5095 semper
2333 5039 2363 5079 a
2385 5022 2567 5078 divina
2588 5025 2919 5076 renovantur
2936 5021 3222 5085 potestate,

11 5134 178 5200 ιρεῖν,
221 5126 475 5195 λογικῶν,
517 5126 724 5194 ἀλόγων
750 5163 765 5186 ,
812 5124 1093 5196 ἐναερίων,
1127 5123 1416 5196 χερσαίων,
1463 5142 1470 5178 :

1765 5118 1895 5190 ιιιοά
1925 5117 2124 5173 divinat
2148 5115 2435 5185 sapientiae.
2464 5129 2573 5170 non
2600 5111 2773 5169 defuit
2801 5115 3043 5182 potestas
3075 5108 3224 5162 inve-

11 5225 80 5277 ὒν
163 5222 289 5275 κατ’
354 5219 581 5291 οὐρανὸν
638 5219 771 5287 ἡμῖν
848 5216 1301 5287 προφερομένων,
1344 5216 1440 5269 τοῦ

1768 5213 1843 5268 ιᾱὶ
1874 5212 1929 5266 in
1957 5208 2316 5265 universitate
2350 5205 2768 5261 innumerabilia
2808 5216 3099 5275 corporqu
3138 5215 3227 5270 ge-

38 5317 125 5367 ίου
169 5314 269 5366 καὶ⁵
321 5312 430 5365 τῶν
486 5310 686 5364 λοιπῶν
721 5309 993 5380 ἀστέρων,
1040 5302 1115 5361 ὧν
1161 5309 1389 5363 ἕκαστον
1440 5310 1497 5363 θε

1768 5318 1832 5367 a,
1872 5294 2084 5355 ratione
2126 5295 2510 5367 prmditorum,
2554 5294 2870 5359 brutorum,
2920 5303 3227 5351 seruorum,

11 5408 209 5477 ινάμει
254 5403 544 5475 γενόμενον
567 5443 581 5464 ,
632 5399 727 5453 τοῦ
778 5401 873 5453 καὶ
917 5399 1056 5453 κατὰ
1107 5401 1204 5470 τὴν
1266 5401 1470 5455 ἀνάστα

1771 5393 2035 5458 ·εειι·ἰιιιιι,
2064 5396 2119 5445 ει
2163 5402 2349 5444 eorum
2387 5400 2510 5455 quae
2554 5399 2585 5438 a
2636 5387 2796 5441 nobis
2842 5392 3141 5441 cernuntur
3176 5387 3230 5435 in

11 5501 50 5569 ὴ
83 5497 153 5550 ἂν
187 5494 461 5565 ἀπορῆσαι
485 5492 575 5544 τὸν
605 5491 739 5545 Θεὸν
759 5490 1038 5561 ἡμετέρων
1080 5490 1342 5561 σωμάτων
1370 5492 1470 5562 ἡμό

1776 5485 1843 5553 is,
1873 5495 2068 5556 nempe
2087 5478 2218 5537 solis
2242 5484 2296 5534 et
2324 5485 2645 5533 ιιιειειιιιιιιιι
2676 5477 2977 5544 stellarum,
3000 5486 3230 5547 quorum

50 5674 95 5704 "
138 5671 153 5723 ι
184 5662 434 5730 (ᾅυιξκγ,
470 5667 537 5720 53
