3690 5986
443 239 572 295 15η

1875 243 2245 300 APPENDIX.
2365 246 2385 258 '
3156 232 3162 240 ’

2212 246 2245 300 ἱ.
2365 246 2385 258 '
3156 232 3162 240 ’
3586 247 3669 298 ιδι

445 350 866 424 unumquodque
899 353 1080 410 divina
1104 363 1283 411 ortum
1317 357 1535 422 virtute,
1562 367 1644 413 est
1669 357 1891 414 evidens

2221 359 2388 426 ἱδειξις
2449 359 2673 426 γίνεται.
2716 359 2780 411 Εἰ
2818 357 2926 428 γὰρ
2975 357 3044 411 τὰ
3095 357 3224 410 ὄντα
3276 357 3466 410 πάντα
3512 357 3610 409 οὐκ
3653 358 3678 410 ἐκ

439 454 755 517 gumentum
798 445 854 498 iu
900 460 1191 516 corporqu
1241 456 1554 504 nostrorum
1613 452 2015 506 resurrectione

440 536 663 590 modum
697 551 763 591 ac
804 537 1068 592 rationem
1112 537 1222 594 Deo
1253 541 1475 595 minime
1507 540 1838 596 defuturam.
1878 541 2012 594 Nam

442 628 486 679 si
515 642 856 698 quaecunque
878 637 1028 692 sunt,
1060 645 1169 684 non
1203 647 1268 685 ex
1298 633 1480 701 aliqua
1515 633 1758 703 subjecta
1787 634 2013 688 materia

443 719 510 772 ad
536 735 654 774 eam
681 719 910 774 formam
941 736 1049 790 qua
1092 723 1527 792 conspiciuntur,
1570 725 1816 780 traducta
1846 733 2011 790 sunt;

445 810 538 865 sed
569 810 752 864 divina
780 811 1032 866 voluntas
1077 811 1180 866 fuit
1214 816 1440 870 materia
1471 823 1526 871 et
1553 819 1790 872 essentia
1831 832 2012 872 rerum

445 902 513 955 ab
538 902 735 970 Opiﬁce
775 913 1119 956 creatarum:
1155 905 1324 958 multo
1349 907 1520 977 magis
1569 907 1684 962 ﬁeri
1725 917 1921 977 potest,
1958 915 2016 960 ut

443 995 586 1064 quod
619 995 731 1064 jam
762 1003 865 1059 est,
900 1011 1093 1052 rursus
1130 997 1185 1051 in
1208 998 1481 1068 prapriam
1525 999 1750 1069 ﬁguram
1785 1000 2015 1054 reduca-

446 1095 554 1148 tur,
596 1101 759 1156 quam
795 1096 853 1140 ut
885 1091 1030 1156 quod
1062 1104 1171 1142 non
1221 1098 1339 1144 erat
1376 1105 1406 1143 a
1446 1091 1734 1161 principio,
1785 1091 1852 1145 ad
1881 1091 2014 1146 sub-

445 1179 698 1231 stantiam
727 1179 907 1232 veniat
946 1187 1001 1234 et
1043 1181 1362 1236 essentiam.
1394 1181 1530 1236 Cum
1556 1198 1687 1253 ergo
1713 1184 1765 1236 in
1797 1184 1866 1239 iis
1897 1199 2016 1254 quze

446 1268 582 1337 ipsis
605 1268 760 1337 prius
789 1269 1020 1334 dixerat,
1045 1272 1395 1336 ostendisset,
1421 1273 1566 1344 quod
1599 1274 1774 1343 primo
1797 1274 2018 1330 homine

447 1360 502 1412 in
539 1368 738 1412 terram
787 1375 884 1429 per
925 1371 1147 1431 peccata
1195 1365 1453 1427 resoluto,
1493 1373 1548 1418 et
1581 1375 1867 1435 propterea
1907 1375 2019 1423 ter-

445 1450 608 1506 restri
650 1453 952 1516 nominato,
999 1469 1339 1525 consequens
1381 1465 1554 1522 esset,
1602 1467 1659 1511 ut
1702 1475 1810 1514 non
1856 1475 2016 1515 secus

446 1552 610 1610 atque
635 1543 745 1605 ille,
772 1543 807 1596 ii
832 1559 1048 1613 quoque
1075 1544 1261 1600 ﬁerent
1283 1547 1373 1615 qui
1403 1563 1467 1600 ex
1495 1549 1586 1602 illo
1616 1548 1883 1603 duxerant
1905 1551 2015 1604 ori—

447 1635 648 1701 ginem,
675 1634 852 1703 utqui
891 1650 1078 1690 omnes
1101 1653 1164 1690 ex
1202 1652 1266 1691 eo
1297 1638 1390 1691 toti
1418 1648 1603 1694 essent
1642 1651 1926 1696 terrestres
1961 1651 2016 1696 et

448 1723 748 1776 mortales:
801 1726 1112 1781 necessario
1174 1727 1455 1794 subjuuxit
1501 1729 1663 1782 etiam
1719 1731 2014 1785 secundum

449 1816 916 1883 consequentiam,
948 1832 1044 1886 per
1079 1833 1240 1888 quam
1273 1819 1433 1871 homo
1472 1836 1664 1875 rursus
1701 1838 1765 1876 ex
1801 1824 2016 1877 mortali

449 1904 779 1961 reformatur
801 1905 868 1959 ad
899 1906 1381 1972 immortalitatem,
1423 1909 1587 1964 simili
1621 1911 1782 1964 modo
1809 1913 2014 1975 dicens,

451 1996 505 2049 in
557 2006 748 2050 natura
804 1998 1003 2051 bonum
1052 1997 1223 2054 fuisse
1268 2000 1642 2070 ingeneratum
1689 2019 1754 2056 ex
1800 2021 1908 2058 uno
1962 2006 2016 2058 in

449 2102 638 2143 omnes
673 2088 952 2150 diﬁ'usum.
995 2091 1136 2145 sicut
1163 2099 1216 2146 et
1249 2093 1450 2146 malum
1491 2093 1746 2150 diﬁusum
1780 2095 1880 2151 fuit
1924 2113 2020 2165 per

451 2195 643 2246 unum,
686 2181 847 2235 simul
880 2197 1002 2235 cum
1047 2183 1396 2238 successione
1443 2195 1782 2254 posterorum
1822 2188 2018 2242 dilata-

447 2277 585 2324 tum.
627 2269 767 2326 Usus
794 2285 877 2327 est
919 2282 1097 2328 autem
1138 2274 1223 2330 his
1266 2276 1468 2342 verbis,
1500 2277 1567 2331 de
1602 2277 1705 2332 hac
1733 2294 1790 2333 re
1823 2279 2018 2350 dogma

453 2361 803 2418 conﬁrmans.
829 2363 1065 2428 Primus,
1097 2367 1292 2434 inquit,
1322 2367 1474 2420 homo
1497 2383 1560 2422 ea:
1589 2379 1730 2423 terra
1759 2379 2015 2436 terrenus,

453 2453 707 2507 secundus
733 2463 908 2507 autem
941 2471 968 2509 e
997 2456 1144 2510 ca’lo.
1181 2457 1370 2523 Qualis
1399 2468 1655 2521 terrenus,
1685 2461 1814 2514 tales
1839 2471 1886 2515 et
1916 2473 2021 2515 ter-

449 2544 582 2598 reni.
616 2543 684 2598 Et
713 2536 887 2616 qualis
911 2547 1154 2612 ctelestis,
1197 2549 1326 2602 tales
1362 2559 1411 2603 et
1464 2552 1713 2605 caelestes.
1757 2552 1822 2605 Et
1883 2555 2022 2607 sicut

452 2636 776 2704 portavimus
825 2636 1108 2706 imaginem
1161 2641 1378 2704 terreni,
1435 2641 1511 2692 ita
1555 2651 1820 2709 portemus
1860 2644 2020 2696 etiam

448 2726 730 2796 imaginem
756 2726 1002 2782 cwlestis.
1039 2725 1173 2782 Cum
1199 2729 1284 2784 his
1314 2744 1445 2800 ergo
1475 2738 1528 2785 et
1557 2732 1828 2787 similibus
1861 2735 2022 2786 ratio-

449 2817 622 2873 nibus‘
680 2819 1059 2875 conﬁrmasset
1107 2821 1602 2888 resurrectionem,
1659 2832 1713 2879 et
1767 2839 1863 2893 per
1916 2827 2022 2880 alia

450 2911 622 2963 multa
652 2910 940 2966 haereticos
968 2912 1297 2983 syllogismis
1335 2921 1388 2967 et
1428 2914 1673 2969 collectis
1715 2915 2021 2970 rationibus

2116 466 2258 511 τινος
2291 449 2652 518 ὑποκειμένης
2697 448 2828 517 ὕλης
2880 447 3017 518 πρὸς
3071 447 3132 499 τὸ
3181 447 3519 516 φαινόμενον
3577 461 3669 514 μετ

2113 537 2599 611 εσκευάσθη,ἀλλά
2617 539 2676 591 τὸ
2709 539 2850 592 θεῖον
2896 538 3107 609 θέλημα
3152 538 3250 609 ὓλη
3288 539 3388 591 καὶ
3420 537 3585 589 οὐσία
3617 537 3679 588 τῶ

2114 630 2608 700 δημιουργημάτων
2635 631 2880 698 ἐγένετο·
2920 629 3054 682 πολὺ
3087 629 3285 699 μᾶλλον
3319 629 3562 681 δυνατὸν
3587 625 3686 679 eivs:

2115 720 2541 786 κατασκευάζειν
2583 721 2643 774 τὸ
2677 722 2777 792 ἤδη
2823 720 2882 775 ὃν
2929 722 3010 784 είς
3054 720 3115 773 τὸ
3164 720 3292 773 [διον
3325 721 3528 789 σχῆμα
3565 719 3685 772 πάλι

2115 813 2504 884 ἐπαναχθῆναι,
2535 813 2567 884 ἦ
2595 813 2656 866 τὸ
2694 812 2754 877 ἐξ
2790 812 2961 883 ἀρχῆς
2992 811 3066 882 μὴ
3095 811 3153 864 ὃν
3195 815 3274 875 εἰς
3316 811 3630 864 ὑπόστασίν
3659 829 3685 861 τη

2117 904 2209 958 καὶ
2238 905 2424 958 οὐσίαν
2458 904 2651 960 ἐλθεῖν.
2679 904 2868 968 Δείξας
2896 905 3074 957 τοίνυν
3102 905 3160 955 ἐν
3203 906 3318 966 τοῖς
3343 902 3497 972 πρὸς
3526 903 3679 955 αὑτοὺ

2115 993 2329 1061 λόγοις,
2372 996 2453 1047 ὅτι
2501 994 2596 1047 τοῦ
2646 994 2861 1064 πρώτου
2912 994 3197 1065 ἀνθρώπου
3245 996 3322 1057 εἰς
3356 995 3474 1063 γῆν
3514 993 3601 1044 διὰ
3625 993 3685 1062 τῆ

2118 1086 2386 1156 ἁμαρτίας
2417 1086 2792 1150 ἀναλυθέντος,
2820 1086 2915 1140 καὶ
2943 1087 3030 1140 διά
3072 1085 3228 1139 τοῦτο
3264 1085 3467 1156 χοϊκοῦ
3502 1085 3686 1154 κληθέν

2115 1194 2224 1241 τος,
2249 1177 2540 1231 ἀκόλουθον
2575 1175 2642 1248 ἦν
2693 1179 2813 1232 κατ’
2856 1180 3060 1231 ἐκεῖνον
3107 1178 3352 1240 καὶτοὺς
3401 1177 3468 1243 ἐξ
3515 1178 3685 1229 ἐκείνο

2116 1268 2364 1336 γενέσθαι
2418 1270 2624 1332 πάντας
2667 1270 2879 1340 χοῖκοὺς
2927 1269 3019 1321 καὶ
3067 1268 3291 1339 θνητοὺς
3327 1268 3470 1330 τοὺς
3521 1269 3588 1320 ὲκ
3630 1265 3685 1318 eo?

2115 1359 2355 1412 τοιούτου
2387 1360 2606 1428 φύντας,
2638 1361 2947 1428 ἀναγκαίως
2978 1361 3254 1428 ἐπήγαγεν
3279 1361 3377 1411 καὶ
3411 1360 3520 1425 τὴν
3552 1357 3686 1410 δευτὲὲ

2121 1469 2216 1522 ραν
2245 1453 2579 1508 ἀκολουθίαν.
2609 1453 2673 1505 δι’
2701 1449 2768 1523 ἧς
2802 1452 3264 1521 ἀναστοιχειοῦται
3305 1451 3486 1503 πάλιν
3529 1453 3592 1502 ἐκ
3629 1451 3685 1501 τοὲ

2119 1541 2312 1612 θνητοῦ
2364 1543 2498 1614 πρὸς
2539 1542 2835 1595 ἀθανασίαν
2888 1544 2918 1595 ὁ
2973 1542 3274 1612 ἄνθρωπος,
3328 1541 3685 1611 ὁμοιοτρόπωκ

2116 1635 2308 1702 λέγων,
2339 1635 2399 1688 τὸ
2431 1635 2630 1702 ἀγαθὸν
2662 1634 3049 1705 ὲγγεγενῆσθαι
3081 1637 3144 1704 τῇ
3179 1634 3334 1702 φύσει
3381 1633 3446 1697 ἐξ
3498 1635 3616 1695 ἑνὸς
3643 1636 3681 1684 εἰ

2120 1729 2328 1790 πάντας
2366 1727 2642 1796 χεόμενον,
2683 1725 2870 1795 ὥσπερ
2922 1725 3016 1776 καὶ
3055 1724 3115 1778 τὸ
3157 1725 3320 1776 κακὸν
3361 1724 3436 1776 δι’
3485 1725 3603 1784 ἐνὸς
3642 1724 3679 1774 εἰ

2118 1817 2322 1888 πλῆθος
2350 1817 2531 1886 ὲχέθη,
2555 1818 2619 1887 τῇ
2654 1816 2868 1885 διαδοχῇ
2897 1814 3002 1867 τῶν
3042 1816 3466 1885 ἐπιγινομένων.
3499 1815 3688 1886 Τούτου

2117 1909 2173 1961 δὲ
2204 1909 2463 1978 κέχρηται
2496 1910 2604 1970 τοῖς
2631 1907 2857 1976 ῥήμασι,
2882 1906 2942 1958 τὸ
2967 1907 3094 1976 περὶ
3126 1906 3315 1960 τούτου
3334 1906 3529 1977 δόγμα
3558 1924 3687 1958 καται

2120 2000 2414 2063 σκευάζων.
2451 2000 2502 2050 Ὀ
2527 1997 2774 2066 πρῶτος,
2801 1998 2983 2068 φησιν,
3008 1998 3315 2065 ἅνθρωπος
3341 1999 3419 2051 ἐκ
3453 1997 3571 2067 γῆς
3595 2006 3687 2064 χιι·

2119 2094 2243 2157 κὸς,
2264 2095 2294 2144 o’
2315 2091 2588 2158 δεύτερος
2607 2090 2676 2154 ἐξ
2699 2088 2978 2157 adparat}.
2996 2084 3129 2154 Οἷος
3158 2093 3190 2142 ό
3205 2091 3434 2158 χοὶκὸς,
3462 2090 3687 2142 τοιοῦτοι

2120 2185 2216 2239 καὶ
2249 2188 2301 2237 ot
2333 2184 2560 2252 χοϊκοί·
2580 2183 2678 2235 καὶ
2699 2180 2818 2248 οἶος
2850 2186 2883 2236 ό
2920 2181 3296 2248 ἐπουράνιος,
3319 2181 3590 2234 τοιοῦτοι
3622 2197 3688 2233 χοε

2121 2275 2548 2343 οἱέποιφάνιοι.
2581 2275 2687 2328 Καὶ
2715 2275 2900 2339 καθὼς
2941 2273 3310 2342 ἑφορὲσαμεν
3345 2273 3471 2338 τὴν
3516 2275 3688 2327 εικόνι

2119 2367 2226 2421 τοῦ
2263 2367 2490 2436 χοϊκοῦ,
2525 2367 2676 2420 οὕτω
2705 2367 3049 2434 φορέσωμεν
3082 2365 3179 2418 καὶ
3217 2365 3330 2431 τὴν
3368 2367 3588 2418 εἰκόνα
3617 2367 3688 2417 rct

2120 2458 2497 2525 ἑποιιρανίου.
2539 2458 2756 2521 Τούτοις
2811 2458 2988 2509 τοίνυν
3050 2457 3138 2509 καὶ⁵
3179 2459 3290 2518 τοῖς
3327 2456 3600 2518 τοιούτοις
3635 2457 3687 2507 λο

2121 2550 2336 2618 γισμοῖς
2367 2548 2639 2618 κρατύνας
2669 2548 2760 2601 τὸν
2792 2549 2916 2619 περὶ
2931 2547 3028 2617 τῆς
3044 2549 3391 2609 ἀναστάσεως
3424 2547 3606 2614 λόγον,
3629 2565 3687 2598 κα

2120 2640 2204 2693 διὰ
2233 2641 2439 2694 πολλῶν
2461 2640 2660 2712 ἑτέρων
2691 2643 2815 2704 τοὺς
2846 2641 3152 2712 αἱρετικοὺς
3179 2643 3291 2704 τοῖς
3331 2640 3688 2709 συλλογισμοῐ⁶

2125 2730 2480 2800 συμποδίσας,
2503 2732 2558 2782 ὲν
2585 2724 2663 2792 οἷς
2684 2730 3032 2783 ἀπεδείκνυεν
3048 2730 3139 2783 τὸν
3161 2729 3502 2783 ἀπιστοῦντα
3526 2733 3593 2799 τῇ
3614 2730 3688 2780 τῶν

2121 2822 2422 2892 ἀνθρώπων
2450 2823 2759 2887 ἀναστάσει,
2781 2823 2916 2893 μηδὲ
2933 2822 3024 2874 τοῦ
3051 2820 3286 2892 Χριστοῦ
3312 2821 3687 2891 προσδέχεσῦα

2121 2915 2220 2985 τὴν
2265 2916 2577 2979 ἀνάστασιν,
2617 2914 2704 2968 διὰ
2754 2915 2850 2986 τῆς
2905 2915 3011 2968 τῶν
3058 2913 3423 2984 συνημμένων
3462 2913 3687 2983 ἀλλήλοι.

449 3004 603 3072 quasi
643 3004 1011 3074 illaqueasset,
1061 3006 1113 3060 in
1165 3006 1369 3076 quibus
1409 3007 1730 3062 ostendebat
1765 3023 1888 3063 eum

2232 3011 2332 3078 κῆς
2375 3008 2784 3072 κατασκευάσας
2839 3008 2899 3062 τὸ
2961 3009 3018 3061 ὲν
3071 3010 3184 3071 τοῖς
3249 3007 3689 3078 συμπεράσμασει

451 3108 561 3146 non
590 3095 764 3149 credit
791 3105 1133 3151 mortuorum
1175 3097 1656 3162 resurrectionem,
1708 3113 1776 3152 ne
1819 3098 2020 3153 Christi

452 3185 669 3253 quidem
703 3185 992 3242 admittere
1027 3189 1507 3253 resurrectionem,
1530 3205 1626 3260 per
1648 3205 2019 3246 connexorum

449 3287 694 3332 mutuam
721 3279 863 3335 inter
882 3296 940 3336 se
962 3280 1192 3336 invicem
1214 3281 1629 3347 conuexionem,
1657 3283 2019 3338 inevitabilem

452 3369 676 3423 molitur
716 3371 1144 3438 conclusionem,
1193 3372 1275 3427 sic
1323 3372 1548 3428 dicens:
1585 3373 1767 3429 Sinon
1811 3384 1888 3428 est
1933 3392 2020 3429 re-

451 3462 705 3516 surrectio
749 3471 1098 3526 mortuorum,
1153 3479 1244 3517 uec
1299 3462 1543 3519 Christus
1594 3468 1902 3521 resurrexit.
1960 3468 2022 3523 Si

450 3553 693 3610 Christus
756 3565 931 3608 autent
988 3571 1089 3607 non
1137 3557 1453 3620 resurrexit,
1515 3557 1690 3611 inanis
1738 3568 1815 3611 est
1860 3559 2022 3612 etiam

451 3654 633 3697 nostra
675 3644 729 3697 in
773 3645 944 3712 ipsum
983 3643 1132 3712 ﬁdes.
1169 3643 1302 3698 Nam
1345 3644 1392 3698 si
1414 3659 1541 3698 vera
1584 3653 1668 3699 est
1698 3645 2017 3715 propositio,

449 3733 594 3802 quod
639 3732 890 3788 Christus
929 3733 1166 3788 surrexit
1211 3751 1240 3785 a
1296 3734 1549 3799 mortuis,
1593 3743 1808 3804 oportet
1857 3735 2018 3790 etiam

451 3825 674 3878 omnino
713 3824 816 3879 hoc
866 3838 1174 3878 connexum
1211 3839 1335 3880 esse
1382 3840 1566 3880 verum
1589 3867 1604 3892 ,
1643 3841 1836 3896 nempe
1875 3841 2022 3882 mor-

450 3923 670 3970 tuorum
714 3931 837 3971 esse
870 3917 1352 3972 resurrectionem.
1385 3916 1491 3972 Per
1516 3918 1848 3989 singularem
1876 3919 2019 3974 enim

451 4001 974 4058 demunstrationem
1015 4005 1066 4059 id
1088 4021 1306 4076 quoque
1325 4007 1472 4077 quod
1511 4015 1596 4063 est
1622 4010 1900 4073 universe,
1945 4010 2021 4064 si-

451 4093 565 4147 mul
587 4093 1013 4150 demonstratur.
1034 4095 1100 4150 Et
1116 4105 1328 4163 contra,
1353 4099 1398 4154 si
1415 4099 1539 4169 quis
1557 4100 1809 4157 universe
1827 4099 2018 4156 falsum

451 4199 573 4240 esse
624 4184 789 4250 dicat,
829 4194 1162 4242 mortuorum
1206 4203 1329 4244 esse
1373 4192 1857 4257 resurrectionem,
1918 4203 2020 4245 nec

452 4275 598 4346 quod
644 4283 728 4331 est
774 4277 828 4331 in
869 4277 1134 4348 singulari
1181 4279 1405 4334 omnino
1454 4296 1637 4336 verum
1692 4282 2019 4346 invenietur,

2121 3100 2359 3169 ἄφυκτον
2407 3100 2598 3168 λέγων,
2647 3101 2728 3153 ὅτι
2791 3102 2857 3154 Et
2909 3098 3244 3164 ἀνάστασις
3311 3098 3550 3167 νεκρῶν
3610 3102 3690 3150 at":

2119 3192 2306 3252 ἔστιν,
2345 3191 2486 3244 οὐδὲ
2519 3191 2772 3260 Χριστὸς
2822 3191 3150 3260 ἐγήγερται,
3181 3193 3250 3244 Et
3279 3191 3348 3243 δὲ
3392 3195 3426 3244 ὁ
3453 3193 3690 3258 Χριστίι

2121 3287 2231 3338 οὐκ
2250 3284 2579 3353 ἐγήγερται,
2607 3283 2827 3352 ματαία
2843 3283 2939 3336 καὶ
2965 3285 3000 3350 ἠ
3023 3285 3110 3347 εὶς
3127 3281 3314 3335 αὑτὸν
3334 3282 3544 3345 πίστις
3565 3279 3690 3332 ἐστι·

2121 3373 2231 3442 Τῆς
2267 3373 2374 3443 γάρ
2407 3375 2720 3443 προτάσεως
2771 3371 3004 3442 ἀληθοῦς
3043 3370 3230 3440 οὔσης,
3269 3372 3350 3423 ὅτι
3383 3371 3628 3440 Χριστὸς
3655 3371 3690 3420 ὲ]

2119 3465 2328 3536 νεκρῶν
2358 3467 2669 3536 ἐγήγερται,
2702 3466 2794 3517 καὶ
2820 3465 2880 3516 τὸ
2913 3463 3252 3534 συνημμένον
3291 3463 3466 3532 τούτῳ
3495 3462 3690 3515 πάντω.

2122 3556 2318 3627 ἀληθὲς
2346 3552 2484 3609 εἶναι
2512 3555 2638 3627 χρὴ,
2662 3555 2722 3607 τὸ
2749 3554 2956 3628 νεκρῶν
2982 3552 3118 3608 εἶναι
3142 3554 3456 3607 ἀνάστασιν.
3497 3555 3581 3625 Τῇ
3611 3554 3690 3623 γὰρ

2125 3651 2321 3719 μερικῇ
2359 3647 2629 3712 ἀποδείξει
2673 3647 2764 3700 καὶ
2810 3647 2870 3700 τὸ
2911 3647 3138 3700 καθόλου
3196 3647 3690 3701 συναποδείκνυται

2120 3743 2233 3796 Καὶ
2258 3742 2318 3794 τὸ
2346 3741 2580 3812 ἔμπαλιν
2615 3741 2770 3805 εἴτις
2795 3741 2855 3794 τὸ
2893 3742 3117 3794 καθόλου
3150 3741 3346 3810 ψεῦδος
3374 3737 3515 3794 εἶναι
3541 3741 3690 3808 λέγοι

2120 3835 2180 3885 τὸ
2209 3831 2416 3902 νεκρῶν
2445 3827 2583 3885 εἶναι
2613 3831 2925 3894 ἀνάστασιν,
2973 3830 3095 3882 οὐδὲ
3123 3831 3182 3882 τὸ
3212 3830 3302 3882 ἐπὶ
3336 3831 3536 3901 μέρους
3581 3832 3690 3882 πᾶν

2121 3944 2225 3989 τως
2253 3924 2444 3993 ἀληθὲς
2495 3922 2953 3994 εὑρεθήσεται,τὸ
2997 3922 3088 3974 τὸν
3115 3924 3348 3993 Χριστὸν
3397 3924 3462 3974 ἐκ
3503 3921 3690 3991 νεκρῶε

2122 4016 2436 4086 ὲγηγέρθαι.
2468 4015 2541 4066 Τὸ
2570 4014 2675 4084 γάρ
2701 4013 2930 4066 καθόλου
2966 4013 3222 4068 ἀδύνατον
3254 4013 3377 4066 οὐδέ
3422 4031 3528 4066 τινι
3550 4013 3686 4065 δυνα

2122 4108 2211 4160 τὸν
2256 4106 2406 4159 ἔσται
2454 4105 2690 4168 πάντως.
2727 4104 2886 4157 Ἀλλά
2915 4104 3020 4176 μὴν
3057 4105 3214 4158 τοῦτο
3260 4107 3374 4169 τοῖς
3408 4104 3690 4174 παραδεξα

2127 4201 2304 4269 μένοις
2335 4197 2424 4250 τὸν
2457 4197 2628 4264 Λόγον
2670 4196 2857 4249 πιστόν
2906 4198 3021 4250 ἐστι
3048 4196 3143 4250 καὶ
3181 4196 3596 4266 ἀναντίρρητον,
3636 4197 3690 4247 6:

2123 4289 2355 4360 Χριστὸς
2391 4289 2686 4361 ἐγήγερται
2717 4290 2779 4341 ὲκ
2817 4289 3047 4358 νεκρῶν,
3088 4288 3395 4356 ἀναγκαίως
3431 4290 3487 4340 ἐν
3524 4291 3590 4357 τῇ
3623 4305 3690 4356 με

451 4383 644 4438 nempe
673 4367 951 4424 Christum
979 4370 1286 4426 surrexisse
1311 4386 1342 4425 a
1379 4372 1629 4426 mortuis.
1655 4372 1788 4426 Nam
1819 4375 1866 4428 si
1898 4391 1908 4427 ι

2230 4385 2251 4452 ᾗ
2277 4381 2377 4450 τῆς
2405 4380 2752 4444 ἀναστάσεως
2779 4379 2871 4433 τοῦ
2909 4379 3144 4450 Χριστοῦ
3175 4379 3354 4432 πίστει
3396 4379 3491 4434 καὶ
3517 4381 3549 4447 ὴ
3582 4378 3687 4431 καθ

452 4475 608 4515 verse
633 4460 745 4515 ﬁeri
773 4476 880 4516 non
912 4470 1110 4532 potest,
1135 4479 1234 4519 nec
1254 4464 1414 4517 alicui
1442 4465 1663 4518 omnino
1685 4473 1860 4534 potest
1883 4467 2021 4522 ﬁeri.

450 4550 615 4619 Atqui
639 4549 705 4604 iis
721 4551 813 4620 qui
834 4549 1070 4606 Verbum
1103 4559 1485 4623 susceperunt,
1511 4553 1612 4608 hoc
1635 4563 1715 4611 est
1739 4557 2018 4622 credibile,

451 4639 517 4693 de
547 4654 655 4710 quo
685 4640 831 4693 nulla
862 4649 946 4695 est
973 4642 1189 4709 penitus
1232 4642 1627 4708 controversia,
1677 4645 1820 4714 quod
1864 4645 2024 4700 Chri-

452 4738 572 4788 stus
606 4733 900 4787 resurrexit
940 4747 970 4785 a
1006 4733 1271 4788 mortuis:
1303 4734 1616 4789 necessario
1641 4751 1771 4806 ergo
1816 4737 1870 4791 in
1911 4739 2023 4791 sin-

452 4823 626 4895 gulari
659 4823 760 4880 ﬁde
790 4825 1208 4882 resurrectionis
1239 4825 1462 4891 Christi,
1488 4827 1769 4884 credibilis
1806 4844 2024 4900 quoque

449 4917 556 4971 erit
585 4916 716 4971 ﬁdes
752 4931 872 4986 quzr
890 4924 974 4972 est
997 4917 1266 4971 universe.
1302 4915 1438 4970 Cum
1472 4933 1604 4989 ergo
1627 4933 1722 4974 eos
1744 4919 1809 4973 ad
1828 4920 2023 4988 dogma

451 5008 859 5077 suscipiendum
892 5008 973 5062 sic
1007 5007 1275 5077 coegisset
1307 5009 1660 5079 syllogistice,
1692 5025 1755 5065 ex
1781 5026 1846 5065 eo
1878 5011 2024 5081 quod

449 5101 672 5166 dixerit,
699 5101 755 5155 Si
787 5117 896 5156 non
927 5108 1011 5156 est
1042 5098 1210 5171 (nam
1235 5099 1285 5154 id
1320 5100 1464 5170 quod
1497 5101 1746 5156 universe
1783 5109 2020 5165 nonest,

451 5210 524 5249 ne
564 5194 617 5247 in
657 5193 841 5264 aliquo
874 5193 1092 5263 quidem
1141 5208 1262 5248 esse
1313 5200 1524 5262 potest,
1569 5194 1616 5246 si
1669 5209 1793 5247 cum
1840 5204 2020 5247 autem

452 5287 728 5342 credimus
780 5287 1175 5350 resurrexisse,
1213 5286 1334 5355 ejus
1380 5285 1457 5341 rei
1494 5285 1626 5340 ﬁdes
1673 5287 1867 5356 probat
1903 5286 2025 5338 uni-

451 5395 662 5434 versam
691 5380 969 5434 hominum
1001 5379 1505 5449 resurrectionem),
1531 5394 1766 5448 cumque
1797 5378 1873 5430 illi
1903 5392 2025 5430 ora-

450 5471 620 5536 tioni,
663 5487 772 5540 qua
822 5472 987 5540 hujus
1051 5471 1318 5543 dogmatis
1374 5472 1626 5526 universa
1679 5470 2024 5524 concluditur

453 5561 812 5623 conﬁrmatio,
866 5564 970 5618 hoc
1017 5563 1326 5632 adiecisset,
1377 5561 1518 5633 quod
1568 5562 1712 5618 sicut
1745 5563 1798 5616 in
1849 5563 2018 5616 Adam

455 5667 646 5708 omnes
688 5652 1016 5720 moriuntur,
1067 5656 1138 5708 ita
1181 5657 1342 5712 etiam
1381 5655 1432 5710 in
1467 5653 1682 5710 Christo
1721 5669 1909 5710 omnes
1950 5657 2020 5710 vi-

2123 4475 2243 4527 ὀλου
2270 4474 2328 4526 τὸ
2363 4473 2550 4526 πιστὸν
2579 4473 2710 4537 ἕξει.
2743 4473 2899 4525 Οὕτω
2931 4471 3110 4524 τοίνυν
3153 4471 3350 4534 αὐτοὺς
3379 4471 3690 4538 συλλογιστι

2125 4565 2236 4628 κῶς
2274 4564 2409 4636 πρὸς
2444 4564 2542 4636 τὴν
2581 4562 2889 4634 παραδοχὴν
2927 4561 3016 4614 τοῦ
3063 4561 3330 4631 δόγματος
3373 4564 3690 4628 συναναγκά

2125 4676 2243 4723 σας,
2282 4659 2344 4711 ὲκ
2377 4656 2468 4710 τοῦ
2499 4659 2690 4719 εἰπεῖν,
2720 4655 2800 4708 ὅτι
2836 4654 2897 4707 Et
2933 4655 3007 4725 μή
3045 4657 3188 4707 ἐστιν
3222 4654 3311 4724 (to
3343 4654 3454 4724 γάρ
3481 4653 3684 4705 καθόλο

2127 4751 2202 4820 μὴ
2253 4748 2331 4816 ὃν,
2376 4748 2496 4802 οὐδὲ
2552 4748 2608 4800 ἐν
2651 4765 2757 4802 τινι
2795 4746 3020 4799 δυνατὸν
3080 4741 3250 4798 εἶναι’
3306 4747 3356 4797 ει
3419 4745 3477 4797 δὲ
3525 4744 3690 4797 τοῦτο

2126 4841 2420 4913 ἐγηγέρθαι
2457 4841 2801 4912 πιστεύομεν,
2849 4839 2947 4910 τῆς
2997 4837 3222 4892 καθόλου
3262 4835 3370 4888 τῶν
3410 4835 3688 4907 ἀνθρώπω

2126 4934 2524 5004 ἀναστάσεωςή
2559 4933 2689 5004 περὶ
2715 4932 2903 4985 τούτου
2939 4930 3118 4993 πίστις
3148 4929 3424 4993 ἀπόδειξις
3456 4930 3690 4997 γίνεται)

2126 5028 2222 5082 καὶ
2253 5026 2509 5098 προσθεὶς
2557 5029 2732 5079 έκεῖνο
2777 5023 2853 5094 τῷ
2885 5023 3048 5092 λόγῳ,
3090 5016 3135 5090 ᾧ
3177 5024 3330 5075 πᾶσα
3369 5023 3402 5091 ἡ
3443 5021 3567 5090 περὶ
3618 5021 3690 5070 τοὶ

2124 5120 2394 5190 δόγματος
2410 5117 2598 5171 τούτου
2616 5115 2924 5187 κατασκευὴ
2943 5132 3006 5166 συ
3015 5131 3123 5185 μπε
3131 5115 3307 5184 ραίνετ
3316 5131 3372 5167 αι
3383 5157 3394 5175 ,
3411 5114 3690 5179 τὸ,“Ὠσπει

2128 5212 2185 5264 ἐν
2213 5210 2290 5280 τῷ
2328 5210 2498 5281 Ἀδὰμ
2524 5209 2720 5269 πάντες
2749 5206 3200 5278 ἀποθνήσκουσιν,
3224 5205 3398 5268 οὕτως
3435 5207 3528 5258 καὶ
3555 5207 3609 5255 ὲν
3633 5204 3690 5270 ti;

2126 5295 2345 5368 Χριστῷ
2379 5297 2578 5358 πάντες
2616 5293 3128 5365 ζωοποιηθήσονταιο
3160 5294 3350 5362 σαφῶς
3384 5293 3688 5348 ὲκκαλύπτε

2130 5389 2189 5443 τὸ
2222 5389 2349 5461 περὶ
2377 5387 2564 5441 τούτου
2599 5387 2910 5459 μυστήριον,
2945 5385 3078 5456 πρὸς
3116 5387 3145 5439 ὅ
3177 5402 3228 5438 τι
3277 5385 3464 5455 βλέπει
3513 5388 3566 5438 ὲν
3594 5387 3690 5434 τοί.

2131 5481 2350 5550 ἑφεξῆς,
2372 5480 2457 5534 διά
2484 5496 2627 5540 τινος
2651 5477 2953 5546 ἀναγκαίας
2999 5476 3315 5540 ἀκολουθίας
3349 5477 3486 5550 πρὸς
3532 5475 3584 5530 τὸ
3612 5475 3690 5527 πάι

2134 5591 2229 5643 ρας
2255 5573 2362 5626 τῶν
2387 5571 2750 5641 ἐλπιζομένων
2773 5569 3057 5624 διευθύνων
3088 5569 3177 5623 τὸν
3201 5567 3378 5638 λόγον.
