3690 5986
53 205 128 258 15ῖῦ

564 199 629 255 IN
672 201 894 268 ILLUD,
937 202 1119 260 ΤυΝο
1160 203 1311 260 IPSE
1336 202 1562 264 FILIUS
1594 201 2063 272 SUBJICIETUR,
2107 207 2282 276 ETC,
2330 200 2620 267 ORATIO.

3071 208 3212 265 15ίό

54 319 361 373 iitirahuntnr;
399 329 582 387 aperte
628 320 695 374 de
732 336 792 371 ea
831 335 888 375 re
933 322 1136 375 revelat
1187 322 1526 393 mysterium,
1567 336 1678 392 quo
1719 330 1928 392 spectet
1959 324 2011 378 in
2044 323 2112 379 iis
2136 340 2255 394 qua:
2283 333 2716 396 consequuntur,
2789 337 2885 394 per
2953 337 3211 379 necessa-

51 415 127 465 riam
160 410 438 480 quamdam
488 415 935 482 consequentiam
985 415 1052 469 ad
1106 416 1264 470 linem
1321 432 1535 478 eorum,
1575 430 1696 486 quae
1732 425 2040 486 sperantur,
2077 418 2316 490 dirigens
2342 421 2666 476 orationem.

88 503 127 554 ὐ
149 504 195 556 δὲ
234 505 434 567 σκοπὸς
469 505 576 559 τῶν
617 508 912 577 γινομένων
953 505 1103 574 οὗτός
1143 513 1308 565 ἐστιν.
1351 510 1544 580 Ἐκθή-
1575 517 1618 571 Α

51 615 144 665 πχιαι
182 597 232 651 δὲ
280 598 544 668 πρότερον
595 602 660 670 τῇ
711 601 946 670 ἐμαυτοῦ
990 600 1130 665 λέξει
1177 603 1274 669 τὴν
1310 601 1542 676 διάνοιαν

49 688 532 756 ιὶιιιγεγραμμένωνο
581 685 680 741 εἷθ’
726 689 868 744 οὕτω
919 692 1210 763 προσθήσω
1253 693 1344 745 τοῦ
1388 694 1544 746 Ἀπο-

50 781 159 831 ςτὸὶου
201 778 285 830 τὸν
331 779 488 847 λόγον
527 781 618 834 τὸν
663 785 727 852 τῇ
777 785 907 854 παρ’
957 785 1112 854 ἡμῶν
1155 785 1544 859 προεκτεθείσῃ

47 868 175 938 imi;
215 869 670 939 ἐφαρμοζόμενον.
729 872 825 936 Τίς
875 869 966 926 οὖν
1005 877 1034 926 ό
1078 875 1170 927 τοῦ
1216 875 1372 944 λόγου
1428 878 1544 930 ἐστὶ

48 961 190 1022 ante;
228 962 282 1014 ὃν
323 963 638 1034 δογματίζει
680 967 736 1018 ἐν
781 965 972 1036 ἐκείνῳ
1020 966 1098 1034 τῷ
1134 967 1288 1038 μέρει
1327 971 1355 1020 ὀ
1403 968 1543 1032 θεῖος

51 1053 323 1118 ’.ἱπὸςτολος;
355 1055 473 1107 Ὅτι
505 1056 630 1108 ποτέ
669 1057 802 1128 πρὸς
831 1057 891 1110 τὸ
943 1059 1016 1128 μὴ
1065 1058 1124 1111 ὃν
1166 1062 1198 1129 ὴ
1243 1058 1335 1112 τοῦ
1372 1059 1540 1112 κακοῦ

46 1139 140 1205 ξίςις
189 1145 590 1214 μεταχωρήσει,
645 1146 922 1208 παντελῶς
979 1147 1394 1216 ἐξαφανισθεῖσα
1446 1149 1539 1202 τοῦ

45 1229 248 1292 ξίτος,καὶ
277 1234 455 1285 πᾶσαν
495 1233 716 1306 λογικὴν
754 1235 911 1304 φύσιν
952 1237 984 1306 ἡ
1017 1236 1134 1289 θεία
1171 1255 1229 1291 τε
1274 1239 1365 1292 καὶ
1407 1241 1542 1310 ἀκή-

44 1337 141 1388 ρατος
165 1321 421 1392 ἀγαθότης
447 1327 502 1378 ἐν
528 1327 690 1396 ἑαυτῇ
723 1329 976 1400 περιέξει,
1009 1331 1232 1401 μηδενὸς
1261 1329 1366 1383 τῶν
1392 1331 1541 1402 παρὰ

43 1411 90 1461 εὖ
111 1411 220 1464 θεοῦ
256 1415 554 1480 γεγονότων
590 1418 686 1487 τῆς
728 1417 1002 1486 βασιλείας
1045 1420 1137 1472 τοῦ
1177 1420 1310 1473 Θεοῦ
1353 1422 1543 1474 ἀποπί-

43 1517 208 1563 πτοντος,
245 1505 369 1556 ὅταν
408 1506 586 1576 πάσης
624 1509 720 1578 τῆς
767 1510 1122 1581 ἐμμιχθείσης
1153 1513 1264 1574 τοῖς
1293 1507 1409 1564 οὖσι
1439 1530 1539 1565 κα-

41 1589 224 1654 ιίαςοίόν
252 1612 393 1659 τινος
457 1598 588 1667 ῦλης
633 1600 903 1670 κιϐδήλου,
930 1602 1018 1654 διὰ
1068 1603 1165 1672 τῆς
1201 1603 1294 1656 τοῦ
1336 1605 1540 1675 καθαρο

41 1682 105 1732 πέςυ
134 1683 278 1754 πυρὸς
327 1687 557 1755 χωνείας
599 1689 982 1762 ἀναλυθείσης,
1031 1694 1266 1747 τοιοῦτον
1316 1694 1539 1764 γένηται

39 1775 138 1826 rm
162 1777 298 1847 παρὰ
325 1779 418 1830 τοῦ
442 1779 574 1832 Θεοῦ
605 1780 728 1851 ἔσχε
757 1782 855 1852 τὴν
881 1784 1111 1850 γένεσιν,
1137 1779 1246 1837 οἷον
1278 1783 1337 1848 ἐξ
1367 1787 1539 1856 ἀρχῆς

1719 509 1816 565 llic
1859 519 1945 568 est
1983 523 2159 569 autem
2194 531 2396 586 sc0pus
2431 527 2484 572 et
2528 518 2836 572 institutum
2865 531 3050 570 eorum
3093 531 3214 586 qua:

1641 599 1918 656 dicuntur.
1959 603 2238 674 Exponam
2271 615 2452 662 autem
2486 608 2639 677 prius
2665 623 2782 664 mea
2812 607 3049 662 dictione
3078 622 3207 660 seu.

1641 706 1762 744 sum
1794 707 1980 748 eorum
2036 711 2155 765 qua:
2201 699 2403 767 scripta
2444 707 2616 765 sunt,
2662 706 2716 754 et
2765 698 2960 753 deinde
3015 696 3209 750 addam

1643 799 1949 838 sermonem
2000 786 2243 855 Apostoli
2283 789 2691 844 convenientem
2726 789 3008 844 sententiae
3049 803 3080 841 a
3114 802 3212 840 no-

1641 871 1727 927 bis
1758 875 1910 944 prius
1940 877 2221 944 expositae.
2250 876 2510 942 Quisnam
2541 887 2624 934 est
2653 894 2782 950 ergo
2817 893 3014 948 scopus
3035 877 3207 940 verbi,

1643 963 1800 1032 cujus
1832 965 1886 1019 in
1931 981 1994 1020 ea
2028 979 2180 1036 parte
2211 967 2404 1038 dogma
2439 970 2602 1024 tradit
2630 969 2849 1026 divinus
2879 969 3213 1039 Apostolus?

1642 1053 1797 1120 Quod
1843 1057 2135 1127 aliquando
2167 1059 2232 1112 ad
2268 1060 2500 1114 nihilum
2547 1061 2802 1116 transibit
2837 1063 2962 1115 mali
2994 1069 3207 1126 natura,

1644 1145 1800 1215 plene
1843 1155 1897 1201 et
1941 1147 2178 1217 perfecte
2222 1149 2398 1204 deleta
2431 1166 2495 1206 ex
2529 1166 2710 1206 rerum
2750 1150 3021 1218 essentia;
3073 1150 3224 1205 «ὶίνὶ-Δ

1641 1252 1818 1305 naque
1873 1244 1927 1291 et
1982 1239 2050 1293 ab
2101 1241 2250 1292 omni
2309 1240 2529 1294 interitu
2587 1243 2763 1296 aliena
2805 1242 3020 1296 bonitas
3061 1241 3115 1294 in
3151 1255 3211 1295 se

1641 1325 1938 1381 continebit
1972 1341 2186 1382 onmem
2210 1337 2460 1383 naturam
2491 1331 2701 1386 ratione
2728 1332 3028 1400 praeditam,
3061 1332 3210 1386 nullo

1641 1433 1703 1470 ex
1747 1416 1812 1471 iis
1846 1417 1938 1487 qui
1970 1433 2000 1471 a
2034 1417 2144 1473 Deo
2177 1419 2305 1474 facti
2340 1430 2466 1476 sunt
2501 1423 2784 1478 excidente
2830 1435 2858 1474 a
2892 1436 3058 1492 regno
3090 1420 3206 1487 Dei,

1640 1505 1860 1574 quando
1909 1507 2056 1559 omni
2102 1506 2234 1562 vitio
2286 1509 2433 1578 quod
2471 1510 2636 1565 rebus
2684 1511 2862 1563 fuerat
2909 1510 3208 1564 immisturn

1641 1602 1898 1664 tauquam
1932 1596 2112 1666 aliqua
2155 1601 2409 1664 materia,
2444 1614 2541 1669 per
2581 1600 2721 1670 ignis
2751 1600 3048 1670 purgatorii
3077 1615 3210 1653 con-

1640 1693 1858 1755 sumpto
1902 1685 2195 1752 fusionem,
2267 1704 2429 1746 omne
2477 1689 2622 1761 quod
2661 1705 2692 1744 a
2741 1689 2851 1746 Deo
2894 1701 3072 1745 ortum
3123 1690 3209 1743 ha~

1641 1773 1782 1842 buit,
1836 1776 1942 1832 tale
2005 1775 2207 1831 factum
2272 1778 2450 1846 fuerit,
2515 1779 2675 1850 quale
2727 1787 2845 1834 erat
2897 1780 2965 1834 ab
3029 1779 3206 1842 initio,

39 1855 166 1931 ὅτε
190 1866 335 1921 οὔπω
357 1869 455 1940 τὴν
489 1871 684 1924 κακίαν
713 1873 948 1936 ἐδέξατο.
983 1873 1152 1928 Τοῦτο
1196 1877 1250 1929 δὲ
1293 1877 1532 1944 γίνεσθαι

1719 1867 1858 1922 ando
1884 1869 2120 1923 nondum
2148 1881 2460 1940 susceperat
2490 1872 2702 1927 vitium.
2731 1871 2842 1926 Hoc
2879 1879 3057 1927 autem
3075 1872 3208 1925 dicit

39 1952 125 2020 iéyst
161 1957 351 2023 οὕτως·
391 1961 654 2028 Ἐγένετο,
687 1966 869 2034 φησὶν,
916 1967 973 2017 ἐν
1014 1970 1078 2037 τῇ
1131 1966 1294 2038 θνητῇ
1343 1985 1402 2020 τε
1445 1969 1538 2021 καὶ

38 2043 210 2118 ίπικήρῳ
238 2050 342 2102 τῶν
368 2051 671 2120 ἀνθρώπων
705 2054 864 2123 φύσει
904 2057 936 2127 ἡ
963 2056 1178 2128 καθαρά
1203 2059 1296 2110 καὶ
1324 2059 1537 2130 ἀκήραο

38 2133 162 2191 τκτοῦ
178 2136 508 2206 Μοιόγενοῦς
539 2141 750 2212 θεότης,
787 2144 880 2196 Ἐκ
913 2147 1092 2215 πάσης
1121 2146 1176 2196 δὲ
1203 2146 1301 2216 τῆς
1328 2146 1536 2218 ἀνθρω-

38 2218 134 2288 πίνης
157 2223 380 2291 φύσεως,
516 2232 815 2302 κατεμίχθη
852 2233 912 2285 τὸ
956 2233 1115 2296 θεῖον,
1156 2230 1266 2288 οἷον
1312 2237 1532 2308 ἀπαρχή

36 2323 81 2399 τις
98 2313 167 2365 τοῦ
196 2319 370 2370 κοινοῦ
409 2321 721 2390 φυράματος
760 2325 788 2376 ὁ
819 2325 956 2378 κατά
995 2326 1226 2396 Χριστὸν
1253 2327 1536 2399 ἄνθρωπος

37 2397 190 2473 ἐπέστη,
205 2404 267 2457 δι’
280 2399 341 2458 οῦ
361 2411 638 2482 προσεφύη
658 2417 723 2483 τῇ
747 2412 954 2486 θεότητι
972 2419 1078 2470 πᾶν
1097 2417 1156 2470 τὸ
1175 2417 1530 2490 ἀνθρώπινον.

41 2487 188 2562 Ἐπειδὴ
213 2498 386 2550 τοίνυν
425 2503 480 2551 ἐν
506 2502 696 2573 ἐκείνῳ
722 2507 869 2559 πᾶσα
905 2507 1097 2571 κακίας
1135 2509 1294 2578 φύσις
1338 2510 1534 2580 ἐξηφα-

35 2577 147 2649 θέτῧη.
171 2583 224 2645 ὃς
240 2586 514 2656 ἁμαρτίαν
538 2589 636 2642 οὒκ
656 2593 928 2664 ἐποίησεν,
959 2597 1138 2659 καθώς
1163 2615 1324 2667 φησιν
1347 2601 1376 2651 ὁ
1408 2615 1536 2670 προ-

35 2670 162 2740 vim,
188 2675 328 2727 Οὐδὲ
356 2677 568 2746 είιοέϐη
604 2681 780 2748 δόλος
818 2685 886 2737 ἐν
923 2685 1003 2750 τῷ
1041 2689 1289 2756 στόματι
1324 2690 1529 2754 αὐτοῦ,

37 2765 321 2840 ινειηφανίσθη
377 2770 433 2823 δὲ
495 2771 632 2840 μετά
677 2776 772 2843 τῆς
819 2776 1088 2846 ἁμαρτίας
1139 2777 1196 2829 ἐν
1241 2778 1316 2849 τῷ
1375 2775 1527 2846 αὐτῷ

32 2852 122 2940 ξειὶό
152 2857 520 2912 ἐπακολουθῶν
543 2863 676 2932 αὐτῇ
708 2863 972 2932 θάνατος(
998 2867 1058 2919 οὐ
1081 2867 1190 2939 γάρ
1220 2869 1366 2921 ἐστιν
1396 2869 1527 2940 ἄλλη

32 2937 194 2998 ίινάτου
223 2949 436 3016 γένεσις
484 2951 619 3023 πλὴν
659 2954 896 3024 ἁμαρτία
914 2955 958 3024 )·
987 2937 1170 3028 ἀρχὴν
1205 2958 1394 3011 ἐλαϐεν
1434 2937 1527 3013 (in;

31 3031 168 3090 ἑκείνου
191 3040 216 3092 ὃ
247 3059 303 3094 τε
333 3043 434 3113 τῆς
466 3046 662 3108 κακίας
693 3048 1017 3118 ἀφανισμός,
1045 3051 1137 3102 καὶ
1172 3053 1204 3121 ἡ
1239 3051 1328 3104 τοῦ
1361 3052 1526 3106 θανά-

33 3136 83 3175 tau
115 3133 408 3196 κατάλυσις,
445 3130 563 3188 εἶτα
613 3136 800 3208 ὥσπερ
848 3155 932 3201 τις
979 3140 1130 3206 τάξις
1180 3143 1408 3214 ἐπετέθη
1441 3145 1528 3198 διά

31 3225 118 3306 ﬂio;
143 3221 449 3287 ἀκολουθίας
475 3225 552 3294 τῷ
579 3227 865 3298 γινομένῳ.
908 3231 980 3281 Τὸ
1001 3231 1109 3302 γὰρ
1137 3233 1222 3285 ἀεὶ
1264 3235 1404 3288 κατά
1430 3235 1527 3306 τὴν

32 3304 81 3355 τι]
105 3309 280 3375 ἀγαθοῦ
302 3313 568 3367 ὑπόϐασιν
591 3316 788 3386 μᾶλλον
815 3318 1064 3387 ἀφεστὼς
1090 3321 1183 3373 τοῦ
1209 3322 1446 3392 πρώτου,
1484 3325 1516 3394 ἢ

30 3402 380 3474 προεεχέστερον
425 3406 830 3476 εὑρισκόμενον,
874 3409 1020 3472 ὅπως
1051 3411 1116 3462 ἂν
1164 3412 1319 3477 ἀξίας
1345 3430 1403 3464 τε
1436 3415 1529 3466 καὶ

30 3481 237 3555 iuriam;
255 3494 482 3548 ἕκαστον
504 3495 622 3566 ἔχῃ,
646 3496 816 3558 οὕτως
841 3497 1192 3550 ἐπακολουθεί
1211 3502 1525 3570 προάγοντι.

31 3569 135 3629 Ἤπτε
163 3584 292 3650 μετά
317 3583 412 3636 τὸν
446 3586 504 3637 ἐν
534 3585 610 3655 τῷ
647 3585 866 3656 Χριστῷ
891 3586 1193 3656 ἄνθρωπον,
1233 3569 1291 3652 ὃς
1314 3591 1527 3658 ἐγένετο

32 3663 182 3740 ﬁngi;
207 3675 302 3744 τῆς
351 3674 561 3744 φύσεως
607 3677 765 3746 ἡμῶν
807 3677 1098 3747 δεξάμενος
1127 3681 1183 3731 ἐν
1226 3680 1402 3750 ἐαυτῷ
1429 3681 1526 3752 τὴν

31 3749 206 3827 ϐιότητα,
240 3765 298 3828 ὃς
327 3766 420 3817 καὶ
451 3767 674 3836 ἀπαρχὴ
706 3767 813 3820 τῶν
845 3768 1258 3836 κεκοιμημένων
1291 3770 1523 3838 ἐγένετο,

31 3846 83 3896 καὶ
111 3856 429 3921 πρωτότοκος
462 3858 524 3908 ἐκ
570 3856 680 3910 σῶν
731 3857 960 3928 νεκρῶν,
996 3856 1162 3921 λύσας
1189 3857 1288 3922 τὰς
1331 3859 1528 3924 ὠδῖνας

31 3936 82 3986 τεῦ
103 3940 310 4002 θανάτου
331 3965 344 3977 ⁸
384 3947 522 4018 μετά
548 3947 733 4000 τοῦτον
775 3949 951 4002 τοίνυν
986 3951 1076 4002 τὸν
1102 3949 1404 4020 ἄνθρωπον,
1434 3952 1526 4005 τὸν

31 4027 189 4087 1106).ου
216 4039 313 4108 τῆς
357 4039 630 4109 ἁμαρτίας
667 4041 1085 4111 κεχωρισμένον,
1123 4042 1217 4094 καὶ
1249 4043 1526 4114 καταργή-

31 4130 136 4174 nm
165 4129 216 4179 ἐν
248 4129 424 4200 ἑαυτῷ
469 4130 562 4183 τοῦ
601 4131 829 4186 θανάτου
858 4131 918 4183 τὸ
958 4132 1176 4204 κράτος,
1209 4134 1303 4186 καὶ
1348 4136 1525 4188 πᾶσαν

29 4206 132 4264 αἰτοῦ
161 4216 328 4290 ἀρχήν
362 4237 421 4272 τε
464 4221 555 4273 καὶ
602 4220 848 4286 ἐξουσίαν
880 4222 974 4274 καὶ
1017 4221 1240 4291 δύναμιν
1289 4222 1524 4276 καταλύ-

29 4311 136 4386 ima
155 4348 168 4371 ,
201 4311 355 4374 εἴτις
409 4312 549 4364 κατά
580 4312 670 4365 τὸν
699 4311 908 4366 Παῦλον
953 4313 1199 4386 εὑρεθείη
1237 4313 1328 4366 τὸν
1355 4314 1430 4376 ὡς
1457 4309 1524 4384 ἦν

29 4384 181 4449 δυνατὸν
213 4402 456 4472 μιμητὴν
503 4401 597 4454 τοῦ
638 4402 873 4472 Χριστοῦ
927 4384 1214 4472 γενόμενον
1249 4405 1306 4456 ἐν
1333 4406 1399 4472 τῇ
1431 4404 1523 4457 τοῦ

1554 3183 1595 3240 C

1639 1960 1718 2015 s'ic
1740 1959 1852 2014 ﬁeri
1875 1978 1888 2014 :
1911 1959 2053 2024 Fuit,
2083 1961 2282 2031 inquit,
2311 1964 2364 2016 in
2390 1963 2604 2016 mortali
2635 1972 2689 2018 et
2710 1962 2950 2017 interitui
2973 1964 3207 2017 obnoxia

1639 2050 1919 2104 hominum
1953 2061 2182 2116 natura,
2216 2068 2351 2122 pura
2383 2061 2434 2108 et
2464 2053 2534 2107 ab
2562 2053 2781 2107 interitu
2801 2053 2976 2108 aliena
3009 2053 3208 2122 Unige-

1636 2141 1736 2194 niti
1758 2140 2035 2196 divinitas.
2056 2141 2134 2196 Ex
2155 2144 2300 2206 omni
2319 2151 2497 2198 autem
2519 2144 2754 2198 humana
2773 2152 2985 2208 natura,
3007 2147 3092 2199 cui
3113 2145 3208 2198 ad-

1636 2229 1797 2284 mista
1839 2229 1940 2284 fuit
1971 2230 2247 2295 divinitas,
2276 2233 2440 2288 veluti
2469 2233 2721 2304 primitiae
2751 2235 3056 2290 communis
3075 2250 3208 2290 con-

1636 2319 1936 2388 spersionis
1965 2320 2010 2373 is
2041 2321 2132 2388 qui
2161 2321 2214 2374 in
2240 2320 2460 2375 Christo
2489 2329 2573 2376 est
2609 2321 2772 2376 homo
2805 2323 3075 2385 constitit,
3110 2339 3206 2391 ροι-

1635 2423 1797 2478 quem
1850 2408 2120 2463 divinitati
2159 2409 2413 2465 universa
2448 2409 2648 2464 adnata
2701 2418 2755 2465 et
2792 2411 3048 2479 adjuncta
3103 2411 3206 2466 fuit

1633 2497 1969 2553 humanitas.
1995 2498 2262 2564 Quoniam
2293 2500 2493 2570 ergoin
2513 2500 2605 2554 illo
2636 2499 2809 2556 deleta
2831 2501 2930 2554 fuit
2952 2503 3204 2558 universa

1633 2597 1827 2642 natura
1844 2588 1980 2650 vitii,
2000 2589 2092 2658 qui
2119 2600 2398 2658 peccatum
2436 2605 2541 2643 non
2571 2590 2718 2653 fecit,
2749 2591 2892 2646 sicut
2922 2592 3050 2646 dicit
3081 2609 3205 2662 pro-

1631 2677 1814 2746 pheta,
1840 2678 1946 2730 Nec
1968 2677 2203 2730 inventus
2218 2689 2294 2730 est
2314 2677 2464 2730 dolus
2482 2679 2534 2730 in
2555 2694 2643 2732 ore
2671 2679 2784 2747 ejus
2812 2679 2876 2745 ‘°,
2920 2678 3081 2734 simul
3106 2695 3204 2735 au-

1632 2775 1737 2822 tem
1763 2783 1884 2823 cum
1915 2775 2137 2838 peccato
2173 2769 2347 2822 deleta
2374 2783 2590 2838 quoque
2620 2769 2719 2823 fuit
2754 2785 2875 2840 quae
2904 2787 2968 2826 ex
2997 2786 3064 2826 co
3081 2781 3201 2827 erat

1629 2865 1682 2912 et
1718 2857 1894 2927 ipsum
1928 2859 2259 2928 sequebatur
2313 2876 2461 2916 mors
2509 2863 2640 2930 (non
2679 2869 2759 2916 est
2810 2864 2956 2916 enim
3008 2865 3202 2919 mortis

1629 2949 1732 3003 alia
1763 2951 2039 3020 generatio
2067 2966 2227 3020 quam
2257 2953 2558 3022 peccatum)
2587 2969 2598 3003 :
2632 2953 2699 3006 ah
2745 2953 2838 3008 illo
2861 2955 3070 3024 accepit
3098 2956 3205 3008 ini.

1627 3041 1762 3095 tium
1801 3050 1854 3096 et
1886 3042 1998 3095 vitii
2021 3041 2238 3100 deletio.
2274 3050 2327 3097 et
2359 3043 2548 3098 mortis
2579 3043 2887 3109 dissolutio,
2919 3044 3114 3100 deinde
3136 3047 3185 3100 ei

1629 3132 1773 3200 quod
1824 3132 2002 3194 (iebat,
2046 3147 2142 3202 per
2189 3133 2478 3203 quamdam
2520 3135 3003 3204 consequentiam,
3038 3137 3202 3190 veluti

1629 3223 1849 3292 quidam
1867 3223 1998 3278 ordo
2015 3223 2116 3277 fuit
2135 3223 2399 3293 adjectus.
2413 3223 2566 3290 Quod
2583 3225 2724 3280 enim
2753 3241 2849 3294 per
2869 3226 2992 3280 boni
3014 3225 3203 3281 decre-

1629 3324 1869 3369 mentum
1906 3331 2120 3384 semper
2143 3315 2358 3385 longius
2382 3316 2610 3371 recessit
2635 3332 2666 3370 a
2702 3317 2898 3387 primo,
2935 3317 3198 3388 autquod

1628 3405 1936 3460 invenimus
1981 3404 2345 3474 propinquius
2373 3445 2387 3468 ,
2423 3413 2586 3473 prout
2633 3413 2717 3460 est
2769 3407 3201 3476 uniuscujusque

1627 3495 1862 3565 dignitas
1894 3508 1948 3552 et
1975 3504 2236 3566 potestas,
2267 3496 2339 3548 ita
2374 3496 2621 3564 sequitur
2658 3495 2709 3548 id
2747 3496 2890 3564 quod
2921 3497 3196 3565 praecedit.

1628 3583 1990 3651 Quamobrem
2019 3593 2141 3654 post
2168 3599 2290 3638 eum
2322 3583 2415 3655 qui
2445 3593 2528 3639 est
2559 3584 2612 3636 in
2642 3581 2862 3638 Christo
2903 3585 3196 3648 hominem,

1627 3675 1719 3743 qui
1751 3672 1854 3727 fuit
1878 3673 2133 3744 primitiae
2167 3683 2366 3728 nostra:
2395 3680 2626 3738 naturae,
2655 3683 2909 3744 suscepta
2937 3673 2992 3727 in
3031 3688 3090 3729 se
3113 3673 3198 3728 di-

1627 3764 1870 3830 vinitate,
1901 3765 1992 3834 qui
2027 3761 2309 3819 fuitetiam
2341 3765 2596 3834 primitiae
2620 3780 2808 3820 eorum
2839 3766 2932 3836 qui
2961 3767 3200 3823 dormie-

1627 3863 1772 3919 runt,
1815 3862 1870 3907 et
1921 3854 2321 3925 primogenitus
2366 3870 2432 3909 ex
2485 3855 2738 3916 mortuis,
2771 3856 2967 3912 solutis
3006 3857 3198 3912 mortis

1625 3943 1939 4009 doloribus;
1972 3954 2092 4012 post
2126 3944 2270 3998 hunc
2298 3960 2427 4014 ergo
2458 3944 2730 3998 hominem
2763 3945 2852 4014 qui
2884 3946 2985 3999 fuit
3010 3961 3039 3998 a
3065 3960 3194 4016 pec-

1625 4043 1750 4088 cato
1804 4035 2028 4089 omnino
2082 4043 2388 4104 separatus,
2413 4043 2468 4090 et
2511 4037 2619 4089 vim
2657 4035 2853 4091 mortis
2889 4036 2941 4090 in
2981 4051 3040 4092 se
3072 4037 3192 4107 ipso
3267 4091 3278 4096 -

1625 4125 1916 4188 destruxit,
1960 4135 2016 4180 et
2051 4141 2211 4182 omne
2248 4128 2369 4198 ejus
2417 4128 2705 4198 imperium
2754 4129 2974 4199 vimque
3007 4137 3057 4184 et
3090 4145 3190 4200 po-

1627 4224 1874 4272 lestatem
1910 4217 2068 4287 fregit
2090 4224 2145 4272 et
2173 4219 2448 4285 abolevit,
2481 4218 2528 4274 si
2557 4218 2682 4288 quis
2729 4218 2984 4276 inventus
3031 4219 3198 4275 fuerit

1628 4310 1771 4364 sicut
1818 4309 2019 4365 Paulus
2043 4348 2058 4373 ,
2089 4311 2180 4381 qui
2216 4310 2440 4372 Christi,
2472 4312 2650 4381 quoad
2681 4311 2802 4380 ejus
2843 4311 2958 4366 ﬁeri
2994 4313 3194 4382 potuit,

1627 4399 1730 4453 fuit
1765 4401 2024 4464 imitator,
2052 4416 2082 4454 a
2116 4401 2259 4456 malo
2280 4417 2340 4457 se
2369 4400 2748 4466 abalienando,
2792 4401 2840 4455 is
2871 4403 2925 4456 in
2955 4411 3197 4472 tempore

29 4484 136 4536 ιικοῦ
179 4491 542 4562 ἀλλοτριώσει,
593 4495 621 4544 ὁ
669 4492 904 4556 τοιοῦτος
944 4497 1011 4564 τῇ
1042 4495 1262 4565 ἀπαρχῇ
1297 4495 1524 4548 κατόπιν

1719 4497 1895 4544 rentus
1936 4505 2079 4559 pone
2119 4498 2380 4560 sequetur
2411 4490 2698 4559 primitias.
2745 4489 2810 4543 Et
2851 4505 3066 4556 rursus,
3093 4491 3196 4546 hoc

29 4566 306 4651 ίκολουθήσει
335 4583 392 4635 ἐν
416 4583 494 4652 τῷ
520 4583 620 4652 τῆς
649 4583 950 4652 παρουσίας
977 4584 1171 4654 καιρῷ.
1203 4585 1310 4636 Καὶ
1341 4584 1525 4648 πάλιν,

29 4663 126 4719 aito
151 4670 285 4741 λέγω
317 4675 374 4727 δέ
421 4675 542 4728 καθ’
575 4676 851 4739 ὑπόθεσιν,
895 4679 923 4728 ὁ
952 4676 1211 4746 Τιμόθεος
1233 4717 1248 4743 ,
1280 4677 1346 4730 ἂν
1384 4676 1526 4731 οὕτω

29 4751 125 4827 τέκῃ,
154 4764 180 4814 ὁ
206 4765 386 4829 καθὼς
407 4761 516 4830 οἷός
544 4784 602 4819 τε
635 4763 702 4835 ἦν
735 4767 1114 4837 μιμησάμενος
1144 4769 1201 4820 ἐν
1224 4767 1400 4838 ἐαυτῷ
1435 4768 1524 4822 τὸν

29 4837 292 4919 διδάτκαλον,
320 4856 354 4926 ἡ
375 4872 458 4918 τις
483 4855 719 4918 τοιοῦτος
747 4856 950 4926 ἕτερος,
977 4857 1070 4909 καὶ
1095 4854 1238 4909 οὕτω
1265 4857 1522 4927 καθεξῆς,

29 4932 88 4988 ire:
110 4941 184 4996 διὰ
211 4948 308 5017 τῆς
333 4947 450 5000 κατ’
475 4947 651 5015 ὀλίγον
679 4947 772 5001 τοῦ
802 4946 1006 5015 ἀγαθοῦ
1038 4947 1280 5016 ὑφέσεως
1305 4948 1412 5002 τῶν
1435 4949 1524 5002 ἀεὶ

29 5026 444 5100 πωλαμὸανόντων
496 5037 724 5090 κατόπιν
776 5036 1140 5108 εὑρίσκονται,
1174 5037 1279 5100 ἕως
1329 5037 1395 5092 ἂν
1445 5039 1524 5100 εἷς

29 5113 197 5187 ἐκείνους
219 5127 250 5196 ὴ
271 5126 560 5180 ἀκολουθία
583 5127 689 5180 τῶν
716 5128 994 5198 ἑπομένων
1018 5127 1218 5198 φθάσῃ,
1248 5130 1304 5180 ἐν
1325 5125 1406 5191 οἷς
1427 5128 1521 5181 τοῦ

29 5209 134 5262 ιικοῦ
164 5215 541 5282 πλεονάζοντος
576 5218 808 5271 ἐλάττων
839 5222 871 5290 ή
905 5218 998 5272 τοῦ
1049 5219 1352 5290 κρείττονος
1375 5219 1523 5290 εὑρί-

29 5306 150 5355 ῖκεται
183 5313 374 5380 μοῖραο
409 5310 549 5363 κατά
578 5311 673 5381 τὴν
713 5311 880 5384 αὐτὴν
914 5312 1203 5380 ἀναλογίαν
1233 5311 1380 5383 παρὰ
1413 5311 1520 5364 τῶν

30 5399 51 5431 εν
71 5397 209 5468 κακία
232 5400 290 5452 τὸ
316 5401 532 5454 ἔλαττον
561 5403 790 5472 ἐχόντων
815 5407 914 5474 τῆς
935 5403 1252 5467 ἀκολουθίας
1282 5403 1372 5456 ἐπὶ
1393 5403 1519 5466 τοὺς

29 5481 276 5552 τβέκοντας
302 5493 356 5544 ἐν
383 5491 458 5561 τῷ
487 5493 639 5564 κακῷ
670 5493 765 5564 τὴν
791 5494 942 5561 τάξιν
966 5495 1072 5549 τῶν
1097 5495 1229 5565 πρὸς
1253 5494 1312 5548 τὸ
1341 5495 1525 5562 κρεῖτ-

62 5592 90 5624 ¹⁸
124 5599 217 5656 lsa.
257 5620 372 5670 Llll,
413 5605 466 5659 9.

1629 4579 1752 4633 dico
1785 4582 2016 4650 exempli
2047 4595 2236 4645 causa,
2269 4579 2610 4644 Timotheus,
2639 4582 2755 4651 qui,
2779 4592 3044 4652 quantum
3097 4598 3189 4652 po-

1627 4671 1750 4737 tuit,
1784 4670 2059 4726 doctorem
2087 4687 2244 4727 suum
2272 4679 2357 4727 est
2397 4672 2660 4736 imitatus,
2703 4681 2796 4727 aut
2829 4674 3026 4743 aliquis
3052 4675 3193 4729 alius

1624 4761 1915 4830 ejusmodi.
1947 4769 2000 4816 et
2029 4762 2110 4817 sic
2137 4763 2391 4831 deinceps
2419 4763 2730 4832 quicunque
2773 4764 2902 4818 dum
2935 4765 3190 4834 paulatim

1624 4853 1750 4907 boni
1778 4851 2030 4907 remissio
2047 4859 2101 4906 et
2124 4852 2414 4906 diminutio
2449 4852 2524 4913 ﬁt,
2550 4853 2902 4907 inveniuntur
2923 4869 3018 4910 eos
3051 4870 3192 4924 pone

1623 4941 1799 5010 sequi,
1818 4941 1910 5009 qui
1941 4957 2158 5010 semper
2185 4951 2571 5011 przeoccupant
2591 4952 2645 4997 et
2665 4944 2995 5012 pmcedunt,
3019 4944 3192 4999 donec

1624 5029 2070 5100 subsequentium
2101 5031 2273 5085 series
2305 5030 2372 5085 ad
2406 5031 2528 5088 illos
2553 5033 2878 5102 pervenerit,
2902 5032 2956 5086 in
2987 5033 3186 5103 quibus

1624 5122 1767 5177 malo
1813 5120 2124 5177 abundante
2176 5121 2454 5177 invenitur
2505 5123 2682 5178 minor
2715 5137 2842 5192 pars
2885 5123 3004 5192 ejus
3041 5125 3184 5193 quod

1623 5225 1708 5270 cst
1733 5215 1956 5281 melius;
1993 5213 2182 5269 eadem
2233 5215 2584 5286 proportione
2615 5231 2678 5271 ac
2709 5215 3085 5270 convenientia
3119 5215 3188 5271 ab

1623 5307 1690 5362 iis
1720 5306 1813 5376 qui
1850 5306 1902 5359 in
1930 5305 2067 5359 vitio
2106 5305 2289 5360 minus
2331 5307 2979 5377 habent,consequentia,
3000 5305 3064 5359 ad
3093 5319 3190 5360 eos

1630 5395 1720 5464 qui
1757 5395 1809 5448 in
1828 5394 1968 5446 malo
2000 5393 2315 5462 praecellunt
2341 5393 2836 5454 facionteordinem
2859 5410 3068 5457 eorum,
3092 5395 3186 5465 qni

1626 5488 1681 5542 in
1724 5487 1916 5544 melius
1967 5485 2310 5556 rediguntur,
2339 5486 2512 5543 donec
2563 5487 2630 5542 ad
2679 5498 2982 5545 extremum
3022 5491 3188 5544 tinem
