3690 5986
437 186 579 243 1515

1857 173 2220 230 ΑΡΡΕΝΜΧ.

3562 166 3690 223 1511

436 298 587 365 mali,
627 296 753 353 boni
777 308 1097 366 progressus
1121 291 1313 348 vitium
1363 290 1628 348 abolendo
1668 289 1996 360 pervenerit.

2234 282 2573 339 ἀναλυὸντων
2605 283 2881 355 ποιούσης,
2917 284 3021 347 ἕως
3062 283 3129 338 ἂν
3179 283 3272 334 ἐπὶ
3300 282 3361 335 τὸ
3393 283 3690 353 ἀκρότατος

436 389 593 457 Quod
616 387 836 458 quidem
867 394 951 441 est
986 386 1102 455 spei
1135 385 1280 449 ﬁnis,
1303 392 1362 438 ut
1390 384 1533 439 bono
1555 381 1690 438 nihil
1720 378 2000 448 relinqua-

437 488 529 533 tur
554 476 915 539 contrarium,
951 474 1048 531 sed
1079 474 1263 529 omnia
1291 488 1575 543 permeans
1603 470 1785 527 divina
1805 468 2001 530 virtus,

434 587 502 625 ex
540 569 704 624 rebus
739 568 962 623 omnino
996 573 1223 620 mortem
1277 563 1478 626 deleat,
1515 569 1643 616 ante
1692 574 1811 614 eam
1851 556 2005 628 prius

439 660 654 713 sublato
685 665 935 729 peccato.
976 671 1005 709 a
1040 669 1169 725 quo,
1203 655 1346 709 sicut
1383 653 1590 707 dictum
1635 657 1739 717 est,
1777 661 2003 718 regnum

438 751 631 806 habuit
658 764 806 805 mors
832 747 890 803 in
917 746 1187 802 homines.
1216 744 1373 800 Omni
1402 758 1532 814 ergo
1561 742 1705 795 mala
1735 743 2007 810 potestate

432 850 492 898 ct
512 842 818 912 principatu
848 841 905 895 in
933 840 1095 895 nobis
1128 837 1413 899 dissoluto,
1446 849 1546 889 nec
1575 832 1686 887 ulla
1721 829 2009 884 aﬂ‘ectione

437 943 645 988 naturae
676 940 880 987 nostra;
904 930 1138 1002 amplius
1166 927 1503 989 dominante,
1526 922 1750 979 omnino
1785 933 2008 975 necesse

439 1033 542 1087 est,
574 1032 636 1078 ut
662 1024 811 1077 nullo
847 1023 953 1077 alio
983 1021 1318 1076 dominatum
1356 1023 1594 1077 tenente,
1628 1010 1813 1067 omnia
1840 1008 2012 1077 subji-

439 1114 653 1168 ciantur
679 1114 728 1166 ei
764 1111 1018 1181 potestati
1046 1123 1166 1178 quae
1192 1106 1447 1162 omnibus
1492 1104 1743 1171 imperat.
1778 1097 1872 1152 Dei
1909 1112 2010 1150 au-

434 1210 546 1258 tem
569 1202 841 1272 subiectio
871 1208 955 1255 est
981 1198 1222 1271 perfecta
1248 1207 1302 1251 et
1317 1195 1466 1251 omni
1489 1208 1553 1249 ex
1581 1198 1737 1260 parte
1760 1187 2012 1244 absoluta

438 1307 469 1347 a
499 1291 642 1345 malo
694 1290 1043 1345 abalienatio.
1077 1284 1307 1353 Quando
1358 1297 1492 1353 ergo
1533 1281 1709 1335 instar
1753 1274 2014 1346 primitia-

437 1394 560 1433 rum
594 1393 786 1435 omnes
834 1376 1028 1432 semoti
1066 1374 1333 1430 fuerimus
1363 1387 1394 1425 a
1423 1370 1585 1434 vitio,
1613 1375 1744 1420 tunc
1775 1372 1889 1418 tota
1917 1377 2015 1416 na-

438 1479 575 1527 tura!
610 1469 929 1539 conspersio
953 1467 1240 1523 commista
1271 1477 1393 1519 cum
1426 1458 1709 1532 primitiis,
1737 1462 1790 1510 et
1822 1452 2014 1509 effecta

440 1576 609 1618 unum
633 1561 953 1615 continuum
980 1572 1206 1627 corpus.
1236 1554 1364 1609 boni
1388 1560 1598 1607 tantum
1629 1550 1686 1604 in
1735 1562 1795 1602 se
1844 1543 2016 1600 susci-

2103 376 2196 429 τοῦ
2228 374 2397 430 κακοῦ
2430 375 2603 446 πέρας
2640 376 2675 446 ἡ
2710 374 2804 428 τοῦ
2841 372 3047 443 ἀγαθοῦ
3091 373 3317 444 πρόοδος
3353 372 3568 445 φθάσῃ,
3603 375 3690 444 etc:

2104 466 2302 518 κακίαν
2347 464 2761 535 ὲξαφανίζουσα.
2791 466 2968 537 Ὅπερ
3009 465 3074 535 δὴ
3120 464 3277 527 τέλος
3325 464 3428 533 τῆς
3477 465 3690 525 ἐλπίδος

2100 550 2274 620 ἐστὶν,
2310 556 2384 619 ὡς
2416 557 2581 626 μηδὲν
2601 556 2916 611 ὑπεναντίον
2938 556 3046 610 τῶν
3074 554 3296 624 ἀγαθῶν
3327 556 3690 626 περιλειφθῆ⁴

2106 665 2215 710 ναι,
2252 647 2387 701 ἀλλὰ
2421 648 2507 701 διὰ
2540 648 2757 703 πάντων
2796 648 2892 719 τὴν
2924 648 3073 701 θείαν
3112 646 3257 718 ζωὴν
3290 645 3690 713 διεξελθοῦσαν.

2108 736 2427 806 ἐξαφανίσαι
2456 738 2682 793 καθόλου
2715 741 2781 793 ὲκ
2812 739 2919 793 τῶν
2952 739 3121 792 ὄντων
3157 738 3248 792 τὸν
3277 737 3538 800 θάνατον,
3570 754 3690 806 προ

2109 828 2486 899 αναιρεθείσης
2541 829 2706 882 αὑτοῦ
2759 830 2857 899 τῆς
2906 829 3199 900 ἁμαρτίας,
3240 828 3333 897 ἀφ’
3380 824 3472 899 ἧς,
3510 827 3690 889 καθὼς

2107 920 2342 992 εἴρηται,
2368 921 2466 991 τὴν
2493 920 2766 991 βασιλείαν
2792 921 2932 974 κατὰ
2952 921 3059 974 τῶν
3075 918 3374 990 ἀνθρώπων
3404 920 3434 972 ὁ
3465 917 3690 979 θάνατο,

2111 1009 2285 1080 ἔσχεν.
2322 1011 2508 1083 Πάσης
2545 1012 2723 1065 τοίνυν
2753 1014 2995 1082 πονηρᾶς
3027 1011 3272 1078 ἐξουσίας
3309 1027 3366 1062 τε
3397 1010 3495 1062 καὶ
3525 1009 3690 1079 €197}..-

2112 1100 2171 1152 ὲν
2202 1102 2332 1171 ἡμῖν
2378 1102 2795 1173 καταλυθείσης,
2831 1103 2925 1157 καὶ
2971 1101 3166 1174 μηκέτι
3216 1100 3443 1173 μηδενὸς
3491 1099 3690 1154 126.002.-

2111 1192 2210 1262 τῆς
2244 1193 2457 1261 φύσεως
2480 1193 2635 1265 ἡμῶν
2657 1195 3022 1266 κυριεύοντος,
3049 1193 3263 1262 ἀνάγκη
3286 1195 3438 1246 πᾶσα
3471 1191 3690 1263 μηδενὸι

2114 1279 2588 1350 κατακρατοῦντος
2627 1282 2835 1352 ἐτέρου,
2881 1283 3060 1336 πάντα
3106 1282 3447 1352 ὑποταγῆναι
3497 1283 3575 1350 τῇ
3614 1280 3690 1333 ἐπ¹

2115 1367 2334 1423 πάντων
2360 1371 2536 1440 ἄρχει.
2569 1372 2702 1426 Θεοῦ
2747 1372 2803 1425 δὲ
2845 1373 3091 1443 ὑποταγή
3131 1375 3277 1427 ἐστιν
3332 1375 3365 1442 ἡ
3426 1372 3690 1441 παντελὴς

2114 1454 2209 1510 τοῦ
2244 1459 2413 1511 κακοῦ
2447 1459 2817 1531 ἀλλοτρίωσις.
2848 1463 3015 1516 Ὅταν
3049 1458 3140 1516 οὖν
3167 1462 3306 1516 κατὰ
3342 1462 3593 1533 μίμησιν
3618 1462 3690 1531 τῆι

2120 1549 2374 1619 ἀπαρχῆς
2405 1549 2510 1614 ἔξω
2539 1551 2630 1604 τοῦ
2663 1553 2832 1607 κακοῦ
2864 1556 3063 1618 πάντες
3084 1541 3404 1625 γενώμεθα,
3428 1555 3562 1608 τότε
3594 1554 3690 1608 ὅλα

440 1654 551 1724 piet
608 1651 1014 1722 principatum;
1051 1657 1105 1704 et
1131 1648 1212 1701 sic
1248 1644 1502 1701 universo
1544 1653 1774 1710 corpore
1813 1643 2015 1690 nostrae

2204 1639 2414 1708 φύσεως
2438 1644 2502 1712 τῇ
2527 1643 2746 1715 ἀπαρχῇ
2772 1662 2833 1697 συ
2842 1644 3095 1715 μμιχθὲν,
3124 1646 3217 1699 καὶ
3237 1624 3294 1698 ἓν
3320 1645 3467 1699 κατὰ
3487 1645 3556 1698 τὸ
3586 1663 3686 1698 συν

441 1754 649 1811 natura:
709 1748 1115 1812 contemperato
1166 1753 1290 1794 cum
1331 1735 1515 1792 divina
1568 1739 1625 1789 et
1672 1730 1743 1786 ab
1791 1726 2012 1784 interitu

442 1837 617 1892 aliena
667 1843 887 1894 natura,
916 1833 1007 1887 illa
1051 1829 1177 1885 Filii
1224 1842 1346 1900 qua:
1393 1825 1597 1881 dicitur
1641 1817 1912 1891 subjectio
1954 1815 2016 1869 ﬁt

2118 1729 2237 1799 εχὲς
2282 1729 2438 1801 σῶμα
2477 1732 2796 1803 γενόμενον.
2850 1734 2943 1788 τοῦ
2993 1735 3196 1803 ἀγαθοῦ
3234 1735 3395 1805 μόνου
3439 1735 3549 1806 τὴν
3581 1737 3690 1804 ἡγει

2125 1819 2313 1889 μονίαν
2343 1821 2428 1891 ἐφ’
2456 1823 2651 1876 ἑαυτοῦ
2674 1823 2912 1888 δέξεται·
2950 1827 3043 1879 καὶ
3072 1824 3216 1878 οὕτω
3245 1825 3449 1886 παντὸς
3475 1824 3582 1878 τοῦ
3618 1825 3690 1892 si:

443 1944 539 1999 per
581 1942 704 1991 nos,
748 1940 873 1981 eum
903 1938 1025 1995 quae
1075 1923 1130 1976 in
1162 1920 1284 1991 ejus
1336 1930 1565 1988 corpore
1601 1919 1750 1968 recte
1789 1924 1849 1966 se
1879 1906 2015 1978 gerit

2204 1927 2339 1975 σεως
2367 1914 2525 1984 ἡμῶν
2560 1914 2810 1986 σώματος
2841 1916 2977 1987 πρὸς
3011 1916 3108 1988 τὴν
3147 1916 3295 1971 θείαν
3328 1933 3388 1968 τε
3434 1916 3539 1969 καὶ
3576 1915 3690 1984 ἀκή·

442 1997 735 2090 subiectio,
770 2016 837 2072 ad
857 2030 982 2072 eum
1016 2011 1306 2078 referatur,
1335 2008 1430 2081 qui
1460 2005 1692 2079 gratiam
1723 1997 2020 2069 subiectio—

442 2110 530 2165 nis
568 2110 623 2165 in
656 2107 813 2162 nobis
841 2114 925 2161 est
950 2112 1229 2175 operatus.

2130 2016 2292 2069 ρατον
2322 2002 2483 2071 φύσιν
2527 2005 2941 2076 άνακραθέντος,
2980 2007 3161 2077 ἐκείνη
3192 2009 3225 2079 ἡ
3270 2005 3362 2060 τοὺ
3395 2004 3534 2059 Υἱοῦ
3562 2004 3690 2070 λεγο

2128 2088 2265 2160 μένη
2298 2092 2543 2165 ὑποταγὴ
2593 2095 2660 2148 δι’
2693 2096 2849 2167 ήμῶν
2892 2097 3121 2166 γίνεται,
3162 2098 3259 2168 τῆς,
3288 2099 3345 2149 ὲν
3379 2096 3460 2167 τῷ
3492 2095 3690 2165 (rebus:

444 2200 608 2256 αὑτοῦ
639 2173 1071 2269 κατορθωθεισης
1109 2193 1388 2265 ὑποταγῆς
1429 2189 1507 2253 είς
1541 2185 1702 2242 αὑτὸν
1744 2173 2179 2249 ἀναφερομένης,
2213 2182 2304 2234 τὸν
2328 2184 2386 2238 ὲν
2414 2187 2544 2256 ἡμῖν
2571 2187 2669 2258 τὴν
2736 2188 2894 2260 χάριν
2962 2190 3060 2261 τῆς
3130 2189 3410 2257 ὑποταγῆς
3475 2187 3690 2257 ἐνεργῇ

443 2306 633 2345 σαντα.

513 2382 614 2438 Hic
660 2388 745 2438 est
794 2396 924 2452 ergo
978 2394 1173 2437 sensus
1220 2372 1492 2447 dogmatis
1520 2387 1550 2426 a
1594 2380 1791 2441 magno
1843 2361 2015 2419 Paulo

445 2473 656 2538 traditi,
691 2480 749 2527 ut
798 2487 901 2529 nos
954 2471 1354 2528 existimamus.
1406 2464 1644 2533 Tempus
1696 2467 1782 2515 est
1835 2463 2015 2510 autem

445 2561 707 2618 afferendi
753 2563 869 2633 ipsa
900 2561 1065 2616 verba
1102 2557 1277 2623 Pauli,
1305 2570 1426 2627 qua:
1481 2553 1562 2610 sic
1591 2551 1793 2605 habent
1821 2565 1833 2600 :
1868 2544 2019 2601 Sicut

443 2655 583 2708 enim
606 2655 659 2707 in
684 2651 852 2707 Adam
883 2668 1058 2706 omnes
1081 2650 1399 2712 moriuntur,
1418 2647 1495 2702 ita
1511 2645 1565 2698 in
1592 2640 1802 2698 Christo
1839 2652 2016 2692 omnes

446 2744 865 2813 viviﬁcabuntur.
922 2740 1287 2810 Unusquisque
1333 2745 1507 2790 autem
1557 2736 1613 2786 in
1661 2746 1756 2786 suo
1809 2726 2016 2783 ordine.

452 2835 712 2889 Primitiae
756 2831 1023 2888 Christus.
1076 2829 1275 2885 Deinde
1310 2827 1399 2897 qui
1447 2832 1569 2880 sunt
1598 2821 1799 2878 Christi
1832 2821 1888 2873 in
1916 2817 1984 2872 ad
1997 2846 2017 2857 ο

446 2937 599 2980 uentu
626 2925 758 2994 ejus,
792 2922 991 2977 Deinde
1023 2921 1166 2990 ﬁnis,
1197 2935 1315 2973 cum
1349 2915 1628 2971 tradiderit
1666 2928 1881 2984 regnum
1908 2910 2016 2965 Deo

447 3024 498 3071 et
550 3016 725 3079 Patri,
751 3015 960 3086 quando
1003 3010 1331 3067 evacuaverit
1375 3022 1579 3062 omnem
1615 3009 1924 3073 potestatem
1965 3008 2018 3053 et

449 3107 712 3160 virtutem.
746 3104 959 3173 Oportet
1005 3103 1142 3157 enim
1170 3116 1289 3154 eum
1319 3113 1555 3169 regnare,
1577 3095 1741 3149 donec
1780 3092 2016 3163 posuerit

2204 2359 2268 2413 Ἦ
2301 2364 2399 2433 μὲν
2430 2360 2523 2418 οὖν
2565 2365 2771 2420 διάνοια
2796 2367 2903 2421 τῶν
2950 2368 3054 2421 ὑπὸ
3081 2366 3175 2421 τοῦ
3211 2367 3449 2439 μεγάλου
3486 2368 3690 2421 Παῦλος

2122 2449 2609 2522 δογματισθέντων,
2642 2457 2716 2521 ὥς
2754 2475 2817 2526 γε
2856 2458 3252 2528 ὑπειλήφαμεν,
3298 2456 3475 2528 αὕτη·
3516 2461 3690 2530 καιρὸς

2121 2539 2167 2593 δ’
2199 2541 2265 2594 ἂν
2311 2542 2395 2615 εἴη
2436 2545 2529 2598 καὶ
2559 2545 2700 2599 αὑτά
2750 2547 3090 2618 παραθέσθαι
3133 2546 3224 2600 τοῦ
3263 2548 3603 2602 ’Δποστόλου
3646 2548 3690 2604 τί

2127 2630 2344 2700 ῥήματα
2388 2633 2579 2704 ἔχοντα
2630 2636 2820 2700 οὕτως’
2854 2638 3075 2704 Ὠσπερ
3128 2638 3239 2707 γὰρ
3285 2639 3355 2691 ἐν
3406 2638 3490 2705 τῷ
3534 2641 3690 2710 Ἀδὰμ

2124 2720 2348 2789 πάντες
2374 2724 2887 2794 ἀποθνήσκουσιν,
2915 2728 3102 2794 οὕτως
3127 2728 3223 2782 καὶ
3253 2729 3310 2782 ὲν
3357 2727 3442 2795 τῷ
3466 2732 3690 2800 Χριστᾴ

2123 2811 2346 2880 πάντες
2363 2812 2920 2885 ζωοποιηθήσονται.
2955 2820 3256 2885 Ἕκαστος
3281 2818 3350 2872 δὲ
3375 2821 3450 2874 ἐν
3469 2821 3561 2885 τῷ
3587 2824 3690 2891 ἰδίᾳ

2123 2900 2390 2969 τάγματι.
2439 2904 2702 2975 Ἀπαρχὴ
2743 2909 3014 2975 Χριστός.
3037 2909 3279 2962 Ἔπειτα
3313 2912 3368 2963 oi
3417 2910 3533 2964 τοῦ
3566 2914 3690 2979 Χίμ

2123 2993 2275 3046 στοῦ
2301 2994 2371 3047 ἐν
2395 2994 2471 3063 τῇ
2499 2999 2802 3065 παρουσίᾳ
2831 2998 3037 3053 αὐτοῦ.
3065 2995 3207 3053 Εἶτα
3236 3000 3302 3053 τὸ
3332 3001 3537 3068 τέλος,
3566 3002 3690 3057 ὅται

2125 3085 2427 3152 παραδιδῷ
2454 3087 2568 3155 τὴν
2589 3089 2916 3153 ,βασιλείαν
2935 3091 3016 3157 τῷ
3042 3089 3164 3156 Θεῷ
3191 3093 3288 3145 καί
3318 3094 3533 3160 Harp},
3566 3095 3690 3147 δται

448 3217 626 3257 omnes
647 3200 886 3254 inimicos
917 3197 1025 3271 subd
1041 3193 1255 3265 pedibus
1278 3192 1411 3260 ejus.
1433 3188 1737 3242 Postremus
1768 3187 2011 3240 inimicus

2204 3176 2465 3271 ταργτέση
2504 3178 2711 3234 πᾶσαν
2728 3181 2926 3250 ἀρχὴν
2948 3183 3046 3236 καί
3074 3182 3365 3248 ἐξουσίαν
3389 3185 3489 3238 καί
3529 3185 3690 3239 δύντε

449 3294 751 3347 destruetur
795 3305 956 3345 mors.
1007 3286 1201 3343 Omnia
1238 3284 1376 3340 enim
1422 3279 1641 3348 subjecit
1675 3277 1770 3332 sub
1798 3275 2016 3344 pedibus

449 3380 581 3451 ejus.
608 3378 741 3435 Cum
778 3388 951 3431 autem
1008 3374 1154 3429 dicat
1189 3385 1325 3444 quoa
1368 3369 1546 3424 omnia
1573 3366 1871 3434 subjecerit,
1906 3366 2019 3420 sine

450 3470 608 3524 dubio
637 3477 828 3539 prwter
858 3482 978 3522 eum
1000 3465 1091 3536 qui
1113 3462 1333 3532 subjecit
1350 3462 1400 3515 ei
1439 3459 1639 3514 omnia.
1668 3455 1801 3513 Cum
1844 3465 2018 3510 autem

448 3565 498 3617 ei
545 3560 824 3630 subjecerit
843 3559 1041 3622 omnia,
1088 3564 1210 3610 tunc
1251 3554 1362 3624 ipse
1399 3566 1602 3623 quoque
1638 3548 1945 3618 subjiciatur
1970 3546 2018 3599 ei

449 3653 539 3724 qui
559 3653 608 3707 ei
639 3650 861 3722 subjecit
891 3647 1088 3711 omnia,
1110 3657 1168 3700 ut
1199 3645 1269 3699 sit
1296 3642 1436 3697 Deus
1465 3641 1646 3695 omnia
1674 3639 1728 3692 in
1752 3635 2014 3692 omnibus.

450 3746 650 3813 Aperte
681 3742 826 3797 enim
856 3740 909 3794 in
938 3754 1004 3795 eo
1031 3734 1177 3807 quod
1211 3742 1487 3805 postremo
1520 3733 1725 3787 dictum
1752 3735 1856 3794 est,
1886 3727 2019 3797 ipsis

450 3834 633 3888 verbis
669 3832 929 3897 ostendit,
964 3831 1200 3886 futurum
1235 3835 1294 3882 ut
1340 3841 1450 3882 non
1489 3823 1722 3893 amplius
1754 3818 2019 3874 consistat

455 3921 664 3989 vitium,
697 3920 930 3977 dicendo
960 3919 1127 3974 Deum
1156 3934 1276 3976 esse
1308 3917 1364 3972 in
1389 3913 1665 3976 omnibus,
1699 3911 1867 3980 utqui
1898 3908 2020 3962 cui-

452 4015 587 4069 libet
620 4015 691 4070 sit
735 4014 939 4069 omnia.
969 4012 1064 4068 Est
1089 4011 1234 4067 enim
1265 4007 1633 4082 perspicuum,
1661 4010 1793 4057 tunc
1828 4014 2015 4056 verum

454 4106 696 4161 futurum
722 4104 866 4177 quod
891 4103 1031 4160 Deus
1058 4104 1128 4159 sit
1170 4103 1226 4157 in
1255 4100 1531 4177 omnibus,
1565 4094 1783 4167 quando
1808 4093 2017 4148 nullum

450 4198 655 4252 malum
691 4174 756 4253 inv
770 4195 934 4252 rebus
967 4199 1317 4265 conspectum
1350 4174 1533 4247 fuerit.
1570 4187 1687 4243 Non
1736 4192 1822 4241 est
1873 4184 2016 4238 enim

452 4294 880 4343 consentaneum
916 4292 976 4340 ut
1016 4285 1157 4339 Deus
1195 4283 1267 4338 sit
1320 4281 1374 4335 in
1427 4276 1592 4335 nialo.
1651 4273 2016 4341 Quamobrem

453 4387 549 4432 aut
576 4393 684 4434 non
710 4380 813 4433 erit
837 4378 890 4431 in
924 4374 1204 4441 omnibus,
1240 4371 1460 4444 quando
1509 4369 1567 4424 in
1598 4366 1766 4423 rebus
1799 4361 2018 4433 aliquod

453 4469 658 4523 malum
688 4466 850 4523 fuerit
882 4465 1151 4535 reliquum
1178 4502 1194 4526 ,
1229 4471 1323 4518 aut
1350 4461 1396 4517 si
1423 4450 1549 4515 vere
1577 4471 1703 4511 eum
1753 4454 1808 4509 in
1842 4450 2018 4508 omni-

451 4560 556 4615 bus
593 4573 716 4615 esse
745 4563 959 4628 oportet
977 4555 1224 4617 credere.
1252 4552 1415 4611 simul
1436 4547 1745 4607 ostenditur
1777 4560 1900 4600 cum
1929 4559 2014 4609 ca,

451 4664 615 4720 quam
645 4647 712 4703 de
748 4648 868 4717 ipso
902 4646 1184 4712 habemus,
1226 4643 1330 4700 [ide
1367 4643 1578 4698 nullum
1626 4654 1752 4695 esse
1791 4637 2014 4693 malum.

452 4741 573 4797 Non
607 4746 784 4810 potest
813 4738 958 4794 enim
1002 4738 1118 4792 ﬁeri
1149 4744 1206 4792 ut
1235 4734 1380 4791 Deus
1428 4734 1500 4789 sit
1542 4732 1600 4787 in
1640 4731 1803 4785 malo.
1849 4728 2016 4785 Deum
2054 4740 2063 4749 ‘

440 4842 634 4887 “autem
673 4828 854 4885 omnia
886 4842 1009 4884 esse
1036 4827 1102 4881 iis
1131 4838 1252 4895 qua:
1292 4829 1441 4886 sunt,
1472 4819 1714 4877 ostendit
1746 4834 1867 4875 eam
1897 4832 2019 4887 qua:

453 4938 484 4979 a
514 4921 674 4980 nobis
722 4927 993 4990 speratur,
1023 4917 1189 4973 vitam
1230 4930 1352 4971 esse
1399 4913 1699 4984 simplicem
1725 4918 1779 4967 et
1808 4908 2020 4966 unifor-

453 5029 615 5069 mem.
638 5011 795 5079 Quod
826 5009 971 5067 enim
1010 5022 1121 5063 non
1160 5004 1393 5074 amplius
1428 5018 1524 5073 per
1561 5002 1731 5057 multa
1763 5008 1818 5057 et
1866 4999 2018 5054 varia

453 5106 628 5161 instar
675 5102 803 5157 vita:
856 5096 1171 5170 praesentis,
1222 5095 1515 5167 quarenda
1560 5100 1615 5149 et
1652 5090 2018 5162 comparanda

453 5199 525 5254 sit
551 5202 740 5251 nostra
765 5193 899 5257 vita,
931 5191 1017 5248 bis
1045 5189 1229 5247 verbis
1271 5187 1532 5251 ostendit,
1569 5183 1714 5256 quod
1751 5182 1895 5239 Deus
1922 5195 2018 5235 no-

452 5289 539 5345 bis
565 5288 639 5344 sit
663 5287 868 5352 omnia,
898 5299 1019 5355 quas
1045 5282 1173 5339 huic
1205 5282 1331 5337 vitae
1382 5278 1642 5335 videntur
1682 5273 2016 5340 necessaria,

452 5394 578 5434 cum
622 5393 721 5448 per
764 5378 1057 5447 quamdam
1109 5372 1414 5443 analogiam
1465 5384 1531 5425 ac
1577 5365 2011 5425 convenientiam

450 5468 881 5536 unumquodque
909 5471 1156 5522 sumatur
1178 5478 1244 5519 ac
1274 5460 1605 5532 percipiatur
1624 5458 1693 5513 ad
1727 5456 1965 5512 divinius
1999 5496 2012 5510 .

451 5557 589 5612 adeo
617 5563 759 5612 utet
792 5555 933 5611 Deus
973 5555 1045 5610 sit
1071 5554 1230 5610 nobis
1265 5552 1444 5617 cibus,
1497 5558 1555 5606 ut
1595 5549 1764 5605 Deum
1805 5556 1888 5603 est
1926 5560 2015 5602 co-

2112 3282 2240 3334 μιν.
2274 3266 2374 3321 Δεῖ
2402 3269 2513 3337 γὰρ
2549 3272 2736 3325 αὐτὸν
2760 3273 3133 3339 βασιλεύειν,
3170 3274 3280 3341 ἕως
3327 3276 3407 3331 ἂν
3436 3276 3519 3345 0ιῖ
3570 3279 3690 3344 τοὺς

2117 3356 2370 3427 ἐχθροὺς
2395 3360 2512 3414 ὑπὸ
2537 3361 2679 3427 τοὺς
2701 3363 2891 3430 πόδας
2913 3366 3120 3421 αὑτοῦ.
3160 3368 3459 3436 Ἐσχατος
3485 3369 3690 3437 ἐχθίὸς

2118 3450 2492 3518 καταργεῖται
2525 3454 2559 3506 ὁ
2588 3452 2862 3520 θάνατος.
2888 3456 3089 3510 Πάντα
3114 3457 3225 3527 γὰρ
3247 3458 3560 3522 ὑπέταξεν
3592 3463 3690 3513 ὐπε

2117 3538 2258 3604 τοὺς
2289 3539 2479 3606 πόδας
2506 3543 2711 3598 αὐτοῦ.
2745 3545 2929 3599 Ὅταν
2953 3546 3021 3599 δὲ
3052 3548 3193 3615 εἴπῃ
3221 3546 3310 3601 ὅτι
3333 3548 3538 3602 πάντα
3560 3551 3690 3603 ὐπὲι

2117 3630 2318 3697 ταξεν,
2347 3632 2628 3700 δηλονότι
2661 3634 2836 3704 ἐκτὸς
2863 3637 2970 3692 τοῦ
2998 3637 3416 3705 ὑποτάξαντος
3440 3641 3616 3706 αὑτῷ
3642 3641 3690 3695 τὲ

2119 3720 2336 3778 πάντα.
2372 3725 2556 3779 Ὅταν
2601 3725 2669 3780 δὲ
2697 3729 2965 3797 ὑποτάξῃ
3017 3729 3176 3795 αὐτῷ
3206 3731 3280 3784 τὰ
3315 3731 3544 3796 πάντα,
3578 3737 3690 3786 τότι

2119 3810 2217 3863 καὶ
2243 3811 2426 3878 αὐτὸς
2452 3810 2893 3883 ὑποταγήσεται
2932 3816 3011 3883 τῷ
3039 3818 3406 3883 ὑποτάξαντι
3437 3823 3613 3887 αὐτῷ
3642 3823 3690 3875 τι

2118 3903 2337 3972 πάντα,
2367 3906 2467 3959 ἵνα
2504 3901 2546 3977 ᾖ
2575 3908 2607 3960 ό
2635 3907 2779 3974 Θεὸς
2819 3909 2890 3962 τὰ
2916 3908 3112 3963 πάντα
3152 3909 3222 3962 ἐν
3265 3908 3477 3966 πᾶσιν.
3508 3914 3690 3982 Σάι-,οῦκ

2118 3992 2226 4064 γὰρ
2255 3998 2314 4048 ὲν
2357 3994 2435 4066 τῷ
2472 3996 2762 4067 τελευταίῳ
2792 3997 2900 4050 τῶν
2930 3999 3236 4070 εἰρημένων
3277 4000 3340 4052 τὸ
3367 4001 3466 4071 τῆς
3500 4005 3690 4061 κακίας

2119 4084 2465 4158 ἀνύπαρκτον
2494 4086 2570 4158 τῷ
2621 4087 2765 4159 λόγῳ
2810 4088 3160 4160 παρίστησιν,
3189 4091 3247 4142 ἐν
3293 4089 3372 4160 τῷ
3418 4094 3605 4146 εἰπεῖν

2120 4177 2254 4228 πᾶσι
2302 4176 2546 4257 γίνεσθαι
2592 4177 2681 4230 τὸν
2731 4178 2882 4242 Θεὸν,
2927 4179 3103 4234 πάντα
3137 4180 3352 4251 ἑκάστῳ
3388 4181 3687 4252 γινόμενον

2119 4266 2287 4338 Δῆλον
2321 4267 2428 4339 γὰρ
2451 4270 2532 4322 ὅτι
2555 4268 2675 4322 τότε
2705 4269 2900 4341 ἀληθὲς
2927 4269 3080 4323 ἔσται
3100 4270 3162 4323 τὸ
3195 4272 3253 4324 ὲν
3287 4272 3425 4325 πᾶσι
3451 4273 3550 4326 τὸν
3574 4275 3690 4328 Θεὸη

2121 4353 2282 4421 εἶναι,
2321 4359 2448 4413 ὅταν
2489 4359 2652 4431 μηδὲν
2683 4360 2852 4415 κακὸν
2899 4360 3229 4432 ὲνθεωρῆται
3269 4365 3384 4426 τοῖς
3416 4359 3602 4418 οὖσιν.
3634 4367 3690 4419 Oi

2123 4449 2230 4519 γὰρ
2255 4450 2320 4523 δὴ
2351 4451 2445 4504 καὶ
2485 4453 2543 4505 ὲν
2580 4451 2736 4523 κακῷ
2776 4452 2867 4506 τὸν
2904 4453 3036 4506 Θεὸν
3066 4453 3211 4516 εἰκός
3253 4455 3370 4507 ἐστι
3425 4455 3685 4523 γίνεσθαι

2124 4540 2285 4592 Ὥστε
2313 4539 2345 4610 ἢ
2374 4539 2474 4591 οὑκ
2498 4542 2556 4593 ἑν
2578 4541 2740 4594 πᾶσιν
2766 4539 2939 4603 ἔσται,
2963 4541 3090 4593 ὅταν
3119 4539 3418 4609 ὑπολειφθῇ
3454 4557 3506 4592 τι
3535 4544 3690 4594 κακὶε

2120 4632 2178 4684 ὲν
2203 4634 2314 4695 τοῖς
2360 4626 2604 4700 οὖσιν-ἢ
2651 4633 2699 4685 εἰ
2733 4631 2946 4702 άληθῶς
2995 4633 3054 4685 ὲν
3087 4632 3220 4688 πᾶσι
3264 4631 3370 4702 χρὴ
3419 4634 3690 4687 πιστεύει*

2120 4723 2280 4775 αὑτὸν
2325 4719 2483 4787 εἶναι,
2515 4722 2576 4775 τὸ
2628 4723 2794 4792 μηδὲν
2840 4722 3007 4776 κακὸν
3044 4718 3181 4775 εἶναι
3212 4725 3277 4792 τῇ
3330 4722 3461 4793 περὶ
3506 4725 3690 4778 τούτοε

2123 4812 2304 4866 πίστει
2334 4813 2838 4868 συναποδείκνυται.
2862 4815 2935 4867 Οὑ
2953 4814 3061 4885 γάρ
3080 4815 3194 4866 ἐστι
3213 4812 3440 4867 δυνατὸν
3470 4815 3531 4867 ὲν
3548 4816 3690 4885 κακᾷ

2119 4903 2208 4956 τὸν
2238 4902 2368 4957 Θεὸν
2413 4903 2682 4973 γενέσθαι.
2723 4904 2796 4957 Τὸ
2831 4903 2888 4957 δὲ
2932 4905 3109 4959 πάντα
3153 4903 3399 4972 γίνεσθαι
3431 4905 3529 4957 τὸν
3572 4907 3690 4959 Θεὸπ

2120 4997 2231 5058 τοῖς
2256 4989 2393 5057 οὖσι,
2429 4994 2490 5048 τὸ
2535 4995 2736 5050 ἁπλοῦν
2767 4995 2859 5049 καὶ
2900 4995 3163 5065 μονοειδὲς
3200 4997 3301 5065 τῆς
3334 4995 3690 5067 ἐλπιζομένης

2122 5086 2252 5156 ἡμῖν
2281 5085 2425 5157 ζωῆς
2455 5086 2820 5141 ὑποδείκνυσι.
2867 5086 2941 5141 Τὸ
2968 5086 3074 5157 γὰρ
3092 5086 3309 5165 ,μηκέτι
3353 5085 3443 5140 διὰ
3488 5088 3690 5142 πολλιῖλ

2123 5177 2217 5232 καὶ
2245 5177 2503 5234 ποικίλων
2531 5179 2651 5233 καθ’
2680 5179 2972 5250 ὁμοιότητα
3008 5177 3103 5240 τοῦ
3136 5176 3231 5232 νῦν
3271 5178 3388 5248 βίου
3428 5178 3529 5250 τὴν
3557 5180 3690 5250 (min

2123 5272 2254 5340 ἡμῖν
2288 5269 2747 5342 συνερανίζεσθαι,
2772 5268 2851 5340 τῷ
2876 5269 3018 5341 λόγῳ
3044 5267 3216 5338 τούτῳ
3247 5269 3607 5343 παρίστησιν,
3644 5270 3690 5321 τῆ

2125 5363 2301 5416 πάντα
2344 5362 2474 5432 ἡμῖν
2502 5362 2594 5416 τὸν
2648 5362 2779 5417 Θεὸν
2808 5362 3071 5432 γίνεσθαι,
3120 5363 3220 5416 ὅσα
3255 5364 3323 5434 τῇ
3374 5361 3489 5434 ζωῇ
3522 5362 3690 5434 ταύτῃ

2121 5455 2388 5523 ἀναγκαῖα
2415 5454 2563 5508 δοκεῖ
2601 5455 2690 5509 διά
2726 5472 2871 5518 τινος
2916 5454 3207 5524 ἀναλογίας
3253 5454 3489 5508 ἑκάστου
3527 5470 3690 5523 μετα-

2120 5545 2531 5617 λαμϐανομένου
2566 5546 2700 5619 πρὸς
2742 5546 2803 5601 τὸ
2835 5546 3098 5617 θειότερον
3121 5561 3134 5575 ⁸
3166 5544 3306 5598 ὥστε
3354 5544 3450 5598 καὶ
3494 5542 3690 5613 βρῶσιν
