4106 6208
495 260 562 316 15
1742 246 2020 304 NOTITIA
2061 244 2095 300 E

2199 243 2528 300 FABRICIO.
3689 241 3716 294 1
3729 241 3771 297 6‘

490 374 731 446 θρώπου.
767 371 928 425 han.
972 366 1110 421 Add.
1147 364 1270 421 cod.
1301 363 1504 419 Caesar.
1539 361 1748 429 CCXV,
1780 379 1866 418 nr.
1896 364 1950 429 7,
1981 377 2070 433 ap.
2104 368 2146 420 Α
2178 375 2450 431 quemque
2490 357 2593 414 sub
2633 353 2940 410 extranttm
2976 350 3160 423 operis
3185 352 3456 420 nominat,
3499 357 3773 424 temporis

489 467 682 522 Lamb.
733 461 799 524 ν,
844 477 897 531 p.
949 457 1436 526 Sim—Augusta:
1484 453 1700 509 Vindel.
1749 453 1889 525 Περὶ
1913 469 2080 506 κατα-

493 556 694 625 σκευῆς
715 553 807 607 τοῦ
841 551 1149 624 ἀνθρώπου,
1171 556 1310 604 teste
1335 548 1562 604 Beiscro
1586 563 1641 618 p.
1670 545 1956 609 30'Catal.,
1985 545 2080 616 qui

497 658 761 721 praeterea
793 652 975 700 mouet
1004 644 1055 697 in
1087 641 1276 698 eodem
1301 639 1424 695 cod.
1455 647 1674 694 exstare
1697 637 1882 694 Basilii
1907 637 2083 690 homi-

493 745 594 799 lias
629 741 710 805 11,
741 740 796 792 in
828 737 1063 809 primum
1093 740 1258 804 caput
1292 731 1494 787 Gencs.
1535 747 1582 785 s.
1609 727 2003 790 Hexaemeron,
2028 734 2084 782 et

491 836 627 888 duas
661 845 848 886 earum
881 824 1218 898 posteriores
1262 823 1463 878 ascribi
1508 820 1773 891 Gregorio
1811 820 2080 890 Nysseno,

493 922 611 980 sed.
642 919 824 988 judice
859 915 1192 979 Iltnscbelio,
1226 927 1534 983 perperam,
1575 909 1820 980 ejusdem
1859 908 2080 976 quidem

495 1009 824 1082 argumenti,
869 1021 971 1060 nec
1020 1019 1151 1059 vero
1197 1003 1441 1072 ejusdem
1491 998 1907 1055 methodi.—Iu
1957 997 2112 1052 cod.~

493 1104 727 1158 Coisliu.
753 1093 1083 1158 CCXXVIII,
1117 1095 1208 1150 fol.
1231 1093 1318 1148 6'5.
1349 1111 1404 1146 v.
1425 1092 1722 1148 Illontfauc.
1748 1091 1883 1146 bibl.
1910 1089 2082 1145 Coisl.

495 1211 619 1266 pag.
652 1189 1103 1248 280.—Taurini
1136 1189 1190 1242 in
1221 1187 1350 1241 bibl.
1376 1186 1508 1256 Reg.
1538 1185 1662 1239 cod.
1697 1183 1884 1246 LXXI,
1917 1197 2085 1250 supra

491 1287 602 1354 jam
631 1284 871 1346 laudato,
922 1293 975 1336 et
1000 1280 1121 1335 cod.
1170 1276 1536 1356 CCCLXVIII,
1568 1277 1848 1346 praemissa
1879 1275 1947 1328 ad
1983 1277 2086 1328 Pe.

500 1389 637 1432 trum
663 1376 903 1446 epistola.
946 1373 1010 1427 γ.
1044 1372 1164 1427 Cat.
1191 1371 1351 1427 codd.
1398 1369 1568 1425 Taur.
1602 1385 1652 1439 p.
1705 1368 1808 1422 168
1864 1377 1918 1422 et
1957 1366 2081 1422 486.

499 1470 575 1526 De
609 1471 730 1523 aliis
756 1468 912 1523 codd.
949 1483 1000 1520 v.
1033 1465 1102 1519 ad
1145 1472 1258 1518 not.
1295 1464 1554 1532 priorem,
1587 1469 1642 1516 ct
1695 1460 1722 1531 §
1769 1459 1999 1530 praeced.
2031 1459 2084 1512 in

500 1563 658 1616 notit.
710 1558 871 1614 codd.
923 1557 1096 1611 IIARL.
1123 1554 1269 1608 -V.
1307 1553 1525 1607 Fabric.
1581 1551 1653 1607 De
1699 1553 1914 1606 veritate
1936 1551 2082 1620 relig.

501 1653 822 1708 Christiana:
846 1665 966 1719 cap.
999 1649 1054 1702 2.
1096 1647 1124 1719 §
1155 1647 1245 1711 20,
1273 1662 1326 1715 p.
1355 1645 1447 1700 86.
1483 1643 1655 1699 IIEUII.

2185 455 2326 509 ratio
2376 451 2604 522 impedit
2645 446 2976 503 Nazianzeni
3023 445 3254 502 fratrem
3309 447 3559 520 intelligi.
3595 446 3770 504 Fna.

2187 549 2260 602 De
2280 546 2364 601 ed.
2397 543 2635 598 Vindob.
2661 541 2819 601 1517,
2851 558 2904 594 v.
2935 554 3153 610 quoque
3175 536 3287 594 Jos.
3316 539 3384 594 de
3410 537 3621 595 Sartori
3643 541 3772 595 Cat.

2184 639 2376 692 Iibror.
2395 637 2448 690 in
2471 636 2606 691 bibl.
2627 634 2779 688 acad.
2803 633 3032 688 Tbercs.
3051 630 3282 686 Vienna:
3310 631 3470 695 1801,
3493 631 3549 696 4,
3578 632 3771 702 p.155.

2186 748 2272 787 nr.
2321 729 2450 785 261.
2479 760 2548 771 —~
2583 727 2679 784 Est
2735 727 2832 780 lib.
2881 726 2935 779 in
2976 725 3156 780 tribus
3189 724 3350 778 codd.
3391 723 3572 779 Paris.
3631 724 3768 780 bibl.

2184 823 2338 880 Publ.
2371 824 2426 877 in
2459 822 2582 876 cod.
2615 819 2844 874 Taurin.
2872 817 3061 881 LXXI,
3085 827 3190 872 etc.
3222 816 3394 872 Hann.

2255 917 2310 971 5.
2345 916 2447 980 Εἰς
2473 913 2588 981 τὴν
2613 911 2951 982 ἐπιγραφὴν
2984 909 3102 963 τῶν
3145 909 3428 978 Ψαλμῶν,
3461 909 3673 972 ,βιϐλία
3697 908 3767 978 β’.

2188 1001 2262 1056 De
2304 1001 2645 1055 Psalmorum
2696 993 3130 1068 inscriptionibus
3170 998 3338 1051 libelli
3371 997 3497 1051 duo.
3534 998 3762 1068 Incipit:

2198 1092 2492 1164 Ἐδεξάμην
2521 1109 2613 1144 σου
2659 1091 2719 1143 τὸ
2751 1090 3029 1159 ἐπίταγμα
3075 1087 3215 1159 μετὰ
3243 1088 3571 1160 προθυμίας,
3599 1084 3645 1142 ὦ
3673 1089 3770 1143 ἇν-

2187 1183 2372 1256 Θρωπε
2405 1183 2505 1237 τοῦ
2528 1182 2684 1249 Θεοῦ,
2737 1197 2788 1251 p.
2820 1181 2926 1236 257
2950 1220 2965 1234 .
3002 1180 3163 1235 Liber
3192 1181 3499 1236 secundus:
3551 1181 3770 1235 Τούτων

2186 1277 2358 1341 οὕτως
2388 1279 2518 1348 ἡμῖν
2563 1272 3072 1344 διευκρινηθέντων,
3116 1288 3170 1342 p.
3207 1273 3334 1326 291.
3368 1271 3543 1327 Vertit
3573 1271 3772 1328 Latine

2185 1367 2423 1423 Iacobus
2457 1367 2764 1431 Gretserus,
2797 1381 2922 1421 cum
2953 1365 3114 1434 cujus
3145 1365 3615 1436 interpretatione,
3643 1381 3768 1434 qua:
3815 1425 3817 1427 ,

2187 1464 2350 1517 etiam
2385 1477 2413 1514 a
2447 1460 2853 1514 Parisiensibus
2891 1467 3108 1514 servata
3139 1469 3241 1522 est,
3281 1459 3615 1527 prodierant,
3663 1457 3768 1511 ad-

2189 1554 2318 1608 ditis
2347 1569 2540 1608 novem
2580 1551 2785 1607 Leonis
2809 1553 2940 1620 imp.
2971 1551 3234 1611 homiliis,
3263 1566 3294 1605 e
3321 1551 3454 1605 bibl.
3485 1550 3768 1616 Bavarica,

2192 1645 2484 1717 lngolstad.
2529 1644 2688 1708 1600,
2724 1643 2884 1708 1617,
2917 1644 2972 1697 4.
3003 1642 3192 1698 Sixtus
3224 1642 3504 1706 Senensis,
3530 1641 3768 1714 Nysseni

571 1745 623 1798 5.
668 1745 726 1796 In
755 1742 917 1796 verba
947 1739 1144 1794 Genes.
1192 1755 1230 1800 ι,
1261 1737 1368 1808 26ιε
1401 1735 1692 1789 Faciamus
1723 1735 1980 1790 hominem
2012 1733 2080 1787 ad
2117 1709 2161 1763 Β
2189 1740 2245 1792 in
2274 1737 2596 1791 Psalterium
2625 1734 3049 1790 commentarios
3072 1735 3127 1787 in
3149 1732 3411 1788 Vaticana
3433 1732 3616 1787 Graece
3639 1748 3767 1786 con-

501 1835 783 1905 imaginem
821 1841 869 1886 et
913 1829 1323 1884 similitudinem
1360 1835 1618 1891 nostram,
1670 1826 1906 1880 homilia:
1935 1826 2078 1879 dum.

505 1928 656 1983 Prior
678 1925 866 1994 incipit
889 1939 942 1994 p.
970 1922 1093 1983 159,
1127 1919 1365 1976 Παλαιοῦ
1390 1919 1582 1990 χρέους
1607 1918 1810 1972 ἔκτισιν
1837 1918 2084 1987 ἀποπλη-

505 2018 694 2092 ρώσων
735 2017 874 2087 ἥκω.
912 2012 1187 2069 Posterior
1221 2027 1275 2081 p.
1316 2012 1441 2078 153,
1495 2011 1552 2064 Ὀ
1589 2012 1686 2082 μὲν
1723 2011 1885 2079 σοφὸς
1922 2012 2085 2064 Σολο-

506 2109 642 2181 μὼν.
677 2107 1015 2160 Exhibentur
1042 2106 1096 2158 in
1118 2101 1553 2157 Graeco-Latinis
1575 2100 1808 2172 Nysscni
1837 2102 2088 2156 editioni—

504 2201 609 2257 bus
661 2214 784 2253 cum
842 2197 1034 2250 Latina
1096 2193 1548 2263 interpretatione
1597 2189 1746 2247 Petri
1805 2190 2086 2247 Francisci

507 2292 650 2352 Zini,
694 2290 884 2346 Venet.
924 2289 1061 2343 1555
1107 2296 1162 2341 et
1214 2285 1372 2351 1574,
1415 2285 1470 2348 8,
1521 2285 1690 2340 edita.
1730 2282 1868 2338 Sunt
1907 2291 2087 2338 autem

507 2385 710 2440 eaedem
756 2397 880 2437 cum
927 2381 1019 2444 iis,
1069 2391 1190 2448 qua!
1254 2385 1516 2446 tanquam
1573 2375 1795 2430 homilia
1838 2373 1886 2428 X
1919 2384 1976 2429 et
2019 2373 2090 2427 XI

510 2475 710 2546 subjici
745 2475 923 2530 solent
950 2472 1278 2526 Hexaemero
1300 2468 1483 2523 Basilii
1509 2467 1563 2522 in
1581 2467 1822 2537 antiquis
1843 2466 2088 2536 ejusdem

511 2580 622 2624 tam
656 2565 861 2622 Graecis
892 2579 1056 2635 quam
1089 2561 1300 2617 Latinis
1327 2561 1681 2625 editionibus,
1711 2568 1769 2614 ut
1802 2561 1856 2615 in
1889 2559 2091 2634 Basilio

513 2681 568 2734 p.
620 2663 689 2718 70
734 2677 850 2730 seq.
898 2659 1031 2732 [τοι.
1064 2657 1178 2730 ed.]
1219 2657 1486 2720 dicemus,
1526 2655 1619 2711 ubi
1675 2656 1838 2722 etiam
1868 2654 1937 2711 de
1969 2655 2090 2710 aliis

515 2759 777 2812 harumce
809 2753 1154 2808 bomiliarum
1189 2750 1598 2821 interpretibus.

586 2850 638 2903 4.
681 2847 818 2914 Περὶ
864 2845 969 2899 τοῦ
996 2844 1140 2908 ,ϐίου
1188 2840 1482 2906 Μωϋσέως
1511 2841 1614 2896 τοῦ
1645 2839 2006 2910 νομοθέτου,
2051 2841 2090 2908 ἢ

517 2937 647 3006 περὶ
693 2935 803 3003 τῆς
850 2935 974 2988 κατ’
1013 2931 1233 3000 ἀρετὴν
1295 2932 1683 3014 τελειόζητος,
1743 2929 1863 2984 Vita
1890 2928 2092 2996 Moysis

520 3030 745 3100 mystice
785 3035 1061 3090 enarrata,
1110 3023 1515 3094 perfectamque
1549 3021 1836 3075 formulam
1879 3020 2094 3076 vivendi
2124 3061 2171 3123 ε

519 3121 741 3175 cuilibet
791 3117 1109 3171 Christiano
1156 3113 1540 3184 praescribens.
1586 3110 1808 3181 Incipit:
1873 3105 1997 3164 Οἷόν
2045 3128 2096 3164 τι

521 3191 818 3280 πάσχουσιν
852 3209 900 3260 oi
927 3205 1032 3258 τῶν
1075 3203 1313 3256 ἱππικῶν
1347 3199 1572 3276 ἀγώνων
1594 3198 1994 3269 φιλοθεάμονες,
2040 3215 2094 3269 p.

521 3303 645 3357 167.
661 3300 832 3355 Vertit
847 3296 1113 3363 Georgius
1125 3293 1548 3363 Trapezuutius,
1565 3292 1858 3361 separatim
1875 3290 2098 3346 Vienna:

523 3394 659 3449 15°27
684 3392 758 3462 (a)
781 3390 921 3459 apud
961 3387 1118 3441 Joan.
1149 3383 1546 3454 Gremperium,
1579 3391 1632 3439 ct
1660 3383 1822 3438 Basil.
1852 3384 2005 3448 1521,
2039 3385 2096 3446 4,

523 3483 665 3554 apud
690 3483 858 3537 Andr.
895 3478 1278 3535 Cratandrum.
1302 3476 1503 3531 Deinde
1552 3477 1604 3529 in
1644 3475 1854 3530 Latinis
1901 3475 2102 3546 Nys’sc-

525 3578 579 3632 ni
601 3570 1366 3641 editionibusantiquioribus.
1396 3567 1634 3638 Denique
1652 3583 1680 3621 a
1700 3567 1975 3623 Frontone
1991 3567 2099 3622 Du-

525 3683 638 3722 cam
692 3666 965 3736 rccoguita
995 3672 1048 3717 et
1083 3662 1328 3731 suppleta
1369 3661 1422 3714 iu
1469 3659 1714 3716 editione
1745 3660 1940 3715 Latina
1969 3663 2098 3715 anni

527 3759 687 3821 1695,
716 3766 768 3812 et
790 3759 842 3811 in
858 3754 1269 3811 GrmcmLatina
1292 3761 1521 3823 utraque
1544 3755 1668 3807 anni
1700 3753 1837 3807 1615
1856 3762 1908 3808 et
1939 3755 2096 3809 1658.

526 3847 711 3905 Grtece
748 3849 949 3918 prodiit
985 3847 1071 3900 hic
1099 3847 1234 3900 liber
1265 3861 1370 3898 una
1395 3861 1517 3898 cum
1545 3845 1668 3899 aliis
1701 3855 1937 3915 quatuor
1962 3845 2100 3917 Nys-

527 3939 642 3994 seni
669 3937 948 4008 opusculis
977 3943 1031 3990 et
1061 3936 1203 3991 notis
1227 3934 1542 3997 Iloescbclii,
1573 3935 1820 4006 Lugduni
1845 3937 2096 3993 Batavor.

529 4030 688 4093 1595,
737 4032 789 4083 8.
827 4027 1056 4082 Exstant
1089 4035 1143 4082 et
1183 4029 1236 4080 in
1269 4043 1391 4082 eum
1431 4035 1573 4081 nota:
1597 4027 1842 4098 ejusdem
1895 4028 2097 4084 Ducmi.

527 4115 740 4200 (litatur
784 4135 814 4174 a
859 4119 1188 4174 Theodorito
1231 4117 1457 4188 Dialogo
1490 4118 1540 4182 Ι,
1582 4127 1636 4174 et
1678 4120 2012 4176 Damasceno
2046 4122 2098 4175 in

532 4215 819 4270 Parallelis
835 4213 938 4267 sub
957 4212 1111 4266 titulo
1129 4213 1261 4284 Περὶ
1281 4211 1612 4283 τελειότητος
1629 4211 1764 4282 βίου.
1779 4213 2098 4275 (λωδπὶιιῐη,

532 4310 584 4364 in
611 4307 772 4377 cujus
799 4306 1027 4377 gratiam
1055 4303 1201 4358 hunc
1230 4303 1428 4358 librum
1461 4303 1740 4375 Nyssenus
1767 4304 2098 4375 composuit,

2192 1829 2427 1898 scriptos
2452 1834 2708 1889 testatus,
2735 1841 2844 1881 non
2868 1825 3008 1880 alios
3038 1825 3290 1889 fortasse,
3321 1841 3483 1895 quam
3506 1825 3606 1880 bos
3625 1825 3770 1878 duos

2193 1920 2406 1975 libellos
2437 1919 2638 1972 innuit.
2683 1915 2852 1971 Fsan.
2903 1915 2961 1970 In
3000 1916 3162 1971 codd.
3209 1915 3474 1972 Escorial.
3516 1916 3768 1986 pluribus

2192 2018 2322 2066 sunt
2354 2011 2407 2063 bi
2447 2025 2485 2063 Il
2531 2008 2698 2062 libelli
2722 2014 2776 2062 ct
2803 2007 2963 2077 plura
2993 2008 3098 2061 alia
3127 2005 3356 2078 Nysseni
3387 2023 3515 2078 opp.
3536 2021 3766 2077 quorum

2195 2102 2428 2156 indicem
2461 2101 2610 2157 dedit
2641 2099 2823 2162 Pluer,
2859 2101 2914 2154 in
2953 2099 3139 2154 Itiuer.
3167 2116 3259 2168 per
3318 2099 3499 2170 Hisp.,
3556 2115 3608 2169 p.
3642 2100 3768 2155 171.

2193 2224 2264 2236 —
2297 2193 2353 2248 In
2389 2193 2512 2248 cod.
2561 2191 2808 2246 Monach.
2844 2191 3038 2246 Bavar.
3068 2192 3187 2246 cod.
3215 2190 3379 2245 LXIX
3417 2203 3470 2247 et
3499 2191 3658 2246 LXX.
3697 2221 3773 2232 --

2198 2284 2433 2340 Vindob.
2463 2285 2515 2338 in
2544 2285 2666 2338 cod.
2698 2284 2901 2340 Caesar.
2937 2283 3074 2345 XIII,
3111 2299 3194 2337 nr.
3225 2284 3454 2348 14,cum
3475 2283 3772 2353 subiuncta

2199 2379 2432 2449 append.
2483 2376 2560 2430 De
2607 2375 2981 2446 diapsalmate,
3028 2391 3080 2429 v.
3127 2373 3383 2430 Lambec.
3433 2375 3519 2442 VI,
3552 2384 3695 2446 part.
3727 2392 3772 2440 ι.

2198 2486 2321 2542 pag.
2360 2469 2482 2523 107.
2512 2501 2582 2510 -—
2613 2469 2668 2522 in
2708 2467 2832 2522 cod.
2870 2466 3059 2530 XVIII,
3081 2482 3164 2521 nr.
3193 2466 3249 2530 2,
3282 2467 3528 2539 inscript.
3565 2467 3778 2540 Ἑρμησ-

2197 2567 2316 2620 νεία
2351 2565 2604 2636 ἐπίτομος
2631 2565 2712 2627 εἰς
2741 2564 2839 2633 τὴν
2867 2562 3177 2634 ἐπιγραφὴν
3207 2562 3314 2615 τῶν
3343 2562 3603 2633 ψαλμῶνο
3636 2579 3774 2632 quo-

2200 2659 2361 2714 modo
2422 2660 2525 2713 hoc
2591 2659 2854 2728 scriptum
2905 2657 3186 2726 exemplar
3236 2656 3448 2711 differat
3495 2657 3564 2712 ab
3602 2657 3768 2720 edito,

2200 2754 2360 2808 docet
2387 2753 2667 2806 Kollarius
2715 2751 2769 2804 in
2804 2749 3072 2818 supplem.
3116 2763 3236 2819 pag.
3274 2749 3394 2802 165.
3428 2765 3513 2818 sq.
3545 2778 3614 2790 ——
3645 2747 3770 2802 Flo-

2203 2846 2391 2899 rentia}
2425 2845 2478 2897 in
2523 2843 2646 2898 cod.
2696 2841 2954 2896 Laurent.
2992 2839 3116 2894 cod.
3160 2840 3246 2904 III,
3287 2857 3370 2894 nr.
3403 2841 3486 2906 19,
3537 2842 3671 2912 plut.
3710 2841 3768 2903 6.

2203 2936 2503 3004 fragmenta
2537 2935 2587 2986 in
2619 2933 2984 2996 inscriptiones
3009 2931 3446 2995 Psalmorum,—
3477 2948 3560 2986 nr.
3587 2932 3676 2996 20,
3703 2949 3770 2988 εἰ

2203 3025 2652 3094 interpretatione
2685 3040 2840 3093 super
2870 3022 3207 3076 Psalmorum
3244 3025 3630 3092 inscriptiones,
3661 3025 3772 3079 duo

2202 3133 2360 3188 capp.
2381 3147 2450 3157 -
2474 3132 2556 3170 nr.
2580 3115 2672 3182 22,
2710 3118 2760 3169 in
2787 3115 3106 3183 diapsalma,
3137 3125 3190 3172 et
3214 3133 3294 3171 nr.
3326 3117 3413 3179 18,
3444 3119 3585 3187 disp.
3617 3117 3770 3183 Quod

2201 3221 2290 3260 res
2334 3212 2500 3274 gesta:
2537 3213 2590 3258 et
2632 3205 2739 3258 vita
2784 3203 3006 3259 Davidis
3048 3222 3155 3260 non
3192 3205 3416 3261 fuerunt
3469 3223 3535 3261 co
3579 3208 3773 3262 ordine

2203 3308 2454 3366 peractae,
2507 3312 2616 3366 quo
2661 3294 2862 3351 Psalmi
2917 3297 3150 3351 ordinati
3198 3305 3443 3352 sunt.——
3471 3298 3527 3352 In
3573 3300 3694 3354 cod.
3727 3300 3770 3364 I,

2201 3403 2286 3440 nr.
2316 3386 2368 3446 1,
2409 3387 2546 3456 plut.
2572 3386 2628 3444 7,
2663 3387 3047 3456 interpretatio
3075 3387 3251 3442 brevis
3291 3388 3343 3440 in
3376 3390 3766 3456 inscriptionem

2200 3475 2564 3531 Psalmorum.
2615 3475 2680 3530 ν.
2712 3476 2944 3531 Bandin.
2977 3477 3091 3531 Cat.
3127 3486 3232 3532 etc.
3286 3478 3325 3530 Ι.
3355 3494 3407 3546 ιιι.
3439 3477 3527 3542 89,
3560 3496 3682 3550 sqq.
3714 3487 3770 3535 et

2203 3566 2325 3620 165.
2356 3595 2426 3606 -
2454 3566 2628 3620 Paris.
2657 3567 2713 3620 in
2743 3576 2948 3636 septem
2975 3567 3131 3622 codd.
3159 3567 3288 3622 bibl.
3323 3566 3481 3622 Publ.
3506 3569 3572 3623 de
3599 3571 3692 3623 illo
3715 3577 3770 3624 et

2203 3659 2523 3727 tribussqq.
2549 3672 2741 3727 opusc.
2772 3655 2848 3730 V._
2869 3657 3188 3712 Sclirteckh.
3228 3658 3264 3711 l.
3295 3674 3344 3713 c.
3380 3674 3501 3730 pag.
3534 3659 3623 3715 64.
3645 3675 3767 3730 sqq.

2205 3749 2374 3805 ΒΑΜ..

2271 3846 2323 3898 6.
2364 3843 2592 3898 IIomilia
2625 3845 2678 3896 in
2704 3842 2976 3897 Psalmum
3005 3854 3230 3909 sextum,
3273 3845 3406 3916 Περὶ
3432 3845 3530 3914 τῆς
3554 3843 3764 3914 ὀγδόης,

2205 3939 2279 3991 De
2317 3948 2520 4004 octava,
2565 3938 2680 3993 sive
2737 3936 2876 3992 festo
2910 3937 3380 3994 Circumcisionis.
3431 3936 3540 3991 Inc.
3591 3937 3652 3990 Οἱ
3703 3939 3769 3991 ἐκ

2201 4029 2481 4099 δυνάμεως
2525 4031 2604 4092 εἰς
2637 4027 2862 4096 δύναμιν
2893 4028 3268 4098 πορευόμενοι,
3315 4045 3439 4100 pag.
3479 4029 3604 4093 567,
3645 4044 3770 4084 cum

2203 4121 2453 4177 versione
2491 4120 2768 4175 Laurentii
2801 4119 2996 4184 Sifani,
3033 4137 3156 4191 qua:
3189 4123 3468 4193 prodierat
3501 4125 3554 4177 in
3584 4122 3771 4178 Latina

2202 4212 2431 4283 Nysseni
2465 4199 3591 4288 (1(ιίιί6ηάΒθεὶιῖῚόϐἳἺοιῗρἇΪἿοθῗ
3605 4204 3776 4272 vé‘rm

2202 4314 2256 4358 et
2310 4303 2576 4361 Maximus
2637 4299 3402 4380 Margunius,'Cytberorum
3462 4314 3770 4383 episcopus.

608 4488 684 4557 (a)
724 4485 940 4557 Fabric.
983 4487 1036 4538 et
1074 4482 1322 4538 Oudinus
1357 4500 1411 4557 p.
1453 4483 1556 4539 598
1581 4484 1692 4557 (ubi
1723 4483 1791 4538 de
1820 4485 1933 4557 boc
1961 4499 2098 4553 opu-
2133 4491 2176 4544 Ι)
2207 4487 2392 4557 Apost.
2447 4486 2628 4557 chus
2677 4487 2729 4541 in
2775 4487 3160 4544 Dissertazioni
3224 4490 3476 4544 Vossiane
3516 4500 3647 4546 tom.
3708 4491 3772 4554 Il,

533 4556 686 4613 settln
718 4556 845 4624 egit)
880 4563 1138 4606 errarunt
1173 4557 1226 4607 in
1268 4556 1395 4608 anni
1428 4568 1577 4607 nota.
1610 4556 1896 4624 Exemplar
1921 4566 2003 4609 est
2045 4557 2097 4606 iu

535 4629 667 4682 bibl.
705 4627 922 4692 Erlang.
951 4632 1003 4676 et
1037 4624 1394 4694 inscriptum:
1431 4623 1919 4694 GregoriiNySSeni
1943 4653 2006 4662 ——
2029 4624 2101 4677 De

533 4701 654 4750 niue
681 4695 1012 4762 perfectione,
1047 4709 1092 4745 s.
1135 4692 1256 4746 Vita
1285 4692 1479 4762 Moysi,
1504 4695 1637 4748 liber
1665 4692 1985 4750 utilissimus
2009 4711 2102 4762 per

534 4763 1308 4834 GregoriumV'I‘rapezuntium
1337 4779 1366 4818 e
1389 4762 1576 4817 Graeco
1608 4765 1656 4816 in
1688 4763 1935 4818 Latinum
1971 4780 2105 4818 con-

535 4833 748 4898 versus,
780 4843 832 4888 et
861 4833 972 4901 jam
1014 4837 1245 4902 primum
1285 4834 1336 4886 in
1382 4836 1658 4888 solidioris
1690 4835 1954 4890 doctrina:
1979 4842 2101 4889 stu-

537 4909 817 4962 diosorum
854 4903 1300 4963 eunilurncntum,
1352 4918 1512 4970 quam
1549 4903 1658 4956 fieri
1694 4905 1888 4972 potuit,
1914 4907 2101 4972 icasii-

537 4977 817 5048 gatissitua
850 4973 1208 5048 impressione
1233 4973 1592 5048 vulgatusAd
1624 4971 1891 5048 lectorem
1911 4971 2102 5048 \Eadia-

541 5044 664 5100 nus.
708 5045 862 5111 Quod
907 5058 1004 5095 sua
1051 5044 1348 5111 tlornigero
1382 5044 1694 5096 tribuerunt
1733 5045 1930 5098 saecula
1985 5044 2102 5098 Mo-

539 5119 606 5177 si,
648 5125 753 5170 etc.
809 5115 974 5180 (Sunt
1012 5121 1065 5166 et
1107 5114 1383 5178 disticha).
1430 5112 1484 5164 In
1529 5115 1722 5166 calce:
1769 5112 2097 5180 lmpressum

540 5187 762 5240 Viennae
791 5184 1084 5237 Pannonia:
1126 5199 1219 5251 per
1252 5182 1470 5236 Hieron.
1507 5182 1800 5236 Victorem.
1837 5183 2104 5250 Expensis

538 5256 808 5309 Leonardi
851 5263 905 5307 et
945 5253 1100 5307 Luem
1139 5255 1396 5312 Alantsa‘,
1449 5254 1698 5306 fratrum.
1744 5253 1923 5307 Mense
1975 5252 2101 5307 Dec.

541 5325 778 5379 MDXV’II
821 5325 1027 5394 (1517),
1078 5324 1132 5378 4.
1175 5322 1416 5394 Dedicat.
1474 5324 1674 5390 seripta
1735 5334 1815 5376 est
1867 5338 1894 5374 a
1946 5320 2103 5376 Joan.

537 5393 837 5466 t‘lrempero
875 5395 987 5464 (qui
1027 5393 1530 5466 editor_ft_tit,_‘nou
1556 5394 1984 5466 gtypograpbus),
2009 5463 2018 5466 _
2041 5395 2108 5445 ad

535 5461 732 5532 Georg.
759 5461 1074 5532 cpiscomim
1097 5462 1333 5532 Vindob.
1356 5461 1514 5532 Plura
1537 5461 1604 5514 de
1639 5465 1738 5515 bac
1772 5461 1902 5516 edit.
1934 5463 2110 5515 anim—

537 5531 770 5590 advertit
796 5531 969 5601 Dcnys
1004 5534 1055 5587 in
1075 5551 1086 5585 :
1106 5532 1284 5586 Wiens
1312 5531 1638 5585 Buchdrurk.
1662 5532 1960 5586 Geschichte
1981 5549 2104 5602 pag.

537 5608 639 5682 176
693 5623 810 5682 s_qq.
841 5606 930 5682 qui
973 5605 1282 5682 suspicatur
1343 5602 1695 5682 Gretuperum
1739 5619 1894 5682 usum
1922 5604 2107 5682 luisse.

537 5676 658 5733 cod.
699 5673 791 5730 Gr.
836 5675 1037 5729 Corviu
1104 5673 1241 5746 Auni
1285 5681 1466 5725 uetant
1504 5673 1613 5739 jam
1656 5683 1804 5728 recte
1845 5673 2106 5726 indicavit

2205 4556 2262 4625 p.
2309 4557 2362 4616 8,
2416 4557 2483 4611 de
2536 4556 2796 4629 Gregorio
2849 4558 3234 4629 Trapezuntio.
3295 4561 3581 4617 Cratandri
3639 4563 3770 4616 edit.

2207 4629 2466 4696 inscripta
2511 4637 2627 4700 est;
2669 4627 2830 4698 Greg.
2879 4627 3109 4700 NySseni
3154 4659 3224 4667 —
3254 4629 3487 4700 Mystica
3518 4629 3772 4686 Mosaicae

2204 4700 2322 4750 vitta
2344 4699 2633 4755 enarratio.
2662 4699 2958 4765 perfectam
2991 4701 3272 4754 formulam
3301 4699 3512 4751 vivendi
3543 4703 3771 4758 cuilibet

2203 4766 2518 4840 Qhristiano
2544 4769 2927 4840 praescribens,
2958 4771 3157 4840 Georg.
3189 4767 3768 4840 Trapez._interprete.

2205 4835 2373 4892 Basil.
2415 4837 2470 4890 in
2518 4835 2623 4893 ted.
2653 4837 2823 4891 Andr.
2873 4839 3184 4893 Cratandri.
3217 4838 3374 4901 1521,
3405 4837 3460 4897 4.
3499 4841 3571 4892 ib.
3597 4835 3769 4903 1562.

2203 4907 2268 4972 ις
2316 4907 2574 4962 Cratand.
2607 4909 2660 4962 in
2689 4908 2838 4978 praef.
2870 4909 3176 4977 proﬁtetur,
3217 4925 3274 4962 se
3299 4908 3660 4965 Viennensem
3685 4915 3770 4968 ed.

2209 4995 2317 5033 non
2346 4993 2565 5046 aequare
2607 4979 2768 5032 modo
2798 4979 3094 5041 studuisse,
3138 4978 3229 5033 sed
3269 4985 3323 5032 et
3353 4993 3635 5047 superare,
3682 4999 3775 5036 na-

2207 5057 2352 5102 ctum
2376 5049 2501 5103 cod.
2545 5064 2708 5102 manu
2743 5047 2799 5099 Β.
2834 5047 3078 5102 Bhenani
3114 5049 3298 5101 multis
3327 5050 3502 5102 modis
3533 5060 3771 5104 notatum
3831 5067 3836 5072 '

2208 5119 2660 5191 castigatumque.
2687 5147 2764 5191 -:-_
2785 5117 2977 5187 Spuria
3002 5117 3166 5172 editio
3185 5134 3321 5191 esse
3348 5121 3776 5191 videturGrego-

2210 5189 2275 5259 rii
2303 5186 2534 5257 Nysseni
2565 5189 2684 5240 Vita
2707 5186 2898 5259 Hosis,
2924 5193 3151 5257 August.
3185 5187 3399 5242 Vindel.
3433 5191 3588 5253 1521,
3613 5186 3773 5259 quam

2215 5258 2486 5330 Yalemin.
2545 5259 2672 5330 Ern.
2733 5258 2988 5312 Lmscber
3043 5259 3095 5312 in
3147 5259 3406 5313 Stromat.
3449 5277 3502 5330 p.
3542 5258 3667 5321 281,
3701 5270 3774 5322 et,

2218 5329 2474 5382 Inesitans
2518 5329 2736 5400 quidem
2791 5330 2882 5400 illo
2923 5330 3072 5400 duce
3115 5332 3255 5384 male
3303 5329 3473 5400 certo,
3522 5329 3659 5400 Zapf
3688 5331 3772 5382 in:

2218 5397 2883 5469 Augsburgs’BucItdt-ttck.
2924 5397 3106 5454 Gesch.
3153 5409 3282 5454 tom.
3317 5399 3358 5462 Ι,
3389 5417 3443 5470 p.
3480 5397 3614 5466 149,⁷
3637 5409 3778 5470 attu-

2220 5471 2425 5534 lerunt;
2477 5485 2575 5523 nec
2603 5486 2721 5524 eam
2765 5479 3026 5524 memorat
3067 5471 3148 5525 Cl.
3178 5469 3404 5526 Pauzer.
3443 5473 3495 5524 in
3524 5473 3584 5524 A.
3611 5479 3652 5525 t.
3689 5469 3779 5532 V’I,

2216 5555 2270 5608 p.
2299 5540 2400 5594 160
2428 5556 2536 5606 sq.,
2562 5540 2730 5594 libros
2763 5541 2961 5595 ibidem
2998 5542 3090 5598 illo
3121 5557 3266 5596 anno
3294 5557 3528 5598 excuses
3557 5556 3781 5599 enunte‘

2214 5625 2363 5663 rans.
2401 5612 2568 5663 11Α1ιι..
