4106 6208
534 354 602 410 19
1717 400 1724 404 ς
1765 356 2049 418 NOTITIA
2088 359 2179 416 EX
2218 359 2557 420 FABRICIO.
3561 414 3563 416 .
3722 371 3791 425 20

535 471 758 542 majoris
787 470 989 542 operis,
1024 475 1076 529 in
1109 487 1218 545 quo
1252 475 1491 534 dlllicilia
1522 475 1820 550 Scripturse
1864 482 1982 536 loca
2009 495 2109 534 au-
2138 482 2181 536 A
2209 495 2426 536 excusse
2452 521 2466 541 .
2528 479 2717 534 eodem
2781 479 3078 548 interprete
3178 476 3358 534 Lutet.
3438 496 3526 551 ap.
3592 481 3799 540 Vasco-

533 572 656 617 ctor
683 563 996 620 illustravit.
1039 563 1203 620 ΡΑιιιι.
1251 566 1413 621 Conf.
1448 565 1657 624 Semlcr
1699 569 1734 622 Ι.
1769 585 1818 624 c.
1853 585 1976 640 pag.
2013 570 2110 624 184

535 671 682 726 sqq.,
729 656 832 710 192
868 671 988 727 sqq.
1025 656 1324 713 Schroeth
1362 675 1416 729 p.
1447 661 1514 715 74
1547 666 1667 730 s’qq.
1699 663 1862 717 etiam
1892 661 1960 717 de
1989 677 2106 733 seq.

533 763 727 818 opusc.
757 747 1014 804 Lambec.
1040 759 1094 805 et
1121 748 1327 806 Kollar.
1359 751 1570 807 Comm.
1598 752 1686 819 Ill,
1720 769 1842 825 pag.
1868 754 2106 825 Sil-seq.

533 839 602 894 de
629 840 751 894 cod.
780 839 938 896 LXV.
973 839 1145 896 I-IARL.

611 929 698 983 13.
731 929 808 982 Ad
845 927 1213 985 Theodosium
1245 932 1585 1002 episcopum,
1626 927 1870 1002 Epistola
1896 932 1960 987 de
2015 950 2110 988 en-

531 1021 883 1092 gastrimytho
917 1022 1017 1091 (a),
1050 1038 1172 1093 pag.
1198 1023 1460 1087 867-871,
1491 1039 1614 1078 cum
1647 1025 1894 1092 ejusdem
1925 1024 2109 1079 Ducaei

534 1115 786 1170 versione
839 1123 892 1170 et
935 1113 1100 1169 notis.
1157 1115 1376 1185 Incipit:
1446 1116 1503 1170 '0
1543 1115 1713 1170 εἰπὼν
1758 1120 1871 1181 τοῖς
1915 1117 2108 1171 ἑαυτοῦ

536 1207 826 1278 μαθηταῖς.
869 1206 926 1261 In
959 1206 1064 1262 line
1092 1214 1346 1271 testatur,
1379 1223 1439 1262 se
1472 1207 1582 1280 ἰδίῳ
1609 1207 1754 1279 λόγῳ
1785 1208 1965 1264 fusius
2005 1225 2104 1264 ex-

455 1305 477 1351 i.
533 1299 769 1369 plicasse
817 1298 936 1362 πῶς
980 1300 1339 1372 παραγίνεται
1381 1299 1443 1354 τὸ
1495 1299 1712 1371 πνεῦμα
1761 1301 1866 1371 πρὸ
1912 1300 2098 1371 βαπτί-

535 1409 759 1462 σματος.
811 1391 880 1444 At
910 1393 1203 1458 sententia,
1261 1407 1368 1462 qua
1397 1407 1504 1448 non
1535 1406 1724 1448 verum
1770 1390 2106 1456 Samuelem,

533 1485 627 1538 scd
654 1485 952 1540 damonem
978 1485 1081 1540 sub
1108 1485 1379 1540 Samuelis
1409 1485 1592 1555 specie
1616 1482 1769 1539 Sauli
1790 1483 2110 1554 apparuisse

532 1578 799 1646 disputat,
846 1579 1154 1632 communis
1189 1577 1291 1647 ipsi
1323 1584 1407 1632 est
1433 1592 1557 1632 cum
1591 1578 1839 1647 pluribus
1867 1575 2109 1648 antiquis

532 1665 794 1723 Ecclesia:
823 1667 1162 1734 doctoribus,
1190 1678 1250 1723 ut
1275 1669 1671 1724 demonstravit
1702 1667 1936 1722 Allatius
1960 1667 2105 1724 Diss.

531 1759 597 1814 de
624 1761 1037 1830 engastrimytho
1068 1760 1161 1833 [ad
1196 1759 1440 1815 Eustath.
1472 1760 1720 1814 Antioch.
1749 1763 2110 1813 Hexaemeron

529 1866 586 1906 ν.
637 1866 754 1920 cap.
804 1865 918 1920 seq.
967 1851 994 1921 §
1028 1832 1084 1916 Ι,
1110 1868 1195 1905 nr.
1233 1851 1322 1923 2].
1356 1850 1642 1906 Prodierat
1687 1851 1792 1904 hoc
1845 1849 2109 1918 scriptum
2146 1832 2187 1886 Β

528 1938 762 2011 Nysseni
789 1955 911 1996 cum
949 1940 1124 1996 Ducaai
1156 1943 1426 2006 versione,
1460 1942 1758 2012 Ingolstad.
1787 1941 1947 2006 1596,
1984 1941 2038 1995 8.

602 2031 692 2086 14.
732 2035 837 2097 Εἰς
866 2033 981 2101 τὴν
1010 2034 1228 2090 ἑαυτοῦ
1257 2035 1628 2104 χειροτονίαν
1647 2074 1663 2099 ,
1694 2051 1812 2088 cum
1841 2027 2111 2104 episcopus

532 2123 809 2177 ordinatus
862 2135 995 2178 esset
1033 2124 1140 2195 (ὁ),
1189 2140 1246 2195 p.
1309 2125 1589 2190 872—879,
1641 2140 1765 2178 cum
1819 2122 2113 2182 Frontonis

533 2214 713 2269 Ducaci
763 2216 1015 2270 versione
1071 2232 1135 2270 ac
1186 2217 1352 2272 notis.
1403 2212 1832 2284 Incipitz'mee
1886 2217 1979 2270 καί
2027 2218 2111 2285 ἐφ’

531 2307 680 2376 ἡμᾶς
739 2308 772 2377 ή
830 2306 927 2377 τῆς
994 2307 1369 2378 πνευματικῆς
1434 2309 1728 2373 ἑστιάσεως
1779 2308 2109 2379 λειτουργίαι.

531 2394 674 2450 Citat
701 2394 939 2452 Joannes
981 2397 1347 2452 Damascenus
1376 2400 1430 2452 in
1468 2397 1776 2462 Parallelis,
1819 2412 1941 2470 pag.
1985 2399 2108 2464 773,

534 2488 640 2544 sub
669 2488 828 2542 titulo
858 2487 994 2560 Περὶ
1024 2489 1125 2558 τῆς
1171 2489 1228 2542 ὲν
1273 2490 1682 2542 Κωνσταντίνου
1737 2488 1889 2542 πόλει
1941 2506 2110 2543 κατα-

533 2580 776 2643 στάσεως
820 2578 914 2632 τοῦ
963 2581 1119 2648 ἁγίου
1173 2581 1494 2652 Γρηγορίου.
1553 2579 1740 2650 Itaque
1769 2579 1882 2635 heec
1933 2581 2112 2635 oratio

421 2684 424 2686 ‘
531 2672 677 2726 dicta
719 2687 770 2724 a.
823 2671 886 2727 C.
941 2671 1066 2736 391,
1099 2673 1154 2727 in
1203 2673 1439 2728 concilio
1479 2672 2107 2743 Constantinopolitano,

533 2778 642 2816 non
685 2772 864 2816 autem
897 2765 1019 2830 372,
1052 2781 1162 2836 quo
1193 2765 1486 2835 episcopus
1515 2764 1802 2819 ordinatus
1828 2772 1934 2820 est.
1967 2764 2112 2819 Con-

533 2852 616 2908 fer
648 2850 1057 2910 Tillemontiu‘m
1106 2868 1239 2910 tom.
1283 2855 1373 2916 IX,
1408 2871 1460 2925 p.
1498 2855 1622 2920 773,
1655 2855 1780 2911 774.
1824 2854 2111 2911 Prodierat

535 2961 660 2999 cum
693 2944 872 3000 DucaJi
897 2947 1147 3003 versione
1184 2947 1480 3018 Ingolstad.
1516 2946 1679 3011 1596,
1714 2948 1768 3002 8.

604 3037 689 3092 15.
733 3035 934 3092 Contra
962 3040 1352 3108 Apollinarium
1376 3039 1854 3109 iragmentum(c),
1882 3055 1936 3110 p.
1978 3038 2105 3103 879,

532 3124 658 3191 880,
689 3142 812 3182 cum
840 3129 1084 3196 ejusdem
1126 3129 1309 3185 Ducaai
1345 3130 1795 3199 interpretatione
1847 3145 1970 3184 cum
2002 3147 2108 3200 qua

527 3219 641 3287 jam
668 3221 843 3275 lucem
867 3222 1074 3276 viderat
1106 3223 1402 3293 lngolstad.
1432 3222 1591 3291 1596,
1616 3223 1669 3278 8.
1695 3223 1918 3293 Incipit:
1945 3225 2110 3278 Ὥστε

533 3310 776 3375 κίνδυνός
838 3313 986 3366 ἐστιν
1013 3314 1146 3384 ἡμῖν
1171 3313 1365 3377 οὐδείς.
1389 3313 1550 3368 Aliud
1582 3313 1814 3384 Nysseni
1843 3313 2114 3385 fragmen-

532 3410 648 3456 tum
681 3403 932 3458 adversus
967 3403 1358 3473 Apollinarium
1390 3419 1422 3460 e
1461 3413 1605 3460 msto
1634 3405 1883 3461 Caesareo
1927 3406 2114 3462 Graece

531 3493 836 3563 publicavit
885 3495 1210 3552 Lambecius
1250 3495 1336 3563 III,
1381 3498 1572 3567 p.167
1609 3497 1686 3569 [p.
1726 3498 1850 3565 416,
1886 3515 1970 3570 sq.
2023 3498 2109 3554 ed.

534 3585 740 3641 Kollar.
783 3587 941 3658 cujus
978 3595 1115 3642 nott.
1162 3589 1286 3643 vide
1326 3589 1445 3662 11.].

606 3694 692 3752 16.
735 3699 872 3767 Περὶ
915 3702 1342 3770 φιλοπτωχίας,
1394 3699 1819 3771 ὒεραυρενὶὁαε
1859 3701 2114 3776 charitate

534 3791 960 3858 complectendis,
1000 3793 1155 3861 λόγος
1187 3793 1230 3863 β’
1263 3792 1436 3863 (prior
1484 3792 1676 3849 Latine
1709 3793 1872 3860 infra,
1904 3811 1987 3849 nr.
2019 3795 2111 3860 2.1,

533 3889 588 3933 et
621 3879 806 3934 Graece
835 3894 919 3934 nr.
955 3880 1066 3951 72),
1103 3881 1154 3935 in
1186 3882 1316 3936 illud
1348 3881 1536 3937 Matth.
1565 3899 1690 3951 xxv,
1724 3883 1815 3948 40,
1843 3883 2113 3948 Quatenus

534 3969 625 4020 uni
663 3984 727 4022 ea:
747 3969 826 4023 Itis
855 3970 1076 4039 fecistis,
1107 3971 1231 4025 mihi
1255 3972 1451 4040 fecistis
1472 3973 1571 4044 (ά),
1604 3988 1656 4042 p.
1691 3973 1952 4041 881-893,
1988 3992 2113 4030 cum

533 4057 682 4113 Petri
714 4058 992 4116 Francisci
1045 4061 1164 4116 Zini
1212 4064 1484 4130 versione,
1516 4080 1636 4134 qua:
1680 4065 1957 4134 prodierant
2009 4066 2114 4121 Ve-

534 4157 645 4204 net.
683 4149 930 4216 1574,-8,
975 4159 1048 4207 et
1075 4167 1237 4221 quam
1281 4153 1415 4208 locis
1460 4155 1740 4209 nonnullis
1786 4156 2016 4225 castigat
2058 4157 2116 4209 in

535 4241 680 4296 notis
730 4240 978 4299 Ducaaus.
1013 4243 1206 4313 Incipit
1241 4263 1254 4298 :
1301 4245 1420 4298 Ἔτι
1462 4246 1598 4317 πρὸς
1640 4245 1717 4316 τῷ
1753 4246 1983 4318 Θεάματι
2017 4247 2116 4318 τῆς

535 4333 770 4404 φοϐερᾶς
800 4334 892 4388 τοῦ
931 4335 1191 4405 βασιλέως
1215 4337 1533 4405 ἐπιφανείας
1565 4339 1698 4409 εἰμί.
1749 4339 1935 4395 Graece
1965 4339 2116 4395 vide-

535 4435 621 4479 rat
650 4426 826 4481 lucem
857 4429 1109 4498 Augustze
1137 4429 1279 4498 apud
1309 4428 1623 4501 Mangerum
1657 4429 1816 4496 1587,
1843 4431 1898 4496 8,
1923 4431 2117 4487 edente

2213 587 2334 629 san.
2394 573 2553 636 1550,
2611 572 2666 626 4.
2712 570 2778 626 ν.
2830 571 3101 627 Maittaire
3156 573 3222 624 A.
3278 581 3320 627 ι.
3361 572 3424 636 II,
3469 589 3524 644 p.
3571 576 3802 631 586..—

2214 661 2454 717 Venetiis
2507 661 2648 732 apud
2695 661 2819 714 Altli
2863 661 3024 716 ﬁlios.
3065 660 3227 724 1550,
3272 661 3325 715 8.
3371 659 3438 717 ν.
3484 661 3629 717 Serie
3672 665 3798 720 dell‘

2213 752 2372 808 Ediz.
2396 751 2607 819 Aldine,
2652 768 2707 822 ι).
2733 752 2824 807 90.
2848 751 2988 807 lllud
3011 767 3204 822 opusc.
3229 761 3315 808 est
3343 753 3398 807 in
3421 754 3600 810 tribus
3623 741 3793 814 codd.

2211 843 2346 901 bibl.
2373 843 2550 900 Paris.
2594 845 2742 914 publ.
2781 842 2954 899 Hann.

2266 916 2370 988 .17.
2425 937 2587 990 Κατὰ
2645 934 3034 1004 εἱμαρμένῆξι,
3063 933 3264 989 Contra
3325 934 3497 1003 fatum
3547 936 3797 1006 disputa-

2213 1029 2287 1082 tio
2318 1045 2437 1082 cum
2481 1028 2686 1082 ethnico
2717 1027 3050 1098 philosopho,
3087 1027 3346 1096 adjuncta
3381 1027 3634 1097 ejusdem
3674 1028 3796 1085 Zini

2211 1119 2464 1174 versione
2513 1119 2606 1188 (e),
2662 1134 2784 1188 pag.
2860 1117 3127 1173 891-913.
3193 1116 3388 1187 Incipit
3440 1135 3454 1172 :
3505 1119 3796 1190 Μέμνησαι

2212 1207 2430 1270 πάντως
2450 1207 2531 1259 ὅτι
2557 1224 2645 1277 μοι
2677 1207 2918 1276 γέγονεν.
2949 1206 3092 1262 Citat
3121 1207 3446 1262 Anastasius
3477 1219 3674 1278 quaest.
3703 1210 3793 1264 19.

2212 1299 2561 1354 Tillemontio
2624 1300 2840 1354 videtur
2905 1299 3115 1368 scripta
3186 1299 3662 1368 Constantinopoli
3737 1314 3791 1354 a.

2211 1391 2272 1446 Ο.
2312 1393 2437 1448 381.
2471 1391 2606 1449 Vide
2634 1393 2754 1462 ejus
2783 1392 3073 1448 Memorias
3108 1400 3243 1446 tom.
3274 1390 3368 1457 IX,
3405 1407 3529 1462 pag.
3559 1391 3666 1447 586
3702 1409 3791 1463 sq.

2210 1483 2378 1540 ann.
2409 1483 2572 1555 Greg.
2599 1484 2760 1556 Nyss.
2787 1485 2956 1540 libelli
2987 1490 3112 1539 octo
3138 1483 3215 1538 De
3244 1483 3469 1548 homine,
3500 1482 3574 1538 De
3589 1485 3792 1547 anima,

2212 1577 2291 1632 De
2331 1576 2622 1641 elementis,
2665 1575 2740 1630 De
2777 1575 2974 1630 viribus
3004 1575 3218 1638 animae,
3270 1574 3343 1628 De
3366 1574 3685 1638 voluntario,
3714 1573 3795 1629 De

2213 1669 2590 1732 involuntario,
2635 1667 2880 1737 De-fato,
2913 1667 2986 1721 De
3015 1665 3177 1721 libero
3209 1665 3454 1730 arbitrio,
3501 1663 3574 1718 De
3598 1664 3784 1718 Praei-

2214 1763 2412 1826 dentia,
2432 1769 2564 1825 etc.,
2585 1758 2798 1822 Latine,
2816 1759 3146 1828 Argentum,
3175 1757 3318 1828 typis
3342 1755 3582 1810 Matthiae
3617 1754 3793 1810 Schu-

2218 1867 2353 1915 rer.,
2402 1851 2563 1915 1512,
2619 1850 2713 1906 fol.
2775 1850 2838 1905 V.
2872 1849 3211 1925 Lambachcr
3261 1848 3315 1902 in
3374 1846 3509 1902 Bibl.
3567 1846 3788 1915 antiqua

2216 1943 2392 1998 civica
2434 1940 2670 1997 Viudob.
2705 1957 2759 2010 p.
2816 1939 2909 2004 90,
2955 1951 3010 1996 et
3058 1939 3160 1994 cel.
3217 1937 3444 1992 Panzer.
3493 1935 3558 1993 A.
3609 1943 3653 1989 t.
3693 1932 3784 1996 Vl,

2215 2049 2338 2106 pag.
2387 2034 2480 2098 55,
2530 2049 2617 2088 nr.
2668 2029 3053 2087 249.—Cod.
3099 2031 3279 2093 DLIX,
3311 2030 3365 2083 in
3400 2028 3534 2082 bibl.
3585 2025 3789 2081 Veneta

2214 2126 2382 2182 Marc.
2445 2139 2569 2197 pag.
2615 2123 2759 2189 295,
2795 2121 2941 2178 ‘Cat.
3000 2122 3159 2178 codd.
3220 2119 3314 2175 Gr.
3367 2149 3437 2160 —
3488 2115 3677 2173 Paris.
3737 2117 3790 2172 in

2215 2218 2336 2274 cod.
2376 2214 2512 2282 DIII,
2549 2214 2682 2270 bibl.
2706 2212 2863 2268 Publ.
2895 2211 3072 2267 ΒΑΜ..

2288 2308 2374 2364 18.
2394 2307 2548 2376 Πρὸς
2578 2307 2883 2372 Ἕλληνας
2901 2305 2970 2358 ἑκ
2991 2301 3110 2357 τῶν
3144 2300 3360 2355 κοινῶν
3379 2297 3656 2362 ἐννοιῶν,
3678 2297 3793 2352 Ad-

2214 2415 2390 2455 versus
2412 2398 2646 2453 ethnicos
2680 2397 2748 2452 de
2775 2395 2882 2453 Deo
2907 2395 3048 2452 trino
3071 2409 3135 2449 ex
3161 2391 3520 2448 communibus
3541 2391 3788 2445 notioni-

2216 2492 2310 2545 bus
2341 2490 2451 2563 (ι’),
2496 2506 2550 2560 p.
2597 2488 2866 2554 914-921,
2911 2501 3037 2542 cum
3080 2485 3334 2541 versione
3377 2480 3621 2538 Federici
3680 2479 3789 2537 Ilo-

2213 2581 2355 2637 relli.
2404 2579 2641 2650 Incipit:
2672 2579 2738 2633 Ei
2777 2578 2839 2632 τὸ
2878 2577 3012 2641 Θεὸς
3052 2575 3224 2647 δνομα
3257 2574 3566 2646 προσώπων
3614 2572 3787 2644 δηλω-

2211 2676 2362 2730 τικόν
2373 2710 2389 2729 .

2281 2767 2371 2823 19.
2411 2765 2552 2835 Περὶ
2581 2763 2806 2834 ψυχῆς,
2853 2763 2929 2818 De
2967 2764 3168 2829 anima,
3221 2777 3346 2817 cum
3391 2758 3636 2831 ejusdem
3681 2758 3789 2812 Mo-

2212 2860 2330 2917 relli
2371 2859 2624 2914 versione
2654 2857 2750 2927 (g),
2781 2871 2902 2926 pag.
2934 2852 3202 2908 922-915.
3244 2852 3438 2920 Incipit
3472 2871 3484 2906 :
3517 2848 3787 2917 Διαπεφώ-

2211 2967 2368 3023 νηται
2420 2948 2604 3019 σχεδὸν
2655 2947 2824 3001 ἅπασι
2869 2945 2981 3007 τοῖς
3037 2942 3303 3004 παλαιοῖς.
3347 2939 3465 2995 Νοη
3520 2948 3606 3000 est
3644 2936 3784 3007 Nys-

2214 3043 2354 3104 seni,
2403 3041 2497 3096 sed
2543 3048 2706 3109 caput
2749 3035 3049 3094 secundum
3089 3046 3142 3090 et
3175 3033 3396 3088 tertium
3445 3030 3679 3087 Nemesii
3711 3028 3788 3083 De

2215 3144 2409 3190 natura
2445 3132 2693 3185 hominis.
2749 3127 2914 3186 FABR.
2945 3125 3060 3183 Sub
3096 3127 3318 3183 nomine
3351 3125 3509 3195 Greg.
3537 3122 3696 3194 Nyss.
3732 3123 3786 3175 in

2216 3225 2339 3280 cod.
2374 3221 2625 3276 Monach.
2655 3218 2839 3274 LXXI.
2883 3217 2942 3272 γ.
2979 3217 3099 3272 Cat.
3134 3215 3296 3272 codd.
3322 3214 3417 3270 Gr.
3456 3215 3585 3268 Bav.
3612 3229 3665 3283 p.
3694 3212 3782 3266 2.1.

2213 3345 2283 3356 —
2311 3313 2370 3367 In
2401 3312 2524 3366 cod.
2575 3310 2803 3380 August.
2841 3307 3055 3362 Vindel.
3105 3317 3243 3362 teste
3296 3303 3521 3359 Rcisero
3574 3305 3628 3358 in
3667 3302 3782 3358 Cat.

2216 3423 2269 3477 p.
2294 3406 2386 3460 21.
2411 3406 2564 3459 (Ioni.
2609 3404 2682 3455 cl.
2709 3399 2944 3456 Matthaai
2985 3399 3051 3454 ad
3085 3397 3400 3453 Nemceium
3426 3409 3547 3465 cap.
3588 3394 3623 3447 2
3656 3403 3710 3449 et
3730 3395 3787 3458 3,

2217 3517 2270 3571 p.
2309 3500 2380 3552 67
2413 3514 2533 3576 sqq.
2572 3497 2740 3550 ΙΙΑΜ..

2286 3591 2373 3673 20.
2419 3616 2663 3686 Epistola
2691 3630 2946 3668 canonica
2983 3611 3050 3666 ad
3081 3608 3340 3673 Letoium,
3378 3606 3469 3678 qui
3499 3607 3552 3660 in
3585 3605 3790 3676 episco-

2217 3718 2346 3782 patu
2378 3709 2651 3764 Melitines
2674 3705 3039 3779 Cappadociae
3075 3704 3206 3774 (non
3230 3699 3537 3774 Mytilencs,
3565 3710 3623 3753 ut
3658 3697 3789 3753 Pos-

2218 3802 2485 3871 sevinus),
2547 3807 2672 3872 post
2730 3815 2786 3854 a.
2839 3798 2900 3854 C.
2934 3797 3058 3864 381,
3095 3795 3287 3872 _Otreio
3332 3793 3615 3854 successit,
3663 3804 3784 3844 cum

2216 3870 2469 3950 Gentiaui
2509 3870 2727 3948 Hiervcti
2760 3889 3034 3953 versione,
3077 3870 3199 3954 quae
3226 3885 3346 3956 plus
3392 3882 3565 3950 semel
3586 3878 3784 3949 prodiit

2217 3989 2358 4042 inter
2419 3983 2681 4056 epistolas
2747 3979 2850 4037 SS.
2908 3978 3129 4033 Patrum
3173 3975 3506 4036 canonicas,
3565 3967 3786 4023 scholiis

2217 4078 2426 4133 Theod.
2475 4073 2838 4138 Balsamonis,
2885 4069 3045 4125 Joan.
3107 4065 3357 4125 Zonarae.
3409 4071 3572 4133 atque
3618 4057 3790 4113 Alexii

2216 4169 2455 4224 Aristeni
2505 4162 2814 4220 villustratas
2861 4159 2958 4231 (h).
3027 4159 3223 4228 Incipit
3265 4175 3278 4210 :
3336 4156 3432 4208 ’Ἑν
3491 4155 3584 4206 καὶ
3637 4149 3792 4205 τοῦτο

2216 4260 2324 4314 τῶν
2351 4260 2430 4322 εἰς
2452 4257 2549 4329 τὴν
2573 4255 2732 4325 ἁγίαν
2761 4254 2953 4324 ἑορτήν
2976 4252 3060 4322 (i),
3091 4266 3143 4321 p.
3168 4247 3434 4317 946-955.
3458 4243 3608 4298 Vidit
3630 4243 3789 4298 etiam

2218 4352 2395 4407 lucem
2427 4347 2671 4404 Venetiis
2699 4343 2858 4410 158.1,
2891 4343 2948 4407 4,
2991 4357 3115 4396 cum
3145 4336 3515 4394 Pmnilentiali
3547 4334 3795 4388 Romano

2218 4451 2272 4498 et
2321 4439 2490 4495 variis
2547 4435 2856 4491 canonibus
2911 4431 3383 4503 pmnitentialibus
3428 4438 3481 4482 et
3530 4425 3687 4480 Beda:
3732 4437 3795 4477 ac

536 4515 869 4581 IIteschelio,
916 4537 1022 4573 non
1058 4521 1212 4582 1527,
1259 4529 1318 4574 ut
1359 4521 1412 4575 in
1448 4521 1630 4577 Ducaai
1660 4522 1804 4578 notis
1843 4537 2106 4578 excusum
2141 4510 2192 4570 Ῑ)
2218 4531 2428 4587 Rabani
2487 4509 2630 4582 libro
2682 4524 3108 4585 Paenitentium.
3174 4536 3300 4575 cum
3369 4517 3514 4572 notis
3571 4513 3794 4567 Αηῐοηὶί

535 4613 639 4660 cst.
677 4604 844 4660 Faue.
893 4608 1116 4680 Gregor.
1153 4610 1409 4667 Naziauz.
1460 4614 1535 4666 De
1569 4613 1884 4681 pauperibus
1927 4631 2107 4669 aman-

534 4697 650 4761 dis,
702 4707 842 4753 orat.
897 4698 1041 4764 Lat.,
1075 4701 1234 4757 Petro
1291 4704 1485 4758 Franc.
1547 4701 1713 4772 Zino,
1767 4704 2106 4774 Veronensi,

535 4793 860 4861 interprete:
900 4791 1146 4864 Gregorii
1186 4793 1420 4868 Nysseni
1447 4794 1504 4850 Vin
1552 4797 1693 4852 idem
1730 4813 2107 4869 argumentum

535 4893 696 4938 oratt.
730 4885 850 4940 dua:
893 4885 1405 4961 Latine,nunquam
1440 4891 1668 4945 antehac
1714 4908 1890 4961 neque
1916 4896 2104 4957 Latine

606 5077 684 5152 (ti)
725 5075 780 5152 _I_u
817 5079 947 5136 edit.
976 5097 1026 5136 a.
1065 5080 1220 5148 1658,
1245 5091 1377 5136 tom.
1407 5081 1473 5141 II.
1511 5099 1562 5152 p.
1587 5082 1672 5136 35.

606 5147 680 5218 (ὁ)
723 5147 851 5218 Pag.
885 5152 970 5209 to.

606 5218 677 5284 (ε)
719 5217 849 5289 Pag.
879 5223 971 5276 47.

605 5287 685 5361 (tl)
718 5287 855 5361 _Pag.
887 5293 980 5347 «19.

607 5359 677 5427 (e)
717 5359 846 5429 Pag.
887 5362 976 5416 62.

604 5430 682 5500 (Γ)
720 5429 854 5500 fag.
888 5431 979 5488 8‘2.

605 5497 680 5570 (9)
720 5497 972 5570 P38190-

603 5568 680 5639 (h)
734 5568 994 5631 In'Joan.
1054 5571 1275 5628 Zonaras
1335 5581 1389 5626 et
1437 5569 1713 5625 Theodori
1770 5568 2112 5650 Balsamonis

535 5641 878 5712 Syntagmate
935 5659 1228 5706 canonum,
1282 5657 1405 5696 cum
1463 5655 1654 5697 eorum
1705 5641 2113 5694 commentariis

534 5710 974 5792 GfggisL‘butet.
1000 5711 1191 5792 Paris.
1228 5711 1366 5792 1618
1408 5719 1462 5792 et
1498 5709 1657 5792 1620,
1701 5718 1833 5792 tom.
1985 5723 2108 5779 pag.

537 5780 871 5838 1036-1059.
899 5814 962 5825 -—
997 5790 1054 5843 In
1095 5782 1369 5849 Bcvcrcgii
1418 5780 1680 5851 Synodico
1712 5788 1842 5836 tom.
1885 5778 1953 5847 II,
1986 5778 2106 5848 pag.

2224 4617 2538 4689 Augustini,
2587 4627 2797 4669 necnon
2863 4611 2998 4666 ibid.
3053 4609 3210 4671 1585.
3245 4609 3300 4670 8,
3355 4619 3462 4659 una
3506 4616 3631 4656 cum
3668 4601 3791 4655 aliis

2215 4709 2544 4784 quibusdam
2611 4703 2874 4776 Nysseni,
2928 4703 3225 4770 interprete
3273 4695 3506 4750 Maximo
3574 4689 3795 4784 “argu-

2218 4783 2333 4866 nio,
2387 4801 2644 4870 episcopo
2687 4795 3032 4868 Cytherensi.
3063 4784 3673 4854 Confer_Lambecium,
3705 4783 3788 4853 III,

2216 4911 2338 4968 pag.
2362 4891 2484 4955 101,
2509 4887 2632 4951 133,
2661 4885 2760 4940 149
2786 4883 2878 4952 (j).
2907 4880 3150 4951 Respicit
3179 4875 3471 4932 concilium
3509 4873 3563 4927 in
3607 4873 3791 4926 'I‘rullo

2217 5077 2345 5138 381,
2392 5091 2484 5130 vm
2536 5087 2799 5128 canones.
2832 5068 2980 5123 —ln
3017 5053 3785 5138 C__ollecti_one_._concilior:incd.

2221 5123 2596 5213 ίξιῇιθῖρειέί
2606 5123 2794 5213 "137:5
2846 5155 2967 5213 sqq.
3034 5135 3096 5188 γ.
3154 5136 3263 5188 vol.
3313 5130 3382 5184 XI
3478 5143 3601 5199 pag.
3636 5123 3703 5180 56
3736 5130 3788 5177 et

2220 5215 2354 5297 390‘;
2387 5210 2512 5297 andd.
2537 5210 2667 5297 pag:
2709 5212 2832 5266 457.
2871 5210 3043 5264 11Ακι..

2317 5287 2354 5342 i)
2397 5283 2527 5350 Pag.
2571 5283 2689 5338 111.
3761 5347 3764 5351 _

2293 5285 2896 5432 £jl_Y‘i-de_cod.__LIX,
2939 5364 3026 5432 nr.
3082 5346 3165 5432 16_.
3211 5341 3404 5432 Lamb;

2219 5411 2483 5551 Βδξίὲϐϐ
2516 5421 2835 5504 ᾤκιζοιιπ.
2867 5411 2936 5460 -ὲ-
2970 5422 3024 5501 in
3055 5416 3177 5497 cod.
3211 5411 3396 5467 LXVII
3423 5453 3438 5474 ,
3462 5411 3602 5503 inter
3625 5415 3785 5500 opera

2263 5495 2428 5558 asilii,
2479 5509 2564 5546 cui
2615 5492 2745 5546 ιιιυά
2780 5503 3089 5546 encomtum
3137 5483 3459 5558 ineocod.
3489 5485 3787 5558 _p_e_lperam

2217 5549 2538 5633 attribuitur
2561 5603 2595 5633 ,Α
2621 5563 2848 5633 notante
2902 5560 3158 5633 Lambec.
3206 5555 3443 5633 ibid._p.
3489 5549 3709 5633 331.:—

2217 5637 2339 5689 cod.
2386 5622 2621 5695 LXXVI,
2667 5645 2754 5687 nr.
2799 5631 2852 5692 3,
2901 5631 3072 5684 inscr.
3123 5624 3378 5695 anonymi
3423 5622 3788 5695 (ascendant?

2577 5679 3312 5774 ἐᾉίξι-όμινᾷιμῇἶίᾖῆιῖρεεοῂρῖἰ
3335 5710 3348 5758 ;
3374 5691 3468 5774 sed
3483 5679 3614 5774 Lam
3623 5679 3788 5774 b.1111,

2215 5750 3161 5845 ιῖἑέῗὲἠῖὰὀὲέῐζἰῆὢῖιῖέί““ρ]ἰιε’
3192 5750 3367 5838 ,Νςεὲ
3412 5759 3588 5828 Epist.
3630 5751 3698 5807 ad
3729 5750 3786 5803 δ.
