4106 6208
330 377 402 430 21

1559 351 1840 410 ΝΟΤΙἸΊΑ
1869 351 1960 406 EX
2001 349 2347 407 FABRICIO.
3555 344 3624 400 2?.

353 496 584 543 canones
614 475 850 550 Nysseni
893 470 1155 533 laudans,
1205 467 1332 521 lieet
1375 479 1485 520 non
1526 466 1797 536 integrum
1837 465 1939 519 hoc
1967 466 2012 524 Α
2044 462 2386 535 Zaccagnins
2423 463 2475 517 in
2517 461 2864 518 CoL'ectaneis
2910 469 3366 515 monumentorum
3398 471 3626 516 veterum

360 579 616 646 scriptum
641 571 900 626 videatur
931 565 999 620 ad
1040 577 1144 617 nos
1175 559 1513 630 pervenisse.

417 644 507 719 2i.
548 662 817 715 Aduersus
839 673 930 712 eos
950 653 1040 724 qui
1069 650 1326 720 digerunt
1352 648 1691 717 baptismum,
1725 661 1777 716 p.
1813 644 1942 700 956-

343 759 453 811 960
482 757 583 822 (τι).
622 753 836 812 Latine,
865 747 1056 803 eodem
1092 743 1330 797 Herveto
1360 741 1679 809 interprete.
1707 737 1903 806 Incipit
1928 755 1941 790 :

347 849 533 907 liuius
581 844 765 898 mundi
832 856 974 912 reges
1033 853 1152 891 cum
1201 834 1334 904 leges
1393 831 1716 900 scripserint.
1760 828 1946 883 Gra'ee

349 947 612 993 occurret
658 935 824 996 inira,
861 949 949 986 nr.
987 930 1074 985 70.

422 1033 515 1086 22.
554 1032 610 1084 In
656 1028 788 1083 illud
837 1023 1106 1097 Apostoli,
1143 1020 1161 1074 I
1208 1015 1461 1075 Corinth.
1525 1033 1598 1081 v1,
1639 1015 1740 1070 18:
1780 1015 1946 1072 Omne

352 1135 644 1192 peccatum,
680 1121 821 1191 quod
865 1119 1050 1188 fecerit
1089 1115 1266 1172 homo,
1302 1119 1381 1165 est
1421 1119 1573 1163 extra
1603 1123 1828 1175 corpus;
1857 1109 1947 1179 qui

359 1227 529 1267 autem
560 1213 883 1280 fornicatur.
912 1218 1021 1263 etc.
1056 1223 1109 1276 p.
1137 1202 1384 1259 961-963
1406 1199 1503 1270 (lt).
1535 1199 1749 1261 Latine,
1769 1201 1942 1253 inter-

355 1313 510 1374 prete
529 1301 804 1357 Gcntiano
830 1298 1087 1354 IIerveto.
1119 1295 1348 1364 Incipit:
1375 1291 1651 1344 Terribilis
1677 1291 1804 1344 tuba
1827 1305 1948 1358 apo-

356 1393 541 1445 stolici
565 1391 830 1458 pra-comi.
866 1387 1056 1442 Graece
1095 1394 1351 1439 occurret
1389 1381 1552 1445 intra,
1587 1395 1673 1434 nr.
1713 1381 1799 1434 71.

433 1484 524 1537 23.
568 1482 630 1536 in
683 1483 962 1536 mulierem
1014 1477 1380 1548 peccatricem,
1435 1473 1550 1527 sive
1599 1472 1668 1524 ad
1715 1489 1802 1526 eos
1858 1473 1948 1541 qui

349 1571 546 1624 durius
575 1571 710 1623 alios
719 1570 1003 1639 judicant,
1029 1577 1081 1620 et
1103 1565 1440 1619 conversione
1464 1561 1717 1631 indigent,
1739 1578 1793 1632 p.
1818 1563 1949 1616 964°

349 1662 455 1716 970
485 1664 579 1732 (c).
619 1661 841 1721 Latine.
897 1658 1059 1714 Petro
1107 1655 1402 1710 Franciseo
1447 1652 1587 1706 Zino
1627 1652 1943 1721 interprete.

283 1810 292 1816 _
353 1757 600 1822 Incipit:
649 1753 825 1806 Homo
877 1751 1210 1812 Phariswus,
1246 1755 1305 1800 ut
1329 1761 1396 1801 ex
1440 1744 1730 1814 Evangelio
1761 1743 1940 1798 Lucae.

361 1845 565 1898 Graece
603 1851 870 1896 occurret
897 1843 1072 1896 \mﬁu,
1092 1857 1178 1886 nr.
1211 1840 1314 1896 67;
1365 1837 1458 1884 ubi
1505 1836 1708 1884 notabo
1741 1836 1940 1885 Asterii

355 1946 510 1993 esse,
544 1944 664 1982 non
695 1926 964 1996 Ngsseni.

441 2018 546 2072 ῆι.
603 2017 683 2069 De
738 2014 1047 2082 pauperiei“
1080 2014 1329 2067 c/taritate
1388 2013 1795 2082 complectendis
1847 2015 1946 2069 ho-

379 2109 532 2163 milia
571 2107 590 2160 Ι
637 2105 740 2175 (d),
783 2121 903 2175 pag.
949 2104 1186 2171 970-975;
1227 2104 1420 2160 eodem
1455 2103 1590 2160 Ζίηο
1630 2105 1943 2176 interprete,

365 2196 580 2250 Latine.
614 2196 859 2266 Incipit:
891 2196 998 2261 Qui
1017 2197 1136 2250 Imic
1175 2195 1431 2252 Ecclesite
1475 2196 1754 2265 prarsidet;
1792 2209 1948 2267 atque

351 2288 488 2342 adeo
537 2303 741 2340 omnes.
785 2285 973 2342 Graece
1021 2297 1278 2343 occurret
1317 2288 1481 2354 infra,
1517 2303 1604 2342 nr.
1637 2289 1733 2355 72;
1780 2289 1948 2344 homi-

357 2382 421 2434 lia
454 2381 494 2434 Il
522 2380 690 2447 hujus
721 2380 1034 2449 argumenti
1069 2379 1259 2436 Grece
1287 2380 1452 2436 etiam
1483 2379 1704 2451 prodiit,
1746 2390 1800 2435 ut
1834 2381 1945 2434 dixi

348 2487 539 2542 συρτει,
563 2486 654 2524 nr.
677 2470 772 2524 16.
793 2467 1036 2538 Utraque
1061 2469 1254 2527 Latine
1272 2486 1338 2527 ex
1356 2471 1475 2525 Zini
1498 2472 1748 2526 versione
1767 2477 1946 2526 exstat

352 2572 410 2617 et
439 2565 498 2614 in
521 2560 1074 2631 Orthodoxographis
1127 2579 1182 2633 p.
1232 2563 1390 2627 1780,
1425 2564 1589 2619 Basil.
1637 2563 1796 2628 1569,
1849 2562 1940 2616 fol.

363 2651 532 2706 ειη.
588 2653 723 2708 lleil.
780 2671 989 2724 ωομεν
1041 2653 1278 2710 Priester
1320 2654 1568 2726 Gregorii
1612 2655 1943 2712 Nazianzeui

360 2743 469 2797 und
501 2744 752 2814 Gregorii
776 2743 1010 2816 Nysseni
1040 2747 1169 2814 drey
1202 2745 1406 2813 treﬁic‘h
1426 2746 1534 2799 und
1561 2745 1792 2809 natalicii
1817 2747 1943 2800 Preo

353 2837 468 2907 dig,
497 2837 627 2890 dass
652 2839 978 2906 yedermann
1001 2837 1090 2892 die
1121 2853 1300 2892 armen
1329 2837 1458 2892 Leut
1491 2838 1589 2892 lieb
1619 2838 1796 2893 Italten
1821 2839 1942 2906 solt,

353 2955 426 2966 —
452 2927 715 2991 getiuscltt
737 2926 903 2980 dure-li
923 2926 1222 2996 Christoph
1254 2927 1642 2998 Phreysleben,
1663 2929 1759 2981 der
1777 2927 1945 2983 Rech-

357 3029 448 3072 ten
489 3018 688 3073 Doctor
719 3018 1086 3074 —Gedruekt
1145 3036 1209 3074 zu
1249 3019 1444 3075 Wienn
1479 3023 1534 3076 in
1595 3021 1943 3080 OEsterreich

354 3112 536 3166 durch
583 3111 827 3183 Raphael
858 3111 1183 3177 IIolIhalter,
1211 3113 1332 3168 sine
1361 3114 1491 3168 anni
1522 3125 1649 3169 nota
1687 3114 1852 3186 (intra
1890 3132 1940 3170 a.

357 3203 501 3260 1556
524 3213 578 3258 et
610 3203 804 3273 1562),
835 3193 893 3257 ὅ.
935 3202 1003 3258 V.
1050 3204 1210 3260 Denis
1253 3204 1434 3260 Wiens
1481 3205 1814 3261 Buchdruck.
1850 3206 1948 3264 Ge-

356 3296 611 3358 schichte,
641 3312 698 3366 p.
724 3295 854 3351 685.
886 3293 1058 3350 Ηηι..

431 3387 521 3441 25.
561 3386 625 3442 In
653 3387 1013 3453 Pentecosten,
1038 3388 1114 3443 De
1141 3388 1345 3458 Spiritu
1367 3388 1428 3445 S.
1467 3389 1560 3460 (e),
1597 3406 1650 3460 p.
1675 3391 1800 3459 976,
1825 3393 1949 3458 977,

362 3477 559 3536 Latine
598 3496 662 3536 ex
693 3479 937 3549 ejusJem
969 3479 1090 3536 lini
1123 3482 1393 3537 versione.
1443 3481 1636 3551 Incipit
1666 3502 1678 3537 :
1726 3482 1950 3540 Nullum

364 3582 442 3622 est
476 3581 585 3622 tam
617 3571 821 3622 clarum
851 3569 1172 3624 celebritatis
1215 3581 1601 3641 argumentum.
1631 3571 1819 3628 Gra'ce
1843 3575 1954 3645 pri-

375 3672 506 3712 mus
539 3673 606 3713 ex
653 3662 822 3715 tribus
856 3661 1014 3716 codd.
1056 3660 1304 3717 Vatican.
1348 3678 1472 3717 cum
1520 3679 1658 3717 nova
1702 3666 1954 3722 versione

384 3761 490 3800 sna
525 3750 701 3800 edidit
719 3749 874 3802 Laur.
902 3751 1244 3823 laccagnius
1289 3755 1342 3808 in
1381 3753 1728 3811 Collectaneis
1769 3774 1956 3812 monu-

364 3847 672 3892 mentorum
705 3849 939 3898 ueterum.
971 3843 1134 3897 Rom.
1169 3844 1328 3908 1699,
1363 3845 1501 3915 4,·9.
1537 3826 1645 3902 546
1673 3890 1684 3903 .
1720 3847 1950 3920 Incipit:

352 3929 553 3984 Πᾶσαν
582 3929 778 4000 ἑορτῆς
805 3932 1066 3987 ὑπόθεσιν
1101 3933 1458 4007 φαιδροτέραν
1493 3939 1520 3990 ὁ
1547 3939 1712 3991 Δαϐὶδ
1744 3939 1811 3993 δι’
1829 3941 1955 3994 ἑαυ-

353 4021 457 4074 τοῦ
475 4022 853 4090 ἀπεργάζεται
1169 4071 1174 4075 .

425 4106 518 4160 26.
557 4106 760 4162 Contra
804 4110 1150 4178 formatores,
1193 4129 1246 4183 p.
1273 4114 1533 4178 978-982,
1575 4117 1790 4185 Latine,
1833 4119 1950 4176 Jac.

348 4196 625 4255 Grctsero
676 4200 1002 4270 interprete.
1036 4204 1257 4274 _|ncipit
1301 4223 1314 4260 :
1373 4205 1692 4274 Hominum,
1746 4212 1954 4266 uirtutis

353 4290 749 4357 studiosorum,
793 4303 845 4347 et
886 4294 979 4364 qui
1015 4311 1208 4350 mores.
1257 4295 1447 4354 Graece
1488 4310 1744 4357 occurret
1789 4302 1953 4372 intra,

346 4398 445 4438 nr.
490 4383 586 4439 71.

1969 601 1972 604 .
2042 553 2154 623 jam
2188 554 2444 617 laudatis,
2481 569 2534 624 p.
2565 553 2692 608 288.
2724 551 3036 607 Notandum
3079 561 3262 609 autem
3294 562 3379 610 eat
3416 565 3628 624 postre-

2047 659 2189 698 mam
2227 653 2456 715 partem,
2502 661 2555 715 p.
2593 645 2698 699 995
2745 659 2854 715 sq.,
2889 644 3006 699 sive
3033 644 3453 714 esplicationem
3494 645 3626 700 dicti

2042 737 2203 792 Joan.
2233 754 2344 801 xu,
2377 739 2467 801 54,
2502 737 2700 793 Statim
2732 738 2890 792 exivit
2918 738 3135 808 sanguis
3160 747 3210 791 et
3247 755 3406 808 aqua,
3430 740 3484 792 in
3519 754 3627 808 qua

2049 827 2356 900 Theologus
2403 828 2850 899 (Nazianzenus),
2891 837 2944 883 et
2989 828 3416 900 Chrysostomus
3454 829 3629 884 citan-

2049 929 2157 983 tur,
2183 924 2253 976 ab
2282 922 2376 976 illo
2408 924 2615 991 scripto
2651 921 2905 985 alienam,
2937 921 2992 974 in
3024 921 3215 977 Graeco
3237 930 3386 977 recte
3407 923 3622 977 abesse.

2048 1013 2214 1068 [ωτι.
2247 1015 2304 1068 1η
2344 1014 2518 1070 tribus
2545 1015 2708 1070 codd.
2742 1014 2919 1071 Paris.
2959 1015 3090 1070 bibl.
3135 1013 3291 1069 Puhl.
3314 1047 3386 1057 —
3409 1013 3629 1070 Sculte-

2051 1105 2424 1170 tus.Rivinus,
2454 1105 2527 1160 du
2558 1105 2680 1171 Pin,
2713 1105 2926 1162 Caveus
2949 1115 3002 1161 et
3032 1105 3282 1162 Oudinus
3308 1106 3362 1161 id
3391 1121 3630 1176 opuscu-

2049 1197 2183 1261 lum,
2208 1198 2336 1268 quia
2367 1196 2665 1268 Gregorius
2700 1199 2957 1259 Nazianz.
2989 1197 3045 1253 in
3079 1214 3145 1254 eo
3166 1199 3387 1264 citetur,
3420 1199 3630 1254 adulte-

2048 1290 2228 1342 rinum
2264 1303 2388 1344 esse
2419 1301 2664 1345 censent.
2714 1290 2940 1346 Accedit
2984 1289 3194 1347 Semler
3237 1289 3275 1344 I.
3316 1305 3367 1344 c.
3403 1306 3458 1360 ρ.
3499 1289 3629 1356 200,

2049 1388 2163 1435 not.
2201 1381 2325 1435 551.
2361 1379 2533 1435 ῐΙΑιιι..

2154 1471 2241 1528 III.
2279 1474 2342 1528 In
2375 1484 2515 1528 tomo
2556 1472 2617 1528 II
2647 1467 2656 1478 ”
2687 1473 2818 1529 edit.
2855 1492 2909 1528 a.
2945 1472 3084 1529 1615
3115 1475 3452 1528 continentur
3475 1489 3494 1527 :

2117 1565 2207 1619 28.
2234 1565 2394 1619 Κατὰ
2412 1566 2711 1635 Εὐνομίου
2731 1569 2900 1635 λόγοι
2920 1566 3346 1635 ἁντιρῤητικοί,
3365 1564 3626 1618 Adversus

2053 1655 2400 1724 Eunomium,
2435 1659 2574 1712 liber
2613 1675 2676 1723 ιι,
2711 1674 2813 1731 Ill,_
2838 1673 2914 1722 iv,
2959 1673 3014 1719 v,
3045 1673 3118 1722 vr,
3162 1673 3260 1723 vn,
3298 1673 3416 1720 vm,
3454 1672 3530 1719 is,
3568 1672 3624 1719 κ.

2051 1764 2128 1813 x1,
2161 1765 2237 1802 xu
2270 1757 2323 1804 et
2354 1766 2474 1810 χιιι.
2517 1765 2641 1802 cum
2673 1750 2929 1804 versione
2955 1748 3162 1804 Nieolai
3195 1747 3412 1803 Gulonii
3443 1749 3538 1817 (g),
3570 1762 3624 1813 p.

2051 1834 2234 1890 1-437.
2290 1835 2530 1904 Incipit:
2567 1837 2629 1886 'H
2677 1838 2788 1888 τῶν
2834 1837 3177 1906 Χριστιανῶν
3223 1839 3406 1900 πίστις
3460 1837 3492 1906 ἡ
3550 1839 3629 1900 εἰς

2048 1927 2228 1980 πάντα
2273 1924 2343 1977 τὰ
2392 1925 2540 1995 ἔθνη.
2578 1924 2981 1996 Gastigationes
3029 1927 3083 1980 in
3136 1927 3287 1990 calce
3336 1928 3628 1982 voluminis

2049 2017 2249 2088 adjecit
2278 2015 2499 2072 Gulonii
2529 2016 2696 2081 Illius,
2720 2017 2960 2073 Joannes
2994 2031 3020 2072 a
3078 2017 3136 2072 S.
3167 2017 3486 2084 Francisco,
3514 2033 3632 2072 mo—

2047 2111 2262 2165 nachus
2307 2107 2605 2174 Fuliensis,
2662 2117 2919 2174 testatus,
2972 2110 3172 2165 librum
3226 2111 3486 2182 primum,
3537 2111 3632 2180 qui

2047 2201 2247 2258 deinde
2285 2201 2462 2256 lucem
2499 2201 2640 2256 vidit
2687 2200 2902 2272 (confer
2944 2201 3107 2267 infra,
3154 2217 3239 2256 nr.
3270 2201 3382 2268 66),
3414 2211 3634 2258 exstare

2049 2307 2153 2350 ms.
2186 2295 2240 2348 in
2273 2293 2411 2348 bibl.
2442 2291 2732 2360 Vaticana,
2775 2301 2830 2350 et
2866 2293 3110 2363 incipere
3145 2294 3232 2350 his
3262 2294 3483 2351 verbis:
3519 2294 3634 2349 Οὐκ

2045 2377 2114 2452 ἦν
2136 2381 2213 2445 ὠς
2238 2381 2413 2435 ἔοικεν
2435 2382 2513 2453 τῷ
2541 2382 2720 2436 πάντα
2757 2399 2816 2435 σε
2845 2382 3020 2437 Θέλειν
3060 2384 3388 2455 εὐεργετεῖν.
3431 2383 3635 2439 Confer

2046 2471 2116 2527 de
2155 2471 2259 2526 hoc
2277 2487 2448 2542 opere
2477 2471 2884 2528 Tillemontium
2919 2481 3052 2528 tom.
3087 2471 3179 2539 IX,
3207 2490 3328 2544 pag.
3358 2473 3462 2528 577
3488 2489 3630 2543 seq.,

2047 2560 2199 2616 etde
2226 2559 2479 2616 Eunomii
2540 2562 2715 2628 libris,
2783 2579 2923 2634 quos
2983 2562 3268 2634 Nyssenus
3309 2563 3628 2628 confutavit,

2046 2649 2164 2706 Jac.
2218 2650 2612 2719 Godofredum,
2668 2652 2735 2707 ad
2791 2651 3142 2726 Philostorgii
3194 2651 3330 2719 VIII,
3381 2653 3467 2710 I2.
3519 2653 3634 2709 Sir-

2049 2745 2284 2799 mondus
2311 2743 2377 2797 ad
2410 2745 2606 2798 librum
2676 2759 2722 2798 vi
2761 2743 3002 2800 Facundi
3047 2745 3458 2800 Hermiancnsis
3497 2752 3624 2798 tom.

2049 2831 2092 2886 lI
2120 2833 2258 2903 Opp.
2296 2849 2350 2903 p.
2384 2832 2509 2897 765,
2543 2833 2774 2898 notavit,
2808 2835 2980 2890 libros
3013 2835 3112 2888 hos
3143 2834 3396 2906 Nysseni,
3431 2835 3630 2905 quibus

2050 2924 2208 2979 Iidem
2257 2924 2585 2979 catholicam
2638 2926 2801 2990 tueri,
2844 2934 2898 2980 et
2950 2925 3162 2992 Basilii,
3211 2927 3323 2996 jam
3366 2926 3630 3006 defuncti,

2049 3033 2188 3087 opus
2221 3015 2490 3072 adversus
2519 3015 2848 3071 Ennomium
2886 3017 3180 3073 defendere
3222 3018 3478 3084 instituit,
3523 3032 3631 3089 non

2051 3127 2161 3166 uno
2189 3110 2352 3164 modo
2377 3111 2537 3164 citari
2567 3111 2709 3180 apud
2738 3118 2950 3166 veteres
2976 3111 3174 3166 solere.
3207 3108 3339 3175 Quae
3363 3110 3508 3164 enim
3529 3107 3633 3163 Fa-

2055 3200 2270 3255 cundus
2295 3208 2350 3254 et
2397 3197 2591 3269 Ecloge
2635 3201 2912 3256 Anastasii
2946 3200 3089 3256 Bibl.
3123 3199 3328 3270 profert
3373 3215 3438 3254 ex
3470 3200 3634 3254 tertio

2052 3291 2174 3362 ejus
2204 3292 2390 3362 operis
2419 3292 2583 3358 libro,
2621 3291 2884 3348 Leontius
2915 3292 3159 3348 secundo
3192 3292 3332 3346 libro
3362 3289 3628 3354 attribuit;

2053 3385 2234 3456 reipsa
2257 3392 2439 3439 autem
2475 3393 2694 3440 exstant
2719 3384 2775 3439 in
2804 3393 3001 3456 quarto
3030 3385 3162 3441 edit.
3187 3381 3630 3440 Graeco-Latine.

2055 3479 2369 3549 Eodemque
2405 3477 2566 3532 modo
2599 3477 2654 3531 in
2709 3477 2900 3546 quinto
2927 3483 3147 3532 exstant
3180 3475 3388 3545 reliqua
3427 3472 3632 3533 omnia.

2053 3585 2176 3642 quae
2218 3568 2516 3624 Facundus
2558 3569 2693 3624 citat
2735 3584 2804 3624 ex
2844 3577 3065 3640 quarto.
3112 3567 3342 3622 Photius
3387 3564 3511 3650 cod.
3565 3563 3636 3618 VI

2054 3661 2394 3718 Bibliotheca:
2429 3677 2544 3716 sua:
2565 3676 2704 3731 opus
2737 3659 2982 3732 Gregorii
3013 3659 3242 3732 Nysseni
3273 3658 3446 3729 Ὑπὲρ
3479 3657 3638 3710 Bact-

2054 3754 2197 3809 λείου
2246 3756 2366 3808 κατ’
2417 3753 2678 3824 Εὑνομὶου
2725 3761 3010 3816 memorat.
3048 3762 3107 3808 et
3145 3767 3266 3808 mox
3303 3752 3500 3808 codice
3543 3747 3636 3803 VII

2056 3848 2281 3902 alteram
2318 3845 2465 3898 illius
2499 3843 2884 3914 πραγματείαν
2928 3845 3174 3914 ejusdem
3209 3846 3534 3916 argumenti,
3576 3847 3634 3898 ὲν

2055 3930 2089 4009 ᾗ
2121 3933 2482 4003 λογικώτερον
2511 3933 2764 4003 Εὐνομίῳ
2788 3933 3130 4004 συμπλακεὶς
3157 3936 3298 3989 κατὰ
3325 3936 3524 4008 κράτος
3551 3937 3636 3989 al-

2059 4030 2161 4101 ρεί,
2181 4027 2359 4080 πάντα
2379 4024 2669 4098 σαθρώσας
2686 4024 2785 4094 τῆς
2809 4025 3128 4090 δυσσεϐείας
3157 4027 3322 4081 αὐτοῦ
3347 4027 3414 4081 τὰ
3428 4027 3638 4100 ὀχυρώ-

2061 4137 2225 4192 ματα.
2265 4119 2450 4190 Neque
2480 4119 2704 4173 dubium
2733 4126 2836 4182 est,
2874 4134 2971 4190 per
3002 4119 3247 4174 eamdem
3276 4119 3473 4174 librum
3506 4121 3634 4174 ulti-

2058 4228 2210 4266 mum
2241 4209 2310 4266 ab
2339 4225 2404 4266 eo
2439 4210 2687 4282 intelligi,
2719 4211 2812 4281 qui
2853 4213 3068 4267 caeteris
3097 4212 3349 4266 omnibus
3391 4219 3476 4266 est
3512 4211 3636 4267 Ion-

2059 4301 2196 4372 gior,
2235 4310 2289 4356 et
2319 4301 2372 4354 in
2413 4315 2522 4370 quo
2552 4315 2752 4352 novum
2783 4315 2907 4354 cum
2942 4298 3207 4353 Eunomio
3235 4307 3513 4355 certamen
3547 4301 3635 4356 in-

2061 4394 2212 4466 gredi
2245 4409 2303 4450 se
2325 4393 2609 4463 protitctur
2630 4392 2911 4464 Nyssenus
2931 4391 2984 4444 in
3013 4392 3129 4462 ipso
3160 4391 3280 4446 libri
3304 4392 3526 4448 limine:
3556 4395 3638 4448 Τὰ

427 4478 520 4536 27.
559 4479 898 4536 Testimonia
924 4482 988 4536 de
1012 4482 1117 4539 SS.
1151 4485 1412 4540 Trinitate
1446 4501 1512 4540 ea:
1557 4485 1729 4541 Veteri
1761 4489 1946 4543 Testa-

2052 4489 2151 4563 μὲν
2177 4486 2240 4558 δὴ
2266 4483 2456 4557 πρῶτα.
2483 4483 2590 4536 τῶν
2619 4483 2753 4553 πρὸς
2776 4480 3039 4550 Εὐνόμιον
3061 4481 3288 4550 ἀγώνων
3315 4484 3512 4549 ἱκανῶς
3536 4485 3635 4558 ἤδη

354 4580 531 4623 mento
558 4573 821 4626 adversus
844 4573 1171 4645 Indicos“).
1211 4593 1262 4647 p.
1296 4577 1425 4642 983,
1446 4577 1571 4632 984.
1616 4577 1829 4643 Latine,
1863 4581 1947 4636 in-

366 4663 600 4725 terprete
621 4661 792 4716 Laur.
817 4661 1028 4719 Sifano.
1070 4664 1302 4737 Incipit:
1337 4667 1480 4722 Dicit
1514 4669 1680 4723 David
1705 4671 1758 4725 in
1791 4671 1950 4727 Psal-

377 4760 461 4797 mo
489 4765 657 4847 amt.
691 4752 884 4810 Graece
911 4756 1119 4824 primus
1153 4774 1218 4814 ex
1249 4761 1461 4816 duobus
1491 4761 1775 4818 codicibus
1802 4762 1952 4818 Vati-

377 4849 535 4892 canis
573 4855 691 4900 cum
745 4860 892 4900 nova
942 4849 1193 4906 versione
1245 4867 1346 4908 sua
1399 4853 1570 4909 edidit
1623 4853 1953 4912 Laurentius

353 5014 819 5101 Letoiaat.—:ln
865 5025 991 5101 cod.
1021 5025 1227 5092 XVIII,
1274 5029 1437 5092 ιιι-,ις
1473 5028 1739 5101 Excerpta
1809 5034 1952 5091 inter

353 5099 630 5169 yeteru‘rn
686 5089 897 5150 Patrum
951 5089 1261 5169 fragmenta
1311 5089 1597 5156 canonica.
1652 5089 1730 5158 'V.
1799 5089 1955 5160 Lami-

347 5159 489 5213 bec.
553 5156 668 5239 VI,
716 5173 858 5240 .part.
893 5156 1154 5242 _|,__ﬁag.
1199 5156 1691 5242 isne—Anum:
1720 5156 1952 5242 epistola

342 5236 675 5313 canonica,
716 5236 768 5284 in
796 5237 928 5313 _cod.
955 5236 1261 5313 δικ-[μην.
1290 5239 1396 5313 ῑ7.
1419 5239 1483 5298 V.
1533 5236 1790 5298 Lambeé.
1819 5245 1949 5313 VIII,

335 5313 492 5371 pag.
521 5298 670 5379 .895.
700 5304 848 5381 —-_ln
879 5308 1001 5381 c_od.
1037 5307 1204 5381 XLV,
1246 5325 1331 5366 nr.
1376 5312 1429 5373 9,
1481 5313 1535 5366 in
1568 5328 1676 5381 quo
1719 5298 1948 5380 scholia,

337 5385 485 5449 qua:
520 5372 577 5422 in
613 5372 872 5442 synodico
894 5376 1240 5449 Balsamonis
1261 5396 1383 5436 esse
1413 5372 1684 5449 feruntur,
1725 5372 1953 5442 lunarat

333 5442 714 5505 tribuuntur,
753 5457 980 5522 auctore
1010 5448 1220 5522 Kollar.
1259 5451 1311 5522 in
1346 5455 1614 5522 supplent.
1648 5442 1712 5506 ad
1760 5457 1948 5510 Lamb.

2056 4579 2195 4636 κατὰ
2251 4577 2398 4630 Οείαν
2448 4573 2760 4645 συμμαχίαν
2808 4575 2867 4626 ὲν
2908 4577 3019 4639 τοῖς
3081 4574 3316 4644 φθάσασι
3360 4576 3636 4647 διήνυσται

2058 4671 2257 4731 πόνοις.
2295 4666 2492 4720 Suidas
2515 4665 2581 4720 de
2598 4664 2859 4736 Gregorio
2880 4663 3124 4737 Nysseno
3149 4686 3161 4722 :
3189 4659 3358 4731 Οὗτος
3379 4668 3637 4736 συνέταξε

2060 4763 2178 4818 κατ’
2217 4758 2480 4830 Εὐνομίου
2505 4757 2661 4827 λόγον
2678 4758 2973 4831 ἐξαίρετον.
3007 4759 3219 4815 Citatur
3244 4775 3274 4814 a
3305 4759 3637 4816 Theodorito

2061 4857 2119 4912 in
2190 4852 2394 4923 Dialog.
2489 4850 2546 4924 [a
2627 4851 2983 4907 Damasceno.
3068 4849 3133 4906 V.
3207 4851 3314 4906 vol.
3376 4851 3509 4917 VIII,
3580 4868 3634 4922 p.

2051 5031 2359 5087 Scultetum
2383 5072 2398 5096 ,
2433 5030 2487 5084 in
2538 5027 2777 5101 Medulla
2811 5026 3034 5083 Patrum
3078 5030 3635 5101 eatn_supposititiam

2052 5118 2174 5158 esse
2207 5101 2592 5160 aﬂirmantem,
2624 5100 2810 5162 docet,
2843 5116 3014 5154 vanas
3052 5116 3174 5155 csse
3203 5099 3434 5156 Sculteti
3475 5117 3640 5171 argu-

2052 5173 2420 5242 mentationes
2473 5189 2485 5224 :
2530 5179 2798 5242 praeterea
2827 5239 2837 5242 _
2867 5180 3130 5242 memorat
3175 5173 3322 5242 edit.
3381 5174 3638 5242 Augusta:

2054 5241 2267 5298 Vindel.
2299 5259 2366 5297 ex
2397 5241 2652 5297 versione
2681 5239 2932 5294 Gcntiani
2967 5239 3206 5306 I‘Ierveti,
3237 5257 3362 5297 cum
3393 5239 3640 5295 oratione

2053 5311 2129 5367 De
2177 5313 2453 5366 divinitate
2498 5309 2631 5363 Filii
2669 5319 2717 5363 et
2764 5309 2996 5378 Spiritus
3029 5313 3222 5373 sancti,
3259 5312 3414 5368 1591.
3464 5311 3636 5366 Iliun.

2137 5384 2212 5454 (ιι)
2241 5382 2381 5454 Edit.
2415 5397 2469 5454 a.
2495 5381 2665 5454 1658,
2701 5388 2838 5436 ιυιη.
2869 5379 2932 5445 II,
2971 5395 3093 5454 pag.
3136 5381 3256 5437 I28.

2133 5452 2208 5520 (b)
2254 5453 2382 5520 Pag.
2419 5452 2538 5505 199.

334 5526 588 5589 eo_tnrn_._
626 5529 749 5585 pag.
808 5519 936 5573 519.
973 5519 1122 5573 —In
1171 5521 1291 5573 ('Oll.
1343 5519 1572 5577 Coiélin.
1631 5525 1949 5589 CCtLLXIV,

335 5581 458 5665 εριἒ
488 5581 790 5665 ἓϐῥξιεὲιε
815 5589 1209 5665 ξιοιλι-[τειιεμῑιι
1243 5589 1370 5665 bibl.
1393 5593 1636 5665 Coislin;
1655 5581 1708 5665 p’.
1741 5597 1864 5651 564.
1883 5581 1954 5638 ._'

333 5651 691 5733 nuntiari"
732 5661 875 5733 cod.
911 5657 1188 5725 cxxxv,
1239 5661 1454 5733 collegii
1510 5663 1566 5720 s.
1597 5651 1849 5721 Τιτίηίιςιι.
1899 5668 1951 5720 in

334 5721 1146 5807 Cat.nc_'t_>-ddn._Angliga,_etcf,
1173 5721 1295 5807 vol.
1333 5721 1409 5798 ll:
1431 5743 1567 5807 part.
1604 5752 1663 5797 ιι,
1705 5752 1824 5807 pag.
1859 5736 1950 5798 2i,

335 5807 448 5846 ur.
491 5789 619 5860 9.77,
648 5797 738 5862 23,
765 5789 915 5861 conf.
960 5789 1172 5860 'Oudin.
1206 5797 1242 5851 1.
1293 5815 1342 5854 c.
1475 5804 1598 5872 600,
1633 5789 1724 5874 qui
1746 5789 1952 5861 domini

2135 5518 2205 5594 (cf)
2411 5523 2530 5594 152.

2136 5591 2210 5663 (ιι)
2242 5591 2369 5662 Pag.
2407 5593 2527 5663 158.

2134 5662 2202 5723 te,
2246 5664 2370 5733 Pag.
2408 5662 2529 5733 H3.

2135 5733 2200 5800 (Il
2249 5732 2377 5802 Pag.
2411 5732 2530 5784 155.

2135 5804 2206 5871 lg)
2247 5803 2374 5873 Pag.
2412 5802 2536 5856 265.
