4106 6208
520 355 591 407 25
1724 351 2008 406 NUTITIA
2047 350 2137 404 EX
2178 349 2522 405 FABRICIO.
2555 355 2558 358 ’

3703 351 3787 407 24

523 466 646 532 796,
677 480 762 518 nr.
791 465 876 528 II,
909 441 1171 536 pag-796
1207 478 1309 520 vet.
1341 465 1454 537 ed.]
1489 468 1780 539 multisque
1807 470 1930 525 aliis
1955 477 2102 526 vete-
2132 476 2176 531 Α
2204 468 2366 522 codd.
2400 465 2661 529 tribuant,
2707 461 3112 533 stylus-Basilii
3151 461 3320 517 fetum
3363 478 3485 518 esse
3515 463 3788 528 clamitet.

519 557 694 634 ribps,
731 571 965 625 quorum
1001 558 1114 610 loca
1148 559 1354 612 notavit
1402 559 1782 628 Tillemontius
1821 570 1954 617 tom.
2001 560 2089 625 IX,

517 664 570 718 p.
605 647 707 702 579
736 664 878 717 scq.,
910 650 1002 719 qui
1031 666 1080 717 p.
1119 649 1224 704 585
1273 652 1516 720 conjicit,
1551 653 1694 722 quod
1731 652 2094 723 Hieronymus

515 755 638 808 cap.
674 739 794 803 128,
825 739 904 793 De
938 738 1201 807 Scriptor.
1234 742 1417 797 eccles.
1440 743 1626 806 refert,
1661 743 1828 798 lectos
1860 743 2094 797 Nazian-

516 845 653 882 κεηο
692 837 746 883 et
784 830 888 884 sibi
923 845 954 882 a
1003 830 1249 901 Nysseno
1297 832 1419 886 illos
1461 843 1647 886 contra
1681 832 1998 886 Eunontittm
2031 832 2096 886 li-

518 919 681 983 bros,
741 921 795 975 id
851 921 1052 975 factum
1101 922 1611 995 Constantinopoli,
1661 926 1753 979 ubi
1806 917 2100 980 occasione

516 1011 733 1064 concilii
771 1027 820 1065 a.
872 1012 934 1067 C.
969 1013 1095 1077 581,
1130 1015 1184 1068 in
1223 1016 1310 1068 illa
1347 1018 1481 1070 urbe
1526 1016 1782 1070 celebrati
1829 1031 2097 1071 convene—

519 1105 652 1156 rint.
689 1101 924 1172 Scripsit
957 1103 1238 1176 Nyssenus
1272 1115 1394 1176 post
1427 1105 1613 1161 Basilii
1644 1106 1874 1172 obitum,
1909 1115 1968 1161 ut
2000 1106 2096 1161 Ni-

518 1194 755 1262 cephoro
776 1196 939 1248 etiam
970 1211 1045 1258 st,
1071 1196 1156 1261 I9,
1182 1196 1351 1260 llist.,
1369 1196 1944 1262 adnotatum,circaa.
1969 1197 2092 1252 581.

517 1282 686 1339 ῈΑΒιι.
725 1284 840 1358 Hoc
877 1301 1035 1355 opus,
1066 1289 1208 1358 quod
1239 1290 1747 1358 praastantissimum
1779 1289 1941 1360 Nyss.
1965 1305 2095 1358 ope-

517 1391 641 1430 rum
682 1376 935 1440 habetur,
963 1377 1122 1432 docte
1162 1387 1216 1432 et
1249 1380 1469 1449 cepiose
1507 1388 1789 1434 recensent
1823 1380 2031 1432 Semler
2057 1381 2093 1432 l.

518 1480 568 1519 c.
604 1462 632 1534 §
664 1464 750 1529 99,
775 1480 896 1536 pag.
921 1467 1174 1532 201219,
1203 1477 1255 1523 et
1291 1467 1609 1523 Schrmckh.
1653 1484 1774 1538 pag.
1811 1469 2095 1526 28-54.—

517 1554 615 1611 Est
639 1555 925 1612 Florentiae
969 1559 1023 1612 in
1071 1559 1201 1614 cod.
1248 1559 1506 1615 Laurent.
1555 1559 1721 1621 XVII,
1753 1560 1887 1628 plut.
1935 1561 1995 1613 6.
2032 1559 2093 1614 V.

517 1645 756 1701 Bandin.
803 1657 913 1703 cat.
963 1650 1120 1706 codd.
1152 1650 1248 1705 Gr.
1295 1651 1462 1705 Laur.
1489 1652 1532 1716 I,
1573 1668 1625 1721 p.
1679 1653 1777 1706 127
1826 1669 1909 1721 sq.
1958 1662 2011 1706 et
2043 1653 2097 1705 in

519 1744 639 1792 cod.
685 1737 908 1795 Taurin.
969 1740 1155 1808 LXXI,
1209 1743 1302 1795 fol.
1344 1743 1471 1796 216.
1523 1742 1584 1796 ν.
1631 1753 1739 1797 cat.
1787 1743 1948 1798 codd.
1999 1742 2092 1798 Gr.

441 1817 466 1896 ’ἢ
517 1829 686 1882 Taur.
722 1847 773 1898 p.
805 1831 926 1883 I69.
954 1830 1128 1886 Ηιιιι..

464 1909 465 1912 “
591 1920 678 1974 29.
719 1922 801 1972 Ad
836 1920 1173 2004 Eustathium
1211 1919 1621 1995 (Sebastenum),
1674 1919 1750 1974 De
1781 1919 1886 1974 SS.
1920 1919 2100 1972 Trini-

521 2020 630 2063 tate
666 2019 715 2063 et
762 2021 950 2064 contra
996 2013 1530 2073 Pneumatomachos,
1581 2010 1719 2079 quod
1761 2008 1993 2078 Spiritus
2039 2009 2099 2064 S.

521 2099 592 2150 sit
616 2098 756 2152 Deus
786 2099 887 2169 (α),
925 2115 955 2164 p
1001 2099 1255 2161 439-447,
1286 2114 1407 2152 cum
1433 2098 1680 2151 versione
1706 2097 1983 2150 Laurentii
2015 2096 2104 2149 Si-

447 2186 452 2191 ’
520 2190 660 2254 fani,
697 2190 790 2245 sed
834 2205 868 2243 a
903 2189 1036 2245 Fed.
1081 2189 1305 2244 Mor-cllo
1347 2189 1646 2259 recognita.
1682 2187 1797 2242 Hoc
1841 2187 2104 2256 scriptum

521 2283 796 2351 integrum
827 2280 941 2336 fere
974 2281 1168 2336 iisdem
1194 2277 1388 2335 'vcrbis
1425 2281 1565 2334 inter
1599 2278 1656 2333 S.
1689 2279 1873 2334 Basilii
1903 2280 2107 2348 episto-

524 2374 607 2428 las
645 2375 974 2443 octogesima
1007 2373 1114 2446 [ep.
1148 2374 1269 2435 189,
1301 2383 1431 2426 ιοιη.
1477 2372 1564 2436 111,
1601 2389 1654 2442 p.
1694 2371 1821 2434 276,
1858 2372 1945 2426 ed.
1973 2370 2108 2424 Gar-

524 2464 697 2536 nier.]‘
729 2466 948 2535 legitur,
998 2464 1244 2536 Nysseno
1293 2465 1500 2517 rectius
1547 2462 1959 2524 vindicandum,
2007 2461 2109 2515 sub

525 2557 688 2624 cujus
735 2557 953 2610 nomine
1001 2557 1201 2610 Citatur
1246 2555 1312 2608 ab
1363 2554 1656 2624 Euthymio
1706 2554 1760 2606 in
1819 2553 2105 2621 Panoplia.

527 2648 906 2717 tlompositum
953 2647 1100 2701 circa
1153 2663 1205 2699 a.
1249 2645 1307 2700 Ο.
1346 2645 1472 2700 580.
1515 2644 1612 2717 [De
1641 2660 1726 2709 co,
1774 2652 1828 2699 et
1860 2646 1919 2698 11
1955 2659 2107 2713 seqq.

528 2737 594 2794 V.
629 2738 840 2793 Semler
872 2738 906 2792 l.
944 2754 990 2792 c.
1021 2738 1126 2791 220
1154 2755 1234 2808 sq.
1268 2739 1444 2808 Atque
1479 2739 1530 2791 in
1562 2743 1678 2791 not.
1723 2736 1790 2790 ad
1819 2734 1986 2789 Garn.
2023 2735 2109 2788 ed.

529 2831 568 2885 l.
613 2847 665 2884 c.
697 2847 728 2884 a
761 2831 1053 2886 scholiaste
1094 2830 1190 2884 Gr.
1236 2829 1481 2900 Nysseno
1527 2827 1860 2884 adscribitur
1892 2834 2114 2897 propter

531 2923 804 2980 scribendi
842 2921 1362 2993 rationein,llant..].

602 3033 690 3089 30.
715 3035 854 3103 Περὶ
867 3036 974 3089 τοῦ
982 3035 1068 3104 μὴ
1094 3037 1323 3090 οἴεσθαι
1337 3034 1537 3104 λέγειν
1553 3033 1708 3102 τρεῖς
1727 3034 1867 3085 Θεοί
1881 3052 1931 3096 ς.
1955 3029 2108 3094 Quod

534 3145 639 3183 non
671 3128 966 3197 putandum
1005 3130 1072 3181 sit
1103 3142 1204 3184 tres
1241 3129 1376 3190 Deos
1406 3126 1510 3179 dici
1551 3135 1811 3190 oportere,
1845 3123 1912 3175 ad
1946 3123 2112 3175 Abla-
2141 3166 2182 3222 C

535 3221 684 3276 bium
718 3221 818 3290 (ὁ),
851 3235 906 3289 p.
939 3219 1190 3282 M7460,
1220 3234 1342 3271 cum
1365 3217 1609 3286 ejusdem
1637 3215 1808 3269 Sifani
1840 3214 2110 3268 versione.

534 3312 772 3381 Incipit:
835 3311 1010 3380 ’Υμᾶς
1058 3310 1155 3379 μὲν
1197 3309 1400 3362 δίκαιόν
1445 3311 1558 3361 ἐστι
1584 3312 1710 3370 τοὺς
1743 3305 2110 3378 ἀκμάζοντας.

537 3407 752 3462 Citatur
781 3419 810 3456 a
843 3401 1050 3456 Joanne
1079 3402 1146 3462 ll,
1181 3417 1340 3470 papa,
1377 3400 1430 3453 in
1467 3399 1710 3468 Epistola
1743 3399 1811 3452 ad
1842 3401 2111 3461 Avicnum,

542 3496 744 3564 scripta
795 3507 846 3547 a.
913 3492 974 3548 C.
1038 3492 1161 3546 552.
1192 3491 1297 3545 Sed
1351 3492 1590 3545 citantur
1627 3493 1788 3546 etiam
1813 3491 1880 3544 ab
1913 3490 2117 3558 Euthy-

521 3589 653 3641 -mio
681 3588 737 3640 in
770 3585 1035 3654 Panoptia
1079 3600 1144 3639 ex
1190 3583 1435 3654 Nysseno
1470 3583 1538 3636 ad
1564 3583 1867 3645 Abtabium,
1902 3596 2022 3650 quae
2061 3581 2115 3634 in

542 3680 648 3734 hoc
682 3679 885 3748 scripto
912 3693 1020 3732 non
1054 3678 1316 3745 reperias.
1356 3673 1520 3728 FABR.
1567 3674 1757 3728 Exstat
1788 3669 2032 3727 Venetiis
2064 3671 2117 3725 in

545 3771 668 3826 cod.
709 3769 875 3824 Marc.
903 3767 1036 3823 DlV.
1070 3767 1136 3822 V.
1169 3767 1344 3822 Catal.
1379 3766 1542 3820 codd.
1573 3766 1668 3820 Gr.
1704 3763 1872 3818 Maro.
1905 3779 1956 3832 p.
1989 3762 2114 3816 267.

546 3865 749 3928 Paris.,
778 3863 834 3918 in
862 3863 995 3918 bibl.
1028 3861 1189 3915 Publ.
1221 3859 1380 3916 codd.
1414 3856 1697 3913 DLXXXV
1717 3853 2115 3919 etDLXXXVl,

548 3957 604 4007 in
629 3953 827 4023 quibus
846 3953 999 4022 plura
1017 3951 1245 4023 Nysseni
1264 3951 1528 4022 Opuscula
1549 3949 1918 4004 continentur.
1944 3945 2116 4000 Hanc.

619 4068 708 4124 51.
741 4070 880 4136 Περὶ
913 4066 1196 4136 διαφορᾶς
1228 4066 1443 4130 οὐσίας
1477 4064 1574 4117 καὶ
1600 4061 2011 4127 ὑποστάσεως,
2050 4061 2122 4114 De

550 4157 849 4226 differentia
879 4157 1119 4210 essentia:
1143 4165 1191 4208 et
1221 4149 1586 4224 ’hypostaseos,
1620 4151 1685 4204 ad
1728 4149 1969 4213 Petrum,
2014 4149 2123 4201 fra-

550 4259 692 4304 trem
728 4249 827 4320 (c),
859 4263 910 4318 p.
943 4241 1195 4309 [60-469,
1223 4261 1346 4299 cum
1371 4244 1622 4299 versione
1650 4241 1893 4308 ejusdem
1924 4237 2122 4292 Sil‘ani.

554 4340 748 4411 Incipit
778 4359 792 4394 :
823 4338 1043 4408 Ἐπειδὴ
1069 4337 1250 4389 πολλοὶ
1274 4335 1367 4388 τόν
1393 4353 1451 4387 τε
1477 4333 1573 4402 τῆς
1605 4333 1788 4395 οὐσίας
1811 4332 1982 4399 λόγον.
2020 4328 2121 4381 Lc—

555 4433 699 4503 gitur
729 4432 862 4493 hazc,
888 4431 1032 4485 velut
1063 4445 1093 4482 a
1125 4428 1182 4482 S.
1211 4427 1411 4481 Basilio
1453 4426 1519 4480 ad
1550 4425 1852 4496 Nyssenum
1896 4420 2122 4488 scripta,

552 4523 701 4576 inter
724 4521 911 4575 Basilii
941 4521 1200 4588 epistolas
1233 4519 1508 4572 tricesima
1544 4524 1761 4586 quarta.
1801 4512 1976 4567 Vertit
2006 4520 2131 4564 ante

563 4609 808 4664 Silanum
835 4607 1073 4663 Joannes
1095 4610 1265 4671 Cano,
1291 4608 1482 4663 Colon.
1515 4605 1674 4672 1557,
1696 4605 1812 4663 fol..
1838 4603 1978 4656 inter
2007 4600 2133 4669 Nys-

563 4699 681 4753 seni
719 4713 883 4768 Opera
911 4697 1102 4753 Latine
1131 4698 1293 4753 edita.
1329 4696 1493 4752 FABR.
1543 4695 1832 4764 Reperitur
1870 4693 1923 4746 in
1960 4691 2134 4745 tribus

563 4789 725 4845 codd.
755 4790 887 4844 bibl.
919 4789 1248 4860 publ.Paris.
1269 4807 1285 4857 ;
1305 4790 1358 4843 in
1382 4789 1503 4843 cod.
1535 4786 1740 4840 Veneto
1765 4785 1934 4838 Marc.
1968 4782 2130 4843 XXII,

566 4880 667 4934 sub
737 4878 922 4934 Basilii
991 4881 1244 4946 nomine;
1295 4889 1510 4935 nchon
1553 4876 1863 4930 Vindobon.
1909 4876 1961 4927 in
2009 4873 2132 4927 cod.

566 4971 769 5026 Caesar.
813 4970 922 5034 LX,
956 4989 1040 5028 nr.
1070 4974 1156 5039 10,
1189 4973 1281 5027 ubi
1311 4969 1628 5026 inscribitur
1664 4965 1907 5034 Epistola
1940 4963 1996 5018 S.
2034 4963 2139 5015 Ba-

569 5062 679 5114 silii
706 5060 785 5116 Μ.
825 5063 893 5116 ad
929 5064 1150 5132 fratrem
1175 5079 1349 5123 suum.
1386 5061 1444 5116 S.
1474 5061 1626 5129 Greg.
1673 5055 1838 5126 Nysa.
1877 5055 1944 5109 V.
1978 5054 2140 5106 Lam-

565 5153 688 5207 hec.
718 5153 955 5220 Cumm.,
981 5153 1069 5219 III,
1105 5171 1225 5225 pag.
1256 5154 1382 5217 273,
1416 5150 1683 5221 imprimis
1714 5147 1914 5202 Kollar.
1940 5147 1994 5199 in
2015 5151 2142 5198 nota

571 5244 641 5298 Α.
670 5240 859 5299 Exstat
889 5244 944 5298 in
971 5245 1104 5299 edit.
1125 5243 1308 5298 Basilii
1343 5241 1413 5296 Μ.
1457 5238 1837 5298 Garuieriana,
1873 5244 2002 5288 tom.
2049 5231 2136 5298 lll,

572 5349 628 5404 p.
660 5334 780 5395 II5,
811 5336 972 5406 epist.
1002 5335 1091 5400 38,
1124 5346 1287 5404 atque
1321 5332 1498 5388 editor
1527 5332 1582 5385 in
1611 5338 1742 5384 nota
1771 5328 1810 5381 (ἱ
1843 5327 2038 5380 asserit
2074 5326 2138 5378 il-

573 5425 680 5479 lam
710 5426 930 5492 Basilio,
952 5429 1097 5499 quod
1128 5427 1255 5481 huic
1282 5440 1491 5488 omnes,
1520 5438 1657 5492 quos
1686 5418 1918 5475 contulit
1943 5415 2139 5479 editor,

673 5607 728 5672 a)
759 5607 902 5662 Edit.
935 5623 986 5660 a.
1022 5604 1179 5673 1658,
1211 5611 1341 5659 tom.
1375 5602 1460 5671 IlI,
1499 5619 1549 5674 p.
1582 5604 1634 5657 6.

671 5675 723 5746 b)
757 5674 890 5746 ἕεις.
921 5677 1005 5730 I5.
1423 5725 1438 5740 ,

673 5744 722 5814 c)
762 5744 887 5814 Pag.
923 5746 1011 5798 28.

2199 570 2253 614 et
2313 560 2431 628 ipsa
2494 557 2656 612 etiam
2717 554 2962 625 synodus
3022 554 3488 610 Chalcedonensis
3550 557 3785 624 (concil.

2199 647 2454 704 Chalced.
2513 656 2655 716 part.
2701 660 2783 708 ιιι,
2831 660 2953 715 cap.
3018 645 3070 707 I,
3135 660 3258 715 pag.
3316 645 3465 717 825),
3512 645 3784 702 Basilium

2201 746 2461 808 agnoscat
2489 736 2733 806 epistola:
2764 745 3072 804 parentem.
3106 734 3278 790 IIARL.

2271 847 2358 902 52.
2389 847 2543 915 Πρὸς
2567 846 2941 915 Σιμπλίκιον,
2976 845 3108 913 περὶ
3136 847 3412 912 πίστεως,
3436 847 3516 899 Ad
3552 847 3782 916 Simpli-

2202 939 2360 1003 cium,
2410 937 2712 1001 tribunum,
2769 936 2833 989 de
2873 935 3002 1005 ﬁde,
3047 937 3162 992 sive
3202 937 3270 992 de
3315 936 3496 1002 Patre,
3546 936 3681 994 Filio
3717 950 3782 993 ct

2204 1027 2410 1098 Spiritu
2443 1026 2500 1082 S.
2532 1027 2632 1098 (ά),
2669 1043 2724 1098 p.
2755 1027 3008 1089 470-474,
3051 1043 3176 1081 cum
3209 1029 3460 1082 versione
3494 1028 3775 1084 Laurentii

2205 1117 2399 1175 Sifani.
2441 1117 2638 1188 Incipit
2669 1136 2681 1171 :
2738 1117 2963 1170 Κελεὺει
2991 1120 3019 1170 ὁ
3063 1117 3194 1181 Θεὸς
3231 1118 3318 1171 διὰ
3355 1119 3447 1172 τοῦ
3468 1121 3771 1190 προφήτου.

2201 1211 2369 1268 Notas
2396 1210 2601 1265 Fronto
2647 1209 2875 1264 Ducaeus
2907 1210 3132 1263 addidit.
3166 1208 3447 1265 Prodierat
3494 1227 3617 1265 cum
3647 1212 3775 1266 aliis

2202 1311 2440 1370 quatuor
2463 1298 2692 1370 Nysseni
2714 1300 3015 1368 opusculis,
3041 1299 3245 1366 Grazce,
3273 1300 3442 1370 Lugd.
3467 1301 3582 1371 Bat.
3610 1302 3765 1365 1595,

2203 1395 2255 1449 8.
2298 1393 2545 1464 Magnam
2584 1401 2793 1462 partem
2845 1392 3000 1446 affert
3040 1393 3360 1463 Euthymius
3400 1392 3452 1445 in
3479 1391 3763 1458 Panoptia,

2203 1488 2379 1542 citans
2401 1485 2704 1556 Nyssenum
2731 1488 2794 1538 ὲκ
2813 1484 2906 1537 τοῦ
2933 1483 2976 1552 β’
3003 1483 3158 1551 λόγου
3180 1482 3274 1535 τοῦ
3299 1483 3433 1552 πρὸς
3453 1482 3774 1553 Σιμπλίκιον

2210 1577 2336 1648 περὶ
2379 1575 2518 1629 υἱοῦ.
2589 1575 2756 1629 Fusa.
2804 1574 2953 1628 lntcr
2997 1575 3154 1628 codd.
3196 1575 3325 1627 Ant.
3383 1573 3635 1643 Eparchi.
3702 1572 3769 1624 ι’.

2203 1667 2310 1720 vol.
2362 1664 2429 1728 X,
2490 1680 2542 1734 p.
2608 1664 2726 1717 482.
2763 1663 2930 1717 —De
2983 1663 3304 1731 confessione
3357 1664 3411 1717 in
3443 1663 3565 1717 cod.
3593 1663 3764 1718 Paris.

2204 1757 2336 1812 bibl.
2369 1757 2517 1826 publ.
2553 1754 2866 1818 MDCXXX,
2900 1771 2985 1808 nr.
3030 1756 3117 1810 57.
3149 1754 3316 1810 Ηιιιιι..

2129 1828 2170 1878 Β
2268 1839 2356 1892 55.
2396 1839 2584 1905 Λόγος
2614 1845 3011 1903 κατιιχιιτιιιιές
3045 1848 3076 1888 ό
3099 1843 3305 1905 μέγας,
3342 1843 3522 1897 Sermo
3550 1859 3761 1903 att/Ignem

2199 1929 2545 1984 cateclteticus
2580 1942 2677 1996 pro
2727 1927 2818 1991 iis,
2866 1926 2960 1995 qui
3018 1927 3435 1980 catechumenos
3482 1924 3762 1977 instituere

2201 2019 2420 2082 debent,
2473 2017 2680 2071 divisus
2753 2016 2808 2069 in
2863 2014 2954 2068 LX
2992 2017 3170 2084 capita
3219 2016 3308 2086 (ε),
3345 2031 3468 2084 pag.
3515 2013 3765 2076 474-542,

2203 2125 2326 2164 cum
2361 2110 2616 2162 versione
2657 2106 2907 2160 Gentiani
2941 2104 3176 2170 Herveli,
3203 2107 3454 2174 notisque
3481 2103 3773 2157 Frontonis

2206 2201 2405 2256 Ducasi.
2445 2197 2616 2253 Vertit
2651 2199 2815 2254 etiam
2861 2197 3053 2250 Petrus
3084 2197 3353 2257 Morellus,
3389 2193 3564 2246 Paris.
3605 2192 3767 2250 I568.

2173 2273 2176 2280 l
2206 2292 2260 2357 8,
2292 2300 2346 2346 ct
2389 2291 2582 2346 Petrus
2618 2289 2943 2344 Franciscus
2977 2285 3162 2349 Zinus,
3189 2287 3244 2338 in
3276 2281 3547 2353 Euthymii
3587 2280 3770 2335 Pano—

2206 2383 2338 2451 plia,
2387 2383 2474 2435 cui
2509 2396 2704 2451 magna
2747 2379 2909 2447 hujus
2953 2376 3080 2429 libri
3125 2389 3251 2444 pars
3298 2375 3505 2428 inserta
3547 2373 3770 2441 legitur.

2209 2473 2403 2543 Incipit
2443 2492 2457 2525 :
2514 2472 2573 2524 '0
2611 2471 2711 2540 τῆς
2754 2467 3106 2537 κατηχήσεως
3147 2463 3300 2531 λόγος
3345 2463 3633 2528 ἀναγκαῖος
3675 2461 3778 2531 μέν

2209 2569 2345 2620 ἐστι.
2375 2565 2592 2620 Citatur
2628 2573 2679 2618 et
2714 2579 2744 2618 ιι
2772 2559 3104 2615 Theodorito
3145 2557 3201 2610 in
3243 2554 3454 2624 Diahg.
3485 2555 3614 2608 2~et
3639 2555 3694 2620 3,
3724 2557 3777 2607 et

2210 2658 2474 2728 Gregorio
2509 2655 2578 2709 Μ.
2613 2662 2774 2724 atque
2806 2651 3143 2705 Damasceno
3175 2663 3300 2715 opus
3326 2647 3478 2716 plane
3501 2645 3772 2703 eximium,

2211 2750 2260 2804 si
2302 2763 2498 2816 paucos
2525 2761 2696 2799 naevos
2725 2741 2981 2810 excipias,
3015 2755 3145 2808 quos
3177 2752 3242 2791 ex
3267 2737 3486 2789 lectione
3533 2730 3773 2800 Origem'e

2213 2839 2509 2901 contraxit,
2550 2843 2608 2889 ut
2656 2840 2840 2887 monet
2893 2832 2965 2884 Is.
3017 2828 3371 2884 Casaubonus
3427 2841 3480 2894 p.
3528 2821 3648 2886 116,
3701 2819 3768 2873 ad

2213 2928 2500 2998 epistolam
2531 2921 2784 2993 Nysseni.
2815 2918 3044 2973 Sed-illa
3065 2915 3388 2986 Origeniana
3410 2912 3477 2967 ab
3505 2909 3771 2965 btereticis

2218 3020 2421 3072 inserta
2447 3017 2573 3070 olim
2605 3012 2785 3082 arguit
2822 3012 2881 3066 S.
2923 3009 3248 3070 Germanus,
3276 3003 3432 3060 CPol.
3470 3003 3610 3072 apud
3636 3000 3779 3055 Pho-

2217 3110 2351 3162 tium
2383 3107 2505 3162 cod.
2550 3101 2877 3180 CCXXXIII.
2911 3102 3073 3168 Certe
3104 3099 3204 3155 sub
3235 3098 3394 3152 ﬁnem
3415 3097 3608 3150 adsuta
3631 3095 3781 3148 clau-

2215 3201 2355 3263 sula,
2392 3201 2449 3254 in
2477 3212 2584 3269 qua
2651 3195 2837 3250 Severi
2869 3193 3113 3249 haeretici
3159 3191 3417 3261 Acephali
3448 3189 3670 3253 mentio,
3713 3201 3772 3240 ei

2215 3291 2488 3346 Theodori
2525 3287 2882 3343 Raithuensis
2913 3287 3051 3340 libro
3087 3283 3162 3338 De
3199 3281 3578 3336 incarnatione
3606 3279 3780 3332 Domi-

2215 3385 2294 3447 ni,
2347 3384 2563 3453 qualem
2613 3395 2724 3434 non
2759 3377 2918 3443 Beza,
2963 3375 3058 3431 sed
3096 3373 3234 3427 Bob.
3282 3370 3570 3424 Balforeus
3605 3369 3778 3421 Paris.

2218 3474 2376 3538 I599,
2417 3473 2468 3536 8,
2497 3481 2551 3527 et
2585 3471 2814 3526 Ducaaus
2854 3467 3036 3524 edidit.
3071 3463 3200 3518 Vide
3219 3460 3580 3524 Albertinum,
3613 3460 3676 3510 de
3717 3457 3776 3508 S.

2218 3563 2558 3617 Eucharistia
2605 3578 2658 3632 p.
2689 3561 2815 3616 486.
2845 3557 3006 3612 Faan.
3044 3553 3108 3608 V.
3137 3551 3334 3607 Oudin.
3376 3551 3413 3604 l.
3444 3565 3497 3604 c.
3525 3564 3650 3619 pag.
3679 3546 3784 3601 602

2218 3672 2302 3726 sq.
2347 3656 2441 3726 qui
2484 3655 2681 3725 repetit
2722 3655 2900 3709 locum
2947 3650 3167 3719 longum
3197 3645 3354 3699 lidm.
3395 3641 3705 3706 Aubertini,
3759 3657 3786 3692 a

2222 3747 2475 3804 Fabricio
2500 3748 2726 3802 citatum
2761 3760 2776 3797 :
2809 3740 2935 3796 add.
2969 3736 3287 3822 Schrmckh.
3323 3735 3364 3788 l.
3397 3748 3448 3787 c.
3476 3748 3534 3802 p.
3558 3731 3624 3786 79
3639 3745 3790 3822 sqq.;

2223 3838 2451 3896 Semler.
2481 3839 2517 3894 1.
2544 3851 2706 3891 mem.
2737 3851 2791 3906 p.
2819 3833 2925 3889 220
2955 3819 3077 3901 sqq.
3103 3859 3174 3872 -—
3204 3824 3494 3895 Gregorius
3519 3835 3623 3874 von
3649 3819 3783 3888 Nys-

2222 3949 2304 3996 sa,
2355 3932 2463 3985 und
2507 3926 2842 4004 Augustinus
2887 3921 3052 3975 Ueber
3096 3919 3196 3972 den
3245 3925 3415 3970 ersten
3458 3909 3784 3965 christtichen

2222 4002 2795 4096 Rcligionsunterricht.
2815 4017 2926 4067 Aur
2957 4013 3075 4067 dem
3099 4008 3468 4066 Griechischen
3489 4003 3594 4096 und
3612 4002 3786 4096 [τα-αεὶ-

2223 4092 2434 4169 nisctten
2455 4108 2711 4161 tibersetzt
2743 4104 2862 4173 (von
2908 4100 3192 4170 Glauber.)
3227 4097 3328 4152 Mit
3367 4093 3608 4148 Amnerk.
3639 4092 3786 4162 Lips.

2228 4205 2385 4268 I781,
2414 4199 2541 4267 maj.
2587 4199 2639 4253 8.
2670 4226 2741 4236 —
2765 4193 3133 4250 Exstatdllud
3165 4207 3304 4262 opus
3342 4195 3530 4244 notatu
3573 4186 3790 4256 dignum

2225 4294 2500 4351 Moriachii
2530 4293 2584 4345 in
2635 4289 2758 4344 cod.
2788 4285 3008 4340 XXXIX
3040 4285 3174 4340 bibl.
3207 4285 3366 4338 elect.
3391 4280 3461 4336 V.
3493 4279 3611 4335 Cat.
3633 4278 3789 4331 codd.

2228 4387 2421 4440 Bavar.
2453 4401 2505 4452 μ.
2553 4383 2640 4436 11.
2669 4412 2735 4422 --
2759 4380 3018 4448 Augusta:
3052 4374 3263 4429 Vindel.
3299 4382 3439 4429 teste
3479 4371 3704 4424 Beisero
3740 4369 3793 4419 in

2163 4503 2206 4556 ι)
2233 4481 2351 4532 Cat.
2386 4474 2545 4556 codd.
2585 4489 2636 4542 p.
2673 4471 2762 4526 11.
2792 4500 2860 4512 -—-
2885 4469 3226 4523 Vindubona:
3262 4468 3315 4521 in
3340 4465 3462 4520 cod.
3491 4460 3675 4522 XVIII,
3709 4474 3789 4511 nr.

2237 4573 2291 4634 5,
2325 4553 2490 4622 multa
2527 4567 2594 4621 de
2619 4580 2684 4621 eo
2712 4563 2993 4619 adnotavit
3021 4560 3226 4616 Kollar.
3267 4558 3322 4610 in
3363 4551 3627 4622 supplem.
3673 4561 3792 4616 pag.

2241 4661 2344 4716 166
2373 4677 2456 4729 sq.
2484 4687 2554 4700 —
2581 4656 2871 4712 Florentiae
2898 4655 2952 4708 in
2983 4652 3107 4709 cod.
3147 4650 3403 4703 Laurent.
3452 4638 3586 4702 XIII,
3625 4653 3711 4692 nr.
3743 4639 3794 4692 6.

2245 4752 2306 4807 V.
2334 4751 2563 4805 Bandin.
2593 4749 2686 4812 Ill,
2716 4764 2769 4817 p.
2797 4747 2923 4802 335.
2952 4774 3018 4786 —-
3040 4743 3214 4795 Paris.
3243 4739 3297 4791 in
3339 4733 3468 4790 bibl.
3500 4731 3648 4801 publ.
3677 4731 3794 4784 cod.

2244 4840 2365 4908 MX,
2398 4857 2486 4894 nr.
2515 4839 2568 4893 «1.
2592 4868 2663 4878 -—
2691 4836 2917 4891 Taurini
2947 4836 3000 4889 in
3029 4832 3158 4886 bibl.
3187 4843 3299 4896 reg.
3331 4824 3454 4878 cod.
3490 4820 3680 4886 LXXI,
3712 4822 3797 4876 fol.

2241 4935 2331 4998 62,
2369 4943 2422 4989 et
2451 4929 2724 4988 CCLXIX.
2755 4927 2822 4983 V.
2854 4937 2961 4982 cat.
2995 4923 3153 4978 codd.
3195 4919 3289 4974 Gr.
3333 4915 3561 4969 Taurin.
3608 4931 3661 4983 p.
3710 4913 3799 4966 168

2253 5038 2306 5081 et
2329 5025 2454 5081 373.
2481 5020 2754 5078 Particula
2803 5035 2866 5074 ex
2921 5017 3014 5071 illo
3043 5022 3126 5067 est
3170 5012 3222 5064 in
3258 5006 3521 5076 Liturgiis
3563 5002 3663 5058 SS.
3711 5000 3799 5053 Pa-

2244 5127 2410 5178 trum,
2444 5115 2619 5170 Paris.
2663 5111 2806 5182 apud
2845 5109 2988 5163 Guil.
3025 5103 3325 5159 Morellum.
3373 5097 3469 5154 fol.
3503 5096 3628 5150 Vid.
3702 5091 3794 5145 vol.
3828 5177 3834 5182 ξ

2249 5208 2381 5273 XIII,
2411 5225 2462 5278 p.
2495 5209 2598 5262 8M
2627 5224 2711 5277 sq.
2745 5203 2917 5258 11Αιιι..

2317 5323 2406 5376 54.
2451 5321 2590 5389 Περὶ
2621 5317 2962 5387 παρθενίας,
3006 5311 3082 5364 De
3131 5308 3431 5379 virginitate
3473 5301 3798 5389 liher,ucum

2249 5383 2542 5483 praemissa
2571 5383 2809 5480 epistola
2841 5404 3215 5462 exhortatoria
3244 5399 3312 5455 ad
3351 5396 3607 5454 virtutem
3630 5383 3718 5455 (Ι).
3750 5396 3799 5453 ι).

2319 5593 2394 5661 (εἰ)
2430 5591 2559 5658 Pag.
2593 5590 2681 5661 38.

2319 5660 2386 5727 (ε)
2425 5661 2551 5728 Patg.
2582 5660 2613 5712 4
2626 5660 2674 5709 3.

2320 5729 2381 5800 (Γ)
2426 5727 2548 5801 Pag.
2587 5727 2702 5780 ιιι.
