  <div class='ocr_page' id='page_1' title='image "/cluster/home/n/w/nwhite01/storage/ocr_20150623/44/hvd.32044052767431/018.png"; bbox 0 0 4106 6208; ppageno 0'>
   <div class='ocr_carea' id='block_1_1' title="bbox 359 2437 1611 2507">
    <p class='ocr_par' dir='ltr' id='par_1_1' title="bbox 359 2437 1611 2507">
     <span class='ocr_line' id='line_1_1' title="bbox 359 2437 1611 2507; baseline -0.001 -15"><span class='ocrx_word' id='word_1_1' title='bbox 359 2449 362 2454; x_wconf 87' lang='grc'><strong>·</strong></span> <span class='ocrx_word' id='word_1_2' title='bbox 462 2439 648 2494; x_wconf 75' lang='lat' dir='ltr'><strong>tribus</strong></span> <span class='ocrx_word' id='word_1_3' title='bbox 678 2437 846 2492; x_wconf 84' lang='lat' dir='ltr'><strong>codd.</strong></span> <span class='ocrx_word' id='word_1_4' title='bbox 877 2437 1012 2492; x_wconf 87' lang='lat' dir='ltr'><strong>bibl.</strong></span> <span class='ocrx_word' id='word_1_5' title='bbox 1044 2439 1196 2507; x_wconf 90' lang='lat' dir='ltr'><strong>publ.</strong></span> <span class='ocrx_word' id='word_1_6' title='bbox 1234 2438 1408 2492; x_wconf 86' lang='lat' dir='ltr'><strong>Paris.</strong></span> <span class='ocrx_word' id='word_1_7' title='bbox 1438 2437 1611 2492; x_wconf 71' lang='lat' dir='ltr'><strong>HABL.‘</strong></span> 
     </span>
    </p>
   </div>
   <div class='ocr_carea' id='block_1_2' title="bbox 451 319 2048 388">
    <p class='ocr_par' dir='ltr' id='par_1_2' title="bbox 451 319 2048 384">
     <span class='ocr_line' id='line_1_2' title="bbox 451 319 2048 384; baseline -0.001 0"><span class='ocrx_word' id='word_1_8' title='bbox 451 326 538 384; x_wconf 70' lang='lat'><strong>2‘5</strong></span> <span class='ocrx_word' id='word_1_9' title='bbox 1690 319 1968 382; x_wconf 79' lang='grc' dir='ltr'><strong>ΝΟΤΙΤΙΑ</strong></span> <span class='ocrx_word' id='word_1_10' title='bbox 2015 327 2048 381; x_wconf 87' lang='grc' dir='ltr'>Ε</span> 
     </span>
    </p>
   </div>
   <div class='ocr_carea' id='block_1_3' title="bbox 2150 319 3728 388">
    <p class='ocr_par' dir='ltr' id='par_1_3' title="bbox 2151 326 3728 388">
     <span class='ocr_line' id='line_1_3' title="bbox 2151 326 3728 388; baseline 0.001 -5"><span class='ocrx_word' id='word_1_11' title='bbox 2151 326 2488 386; x_wconf 81' lang='lat' dir='ltr'><strong>FABRICIO.</strong></span> <span class='ocrx_word' id='word_1_12' title='bbox 3655 332 3728 388; x_wconf 76' lang='grc'><strong>26</strong></span> 
     </span>
    </p>
   </div>
   <div class='ocr_carea' id='block_1_4' title="bbox 469 433 3729 514">
    <p class='ocr_par' dir='ltr' id='par_1_4' title="bbox 469 433 3729 514">
     <span class='ocr_line' id='line_1_4' title="bbox 469 433 3729 514; baseline 0.002 -21"><span class='ocrx_word' id='word_1_13' title='bbox 469 441 714 506; x_wconf 59' lang='grc' dir='ltr'><strong>διδ-611,</strong></span> <span class='ocrx_word' id='word_1_14' title='bbox 748 451 873 490; x_wconf 91' lang='lat' dir='ltr'><strong>cum</strong></span> <span class='ocrx_word' id='word_1_15' title='bbox 908 435 1056 489; x_wconf 88' lang='lat' dir='ltr'><strong>notis</strong></span> <span class='ocrx_word' id='word_1_16' title='bbox 1089 433 1297 496; x_wconf 77' lang='lat' dir='ltr'><strong>Duczei,</strong></span> <span class='ocrx_word' id='word_1_17' title='bbox 1328 441 1382 487; x_wconf 87' lang='lat' dir='ltr'><strong>et</strong></span> <span class='ocrx_word' id='word_1_18' title='bbox 1416 433 1669 491; x_wconf 82' lang='lat' dir='ltr'><strong>versione</strong></span> <span class='ocrx_word' id='word_1_19' title='bbox 1701 435 1848 494; x_wconf 88' lang='lat' dir='ltr'><strong>Petri</strong></span> <span class='ocrx_word' id='word_1_20' title='bbox 1895 439 2057 495; x_wconf 84' lang='lat' dir='ltr'><strong>Gale-</strong></span> <span class='ocrx_word' id='word_1_21' title='bbox 2089 447 2133 502; x_wconf 83' lang='lat' dir='ltr'><strong>A</strong></span> <span class='ocrx_word' id='word_1_22' title='bbox 2162 443 2316 498; x_wconf 82' lang='lat' dir='ltr'><strong>bonae</strong></span> <span class='ocrx_word' id='word_1_23' title='bbox 2355 451 2518 507; x_wconf 65' lang='lat' dir='ltr'><strong>notae,</strong></span> <span class='ocrx_word' id='word_1_24' title='bbox 2565 451 2619 497; x_wconf 90' lang='lat' dir='ltr'><strong>et</strong></span> <span class='ocrx_word' id='word_1_25' title='bbox 2653 450 2711 496; x_wconf 94' lang='lat' dir='ltr'><strong>ut</strong></span> <span class='ocrx_word' id='word_1_26' title='bbox 2753 443 3048 513; x_wconf 89' lang='lat' dir='ltr'><strong>plurimum</strong></span> <span class='ocrx_word' id='word_1_27' title='bbox 3090 444 3143 498; x_wconf 89' lang='lat' dir='ltr'><strong>in</strong></span> <span class='ocrx_word' id='word_1_28' title='bbox 3189 445 3279 508; x_wconf 87' lang='lat' dir='ltr'><strong>iis,</strong></span> <span class='ocrx_word' id='word_1_29' title='bbox 3328 459 3450 514; x_wconf 67' lang='lat' dir='ltr'><strong>quae</strong></span> <span class='ocrx_word' id='word_1_30' title='bbox 3493 445 3729 514; x_wconf 81' lang='lat' dir='ltr'><strong>alicujus</strong></span> 
     </span>
    </p>
   </div>
   <div class='ocr_carea' id='block_1_5' title="bbox 468 523 3725 604">
    <p class='ocr_par' dir='ltr' id='par_1_5' title="bbox 468 523 3725 604">
     <span class='ocr_line' id='line_1_5' title="bbox 468 523 3725 604; baseline -0 -18"><span class='ocrx_word' id='word_1_31' title='bbox 468 534 606 595; x_wconf 86' lang='lat' dir='ltr'><strong>sinii,</strong></span> <span class='ocrx_word' id='word_1_32' title='bbox 637 545 761 601; x_wconf 71' lang='lat' dir='ltr'><strong>qua:</strong></span> <span class='ocrx_word' id='word_1_33' title='bbox 784 529 963 583; x_wconf 83' lang='lat' dir='ltr'><strong>lucem</strong></span> <span class='ocrx_word' id='word_1_34' title='bbox 993 527 1130 580; x_wconf 86' lang='lat' dir='ltr'><strong>vidit</strong></span> <span class='ocrx_word' id='word_1_35' title='bbox 1163 523 1325 604; x_wconf 80' lang='lat' dir='ltr'><strong>Rom.</strong></span> <span class='ocrx_word' id='word_1_36' title='bbox 1358 523 1521 588; x_wconf 83' lang='lat' dir='ltr'><strong>I562,</strong></span> <span class='ocrx_word' id='word_1_37' title='bbox 1553 526 1605 590; x_wconf 74' lang='lat' dir='ltr'><strong>I,</strong></span> <span class='ocrx_word' id='word_1_38' title='bbox 1635 542 1725 596; x_wconf 88' lang='lat' dir='ltr'><strong>ap.</strong></span> <span class='ocrx_word' id='word_1_39' title='bbox 1759 529 1818 582; x_wconf 89' lang='lat' dir='ltr'><strong>P.</strong></span> <span class='ocrx_word' id='word_1_40' title='bbox 1845 528 2053 585; x_wconf 91' lang='lat' dir='ltr'><strong>Manut.</strong></span> <span class='ocrx_word' id='word_1_41' title='bbox 2161 541 2290 587; x_wconf 91' lang='lat' dir='ltr'><strong>sunt</strong></span> <span class='ocrx_word' id='word_1_42' title='bbox 2351 531 2630 595; x_wconf 82' lang='lat' dir='ltr'><strong>momenti,</strong></span> <span class='ocrx_word' id='word_1_43' title='bbox 2683 534 3132 600; x_wconf 88' lang='lat' dir='ltr'><strong>conspirantibus</strong></span> <span class='ocrx_word' id='word_1_44' title='bbox 3161 582 3177 602; x_wconf 71' lang='lat'><strong>,</strong></span> <span class='ocrx_word' id='word_1_45' title='bbox 3215 532 3405 598; x_wconf 87' lang='lat' dir='ltr'><strong>altero,</strong></span> <span class='ocrx_word' id='word_1_46' title='bbox 3451 532 3725 604; x_wconf 91' lang='lat' dir='ltr'><strong>quondam</strong></span> 
     </span>
    </p>
   </div>
   <div class='ocr_carea' id='block_1_6' title="bbox 459 616 3728 692">
    <p class='ocr_par' dir='ltr' id='par_1_6' title="bbox 459 616 3728 692">
     <span class='ocr_line' id='line_1_6' title="bbox 459 616 3728 692; baseline -0.002 -11"><span class='ocrx_word' id='word_1_47' title='bbox 459 626 736 681; x_wconf 70' lang='lat' dir='ltr'><strong>Prteterea</strong></span> <span class='ocrx_word' id='word_1_48' title='bbox 773 620 923 675; x_wconf 81' lang='lat' dir='ltr'><strong>hunc</strong></span> <span class='ocrx_word' id='word_1_49' title='bbox 955 620 1162 674; x_wconf 84' lang='lat' dir='ltr'><strong>librum</strong></span> <span class='ocrx_word' id='word_1_50' title='bbox 1213 631 1339 670; x_wconf 86' lang='lat' dir='ltr'><strong>cum</strong></span> <span class='ocrx_word' id='word_1_51' title='bbox 1376 616 1628 673; x_wconf 75' lang='lat' dir='ltr'><strong>versione</strong></span> <span class='ocrx_word' id='word_1_52' title='bbox 1655 633 1757 673; x_wconf 81' lang='lat' dir='ltr'><strong>sua</strong></span> <span class='ocrx_word' id='word_1_53' title='bbox 1801 623 2060 691; x_wconf 81' lang='lat' dir='ltr'><strong>notisque</strong></span> <span class='ocrx_word' id='word_1_54' title='bbox 2162 621 2604 685; x_wconf 77' lang='lat' dir='ltr'><strong>Ull‘enbachiano;</strong></span> <span class='ocrx_word' id='word_1_55' title='bbox 2634 635 2757 675; x_wconf 88' lang='lat' dir='ltr'><strong>cum</strong></span> <span class='ocrx_word' id='word_1_56' title='bbox 2789 637 2904 675; x_wconf 90' lang='lat' dir='ltr'><strong>var.</strong></span> <span class='ocrx_word' id='word_1_57' title='bbox 2972 623 3191 677; x_wconf 89' lang='lat' dir='ltr'><strong>Iection.</strong></span> <span class='ocrx_word' id='word_1_58' title='bbox 3237 623 3439 692; x_wconf 92' lang='lat' dir='ltr'><strong>partim</strong></span> <span class='ocrx_word' id='word_1_59' title='bbox 3489 623 3546 676; x_wconf 92' lang='lat' dir='ltr'><strong>in</strong></span> <span class='ocrx_word' id='word_1_60' title='bbox 3591 637 3728 675; x_wconf 84' lang='lat' dir='ltr'><strong>mar-</strong></span> 
     </span>
    </p>
   </div>
   <div class='ocr_carea' id='block_1_7' title="bbox 455 708 3728 790">
    <p class='ocr_par' dir='ltr' id='par_1_7' title="bbox 455 708 3728 790">
     <span class='ocr_line' id='line_1_7' title="bbox 455 708 3728 790; baseline -0.002 -15"><span class='ocrx_word' id='word_1_61' title='bbox 455 719 706 790; x_wconf 68' lang='lat' dir='ltr'><strong>vulgasit</strong></span> <span class='ocrx_word' id='word_1_62' title='bbox 727 715 970 772; x_wconf 83' lang='lat' dir='ltr'><strong>Joannes</strong></span> <span class='ocrx_word' id='word_1_63' title='bbox 993 710 1316 774; x_wconf 82' lang='lat' dir='ltr'><strong>Liveneius,</strong></span> <span class='ocrx_word' id='word_1_64' title='bbox 1349 708 1632 779; x_wconf 85' lang='lat' dir='ltr'><strong>Antwerp.</strong></span> <span class='ocrx_word' id='word_1_65' title='bbox 1675 727 1740 777; x_wconf 65' lang='lat' dir='ltr'><strong>ei;</strong></span> <span class='ocrx_word' id='word_1_66' title='bbox 1770 711 1861 766; x_wconf 83' lang='lat' dir='ltr'><strong>oll&#39;.</strong></span> <span class='ocrx_word' id='word_1_67' title='bbox 1894 712 2057 768; x_wconf 86' lang='lat' dir='ltr'><strong>Plan-</strong></span> <span class='ocrx_word' id='word_1_68' title='bbox 2158 711 2304 780; x_wconf 87' lang='lat' dir='ltr'><strong>gine,</strong></span> <span class='ocrx_word' id='word_1_69' title='bbox 2331 712 2525 780; x_wconf 80' lang='lat' dir='ltr'><strong>partim</strong></span> <span class='ocrx_word' id='word_1_70' title='bbox 2561 711 2626 766; x_wconf 90' lang='lat' dir='ltr'><strong>ad</strong></span> <span class='ocrx_word' id='word_1_71' title='bbox 2661 712 2862 767; x_wconf 83' lang='lat' dir='ltr'><strong>calcem</strong></span> <span class='ocrx_word' id='word_1_72' title='bbox 2895 713 3132 782; x_wconf 77' lang='lat' dir='ltr'><strong>scriptis,</strong></span> <span class='ocrx_word' id='word_1_73' title='bbox 3156 720 3209 767; x_wconf 88' lang='lat' dir='ltr'><strong>et</strong></span> <span class='ocrx_word' id='word_1_74' title='bbox 3237 729 3394 782; x_wconf 90' lang='lat' dir='ltr'><strong>quem</strong></span> <span class='ocrx_word' id='word_1_75' title='bbox 3424 719 3612 766; x_wconf 81' lang='lat' dir='ltr'><strong>curate</strong></span> <span class='ocrx_word' id='word_1_76' title='bbox 3632 712 3728 767; x_wconf 86' lang='lat' dir='ltr'><strong>de-</strong></span> 
     </span>
    </p>
   </div>
   <div class='ocr_carea' id='block_1_8' title="bbox 458 798 2048 872">
    <p class='ocr_par' dir='ltr' id='par_1_8' title="bbox 458 798 2048 872">
     <span class='ocr_line' id='line_1_8' title="bbox 458 798 2048 872; baseline -0.004 -10"><span class='ocrx_word' id='word_1_77' title='bbox 458 809 567 862; x_wconf 83' lang='lat' dir='ltr'><strong>tin.</strong></span> <span class='ocrx_word' id='word_1_78' title='bbox 591 805 749 871; x_wconf 62' lang='lat'><strong>157‘,</strong></span> <span class='ocrx_word' id='word_1_79' title='bbox 773 805 827 858; x_wconf 71' lang='grc' dir='ltr'><strong>ι.</strong></span> <span class='ocrx_word' id='word_1_80' title='bbox 846 802 1070 872; x_wconf 90' lang='lat' dir='ltr'><strong>Incipit:</strong></span> <span class='ocrx_word' id='word_1_81' title='bbox 1105 800 1162 852; x_wconf 86' lang='grc' dir='ltr'><strong>Ὀ</strong></span> <span class='ocrx_word' id='word_1_82' title='bbox 1187 798 1291 868; x_wconf 82' lang='grc' dir='ltr'><strong>μὲν</strong></span> <span class='ocrx_word' id='word_1_83' title='bbox 1319 798 1522 860; x_wconf 81' lang='grc' dir='ltr'>σκοπὸς</span> <span class='ocrx_word' id='word_1_84' title='bbox 1549 798 1641 851; x_wconf 84' lang='grc' dir='ltr'><strong>τοῦ</strong></span> <span class='ocrx_word' id='word_1_85' title='bbox 1655 799 1811 868; x_wconf 82' lang='grc' dir='ltr'>λόγου</span> <span class='ocrx_word' id='word_1_86' title='bbox 1836 803 2048 857; x_wconf 72' lang='grc' dir='ltr'><strong>ἐστὶν...</strong></span> 
     </span>
    </p>
   </div>
   <div class='ocr_carea' id='block_1_9' title="bbox 2150 798 3725 872">
    <p class='ocr_par' dir='ltr' id='par_1_9' title="bbox 2160 798 3725 870">
     <span class='ocr_line' id='line_1_9' title="bbox 2160 798 3725 870; baseline -0.001 -14"><span class='ocrx_word' id='word_1_87' title='bbox 2160 801 2381 870; x_wconf 88' lang='lat' dir='ltr'><strong>scripsit</strong></span> <span class='ocrx_word' id='word_1_88' title='bbox 2412 798 2452 856; x_wconf 95' lang='lat' dir='ltr'><strong>I.</strong></span> <span class='ocrx_word' id='word_1_89' title='bbox 2479 800 2545 856; x_wconf 85' lang='grc' dir='ltr'><strong>Η.</strong></span> <span class='ocrx_word' id='word_1_90' title='bbox 2582 800 2756 857; x_wconf 86' lang='lat' dir='ltr'><strong>Maius</strong></span> <span class='ocrx_word' id='word_1_91' title='bbox 2803 803 2855 856; x_wconf 93' lang='lat' dir='ltr'><strong>in</strong></span> <span class='ocrx_word' id='word_1_92' title='bbox 2885 803 3137 858; x_wconf 91' lang='lat' dir='ltr'><strong>biblioth.</strong></span> <span class='ocrx_word' id='word_1_93' title='bbox 3189 801 3510 858; x_wconf 83' lang='lat' dir='ltr'><strong>Uﬂ’eubach.</strong></span> <span class='ocrx_word' id='word_1_94' title='bbox 3559 812 3725 865; x_wconf 90' lang='lat' dir='ltr'><strong>msta,</strong></span> 
     </span>
    </p>
   </div>
   <div class='ocr_carea' id='block_1_10' title="bbox 460 887 2048 968">
    <p class='ocr_par' dir='ltr' id='par_1_10' title="bbox 460 887 2048 968">
     <span class='ocr_line' id='line_1_10' title="bbox 460 887 2048 968; baseline -0.003 -17"><span class='ocrx_word' id='word_1_95' title='bbox 460 897 762 968; x_wconf 67' lang='grc' dir='ltr'><strong>ἐπιθυμίαν</strong></span> <span class='ocrx_word' id='word_1_96' title='bbox 811 895 914 964; x_wconf 81' lang='grc' dir='ltr'><strong>τῆς</strong></span> <span class='ocrx_word' id='word_1_97' title='bbox 977 892 1102 945; x_wconf 75' lang='grc' dir='ltr'><strong>κατ’</strong></span> <span class='ocrx_word' id='word_1_98' title='bbox 1165 887 1556 959; x_wconf 80' lang='grc' dir='ltr'><strong>ἁρετὴνζωῆς.</strong></span> <span class='ocrx_word' id='word_1_99' title='bbox 1622 888 1874 959; x_wconf 87' lang='lat' dir='ltr'><strong>Scriptus</strong></span> <span class='ocrx_word' id='word_1_100' title='bbox 1907 895 2048 947; x_wconf 87' lang='lat' dir='ltr'><strong>circa</strong></span> 
     </span>
    </p>
   </div>
   <div class='ocr_carea' id='block_1_11' title="bbox 2150 887 3726 968">
    <p class='ocr_par' dir='ltr' id='par_1_11' title="bbox 2157 891 3726 964">
     <span class='ocr_line' id='line_1_11' title="bbox 2157 891 3726 964; baseline 0.001 -20"><span class='ocrx_word' id='word_1_101' title='bbox 2157 900 2300 961; x_wconf 89' lang='lat' dir='ltr'><strong>part.</strong></span> <span class='ocrx_word' id='word_1_102' title='bbox 2333 908 2398 956; x_wconf 88' lang='grc' dir='ltr'><strong>ιι,</strong></span> <span class='ocrx_word' id='word_1_103' title='bbox 2435 909 2490 962; x_wconf 92' lang='lat' dir='ltr'><strong>p.</strong></span> <span class='ocrx_word' id='word_1_104' title='bbox 2551 891 2676 957; x_wconf 68' lang='grc'><strong>425,</strong></span> <span class='ocrx_word' id='word_1_105' title='bbox 2732 908 2879 963; x_wconf 90' lang='lat' dir='ltr'><strong>sqq.;</strong></span> <span class='ocrx_word' id='word_1_106' title='bbox 2928 894 3099 946; x_wconf 90' lang='lat' dir='ltr'><strong>altero</strong></span> <span class='ocrx_word' id='word_1_107' title='bbox 3145 893 3628 948; x_wconf 83' lang='lat' dir='ltr'><strong>Hasselmanniano</strong></span> <span class='ocrx_word' id='word_1_108' title='bbox 3674 894 3726 964; x_wconf 88' lang='lat' dir='ltr'><strong>(a</strong></span> 
     </span>
    </p>
   </div>
   <div class='ocr_carea' id='block_1_12' title="bbox 462 981 3728 1054">
    <p class='ocr_par' dir='ltr' id='par_1_12' title="bbox 462 981 3728 1054">
     <span class='ocr_line' id='line_1_12' title="bbox 462 981 3728 1054; baseline -0.003 -8"><span class='ocrx_word' id='word_1_109' title='bbox 462 1006 519 1046; x_wconf 75' lang='grc' dir='ltr'><strong>ει.</strong></span> <span class='ocrx_word' id='word_1_110' title='bbox 549 990 611 1043; x_wconf 86' lang='lat' dir='ltr'><strong>C.</strong></span> <span class='ocrx_word' id='word_1_111' title='bbox 637 989 764 1043; x_wconf 81' lang='grc'><strong>571.</strong></span> <span class='ocrx_word' id='word_1_112' title='bbox 795 985 856 1041; x_wconf 92' lang='lat' dir='ltr'><strong>In</strong></span> <span class='ocrx_word' id='word_1_113' title='bbox 881 985 1116 1040; x_wconf 89' lang='lat' dir='ltr'><strong>Livineii</strong></span> <span class='ocrx_word' id='word_1_114' title='bbox 1141 982 1398 1037; x_wconf 88' lang='lat' dir='ltr'><strong>versione</strong></span> <span class='ocrx_word' id='word_1_115' title='bbox 1421 983 1686 1036; x_wconf 86' lang='lat' dir='ltr'><strong>nonnulla</strong></span> <span class='ocrx_word' id='word_1_116' title='bbox 1708 986 2055 1054; x_wconf 85' lang='lat' dir='ltr'><strong>reprehendit</strong></span> <span class='ocrx_word' id='word_1_117' title='bbox 2156 998 2474 1052; x_wconf 90' lang='lat' dir='ltr'><strong>possessore</strong></span> <span class='ocrx_word' id='word_1_118' title='bbox 2506 983 2672 1047; x_wconf 91' lang='lat' dir='ltr'><strong>illius,</strong></span> <span class='ocrx_word' id='word_1_119' title='bbox 2715 981 2950 1037; x_wconf 83' lang='lat' dir='ltr'><strong>Zacbar.</strong></span> <span class='ocrx_word' id='word_1_120' title='bbox 2988 983 3407 1048; x_wconf 87' lang='lat' dir='ltr'><strong>Hasselmanno,</strong></span> <span class='ocrx_word' id='word_1_121' title='bbox 3449 984 3603 1039; x_wconf 83' lang='lat' dir='ltr'><strong>verbi</strong></span> <span class='ocrx_word' id='word_1_122' title='bbox 3645 983 3728 1036; x_wconf 90' lang='lat' dir='ltr'><strong>di-</strong></span> 
     </span>
    </p>
   </div>
   <div class='ocr_carea' id='block_1_13' title="bbox 2155 1068 3727 1144">
    <p class='ocr_par' dir='ltr' id='par_1_13' title="bbox 2155 1068 3727 1144">
     <span class='ocr_line' id='line_1_13' title="bbox 2155 1068 3727 1144; baseline 0.001 -18"><span class='ocrx_word' id='word_1_123' title='bbox 2155 1075 2266 1128; x_wconf 87' lang='lat' dir='ltr'><strong>vini</strong></span> <span class='ocrx_word' id='word_1_124' title='bbox 2292 1073 2436 1143; x_wconf 91' lang='lat' dir='ltr'><strong>apud</strong></span> <span class='ocrx_word' id='word_1_125' title='bbox 2461 1073 3006 1144; x_wconf 86' lang='lat' dir='ltr'><strong>Oldenburgenscsin</strong></span> <span class='ocrx_word' id='word_1_126' title='bbox 3035 1073 3258 1144; x_wconf 85' lang='lat' dir='ltr'><strong>Wagria</strong></span> <span class='ocrx_word' id='word_1_127' title='bbox 3297 1075 3568 1138; x_wconf 87' lang='lat' dir='ltr'><strong>ministro,</strong></span> <span class='ocrx_word' id='word_1_128' title='bbox 3587 1068 3727 1128; x_wconf 54' lang='lat' dir='ltr'><strong>nunl</strong></span> 
     </span>
    </p>
   </div>
   <div class='ocr_carea' id='block_1_14' title="bbox 2156 1165 3728 1237">
    <p class='ocr_par' dir='ltr' id='par_1_14' title="bbox 2156 1165 3728 1237">
     <span class='ocr_line' id='line_1_14' title="bbox 2156 1165 3728 1237; baseline 0 -18"><span class='ocrx_word' id='word_1_129' title='bbox 2156 1168 2397 1237; x_wconf 89' lang='lat' dir='ltr'><strong>cupato),</strong></span> <span class='ocrx_word' id='word_1_130' title='bbox 2428 1166 2483 1219; x_wconf 90' lang='lat' dir='ltr'><strong>in</strong></span> <span class='ocrx_word' id='word_1_131' title='bbox 2513 1180 2621 1234; x_wconf 91' lang='lat' dir='ltr'><strong>quo</strong></span> <span class='ocrx_word' id='word_1_132' title='bbox 2645 1166 3070 1235; x_wconf 89' lang='lat' dir='ltr'><strong>colloquentium</strong></span> <span class='ocrx_word' id='word_1_133' title='bbox 3096 1181 3401 1231; x_wconf 86' lang='lat' dir='ltr'><strong>sermones,</strong></span> <span class='ocrx_word' id='word_1_134' title='bbox 3440 1165 3728 1234; x_wconf 85' lang='lat' dir='ltr'><strong>descriptis</strong></span> 
     </span>
    </p>
   </div>
   <div class='ocr_carea' id='block_1_15' title="bbox 2156 1255 3727 1326">
    <p class='ocr_par' dir='ltr' id='par_1_15' title="bbox 2156 1255 3727 1326">
     <span class='ocr_line' id='line_1_15' title="bbox 2156 1255 3727 1326; baseline -0.001 -17"><span class='ocrx_word' id='word_1_135' title='bbox 2156 1259 2323 1312; x_wconf 89' lang='lat' dir='ltr'><strong>rubro</strong></span> <span class='ocrx_word' id='word_1_136' title='bbox 2376 1257 2561 1312; x_wconf 90' lang='lat' dir='ltr'><strong>colore</strong></span> <span class='ocrx_word' id='word_1_137' title='bbox 2621 1258 3017 1326; x_wconf 81' lang='lat' dir='ltr'><strong>disputantium</strong></span> <span class='ocrx_word' id='word_1_138' title='bbox 3064 1255 3309 1326; x_wconf 79' lang='lat' dir='ltr'><strong>Gregorii</strong></span> <span class='ocrx_word' id='word_1_139' title='bbox 3364 1265 3417 1312; x_wconf 90' lang='lat' dir='ltr'><strong>et</strong></span> <span class='ocrx_word' id='word_1_140' title='bbox 3472 1255 3727 1310; x_wconf 68' lang='lat' dir='ltr'><strong>Macrina:</strong></span> 
     </span>
    </p>
   </div>
   <div class='ocr_carea' id='block_1_16' title="bbox 2156 1348 3727 1420">
    <p class='ocr_par' dir='ltr' id='par_1_16' title="bbox 2156 1348 3727 1420">
     <span class='ocr_line' id='line_1_16' title="bbox 2156 1348 3727 1420; baseline -0.003 -17"><span class='ocrx_word' id='word_1_141' title='bbox 2156 1349 2488 1412; x_wconf 86' lang='lat' dir='ltr'><strong>nominibus,</strong></span> <span class='ocrx_word' id='word_1_142' title='bbox 2519 1364 2549 1402; x_wconf 92' lang='lat' dir='ltr'><strong>a</strong></span> <span class='ocrx_word' id='word_1_143' title='bbox 2585 1365 2643 1403; x_wconf 90' lang='lat' dir='ltr'><strong>se</strong></span> <span class='ocrx_word' id='word_1_144' title='bbox 2674 1349 2905 1402; x_wconf 83' lang='lat' dir='ltr'><strong>invicem</strong></span> <span class='ocrx_word' id='word_1_145' title='bbox 2927 1349 3359 1420; x_wconf 89' lang='lat' dir='ltr'><strong>distinguuntur.</strong></span> <span class='ocrx_word' id='word_1_146' title='bbox 3389 1348 3464 1402; x_wconf 87' lang='lat' dir='ltr'><strong>De</strong></span> <span class='ocrx_word' id='word_1_147' title='bbox 3493 1348 3727 1402; x_wconf 89' lang='lat' dir='ltr'><strong>hocdia-</strong></span> 
     </span>
    </p>
   </div>
   <div class='ocr_carea' id='block_1_17' title="bbox 2156 1439 3726 1510">
    <p class='ocr_par' dir='ltr' id='par_1_17' title="bbox 2156 1439 3726 1510">
     <span class='ocr_line' id='line_1_17' title="bbox 2156 1439 3726 1510; baseline -0.001 -17"><span class='ocrx_word' id='word_1_148' title='bbox 2156 1440 2300 1510; x_wconf 83' lang='lat' dir='ltr'><strong>Iogo,</strong></span> <span class='ocrx_word' id='word_1_149' title='bbox 2329 1449 2383 1496; x_wconf 90' lang='lat' dir='ltr'><strong>et</strong></span> <span class='ocrx_word' id='word_1_150' title='bbox 2411 1441 2478 1494; x_wconf 91' lang='lat' dir='ltr'><strong>de</strong></span> <span class='ocrx_word' id='word_1_151' title='bbox 2503 1455 2695 1509; x_wconf 89' lang='lat' dir='ltr'><strong>opusc.</strong></span> <span class='ocrx_word' id='word_1_152' title='bbox 2724 1439 2802 1494; x_wconf 89' lang='lat' dir='ltr'><strong>De</strong></span> <span class='ocrx_word' id='word_1_153' title='bbox 2847 1441 3027 1494; x_wconf 87' lang='lat' dir='ltr'><strong>anima</strong></span> <span class='ocrx_word' id='word_1_154' title='bbox 3071 1441 3137 1494; x_wconf 90' lang='lat' dir='ltr'><strong>ad</strong></span> <span class='ocrx_word' id='word_1_155' title='bbox 3169 1439 3453 1494; x_wconf 88' lang='lat' dir='ltr'><strong>historiam</strong></span> <span class='ocrx_word' id='word_1_156' title='bbox 3488 1439 3726 1508; x_wconf 66' lang='lat' dir='ltr'><strong>antiquae</strong></span> 
     </span>
    </p>
   </div>
   <div class='ocr_carea' id='block_1_18' title="bbox 2155 1528 3722 1603">
    <p class='ocr_par' dir='ltr' id='par_1_18' title="bbox 2155 1528 3722 1603">
     <span class='ocr_line' id='line_1_18' title="bbox 2155 1528 3722 1603; baseline -0.003 -17"><span class='ocrx_word' id='word_1_157' title='bbox 2155 1533 2509 1602; x_wconf 51' lang='lat' dir='ltr'><strong>philosophia).</strong></span> <span class='ocrx_word' id='word_1_158' title='bbox 2566 1539 2619 1588; x_wconf 91' lang='lat' dir='ltr'><strong>et</strong></span> <span class='ocrx_word' id='word_1_159' title='bbox 2675 1539 2915 1588; x_wconf 86' lang='lat' dir='ltr'><strong>veterum</strong></span> <span class='ocrx_word' id='word_1_160' title='bbox 2950 1531 3328 1603; x_wconf 90' lang='lat' dir='ltr'><strong>philosophor.</strong></span> <span class='ocrx_word' id='word_1_161' title='bbox 3369 1544 3434 1584; x_wconf 89' lang='lat' dir='ltr'><strong>ac</strong></span> <span class='ocrx_word' id='word_1_162' title='bbox 3498 1528 3722 1582; x_wconf 86' lang='lat' dir='ltr'><strong>Patrum</strong></span> 
     </span>
    </p>
   </div>
   <div class='ocr_carea' id='block_1_19' title="bbox 2153 1621 3724 1695">
    <p class='ocr_par' dir='ltr' id='par_1_19' title="bbox 2153 1621 3724 1695">
     <span class='ocr_line' id='line_1_19' title="bbox 2153 1621 3724 1695; baseline -0.003 -17"><span class='ocrx_word' id='word_1_163' title='bbox 2153 1624 2220 1680; x_wconf 91' lang='lat' dir='ltr'><strong>de</strong></span> <span class='ocrx_word' id='word_1_164' title='bbox 2263 1625 2445 1678; x_wconf 89' lang='lat' dir='ltr'><strong>animo</strong></span> <span class='ocrx_word' id='word_1_165' title='bbox 2499 1625 2784 1695; x_wconf 89' lang='lat' dir='ltr'><strong>opiniones</strong></span> <span class='ocrx_word' id='word_1_166' title='bbox 2836 1624 3145 1680; x_wconf 90' lang='lat' dir='ltr'><strong>noscendas</strong></span> <span class='ocrx_word' id='word_1_167' title='bbox 3203 1622 3359 1677; x_wconf 86' lang='lat' dir='ltr'><strong>valde</strong></span> <span class='ocrx_word' id='word_1_168' title='bbox 3405 1621 3551 1682; x_wconf 92' lang='lat' dir='ltr'><strong>utili,</strong></span> <span class='ocrx_word' id='word_1_169' title='bbox 3601 1621 3724 1674; x_wconf 87' lang='lat' dir='ltr'><strong>vide</strong></span> 
     </span>
    </p>
   </div>
   <div class='ocr_carea' id='block_1_20' title="bbox 2155 1713 3720 1785">
    <p class='ocr_par' dir='ltr' id='par_1_20' title="bbox 2155 1713 3720 1785">
     <span class='ocr_line' id='line_1_20' title="bbox 2155 1713 3720 1785; baseline -0.003 -17"><span class='ocrx_word' id='word_1_170' title='bbox 2155 1715 2364 1771; x_wconf 90' lang='lat' dir='ltr'><strong>Semler</strong></span> <span class='ocrx_word' id='word_1_171' title='bbox 2397 1717 2434 1768; x_wconf 95' lang='lat' dir='ltr'><strong>I.</strong></span> <span class='ocrx_word' id='word_1_172' title='bbox 2475 1733 2524 1771; x_wconf 92' lang='lat' dir='ltr'><strong>c.</strong></span> <span class='ocrx_word' id='word_1_173' title='bbox 2567 1733 2620 1785; x_wconf 90' lang='lat' dir='ltr'><strong>p.</strong></span> <span class='ocrx_word' id='word_1_174' title='bbox 2654 1717 2760 1770; x_wconf 82' lang='grc'><strong>255</strong></span> <span class='ocrx_word' id='word_1_175' title='bbox 2795 1733 2916 1785; x_wconf 86' lang='lat' dir='ltr'><strong>sqq.</strong></span> <span class='ocrx_word' id='word_1_176' title='bbox 2941 1725 2995 1770; x_wconf 91' lang='lat' dir='ltr'><strong>et</strong></span> <span class='ocrx_word' id='word_1_177' title='bbox 3032 1714 3371 1768; x_wconf 83' lang='lat' dir='ltr'><strong>Schroeckh.</strong></span> <span class='ocrx_word' id='word_1_178' title='bbox 3409 1729 3462 1782; x_wconf 92' lang='lat' dir='ltr'><strong>p.</strong></span> <span class='ocrx_word' id='word_1_179' title='bbox 3500 1713 3570 1765; x_wconf 89' lang='lat'><strong>97</strong></span> <span class='ocrx_word' id='word_1_180' title='bbox 3599 1728 3720 1781; x_wconf 89' lang='lat' dir='ltr'><strong>sqq.</strong></span> 
     </span>
    </p>
   </div>
   <div class='ocr_carea' id='block_1_21' title="bbox 2152 1801 3720 1870">
    <p class='ocr_par' dir='ltr' id='par_1_21' title="bbox 2152 1801 3720 1870">
     <span class='ocr_line' id='line_1_21' title="bbox 2152 1801 3720 1870; baseline -0.002 -15"><span class='ocrx_word' id='word_1_181' title='bbox 2152 1814 2204 1855; x_wconf 91' lang='lat' dir='ltr'><strong>et</strong></span> <span class='ocrx_word' id='word_1_182' title='bbox 2243 1805 2345 1855; x_wconf 85' lang='grc'><strong>102</strong></span> <span class='ocrx_word' id='word_1_183' title='bbox 2388 1817 2504 1869; x_wconf 87' lang='lat' dir='ltr'><strong>seq.</strong></span> <span class='ocrx_word' id='word_1_184' title='bbox 2541 1831 2610 1839; x_wconf 94' lang='lat'><em>—</em></span> <span class='ocrx_word' id='word_1_185' title='bbox 2643 1803 2832 1855; x_wconf 80' lang='lat' dir='ltr'><strong>Exstat</strong></span> <span class='ocrx_word' id='word_1_186' title='bbox 2868 1819 2999 1855; x_wconf 86' lang='lat' dir='ltr'><strong>vero</strong></span> <span class='ocrx_word' id='word_1_187' title='bbox 3049 1803 3100 1855; x_wconf 91' lang='lat' dir='ltr'><strong>in</strong></span> <span class='ocrx_word' id='word_1_188' title='bbox 3153 1802 3403 1870; x_wconf 89' lang='lat' dir='ltr'><strong>pluribus</strong></span> <span class='ocrx_word' id='word_1_189' title='bbox 3445 1801 3606 1854; x_wconf 87' lang='lat' dir='ltr'><strong>codd.</strong></span> <span class='ocrx_word' id='word_1_190' title='bbox 3656 1816 3720 1853; x_wconf 80' lang='lat' dir='ltr'><strong>ex</strong></span> 
     </span>
    </p>
   </div>
   <div class='ocr_carea' id='block_1_22' title="bbox 2153 1889 3723 1959">
    <p class='ocr_par' dir='ltr' id='par_1_22' title="bbox 2153 1889 3723 1959">
     <span class='ocr_line' id='line_1_22' title="bbox 2153 1889 3723 1959; baseline -0.004 -13"><span class='ocrx_word' id='word_1_191' title='bbox 2153 1890 2245 1946; x_wconf 91' lang='lat' dir='ltr'><strong>Gr.</strong></span> <span class='ocrx_word' id='word_1_192' title='bbox 2283 1890 2548 1945; x_wconf 85' lang='lat' dir='ltr'><strong>Monachii</strong></span> <span class='ocrx_word' id='word_1_193' title='bbox 2585 1892 2636 1944; x_wconf 90' lang='lat' dir='ltr'><strong>in</strong></span> <span class='ocrx_word' id='word_1_194' title='bbox 2656 1891 2779 1945; x_wconf 89' lang='lat' dir='ltr'><strong>cod.</strong></span> <span class='ocrx_word' id='word_1_195' title='bbox 2807 1889 3002 1943; x_wconf 86' lang='lat' dir='ltr'><strong>XXXII</strong></span> <span class='ocrx_word' id='word_1_196' title='bbox 3040 1891 3231 1944; x_wconf 82' lang='lat' dir='ltr'><strong>Bavar.</strong></span> <span class='ocrx_word' id='word_1_197' title='bbox 3253 1892 3567 1959; x_wconf 81' lang='lat' dir='ltr'><strong>--August.</strong></span> <span class='ocrx_word' id='word_1_198' title='bbox 3593 1889 3723 1943; x_wconf 85' lang='lat' dir='ltr'><strong>Viu-</strong></span> 
     </span>
    </p>
   </div>
   <div class='ocr_carea' id='block_1_23' title="bbox 2153 1971 3723 2052">
    <p class='ocr_par' dir='ltr' id='par_1_23' title="bbox 2153 1971 3723 2052">
     <span class='ocr_line' id='line_1_23' title="bbox 2153 1971 3723 2052; baseline -0.004 -12"><span class='ocrx_word' id='word_1_199' title='bbox 2153 1985 2259 2040; x_wconf 85' lang='lat' dir='ltr'><strong>del.</strong></span> <span class='ocrx_word' id='word_1_200' title='bbox 2297 1985 2400 2049; x_wconf 89' lang='lat' dir='ltr'><strong>bis,</strong></span> <span class='ocrx_word' id='word_1_201' title='bbox 2429 1993 2566 2038; x_wconf 89' lang='lat' dir='ltr'><strong>teste</strong></span> <span class='ocrx_word' id='word_1_202' title='bbox 2600 1984 2822 2038; x_wconf 80' lang='lat' dir='ltr'><strong>Reisero</strong></span> <span class='ocrx_word' id='word_1_203' title='bbox 2851 1985 2904 2038; x_wconf 93' lang='lat' dir='ltr'><strong>in</strong></span> <span class='ocrx_word' id='word_1_204' title='bbox 2935 1971 3057 2039; x_wconf 65' lang='lat' dir='ltr'><strong>cit.</strong></span> <span class='ocrx_word' id='word_1_205' title='bbox 3090 1998 3144 2052; x_wconf 93' lang='lat' dir='ltr'><strong>p.</strong></span> <span class='ocrx_word' id='word_1_206' title='bbox 3179 1982 3250 2035; x_wconf 77' lang='lat'><strong>22</strong></span> <span class='ocrx_word' id='word_1_207' title='bbox 3281 1989 3336 2036; x_wconf 92' lang='lat' dir='ltr'><strong>et</strong></span> <span class='ocrx_word' id='word_1_208' title='bbox 3373 1983 3460 2035; x_wconf 65' lang='grc'><strong>51.</strong></span> <span class='ocrx_word' id='word_1_209' title='bbox 3497 2013 3567 2041; x_wconf 92' lang='lat'><strong>—_</strong></span> <span class='ocrx_word' id='word_1_210' title='bbox 3589 1981 3723 2035; x_wconf 78' lang='lat' dir='ltr'><strong>Vin-</strong></span> 
     </span>
    </p>
   </div>
   <div class='ocr_carea' id='block_1_24' title="bbox 2153 2071 3719 2139">
    <p class='ocr_par' dir='ltr' id='par_1_24' title="bbox 2153 2071 3719 2139">
     <span class='ocr_line' id='line_1_24' title="bbox 2153 2071 3719 2139; baseline -0.003 -9"><span class='ocrx_word' id='word_1_211' title='bbox 2153 2076 2278 2130; x_wconf 90' lang='lat' dir='ltr'><strong>dob.</strong></span> <span class='ocrx_word' id='word_1_212' title='bbox 2307 2075 2362 2129; x_wconf 91' lang='lat' dir='ltr'><strong>in</strong></span> <span class='ocrx_word' id='word_1_213' title='bbox 2397 2075 2519 2128; x_wconf 87' lang='lat' dir='ltr'><strong>cod.</strong></span> <span class='ocrx_word' id='word_1_214' title='bbox 2554 2075 2753 2129; x_wconf 64' lang='lat' dir='ltr'><strong>Caesar.</strong></span> <span class='ocrx_word' id='word_1_215' title='bbox 2782 2073 2972 2128; x_wconf 80' lang='lat' dir='ltr'><strong>XVIII.</strong></span> <span class='ocrx_word' id='word_1_216' title='bbox 2993 2089 3078 2126; x_wconf 91' lang='lat' dir='ltr'><strong>nr.</strong></span> <span class='ocrx_word' id='word_1_217' title='bbox 3107 2075 3157 2127; x_wconf 94' lang='lat' dir='ltr'><strong>I.</strong></span> <span class='ocrx_word' id='word_1_218' title='bbox 3183 2071 3248 2127; x_wconf 83' lang='lat' dir='ltr'><strong>V.</strong></span> <span class='ocrx_word' id='word_1_219' title='bbox 3283 2072 3485 2126; x_wconf 82' lang='lat' dir='ltr'><strong>Kollar.</strong></span> <span class='ocrx_word' id='word_1_220' title='bbox 3509 2073 3564 2125; x_wconf 91' lang='lat' dir='ltr'><strong>in</strong></span> <span class='ocrx_word' id='word_1_221' title='bbox 3588 2087 3719 2139; x_wconf 51' lang='lat' dir='ltr'><strong>sup.</strong></span> 
     </span>
    </p>
   </div>
   <div class='ocr_carea' id='block_1_25' title="bbox 2152 2163 3722 2239">
    <p class='ocr_par' dir='ltr' id='par_1_25' title="bbox 2152 2163 3722 2239">
     <span class='ocr_line' id='line_1_25' title="bbox 2152 2163 3722 2239; baseline -0.003 -17"><span class='ocrx_word' id='word_1_222' title='bbox 2152 2169 2316 2239; x_wconf 85' lang='lat' dir='ltr'><strong>piem.</strong></span> <span class='ocrx_word' id='word_1_223' title='bbox 2350 2169 2418 2222; x_wconf 85' lang='lat' dir='ltr'><strong>ad</strong></span> <span class='ocrx_word' id='word_1_224' title='bbox 2467 2168 2737 2221; x_wconf 90' lang='lat' dir='ltr'><strong>Lambecii</strong></span> <span class='ocrx_word' id='word_1_225' title='bbox 2783 2167 2993 2222; x_wconf 90' lang='lat' dir='ltr'><strong>Comm.</strong></span> <span class='ocrx_word' id='word_1_226' title='bbox 3035 2183 3088 2237; x_wconf 88' lang='lat' dir='ltr'><strong>p.</strong></span> <span class='ocrx_word' id='word_1_227' title='bbox 3147 2165 3269 2220; x_wconf 84' lang='lat' dir='ltr'><strong>I65.</strong></span> <span class='ocrx_word' id='word_1_228' title='bbox 3300 2196 3366 2204; x_wconf 96' lang='lat'><strong>—</strong></span> <span class='ocrx_word' id='word_1_229' title='bbox 3398 2163 3635 2219; x_wconf 80' lang='lat' dir='ltr'><strong>Venetiis</strong></span> <span class='ocrx_word' id='word_1_230' title='bbox 3666 2163 3722 2217; x_wconf 92' lang='lat' dir='ltr'><strong>in</strong></span> 
     </span>
    </p>
   </div>
   <div class='ocr_carea' id='block_1_26' title="bbox 2153 2255 3722 2332">
    <p class='ocr_par' dir='ltr' id='par_1_26' title="bbox 2153 2255 3722 2332">
     <span class='ocr_line' id='line_1_26' title="bbox 2153 2255 3722 2332; baseline -0.006 -16"><span class='ocrx_word' id='word_1_231' title='bbox 2153 2261 2286 2316; x_wconf 90' lang='lat' dir='ltr'><strong>bibl.</strong></span> <span class='ocrx_word' id='word_1_232' title='bbox 2315 2258 2480 2315; x_wconf 83' lang='lat' dir='ltr'><strong>Marc.</strong></span> <span class='ocrx_word' id='word_1_233' title='bbox 2508 2259 2662 2316; x_wconf 88' lang='lat' dir='ltr'><strong>DCIL</strong></span> <span class='ocrx_word' id='word_1_234' title='bbox 2708 2259 2938 2332; x_wconf 83' lang='lat' dir='ltr'><strong>Nysseni</strong></span> <span class='ocrx_word' id='word_1_235' title='bbox 2968 2258 3034 2312; x_wconf 91' lang='lat' dir='ltr'><strong>ad</strong></span> <span class='ocrx_word' id='word_1_236' title='bbox 3087 2257 3382 2312; x_wconf 85' lang='lat' dir='ltr'><strong>Macrinam</strong></span> <span class='ocrx_word' id='word_1_237' title='bbox 3420 2256 3494 2310; x_wconf 86' lang='lat' dir='ltr'><strong>De</strong></span> <span class='ocrx_word' id='word_1_238' title='bbox 3543 2255 3722 2309; x_wconf 88' lang='lat' dir='ltr'><strong>anima</strong></span> 
     </span>
    </p>
   </div>
   <div class='ocr_carea' id='block_1_27' title="bbox 2152 2347 3714 2417">
    <p class='ocr_par' dir='ltr' id='par_1_27' title="bbox 2152 2347 3714 2417">
     <span class='ocr_line' id='line_1_27' title="bbox 2152 2347 3714 2417; baseline -0.005 -11"><span class='ocrx_word' id='word_1_239' title='bbox 2152 2363 2201 2406; x_wconf 91' lang='lat' dir='ltr'><strong>et</strong></span> <span class='ocrx_word' id='word_1_240' title='bbox 2239 2353 2634 2417; x_wconf 81' lang='lat' dir='ltr'><strong>resurrectione,</strong></span> <span class='ocrx_word' id='word_1_241' title='bbox 2675 2361 2729 2406; x_wconf 88' lang='lat' dir='ltr'><strong>et</strong></span> <span class='ocrx_word' id='word_1_242' title='bbox 2771 2351 2843 2404; x_wconf 85' lang='lat' dir='ltr'><strong>De</strong></span> <span class='ocrx_word' id='word_1_243' title='bbox 2877 2353 3057 2404; x_wconf 87' lang='lat' dir='ltr'><strong>anima</strong></span> <span class='ocrx_word' id='word_1_244' title='bbox 3087 2365 3286 2404; x_wconf 91' lang='lat' dir='ltr'><strong>sermo.</strong></span> <span class='ocrx_word' id='word_1_245' title='bbox 3316 2377 3384 2388; x_wconf 88' lang='lat'><strong>—-</strong></span> <span class='ocrx_word' id='word_1_246' title='bbox 3411 2347 3637 2400; x_wconf 89' lang='lat' dir='ltr'><strong>Taurini</strong></span> <span class='ocrx_word' id='word_1_247' title='bbox 3662 2349 3714 2398; x_wconf 90' lang='lat' dir='ltr'><strong>in</strong></span> 
     </span>
    </p>
   </div>
   <div class='ocr_carea' id='block_1_28' title="bbox 2151 2435 3718 2514">
    <p class='ocr_par' dir='ltr' id='par_1_28' title="bbox 2151 2435 3718 2514">
     <span class='ocr_line' id='line_1_28' title="bbox 2151 2435 3718 2514; baseline -0.006 -15"><span class='ocrx_word' id='word_1_248' title='bbox 2151 2445 2289 2500; x_wconf 90' lang='lat' dir='ltr'><strong>bibl.</strong></span> <span class='ocrx_word' id='word_1_249' title='bbox 2323 2445 2455 2514; x_wconf 81' lang='lat' dir='ltr'><strong>Reg.</strong></span> <span class='ocrx_word' id='word_1_250' title='bbox 2509 2443 2669 2498; x_wconf 88' lang='lat' dir='ltr'><strong>codd.</strong></span> <span class='ocrx_word' id='word_1_251' title='bbox 2708 2441 2948 2507; x_wconf 81' lang='lat' dir='ltr'><strong>XXXIV,</strong></span> <span class='ocrx_word' id='word_1_252' title='bbox 3003 2437 3185 2505; x_wconf 84' lang='lat' dir='ltr'><strong>LXIX,</strong></span> <span class='ocrx_word' id='word_1_253' title='bbox 3238 2449 3292 2495; x_wconf 90' lang='lat' dir='ltr'><strong>et</strong></span> <span class='ocrx_word' id='word_1_254' title='bbox 3346 2435 3718 2495; x_wconf 77' lang='lat' dir='ltr'><strong>CCLXXXIX.</strong></span> 
     </span>
    </p>
   </div>
   <div class='ocr_carea' id='block_1_29' title="bbox 2155 2529 3722 2602">
    <p class='ocr_par' dir='ltr' id='par_1_29' title="bbox 2155 2529 3722 2602">
     <span class='ocr_line' id='line_1_29' title="bbox 2155 2529 3722 2602; baseline -0.004 -15"><span class='ocrx_word' id='word_1_255' title='bbox 2155 2533 2218 2587; x_wconf 83' lang='lat' dir='ltr'><strong>V.</strong></span> <span class='ocrx_word' id='word_1_256' title='bbox 2240 2535 2358 2587; x_wconf 82' lang='lat' dir='ltr'><strong>Cat.</strong></span> <span class='ocrx_word' id='word_1_257' title='bbox 2392 2533 2554 2587; x_wconf 92' lang='lat' dir='ltr'><strong>codd.</strong></span> <span class='ocrx_word' id='word_1_258' title='bbox 2574 2531 2742 2587; x_wconf 91' lang='lat' dir='ltr'><strong>Taur.</strong></span> <span class='ocrx_word' id='word_1_259' title='bbox 2774 2547 2894 2602; x_wconf 89' lang='lat' dir='ltr'><strong>pag.</strong></span> <span class='ocrx_word' id='word_1_260' title='bbox 2921 2531 3044 2598; x_wconf 63' lang='lat' dir='ltr'><strong>I40,</strong></span> <span class='ocrx_word' id='word_1_261' title='bbox 3066 2531 3166 2584; x_wconf 80' lang='lat' dir='ltr'><strong>I59</strong></span> <span class='ocrx_word' id='word_1_262' title='bbox 3185 2539 3238 2585; x_wconf 92' lang='lat' dir='ltr'><strong>et</strong></span> <span class='ocrx_word' id='word_1_263' title='bbox 3265 2529 3389 2585; x_wconf 88' lang='grc'><strong>586.</strong></span> <span class='ocrx_word' id='word_1_264' title='bbox 3413 2559 3460 2568; x_wconf 89' lang='lat'><strong>—</strong></span> <span class='ocrx_word' id='word_1_265' title='bbox 3500 2529 3722 2582; x_wconf 86' lang='lat' dir='ltr'><strong>Floren-</strong></span> 
     </span>
    </p>
   </div>
   <div class='ocr_carea' id='block_1_30' title="bbox 2153 2618 3720 2691">
    <p class='ocr_par' dir='ltr' id='par_1_30' title="bbox 2153 2618 3720 2691">
     <span class='ocr_line' id='line_1_30' title="bbox 2153 2618 3720 2691; baseline -0.004 -14"><span class='ocrx_word' id='word_1_266' title='bbox 2153 2624 2242 2678; x_wconf 71' lang='lat' dir='ltr'><strong>tia:</strong></span> <span class='ocrx_word' id='word_1_267' title='bbox 2274 2624 2325 2677; x_wconf 90' lang='lat' dir='ltr'><strong>in</strong></span> <span class='ocrx_word' id='word_1_268' title='bbox 2362 2624 2496 2688; x_wconf 86' lang='lat' dir='ltr'><strong>bibl.</strong></span> <span class='ocrx_word' id='word_1_269' title='bbox 2520 2622 2782 2678; x_wconf 87' lang='lat' dir='ltr'><strong>Laurent.</strong></span> <span class='ocrx_word' id='word_1_270' title='bbox 2816 2622 2942 2678; x_wconf 90' lang='lat' dir='ltr'><strong>cod.</strong></span> <span class='ocrx_word' id='word_1_271' title='bbox 2981 2621 3023 2687; x_wconf 93' lang='grc'><strong>1,</strong></span> <span class='ocrx_word' id='word_1_272' title='bbox 3058 2638 3143 2676; x_wconf 92' lang='lat' dir='ltr'><strong>nr.</strong></span> <span class='ocrx_word' id='word_1_273' title='bbox 3182 2622 3238 2687; x_wconf 87' lang='lat'><strong>2,</strong></span> <span class='ocrx_word' id='word_1_274' title='bbox 3300 2622 3435 2691; x_wconf 91' lang='lat' dir='ltr'><strong>plut.</strong></span> <span class='ocrx_word' id='word_1_275' title='bbox 3473 2620 3522 2673; x_wconf 90' lang='lat'><strong>7.</strong></span> <span class='ocrx_word' id='word_1_276' title='bbox 3563 2648 3634 2660; x_wconf 85' lang='lat'><strong>-—</strong></span> <span class='ocrx_word' id='word_1_277' title='bbox 3662 2618 3720 2671; x_wconf 90' lang='lat' dir='ltr'><strong>In</strong></span> 
     </span>
    </p>
   </div>
   <div class='ocr_carea' id='block_1_31' title="bbox 2152 2706 3720 2780">
    <p class='ocr_par' dir='ltr' id='par_1_31' title="bbox 2152 2706 3720 2780">
     <span class='ocr_line' id='line_1_31' title="bbox 2152 2706 3720 2780; baseline -0.006 -12"><span class='ocrx_word' id='word_1_278' title='bbox 2152 2713 2273 2768; x_wconf 91' lang='lat' dir='ltr'><strong>cod.</strong></span> <span class='ocrx_word' id='word_1_279' title='bbox 2301 2711 2518 2776; x_wconf 82' lang='lat' dir='ltr'><strong>XXXV,</strong></span> <span class='ocrx_word' id='word_1_280' title='bbox 2546 2727 2632 2766; x_wconf 91' lang='lat' dir='ltr'><strong>nr.</strong></span> <span class='ocrx_word' id='word_1_281' title='bbox 2663 2711 2734 2766; x_wconf 81' lang='grc'><strong>26</strong></span> <span class='ocrx_word' id='word_1_282' title='bbox 2763 2711 2944 2780; x_wconf 86' lang='lat' dir='ltr'><strong>ejusd.</strong></span> <span class='ocrx_word' id='word_1_283' title='bbox 2990 2712 3124 2780; x_wconf 89' lang='lat' dir='ltr'><strong>plut.</strong></span> <span class='ocrx_word' id='word_1_284' title='bbox 3159 2739 3228 2749; x_wconf 90' lang='lat'><strong>--</strong></span> <span class='ocrx_word' id='word_1_285' title='bbox 3253 2720 3306 2766; x_wconf 92' lang='lat' dir='ltr'><strong>et</strong></span> <span class='ocrx_word' id='word_1_286' title='bbox 3333 2710 3386 2764; x_wconf 90' lang='lat' dir='ltr'><strong>in</strong></span> <span class='ocrx_word' id='word_1_287' title='bbox 3413 2708 3536 2763; x_wconf 90' lang='lat' dir='ltr'><strong>cod.</strong></span> <span class='ocrx_word' id='word_1_288' title='bbox 3579 2706 3720 2772; x_wconf 88' lang='lat' dir='ltr'><strong>XIII,</strong></span> 
     </span>
    </p>
   </div>
   <div class='ocr_carea' id='block_1_32' title="bbox 2151 2797 3717 2874">
    <p class='ocr_par' dir='ltr' id='par_1_32' title="bbox 2151 2797 3717 2874">
     <span class='ocr_line' id='line_1_32' title="bbox 2151 2797 3717 2874; baseline -0.005 -16"><span class='ocrx_word' id='word_1_289' title='bbox 2151 2820 2236 2858; x_wconf 90' lang='lat' dir='ltr'><strong>nr.</strong></span> <span class='ocrx_word' id='word_1_290' title='bbox 2269 2805 2322 2867; x_wconf 88' lang='grc'><strong>5,</strong></span> <span class='ocrx_word' id='word_1_291' title='bbox 2356 2805 2490 2874; x_wconf 90' lang='lat' dir='ltr'><strong>plut.</strong></span> <span class='ocrx_word' id='word_1_292' title='bbox 2519 2803 2612 2858; x_wconf 89' lang='lat'><strong>86.</strong></span> <span class='ocrx_word' id='word_1_293' title='bbox 2639 2801 2762 2857; x_wconf 84' lang='lat' dir='ltr'><strong>Vid.</strong></span> <span class='ocrx_word' id='word_1_294' title='bbox 2791 2801 3020 2856; x_wconf 86' lang='lat' dir='ltr'><strong>Bandin.</strong></span> <span class='ocrx_word' id='word_1_295' title='bbox 3063 2811 3198 2861; x_wconf 91' lang='lat' dir='ltr'><strong>cat.,</strong></span> <span class='ocrx_word' id='word_1_296' title='bbox 3242 2810 3371 2862; x_wconf 83' lang='lat' dir='ltr'><strong>etc.,</strong></span> <span class='ocrx_word' id='word_1_297' title='bbox 3403 2798 3442 2862; x_wconf 90' lang='grc'><strong>1,</strong></span> <span class='ocrx_word' id='word_1_298' title='bbox 3473 2815 3506 2870; x_wconf 93' lang='lat' dir='ltr'><strong>p</strong></span> <span class='ocrx_word' id='word_1_299' title='bbox 3527 2840 3540 2853; x_wconf 93' lang='lat'><strong>.</strong></span> <span class='ocrx_word' id='word_1_300' title='bbox 3592 2797 3717 2861; x_wconf 82' lang='lat' dir='ltr'><strong>I65,</strong></span> 
     </span>
    </p>
   </div>
   <div class='ocr_carea' id='block_1_33' title="bbox 463 1071 2056 1149">
    <p class='ocr_par' dir='ltr' id='par_1_33' title="bbox 463 1071 2056 1149">
     <span class='ocr_line' id='line_1_33' title="bbox 463 1071 2056 1149; baseline -0.003 -14"><span class='ocrx_word' id='word_1_301' title='bbox 463 1081 660 1135; x_wconf 85' lang='lat' dir='ltr'><strong>Billius</strong></span> <span class='ocrx_word' id='word_1_302' title='bbox 687 1079 834 1149; x_wconf 83' lang='lat' dir='ltr'><strong>apud</strong></span> <span class='ocrx_word' id='word_1_303' title='bbox 857 1077 1245 1131; x_wconf 86' lang='lat' dir='ltr'><strong>Possevinum.</strong></span> <span class='ocrx_word' id='word_1_304' title='bbox 1274 1071 1444 1125; x_wconf 71' lang='lat' dir='ltr'><strong>FABB.</strong></span> <span class='ocrx_word' id='word_1_305' title='bbox 1477 1071 1706 1128; x_wconf 88' lang='lat' dir='ltr'><strong>Strenue</strong></span> <span class='ocrx_word' id='word_1_306' title='bbox 1731 1083 1785 1128; x_wconf 90' lang='lat' dir='ltr'><strong>et</strong></span> <span class='ocrx_word' id='word_1_307' title='bbox 1811 1076 2056 1131; x_wconf 88' lang='lat' dir='ltr'><strong>inconsi-</strong></span> 
     </span>
    </p>
   </div>
   <div class='ocr_carea' id='block_1_34' title="bbox 463 1166 2055 1237">
    <p class='ocr_par' dir='ltr' id='par_1_34' title="bbox 463 1166 2055 1237">
     <span class='ocr_line' id='line_1_34' title="bbox 463 1166 2055 1237; baseline -0.003 -12"><span class='ocrx_word' id='word_1_308' title='bbox 463 1174 726 1228; x_wconf 89' lang='lat' dir='ltr'><strong>deranter</strong></span> <span class='ocrx_word' id='word_1_309' title='bbox 755 1167 1130 1231; x_wconf 85' lang='lat' dir='ltr'><strong>commendat,</strong></span> <span class='ocrx_word' id='word_1_310' title='bbox 1164 1167 1429 1234; x_wconf 90' lang='lat' dir='ltr'><strong>abreptus</strong></span> <span class='ocrx_word' id='word_1_311' title='bbox 1457 1166 1856 1220; x_wconf 87' lang='lat' dir='ltr'><strong>consuetudine</strong></span> <span class='ocrx_word' id='word_1_312' title='bbox 1881 1175 1936 1221; x_wconf 89' lang='lat' dir='ltr'><strong>et</strong></span> <span class='ocrx_word' id='word_1_313' title='bbox 1964 1167 2055 1237; x_wconf 83' lang='lat' dir='ltr'><strong>ju-</strong></span> 
     </span>
    </p>
   </div>
   <div class='ocr_carea' id='block_1_35' title="bbox 464 1257 2055 1328">
    <p class='ocr_par' dir='ltr' id='par_1_35' title="bbox 464 1257 2055 1328">
     <span class='ocr_line' id='line_1_35' title="bbox 464 1257 2055 1328; baseline -0.005 -9"><span class='ocrx_word' id='word_1_314' title='bbox 464 1265 616 1319; x_wconf 89' lang='lat' dir='ltr'><strong>dicio</strong></span> <span class='ocrx_word' id='word_1_315' title='bbox 665 1265 919 1326; x_wconf 90' lang='lat' dir='ltr'><strong>aliorum,</strong></span> <span class='ocrx_word' id='word_1_316' title='bbox 965 1267 1178 1314; x_wconf 88' lang='lat' dir='ltr'><strong>mutata</strong></span> <span class='ocrx_word' id='word_1_317' title='bbox 1211 1257 1440 1328; x_wconf 88' lang='lat' dir='ltr'><strong>pristina</strong></span> <span class='ocrx_word' id='word_1_318' title='bbox 1487 1259 1780 1326; x_wconf 87' lang='lat' dir='ltr'><strong>sententia,</strong></span> <span class='ocrx_word' id='word_1_319' title='bbox 1828 1261 2055 1314; x_wconf 64' lang='lat' dir='ltr'><strong>caeliba-</strong></span> 
     </span>
    </p>
   </div>
   <div class='ocr_carea' id='block_1_36' title="bbox 468 1348 2056 1422">
    <p class='ocr_par' dir='ltr' id='par_1_36' title="bbox 468 1348 2056 1422">
     <span class='ocr_line' id='line_1_36' title="bbox 468 1348 2056 1422; baseline -0.003 -12"><span class='ocrx_word' id='word_1_320' title='bbox 468 1366 607 1411; x_wconf 87' lang='lat' dir='ltr'><strong>tum.</strong></span> <span class='ocrx_word' id='word_1_321' title='bbox 640 1354 702 1412; x_wconf 83' lang='lat' dir='ltr'><strong>V.</strong></span> <span class='ocrx_word' id='word_1_322' title='bbox 735 1352 1055 1410; x_wconf 81' lang='lat' dir='ltr'><strong>Schrceckb.</strong></span> <span class='ocrx_word' id='word_1_323' title='bbox 1102 1351 1247 1404; x_wconf 84' lang='lat' dir='ltr'><strong>Hist.</strong></span> <span class='ocrx_word' id='word_1_324' title='bbox 1295 1348 1496 1402; x_wconf 84' lang='lat' dir='ltr'><strong>Eccles.</strong></span> <span class='ocrx_word' id='word_1_325' title='bbox 1538 1359 1678 1418; x_wconf 90' lang='lat' dir='ltr'><strong>part.</strong></span> <span class='ocrx_word' id='word_1_326' title='bbox 1708 1366 1826 1415; x_wconf 88' lang='lat' dir='ltr'><strong>vm,</strong></span> <span class='ocrx_word' id='word_1_327' title='bbox 1871 1367 1924 1422; x_wconf 71' lang='grc' dir='ltr'><strong>ρ.</strong></span> <span class='ocrx_word' id='word_1_328' title='bbox 1947 1352 2056 1406; x_wconf 88' lang='grc'><strong>252</strong></span> 
     </span>
    </p>
   </div>
   <div class='ocr_carea' id='block_1_37' title="bbox 477 1441 2053 1518">
    <p class='ocr_par' dir='ltr' id='par_1_37' title="bbox 477 1441 2053 1518">
     <span class='ocr_line' id='line_1_37' title="bbox 477 1441 2053 1518; baseline -0.004 -13"><span class='ocrx_word' id='word_1_329' title='bbox 477 1464 598 1518; x_wconf 85' lang='lat' dir='ltr'><strong>sqq.</strong></span> <span class='ocrx_word' id='word_1_330' title='bbox 621 1456 759 1518; x_wconf 86' lang='lat' dir='ltr'><strong>part.</strong></span> <span class='ocrx_word' id='word_1_331' title='bbox 788 1463 904 1511; x_wconf 70' lang='lat' dir='ltr'><strong>xxv,</strong></span> <span class='ocrx_word' id='word_1_332' title='bbox 933 1462 990 1515; x_wconf 91' lang='lat' dir='ltr'><strong>p.</strong></span> <span class='ocrx_word' id='word_1_333' title='bbox 1022 1444 1054 1498; x_wconf 88' lang='lat'><strong>6</strong></span> <span class='ocrx_word' id='word_1_334' title='bbox 1085 1451 1138 1498; x_wconf 90' lang='lat' dir='ltr'><strong>et</strong></span> <span class='ocrx_word' id='word_1_335' title='bbox 1176 1442 1269 1496; x_wconf 88' lang='grc'><strong>151</strong></span> <span class='ocrx_word' id='word_1_336' title='bbox 1323 1457 1406 1511; x_wconf 91' lang='lat' dir='ltr'><strong>sq.</strong></span> <span class='ocrx_word' id='word_1_337' title='bbox 1455 1441 1507 1495; x_wconf 90' lang='lat' dir='ltr'><strong>Id</strong></span> <span class='ocrx_word' id='word_1_338' title='bbox 1535 1443 1857 1510; x_wconf 83' lang='lat' dir='ltr'><strong>opusculum</strong></span> <span class='ocrx_word' id='word_1_339' title='bbox 1898 1445 2053 1513; x_wconf 75' lang='lat' dir='ltr'><strong>abiu-</strong></span> 
     </span>
    </p>
   </div>
   <div class='ocr_carea' id='block_1_38' title="bbox 472 1531 2053 1609">
    <p class='ocr_par' dir='ltr' id='par_1_38' title="bbox 472 1531 2053 1609">
     <span class='ocr_line' id='line_1_38' title="bbox 472 1531 2053 1609; baseline -0.003 -16"><span class='ocrx_word' id='word_1_340' title='bbox 472 1539 674 1593; x_wconf 85' lang='lat' dir='ltr'><strong>dicavit</strong></span> <span class='ocrx_word' id='word_1_341' title='bbox 714 1538 969 1609; x_wconf 82' lang='lat' dir='ltr'><strong>Nysseno</strong></span> <span class='ocrx_word' id='word_1_342' title='bbox 996 1535 1313 1598; x_wconf 88' lang='lat' dir='ltr'><strong>Scultetus;</strong></span> <span class='ocrx_word' id='word_1_343' title='bbox 1357 1531 1452 1586; x_wconf 90' lang='lat' dir='ltr'><strong>sed</strong></span> <span class='ocrx_word' id='word_1_344' title='bbox 1483 1533 1818 1586; x_wconf 88' lang='lat' dir='ltr'><strong>contrarium</strong></span> <span class='ocrx_word' id='word_1_345' title='bbox 1855 1535 2053 1589; x_wconf 87' lang='lat' dir='ltr'><strong>docent</strong></span> 
     </span>
    </p>
   </div>
   <div class='ocr_carea' id='block_1_39' title="bbox 467 1624 2048 1693">
    <p class='ocr_par' dir='ltr' id='par_1_39' title="bbox 467 1624 2048 1693">
     <span class='ocr_line' id='line_1_39' title="bbox 467 1624 2048 1693; baseline -0.002 -9"><span class='ocrx_word' id='word_1_346' title='bbox 467 1629 549 1686; x_wconf 89' lang='lat' dir='ltr'><strong>Du</strong></span> <span class='ocrx_word' id='word_1_347' title='bbox 578 1629 680 1684; x_wconf 83' lang='lat' dir='ltr'><strong>Pin</strong></span> <span class='ocrx_word' id='word_1_348' title='bbox 726 1639 782 1684; x_wconf 92' lang='lat' dir='ltr'><strong>et</strong></span> <span class='ocrx_word' id='word_1_349' title='bbox 805 1628 1074 1684; x_wconf 90' lang='lat' dir='ltr'><strong>Oudinus.</strong></span> <span class='ocrx_word' id='word_1_350' title='bbox 1102 1626 1312 1679; x_wconf 82' lang='lat' dir='ltr'><strong>Auctor</strong></span> <span class='ocrx_word' id='word_1_351' title='bbox 1341 1639 1494 1679; x_wconf 66' lang='lat' dir='ltr'><strong>novae</strong></span> <span class='ocrx_word' id='word_1_352' title='bbox 1519 1624 1652 1678; x_wconf 89' lang='lat' dir='ltr'><strong>edit.</strong></span> <span class='ocrx_word' id='word_1_353' title='bbox 1680 1625 1732 1678; x_wconf 90' lang='lat' dir='ltr'><strong>in</strong></span> <span class='ocrx_word' id='word_1_354' title='bbox 1759 1625 1908 1693; x_wconf 64' lang='lat' dir='ltr'><strong>praef.</strong></span> <span class='ocrx_word' id='word_1_355' title='bbox 1935 1643 2048 1682; x_wconf 89' lang='lat' dir='ltr'><strong>rem</strong></span> 
     </span>
    </p>
   </div>
   <div class='ocr_carea' id='block_1_40' title="bbox 468 1717 2052 1791">
    <p class='ocr_par' dir='ltr' id='par_1_40' title="bbox 468 1717 2052 1791">
     <span class='ocr_line' id='line_1_40' title="bbox 468 1717 2052 1791; baseline -0.002 -14"><span class='ocrx_word' id='word_1_356' title='bbox 468 1724 536 1776; x_wconf 82' lang='lat' dir='ltr'><strong>in</strong></span> <span class='ocrx_word' id='word_1_357' title='bbox 562 1723 734 1777; x_wconf 81' lang='lat' dir='ltr'><strong>dubio</strong></span> <span class='ocrx_word' id='word_1_358' title='bbox 764 1723 1011 1791; x_wconf 86' lang='lat' dir='ltr'><strong>reliquit,</strong></span> <span class='ocrx_word' id='word_1_359' title='bbox 1045 1735 1141 1774; x_wconf 91' lang='lat' dir='ltr'><strong>nec</strong></span> <span class='ocrx_word' id='word_1_360' title='bbox 1176 1717 1388 1782; x_wconf 80' lang='lat' dir='ltr'><strong>Riveto,</strong></span> <span class='ocrx_word' id='word_1_361' title='bbox 1425 1732 1478 1787; x_wconf 94' lang='lat' dir='ltr'><strong>p.</strong></span> <span class='ocrx_word' id='word_1_362' title='bbox 1508 1717 1611 1770; x_wconf 77' lang='grc'><strong>547</strong></span> <span class='ocrx_word' id='word_1_363' title='bbox 1636 1733 1718 1786; x_wconf 88' lang='lat' dir='ltr'><strong>sq.</strong></span> <span class='ocrx_word' id='word_1_364' title='bbox 1747 1718 1815 1772; x_wconf 89' lang='lat' dir='ltr'><strong>de</strong></span> <span class='ocrx_word' id='word_1_365' title='bbox 1838 1733 1894 1772; x_wconf 88' lang='lat' dir='ltr'><strong>re</strong></span> <span class='ocrx_word' id='word_1_366' title='bbox 1918 1720 2052 1774; x_wconf 88' lang='lat' dir='ltr'><strong>levis</strong></span> 
     </span>
    </p>
   </div>
   <div class='ocr_carea' id='block_1_41' title="bbox 485 1806 2051 1872">
    <p class='ocr_par' dir='ltr' id='par_1_41' title="bbox 485 1806 2051 1872">
     <span class='ocr_line' id='line_1_41' title="bbox 485 1806 2051 1872; baseline -0.005 -7"><span class='ocrx_word' id='word_1_367' title='bbox 485 1811 766 1865; x_wconf 76' lang='lat' dir='ltr'><strong>momenti</strong></span> <span class='ocrx_word' id='word_1_368' title='bbox 786 1811 955 1860; x_wconf 64' lang='lat' dir='ltr'><strong>\‘tbu‘xx</strong></span> <span class='ocrx_word' id='word_1_369' title='bbox 970 1809 1238 1856; x_wconf 55' lang='lat' dir='ltr'><strong>&#39;&amp;\\ut‘.1t&#39;t.</strong></span> <span class='ocrx_word' id='word_1_370' title='bbox 1295 1806 1424 1854; x_wconf 68' lang='lat' dir='ltr'><strong>-Est</strong></span> <span class='ocrx_word' id='word_1_371' title='bbox 1453 1821 1645 1868; x_wconf 82' lang='lat' dir='ltr'><strong>opusc.</strong></span> <span class='ocrx_word' id='word_1_372' title='bbox 1673 1807 1725 1854; x_wconf 82' lang='lat' dir='ltr'><strong>In</strong></span> <span class='ocrx_word' id='word_1_373' title='bbox 1751 1807 1872 1855; x_wconf 90' lang='lat' dir='ltr'><strong>cod.</strong></span> <span class='ocrx_word' id='word_1_374' title='bbox 1901 1810 2051 1872; x_wconf 87' lang='lat' dir='ltr'><strong>regio</strong></span> 
     </span>
    </p>
   </div>
   <div class='ocr_carea' id='block_1_42' title="bbox 477 1886 2055 1958">
    <p class='ocr_par' dir='ltr' id='par_1_42' title="bbox 477 1886 2055 1958">
     <span class='ocr_line' id='line_1_42' title="bbox 477 1886 2055 1958; baseline -0.001 -11"><span class='ocrx_word' id='word_1_375' title='bbox 477 1892 701 1947; x_wconf 72' lang='lat' dir='ltr'><strong>Matrit.</strong></span> <span class='ocrx_word' id='word_1_376' title='bbox 746 1888 1062 1951; x_wconf 68' lang='lat' dir='ltr'><strong>LXXXVII,</strong></span> <span class='ocrx_word' id='word_1_377' title='bbox 1105 1901 1197 1940; x_wconf 87' lang='lat' dir='ltr'><strong>una</strong></span> <span class='ocrx_word' id='word_1_378' title='bbox 1239 1902 1362 1940; x_wconf 89' lang='lat' dir='ltr'><strong>cum</strong></span> <span class='ocrx_word' id='word_1_379' title='bbox 1404 1886 1634 1958; x_wconf 87' lang='lat' dir='ltr'><strong>Nysseni</strong></span> <span class='ocrx_word' id='word_1_380' title='bbox 1693 1891 2055 1958; x_wconf 78' lang='lat' dir='ltr'><strong>explicatione</strong></span> 
     </span>
    </p>
   </div>
   <div class='ocr_carea' id='block_1_43' title="bbox 492 1978 2051 2051">
    <p class='ocr_par' dir='ltr' id='par_1_43' title="bbox 492 1978 2051 2051">
     <span class='ocr_line' id='line_1_43' title="bbox 492 1978 2051 2051; baseline 0 -15"><span class='ocrx_word' id='word_1_381' title='bbox 492 1982 725 2051; x_wconf 76' lang='lat' dir='ltr'><strong>apolog.</strong></span> <span class='ocrx_word' id='word_1_382' title='bbox 746 1982 800 2033; x_wconf 85' lang='lat' dir='ltr'><strong>in</strong></span> <span class='ocrx_word' id='word_1_383' title='bbox 830 1979 1184 2044; x_wconf 64' lang='lat' dir='ltr'><strong>Hexaemeron,</strong></span> <span class='ocrx_word' id='word_1_384' title='bbox 1212 1989 1264 2032; x_wconf 87' lang='lat' dir='ltr'><strong>et</strong></span> <span class='ocrx_word' id='word_1_385' title='bbox 1297 1978 1371 2032; x_wconf 85' lang='lat' dir='ltr'><strong>De</strong></span> <span class='ocrx_word' id='word_1_386' title='bbox 1399 1981 1608 2048; x_wconf 84' lang='lat' dir='ltr'><strong>api/icio</strong></span> <span class='ocrx_word' id='word_1_387' title='bbox 1631 1980 1844 2036; x_wconf 84' lang='lat' dir='ltr'><strong>hom.V.</strong></span> <span class='ocrx_word' id='word_1_388' title='bbox 1873 1981 2051 2037; x_wconf 90' lang='lat' dir='ltr'><strong>Iriart.</strong></span> 
     </span>
    </p>
   </div>
   <div class='ocr_carea' id='block_1_44' title="bbox 494 2067 2052 2136">
    <p class='ocr_par' dir='ltr' id='par_1_44' title="bbox 494 2067 2052 2136">
     <span class='ocr_line' id='line_1_44' title="bbox 494 2067 2052 2136; baseline 0.001 -10"><span class='ocrx_word' id='word_1_389' title='bbox 494 2079 608 2126; x_wconf 84' lang='lat' dir='ltr'><strong>cat.</strong></span> <span class='ocrx_word' id='word_1_390' title='bbox 640 2071 803 2126; x_wconf 91' lang='lat' dir='ltr'><strong>codd.</strong></span> <span class='ocrx_word' id='word_1_391' title='bbox 859 2068 1046 2124; x_wconf 84' lang='lat' dir='ltr'><strong>Matrit.</strong></span> <span class='ocrx_word' id='word_1_392' title='bbox 1094 2083 1144 2136; x_wconf 87' lang='lat' dir='ltr'><strong>p.</strong></span> <span class='ocrx_word' id='word_1_393' title='bbox 1193 2067 1412 2122; x_wconf 87' lang='grc'><strong>556.-</strong></span> <span class='ocrx_word' id='word_1_394' title='bbox 1440 2067 1505 2122; x_wconf 92' lang='lat' dir='ltr'><strong>It.</strong></span> <span class='ocrx_word' id='word_1_395' title='bbox 1549 2070 1603 2124; x_wconf 91' lang='lat' dir='ltr'><strong>in</strong></span> <span class='ocrx_word' id='word_1_396' title='bbox 1652 2071 1774 2125; x_wconf 91' lang='lat' dir='ltr'><strong>cod.</strong></span> <span class='ocrx_word' id='word_1_397' title='bbox 1820 2070 2052 2128; x_wconf 70' lang='lat' dir='ltr'><strong>LXXIV,</strong></span> 
     </span>
    </p>
   </div>
   <div class='ocr_carea' id='block_1_45' title="bbox 482 2159 2056 2230">
    <p class='ocr_par' dir='ltr' id='par_1_45' title="bbox 482 2159 2056 2230">
     <span class='ocr_line' id='line_1_45' title="bbox 482 2159 2056 2230; baseline 0.001 -14"><span class='ocrx_word' id='word_1_398' title='bbox 482 2178 596 2216; x_wconf 79' lang='lat' dir='ltr'><strong>una</strong></span> <span class='ocrx_word' id='word_1_399' title='bbox 626 2177 752 2214; x_wconf 86' lang='lat' dir='ltr'><strong>cum</strong></span> <span class='ocrx_word' id='word_1_400' title='bbox 781 2161 933 2230; x_wconf 71' lang='lat' dir='ltr'><strong>Nyss.</strong></span> <span class='ocrx_word' id='word_1_401' title='bbox 958 2159 1193 2228; x_wconf 90' lang='lat' dir='ltr'><strong>apologia</strong></span> <span class='ocrx_word' id='word_1_402' title='bbox 1221 2160 1274 2212; x_wconf 87' lang='lat' dir='ltr'><strong>in</strong></span> <span class='ocrx_word' id='word_1_403' title='bbox 1311 2159 1693 2226; x_wconf 71' lang='lat' dir='ltr'><strong>Hexaemeron,</strong></span> <span class='ocrx_word' id='word_1_404' title='bbox 1723 2169 1776 2216; x_wconf 91' lang='lat' dir='ltr'><strong>et</strong></span> <span class='ocrx_word' id='word_1_405' title='bbox 1806 2178 2056 2218; x_wconf 88' lang='lat' dir='ltr'><strong>sermone</strong></span> 
     </span>
    </p>
   </div>
   <div class='ocr_carea' id='block_1_46' title="bbox 467 2249 2053 2323">
    <p class='ocr_par' dir='ltr' id='par_1_46' title="bbox 467 2249 2053 2323">
     <span class='ocr_line' id='line_1_46' title="bbox 467 2249 2053 2323; baseline 0.001 -17"><span class='ocrx_word' id='word_1_406' title='bbox 467 2250 538 2306; x_wconf 86' lang='lat' dir='ltr'><strong>In</strong></span> <span class='ocrx_word' id='word_1_407' title='bbox 579 2252 922 2304; x_wconf 73' lang='lat' dir='ltr'><strong>dormientes.</strong></span> <span class='ocrx_word' id='word_1_408' title='bbox 973 2249 1036 2305; x_wconf 74' lang='grc' dir='ltr'><strong>ν.</strong></span> <span class='ocrx_word' id='word_1_409' title='bbox 1063 2251 1240 2308; x_wconf 89' lang='lat' dir='ltr'><strong>lriart.</strong></span> <span class='ocrx_word' id='word_1_410' title='bbox 1267 2267 1391 2323; x_wconf 88' lang='lat' dir='ltr'><strong>pag.</strong></span> <span class='ocrx_word' id='word_1_411' title='bbox 1417 2251 1514 2307; x_wconf 87' lang='grc'><strong>501</strong></span> <span class='ocrx_word' id='word_1_412' title='bbox 1544 2269 1626 2322; x_wconf 90' lang='lat' dir='ltr'><strong>sq.</strong></span> <span class='ocrx_word' id='word_1_413' title='bbox 1661 2254 1716 2306; x_wconf 87' lang='lat' dir='ltr'><strong>in</strong></span> <span class='ocrx_word' id='word_1_414' title='bbox 1755 2254 1877 2308; x_wconf 90' lang='lat' dir='ltr'><strong>cod.</strong></span> <span class='ocrx_word' id='word_1_415' title='bbox 1905 2251 2053 2308; x_wconf 78' lang='lat' dir='ltr'><strong>Tau-</strong></span> 
     </span>
    </p>
   </div>
   <div class='ocr_carea' id='block_1_47' title="bbox 462 2342 2054 2415">
    <p class='ocr_par' dir='ltr' id='par_1_47' title="bbox 462 2342 2054 2415">
     <span class='ocr_line' id='line_1_47' title="bbox 462 2342 2054 2415; baseline 0 -15"><span class='ocrx_word' id='word_1_416' title='bbox 462 2347 572 2401; x_wconf 87' lang='lat' dir='ltr'><strong>riu.</strong></span> <span class='ocrx_word' id='word_1_417' title='bbox 629 2343 824 2398; x_wconf 79' lang='lat' dir='ltr'><strong>LXXI.</strong></span> <span class='ocrx_word' id='word_1_418' title='bbox 865 2342 931 2398; x_wconf 76' lang='grc' dir='ltr'><strong>ν.</strong></span> <span class='ocrx_word' id='word_1_419' title='bbox 973 2352 1082 2398; x_wconf 90' lang='lat' dir='ltr'><strong>cat.</strong></span> <span class='ocrx_word' id='word_1_420' title='bbox 1130 2343 1292 2399; x_wconf 92' lang='lat' dir='ltr'><strong>codd.</strong></span> <span class='ocrx_word' id='word_1_421' title='bbox 1332 2345 1499 2398; x_wconf 91' lang='lat' dir='ltr'><strong>Taur.</strong></span> <span class='ocrx_word' id='word_1_422' title='bbox 1533 2342 1626 2399; x_wconf 90' lang='lat' dir='ltr'><strong>Gr.</strong></span> <span class='ocrx_word' id='word_1_423' title='bbox 1669 2361 1721 2415; x_wconf 92' lang='lat' dir='ltr'><strong>p.</strong></span> <span class='ocrx_word' id='word_1_424' title='bbox 1755 2344 1880 2410; x_wconf 87' lang='lat' dir='ltr'><strong>I68,</strong></span> <span class='ocrx_word' id='word_1_425' title='bbox 1915 2353 1968 2401; x_wconf 91' lang='lat' dir='ltr'><strong>et</strong></span> <span class='ocrx_word' id='word_1_426' title='bbox 1997 2346 2054 2400; x_wconf 88' lang='lat' dir='ltr'><strong>in</strong></span> 
     </span>
    </p>
   </div>
   <div class='ocr_carea' id='block_1_48' title="bbox 2081 1778 2123 1826">
    <p class='ocr_par' dir='ltr' id='par_1_48' title="bbox 2081 1778 2123 1826">
     <span class='ocr_line' id='line_1_48' title="bbox 2081 1778 2123 1826; baseline 0 0"><span class='ocrx_word' id='word_1_427' title='bbox 2081 1778 2123 1826; x_wconf 80' lang='grc' dir='ltr'><strong><em>Β</em></strong></span> 
     </span>
    </p>
   </div>
   <div class='ocr_carea' id='block_1_49' title="bbox 539 2529 2049 2601">
    <p class='ocr_par' dir='ltr' id='par_1_49' title="bbox 539 2529 2049 2601">
     <span class='ocr_line' id='line_1_49' title="bbox 539 2529 2049 2601; baseline 0 -16"><span class='ocrx_word' id='word_1_428' title='bbox 539 2531 636 2585; x_wconf 76' lang='grc'><strong>55.</strong></span> <span class='ocrx_word' id='word_1_429' title='bbox 665 2529 857 2584; x_wconf 85' lang='lat' dir='ltr'><strong>Decem</strong></span> <span class='ocrx_word' id='word_1_430' title='bbox 887 2530 1188 2599; x_wconf 83' lang='lat' dir='ltr'><strong>syllogismi</strong></span> <span class='ocrx_word' id='word_1_431' title='bbox 1215 2529 1468 2584; x_wconf 83' lang='lat' dir='ltr'><strong>adversus</strong></span> <span class='ocrx_word' id='word_1_432' title='bbox 1501 2529 1822 2584; x_wconf 64' lang='lat' dir='ltr'><strong>Manichaee:</strong></span> <span class='ocrx_word' id='word_1_433' title='bbox 1855 2531 1955 2601; x_wconf 92' lang='lat' dir='ltr'><strong>(a),</strong></span> <span class='ocrx_word' id='word_1_434' title='bbox 1996 2546 2049 2601; x_wconf 87' lang='lat' dir='ltr'><strong>p.</strong></span> 
     </span>
    </p>
   </div>
   <div class='ocr_carea' id='block_1_50' title="bbox 478 2613 2050 2689">
    <p class='ocr_par' dir='ltr' id='par_1_50' title="bbox 478 2613 2050 2689">
     <span class='ocr_line' id='line_1_50' title="bbox 478 2613 2050 2689; baseline 0.001 -17"><span class='ocrx_word' id='word_1_435' title='bbox 478 2613 606 2684; x_wconf 83' lang='grc'><strong>612,</strong></span> <span class='ocrx_word' id='word_1_436' title='bbox 645 2633 764 2674; x_wconf 90' lang='lat' dir='ltr'><strong>cum</strong></span> <span class='ocrx_word' id='word_1_437' title='bbox 789 2619 1066 2673; x_wconf 74' lang='lat' dir='ltr'><strong>versione</strong></span> <span class='ocrx_word' id='word_1_438' title='bbox 1110 2617 1405 2674; x_wconf 85' lang='lat' dir='ltr'><strong>Frontonis</strong></span> <span class='ocrx_word' id='word_1_439' title='bbox 1448 2617 1653 2684; x_wconf 76' lang='lat' dir='ltr'><strong>Ducaei,</strong></span> <span class='ocrx_word' id='word_1_440' title='bbox 1695 2621 1857 2689; x_wconf 87' lang='lat' dir='ltr'><strong>cujus</strong></span> <span class='ocrx_word' id='word_1_441' title='bbox 1887 2621 2050 2676; x_wconf 89' lang='lat' dir='ltr'><strong>etiam</strong></span> 
     </span>
    </p>
   </div>
   <div class='ocr_carea' id='block_1_51' title="bbox 471 2710 2054 2781">
    <p class='ocr_par' dir='ltr' id='par_1_51' title="bbox 471 2710 2054 2781">
     <span class='ocr_line' id='line_1_51' title="bbox 471 2710 2054 2781; baseline 0.001 -16"><span class='ocrx_word' id='word_1_442' title='bbox 471 2720 623 2766; x_wconf 76' lang='lat' dir='ltr'><strong>nota:</strong></span> <span class='ocrx_word' id='word_1_443' title='bbox 644 2711 885 2765; x_wconf 63' lang='lat' dir='ltr'><strong>videndae</strong></span> <span class='ocrx_word' id='word_1_444' title='bbox 927 2727 983 2780; x_wconf 92' lang='lat' dir='ltr'><strong>p.</strong></span> <span class='ocrx_word' id='word_1_445' title='bbox 1025 2710 1114 2764; x_wconf 89' lang='lat' dir='ltr'><strong>I7.</strong></span> <span class='ocrx_word' id='word_1_446' title='bbox 1146 2711 1341 2781; x_wconf 90' lang='lat' dir='ltr'><strong>Incipit</strong></span> <span class='ocrx_word' id='word_1_447' title='bbox 1366 2725 1391 2765; x_wconf 84' lang='lat'><strong>:&#39;</strong></span> <span class='ocrx_word' id='word_1_448' title='bbox 1415 2712 1482 2764; x_wconf 81' lang='grc' dir='ltr'>Εἴ</span> <span class='ocrx_word' id='word_1_449' title='bbox 1513 2729 1566 2765; x_wconf 82' lang='grc' dir='ltr'><strong>τι</strong></span> <span class='ocrx_word' id='word_1_450' title='bbox 1597 2711 1662 2767; x_wconf 82' lang='grc' dir='ltr'><strong>ἂν</strong></span> <span class='ocrx_word' id='word_1_451' title='bbox 1706 2714 1872 2767; x_wconf 86' lang='grc' dir='ltr'><strong>κακὸν</strong></span> <span class='ocrx_word' id='word_1_452' title='bbox 1897 2714 2054 2768; x_wconf 86' lang='grc' dir='ltr'><strong>κολα-</strong></span> 
     </span>
    </p>
   </div>
   <div class='ocr_carea' id='block_1_52' title="bbox 475 2801 2051 2875">
    <p class='ocr_par' dir='ltr' id='par_1_52' title="bbox 475 2801 2051 2875">
     <span class='ocr_line' id='line_1_52' title="bbox 475 2801 2051 2875; baseline 0.004 -20"><span class='ocrx_word' id='word_1_453' title='bbox 475 2801 648 2856; x_wconf 82' lang='grc' dir='ltr'><strong>στέον,</strong></span> <span class='ocrx_word' id='word_1_454' title='bbox 687 2802 850 2856; x_wconf 74' lang='lat' dir='ltr'><strong>Fuit.</strong></span> <span class='ocrx_word' id='word_1_455' title='bbox 895 2801 955 2856; x_wconf 92' lang='lat' dir='ltr'><strong>In</strong></span> <span class='ocrx_word' id='word_1_456' title='bbox 977 2803 1082 2856; x_wconf 86' lang='lat' dir='ltr'><strong>hoc</strong></span> <span class='ocrx_word' id='word_1_457' title='bbox 1109 2803 1292 2857; x_wconf 90' lang='lat' dir='ltr'><strong>libello</strong></span> <span class='ocrx_word' id='word_1_458' title='bbox 1324 2817 1514 2872; x_wconf 88' lang='lat' dir='ltr'><strong>parum</strong></span> <span class='ocrx_word' id='word_1_459' title='bbox 1544 2807 1693 2875; x_wconf 90' lang='lat' dir='ltr'><strong>gravi</strong></span> <span class='ocrx_word' id='word_1_460' title='bbox 1723 2806 2051 2875; x_wconf 83' lang='lat' dir='ltr'><strong>probaturus</strong></span> 
     </span>
    </p>
   </div>
   <div class='ocr_carea' id='block_1_53' title="bbox 467 2878 2048 2968">
    <p class='ocr_par' dir='ltr' id='par_1_53' title="bbox 467 2891 2048 2968">
     <span class='ocr_line' id='line_1_53' title="bbox 467 2891 2048 2968; baseline 0.003 -21"><span class='ocrx_word' id='word_1_461' title='bbox 467 2902 592 2947; x_wconf 89' lang='lat' dir='ltr'><strong>erat</strong></span> <span class='ocrx_word' id='word_1_462' title='bbox 631 2891 936 2964; x_wconf 78' lang='lat' dir='ltr'><strong>Nyssenus,</strong></span> <span class='ocrx_word' id='word_1_463' title='bbox 982 2893 1045 2946; x_wconf 84' lang='grc' dir='ltr'><strong>τὺ</strong></span> <span class='ocrx_word' id='word_1_464' title='bbox 1083 2893 1252 2948; x_wconf 81' lang='grc' dir='ltr'><strong>κακὸν</strong></span> <span class='ocrx_word' id='word_1_465' title='bbox 1299 2910 1402 2950; x_wconf 89' lang='lat' dir='ltr'><strong>nec</strong></span> <span class='ocrx_word' id='word_1_466' title='bbox 1435 2911 1558 2951; x_wconf 88' lang='lat' dir='ltr'><strong>esse</strong></span> <span class='ocrx_word' id='word_1_467' title='bbox 1591 2897 1903 2968; x_wconf 83' lang='grc' dir='ltr'><strong>ἀγέννητον,</strong></span> <span class='ocrx_word' id='word_1_468' title='bbox 1952 2913 2048 2952; x_wconf 78' lang='lat' dir='ltr'><strong>nec</strong></span> 
     </span>
    </p>
   </div>
   <div class='ocr_carea' id='block_1_54' title="bbox 2150 2878 3723 2968">
    <p class='ocr_par' dir='ltr' id='par_1_54' title="bbox 2151 2878 3723 2967">
     <span class='ocr_line' id='line_1_54' title="bbox 2151 2878 3723 2967; baseline -0.006 -16"><span class='ocrx_word' id='word_1_469' title='bbox 2151 2897 2257 2952; x_wconf 87' lang='lat'><strong>298</strong></span> <span class='ocrx_word' id='word_1_470' title='bbox 2282 2905 2335 2951; x_wconf 83' lang='lat' dir='ltr'><strong>et</strong></span> <span class='ocrx_word' id='word_1_471' title='bbox 2363 2897 2446 2959; x_wconf 93' lang='lat' dir='ltr'><strong>Ill,</strong></span> <span class='ocrx_word' id='word_1_472' title='bbox 2476 2913 2531 2967; x_wconf 93' lang='lat' dir='ltr'><strong>p.</strong></span> <span class='ocrx_word' id='word_1_473' title='bbox 2564 2895 2688 2952; x_wconf 86' lang='grc'><strong>555.</strong></span> <span class='ocrx_word' id='word_1_474' title='bbox 2716 2925 2786 2935; x_wconf 92' lang='lat'>—</span> <span class='ocrx_word' id='word_1_475' title='bbox 2813 2895 2870 2949; x_wconf 92' lang='lat' dir='ltr'><strong>In</strong></span> <span class='ocrx_word' id='word_1_476' title='bbox 2910 2904 3114 2963; x_wconf 83' lang='lat' dir='ltr'><strong>septem</strong></span> <span class='ocrx_word' id='word_1_477' title='bbox 3149 2878 3423 2956; x_wconf 44' lang='lat' dir='ltr'><strong>codd.,&#39;et</strong></span> <span class='ocrx_word' id='word_1_478' title='bbox 3457 2893 3583 2946; x_wconf 66' lang='lat' dir='ltr'><strong>vita:</strong></span> <span class='ocrx_word' id='word_1_479' title='bbox 3616 2889 3723 2944; x_wconf 84' lang='lat' dir='ltr'><strong>Ma-</strong></span> 
     </span>
    </p>
   </div>
   <div class='ocr_carea' id='block_1_55' title="bbox 474 2983 2048 3056">
    <p class='ocr_par' dir='ltr' id='par_1_55' title="bbox 474 2983 1978 3056">
     <span class='ocr_line' id='line_1_55' title="bbox 474 2983 1978 3056; baseline 0.003 -20"><span class='ocrx_word' id='word_1_480' title='bbox 474 2983 664 3036; x_wconf 76' lang='grc' dir='ltr'><strong>οὐσίαν</strong></span> <span class='ocrx_word' id='word_1_481' title='bbox 693 2984 807 3038; x_wconf 85' lang='lat' dir='ltr'><strong>sive</strong></span> <span class='ocrx_word' id='word_1_482' title='bbox 833 2985 913 3049; x_wconf 77' lang='grc' dir='ltr'><strong>ὅν,</strong></span> <span class='ocrx_word' id='word_1_483' title='bbox 938 2984 1070 3054; x_wconf 85' lang='lat' dir='ltr'><strong>quia</strong></span> <span class='ocrx_word' id='word_1_484' title='bbox 1116 2984 1171 3038; x_wconf 87' lang='lat' dir='ltr'><strong>id</strong></span> <span class='ocrx_word' id='word_1_485' title='bbox 1213 2986 1282 3039; x_wconf 83' lang='lat' dir='ltr'><strong>sit</strong></span> <span class='ocrx_word' id='word_1_486' title='bbox 1307 2989 1478 3050; x_wconf 84' lang='grc' dir='ltr'><strong>ποῖον,</strong></span> <span class='ocrx_word' id='word_1_487' title='bbox 1509 2987 1764 3056; x_wconf 79' lang='lat' dir='ltr'><strong>qualitas.</strong></span> <span class='ocrx_word' id='word_1_488' title='bbox 1803 2987 1978 3041; x_wconf 64' lang='lat' dir='ltr'><strong>Hann.</strong></span> 
     </span>
    </p>
   </div>
   <div class='ocr_carea' id='block_1_56' title="bbox 2150 2983 3565 3056">
    <p class='ocr_par' dir='ltr' id='par_1_56' title="bbox 2152 2983 3565 3045">
     <span class='ocr_line' id='line_1_56' title="bbox 2152 2983 3565 3045; baseline -0.007 -1"><span class='ocrx_word' id='word_1_489' title='bbox 2152 2994 2316 3045; x_wconf 81' lang='lat' dir='ltr'><strong>crime</strong></span> <span class='ocrx_word' id='word_1_490' title='bbox 2342 2989 2397 3043; x_wconf 91' lang='lat' dir='ltr'><strong>in</strong></span> <span class='ocrx_word' id='word_1_491' title='bbox 2424 2989 2599 3042; x_wconf 89' lang='lat' dir='ltr'><strong>tribus</strong></span> <span class='ocrx_word' id='word_1_492' title='bbox 2637 2985 2796 3042; x_wconf 88' lang='lat' dir='ltr'><strong>codd.</strong></span> <span class='ocrx_word' id='word_1_493' title='bbox 2825 2985 2956 3040; x_wconf 90' lang='lat' dir='ltr'><strong>bibl.</strong></span> <span class='ocrx_word' id='word_1_494' title='bbox 3000 2983 3159 3038; x_wconf 90' lang='lat' dir='ltr'><strong>Publ.</strong></span> <span class='ocrx_word' id='word_1_495' title='bbox 3191 2983 3364 3038; x_wconf 87' lang='lat' dir='ltr'><strong>Paris.</strong></span> <span class='ocrx_word' id='word_1_496' title='bbox 3394 2983 3565 3035; x_wconf 62' lang='lat' dir='ltr'><strong>llsnc.</strong></span> 
     </span>
    </p>
   </div>
   <div class='ocr_carea' id='block_1_57' title="bbox 545 3073 2048 3166">
    <p class='ocr_par' dir='ltr' id='par_1_57' title="bbox 545 3074 2048 3146">
     <span class='ocr_line' id='line_1_57' title="bbox 545 3074 2048 3146; baseline 0.001 -16"><span class='ocrx_word' id='word_1_497' title='bbox 545 3074 634 3130; x_wconf 74' lang='grc'><strong>56.</strong></span> <span class='ocrx_word' id='word_1_498' title='bbox 706 3075 780 3129; x_wconf 79' lang='grc' dir='ltr'><strong>Τὰ</strong></span> <span class='ocrx_word' id='word_1_499' title='bbox 847 3076 1166 3144; x_wconf 76' lang='grc' dir='ltr'><strong>Μακρίνια·</strong></span> <span class='ocrx_word' id='word_1_500' title='bbox 1205 3078 1331 3145; x_wconf 79' lang='grc' dir='ltr'><strong>περὶ</strong></span> <span class='ocrx_word' id='word_1_501' title='bbox 1385 3076 1590 3146; x_wconf 70' lang='grc' dir='ltr'><strong>ψυχῆς</strong></span> <span class='ocrx_word' id='word_1_502' title='bbox 1639 3078 1736 3131; x_wconf 72' lang='grc' dir='ltr'><strong>καὶ</strong></span> <span class='ocrx_word' id='word_1_503' title='bbox 1796 3077 2048 3144; x_wconf 80' lang='grc' dir='ltr'><strong>ἀναστά-</strong></span> 
     </span>
    </p>
   </div>
   <div class='ocr_carea' id='block_1_58' title="bbox 2150 3073 3724 3166">
    <p class='ocr_par' dir='ltr' id='par_1_58' title="bbox 2223 3073 3724 3146">
     <span class='ocr_line' id='line_1_58' title="bbox 2223 3073 3724 3146; baseline -0.009 -10"><span class='ocrx_word' id='word_1_504' title='bbox 2223 3082 2310 3137; x_wconf 80' lang='grc'><strong>57.</strong></span> <span class='ocrx_word' id='word_1_505' title='bbox 2328 3081 2488 3136; x_wconf 85' lang='grc' dir='ltr'><strong>Κατὰ</strong></span> <span class='ocrx_word' id='word_1_506' title='bbox 2515 3077 2991 3146; x_wconf 71' lang='grc' dir='ltr'><strong>Ἀπολλιναρίου,</strong></span> <span class='ocrx_word' id='word_1_507' title='bbox 3014 3074 3210 3130; x_wconf 84' lang='lat' dir='ltr'><strong>Contra</strong></span> <span class='ocrx_word' id='word_1_508' title='bbox 3229 3073 3644 3142; x_wconf 79' lang='lat' dir='ltr'><strong>Apollinarium,</strong></span> <span class='ocrx_word' id='word_1_509' title='bbox 3659 3073 3724 3125; x_wconf 86' lang='lat' dir='ltr'><strong>li-</strong></span> 
     </span>
    </p>
   </div>
   <div class='ocr_carea' id='block_1_59' title="bbox 2152 3163 3723 3240">
    <p class='ocr_par' dir='ltr' id='par_1_59' title="bbox 2152 3163 3723 3240">
     <span class='ocr_line' id='line_1_59' title="bbox 2152 3163 3723 3240; baseline -0.007 -12"><span class='ocrx_word' id='word_1_510' title='bbox 2152 3174 2248 3228; x_wconf 89' lang='lat' dir='ltr'><strong>ber</strong></span> <span class='ocrx_word' id='word_1_511' title='bbox 2281 3173 2349 3226; x_wconf 86' lang='lat' dir='ltr'><strong>ad</strong></span> <span class='ocrx_word' id='word_1_512' title='bbox 2379 3171 2737 3240; x_wconf 83' lang='lat' dir='ltr'><strong>Theophilum,</strong></span> <span class='ocrx_word' id='word_1_513' title='bbox 2782 3169 2850 3224; x_wconf 90' lang='lat' dir='ltr'><strong>ab</strong></span> <span class='ocrx_word' id='word_1_514' title='bbox 2883 3184 2934 3222; x_wconf 90' lang='lat' dir='ltr'><strong>a.</strong></span> <span class='ocrx_word' id='word_1_515' title='bbox 2983 3167 3045 3222; x_wconf 90' lang='lat' dir='ltr'><strong>C.</strong></span> <span class='ocrx_word' id='word_1_516' title='bbox 3093 3165 3199 3222; x_wconf 81' lang='grc'><strong>585</strong></span> <span class='ocrx_word' id='word_1_517' title='bbox 3239 3166 3556 3234; x_wconf 89' lang='lat' dir='ltr'><strong>episcopum</strong></span> <span class='ocrx_word' id='word_1_518' title='bbox 3600 3163 3723 3217; x_wconf 86' lang='lat' dir='ltr'><strong>Ale-</strong></span> 
     </span>
    </p>
   </div>
   <div class='ocr_carea' id='block_1_60' title="bbox 2151 3252 3717 3334">
    <p class='ocr_par' dir='ltr' id='par_1_60' title="bbox 2151 3252 3717 3334">
     <span class='ocr_line' id='line_1_60' title="bbox 2151 3252 3717 3334; baseline -0.009 -16"><span class='ocrx_word' id='word_1_519' title='bbox 2151 3263 2476 3318; x_wconf 79' lang='lat' dir='ltr'><strong>xandrinum</strong></span> <span class='ocrx_word' id='word_1_520' title='bbox 2504 3261 2596 3334; x_wconf 77' lang='grc' dir='ltr'><strong>(ε),</strong></span> <span class='ocrx_word' id='word_1_521' title='bbox 2633 3277 2686 3332; x_wconf 92' lang='lat' dir='ltr'><strong>p.</strong></span> <span class='ocrx_word' id='word_1_522' title='bbox 2722 3258 2984 3324; x_wconf 76' lang='lat'><strong>695-698,</strong></span> <span class='ocrx_word' id='word_1_523' title='bbox 3027 3272 3161 3312; x_wconf 83' lang='lat' dir='ltr'><strong>cum</strong></span> <span class='ocrx_word' id='word_1_524' title='bbox 3191 3254 3488 3309; x_wconf 81' lang='lat' dir='ltr'><strong>Frontonis</strong></span> <span class='ocrx_word' id='word_1_525' title='bbox 3537 3252 3717 3306; x_wconf 69' lang='grc' dir='ltr'><strong>υιιεεεί</strong></span> 
     </span>
    </p>
   </div>
   <div class='ocr_carea' id='block_1_61' title="bbox 2149 3342 3722 3419">
    <p class='ocr_par' dir='ltr' id='par_1_61' title="bbox 2149 3342 3722 3419">
     <span class='ocr_line' id='line_1_61' title="bbox 2149 3342 3722 3419; baseline -0.006 -15"><span class='ocrx_word' id='word_1_526' title='bbox 2149 3354 2395 3406; x_wconf 88' lang='lat' dir='ltr'><strong>versione</strong></span> <span class='ocrx_word' id='word_1_527' title='bbox 2425 3359 2479 3405; x_wconf 88' lang='lat' dir='ltr'><strong>et</strong></span> <span class='ocrx_word' id='word_1_528' title='bbox 2508 3351 2674 3405; x_wconf 90' lang='lat' dir='ltr'><strong>notis.</strong></span> <span class='ocrx_word' id='word_1_529' title='bbox 2709 3348 2899 3419; x_wconf 89' lang='lat' dir='ltr'><strong>Incipit</strong></span> <span class='ocrx_word' id='word_1_530' title='bbox 2936 3367 2948 3402; x_wconf 93' lang='lat'><strong>:</strong></span> <span class='ocrx_word' id='word_1_531' title='bbox 2987 3348 3062 3400; x_wconf 77' lang='grc' dir='ltr'><strong>Οὐ</strong></span> <span class='ocrx_word' id='word_1_532' title='bbox 3125 3346 3291 3416; x_wconf 80' lang='grc' dir='ltr'><strong>μόνης</strong></span> <span class='ocrx_word' id='word_1_533' title='bbox 3321 3344 3438 3397; x_wconf 75' lang='grc' dir='ltr'><strong>ἐστὶ</strong></span> <span class='ocrx_word' id='word_1_534' title='bbox 3487 3342 3589 3412; x_wconf 81' lang='grc' dir='ltr'><strong>τῆς</strong></span> <span class='ocrx_word' id='word_1_535' title='bbox 3631 3358 3722 3395; x_wconf 81' lang='grc' dir='ltr'><strong>κο-</strong></span> 
     </span>
    </p>
   </div>
   <div class='ocr_carea' id='block_1_62' title="bbox 2150 3430 3726 3510">
    <p class='ocr_par' dir='ltr' id='par_1_62' title="bbox 2150 3430 3726 3510">
     <span class='ocr_line' id='line_1_62' title="bbox 2150 3430 3726 3510; baseline -0.005 -18"><span class='ocrx_word' id='word_1_536' title='bbox 2150 3441 2356 3510; x_wconf 86' lang='grc' dir='ltr'><strong>σμικῆς</strong></span> <span class='ocrx_word' id='word_1_537' title='bbox 2375 3439 2565 3509; x_wconf 74' lang='grc' dir='ltr'><strong>σοφίας</strong></span> <span class='ocrx_word' id='word_1_538' title='bbox 2598 3437 2845 3509; x_wconf 74' lang='grc' dir='ltr'><strong>εὔφορος.</strong></span> <span class='ocrx_word' id='word_1_539' title='bbox 2877 3437 3094 3492; x_wconf 84' lang='lat' dir='ltr'><strong>Citatur</strong></span> <span class='ocrx_word' id='word_1_540' title='bbox 3125 3437 3194 3490; x_wconf 89' lang='lat' dir='ltr'><strong>ab</strong></span> <span class='ocrx_word' id='word_1_541' title='bbox 3214 3433 3501 3506; x_wconf 82' lang='lat' dir='ltr'><strong>Euthymio</strong></span> <span class='ocrx_word' id='word_1_542' title='bbox 3535 3433 3588 3486; x_wconf 91' lang='lat' dir='ltr'><strong>in</strong></span> <span class='ocrx_word' id='word_1_543' title='bbox 3615 3430 3726 3485; x_wconf 81' lang='lat' dir='ltr'><strong>Pa-</strong></span> 
     </span>
    </p>
   </div>
   <div class='ocr_carea' id='block_1_63' title="bbox 465 3164 2050 3233">
    <p class='ocr_par' dir='ltr' id='par_1_63' title="bbox 465 3164 2050 3233">
     <span class='ocr_line' id='line_1_63' title="bbox 465 3164 2050 3233; baseline 0.001 -12"><span class='ocrx_word' id='word_1_544' title='bbox 465 3181 643 3232; x_wconf 85' lang='grc' dir='ltr'><strong>σεως,</strong></span> <span class='ocrx_word' id='word_1_545' title='bbox 686 3164 983 3230; x_wconf 84' lang='lat' dir='ltr'><strong>Macrinia,</strong></span> <span class='ocrx_word' id='word_1_546' title='bbox 1004 3168 1114 3222; x_wconf 83' lang='lat' dir='ltr'><strong>sive</strong></span> <span class='ocrx_word' id='word_1_547' title='bbox 1139 3167 1204 3220; x_wconf 88' lang='lat' dir='ltr'><strong>de</strong></span> <span class='ocrx_word' id='word_1_548' title='bbox 1233 3168 1414 3219; x_wconf 87' lang='lat' dir='ltr'><strong>anima</strong></span> <span class='ocrx_word' id='word_1_549' title='bbox 1435 3177 1483 3220; x_wconf 88' lang='lat' dir='ltr'><strong>et</strong></span> <span class='ocrx_word' id='word_1_550' title='bbox 1513 3169 1910 3233; x_wconf 78' lang='lat' dir='ltr'><strong>resurrectione,</strong></span> <span class='ocrx_word' id='word_1_551' title='bbox 1929 3168 2050 3222; x_wconf 87' lang='lat' dir='ltr'><strong>dia-</strong></span> 
     </span>
    </p>
   </div>
   <div class='ocr_carea' id='block_1_64' title="bbox 462 3256 2046 3328">
    <p class='ocr_par' dir='ltr' id='par_1_64' title="bbox 462 3256 2046 3328">
     <span class='ocr_line' id='line_1_64' title="bbox 462 3256 2046 3328; baseline 0.001 -16"><span class='ocrx_word' id='word_1_552' title='bbox 462 3257 624 3328; x_wconf 84' lang='lat' dir='ltr'><strong>Iogus</strong></span> <span class='ocrx_word' id='word_1_553' title='bbox 655 3272 783 3311; x_wconf 90' lang='lat' dir='ltr'><strong>cum</strong></span> <span class='ocrx_word' id='word_1_554' title='bbox 806 3272 999 3312; x_wconf 75' lang='lat' dir='ltr'><strong>sorore</strong></span> <span class='ocrx_word' id='word_1_555' title='bbox 1039 3256 1300 3322; x_wconf 85' lang='lat' dir='ltr'><strong>Macrina,</strong></span> <span class='ocrx_word' id='word_1_556' title='bbox 1322 3273 1445 3311; x_wconf 86' lang='lat' dir='ltr'><strong>cum</strong></span> <span class='ocrx_word' id='word_1_557' title='bbox 1483 3257 1742 3313; x_wconf 84' lang='lat' dir='ltr'><strong>Basilium</strong></span> <span class='ocrx_word' id='word_1_558' title='bbox 1801 3259 2046 3324; x_wconf 87' lang='lat' dir='ltr'><strong>fratrem,</strong></span> 
     </span>
    </p>
   </div>
   <div class='ocr_carea' id='block_1_65' title="bbox 468 3347 2047 3418">
    <p class='ocr_par' dir='ltr' id='par_1_65' title="bbox 468 3347 2047 3418">
     <span class='ocr_line' id='line_1_65' title="bbox 468 3347 2047 3418; baseline 0 -15"><span class='ocrx_word' id='word_1_559' title='bbox 468 3348 614 3404; x_wconf 61' lang='grc' dir='ltr'><strong>ιο.</strong></span> <span class='ocrx_word' id='word_1_560' title='bbox 671 3350 778 3404; x_wconf 80' lang='grc' dir='ltr'><strong>5Ἰ9</strong></span> <span class='ocrx_word' id='word_1_561' title='bbox 835 3348 1187 3410; x_wconf 77' lang='lat' dir='ltr'><strong>exstinctum,</strong></span> <span class='ocrx_word' id='word_1_562' title='bbox 1239 3348 1486 3416; x_wconf 75' lang='lat' dir='ltr'><strong>lugerent</strong></span> <span class='ocrx_word' id='word_1_563' title='bbox 1522 3347 1618 3418; x_wconf 76' lang='grc' dir='ltr'><strong>(ὁ),</strong></span> <span class='ocrx_word' id='word_1_564' title='bbox 1677 3363 1732 3417; x_wconf 94' lang='lat' dir='ltr'><strong>p.</strong></span> <span class='ocrx_word' id='word_1_565' title='bbox 1782 3348 2047 3416; x_wconf 85' lang='grc'><strong>615-692,</strong></span> 
     </span>
    </p>
   </div>
   <div class='ocr_carea' id='block_1_66' title="bbox 468 3438 2046 3513">
    <p class='ocr_par' dir='ltr' id='par_1_66' title="bbox 468 3438 2046 3513">
     <span class='ocr_line' id='line_1_66' title="bbox 468 3438 2046 3513; baseline -0.001 -17"><span class='ocrx_word' id='word_1_566' title='bbox 468 3457 594 3496; x_wconf 86' lang='lat' dir='ltr'><strong>eum</strong></span> <span class='ocrx_word' id='word_1_567' title='bbox 637 3441 891 3496; x_wconf 84' lang='lat' dir='ltr'><strong>versione</strong></span> <span class='ocrx_word' id='word_1_568' title='bbox 940 3439 1220 3496; x_wconf 89' lang='lat' dir='ltr'><strong>Laurentii</strong></span> <span class='ocrx_word' id='word_1_569' title='bbox 1272 3439 1468 3494; x_wconf 90' lang='lat' dir='ltr'><strong>Sifani.</strong></span> <span class='ocrx_word' id='word_1_570' title='bbox 1521 3438 1756 3510; x_wconf 90' lang='lat' dir='ltr'><strong>Incipit:</strong></span> <span class='ocrx_word' id='word_1_571' title='bbox 1832 3440 2046 3513; x_wconf 82' lang='grc' dir='ltr'><strong>Ἐπειδὴ</strong></span> 
     </span>
    </p>
   </div>
   <div class='ocr_carea' id='block_1_67' title="bbox 467 3530 2043 3602">
    <p class='ocr_par' dir='ltr' id='par_1_67' title="bbox 467 3530 2043 3602">
     <span class='ocr_line' id='line_1_67' title="bbox 467 3530 2043 3602; baseline 0.002 -17"><span class='ocrx_word' id='word_1_572' title='bbox 467 3532 565 3585; x_wconf 76' lang='grc' dir='ltr'><strong>τοῦ</strong></span> <span class='ocrx_word' id='word_1_573' title='bbox 605 3532 948 3602; x_wconf 71' lang='grc' dir='ltr'><strong>ἀνθρωπίνου</strong></span> <span class='ocrx_word' id='word_1_574' title='bbox 977 3531 1096 3602; x_wconf 84' lang='grc' dir='ltr'><strong>βίου</strong></span> <span class='ocrx_word' id='word_1_575' title='bbox 1148 3530 1337 3596; x_wconf 81' lang='grc' dir='ltr'><strong>πολύς.</strong></span> <span class='ocrx_word' id='word_1_576' title='bbox 1373 3530 1617 3585; x_wconf 87' lang='lat' dir='ltr'><strong>Meminit</strong></span> <span class='ocrx_word' id='word_1_577' title='bbox 1650 3530 1876 3587; x_wconf 80' lang='lat' dir='ltr'><strong>I’hotius</strong></span> <span class='ocrx_word' id='word_1_578' title='bbox 1919 3533 2043 3588; x_wconf 86' lang='lat' dir='ltr'><strong>cod.</strong></span> 
     </span>
    </p>
   </div>
   <div class='ocr_carea' id='block_1_68' title="bbox 493 3622 2045 3695">
    <p class='ocr_par' dir='ltr' id='par_1_68' title="bbox 493 3622 2045 3695">
     <span class='ocr_line' id='line_1_68' title="bbox 493 3622 2045 3695; baseline 0.001 -17"><span class='ocrx_word' id='word_1_579' title='bbox 493 3623 814 3687; x_wconf 65' lang='lat' dir='ltr'><strong>CCXXXIII,</strong></span> <span class='ocrx_word' id='word_1_580' title='bbox 854 3636 906 3680; x_wconf 89' lang='lat' dir='ltr'><strong>et</strong></span> <span class='ocrx_word' id='word_1_581' title='bbox 939 3624 1162 3690; x_wconf 83' lang='lat' dir='ltr'><strong>Suidas,</strong></span> <span class='ocrx_word' id='word_1_582' title='bbox 1197 3631 1451 3686; x_wconf 90' lang='lat' dir='ltr'><strong>testatus,</strong></span> <span class='ocrx_word' id='word_1_583' title='bbox 1487 3622 1809 3692; x_wconf 78' lang='lat' dir='ltr'><strong>Gregorium</strong></span> <span class='ocrx_word' id='word_1_584' title='bbox 1843 3623 2045 3695; x_wconf 86' lang='lat' dir='ltr'><strong>Nysse-</strong></span> 
     </span>
    </p>
   </div>
   <div class='ocr_carea' id='block_1_69' title="bbox 489 3713 2046 3785">
    <p class='ocr_par' dir='ltr' id='par_1_69' title="bbox 489 3713 2046 3785">
     <span class='ocr_line' id='line_1_69' title="bbox 489 3713 2046 3785; baseline 0.003 -22"><span class='ocrx_word' id='word_1_585' title='bbox 489 3725 625 3763; x_wconf 82' lang='lat' dir='ltr'><strong>num</strong></span> <span class='ocrx_word' id='word_1_586' title='bbox 647 3714 920 3780; x_wconf 76' lang='lat' dir='ltr'><strong>scripsisse</strong></span> <span class='ocrx_word' id='word_1_587' title='bbox 948 3715 1160 3785; x_wconf 77' lang='grc' dir='ltr'><strong>μακρόν</strong></span> <span class='ocrx_word' id='word_1_588' title='bbox 1188 3730 1312 3766; x_wconf 83' lang='grc' dir='ltr'><strong>τινα</strong></span> <span class='ocrx_word' id='word_1_589' title='bbox 1329 3714 1424 3767; x_wconf 78' lang='grc' dir='ltr'><strong>καὶ</strong></span> <span class='ocrx_word' id='word_1_590' title='bbox 1451 3713 1756 3784; x_wconf 85' lang='grc' dir='ltr'>περικαλλῆ</span> <span class='ocrx_word' id='word_1_591' title='bbox 1787 3714 1922 3784; x_wconf 82' lang='grc' dir='ltr'><strong>πρὸς</strong></span> <span class='ocrx_word' id='word_1_592' title='bbox 1948 3716 2046 3785; x_wconf 82' lang='grc' dir='ltr'><strong>τὴν</strong></span> 
     </span>
    </p>
   </div>
   <div class='ocr_carea' id='block_1_70' title="bbox 469 3802 2047 3878">
    <p class='ocr_par' dir='ltr' id='par_1_70' title="bbox 469 3802 2047 3878">
     <span class='ocr_line' id='line_1_70' title="bbox 469 3802 2047 3878; baseline 0.003 -22"><span class='ocrx_word' id='word_1_593' title='bbox 469 3802 716 3872; x_wconf 62' lang='grc' dir='ltr'><strong>ἀδελφὴν</strong></span> <span class='ocrx_word' id='word_1_594' title='bbox 753 3805 1028 3877; x_wconf 74' lang='grc' dir='ltr'><strong>Μακρίναν</strong></span> <span class='ocrx_word' id='word_1_595' title='bbox 1067 3807 1198 3876; x_wconf 68' lang='grc' dir='ltr'><strong>περὶ</strong></span> <span class='ocrx_word' id='word_1_596' title='bbox 1223 3806 1397 3875; x_wconf 79' lang='grc' dir='ltr'>ψυχῆς</span> <span class='ocrx_word' id='word_1_597' title='bbox 1429 3805 1608 3874; x_wconf 85' lang='grc' dir='ltr'><strong>λόγον.</strong></span> <span class='ocrx_word' id='word_1_598' title='bbox 1659 3805 1757 3861; x_wconf 87' lang='lat' dir='ltr'><strong>Hic</strong></span> <span class='ocrx_word' id='word_1_599' title='bbox 1779 3813 1866 3862; x_wconf 87' lang='lat' dir='ltr'><strong>est</strong></span> <span class='ocrx_word' id='word_1_600' title='bbox 1905 3805 2047 3878; x_wconf 76' lang='lat' dir='ltr'><strong>Nys-</strong></span> 
     </span>
    </p>
   </div>
   <div class='ocr_carea' id='block_1_71' title="bbox 464 3882 2046 3968">
    <p class='ocr_par' dir='ltr' id='par_1_71' title="bbox 464 3882 2046 3968">
     <span class='ocr_line' id='line_1_71' title="bbox 464 3882 2046 3968; baseline 0.002 -17"><span class='ocrx_word' id='word_1_601' title='bbox 464 3895 589 3952; x_wconf 71' lang='grc' dir='ltr'><strong>εειιί</strong></span> <span class='ocrx_word' id='word_1_602' title='bbox 647 3897 721 3951; x_wconf 86' lang='lat' dir='ltr'><strong>De</strong></span> <span class='ocrx_word' id='word_1_603' title='bbox 773 3899 1175 3953; x_wconf 84' lang='lat' dir='ltr'><strong>immortalitate</strong></span> <span class='ocrx_word' id='word_1_604' title='bbox 1232 3882 1424 3951; x_wconf 73' lang='grc' dir='ltr'><strong>ἇηιηιω</strong></span> <span class='ocrx_word' id='word_1_605' title='bbox 1483 3899 1642 3962; x_wconf 90' lang='lat' dir='ltr'><strong>liber,</strong></span> <span class='ocrx_word' id='word_1_606' title='bbox 1686 3899 1782 3968; x_wconf 89' lang='lat' dir='ltr'><strong>qui</strong></span> <span class='ocrx_word' id='word_1_607' title='bbox 1823 3898 2046 3954; x_wconf 88' lang='lat' dir='ltr'><strong>Daniele</strong></span> 
     </span>
    </p>
   </div>
   <div class='ocr_carea' id='block_1_72' title="bbox 465 3987 2038 4063">
    <p class='ocr_par' dir='ltr' id='par_1_72' title="bbox 465 3987 2038 4063">
     <span class='ocr_line' id='line_1_72' title="bbox 465 3987 2038 4063; baseline -0.001 -19"><span class='ocrx_word' id='word_1_608' title='bbox 465 3991 740 4061; x_wconf 82' lang='lat' dir='ltr'><strong>Augentio</strong></span> <span class='ocrx_word' id='word_1_609' title='bbox 771 3993 1066 4063; x_wconf 90' lang='lat' dir='ltr'><strong>interprete</strong></span> <span class='ocrx_word' id='word_1_610' title='bbox 1099 3991 1300 4062; x_wconf 89' lang='lat' dir='ltr'><strong>prodiit</strong></span> <span class='ocrx_word' id='word_1_611' title='bbox 1321 3989 1534 4054; x_wconf 87' lang='lat' dir='ltr'><strong>Latine,</strong></span> <span class='ocrx_word' id='word_1_612' title='bbox 1566 3989 1742 4046; x_wconf 90' lang='lat' dir='ltr'><strong>Paris.</strong></span> <span class='ocrx_word' id='word_1_613' title='bbox 1792 3987 1954 4054; x_wconf 86' lang='grc'><strong>1557,</strong></span> <span class='ocrx_word' id='word_1_614' title='bbox 1983 3992 2038 4043; x_wconf 90' lang='grc'><strong>8.</strong></span> 
     </span>
    </p>
   </div>
   <div class='ocr_carea' id='block_1_73' title="bbox 458 4080 2046 4153">
    <p class='ocr_par' dir='ltr' id='par_1_73' title="bbox 458 4080 2046 4153">
     <span class='ocr_line' id='line_1_73' title="bbox 458 4080 2046 4153; baseline -0.001 -16"><span class='ocrx_word' id='word_1_615' title='bbox 458 4081 631 4138; x_wconf 64' lang='lat' dir='ltr'><strong>Fasti.</strong></span> <span class='ocrx_word' id='word_1_616' title='bbox 661 4083 885 4140; x_wconf 80' lang='lat' dir='ltr'><strong>Diversa</strong></span> <span class='ocrx_word' id='word_1_617' title='bbox 916 4086 1194 4139; x_wconf 84' lang='lat' dir='ltr'><strong>variorum</strong></span> <span class='ocrx_word' id='word_1_618' title='bbox 1229 4083 1297 4139; x_wconf 89' lang='lat' dir='ltr'><strong>de</strong></span> <span class='ocrx_word' id='word_1_619' title='bbox 1325 4083 1418 4138; x_wconf 92' lang='lat' dir='ltr'><strong>illo</strong></span> <span class='ocrx_word' id='word_1_620' title='bbox 1452 4083 1669 4153; x_wconf 75' lang='lat' dir='ltr'><strong>dialogo</strong></span> <span class='ocrx_word' id='word_1_621' title='bbox 1691 4080 1900 4150; x_wconf 83' lang='lat' dir='ltr'><strong>judicia</strong></span> <span class='ocrx_word' id='word_1_622' title='bbox 1931 4083 2046 4136; x_wconf 82' lang='lat' dir='ltr'><strong>col-</strong></span> 
     </span>
    </p>
   </div>
   <div class='ocr_carea' id='block_1_74' title="bbox 458 4172 2039 4246">
    <p class='ocr_par' dir='ltr' id='par_1_74' title="bbox 458 4172 2039 4246">
     <span class='ocr_line' id='line_1_74' title="bbox 458 4172 2039 4246; baseline -0.001 -18"><span class='ocrx_word' id='word_1_623' title='bbox 458 4175 592 4246; x_wconf 84' lang='lat' dir='ltr'><strong>legit</strong></span> <span class='ocrx_word' id='word_1_624' title='bbox 620 4173 873 4230; x_wconf 90' lang='lat' dir='ltr'><strong>Oudinus</strong></span> <span class='ocrx_word' id='word_1_625' title='bbox 909 4175 946 4228; x_wconf 95' lang='grc' dir='ltr'><strong>Ι.</strong></span> <span class='ocrx_word' id='word_1_626' title='bbox 983 4190 1036 4229; x_wconf 92' lang='lat' dir='ltr'><strong>c.</strong></span> <span class='ocrx_word' id='word_1_627' title='bbox 1065 4191 1120 4245; x_wconf 93' lang='lat' dir='ltr'><strong>p.</strong></span> <span class='ocrx_word' id='word_1_628' title='bbox 1141 4174 1340 4229; x_wconf 69' lang='lat'><strong>604.——</strong></span> <span class='ocrx_word' id='word_1_629' title='bbox 1359 4173 1521 4229; x_wconf 85' lang='lat' dir='ltr'><strong>Joan.</strong></span> <span class='ocrx_word' id='word_1_630' title='bbox 1540 4173 1852 4243; x_wconf 86' lang='lat' dir='ltr'><strong>Christoph.</strong></span> <span class='ocrx_word' id='word_1_631' title='bbox 1875 4172 2039 4227; x_wconf 83' lang='lat' dir='ltr'><strong>Wolf.</strong></span> 
     </span>
    </p>
   </div>
   <div class='ocr_carea' id='block_1_75' title="bbox 457 4264 2043 4342">
    <p class='ocr_par' dir='ltr' id='par_1_75' title="bbox 457 4264 2043 4342">
     <span class='ocr_line' id='line_1_75' title="bbox 457 4264 2043 4342; baseline -0.002 -21"><span class='ocrx_word' id='word_1_632' title='bbox 457 4265 517 4321; x_wconf 84' lang='lat' dir='ltr'><strong>in</strong></span> <span class='ocrx_word' id='word_1_633' title='bbox 560 4266 849 4321; x_wconf 76' lang='lat' dir='ltr'><strong>Anecdotis</strong></span> <span class='ocrx_word' id='word_1_634' title='bbox 891 4264 1112 4333; x_wconf 72' lang='lat' dir='ltr'><strong>Gra&#39;eis,</strong></span> <span class='ocrx_word' id='word_1_635' title='bbox 1147 4277 1280 4322; x_wconf 91' lang='lat' dir='ltr'><strong>tom.</strong></span> <span class='ocrx_word' id='word_1_636' title='bbox 1317 4267 1377 4332; x_wconf 90' lang='lat' dir='ltr'><strong>Il,</strong></span> <span class='ocrx_word' id='word_1_637' title='bbox 1412 4282 1464 4336; x_wconf 93' lang='lat' dir='ltr'><strong>p.</strong></span> <span class='ocrx_word' id='word_1_638' title='bbox 1515 4265 1586 4320; x_wconf 88' lang='lat'><strong>28</strong></span> <span class='ocrx_word' id='word_1_639' title='bbox 1610 4282 1758 4342; x_wconf 76' lang='lat' dir='ltr'><strong>sqq.,</strong></span> <span class='ocrx_word' id='word_1_640' title='bbox 1808 4265 2043 4334; x_wconf 91' lang='lat' dir='ltr'><strong>primum</strong></span> 
     </span>
    </p>
   </div>
   <div class='ocr_carea' id='block_1_76' title="bbox 456 4355 2042 4428">
    <p class='ocr_par' dir='ltr' id='par_1_76' title="bbox 456 4355 2042 4428">
     <span class='ocr_line' id='line_1_76' title="bbox 456 4355 2042 4428; baseline 0.001 -19"><span class='ocrx_word' id='word_1_641' title='bbox 456 4355 616 4411; x_wconf 81' lang='lat' dir='ltr'><strong>dedit</strong></span> <span class='ocrx_word' id='word_1_642' title='bbox 646 4372 904 4428; x_wconf 86' lang='lat' dir='ltr'><strong>magnam</strong></span> <span class='ocrx_word' id='word_1_643' title='bbox 950 4357 1272 4427; x_wconf 84' lang='lat' dir='ltr'><strong>particulam</strong></span> <span class='ocrx_word' id='word_1_644' title='bbox 1304 4357 1400 4413; x_wconf 89' lang='lat' dir='ltr'><strong>Gr.</strong></span> <span class='ocrx_word' id='word_1_645' title='bbox 1455 4372 1518 4412; x_wconf 89' lang='lat' dir='ltr'><strong>ac</strong></span> <span class='ocrx_word' id='word_1_646' title='bbox 1553 4356 1673 4411; x_wconf 89' lang='lat' dir='ltr'><strong>Lat.</strong></span> <span class='ocrx_word' id='word_1_647' title='bbox 1707 4371 1833 4411; x_wconf 90' lang='lat' dir='ltr'><strong>cum</strong></span> <span class='ocrx_word' id='word_1_648' title='bbox 1895 4356 2042 4411; x_wconf 83' lang='lat' dir='ltr'><strong>notis</strong></span> 
     </span>
    </p>
   </div>
   <div class='ocr_carea' id='block_1_77' title="bbox 459 4443 2118 4520">
    <p class='ocr_par' dir='ltr' id='par_1_77' title="bbox 459 4443 2118 4520">
     <span class='ocr_line' id='line_1_77' title="bbox 459 4443 2118 4520; baseline -0.001 -20"><span class='ocrx_word' id='word_1_649' title='bbox 459 4456 517 4500; x_wconf 88' lang='lat' dir='ltr'><strong>ut</strong></span> <span class='ocrx_word' id='word_1_650' title='bbox 544 4449 844 4518; x_wconf 89' lang='lat' dir='ltr'><strong>plurimum</strong></span> <span class='ocrx_word' id='word_1_651' title='bbox 879 4449 1108 4511; x_wconf 87' lang='lat' dir='ltr'><strong>criticis,</strong></span> <span class='ocrx_word' id='word_1_652' title='bbox 1140 4460 1274 4513; x_wconf 91' lang='lat' dir='ltr'><strong>tum,</strong></span> <span class='ocrx_word' id='word_1_653' title='bbox 1294 4465 1362 4503; x_wconf 89' lang='lat' dir='ltr'><strong>ne</strong></span> <span class='ocrx_word' id='word_1_654' title='bbox 1394 4449 1608 4520; x_wconf 78' lang='lat' dir='ltr'><strong>longior</strong></span> <span class='ocrx_word' id='word_1_655' title='bbox 1628 4455 1794 4512; x_wconf 84' lang='lat' dir='ltr'><strong>esset,</strong></span> <span class='ocrx_word' id='word_1_656' title='bbox 1825 4462 1878 4517; x_wconf 92' lang='lat' dir='ltr'><strong>p.</strong></span> <span class='ocrx_word' id='word_1_657' title='bbox 1913 4448 2039 4512; x_wconf 84' lang='grc'><strong>519,</strong></span> <span class='ocrx_word' id='word_1_658' title='bbox 2072 4443 2118 4498; x_wconf 86' lang='grc'><strong>1)</strong></span> 
     </span>
    </p>
   </div>
   <div class='ocr_carea' id='block_1_78' title="bbox 454 4537 2040 4608">
    <p class='ocr_par' dir='ltr' id='par_1_78' title="bbox 454 4537 2040 4608">
     <span class='ocr_line' id='line_1_78' title="bbox 454 4537 2040 4608; baseline 0.001 -18"><span class='ocrx_word' id='word_1_659' title='bbox 454 4552 635 4607; x_wconf 84' lang='lat' dir='ltr'><strong>usque</strong></span> <span class='ocrx_word' id='word_1_660' title='bbox 663 4537 734 4591; x_wconf 91' lang='lat' dir='ltr'><strong>ad</strong></span> <span class='ocrx_word' id='word_1_661' title='bbox 765 4553 819 4608; x_wconf 92' lang='lat' dir='ltr'><strong>p.</strong></span> <span class='ocrx_word' id='word_1_662' title='bbox 855 4537 982 4602; x_wconf 88' lang='grc'><strong>550,</strong></span> <span class='ocrx_word' id='word_1_663' title='bbox 1010 4546 1064 4592; x_wconf 92' lang='lat' dir='ltr'><strong>et</strong></span> <span class='ocrx_word' id='word_1_664' title='bbox 1093 4539 1150 4592; x_wconf 91' lang='lat' dir='ltr'><strong>in</strong></span> <span class='ocrx_word' id='word_1_665' title='bbox 1189 4545 1338 4592; x_wconf 90' lang='lat' dir='ltr'><strong>tomo</strong></span> <span class='ocrx_word' id='word_1_666' title='bbox 1367 4537 1454 4603; x_wconf 94' lang='lat' dir='ltr'><strong>IlI,</strong></span> <span class='ocrx_word' id='word_1_667' title='bbox 1487 4553 1537 4608; x_wconf 94' lang='lat' dir='ltr'><strong>p.</strong></span> <span class='ocrx_word' id='word_1_668' title='bbox 1580 4537 1732 4602; x_wconf 70' lang='lat' dir='ltr'><strong>I47,</strong></span> <span class='ocrx_word' id='word_1_669' title='bbox 1760 4537 1814 4591; x_wconf 91' lang='lat' dir='ltr'><strong>in</strong></span> <span class='ocrx_word' id='word_1_670' title='bbox 1845 4552 2040 4591; x_wconf 90' lang='lat' dir='ltr'><strong>eorum</strong></span> 
     </span>
    </p>
   </div>
   <div class='ocr_carea' id='block_1_79' title="bbox 455 4629 2040 4700">
    <p class='ocr_par' dir='ltr' id='par_1_79' title="bbox 455 4629 2040 4700">
     <span class='ocr_line' id='line_1_79' title="bbox 455 4629 2040 4700; baseline 0.001 -20"><span class='ocrx_word' id='word_1_671' title='bbox 455 4629 815 4683; x_wconf 86' lang='lat' dir='ltr'><strong>commodum</strong></span> <span class='ocrx_word' id='word_1_672' title='bbox 851 4636 906 4682; x_wconf 92' lang='lat' dir='ltr'><strong>et</strong></span> <span class='ocrx_word' id='word_1_673' title='bbox 945 4645 1130 4693; x_wconf 90' lang='lat' dir='ltr'><strong>usum,</strong></span> <span class='ocrx_word' id='word_1_674' title='bbox 1163 4631 1401 4700; x_wconf 86' lang='lat' dir='ltr'><strong>quibus,</strong></span> <span class='ocrx_word' id='word_1_675' title='bbox 1451 4638 1512 4684; x_wconf 92' lang='lat' dir='ltr'><strong>ut</strong></span> <span class='ocrx_word' id='word_1_676' title='bbox 1569 4629 1665 4693; x_wconf 88' lang='lat' dir='ltr'><strong>ait,</strong></span> <span class='ocrx_word' id='word_1_677' title='bbox 1723 4631 2040 4684; x_wconf 87' lang='lat' dir='ltr'><strong>consultum</strong></span> 
     </span>
    </p>
   </div>
   <div class='ocr_carea' id='block_1_80' title="bbox 465 4718 2040 4792">
    <p class='ocr_par' dir='ltr' id='par_1_80' title="bbox 465 4718 2040 4792">
     <span class='ocr_line' id='line_1_80' title="bbox 465 4718 2040 4792; baseline 0.005 -23"><span class='ocrx_word' id='word_1_678' title='bbox 465 4718 758 4785; x_wconf 77' lang='lat' dir='ltr'><strong>videbitur,</strong></span> <span class='ocrx_word' id='word_1_679' title='bbox 812 4721 1086 4791; x_wconf 78' lang='lat' dir='ltr'><strong>egregiam</strong></span> <span class='ocrx_word' id='word_1_680' title='bbox 1124 4721 1274 4775; x_wconf 83' lang='lat' dir='ltr'><strong>illam</strong></span> <span class='ocrx_word' id='word_1_681' title='bbox 1335 4731 1692 4776; x_wconf 89' lang='lat' dir='ltr'><strong>commentat.</strong></span> <span class='ocrx_word' id='word_1_682' title='bbox 1746 4721 2040 4792; x_wconf 89' lang='lat' dir='ltr'><strong>aliquando</strong></span> 
     </span>
    </p>
   </div>
   <div class='ocr_carea' id='block_1_81' title="bbox 471 4813 2037 4882">
    <p class='ocr_par' dir='ltr' id='par_1_81' title="bbox 471 4813 2037 4882">
     <span class='ocr_line' id='line_1_81' title="bbox 471 4813 2037 4882; baseline 0.002 -20"><span class='ocrx_word' id='word_1_683' title='bbox 471 4823 607 4863; x_wconf 80' lang='lat' dir='ltr'><strong>nova</strong></span> <span class='ocrx_word' id='word_1_684' title='bbox 629 4813 750 4867; x_wconf 86' lang='lat' dir='ltr'><strong>luce</strong></span> <span class='ocrx_word' id='word_1_685' title='bbox 788 4819 1042 4866; x_wconf 86' lang='lat' dir='ltr'><strong>ornatam</strong></span> <span class='ocrx_word' id='word_1_686' title='bbox 1093 4813 1315 4882; x_wconf 91' lang='lat' dir='ltr'><strong>publico</strong></span> <span class='ocrx_word' id='word_1_687' title='bbox 1345 4814 1561 4878; x_wconf 88' lang='lat' dir='ltr'><strong>sistere,</strong></span> <span class='ocrx_word' id='word_1_688' title='bbox 1596 4815 1777 4866; x_wconf 81' lang='lat' dir='ltr'><strong>varias</strong></span> <span class='ocrx_word' id='word_1_689' title='bbox 1807 4813 2037 4868; x_wconf 89' lang='lat' dir='ltr'><strong>duorum</strong></span> 
     </span>
    </p>
   </div>
   <div class='ocr_carea' id='block_1_82' title="bbox 470 4899 2038 4974">
    <p class='ocr_par' dir='ltr' id='par_1_82' title="bbox 470 4899 2038 4974">
     <span class='ocr_line' id='line_1_82' title="bbox 470 4899 2038 4974; baseline 0.003 -21"><span class='ocrx_word' id='word_1_690' title='bbox 470 4899 632 4954; x_wconf 84' lang='lat' dir='ltr'><strong>codd.</strong></span> <span class='ocrx_word' id='word_1_691' title='bbox 668 4903 954 4958; x_wconf 84' lang='lat' dir='ltr'><strong>lectiones.</strong></span> <span class='ocrx_word' id='word_1_692' title='bbox 993 4902 1049 4957; x_wconf 94' lang='lat' dir='ltr'><strong>In</strong></span> <span class='ocrx_word' id='word_1_693' title='bbox 1085 4904 1296 4974; x_wconf 71' lang='lat' dir='ltr'><strong>praefat.</strong></span> <span class='ocrx_word' id='word_1_694' title='bbox 1328 4905 1398 4960; x_wconf 86' lang='lat' dir='ltr'><strong>ad</strong></span> <span class='ocrx_word' id='word_1_695' title='bbox 1427 4915 1562 4959; x_wconf 91' lang='lat' dir='ltr'><strong>tom.</strong></span> <span class='ocrx_word' id='word_1_696' title='bbox 1605 4904 1670 4968; x_wconf 94' lang='lat' dir='ltr'><strong>II,</strong></span> <span class='ocrx_word' id='word_1_697' title='bbox 1728 4903 1883 4958; x_wconf 88' lang='lat' dir='ltr'><strong>valde</strong></span> <span class='ocrx_word' id='word_1_698' title='bbox 1919 4904 2038 4958; x_wconf 85' lang='lat' dir='ltr'><strong>lau-</strong></span> 
     </span>
    </p>
   </div>
   <div class='ocr_carea' id='block_1_83' title="bbox 464 4989 2033 5066">
    <p class='ocr_par' dir='ltr' id='par_1_83' title="bbox 464 4989 2033 5066">
     <span class='ocr_line' id='line_1_83' title="bbox 464 4989 2033 5066; baseline 0.002 -22"><span class='ocrx_word' id='word_1_699' title='bbox 464 4989 627 5044; x_wconf 83' lang='lat' dir='ltr'><strong>davit</strong></span> <span class='ocrx_word' id='word_1_700' title='bbox 654 4995 1188 5061; x_wconf 83' lang='lat' dir='ltr'><strong>commentationem,</strong></span> <span class='ocrx_word' id='word_1_701' title='bbox 1226 5005 1300 5062; x_wconf 88' lang='lat' dir='ltr'><strong>et,</strong></span> <span class='ocrx_word' id='word_1_702' title='bbox 1333 4995 1479 5066; x_wconf 89' lang='lat' dir='ltr'><strong>quod</strong></span> <span class='ocrx_word' id='word_1_703' title='bbox 1514 4994 1814 5065; x_wconf 80' lang='lat' dir='ltr'><strong>perspexit,</strong></span> <span class='ocrx_word' id='word_1_704' title='bbox 1867 5002 2033 5048; x_wconf 86' lang='lat' dir='ltr'><strong>totam</strong></span> 
     </span>
    </p>
   </div>
   <div class='ocr_carea' id='block_1_84' title="bbox 455 5086 2072 5164">
    <p class='ocr_par' dir='ltr' id='par_1_84' title="bbox 455 5086 2072 5164">
     <span class='ocr_line' id='line_1_84' title="bbox 455 5086 2072 5164; baseline 0.003 -22"><span class='ocrx_word' id='word_1_705' title='bbox 455 5086 623 5142; x_wconf 85' lang='lat' dir='ltr'><strong>illam</strong></span> <span class='ocrx_word' id='word_1_706' title='bbox 654 5087 890 5156; x_wconf 88' lang='lat' dir='ltr'><strong>pluribus</strong></span> <span class='ocrx_word' id='word_1_707' title='bbox 919 5091 1059 5148; x_wconf 89' lang='lat' dir='ltr'><strong>locis</strong></span> <span class='ocrx_word' id='word_1_708' title='bbox 1099 5093 1156 5149; x_wconf 90' lang='lat' dir='ltr'><strong>in</strong></span> <span class='ocrx_word' id='word_1_709' title='bbox 1187 5102 1419 5164; x_wconf 86' lang='lat' dir='ltr'><strong>utraque</strong></span> <span class='ocrx_word' id='word_1_710' title='bbox 1449 5093 1580 5148; x_wconf 90' lang='lat' dir='ltr'><strong>edit.</strong></span> <span class='ocrx_word' id='word_1_711' title='bbox 1614 5091 1813 5158; x_wconf 86' lang='lat' dir='ltr'><strong>Paris.,</strong></span> <span class='ocrx_word' id='word_1_712' title='bbox 1847 5093 2035 5164; x_wconf 81' lang='lat' dir='ltr'><strong>impri-</strong></span> <span class='ocrx_word' id='word_1_713' title='bbox 2068 5089 2072 5093; x_wconf 74' lang='grc'><em>’</em></span> 
     </span>
    </p>
   </div>
   <div class='ocr_carea' id='block_1_85' title="bbox 450 5178 2036 5256">
    <p class='ocr_par' dir='ltr' id='par_1_85' title="bbox 450 5178 2036 5256">
     <span class='ocr_line' id='line_1_85' title="bbox 450 5178 2036 5256; baseline 0.003 -22"><span class='ocrx_word' id='word_1_714' title='bbox 450 5178 572 5235; x_wconf 82' lang='lat' dir='ltr'><strong>mis</strong></span> <span class='ocrx_word' id='word_1_715' title='bbox 596 5194 728 5234; x_wconf 81' lang='lat' dir='ltr'><strong>vero</strong></span> <span class='ocrx_word' id='word_1_716' title='bbox 758 5182 808 5235; x_wconf 89' lang='lat' dir='ltr'><strong>in</strong></span> <span class='ocrx_word' id='word_1_717' title='bbox 836 5184 1036 5252; x_wconf 87' lang='lat' dir='ltr'><strong>priore,</strong></span> <span class='ocrx_word' id='word_1_718' title='bbox 1081 5185 1316 5255; x_wconf 88' lang='lat' dir='ltr'><strong>pessime</strong></span> <span class='ocrx_word' id='word_1_719' title='bbox 1365 5193 1642 5256; x_wconf 88' lang='lat' dir='ltr'><strong>acceptam</strong></span> <span class='ocrx_word' id='word_1_720' title='bbox 1691 5201 1817 5240; x_wconf 87' lang='lat' dir='ltr'><strong>esse</strong></span> <span class='ocrx_word' id='word_1_721' title='bbox 1844 5194 1897 5239; x_wconf 92' lang='lat' dir='ltr'><strong>et</strong></span> <span class='ocrx_word' id='word_1_722' title='bbox 1938 5178 2036 5238; x_wconf 81' lang='lat' dir='ltr'><strong>ha-</strong></span> 
     </span>
    </p>
   </div>
   <div class='ocr_carea' id='block_1_86' title="bbox 446 5272 2036 5342">
    <p class='ocr_par' dir='ltr' id='par_1_86' title="bbox 446 5272 2036 5342">
     <span class='ocr_line' id='line_1_86' title="bbox 446 5272 2036 5342; baseline 0.003 -15"><span class='ocrx_word' id='word_1_723' title='bbox 446 5272 636 5327; x_wconf 83' lang='lat' dir='ltr'><strong>bitam</strong></span> <span class='ocrx_word' id='word_1_724' title='bbox 678 5289 696 5327; x_wconf 90' lang='lat'><strong>:</strong></span> <span class='ocrx_word' id='word_1_725' title='bbox 729 5286 926 5342; x_wconf 85' lang='lat' dir='ltr'><strong>partem</strong></span> <span class='ocrx_word' id='word_1_726' title='bbox 985 5277 1136 5333; x_wconf 91' lang='lat' dir='ltr'><strong>illius</strong></span> <span class='ocrx_word' id='word_1_727' title='bbox 1185 5286 1353 5332; x_wconf 87' lang='lat' dir='ltr'><strong>totam</strong></span> <span class='ocrx_word' id='word_1_728' title='bbox 1385 5294 1508 5332; x_wconf 91' lang='lat' dir='ltr'><strong>cum</strong></span> <span class='ocrx_word' id='word_1_729' title='bbox 1560 5278 1809 5333; x_wconf 75' lang='lat' dir='ltr'><strong>versione</strong></span> <span class='ocrx_word' id='word_1_730' title='bbox 1845 5277 2036 5331; x_wconf 65' lang='lat' dir='ltr'><strong>Latina</strong></span> 
     </span>
    </p>
   </div>
   <div class='ocr_carea' id='block_1_87' title="bbox 442 5364 2038 5441">
    <p class='ocr_par' dir='ltr' id='par_1_87' title="bbox 442 5364 2038 5441">
     <span class='ocr_line' id='line_1_87' title="bbox 442 5364 2038 5441; baseline 0.004 -23"><span class='ocrx_word' id='word_1_731' title='bbox 442 5364 698 5437; x_wconf 80' lang='lat' dir='ltr'><strong>pristina</strong></span> <span class='ocrx_word' id='word_1_732' title='bbox 730 5368 950 5441; x_wconf 83' lang='lat' dir='ltr'><strong>suisque</strong></span> <span class='ocrx_word' id='word_1_733' title='bbox 989 5372 1135 5426; x_wconf 85' lang='lat' dir='ltr'><strong>notis</strong></span> <span class='ocrx_word' id='word_1_734' title='bbox 1176 5371 1442 5425; x_wconf 73' lang='lat' dir='ltr'><strong>exhibuit.</strong></span> <span class='ocrx_word' id='word_1_735' title='bbox 1502 5369 1607 5424; x_wconf 80' lang='lat' dir='ltr'><strong>llas</strong></span> <span class='ocrx_word' id='word_1_736' title='bbox 1644 5371 1934 5423; x_wconf 82' lang='lat' dir='ltr'><strong>varietates</strong></span> <span class='ocrx_word' id='word_1_737' title='bbox 1971 5371 2038 5424; x_wconf 85' lang='lat' dir='ltr'><strong>le-</strong></span> 
     </span>
    </p>
   </div>
   <div class='ocr_carea' id='block_1_88' title="bbox 441 5460 2040 5536">
    <p class='ocr_par' dir='ltr' id='par_1_88' title="bbox 441 5460 2040 5536">
     <span class='ocr_line' id='line_1_88' title="bbox 441 5460 2040 5536; baseline 0.001 -24"><span class='ocrx_word' id='word_1_738' title='bbox 441 5460 659 5514; x_wconf 84' lang='lat' dir='ltr'><strong>ctionis</strong></span> <span class='ocrx_word' id='word_1_739' title='bbox 707 5464 944 5536; x_wconf 82' lang='lat' dir='ltr'><strong>sumpsit</strong></span> <span class='ocrx_word' id='word_1_740' title='bbox 999 5481 1064 5520; x_wconf 77' lang='lat' dir='ltr'><strong>ex</strong></span> <span class='ocrx_word' id='word_1_741' title='bbox 1117 5463 1335 5519; x_wconf 87' lang='lat' dir='ltr'><strong>duobus</strong></span> <span class='ocrx_word' id='word_1_742' title='bbox 1374 5462 1606 5518; x_wconf 88' lang='lat' dir='ltr'><strong>diversis</strong></span> <span class='ocrx_word' id='word_1_743' title='bbox 1647 5460 1805 5517; x_wconf 91' lang='lat' dir='ltr'><strong>codd.</strong></span> <span class='ocrx_word' id='word_1_744' title='bbox 1866 5460 2040 5531; x_wconf 88' lang='lat' dir='ltr'><strong>iisquc</strong></span> 
     </span>
    </p>
   </div>
   <div class='ocr_carea' id='block_1_89' title="bbox 520 5642 1556 5716">
    <p class='ocr_par' dir='ltr' id='par_1_89' title="bbox 520 5642 1556 5716">
     <span class='ocr_line' id='line_1_89' title="bbox 520 5642 1556 5716; baseline -0.006 -10"><span class='ocrx_word' id='word_1_745' title='bbox 520 5642 601 5716; x_wconf 64' lang='grc' dir='ltr'><strong>(ᾳ)</strong></span> <span class='ocrx_word' id='word_1_746' title='bbox 635 5643 739 5716; x_wconf 60' lang='lat' dir='ltr'><strong>Ed.</strong></span> <span class='ocrx_word' id='word_1_747' title='bbox 785 5664 837 5703; x_wconf 87' lang='lat' dir='ltr'><strong>a.</strong></span> <span class='ocrx_word' id='word_1_748' title='bbox 879 5647 1036 5712; x_wconf 86' lang='grc'><strong>1658,</strong></span> <span class='ocrx_word' id='word_1_749' title='bbox 1072 5656 1204 5703; x_wconf 82' lang='grc' dir='ltr'><strong>Ιοηι.</strong></span> <span class='ocrx_word' id='word_1_750' title='bbox 1240 5644 1324 5711; x_wconf 91' lang='lat' dir='ltr'><strong>III,</strong></span> <span class='ocrx_word' id='word_1_751' title='bbox 1360 5662 1408 5716; x_wconf 94' lang='lat' dir='ltr'><strong>p.</strong></span> <span class='ocrx_word' id='word_1_752' title='bbox 1441 5646 1556 5700; x_wconf 89' lang='lat' dir='ltr'><strong>I80.</strong></span> 
     </span>
    </p>
   </div>
   <div class='ocr_carea' id='block_1_90' title="bbox 521 5711 918 5788">
    <p class='ocr_par' dir='ltr' id='par_1_90' title="bbox 521 5711 918 5788">
     <span class='ocr_line' id='line_1_90' title="bbox 521 5711 918 5788; baseline -0.015 -7"><span class='ocrx_word' id='word_1_753' title='bbox 521 5711 599 5781; x_wconf 71' lang='grc' dir='ltr'><strong>(θ)</strong></span> <span class='ocrx_word' id='word_1_754' title='bbox 634 5712 757 5788; x_wconf 71' lang='grc' dir='ltr'><strong>Ρειε.</strong></span> <span class='ocrx_word' id='word_1_755' title='bbox 797 5720 918 5777; x_wconf 90' lang='grc'><strong>181.</strong></span> 
     </span>
    </p>
   </div>
   <div class='ocr_carea' id='block_1_91' title="bbox 2149 3524 3718 3600">
    <p class='ocr_par' dir='ltr' id='par_1_91' title="bbox 2149 3524 3718 3600">
     <span class='ocr_line' id='line_1_91' title="bbox 2149 3524 3718 3600; baseline -0.004 -16"><span class='ocrx_word' id='word_1_756' title='bbox 2149 3531 2346 3600; x_wconf 81' lang='lat' dir='ltr'><strong>noplia.</strong></span> <span class='ocrx_word' id='word_1_757' title='bbox 2405 3529 2616 3585; x_wconf 81' lang='lat' dir='ltr'><strong>Prodiit</strong></span> <span class='ocrx_word' id='word_1_758' title='bbox 2653 3529 2859 3594; x_wconf 65' lang='lat' dir='ltr'><strong>Graece,</strong></span> <span class='ocrx_word' id='word_1_759' title='bbox 2912 3537 3140 3584; x_wconf 89' lang='lat' dir='ltr'><strong>curante</strong></span> <span class='ocrx_word' id='word_1_760' title='bbox 3187 3526 3520 3590; x_wconf 70' lang='lat' dir='ltr'><strong>Ilmschelio,</strong></span> <span class='ocrx_word' id='word_1_761' title='bbox 3547 3524 3718 3595; x_wconf 81' lang='lat' dir='ltr'><strong>Lugd.</strong></span> 
     </span>
    </p>
   </div>
   <div class='ocr_carea' id='block_1_92' title="bbox 2147 3617 3722 3690">
    <p class='ocr_par' dir='ltr' id='par_1_92' title="bbox 2147 3617 3722 3690">
     <span class='ocr_line' id='line_1_92' title="bbox 2147 3617 3722 3690; baseline -0.003 -14"><span class='ocrx_word' id='word_1_762' title='bbox 2147 3623 2267 3676; x_wconf 81' lang='lat' dir='ltr'><strong>Bat.</strong></span> <span class='ocrx_word' id='word_1_763' title='bbox 2300 3622 2458 3687; x_wconf 86' lang='grc'><strong>1595,</strong></span> <span class='ocrx_word' id='word_1_764' title='bbox 2499 3623 2553 3689; x_wconf 91' lang='grc'><strong>8,</strong></span> <span class='ocrx_word' id='word_1_765' title='bbox 2587 3638 2712 3677; x_wconf 90' lang='lat' dir='ltr'><strong>cum</strong></span> <span class='ocrx_word' id='word_1_766' title='bbox 2753 3623 2876 3676; x_wconf 88' lang='lat' dir='ltr'><strong>aliis</strong></span> <span class='ocrx_word' id='word_1_767' title='bbox 2928 3619 3162 3690; x_wconf 83' lang='lat' dir='ltr'><strong>Nysseni</strong></span> <span class='ocrx_word' id='word_1_768' title='bbox 3192 3618 3498 3688; x_wconf 83' lang='lat' dir='ltr'><strong>opusculis.</strong></span> <span class='ocrx_word' id='word_1_769' title='bbox 3555 3617 3620 3670; x_wconf 70' lang='lat' dir='ltr'><strong>lit</strong></span> <span class='ocrx_word' id='word_1_770' title='bbox 3657 3633 3722 3671; x_wconf 77' lang='lat' dir='ltr'><strong>cx</strong></span> 
     </span>
    </p>
   </div>
   <div class='ocr_carea' id='block_1_93' title="bbox 2149 3710 3719 3784">
    <p class='ocr_par' dir='ltr' id='par_1_93' title="bbox 2149 3710 3719 3784">
     <span class='ocr_line' id='line_1_93' title="bbox 2149 3710 3719 3784; baseline -0.003 -17"><span class='ocrx_word' id='word_1_771' title='bbox 2149 3714 2328 3769; x_wconf 66' lang='lat' dir='ltr'><strong>Ducaai</strong></span> <span class='ocrx_word' id='word_1_772' title='bbox 2392 3715 2844 3784; x_wconf 89' lang='lat' dir='ltr'><strong>interpretatione</strong></span> <span class='ocrx_word' id='word_1_773' title='bbox 2875 3713 3085 3767; x_wconf 87' lang='lat' dir='ltr'><strong>Latine.</strong></span> <span class='ocrx_word' id='word_1_774' title='bbox 3113 3710 3410 3781; x_wconf 78' lang='lat' dir='ltr'><strong>lngolstud.</strong></span> <span class='ocrx_word' id='word_1_775' title='bbox 3466 3710 3624 3776; x_wconf 84' lang='grc'><strong>1596,</strong></span> <span class='ocrx_word' id='word_1_776' title='bbox 3666 3711 3719 3762; x_wconf 92' lang='grc'><strong>8.</strong></span> 
     </span>
    </p>
   </div>
   <div class='ocr_carea' id='block_1_94' title="bbox 2149 3799 3723 3859">
    <p class='ocr_par' dir='ltr' id='par_1_94' title="bbox 2149 3799 3723 3859">
     <span class='ocr_line' id='line_1_94' title="bbox 2149 3799 3723 3859; baseline -0.006 0"><span class='ocrx_word' id='word_1_777' title='bbox 2149 3805 2224 3859; x_wconf 81' lang='lat' dir='ltr'><strong>Ex</strong></span> <span class='ocrx_word' id='word_1_778' title='bbox 2252 3803 2509 3857; x_wconf 86' lang='lat' dir='ltr'><strong>Turriani</strong></span> <span class='ocrx_word' id='word_1_779' title='bbox 2537 3811 2717 3858; x_wconf 84' lang='lat' dir='ltr'><strong>autem</strong></span> <span class='ocrx_word' id='word_1_780' title='bbox 2744 3804 2995 3858; x_wconf 85' lang='lat' dir='ltr'><strong>versio‘ne</strong></span> <span class='ocrx_word' id='word_1_781' title='bbox 3029 3803 3082 3856; x_wconf 93' lang='lat' dir='ltr'><strong>in</strong></span> <span class='ocrx_word' id='word_1_782' title='bbox 3114 3812 3246 3856; x_wconf 89' lang='lat' dir='ltr'><strong>tom.</strong></span> <span class='ocrx_word' id='word_1_783' title='bbox 3274 3800 3317 3854; x_wconf 84' lang='lat' dir='ltr'><strong>V</strong></span> <span class='ocrx_word' id='word_1_784' title='bbox 3351 3799 3586 3854; x_wconf 83' lang='lat' dir='ltr'><strong>Lection.</strong></span> <span class='ocrx_word' id='word_1_785' title='bbox 3627 3815 3723 3851; x_wconf 86' lang='lat' dir='ltr'><strong>an-</strong></span> 
     </span>
    </p>
   </div>
   <div class='ocr_carea' id='block_1_95' title="bbox 2149 3887 3718 3964">
    <p class='ocr_par' dir='ltr' id='par_1_95' title="bbox 2149 3887 3718 3964">
     <span class='ocr_line' id='line_1_95' title="bbox 2149 3887 3718 3964; baseline -0.003 -17"><span class='ocrx_word' id='word_1_786' title='bbox 2149 3897 2410 3964; x_wconf 82' lang='lat' dir='ltr'><strong>tiquarunt</strong></span> <span class='ocrx_word' id='word_1_787' title='bbox 2442 3892 2662 3947; x_wconf 84' lang='lat' dir='ltr'><strong>Ilenrici</strong></span> <span class='ocrx_word' id='word_1_788' title='bbox 2691 3893 2919 3957; x_wconf 88' lang='lat' dir='ltr'><strong>Canisii,</strong></span> <span class='ocrx_word' id='word_1_789' title='bbox 2953 3887 3250 3962; x_wconf 85' lang='lat' dir='ltr'><strong>Ingolstad.</strong></span> <span class='ocrx_word' id='word_1_790' title='bbox 3289 3892 3448 3953; x_wconf 66' lang='lat' dir='ltr'><strong>I604,</strong></span> <span class='ocrx_word' id='word_1_791' title='bbox 3497 3892 3550 3955; x_wconf 72' lang='grc' dir='ltr'><strong>ι1,</strong></span> <span class='ocrx_word' id='word_1_792' title='bbox 3597 3905 3718 3960; x_wconf 90' lang='lat' dir='ltr'><strong>pag.</strong></span> 
     </span>
    </p>
   </div>
   <div class='ocr_carea' id='block_1_96' title="bbox 2151 3979 3720 4053">
    <p class='ocr_par' dir='ltr' id='par_1_96' title="bbox 2151 3979 3720 4053">
     <span class='ocr_line' id='line_1_96' title="bbox 2151 3979 3720 4053; baseline -0.006 -13"><span class='ocrx_word' id='word_1_793' title='bbox 2151 3987 2272 4040; x_wconf 84' lang='grc'><strong>191.</strong></span> <span class='ocrx_word' id='word_1_794' title='bbox 2307 3985 2473 4038; x_wconf 60' lang='grc' dir='ltr'><strong>Ρζωιι.</strong></span> <span class='ocrx_word' id='word_1_795' title='bbox 2529 3986 2588 4038; x_wconf 90' lang='lat' dir='ltr'><strong>In</strong></span> <span class='ocrx_word' id='word_1_796' title='bbox 2638 3983 2890 4053; x_wconf 82' lang='lat' dir='ltr'><strong>Basnagii</strong></span> <span class='ocrx_word' id='word_1_797' title='bbox 2952 3981 3217 4036; x_wconf 82' lang='lat' dir='ltr'><strong>Thesauro</strong></span> <span class='ocrx_word' id='word_1_798' title='bbox 3267 3998 3500 4036; x_wconf 88' lang='lat' dir='ltr'><strong>monum.</strong></span> <span class='ocrx_word' id='word_1_799' title='bbox 3537 3979 3720 4034; x_wconf 83' lang='lat' dir='ltr'><strong>eccles.</strong></span> 
     </span>
    </p>
   </div>
   <div class='ocr_carea' id='block_1_97' title="bbox 2137 4057 3716 4143">
    <p class='ocr_par' dir='ltr' id='par_1_97' title="bbox 2137 4057 3716 4143">
     <span class='ocr_line' id='line_1_97' title="bbox 2137 4057 3716 4143; baseline -0.008 -13"><span class='ocrx_word' id='word_1_800' title='bbox 2137 4057 2368 4132; x_wconf 25' lang='lat' dir='ltr'><strong>&#39;Amstel.</strong></span> <span class='ocrx_word' id='word_1_801' title='bbox 2407 4076 2564 4140; x_wconf 83' lang='grc'><strong>1725,</strong></span> <span class='ocrx_word' id='word_1_802' title='bbox 2594 4074 2686 4127; x_wconf 91' lang='lat' dir='ltr'><strong>fol.</strong></span> <span class='ocrx_word' id='word_1_803' title='bbox 2721 4083 2854 4128; x_wconf 90' lang='lat' dir='ltr'><strong>tom.</strong></span> <span class='ocrx_word' id='word_1_804' title='bbox 2889 4071 2950 4126; x_wconf 89' lang='lat' dir='ltr'><strong>V.</strong></span> <span class='ocrx_word' id='word_1_805' title='bbox 2971 4089 3026 4143; x_wconf 92' lang='lat' dir='ltr'><strong>p.</strong></span> <span class='ocrx_word' id='word_1_806' title='bbox 3045 4073 3136 4125; x_wconf 85' lang='grc'><strong>161</strong></span> <span class='ocrx_word' id='word_1_807' title='bbox 3163 4110 3179 4136; x_wconf 91' lang='grc'><strong>,</strong></span> <span class='ocrx_word' id='word_1_808' title='bbox 3204 4071 3504 4139; x_wconf 84' lang='lat' dir='ltr'><strong>Basnagius</strong></span> <span class='ocrx_word' id='word_1_809' title='bbox 3529 4067 3716 4120; x_wconf 70' lang='lat' dir='ltr'><strong>Graeca</strong></span> 
     </span>
    </p>
   </div>
   <div class='ocr_carea' id='block_1_98' title="bbox 2145 4156 3718 4226">
    <p class='ocr_par' dir='ltr' id='par_1_98' title="bbox 2145 4156 3718 4226">
     <span class='ocr_line' id='line_1_98' title="bbox 2145 4156 3718 4226; baseline -0.01 -3"><span class='ocrx_word' id='word_1_810' title='bbox 2145 4169 2355 4224; x_wconf 88' lang='lat' dir='ltr'><strong>addidit</strong></span> <span class='ocrx_word' id='word_1_811' title='bbox 2389 4183 2457 4222; x_wconf 79' lang='lat' dir='ltr'><strong>ex</strong></span> <span class='ocrx_word' id='word_1_812' title='bbox 2491 4167 2625 4222; x_wconf 89' lang='lat' dir='ltr'><strong>edit.</strong></span> <span class='ocrx_word' id='word_1_813' title='bbox 2673 4165 2938 4220; x_wconf 86' lang='lat' dir='ltr'><strong>Fronton.</strong></span> <span class='ocrx_word' id='word_1_814' title='bbox 2997 4163 3175 4218; x_wconf 79' lang='lat' dir='ltr'><strong>Duch</strong></span> <span class='ocrx_word' id='word_1_815' title='bbox 3219 4169 3350 4214; x_wconf 92' lang='lat' dir='ltr'><strong>tom.</strong></span> <span class='ocrx_word' id='word_1_816' title='bbox 3391 4159 3451 4223; x_wconf 90' lang='lat' dir='ltr'><strong>Il,</strong></span> <span class='ocrx_word' id='word_1_817' title='bbox 3492 4175 3543 4226; x_wconf 90' lang='lat' dir='ltr'><strong>p.</strong></span> <span class='ocrx_word' id='word_1_818' title='bbox 3594 4156 3718 4208; x_wconf 82' lang='lat'><strong>677.</strong></span> 
     </span>
    </p>
   </div>
   <div class='ocr_carea' id='block_1_99' title="bbox 2144 4246 3711 4324">
    <p class='ocr_par' dir='ltr' id='par_1_99' title="bbox 2144 4246 3711 4324">
     <span class='ocr_line' id='line_1_99' title="bbox 2144 4246 3711 4324; baseline -0.009 -11"><span class='ocrx_word' id='word_1_819' title='bbox 2144 4257 2303 4313; x_wconf 82' lang='lat' dir='ltr'><strong>Couf.</strong></span> <span class='ocrx_word' id='word_1_820' title='bbox 2340 4255 2550 4311; x_wconf 77' lang='lat' dir='ltr'><strong>Semler</strong></span> <span class='ocrx_word' id='word_1_821' title='bbox 2581 4257 2618 4310; x_wconf 94' lang='lat' dir='ltr'><strong>I.</strong></span> <span class='ocrx_word' id='word_1_822' title='bbox 2657 4271 2706 4310; x_wconf 91' lang='lat' dir='ltr'><strong>c.</strong></span> <span class='ocrx_word' id='word_1_823' title='bbox 2741 4272 2794 4324; x_wconf 94' lang='lat' dir='ltr'><strong>p.</strong></span> <span class='ocrx_word' id='word_1_824' title='bbox 2844 4255 2969 4308; x_wconf 88' lang='grc'><strong>256.</strong></span> <span class='ocrx_word' id='word_1_825' title='bbox 3011 4282 3080 4294; x_wconf 87' lang='grc'><strong><em>--</em></strong></span> <span class='ocrx_word' id='word_1_826' title='bbox 3115 4252 3306 4305; x_wconf 77' lang='lat' dir='ltr'><strong>Exstat</strong></span> <span class='ocrx_word' id='word_1_827' title='bbox 3331 4250 3385 4302; x_wconf 92' lang='lat' dir='ltr'><strong>in</strong></span> <span class='ocrx_word' id='word_1_828' title='bbox 3419 4247 3544 4304; x_wconf 91' lang='lat' dir='ltr'><strong>cod.</strong></span> <span class='ocrx_word' id='word_1_829' title='bbox 3598 4246 3711 4301; x_wconf 91' lang='lat' dir='ltr'><strong>Dlll</strong></span> 
     </span>
    </p>
   </div>
   <div class='ocr_carea' id='block_1_100' title="bbox 2147 4345 2893 4405">
    <p class='ocr_par' dir='ltr' id='par_1_100' title="bbox 2147 4345 2893 4405">
     <span class='ocr_line' id='line_1_100' title="bbox 2147 4345 2893 4405; baseline -0.009 -1"><span class='ocrx_word' id='word_1_830' title='bbox 2147 4351 2278 4405; x_wconf 91' lang='lat' dir='ltr'><strong>bibl.</strong></span> <span class='ocrx_word' id='word_1_831' title='bbox 2319 4348 2477 4403; x_wconf 83' lang='lat' dir='ltr'><strong>Publ.</strong></span> <span class='ocrx_word' id='word_1_832' title='bbox 2509 4347 2684 4402; x_wconf 87' lang='lat' dir='ltr'><strong>Paris.</strong></span> <span class='ocrx_word' id='word_1_833' title='bbox 2723 4345 2893 4400; x_wconf 77' lang='lat' dir='ltr'><strong>I‘IAIIL.</strong></span> 
     </span>
    </p>
   </div>
   <div class='ocr_carea' id='block_1_101' title="bbox 2219 4453 3723 4528">
    <p class='ocr_par' dir='ltr' id='par_1_101' title="bbox 2219 4453 3723 4528">
     <span class='ocr_line' id='line_1_101' title="bbox 2219 4453 3723 4528; baseline -0.008 -11"><span class='ocrx_word' id='word_1_834' title='bbox 2219 4464 2308 4517; x_wconf 84' lang='grc'><strong>58.</strong></span> <span class='ocrx_word' id='word_1_835' title='bbox 2351 4461 2486 4528; x_wconf 77' lang='grc' dir='ltr'><strong>Περὶ</strong></span> <span class='ocrx_word' id='word_1_836' title='bbox 2519 4459 2646 4521; x_wconf 86' lang='grc' dir='ltr'><strong>τοῦ,</strong></span> <span class='ocrx_word' id='word_1_837' title='bbox 2681 4456 2746 4510; x_wconf 81' lang='lat' dir='ltr'><strong>Tl</strong></span> <span class='ocrx_word' id='word_1_838' title='bbox 2778 4456 2843 4509; x_wconf 84' lang='grc' dir='ltr'><strong>τὸ</strong></span> <span class='ocrx_word' id='word_1_839' title='bbox 2868 4453 3234 4523; x_wconf 77' lang='grc' dir='ltr'><strong>Χριστιανῶν</strong></span> <span class='ocrx_word' id='word_1_840' title='bbox 3260 4453 3446 4522; x_wconf 80' lang='grc' dir='ltr'><strong>ὄνομα</strong></span> <span class='ocrx_word' id='word_1_841' title='bbox 3478 4453 3516 4522; x_wconf 81' lang='grc' dir='ltr'><strong><em>ἢ</em></strong></span> <span class='ocrx_word' id='word_1_842' title='bbox 3545 4453 3723 4523; x_wconf 60' lang='grc' dir='ltr'><strong>ἐπάγ-</strong></span> 
     </span>
    </p>
   </div>
   <div class='ocr_carea' id='block_1_102' title="bbox 2147 4546 3722 4623">
    <p class='ocr_par' dir='ltr' id='par_1_102' title="bbox 2147 4546 3722 4623">
     <span class='ocr_line' id='line_1_102' title="bbox 2147 4546 3722 4623; baseline -0.008 -15"><span class='ocrx_word' id='word_1_843' title='bbox 2147 4558 2356 4623; x_wconf 78' lang='grc' dir='ltr'><strong>γελμα,</strong></span> <span class='ocrx_word' id='word_1_844' title='bbox 2392 4549 2532 4616; x_wconf 83' lang='lat' dir='ltr'><strong>Quid</strong></span> <span class='ocrx_word' id='word_1_845' title='bbox 2575 4565 2760 4602; x_wconf 88' lang='lat' dir='ltr'><strong>nomen</strong></span> <span class='ocrx_word' id='word_1_846' title='bbox 2791 4546 3110 4616; x_wconf 79' lang='lat' dir='ltr'><strong>professiove</strong></span> <span class='ocrx_word' id='word_1_847' title='bbox 3155 4546 3582 4600; x_wconf 80' lang='lat' dir='ltr'><strong>Christianorum</strong></span> <span class='ocrx_word' id='word_1_848' title='bbox 3621 4546 3722 4596; x_wconf 82' lang='lat' dir='ltr'><strong>sibi</strong></span> 
     </span>
    </p>
   </div>
   <div class='ocr_carea' id='block_1_103' title="bbox 2148 4635 3724 4708">
    <p class='ocr_par' dir='ltr' id='par_1_103' title="bbox 2148 4635 3724 4708">
     <span class='ocr_line' id='line_1_103' title="bbox 2148 4635 3724 4708; baseline -0.008 -11"><span class='ocrx_word' id='word_1_849' title='bbox 2148 4645 2289 4705; x_wconf 82' lang='lat' dir='ltr'><strong>velit,</strong></span> <span class='ocrx_word' id='word_1_850' title='bbox 2321 4642 2388 4694; x_wconf 82' lang='lat' dir='ltr'><strong>ad</strong></span> <span class='ocrx_word' id='word_1_851' title='bbox 2430 4639 2784 4694; x_wconf 79' lang='lat' dir='ltr'><strong>Harmoniam</strong></span> <span class='ocrx_word' id='word_1_852' title='bbox 2817 4637 2921 4708; x_wconf 72' lang='lat' dir='ltr'><strong>(tl),</strong></span> <span class='ocrx_word' id='word_1_853' title='bbox 2960 4650 3080 4706; x_wconf 84' lang='lat' dir='ltr'><strong>pag.</strong></span> <span class='ocrx_word' id='word_1_854' title='bbox 3127 4635 3384 4697; x_wconf 83' lang='lat'><strong>699-707,</strong></span> <span class='ocrx_word' id='word_1_855' title='bbox 3438 4649 3562 4689; x_wconf 89' lang='lat' dir='ltr'><strong>cum</strong></span> <span class='ocrx_word' id='word_1_856' title='bbox 3606 4649 3724 4685; x_wconf 81' lang='lat' dir='ltr'><strong>vcr-</strong></span> 
     </span>
    </p>
   </div>
   <div class='ocr_carea' id='block_1_104' title="bbox 2149 4721 3722 4793">
    <p class='ocr_par' dir='ltr' id='par_1_104' title="bbox 2149 4721 3722 4793">
     <span class='ocr_line' id='line_1_104' title="bbox 2149 4721 3722 4793; baseline -0.009 -6"><span class='ocrx_word' id='word_1_857' title='bbox 2149 4730 2303 4787; x_wconf 85' lang='lat' dir='ltr'><strong>sione</strong></span> <span class='ocrx_word' id='word_1_858' title='bbox 2334 4726 2618 4782; x_wconf 84' lang='lat' dir='ltr'><strong>Laurentii</strong></span> <span class='ocrx_word' id='word_1_859' title='bbox 2646 4724 2838 4779; x_wconf 70' lang='lat' dir='ltr'><strong>Silani.</strong></span> <span class='ocrx_word' id='word_1_860' title='bbox 2873 4725 3070 4793; x_wconf 85' lang='lat' dir='ltr'><strong>Incipit</strong></span> <span class='ocrx_word' id='word_1_861' title='bbox 3115 4741 3128 4776; x_wconf 91' lang='lat'><strong>:</strong></span> <span class='ocrx_word' id='word_1_862' title='bbox 3162 4724 3341 4793; x_wconf 78' lang='grc' dir='ltr'><strong>’Ὅπερ</strong></span> <span class='ocrx_word' id='word_1_863' title='bbox 3367 4724 3562 4776; x_wconf 81' lang='grc' dir='ltr'><strong>ποιῶσι</strong></span> <span class='ocrx_word' id='word_1_864' title='bbox 3587 4721 3722 4792; x_wconf 76' lang='grc' dir='ltr'><strong>πρὸς</strong></span> 
     </span>
    </p>
   </div>
   <div class='ocr_carea' id='block_1_105' title="bbox 2147 4813 3722 4890">
    <p class='ocr_par' dir='ltr' id='par_1_105' title="bbox 2147 4813 3722 4890">
     <span class='ocr_line' id='line_1_105' title="bbox 2147 4813 3722 4890; baseline -0.005 -16"><span class='ocrx_word' id='word_1_865' title='bbox 2147 4817 2648 4890; x_wconf 77' lang='grc' dir='ltr'><strong>τοὺςνκρατοῦντας.</strong></span> <span class='ocrx_word' id='word_1_866' title='bbox 2678 4815 2926 4872; x_wconf 85' lang='lat' dir='ltr'><strong>Verterat</strong></span> <span class='ocrx_word' id='word_1_867' title='bbox 2975 4823 3030 4871; x_wconf 90' lang='lat' dir='ltr'><strong>et</strong></span> <span class='ocrx_word' id='word_1_868' title='bbox 3068 4814 3336 4870; x_wconf 82' lang='lat' dir='ltr'><strong>Maximus</strong></span> <span class='ocrx_word' id='word_1_869' title='bbox 3382 4813 3722 4882; x_wconf 85' lang='lat' dir='ltr'><strong>Marguuius,</strong></span> 
     </span>
    </p>
   </div>
   <div class='ocr_carea' id='block_1_106' title="bbox 2141 4904 3721 4984">
    <p class='ocr_par' dir='ltr' id='par_1_106' title="bbox 2141 4904 3721 4984">
     <span class='ocr_line' id='line_1_106' title="bbox 2141 4904 3721 4984; baseline -0.006 -18"><span class='ocrx_word' id='word_1_870' title='bbox 2141 4911 2500 4984; x_wconf 80' lang='lat' dir='ltr'><strong>Cytherorum</strong></span> <span class='ocrx_word' id='word_1_871' title='bbox 2525 4909 2840 4978; x_wconf 86' lang='lat' dir='ltr'><strong>episc0pus,</strong></span> <span class='ocrx_word' id='word_1_872' title='bbox 2888 4904 3076 4960; x_wconf 74' lang='lat' dir='ltr'><strong>Venet.</strong></span> <span class='ocrx_word' id='word_1_873' title='bbox 3109 4905 3266 4970; x_wconf 88' lang='grc'><strong>1585,</strong></span> <span class='ocrx_word' id='word_1_874' title='bbox 3302 4906 3354 4959; x_wconf 87' lang='grc'><strong>8.</strong></span> <span class='ocrx_word' id='word_1_875' title='bbox 3392 4905 3576 4959; x_wconf 68' lang='lat' dir='ltr'><strong>Graece</strong></span> <span class='ocrx_word' id='word_1_876' title='bbox 3601 4919 3721 4974; x_wconf 88' lang='lat' dir='ltr'><strong>pro-</strong></span> 
     </span>
    </p>
   </div>
   <div class='ocr_carea' id='block_1_107' title="bbox 2143 4997 3722 5074">
    <p class='ocr_par' dir='ltr' id='par_1_107' title="bbox 2143 4997 3722 5074">
     <span class='ocr_line' id='line_1_107' title="bbox 2143 4997 3722 5074; baseline -0.007 -14"><span class='ocrx_word' id='word_1_877' title='bbox 2143 5005 2245 5061; x_wconf 86' lang='lat' dir='ltr'><strong>diit</strong></span> <span class='ocrx_word' id='word_1_878' title='bbox 2289 5003 2463 5074; x_wconf 92' lang='lat' dir='ltr'><strong>Lugd.</strong></span> <span class='ocrx_word' id='word_1_879' title='bbox 2497 5001 2618 5054; x_wconf 84' lang='lat' dir='ltr'><strong>Bat.</strong></span> <span class='ocrx_word' id='word_1_880' title='bbox 2663 5001 2820 5062; x_wconf 84' lang='grc'><strong>1595,</strong></span> <span class='ocrx_word' id='word_1_881' title='bbox 2853 4999 2906 5053; x_wconf 93' lang='grc'><strong>8.</strong></span> <span class='ocrx_word' id='word_1_882' title='bbox 2959 4997 3124 5054; x_wconf 63' lang='grc' dir='ltr'><strong>ΕΔΜ.</strong></span> <span class='ocrx_word' id='word_1_883' title='bbox 3176 4998 3469 5068; x_wconf 84' lang='lat' dir='ltr'><strong>Reperitur</strong></span> <span class='ocrx_word' id='word_1_884' title='bbox 3503 5000 3557 5054; x_wconf 92' lang='lat' dir='ltr'><strong>in</strong></span> <span class='ocrx_word' id='word_1_885' title='bbox 3589 5013 3722 5068; x_wconf 89' lang='lat' dir='ltr'><strong>qua-</strong></span> 
     </span>
    </p>
   </div>
   <div class='ocr_carea' id='block_1_108' title="bbox 2145 5088 3718 5155">
    <p class='ocr_par' dir='ltr' id='par_1_108' title="bbox 2145 5088 3718 5155">
     <span class='ocr_line' id='line_1_108' title="bbox 2145 5088 3718 5155; baseline -0.006 -3"><span class='ocrx_word' id='word_1_886' title='bbox 2145 5107 2269 5152; x_wconf 92' lang='lat' dir='ltr'><strong>tuor</strong></span> <span class='ocrx_word' id='word_1_887' title='bbox 2295 5095 2456 5150; x_wconf 91' lang='lat' dir='ltr'><strong>codd.</strong></span> <span class='ocrx_word' id='word_1_888' title='bbox 2485 5092 2614 5146; x_wconf 88' lang='lat' dir='ltr'><strong>bibl.</strong></span> <span class='ocrx_word' id='word_1_889' title='bbox 2656 5090 2812 5146; x_wconf 89' lang='lat' dir='ltr'><strong>Publ.</strong></span> <span class='ocrx_word' id='word_1_890' title='bbox 2834 5089 3007 5147; x_wconf 86' lang='lat' dir='ltr'><strong>Paris.</strong></span> <span class='ocrx_word' id='word_1_891' title='bbox 3033 5100 3088 5146; x_wconf 91' lang='lat' dir='ltr'><strong>et</strong></span> <span class='ocrx_word' id='word_1_892' title='bbox 3111 5093 3164 5146; x_wconf 92' lang='lat' dir='ltr'><strong>in</strong></span> <span class='ocrx_word' id='word_1_893' title='bbox 3200 5090 3323 5146; x_wconf 89' lang='lat' dir='ltr'><strong>cod.</strong></span> <span class='ocrx_word' id='word_1_894' title='bbox 3350 5091 3514 5145; x_wconf 89' lang='lat' dir='ltr'><strong>Taur.</strong></span> <span class='ocrx_word' id='word_1_895' title='bbox 3532 5088 3718 5155; x_wconf 76' lang='lat' dir='ltr'><strong>LXXI,</strong></span> 
     </span>
    </p>
   </div>
   <div class='ocr_carea' id='block_1_109' title="bbox 2146 5183 2596 5242">
    <p class='ocr_par' dir='ltr' id='par_1_109' title="bbox 2146 5183 2596 5242">
     <span class='ocr_line' id='line_1_109' title="bbox 2146 5183 2596 5242; baseline -0.009 -2"><span class='ocrx_word' id='word_1_896' title='bbox 2146 5186 2239 5242; x_wconf 87' lang='lat' dir='ltr'><strong>fol.</strong></span> <span class='ocrx_word' id='word_1_897' title='bbox 2274 5185 2395 5239; x_wconf 70' lang='grc'><strong>164.</strong></span> <span class='ocrx_word' id='word_1_898' title='bbox 2425 5183 2596 5237; x_wconf 75' lang='grc' dir='ltr'><strong>ΗΑΜ..</strong></span> 
     </span>
    </p>
   </div>
   <div class='ocr_carea' id='block_1_110' title="bbox 2215 5265 3720 5343">
    <p class='ocr_par' dir='ltr' id='par_1_110' title="bbox 2215 5265 3720 5343">
     <span class='ocr_line' id='line_1_110' title="bbox 2215 5265 3720 5343; baseline -0.007 -11"><span class='ocrx_word' id='word_1_899' title='bbox 2215 5275 2304 5333; x_wconf 81' lang='grc'><strong>59.</strong></span> <span class='ocrx_word' id='word_1_900' title='bbox 2358 5276 2494 5343; x_wconf 75' lang='grc' dir='ltr'><strong>Περὶ</strong></span> <span class='ocrx_word' id='word_1_901' title='bbox 2564 5275 2956 5342; x_wconf 77' lang='grc' dir='ltr'><strong>τελειότητος,</strong></span> <span class='ocrx_word' id='word_1_902' title='bbox 3011 5273 3112 5327; x_wconf 78' lang='grc' dir='ltr'><em>καὶ</em></span> <span class='ocrx_word' id='word_1_903' title='bbox 3155 5272 3364 5327; x_wconf 76' lang='grc' dir='ltr'><strong>ὁποῖον</strong></span> <span class='ocrx_word' id='word_1_904' title='bbox 3413 5272 3528 5342; x_wconf 77' lang='grc' dir='ltr'><strong>χρὴ</strong></span> <span class='ocrx_word' id='word_1_905' title='bbox 3569 5265 3720 5324; x_wconf 76' lang='grc' dir='ltr'><strong>εἶναι</strong></span> 
     </span>
    </p>
   </div>
   <div class='ocr_carea' id='block_1_111' title="bbox 2145 5360 3719 5436">
    <p class='ocr_par' dir='ltr' id='par_1_111' title="bbox 2145 5360 3719 5436">
     <span class='ocr_line' id='line_1_111' title="bbox 2145 5360 3719 5436; baseline -0.003 -15"><span class='ocrx_word' id='word_1_906' title='bbox 2145 5368 2250 5421; x_wconf 80' lang='grc' dir='ltr'><strong>τὸν</strong></span> <span class='ocrx_word' id='word_1_907' title='bbox 2302 5366 2676 5434; x_wconf 66' lang='grc' dir='ltr'><strong>Χριστιανόιν.</strong></span> <span class='ocrx_word' id='word_1_908' title='bbox 2733 5365 2896 5420; x_wconf 88' lang='lat' dir='ltr'><strong>Liber</strong></span> <span class='ocrx_word' id='word_1_909' title='bbox 2939 5364 3014 5420; x_wconf 85' lang='lat' dir='ltr'><strong>De</strong></span> <span class='ocrx_word' id='word_1_910' title='bbox 3057 5365 3390 5436; x_wconf 77' lang='lat' dir='ltr'><strong>perfectione,</strong></span> <span class='ocrx_word' id='word_1_911' title='bbox 3426 5375 3474 5419; x_wconf 89' lang='lat' dir='ltr'><strong>et</strong></span> <span class='ocrx_word' id='word_1_912' title='bbox 3513 5360 3719 5430; x_wconf 76' lang='lat' dir='ltr'><strong>qualem</strong></span> 
     </span>
    </p>
   </div>
   <div class='ocr_carea' id='block_1_112' title="bbox 2146 5457 3722 5529">
    <p class='ocr_par' dir='ltr' id='par_1_112' title="bbox 2146 5457 3722 5529">
     <span class='ocr_line' id='line_1_112' title="bbox 2146 5457 3722 5529; baseline -0.005 -15"><span class='ocrx_word' id='word_1_913' title='bbox 2146 5469 2380 5529; x_wconf 72' lang='lat' dir='ltr'><strong>oporteat</strong></span> <span class='ocrx_word' id='word_1_914' title='bbox 2437 5475 2548 5512; x_wconf 84' lang='lat' dir='ltr'><strong>esse</strong></span> <span class='ocrx_word' id='word_1_915' title='bbox 2604 5458 2993 5524; x_wconf 85' lang='lat' dir='ltr'><strong>Christianum,</strong></span> <span class='ocrx_word' id='word_1_916' title='bbox 3043 5459 3111 5512; x_wconf 83' lang='lat' dir='ltr'><strong>ad</strong></span> <span class='ocrx_word' id='word_1_917' title='bbox 3161 5457 3487 5529; x_wconf 73' lang='lat' dir='ltr'><strong>Olympium,</strong></span> <span class='ocrx_word' id='word_1_918' title='bbox 3535 5467 3722 5506; x_wconf 82' lang='lat' dir='ltr'><strong>mona-</strong></span> 
     </span>
    </p>
   </div>
   <div class='ocr_carea' id='block_1_113' title="bbox 2226 5639 2624 5710">
    <p class='ocr_par' dir='ltr' id='par_1_113' title="bbox 2226 5639 2624 5710">
     <span class='ocr_line' id='line_1_113' title="bbox 2226 5639 2624 5710; baseline 0 -17"><span class='ocrx_word' id='word_1_919' title='bbox 2226 5640 2297 5710; x_wconf 81' lang='grc' dir='ltr'><strong>(ε)</strong></span> <span class='ocrx_word' id='word_1_920' title='bbox 2339 5639 2468 5710; x_wconf 78' lang='lat' dir='ltr'><strong>Pag.</strong></span> <span class='ocrx_word' id='word_1_921' title='bbox 2501 5639 2624 5710; x_wconf 78' lang='grc'><strong>216.</strong></span> 
     </span>
    </p>
   </div>
   <div class='ocr_carea' id='block_1_114' title="bbox 2215 5709 2627 5785">
    <p class='ocr_par' dir='ltr' id='par_1_114' title="bbox 2215 5709 2627 5785">
     <span class='ocr_line' id='line_1_114' title="bbox 2215 5709 2627 5785; baseline 0.012 -22"><span class='ocrx_word' id='word_1_922' title='bbox 2215 5713 2291 5784; x_wconf 72' lang='lat' dir='ltr'><strong>Id)</strong></span> <span class='ocrx_word' id='word_1_923' title='bbox 2337 5709 2461 5785; x_wconf 63' lang='grc' dir='ltr'><strong>Ρη.</strong></span> <span class='ocrx_word' id='word_1_924' title='bbox 2498 5709 2627 5768; x_wconf 82' lang='grc'><strong>267.</strong></span> 
     </span>
    </p>
   </div>
  </div>
