4106 6208
331 271 408 329 λε)
1531 270 1816 328 NOTITIA
1859 269 1946 326 ex
1988 269 2322 340 montano.
3537 267 3609 324 so

339 394 474 447 liam
520 387 799 458 ascripsit,
855 387 1119 458 quoniam
1171 389 1227 442 in
1256 389 1380 444 cod.
1429 391 1666 459 quodam
1720 389 1923 445 tributa
1953 398 1996 452 Α
2026 393 2277 465 απαντὴν
2312 407 2613 458 sermones,
2640 392 2734 463 qui
2762 389 3011 446 feruntur
3037 389 3140 445 sub
3167 387 3481 443 nominibus
3506 401 3608 441 an-

344 485 414 539 sit
445 480 741 552 Hesychio,
775 487 834 534 et
865 479 958 534 illa
991 478 1230 534 homiliae
1260 481 1449 550 prima:
1472 481 1528 535 in
1566 482 1928 552 explicatione
2029 483 2330 552 tiquiorum
2355 481 2600 548 Patrum,
2637 479 2920 545 Methodii,
2953 479 3140 549 Cyrilli
3161 477 3462 540 Ilierosol.,
3494 475 3605 540 Na-

339 576 440 630 Ioci
493 573 788 643 cujusdam
841 571 898 626 in
949 570 1189 626 Matthrei
1253 571 1459 643 Evang.
1490 583 1782 644 repugnet,
1826 588 1929 629 nec
2030 575 2299 640 zianzeni,
2334 570 2589 645 Nysseni,
2621 571 2918 636 Ambrosii,
2965 570 3339 640 Chrysostomi
3378 577 3433 623 et
3480 565 3612 620 Ful-

334 663 590 720 cumdem
623 663 894 718 orationis
919 670 1084 733 atque
1107 663 1432 733 eloquentia;
1461 665 1722 728 colorem,
1743 666 1836 736 qui
1871 655 1927 720 in

336 755 568 825 reliquis
621 751 860 825 Nysseni
906 760 1073 808 oratt.
1138 763 1419 820 cernatur,
1482 770 1596 826 pra:
1627 771 1686 810 se
1739 755 1922 811 ferat:

336 847 482 902 idem
521 845 756 908 dubitat,
790 859 922 898 num
965 844 1141 914 prima
1175 843 1375 900 similis
1414 846 1721 915 argumenti
1749 847 1927 901 oratio

338 942 410 994 sit
437 939 695 1010 genuina.
740 937 849 992 Sed
886 951 996 991 non
1031 935 1301 992 satisfecit
1332 937 1686 993 Schrmckhio
1713 954 1764 1009 p.
1800 937 1925 1006 128,

338 1035 433 1105 qui
463 1034 613 1086 illam
643 1030 894 1085 criticam
933 1030 1293 1098 quaestionem
1322 1031 1571 1086 curatius
1619 1043 1744 1086 esse
1778 1031 1927 1086 inve-

341 1125 651 1198 stigandam
683 1131 848 1193 atque
875 1121 1298 1178 examinandam
1326 1122 1582 1191 judicat:
1617 1138 1681 1177 ac
1733 1139 1785 1193 p.
1823 1121 1924 1176 1‘26

343 1234 465 1288 sqq.
502 1218 669 1272 latius
695 1214 940 1284 disputat
977 1212 1046 1267 de
1073 1211 1118 1266 V
1149 1212 1391 1268 bomiliis
1436 1212 1512 1268 De
1546 1213 1927 1268 resurrectione

345 1311 561 1363 Christi.
593 1337 663 1348 —
691 1306 767 1360 De
813 1306 1198 1360 resurrectione
1231 1305 1286 1358 in
1337 1319 1532 1359 novem
1579 1305 1738 1360 codd.
1790 1305 1922 1360 bibl.

347 1399 503 1453 Pnbl.
549 1398 724 1452 Paris.
759 1426 828 1437 —
883 1396 959 1450 De
1006 1397 1384 1450 resurrectione
1437 1394 1641 1450 Christi
1691 1405 1740 1450 et
1787 1394 1924 1465 quod

345 1485 494 1537 nullo
526 1484 678 1537 modo
723 1482 983 1536 contrarii
1035 1483 1171 1535 inter
1206 1497 1261 1535 se
1311 1482 1421 1536 sint
1461 1481 1836 1552 Evangelistw,
1869 1482 1925 1536 in

343 1574 471 1630 cod.
503 1573 734 1628 Taurin.
797 1571 983 1635 LXXI,
1015 1570 1136 1625 ‘fol.
1173 1572 1296 1626 114.
1332 1601 1401 1612 -
1439 1571 1639 1628 Eadem
1693 1573 1745 1626 in
1800 1573 1923 1628 cod.

347 1663 662 1734 Mosquensi
691 1661 736 1715 Υ
784 1669 1008 1716 notante
1039 1660 1276 1716 Matthxi
1312 1661 1368 1715 in
1403 1668 1517 1715 not.
1561 1662 1723 1716 codd.
1779 1661 1925 1715 Mos-

2027 667 2192 737 gentii
2222 687 2234 722 :
2291 673 2414 722 cum
2448 666 2646 722 festum
2686 662 2818 719 illud
2851 667 3065 717 constet
3094 658 3310 714 demum
3343 658 3607 712 celebrari

2027 758 2264 826 coepisse
2315 758 2370 812 in
2399 756 2640 812 Ecclesia
2696 769 2841 808 anno
2868 769 2940 807 xv
2966 749 3287 816 Iustiniani,
3319 751 3448 818 imp.
3478 747 3610 803 V’ide

2028 843 2450 903 Thomassinum
2517 849 2572 902 in
2615 847 2820 916 scripto
2866 844 3073 899 Gallice
3112 841 3257 898 edito
3295 841 3368 895 De
3416 840 3602 909 festis,

2027 935 2122 990 lib.
2158 952 2216 1000 ιι,
2246 946 2300 992 et
2328 936 2495 993 Wilh.
2530 935 2821 991 Ernestum
2855 932 3196 988 Tentzelium
3227 930 3362 984 diss.
3395 927 3471 982 De
3501 928 3606 980 ritu

2028 1030 2307 1084 lectionum
2347 1047 2552 1086 sacrar.
2585 1028 2612 1100 §
2645 1029 2698 1083 6.
2729 1025 2893 1082 FABR.
2939 1026 3065 1080 Acc.
3098 1020 3398 1078 Schrmckh
3419 1059 3434 1074 .
3482 1035 3609 1092 pag.

2029 1121 2150 1177 150.
2195 1121 2307 1176 Sub
2338 1122 2558 1176 nomine
2587 1129 2767 1174 tamen
2831 1116 3057 1188 Nysseni
3091 1123 3174 1170 est
3219 1115 3272 1167 in
3315 1111 3436 1166 cod.
3488 1109 3603 1164 blo-

2026 1217 2190 1271 nach.
2229 1212 2364 1267 VIII.
2403 1211 2462 1264 V.
2513 1212 2634 1265 Cat.
2659 1209 2818 1264 codd.
2851 1208 2962 1263 (ita.
2989 1206 3182 1259 Bavar.
3218 1213 3339 1274 pag.
3373 1204 3426 1258 5.
3451 1231 3523 1241 υ-
3553 1203 3606 1254 in

2027 1308 2150 1363 cod.
2210 1302 2519 1379 Vindobon.
2573 1301 2778 1360 Caesar.
2821 1298 2913 1367 XI,
2973 1315 3061 1354 nr.
3107 1297 3160 1353 5.
3195 1294 3316 1349 Vid.
3349 1294 3606 1348 Lambec.

2026 1398 2166 1466 VIII,
2198 1415 2252 1469 p.
2290 1397 2513 1450 l55.—
2571 1391 2862 1448 Florentiae
2888 1391 2941 1444 in
2982 1389 3106 1445 cod.
3148 1385 3406 1441 Laurent.
3444 1381 3606 1445 XVII,

2028 1509 2115 1547 nr.
2146 1492 2207 1544 5I
2235 1506 2249 1553 ;
2274 1488 2367 1544 sed
2400 1486 2472 1541 ibi
2505 1500 2675 1540 sermo
2700 1483 2754 1536 in
2787 1495 3068 1548 occursum
3101 1475 3320 1532 Domini
3346 1483 3400 1530 et
3429 1474 3521 1529 Dei
3553 1475 3608 1528 et

2026 1582 2078 1640 εἰ.
2108 1584 2235 1638 Chr.
2259 1580 2510 1635 diversus
2536 1585 2620 1632 est
2650 1577 2718 1631 ab
2737 1575 2904 1638 edito,
2927 1582 2981 1629 et
3015 1571 3206 1640 incipit
3237 1587 3251 1624 :
3282 1563 3410 1638 Εἶχε
3441 1566 3539 1637 μὲν
3571 1567 3606 1636 ἡ

2028 1674 2136 1727 τῶν
2185 1672 2474 1742 γενεθλίων
2509 1669 2836 1738 πανήγυρις,
2871 1673 2978 1721 etc.
3006 1662 3072 1716 ν.
3105 1664 3258 1732 plura
3294 1661 3347 1714 in
3377 1657 3607 1713 Bandini

354 1730 553 1824 quens.
585 1770 642 1823 p.
671 1753 727 1819 'I,
756 1769 843 1806 nr.
871 1752 960 1807 9.5.
989 1781 1062 1792 -
1091 1749 1153 1806 In
1182 1751 1306 1806 cod.
1349 1751 1581 1808 Coislin.
1609 1751 1766 1816 CVII,
1798 1761 1928 1806 sunt

2035 1765 2148 1820 Cat.
2192 1730 2348 1818 codd.
2376 1761 2470 1816 Gr.
2507 1730 2678 1813 Laur.‘
2707 1730 2749 1820 I,
2782 1772 2835 1826 p.
2862 1755 2988 1809 419.
3017 1730 3169 1804 -1ιι
3202 1749 3325 1805 cod.
3377 1745 3605 1802 Tan‘rin.

354 1862 444 1902 nr.
474 1845 563 1902 6-9
598 1852 828 1915 quatuor
851 1841 1077 1915 Nysseni
1115 1844 1263 1898 hom.
1324 1844 1378 1898 in
1410 1843 1466 1897 S.
1529 1843 1742 1898 Pascha
1779 1844 1839 1896 h.
1888 1843 1923 1896 I.

358 1946 662 2019 numerate
686 1934 857 1991 46-49.
891 1934 953 1989 γ.
994 1933 1293 1989 Muntl’auc.
1348 1935 1480 1990 bibl.
1535 1932 1766 1990 Coislin.
1799 1950 1923 2004 pag.

364 2032 485 2086 182.
521 2028 706 2098 Haut.)

423 2123 514 2178 48.
547 2119 614 2174 In
645 2136 840 2190 magna
884 2117 1170 2172 Dominica
1197 2159 1212 2183 ,
1257 2117 1481 2172 homilia
1529 2116 1620 2182 III,
1675 2117 1750 2170 De
1793 2117 1926 2186 festo

348 2213 638 2269 Prisc/tatas
650 2223 700 2268 et
728 2212 1116 2267 resurrectione
1141 2211 1240 2282 (a),
1268 2209 1521 2274 848-866,
1540 2223 1664 2264 cum
1681 2207 1926 2278 ejusdem

346 2305 519 2360 Silani
552 2306 827 2360 versione.
873 2303 1069 2374 Incipit
1103 2320 1116 2356 :
1155 2302 1218 2357 οἱ
1244 2301 1473 2373 πένητες
1495 2301 1602 2355 τῶν
1623 2299 1929 2372 ἀνθρώπων

343 2398 632 2468 φιλέορτοι.
801 2441 808 2446 .

418 2491 507 2546 L9.
539 2488 773 2543 Humilia
805 2484 898 2551 IV,
936 2486 1028 2550 Ei;
1047 2486 1105 2539 τὸ
1139 2485 1292 2554 ἅγιον
1313 2485 1407 2538 καὶ
1430 2484 1693 2555 σωτήριον
1717 2484 1926 2554 Πάσχα,

352 2582 434 2636 De
454 2590 635 2636 sancto
666 2588 715 2634 et
744 2577 1026 2647 salutifero
1054 2576 1310 2630 Paschatc
1334 2576 1431 2646 (b),
1450 2591 1503 2646 p.
1523 2575 1779 2640 866-869,
1804 2590 1927 2631 cum

351 2673 634 2729 Laurentii
665 2670 840 2726 Silani
867 2670 1143 2725 versione.
1175 2667 1370 2738 Incipit
1403 2688 1416 2723 :
1462 2668 1526 2721 'H
1567 2666 1792 2738 ἀληθινὴ
1835 2666 1928 2720 τοῦ

352 2766 626 2822 σαϐϐάτου
639 2764 1001 2827 κατάπαυσις.
1023 2761 1214 2818 Exstat
1233 2769 1288 2817 et
1315 2775 1438 2816 cum
1459 2760 1709 2816 versione
1730 2758 1927 2814 Joach.

349 2858 676 2922 t‘amerarii,
707 2856 905 2927 Lipsiae
930 2854 1089 2918 l565,
1115 2853 1170 2918 8,
1235 2861 1290 2908 et
1317 2867 1441 2908 cum
1477 2851 1930 2920 interpretatione

351 2950 604 3019 ejusdem
631 2947 946 3014 Camerarii,
986 2953 1152 3016 atque
1181 2946 1354 3000 altera
1398 2943 1616 2999 Henrici
1647 2942 1947 3000 Oelschlaa-

2033 1855 2190 1909 LXX.
2222 1853 2314 1908 fol.
2351 1851 2455 1907 515
2513 1849 2642 1920 (cat.
2705 1845 2865 1902 codd.
2929 1841 3025 1898 Gr.
3057 1839 3226 1895 Taur.
3283 1855 3404 1908 pag.
3457 1836 3604 1905 I67).

2029 1948 2200 2002 IIARL.

2100 2038 2187 2092 55.
2219 2034 2361 2104 Περὶ
2430 2031 2726 2098 θεότητος,
2761 2025 2835 2080 De
2889 2025 3086 2078 deitate
3115 2021 3248 2074 Filii
3293 2028 3342 2074 et
3374 2017 3606 2087 Spiritus

2029 2128 2200 2182 sancti
2236 2134 2284 2180 et
2328 2124 2394 2178 de
2425 2121 2528 2192 ﬁde
2572 2117 2864 2173 Abrahami
2923 2115 3125 2183 (sermo
3163 2110 3343 2164 dictus
3379 2110 3433 2162 in
3477 2121 3610 2161 con-

2030 2218 2156 2273 cilio
2175 2215 2340 2270 CPol.
2369 2229 2419 2266 a.
2437 2211 2566 2266 Chr.
2587 2209 2714 2269 585,
2743 2214 2803 2260 ut
2821 2213 3066 2258 notatum
3097 2193 3450 2256 Tillcmontio
3473 2204 3604 2248 tom.

2029 2306 2122 2372 IX,
2153 2297 2517 2376 pag.586[fj).
2559 2314 2678 2376 pag.
2714 2294 3122 2355 896-910,cum
3162 2287 3404 2359 ejusdem
3434 2284 3608 2376 Silani

2030 2373 2302 2457 versione,
2326 2392 2416 2463 qui
2446 2373 2699 2446 Graaceet
2730 2385 2852 2439 Lat.
2873 2383 3119 2439 ediderat
3133 2380 3326 2434 Colon.
3353 2375 3493 2432 I586
3520 2416 3534 2439 ,
3552 2375 3605 2429 8.

1980 2511 1986 2518 -
2031 2485 2333 2557 Nyssenutn
2373 2482 2469 2544 Εἰς
2507 2476 2597 2532 ⁶ἑὸν
2629 2476 2881 2548 ’Δϐραάμ
2915 2473 3137 2528 laudant
3156 2468 3523 2524 Theodoritus
3553 2465 3608 2521 in

2032 2554 2362 2639 Dial.,.loan.
2421 2570 2808 2632 Damascenus,
2837 2580 2876 2629 ι,
2911 2564 2990 2618 De
3023 2564 3244 2632 imagg.,
3270 2559 3543 2614 Adrianus
3563 2554 3608 2620 I,

2017 2678 2170 2738 'papa
2191 2706 2206 2730 ,
2236 2666 2292 2720 in
2330 2663 2522 2733 epist.,
2544 2669 2598 2715 et
2626 2658 2917 2714 concilium
2947 2672 2985 2711 ιι
3013 2654 3216 2709 Nicaen.
3243 2658 3350 2705 act.
3391 2651 3444 2712 4,
3473 2657 3608 2702 tom.

2033 2737 2121 2822 III,
2147 2757 2288 2812 Binii
2316 2769 2438 2826 pag.
2479 2751 2602 2814 5η,
2632 2757 2685 2804 et
2712 2748 3035 2818 Enthymins
3076 2746 3132 2799 in
3179 2741 3464 2809 Panoplia.
3496 2737 3612 2792 Ho-

2032 2850 2179 2904 milia
2212 2848 2269 2902 in
2331 2839 2598 2899 Abraham
2625 2849 2673 2893 et
2706 2839 2865 2892 Isaac
2893 2836 3085 2891 Latine
3099 2851 3162 2890 ex
3195 2832 3422 2888 Achillis
3457 2827 3615 2883 Statii

2033 2941 2284 2996 versione
2308 2936 2507 3008 prodiit
2549 2931 2771 2987 Lovanii
2819 2928 2975 2990 1551,
3021 2941 3126 2980 una
3160 2939 3284 2979 cum
3326 2924 3386 2976 S.
3435 2920 3613 2990 Chry-

349 3042 514 3113 gerii,
536 3041 807 3111 hujusque
839 3013 984 3094 notis
1023 3013 1372 3110 pltilologicis
1402 3052 1468 3092 ac
1495 3036 1848 3109 theologicis,
1873 3037 1930 3092 in
1959 3067 2002 3127 α
2035 3031 2261 3090 sostomi
2287 3025 2664 3098 explanatione
2680 3021 2829 3077 Orat.
2853 3017 3151 3073 Dominicte
3185 3022 3240 3070 et
3266 3013 3615 3069 sermonibus

2095 3123 2127 3127 _-
2247 3119 2268 3127 ..
2457 3117 2472 3127 .
2582 3115 2613 3127 λ
2711 3114 2722 3126 ο
2767 3113 2778 3125 ο
2834 3109 2850 3127 ι
2961 3126 2966 3127 ,
3023 3105 3513 3127 _._,rl-u_--._t._-_:--n
3547 3101 3615 3127 η-

351 3137 596 3191 tironum
632 3148 769 3188 usus
797 3131 1102 3187 adornatis.
1135 3130 1357 3186 Dresdae
1383 3129 1541 3195 1628,
1573 3130 1626 3185 8.

422 3225 511 3279 50.
558 3222 794 3279 llomilia
815 3220 879 3288 V,
913 3222 1006 3284 El;
1027 3219 1126 3292 τὴν
1151 3204 1463 3292 φωτοφόρον
1499 3219 1592 3274 καὶ
1618 3219 1779 3288 ἁγίαν
1804 3218 1936 3272 ἀνά·-

356 3333 569 3380 anew,
596 3314 664 3370 In
710 3313 1066 3382 luminiferam
1108 3322 1158 3367 et
1212 3321 1454 3368 sanctam
1501 3311 1934 3367 resurrectionem

361 3407 570 3463 Domini
596 3416 645 3460 et
666 3405 763 3458 Dei
794 3404 962 3457 nostri
990 3403 1083 3473 (ε),
1110 3417 1228 3471 pag.
1258 3400 1516 3466 869-875,
1539 3416 1662 3455 cum
1689 3399 1936 3455 versione

362 3500 609 3554 Federici
648 3497 876 3553 Ilorelli.
923 3495 1120 3566 Incipit
1145 3515 1156 3548 :
1180 3493 1486 3568 Εὐλογητὸς
1511 3493 1723 3568 ὁΫΘεός.
1753 3492 1936 3562 Εὐφη-

369 3593 645 3661 μήσωμεν.
707 3588 991 3643 Prodierat
1045 3587 1342 3657 separatim
1404 3584 1500 3639 Cr.
1545 3567 1686 3638 'cum
1728 3583 1936 3638 Morclli

366 3682 615 3737 versione
641 3679 808 3735 Paris.
844 3677 1007 3738 1600,
1039 3676 1095 3741 8,
1145 3687 1198 3736 e_t
1252 3674 1602 3730 Tillemontio
1639 3681 1699 3728 nt
1748 3688 1934 3728 rerum

360 3777 566 3837 inanis,
592 3776 664 3830 ita
697 3774 937 3829 recentis
986 3768 1219 3826 Graeculi
1265 3784 1388 3826 esse
1419 3769 1639 3839 videtur
1671 3777 1802 3823 tom.
1865 3763 1938 3820 IX

361 3867 585 3922 Memor.
643 3867 829 3920 eccles.
875 3880 930 3935 p.
964 3863 1089 3919 615.
1177 3844 1191 3858 ’

428 3962 515 4016 51.
557 3961 664 4025 Εῑς
700 3957 814 4025 τὴν
839 3954 1169 4024 ἀνάληψιν,
1213 3951 1278 4006 In
1311 3951 1672 4007 ascensionem
1723 3948 1940 4003 Domini

359 4054 528 4109 nostri
561 4050 691 4105 Iesu
739 4049 960 4111 Christi,
1017 4059 1138 4118 quae
1167 4047 1283 4101 dies
1339 4045 1476 4100 festa
1521 4041 1938 4114 Cappadocibus

357 4147 504 4200 dicta
539 4153 622 4199 est
650 4146 682 4215 ἡ
707 4141 1084 4213 ὲπισωζομένη
1122 4138 1225 4218 (ά),
1264 4155 1318 4209 p.
1347 4137 1608 4214 875-876,
1661 4153 1785 4194 cum
1819 4152 1941 4190 ver-

361 4235 515 4290 sione
544 4231 690 4288 Petri
719 4231 996 4285 Francisci
1024 4228 1165 4283 Zini.
1200 4228 1397 4298 Incipit
1427 4247 1440 4283 :
1471 4221 1557 4291 Ὦς
1580 4227 1786 4293 γλυκὺς
1809 4242 1940 4278 συν-

361 4327 602 4397 ἐμπορος
651 4323 746 4376 τοῦ
793 4321 1132 4394 ἀνθρωπίνου
1183 4319 1300 4389 βίου
1354 4320 1384 4371 ὁ
1432 4321 1714 4391 προφήτης
1755 4317 1937 4372 Δαυῖδ.

2039 3123 2216 3179 tribus
2239 3119 2302 3174 In
2321 3117 2554 3174 natalem
2567 3113 2801 3176 Domini,
2824 3109 2888 3165 In
2908 3116 3094 3164 sancta
3115 3105 3450 3175 Theophania
3467 3111 3519 3158 et
3541 3101 3616 3156 De

2041 3213 2238 3270 Doride
2250 3212 2519 3282 propheta,
2536 3206 2883 3265 etAthanasii
2911 3203 2974 3258 In
3005 3217 3247 3273 magnam
3269 3213 3606 3269 purast-enen,

2042 3303 2408 3376 Amphilochii
2443 3301 2508 3355 In
2542 3300 2820 3356 sabbatum
2854 3305 3117 3360 sanctum,
3146 3286 3391 3360 Gregorii
3433 3284 3621 3340 Antio:

2042 3397 2200 3452 ebeni
2253 3395 2319 3449 In
2375 3398 2698 3461 sepulturam
2755 3397 2804 3442 et
2865 3384 3301 3440 resurrectionem
3356 3377 3618 3431 Domini:

2045 3487 2334 3558 Sophronii
2365 3483 2430 3538 In
2453 3482 2825 3537 exultationem
2856 3485 3053 3532 sanctm
3087 3474 3256 3526 crucis
3284 3479 3331 3525 et
3359 3483 3623 3523 resurrec-

2045 3586 2267 3646 tionem;
2290 3581 2476 3653 Cyrilli
2504 3579 2659 3633 Alex.
2699 3575 2763 3628 In
2787 3573 3097 3644 parabolam
3117 3570 3314 3631 vinem;
3347 3563 3622 3620 Anastasii

2047 3674 2269 3730 Sinaitte
2291 3673 2366 3728 De
2399 3688 2555 3726 sacra
2585 3669 2798 3738 synaxi,
2821 3675 2874 3721 et
2909 3665 2985 3720 De
3014 3661 3229 3732 injuriis
3262 3657 3622 3718 remittendis;

2044 3766 2305 3822 Marciani
2350 3762 2756 3816 Bethlehemitaa
2817 3757 3142 3826 fragmento,
3201 3750 3330 3814 Nili,
3383 3747 3621 3808 abbatis,

2044 3856 2292 3927 epistolis
2334 3853 2419 3917 III,
2442 3859 2496 3908 et
2526 3851 2666 3922 typis
2688 3848 2994 3919 epistolicis
3023 3842 3276 3915 anonymi
3299 3849 3352 3896 et
3389 3836 3624 3900 Libanii,

2045 3926 2258 4005 necnon
2308 3947 2427 4001 loco
2465 3944 2532 3999 de
2563 3940 2845 4012 epistolica
2883 3935 3120 3992 dictione
3149 3949 3212 3988 ex
3251 3929 3505 3987 Demetrii
3560 3926 3628 3980 li-

2045 4042 2146 4097 bro
2186 4040 2318 4110 Περὶ
2362 4035 2677 4108 ἑρμηνείας.
2715 4033 2906 4086 Exstat
2945 4036 2999 4084 et
3028 4042 3151 4082 cum
3185 4019 3627 4092 interpretatione

2046 4133 2236 4190 Joacb.
2268 4105 2600 4190 Camerarii,
2648 4123 2845 4193 Lipsius
2895 4117 3053 4181 1564.
3088 4116 3141 4178 8,
3168 4122 3220 4169 et
3265 4113 3457 4167 edente
3507 4105 3628 4160 Hm—

2049 4223 2256 4282 schelio
2300 4219 2505 4280 Graece,
2558 4218 2817 4283 Augustae
2848 4208 3063 4263 Vindel.
3107 4203 3266 4263 1591,
3306 4199 3358 4253 8.
3391 4196 3624 4266 Incipit:

2050 4311 2176 4370 Οἷόν
2219 4331 2273 4366 τι
2333 4309 2604 4379 πάσχουσι
2651 4303 2788 4374 πρὸς
2823 4301 2952 4362 τοὺς
2998 4292 3316 4356 πολυανθεῖς
3354 4288 3461 4342 τῶν
3514 4287 3628 4339 λει-

361 4379 537 4488 \iertit
565 4379 618 4471 et
637 4414 802 4469 Laur.
842 4379 1086 4469 Silanus.
1149 4379 1256 4466 sed
1285 4409 1404 4463 Zini
1446 4379 1628 4462 versio
1663 4379 1828 4463 etiam
1884 4406 1940 4461 in
1975 4421 2019 4482 ι)
2052 4407 2269 4480 μὼνων.
2301 4401 2471 4457 Enen.
2506 4397 2698 4453 Exstat
2730 4394 2784 4447 in
2808 4390 3050 4461 quinque
3093 4383 3254 4439 codd.
3288 4381 3422 4438 bibl.
3467 4379 3626 4433 Publ.

363 4507 640 4564 Breviario
671 4504 922 4560 Romano
970 4501 1280 4573 praefertur,
1329 4510 1389 4555 ut
1431 4499 1746 4555 Possevino
1797 4506 1954 4553 nota-

365 4607 503 4656 tum.
553 4598 721 4653 FABR.
757 4596 853 4654 Est
881 4597 936 4650 in
967 4594 1013 4648 II
1063 4594 1224 4649 codd.
1256 4593 1435 4648 Paris.
1465 4601 1519 4648 et
1545 4593 1600 4646 in
1633 4591 1756 4646 cod.
1787 4589 1952 4644 LXXI

373 4688 592 4744 Taurin.
629 4689 803 4744 IIARL.

449 4781 527 4836 5?.
593 4785 692 4847 Εις
763 4780 878 4848 τὴν
940 4777 1318 4843 ὑπαπαντήν,
1387 4773 1464 4829 De
1511 4787 1732 4829 occursu
1767 4771 1952 4825 Domi-

371 4870 454 4935 ni,
485 4869 700 4936 Deipara
723 4877 772 4922 et
801 4868 942 4934 iusto
967 4865 1207 4922 Simeone
1235 4865 1327 4938 (e),
1372 4880 1495 4935 pag.
1530 4859 1790 4925 876-896,
1823 4873 1948 4913 cum

368 4961 625 5017 versione
651 4959 810 5014 Laur.
843 4958 1040 5014 Silani.
1082 4957 1276 5026 Incipit
1310 4976 1324 5012 :
1385 4957 1463 5027 Τῇ
1526 4953 1788 5024 φρονήσει
1837 4949 1948 5002 τῶν

367 5051 646 5124 οὐρανίων
673 5052 961 5122 μετέωρος.
993 5048 1182 5106 Exstat
1211 5055 1266 5103 et
1317 5046 1508 5101 Latine
1553 5041 1696 5115 apud
1727 5039 1948 5096 Surium

363 5144 401 5198 2
440 5143 605 5205 Febr.
643 5141 1016 5214 Hetaphrastze
1056 5139 1464 5212 interpolatoris
1502 5137 1727 5208 vestigia
1763 5135 1815 5189 in
1844 5133 1946 5189 hac

365 5236 593 5292 homilia
644 5243 835 5290 notant
886 5237 984 5291 viri
1027 5235 1199 5291 docti.
1242 5232 1308 5288 Et
1337 5247 1367 5286 a
1406 5230 1546 5286 Lud.
1583 5227 1949 5284 Thomassino

364 5344 468 5400 pro
500 5329 868 5401 supposititiis
923 5329 1194 5384 habentur
1223 5338 1415 5381 omnes
1476 5322 1551 5378 illi
1603 5321 1660 5376 in
1715 5317 1814 5392 τὴν
1845 5318 1952 5370 ὑπ-

440 5472 517 5537 (a)
561 5467 718 5524 Edit:
746 5484 795 5521 a.
829 5467 984 5535 I658,
1010 5467 1098 5534 III,
1133 5483 1258 5537 pag.
1301 5465 1424 5521 U6.

446 5539 519 5610 (ὁ)
562 5543 689 5610 Pag.
740 5540 862 5596 625.

446 5611 516 5682 (ε)
560 5611 683 5682 Ρεε.
727 5611 849 5682 657.

452 5681 530 5742 td)
568 5679 693 5746 Pa'g.
734 5681 854 5740 441.

2051 4473 2229 4554 ὶδειτιε.
2262 4503 2318 4552 et
2371 4495 2427 4548 in
2465 4490 2589 4546 cod.
2618 4485 2848 4541 Taurin.
2881 4478 3068 4536 LXXI.
3117 4475 3182 4532 v.
3221 4476 3341 4532 om.
3378 4473 3471 4527 cit.
3508 4487 3628 4542 pag.

2053 4589 2376 4658 maxum.

2120 4653 2207 4737 5L.
2253 4675 2609 4746 Ἐπιτάριοςζ
2641 4673 2828 4729 Oratio
2860 4665 3093 4739 funebris
3123 4664 3176 4716 in
3200 4661 3443 4730 fratrem,
3469 4653 3634 4746 lissi-

2049 4771 2181 4824 Iium
2217 4742 2496 4838 magnum,
2529 4762 2852 4818 defunctum
2877 4772 2928 4812 a.
2960 4755 3091 4810 (1hr.
3122 4751 3247 4815 579,
3279 4749 3424 4802 dicta
3457 4742 3638 4798 Caesa-

2046 4875 2153 4917 rea!
2176 4860 2231 4914 in
2254 4859 2342 4914 die
2369 4858 2488 4928 ejus
2537 4852 2837 4911 memoriali
2902 4850 2993 4923 lg],
3027 4860 3146 4917 pag.
3170 4839 3453 4902 911-950,
3478 4927 3481 4928 ν
3510 4851 3635 4890 cum

2051 4952 2306 5007 versione
2331 4927 2613 5003 Laurentii
2648 4943 2841 5000 Silani.
2885 4938 3117 5008 Incipit:
3152 4932 3339 5003 Καλὴν
3364 4927 3638 4998 ἐπέθηκεν

2046 5046 2074 5097 ὁ
2092 5043 2226 5106 Θεὸς
2249 5043 2346 5112 τὴν
2367 5039 2539 5104 τάξιν.
2562 5033 2824 5092 Memorat
2841 5027 3251 5102 Amphilochius
3281 5025 3336 5078 in
3363 5022 3422 5078 S.
3445 5018 3638 5073 Basilii

2057 5135 2198 5190 Vita.
2232 5131 2352 5206 [Est
2387 5133 2440 5188 in
2472 5130 2540 5184 III
2562 5129 2722 5186 codd.
2747 5119 2954 5196 Paris.]

2119 5217 2208 5283 55.
2275 5224 2620 5294 Ἐγκώμιον,
2665 5222 2807 5276 Laus
2835 5228 3143 5274 sanctorum
3176 5211 3271 5267 XL
3339 5216 3636 5276 martyrum

2067 5319 2498 5384 Sebastenorum,
2547 5315 2788 5373 homiliis
2820 5313 2886 5378 Il,
2931 5321 3162 5384 quarum
3209 5305 3362 5379 prior
3401 5295 3635 5365 incipit:

2139 5459 2212 5528 (el
2235 5457 2360 5529 Pas-
2394 5457 2517 5529 “i-

2143 5527 2193 5601 (ί
2205 5533 2220 5596 )
2244 5527 2378 5601 ᾼΡθὲ-
2406 5527 2529 5601 49'}-

2141 5597 2211 5672 (g)
2241 5597 2367 5670 I’ag'.
2400 5597 2524 5654 479.
