4106 6208
510 191 581 251 '55
1339 249 1344 254 ,
1730 189 2006 247 NOTiTlA
2049 190 2137 244 EX
2193 188 2528 248 FABRICIO.
3759 182 3850 242 56

512 326 572 372 ut
598 317 830 382 videtur,
857 313 1056 386 "Nyssa:
1083 315 1357 383 ineorum
1387 313 1668 385 martyrio,
1704 313 1818 366 sive
1851 309 2071 380 templo,
2103 317 2150 374 Λ
2183 317 2371 380 postea
2402 309 2680 368 recensuit
2702 309 2962 365 Lambcc.
2988 308 3041 364 in
3069 307 3172 362 vol.
3205 305 3340 374 VIII,
3371 322 3504 380 pag-
3539 308 3666 363 155
3692 322 3842 378 sqq-

511 421 720 465 etcum
757 407 872 464 Jac.
926 407 1167 464 Gretseri
1217 407 1469 463 versione
1512 421 1658 462 nunc
1689 406 1925 476 primum
1966 405 2085 459 edi-

513 509 568 556 ta
591 501 688 571 (a).
723 499 917 570 Incipit
943 516 957 552 :
983 501 1043 553 Οἱ
1070 500 1170 569 μὲν
1198 498 1412 551 ὁπλῖται
1451 497 1757 579 Ἱίωμαιων.
1787 497 1916 551 Duae
1941 493 2086 567 prio-
2112 503 2119 510 '

513 605 601 645 res
626 589 866 644 homiliaa
897 604 1082 658 supra,
1113 603 1199 642 nr.

585 703 676 758 70.
712 701 911 758 Contra
935 719 1021 756 eos
1079 702 1166 771 qui
1196 699 1447 769 differunt
1484 699 1804 770 baptismum
1838 697 1936 769 (ὁ),
1963 711 2085 751 cum

513 795 768 850 versione
799 792 1053 850 Gentiani
1101 792 1342 848 Ilerveti.
1393 792 1589 862 Incipit
1630 812 1642 847 :
1679 792 1743 842 Ut
1777 790 1876 859 τῆς
1909 790 2090 842 οἰκου-

519 886 685 956 μένης
707 880 908 954 ταύτηξ
931 883 1186 954 βασιλεῖς.
1216 883 1404 939 Latine
1421 883 1537 954 jam
1557 881 1658 937 fuit
1676 895 1865 952 supra,
1888 895 1974 934 nr.
1994 878 2085 933 21.

517 974 605 1047 [γ.
646 973 967 1030 Scbroeckh.
1002 990 1054 1044 p.
1085 975 1187 1028 117
1212 973 1360 1046 sqq.]
1416 1042 1424 1050 .

585 1086 676 1140 71.
706 1086 865 1140 Κατὰ
899 1085 1263 1151 τοκιζόντων,
1296 1086 1504 1141 Contra
1541 1086 1836 1151 usurarios,
1868 1083 1984 1140 sive
2016 1082 2089 1150 fe-

517 1186 804 1240 neratores,
837 1191 963 1231 cum
988 1179 1236 1233 versione
1269 1176 1387 1232 Jac.
1424 1176 1667 1232 Gretseri
1698 1175 1796 1247 (c).
1845 1174 2040 1244 Inclpit
2067 1190 2084 1226 :

419 1344 423 1348 η
517 1269 639 1320 Τῶν
681 1268 986 1339 φιλαρέτων
1017 1267 1338 1341 ἀνθρώπων.
1373 1268 1566 1323 Latine
1603 1269 1715 1338 jam
1749 1265 1852 1321 fuit
1899 1279 2087 1335 supra,

517 1373 603 1412 nr.
629 1357 718 1411 96.
746 1357 956 1413 Laudat
988 1359 1046 1414 S.
1083 1359 1345 1416 Basilium
1372 1368 1426 1416 et
1464 1375 1587 1430 qua:
1619 1361 1710 1414 ille
1729 1360 1786 1412 in
1810 1357 2089 1412 Psalmum

515 1464 627 1511 xlv,
657 1457 848 1504 contra
873 1449 1551 1521 feneratoresscripserat.

585 1562 672 1615 72.
709 1561 784 1615 De
812 1563 1139 1631 pauperibus
1170 1571 1220 1616 et
1256 1562 1618 1630 beneﬁcentia,
1641 1561 1779 1628 Περὶ
1798 1563 2086 1627 εὐποιΐας,

2189 411 2244 455 et
2265 401 2318 455 in
2343 415 2472 470 quo,
2498 401 2570 456 ibi
2591 405 2714 455 cod.
2733 400 2779 456 X
2806 407 3111 466 numerato,
3135 399 3284 454 varia
3301 408 3432 456 sunt
3451 399 3626 454 Max.
3649 397 3843 454 Plan.

2189 493 2474 561 Opuscula,
2502 493 2554 546 in
2579 493 2663 548 his
2681 509 2763 548 nr.
2791 491 2844 555 5,
2873 499 3171 548 memorata
3193 491 3389 556 oratio,
3407 491 3589 559 cujus
3607 491 3842 553 etiam,

2191 582 2294 638 sub
2323 581 2460 636 Max.
2496 581 2653 636 Plan.
2689 582 2950 649 nomine,
2986 582 3235 637 meminit
3282 585 3393 636 Lco
3433 582 3712 636 Allatius
3769 580 3839 635 in

2191 673 2421 727 diatriba
2459 673 2525 728 de
2560 672 2893 746 Symeonum
2927 672 3147 744 scriptis
3182 687 3305 744 pag.
3342 673 3434 739 87,
3470 673 3619 727 add.
3666 671 3839 726 Nes-

2190 767 2308 822 selli
2341 775 2447 822 cat.
2483 767 2642 821 codd.
2673 766 2875 822 Caasar.
2911 775 3051 836 part.
3086 781 3141 831 ι,
3174 783 3227 836 p.
3259 767 3362 821 ’556
3385 807 3398 829 ,
3429 775 3484 822 et
3517 774 3694 837 part.
3739 779 3832 827 tv.

2165 866 2313 930 'pag.
2344 857 2479 922 158,
2506 858 2661 920 codd.
2693 856 2968 916 CCLXIX.
3000 888 3067 898 —
3091 857 3206 912 Sub
3233 857 3452 911 Maximi
3483 856 3670 912 Plan.
3707 872 3835 910 no-

2192 951 2334 1002 mine
2360 955 2540 1003 exstat
2565 963 2782 1018 quoque
2811 948 2864 1000 in
2897 948 3019 1002 cod.
3066 947 3330 1001 Laurent.
3370 945 3513 1000 XXII
3538 988 3556 1011 ,
3598 962 3704 1000 nr.
3748 947 3831 1011 5,

2189 1037 2325 1106 plut.
2361 1038 2447 1093 56.
2488 1035 2547 1090 V.
2585 1037 2814 1092 Bandin.
2846 1038 2966 1092 Cat.
3003 1039 3173 1092 codd.
3211 1038 3303 1093 Gr.
3336 1036 3496 1091 Laur.
3535 1037 3588 1091 ll
3612 1077 3630 1100 ,
3671 1053 3824 1108 pag.

2188 1127 2315 1184 527.
2340 1127 2472 1180 Add.
2505 1129 2646 1182 infra
2677 1130 2782 1184 vol.
2821 1127 2902 1193 Χ,
2936 1145 3060 1200 pag.
3092 1129 3196 1183 554
3218 1170 3234 1193 ,
3268 1145 3354 1183 nr.
3394 1130 3482 1183 14.
3517 1129 3736 1184 ΗΑΜ..

2259 1218 2350 1272 76.
2381 1217 2653 1285 Expositio
2674 1219 2882 1274 Cantici
2912 1220 3260 1283 canticorum,
3291 1235 3382 1287 per
3413 1220 3826 1287 paraphrasiu

2190 1311 2433 1374 collecta,
2483 1327 2550 1365 ex
2595 1310 2695 1365 SS.
2741 1309 2986 1384 Gregorii
3020 1311 3273 1382 Nysseni,
3326 1311 3431 1366 Nili
3459 1321 3515 1368 et
3547 1313 3823 1366 Maximi

2190 1400 2623 1465 commentariis,
2656 1399 2842 1456 Graace
2867 1418 2988 1456 cum
3017 1402 3160 1459 Petri
3189 1403 3463 1458 Francisci
3494 1401 3633 1456 Zini
3674 1415 3825 1454 ver-

2191 1488 2344 1544 sione
2366 1489 2561 1560 legitur
2583 1497 2714 1544 tom.
2738 1488 3055 1552 ll,Auctarii
3085 1493 3224 1547 Bibl.
3242 1492 3462 1546 Patrum
3491 1489 3822 1553 Ducmani,

2191 1576 2367 1634 Paris.
2403 1579 2562 1643 I624,
2594 1587 2648 1634 et
2677 1579 2732 1634 in
2758 1580 3083 1635 Bibliotheca
3111 1581 3363 1647 Patrum,
3399 1581 3580 1636 Paris.
3626 1580 3815 1641 1651.

514 1666 637 1705 cum
685 1650 804 1705 Zini
835 1651 1087 1706 versione
1121 1651 1217 1721 (ά).
1268 1651 1500 1721 Incipit:
1554 1651 1612 1703 '0
1639 1651 1738 1720 τῆς
1771 1650 2088 1720 Ἑκκλησίας

2196 1680 2325 1726 tom.
2352 1669 2490 1734 XIII,
2531 1687 2636 1726 ms.
2670 1669 2857 1728 Graece
2899 1684 3023 1744 post
3051 1671 3441 1728 Tlieodoiitttni
3478 1674 3535 1726 in
3585 1669 3819 1726 Canti-

513 1740 718 1812 ταύτης
768 1742 1048 1813 πρόεδρος.
1089 1740 1282 1796 Latine
1320 1741 1432 1810 jam
1484 1739 1587 1794 fuit
1623 1755 1810 1809 supra,
1857 1755 1944 1794 nr.
1996 1739 2088 1804 21,

516 1829 726 1896 Gnecc,
761 1827 943 1884 addita
978 1829 1101 1884 Zini
1141 1830 1614 1899 interpretatione,
1645 1830 1856 1899 primus
1903 1829 2094 1900 vulga-

515 1924 586 1976 vit
629 1922 944 1987 Gretscrus,
971 1936 1002 1976 e
1035 1921 1228 1977 codice
1265 1918 1535 1984 Caesareo,
1566 1921 1726 1990 cujus
1763 1917 2094 1990 Seb.Teng-

517 2015 764 2083 nagelius
818 2015 919 2082 ipsi
948 2013 1163 2082 cupiam
1194 2011 1342 2074 fecit,
1399 2026 1450 2065 a.
1499 2011 1655 2069 1617,
1698 2011 1993 2082 Ingolstad.
2033 2012 2086 2076 4,

516 2105 823 2158 adcalcem
847 2103 1214 2168 Quaestionum
1249 2102 1525 2156 Anastasii
1559 2101 1806 2156 Sinaitze.

583 2197 674 2249 75.
729 2193 790 2247 1η
835 2194 1149 2261 principium
1191 2192 2086 2262 jejuniorum,Elcnapelmiamr

514 2282 827 2350 νηστειῶν,
847 2297 968 2335 cum
1001 2281 1254 2336 versione
1282 2280 1398 2337 Jac.
1448 2280 1712 2348 Gretseri,
1755 2284 1845 2351 qui
1883 2283 2091 2352 primus

517 2382 745 2443 utraque
784 2373 966 2444 lingua
993 2373 1160 2426 edidit
1194 2371 1490 2443 Ingolstad.
1520 2373 1679 2438 I5l7,
1722 2377 1754 2430 4
1800 2374 1894 2446 (e).
1948 2373 2090 2429 Inci-

516 2465 626 2535 pit:
657 2463 914 2519 Σύνθετον
937 2463 1074 2528 ζῶον
1094 2465 1122 2516 ὁ
1148 2463 1451 2534 ἄνθρωπος.
1481 2462 1604 2521 Haec
1628 2463 1850 2519 homilia
1880 2466 2094 2520 Asterio

515 2556 787 2609 Amaseno
832 2553 1093 2608 tribuitur
1139 2567 1171 2607 a
1208 2552 1421 2621 Photio,
1472 2557 1564 2626 qui
1624 2555 1871 2611 nonnihil
1917 2571 1983 2610 ex
2028 2571 2092 2611 ea

513 2642 671 2699 all‘ert
699 2644 821 2698 cod.
857 2642 1129 2698 CCLXXI.
1169 2642 1248 2716 [In
1292 2645 1416 2699 cod.
1458 2644 1712 2701 Laurent.
1747 2642 1938 2709 XXVI,
1987 2660 2072 2699 nr.

519 2733 612 2797 tt,
651 2734 790 2804 plut.
827 2733 880 2786 7.
915 2733 981 2789 v.
1016 2733 1247 2788 Bandin.
1281 2735 1321 2800 ι,
1353 2751 1407 2806 ρ.
1441 2736 1568 2803 279,
1601 2735 1655 2791 in
1699 2735 1737 2791 ιι
1798 2737 1966 2809 codd.
1988 2737 2092 2790 Pa-

515 2821 704 2887 ris.,in
731 2820 852 2878 cod.
883 2821 1110 2878 Taurin.
1140 2822 1325 2880 LXXI.
1360 2823 1561 2897 Hann]

585 2910 674 2965 74.
723 2910 921 2968 Contra
960 2913 1298 2982 [ornicarias,
1355 2915 1469 2970 sive
1516 2915 1570 2968 in
1612 2913 1745 2969 illud
1773 2914 2019 2985 Apostoli
2059 2911 2080 2966 l

2195 1778 2311 1814 cum
2372 1763 2702 1815 canticorum
2769 1765 2822 1817 in
2896 1765 3086 1819 codice
3152 1765 3456 1834 theologico
3518 1763 3820 1819 Casat‘eo
3927 1815 3932 1817 _

2194 1847 2464 1904 CCCXIV.
2522 1848 2691 1904 FABR.
2723 1880 2794 1890 —
2826 1851 3082 1906 Monach.
3139 1853 3368 1907 in'cod.
3420 1851 3679 1907 XXXIX.
3733 1851 3809 1906 V.

2192 1949 2297 1992 cat.
2337 1938 2429 1992 Gr.
2477 1939 2641 1993 codd.
2697 1939 2888 1995 Bavar.
2940 1958 2994 2011 p.
3040 1943 3128 1998 I0.
3157 1975 3223 1985 —
3253 1943 3411 1999 Conl.
3468 1945 3596 2000 cod.
3648 1944 3809 2009 LVI,

2191 2029 2392 2082 Caesar.
2448 2038 2501 2084 et
2530 2030 2596 2086 de
2637 2031 2732 2084 illo
2775 2029 3031 2087 Lambec.
3068 2049 3267 2090 comm.
3320 2034 3409 2098 III,
3462 2050 3514 2104 p.
3549 2035 3696 2097 212,
3736 2051 3812 2092 ac

2192 2120 2246 2176 in
2285 2122 2389 2177 hoc
2434 2123 2542 2176 vol.
2591 2138 2645 2192 p.
2686 2124 2792 2180 285
2831 2140 2914 2196 sq.
2965 2141 3050 2180 nr.
3083 2127 3137 2192 5,
3170 2142 3233 2181 ac
3260 2142 3381 2197 pag.
3417 2126 3483 2184 96
3543 2129 3664 2182 sub
3699 2131 3810 2184 tin.

2194 2213 2367 2268 ΒΑΜ..

2263 2346 2350 2401 77.
2395 2344 2639 2415 Epistula
2663 2347 2732 2400 ad
2753 2345 3064 2417 Evagrium,
3097 2346 3430 2409 monachum,
3465 2345 3596 2401 latet
3634 2346 3802 2403 inter

2189 2438 2473 2494 orationes
2523 2437 2872 2506 Nazianzeni,
2924 2456 3151 2495 numero
3185 2438 3344 2507 XLV,
3393 2440 3487 2496 scd
3523 2439 3796 2512 Nysseni

2189 2546 2314 2587 esse
2339 2531 2578 2594 videtur,
2611 2531 2872 2600 quoniam
2906 2531 2960 2584 in
2991 2545 3056 2586 ea
3085 2529 3362 2600 leguntur,
3397 2547 3521 2602 qute
3555 2531 3797 2604 Euthy-

2192 2625 2335 2679 mius
2364 2625 2419 2678 in
2450 2621 2716 2690 Panoplia
2747 2622 2904 2677 aliert
2939 2638 3002 2677 ex
3037 2621 3287 2693 Nysscno
3315 2623 3452 2694 πρὸς
3497 2623 3792 2696 Εὐάγριον

2193 2715 2422 2786 μόναχον
2443 2715 2571 2785 περὶ
2595 2714 2876 2785 Θεότητος,
2909 2723 2964 2770 et
2989 2715 3093 2771 sub
3123 2714 3228 2769 hoc
3254 2715 3415 2769 titulo
3443 2715 3700 2770 occurrit
3725 2717 3788 2769 in

2188 2806 2357 2861 variis
2411 2804 2572 2861 codd.
2619 2820 2756 2861 mss.
2807 2812 2869 2860 ut
2915 2805 3167 2861 Caesareo
3225 2805 3417 2860 Graeco
3453 2806 3784 2877 theologica

2191 2897 2328 2953 XLII
2361 2899 2455 2969 (g).
2507 2897 2714 2956 Confer
2756 2912 2879 2968 quae
2922 2912 3090 2968 supra
3135 2897 3189 2951 in
3231 2895 3576 2952 Nazianzeno
3635 2897 3781 2951 dixi.

513 3001 643 3056 cor,
673 3017 747 3066 γι,
782 3003 866 3066 ιε,
892 2975 994 3068 ράί
1025 2975 1342 3072 {amicam},
1367 3006 1420 3059 ίη
1449 3007 1720 3075 proprium
1748 2975 1936 3073 σοιῖραδ
1967 3021 2086 3075 pec-
2111 2991 2154 3047 C
2181 2989 2330 3046 Idem
2371 2991 2653 3061 Evagrius,
2697 3005 2820 3061 quae
2845 3005 2875 3045 a
2901 2975 3162 3062 Gregorio
3195 2989 3263 3044 de
3285 2996 3525 3060 quatuor
3552 2988 3788 3044 virtuti-

513 3105 600 3149 σοι
627 3096 716 3166 tn,
742 3112 867 3152 cum
911 3099 1433 3154 versioneGentiani
1470 3098 1707 3155 Herveti.
1731 3099 2087 3170 Incipitztbo-

515 3186 649 3259 σερὰ
675 3188 774 3258 τῆς
811 3189 1169 3259 ἀποπολικῆς
1203 3189 1576 3260 παραγγελίας
1621 3191 1654 3262 ἡ
1697 3191 1948 3260 σάλπιγξ.
1987 3191 2088 3246 La-

514 3279 627 3334 tine
665 3279 777 3348 jam
801 3279 899 3332 fuit
928 3293 1091 3348 supra
1126 3295 1209 3333 nr.
1232 3280 1322 3334 22.
1354 3279 1539 3336 Graece
1568 3283 1776 3351 primus
1799 3298 1920 3338 cum
1953 3283 2088 3338 Iler-

513 3368 623 3423 veti
683 3370 938 3424 versione
968 3369 1140 3424 edidit
1171 3369 1485 3428 Gretserus.
1515 3372 1810 3444 lngolstad.
1849 3375 2005 3442 1617,
2028 3375 2082 3431 xl.

513 3457 792 3512 Lacunam
821 3474 884 3513 ex
908 3459 1096 3514 codice
1115 3459 1306 3517 Graeco
1328 3461 1593 3518 Vaticano
1615 3465 1888 3535 supplevit
1921 3464 2083 3519 Laur.

514 3549 870 3620 Zaccagnius,
914 3551 968 3606 in
1030 3551 1374 3607 Collectaneis
1419 3567 1873 3610 monumentorum
1926 3566 2084 3611 vete-

517 3653 657 3701 rum,
699 3639 858 3694 Rom.
895 3640 1054 3707 I698,
1089 3643 1143 3709 4,
1181 3658 1233 3712 p.
1271 3643 1396 3698 353.

583 3728 650 3784 V.
685 3729 752 3784 In
783 3739 971 3785 neutra
1005 3732 1234 3788 editione
1280 3733 1691 3792 erco-Latina
1722 3737 1976 3791 habentur
1996 3755 2014 3792 :

583 3817 872 3886 Pratterea,
907 3839 1028 3893 quae
1057 3839 1180 3879 cum
1208 3827 1464 3884 referrem
1492 3831 1660 3896 edita,
1691 3831 1851 3886 simul
1881 3845 2087 3886 memo-

511 3911 650 3975 ravi,
684 3929 767 3966 nr.
791 3900 861 3978 ’7,
906 3915 992 3982 15,
1024 3917 1114 3984 25,
1144 3918 1235 3986 a7,
1263 3919 1332 3975 58
1363 3929 1416 3976 et
1447 3922 1532 3976 74.

584 4015 674 4073 75.
737 4015 804 4071 In
838 4017 1058 4075 Petrum
1104 4032 1154 4077 et
1235 4024 1482 4081 Paulum.
1547 4027 1778 4082 Ilomilia
1855 4030 2088 4101 longior,

513 4121 676 4178 quam
699 4124 764 4164 ex
790 4126 893 4167 ms.
917 4109 1166 4168 Caesareo
1186 4131 1308 4171 cum
1340 4120 1593 4175 versione
1616 4137 1715 4176 sua
1745 4121 1913 4178 edidit
1931 4123 2090 4188 Jacoe

517 4201 619 4256 bus
641 4199 930 4287 Gretserus
955 4204 1249 4275 Ingolstad.
1277 4210 1432 4276 1620,
1467 4211 1520 4265 8.
1547 4215 1840 4281 Incertum,
1859 4229 1928 4268 an
1958 4215 2094 4287 Nys-

2190 3081 2291 3138 bus
2319 3082 2696 3138 cardinalibus
2725 3081 2997 3146 didicerit,
3047 3082 3235 3137 retulit
3264 3083 3318 3136 in
3359 3096 3460 3136 suo
3494 3080 3782 3146 Gnastico,

2187 3186 2218 3226 e
2262 3186 2371 3242 quo
2428 3169 2686 3225 Socrates
2738 3186 2813 3236 tv,
2867 3170 2975 3225 23:
3022 3171 3108 3223 ‘Ev
3136 3168 3216 3235 τῷ
3240 3169 3560 3235 Γνωστικῷ
3599 3169 3782 3225 αὑτοῦ

2190 3261 2501 3332 (Εὐάγριος)
2532 3258 2758 3313 τοιαῦτά
2797 3271 2952 3328 φησι·
2981 3257 3264 3330 Τέσσαρας
3297 3259 3495 3329 ἀρετὰς
3541 3259 3638 3312 καὶ
3673 3257 3780 3323 τὰς

2189 3353 2420 3422 Θεωρίας
2469 3351 2650 3405 αὐτῶν
2695 3351 2846 3424 παρὰ
2869 3351 2963 3404 τοῦ
3005 3351 3217 3405 δικαίου
3254 3351 3552 3424 Γρηγορίου
3588 3369 3779 3424 μεμα-

2190 3443 2437 3516 Θήκαμεν
2472 3439 2636 3506 εἶναι,
2674 3443 2952 3514 φρόνησιν,
2980 3449 3087 3498 etc.

2257 3571 2346 3625 78.
2367 3570 2799 3640 Ἀντιρῤητικὸς
2824 3569 2973 3638 πρὸς
2993 3569 3064 3623 τὰ
3095 3568 3563 3637 Ἄπολλιναρίου,
3581 3566 3772 3623 Antir-

2190 3664 2415 3717 rheticus
2441 3663 2690 3717 adversus
2717 3661 3104 3732 Apollinarem.
3135 3658 3332 3732 Incipit
3352 3679 3364 3714 :
3388 3660 3567 3715 Καλὸν
3586 3658 3651 3713 ἂν
3674 3659 3770 3728 γέ-

2190 3773 2333 3810 νοιτο
2375 3755 2660 3827 προοίμιον
2698 3756 2852 3825 ἡμῖν.
2903 3752 3119 3826 lnsigne
3158 3754 3261 3806 hoc
3301 3768 3438 3820 opus
3471 3766 3500 3804 a
3537 3751 3767 3805 Leontio

2195 3847 2321 3920 Byz.
2352 3847 2596 3918 in_variis
2625 3847 2868 3916 scriptis,
2899 3861 2928 3899 a
2952 3845 3107 3899 Joan.
3132 3843 3464 3897 Damasceno
3486 3851 3539 3896 et
3562 3839 3765 3908 Euthy-

2193 3941 2320 4006 mio,
2356 3955 2570 3996 necnon
2603 3940 2656 3993 in
2695 3940 2834 3992 actis
2872 3947 3037 3992 sexta:
3086 3935 3282 4005 synodi
3324 3923 3540 3988 actione
3567 3930 3616 3985 X
3642 3930 3763 3983 lau-

2191 4034 2397 4096 datum,
2454 4043 2923 4102 memoratumque
2972 4029 3274 4098 Niceplioro
3329 4043 3405 4090 ιι,
3468 4027 3554 4090 I9,
3583 4023 3760 4083 .llist.,

2192 4125 2402 4194 primus
2431 4138 2496 4178 ex
2531 4123 2721 4178 codice
2765 4121 3046 4188 Vaticano,
3080 4118 3180 4172 700
3219 4117 3439 4171 circiter
3467 4125 3760 4171 annorum,

2191 4218 2429 4287 vulgavit
2458 4231 2580 4270 eum
2623 4213 2874 4268 versione
2908 4227 3006 4266 sua
3049 4211 3302 4279 notisque
3345 4207 3506 4261 Laur.
3561 4205 3763 4277 laeca-

516 4295 632 4349 seni
669 4295 758 4350 sit.
789 4283 956 4352 Fauon.
987 4298 1082 4354 Est
1104 4299 1319 4354 Maximi
1352 4301 1632 4368 Planudaa,
1665 4314 1722 4360 ut
1756 4306 1862 4360 late
1903 4283 2088 4361 docuit
2121 4319 2166 4374 ι)
2192 4283 2371 4376 gnius,
2406 4308 2457 4360 in
2495 4305 2836 4359 Collectaneis
2871 4310 3250 4356 monumentor.
3292 4309 3544 4360 veterum,
3598 4297 3758 4348 llom.

515 4381 770 4442 Lambec.
790 4389 842 4442 in
866 4389 1077 4444 Comm.
1103 4391 1210 4448 vol.
1234 4390 1324 4454 IV,
1351 4409 1403 4463 p.
1441 4393 1541 4449 II9
1570 4412 1689 4464 sqq.
1723 4395 1790 4451 de
1806 4397 1934 4452 cod.
1953 4380 2090 4461 CIX,

515 4473 717 4530 Caesar.
749 4478 803 4529 in
831 4495 942 4545 quo
967 4491 1053 4533 nr.
1099 4481 1186 4543 I2,
1211 4484 1301 4536 illa
1333 4486 1532 4549 oratio,
1566 4487 1834 4556 principio
1870 4491 2088 4550 mutila,

515 4563 777 4636 Gregorio
808 4566 967 4638 Nyss.
1001 4572 1313 4638 ascribitur,
1343 4583 1395 4628 et
1430 4592 1495 4630 ex
1523 4593 1631 4646 quo
1669 4576 1982 4641 Gretserus.
2020 4597 2087 4634 ex

515 4655 676 4723 cujus
717 4657 927 4724 praefat.
974 4657 1231 4716 Lambec.
1282 4665 1501 4734 longum
1555 4671 1828 4737 excerpsit
1872 4671 2084 4731 locum,

517 4745 664 4798 illam
693 4746 862 4801 edidit
894 4748 1217 4806 orationem.
1255 4753 1359 4816 Sed
1386 4753 1640 4813 Lambec.
1677 4758 2084 4825 animadvertit,

516 4836 572 4892 in
597 4835 728 4892 bibl.
753 4838 863 4894 duo
886 4845 1182 4899 memorari
1209 4847 1430 4905 codices
1457 4849 1658 4907 Caesar.
1688 4865 1920 4919 quorum
1953 4851 2090 4905 alter

517 4930 662 4984 inter
683 4930 844 4986 codd.
873 4933 1069 4990 histor.
1104 4935 1198 4992 Gr.
1233 4939 1398 4996 etiam
1426 4941 1667 5006 continet
1691 4940 1830 4995 duas
1867 4939 2087 4994 Maximi

518 5021 777 5080 Planudis
801 5034 989 5092 oratt.,
1014 5027 1069 5082 in
1099 5029 1184 5086 his
1214 5040 1352 5088 orat.
1380 5033 1434 5086 in
1462 5033 1728 5100 apostolos
1791 5029 2006 5084 Petrum
2037 5042 2088 5085 et

518 5117 790 5183 Paulum;
827 5122 987 5186 alter,
1020 5123 1148 5178 olim
1179 5141 1290 5189 ut,
1324 5126 1466 5181 inter
1486 5125 1646 5180 codd.
1677 5125 1893 5196 philol.,
1925 5140 2084 5194 quem

588 5298 666 5374 (ᾳ)
693 5298 834 5374 ξάἰι.
864 5315 926 5374 τ).
952 5303 1106 5367 I638,
1140 5311 1271 5358 tom.
1303 5302 1367 5366 II,
1399 5317 1520 5374 pag.
1550 5301 1676 5357 205.

587 5369 665 5435 (θ)
702 5369 829 5439 Pug.
862 5369 989 5426 223.

613 5444 661 5511 cp)
696 5439 824 5511 Pag.
861 5442 980 5494 HI.

611 5509 666 5580 ά)
697 5509 824 5580 Pag.
853 5511 980 5564 εδδ.
1091 5534 1098 5543 ι

589 5579 660 5652 te)
690 5579 823 5651 Pag.
859 5580 982 5633 an.

2202 4399 2361 4462 I698,
2391 4399 2446 4461 4,
2477 4413 2531 4466 p.
2570 4396 2825 4451 ﬁli-287.
2853 4393 3053 4449 Confer
3095 4407 3282 4462 supra,
3332 4405 3415 4444 nr.
3454 4390 3540 4450 I5,
3573 4386 3664 4441 ubi
3695 4383 3762 4438 de

2192 4488 2510 4558 fragmentis
2537 4497 2666 4542 ante
2697 4487 2860 4548 editis
2891 4477 3130 4555 Nysseni
3158 4492 3342 4538 contra
3375 4481 3758 4550 Apollinarem.

2193 4577 2357 4631 Fam.
2393 4577 2727 4646 Zaccagnius
2759 4577 2795 4629 l.
2827 4591 2875 4630 c.
2904 4593 2955 4646 p.
3001 4576 3094 4630 121
3145 4591 3230 4644 sq.
3263 4573 3480 4642 collegit
3519 4571 3764 4625 testimo-

2192 4670 2282 4723 nia
2329 4669 2396 4724 de
2435 4657 2532 4720 illo
2559 4667 2789 4738 Nysseni
2844 4667 3239 4729 Antirrhetico,
3293 4675 3456 4732 atque
3506 4663 3558 4717 in
3609 4661 3761 4732 prmi.

2193 4777 2316 4833 pag.
2357 4761 2424 4814 I8
2477 4775 2599 4831 sqq.
2633 4761 2972 4828 demonstrat
3004 4761 3267 4831 primum,
3304 4774 3442 4827 opus
3473 4757 3605 4810 illud
3642 4769 3763 4811 esse

2195 4852 2488 4924 genuinum
2519 4851 2746 4924 Nysseni
2777 4853 2976 4917 fetum;
3027 4862 3139 4906 tum
3179 4851 3404 4922 inquirit
3440 4851 3493 4903 in
3526 4857 3761 4918 tempus,

2195 4959 2304 5013 quo
2324 4943 2454 4997 illud
2475 4941 2574 4996 fuit
2591 4951 2894 5007 exaratum,
2911 4952 2963 4997 et
2979 4945 3285 5012 suSpicatur
3302 4942 3574 5011 latiusque
3590 4951 3765 4997 osten-

2195 5034 2276 5088 dit
2305 5036 2512 5090 editum
2572 5034 2740 5089 fuisse
2771 5049 2800 5086 a
2830 5032 3079 5103 Nysscno
3109 5033 3288 5088 medio
3325 5043 3574 5104 tempore
3623 5033 3761 5086 inter

2195 5141 2397 5180 annum
2441 5126 2565 5192 373,
2613 5133 2667 5180 et
2707 5125 3372 5194 Constantinopolitanam
3420 5123 3756 5194 tsynodum,

2263 5303 2330 5370 If)
2358 5301 2486 5371 Pag.
2508 5301 2631 5356 260.
3620 5361 3634 5371 υ

2205 5431 2215 5442 ε
2263 5375 2334 5442 (g)
2369 5374 2424 5426 In
2473 5373 2597 5442 cod.
2641 5373 2846 5442 Caesar.
2891 5370 3127 5442 LXXIX,
3181 5389 3266 5428 nr.
3310 5374 3344 5428 5
3408 5374 3510 5428 sub
3544 5367 3759 5442 nomine

2191 5437 2436 5506 Gregorii
2471 5439 3060 5512 Nazianzﬁidcsupra
3082 5439 3136 5494 in
3179 5445 3285 5498 vol.
3318 5442 3455 5508 VIII,
3514 5457 3564 5510 p.
3631 5437 3756 5494 411.

2194 5513 2426 5653 “ig/ifilli
2445 5580 2568 5651 cod.
2600 5577 2762 5635 Laur.
2801 5582 2894 5640 καὶ
2929 5585 3076 5638 ποῖον
3103 5584 3290 5641 τοῦτον
3319 5584 3498 5647 ἄνθος.
3564 5597 3618 5637 n.
