4106 6208
267 149 328 202 31
1517 152 1819 218 NOTlTl;\
1847 153 1939 209 EX
1980 155 2322 220 FABRICIO.
3478 186 3546 237 38

271 271 394 316 aute
449 264 866 319 acumen-ticam
955 283 990 320 ιι
1051 267 1321 338 synodum
1372 276 1426 323 et
1483 279 1609 327 ante
1661 274 1867 328 obitum
1899 278 1946 333 A
1971 274 2132 348 Nyss.
2161 297 2265 349 qua
2295 282 2442 339 hunc
2465 284 2702 343 vindicat
2741 302 2932 349 contra
2971 309 3087 361 eos,
3121 297 3212 367 qui
3246 297 3424 369 ipsum
3461 301 3546 356 in-

283 355 631 427 Apollinaris:
683 373 812 427 pag.
859 358 923 412 ΩΙ
963 374 1136 429 usque
1175 361 1241 413 ad
1290 375 1414 432 pag.
1460 363 1524 416 bl
1559 365 1864 420 doctrinam
1970 370 2322 438 simulabant,
2352 377 2497 446 quod
2518 377 2762 436 fallacem
2786 355 3086 454 quamdam.
3109 355 3542 449 immutationem

288 450 575 519 placitaque
619 447 869 519 Nysseni
915 453 1164 520 quaedam
1217 454 1477 523 explicat,
1533 464 1587 509 et
1635 456 1866 512 liberare
1971 467 2147 517 status
2212 465 2517 520 animarum
2579 469 2633 524 in
2695 447 2817 528 suis
2875 475 3098 543 scriptis
3159 495 3540 540 memorasset.

285 539 444 594 studet
484 554 616 594 eum
650 555 686 594 a
727 541 958 596 crimine
1009 542 1397 605 heterodoxiaz,
1442 560 1606 614 quam
1637 554 1858 613 vocant,

278 629 479 698 agitque
513 629 582 684 de
633 632 898 702 reliquis,
950 649 1089 703 quos
1130 633 1316 699 edidit,
1371 633 1601 706 Nysseni
1637 638 1855 694 libellis.

275 722 373 776 Sed
402 737 670 792 compara
711 724 1036 779 Schrt'eckh.
1081 727 1122 786 Ι,
1172 742 1221 780 c.
1266 741 1388 796 pag.
1417 728 1486 782 69
1509 746 1630 799 sqq.
1662 730 1730 786 de
1766 732 1859 786 illo

265 828 446 881 opere,
495 815 590 884 qui
653 817 922 885 Opinatur
977 819 1154 873 serius
1236 820 1481 888 potuisse
1532 837 1561 874 a
1611 821 1858 894 Nysseno

275 904 525 972 scriptum
565 920 727 969 esse,
780 914 832 959 et
886 907 1071 961 laudat
1113 907 1316 964 Christ.
1352 910 1488 981 Aug.
1517 911 1710 981 Salig.,
1763 914 1856 983 qui

271 994 581 1062 diligentius
620 1004 682 1050 et
719 997 1058 1053 moderatius
1088 999 1143 1053 in
1181 1000 1275 1054 lib.
1305 1000 1378 1054 De
1412 1001 1852 1071 Eutycbianismo

279 1098 388 1140 ante
438 1087 738 1158 Eutychen,
788 1104 911 1158 cap.
953 1091 1044 1155 20,
1093 1107 1146 1160 p.
1196 1092 1298 1146 176
1351 1110 1471 1164 sqq.
1520 1096 1854 1154 defendisset

277 1177 496 1248 Nyssen.
545 1181 839 1234 catholica:
882 1180 1187 1252 disciplina:
1232 1184 1496 1248 deditum,
1550 1203 1579 1241 a
1625 1190 1854 1246 crimine

283 1268 420 1322 falsa:
447 1270 736 1324 doctrinae.
779 1269 920 1326 Add.
965 1271 1176 1328 Semler
1213 1290 1264 1344 p.
1293 1276 1416 1330 256.
1452 1288 1504 1330 et
1556 1278 1757 1334 Oudin.
1795 1299 1847 1352 p.

288 1359 402 1413 609.
454 1376 532 1431 sq.
583 1392 656 1400 —
711 1361 769 1414 id
813 1379 952 1432 opus
987 1373 1166 1419 exstat
1201 1382 1418 1438 quoque
1469 1369 1759 1429 Florentiae
1793 1378 1848 1429 in

283 1449 530 1505 Laurent.
567 1454 728 1508 codd.
761 1453 852 1517 IV,
907 1471 991 1508 nr.
1032 1455 1116 1522 10,
1163 1459 1299 1527 plut.
1337 1462 1388 1520 7,
1435 1470 1488 1514 et
1518 1462 1631 1528 Xll,
1676 1481 1760 1518 nr.
1791 1465 1844 1532 6,

289 1543 413 1610 plut.
467 1543 550 1597 10.
587 1543 656 1595 γ.
701 1544 933 1600 Bandin.
991 1556 1099 1600 cat.
1151 1550 1313 1604 codd.
1349 1552 1441 1606 Gr.
1487 1552 1650 1610 Laur.
1695 1557 1748 1620 1,
1790 1573 1844 1628 p.

286 1633 388 1688 205
412 1643 465 1689 et
501 1637 622 1690 482.
657 1637 824 1690 11Αιιι.

364 1724 453 1778 Ἰ9.
488 1724 713 1780 Romilio
736 1725 817 1788 11,
840 1729 896 1781 in
925 1726 984 1782 S.
1026 1727 1346 1797 Stephanum
1385 1743 1846 1806 protomartyrem,

297 1815 629 1886 Ἐπεδήμησε
652 1817 867 1886 Χριστὸς
893 1818 970 1888 τῷ
996 1820 1189 1891 κόσμῳ
1205 1823 1284 1885 εὶς
1308 1825 1602 1893 σωτηρίαν.
1631 1827 1850 1886 Primus

301 1906 488 1960 Gmcc
516 1923 575 1962 ex
605 1909 784 1961 codice
811 1907 1066 1966 Vaticano
1091 1926 1216 1965 cum
1247 1915 1498 1971 versione
1542 1933 1639 1972 sua
1681 1923 1852 1977 edidit

305 1999 964 2070 Zaccagniusp.350-515,
997 2020 1122 2059 cum
1155 2007 1321 2062 notis.
1352 2006 1510 2063 Prior
1531 2009 1632 2064 fuit
1659 2029 1846 2083 supra,

309 2106 383 2144 ιη’.
413 2091 492 2144 54.
1678 2131 1686 2137 -

361 2178 441 2231 80.
470 2175 714 2243 Epiuon
736 2177 820 2232 XI
836 2179 899 2233 νε
924 2182 972 2234 1.
1003 2183 1072 2234 ad
1107 2181 1413 2249 Eusebium,
1439 2186 1663 2257 incipit:
1683 2191 1850 2247 Ὅταν

289 2269 580 2334 πλεονάζειν
625 2270 883 2341 ἄρχηται.
929 2271 988 2326 '2.
1017 2273 1086 2327 ad
1134 2273 1466 2341 SebastenOs,
1515 2278 1850 2352 Ἐγνὼρισαν

288 2359 406 2428 ἡμῖν
421 2375 576 2421 τινες.
598 2359 652 2412 5.
667 2360 940 2414 Διέσωσεν
961 2363 1108 2431 ἡμᾶς
1133 2364 1160 2416 ό
1180 2365 1402 2436 Κύριος.
1425 2367 1460 2422 4
1505 2369 1686 2439 Νόμος
1702 2373 1848 2428 ἐστὶν

283 2450 534 2521 ἡμέτερος
549 2451 757 2505 κλαίειν
795 2452 933 2521 μετὰ
969 2454 1282 2510 κλαιόντων.
1311 2458 1364 2511 5.
1401 2458 1516 2528 Ἐφ’
1544 2453 1588 2528 ᾧ
1613 2463 1846 2530 μάλιστα

285 2540 430 2610 παρὰ
449 2541 545 2594 τῶν
570 2543 748 2610 σοφῶν
767 2545 799 2596 ὁ
821 2543 1077 2614 βασιλεὺς
1099 2547 1206 2600 τῶν
1227 2548 1571 2607 Μακεδόνων.
1598 2555 1652 2609 li.
1668 2557 1848 2611 Τοιοῦο

283 2632 368 2682 τόν
411 2649 460 2684 τι
499 2633 678 2704 θαῦμά
734 2652 901 2702 φασιν
965 2637 1022 2688 ὲν
1081 2641 1191 2701 τοῖς
1244 2639 1524 2712 θεάτροις.
1581 2647 1626 2700 ’1.
1688 2649 1846 2715 ῌοίον

282 2722 510 2776 τοιοῦτον
532 2726 606 2793 (a)
640 2725 803 2790 ἄνθος
831 2729 888 2779 ἐν
911 2726 1052 2798 ἔαρι,
1085 2728 1136 2783 8.
1164 2732 1339 2785 Αξτῶν
1364 2751 1416 2786 τι
1457 2738 1531 2805 (b)
1571 2744 1847 2810 προσφυὲς

277 2815 365 2864 καὶ
391 2816 601 2868 οἰκεῖον.
634 2815 690 2870 9.
721 2817 859 2870 Οὐδὲ
880 2818 971 2870 τοῦ
1000 2818 1159 2890 ἔαρος
1184 2823 1217 2890 ή
1259 2823 1436 2893 χάρις.
1482 2827 1566 2882 10.
1597 2831 1844 2888 Ἤκουσά

1969 554 2194 609 Accedit
2231 558 2402 614 series
2437 561 2766 617 varietatum
2809 567 3162 634 epistolarum
3205 569 3474 643 Gregorii,
3509 591 3542 632 a

1967 643 2278 717 Zaccagnio
2307 650 2598 719 editarum,
2626 669 2764 723 quas
2793 670 2857 710 ex
2882 657 3170 714 collatione
3209 662 3331 717 cod.
3359 662 3534 719 Vatic.

1965 746 2020 792 et
2044 737 2266 793 Medicei
2299 741 2593 797 observare
2621 743 2766 808 licet,
2797 746 3123 817 interposito
3152 751 3425 808 interdum
3472 755 3540 810 de

1965 828 2034 883 iis
2075 830 2305 899 judicio.
2341 831 2502 888 Plura
2534 835 2678 906 leges
2724 835 2792 892 de
2829 840 2929 893 hac
2967 841 3100 897 edit.
3142 843 3196 897 in
3233 859 3361 899 nov.
3399 847 3538 904 actis

1962 921 2117 977 erud.
2141 921 2290 991 Lips.
2321 940 2395 978 m.
2423 923 2553 980 Jun.
2587 941 2636 981 a.
2665 928 2822 994 1759.
2850 939 2991 1000 part.
3021 948 3077 998 ιι,
3109 949 3230 1004 pag.
3255 936 3380 999 357,
3413 953 3535 1008 sqq.

1960 1010 2360 1069 Animadvertit
2391 1016 2846 1074 tameanaudin.
2882 1021 2920 1074 1.
2949 1037 2999 1078 c.
3033 1039 3153 1094 pag.
3187 1027 3290 1079 557
3323 1038 3540 1096 postre-

1960 1117 2078 1156 mas
2108 1118 2230 1172 epp.
2259 1105 2310 1158 in
2329 1105 2416 1160 ed.
2441 1107 2743 1166 Cara'ccioli
2772 1111 2955 1168 minus
2978 1113 3082 1168 [ide
3104 1130 3170 1167 cx
3193 1116 3314 1170 cod.
3343 1115 3534 1172 Medic.

1958 1186 2129 1244 fuisse
2157 1190 2480 1263 descriptas,
2514 1207 2566 1250 et
2589 1213 2618 1250 a
2648 1197 2831 1253 iuturo
2864 1215 2991 1269 opp.
3015 1200 3174 1272 Nyss.
3206 1203 3415 1259 editore
3440 1222 3540 1260 no—

1956 1295 2076 1333 vam
2124 1282 2270 1338 illius
2309 1285 2434 1339 cod.
2465 1288 2810 1342 collationem
2861 1305 2982 1345 esse
3015 1291 3431 1349 instituendam.
3466 1323 3537 1334 —

1959 1371 2134 1427 Paris.
2169 1375 2223 1429 in
2269 1376 2401 1430 bibl.
2432 1377 2590 1432 Publ.
2625 1389 2753 1434 sunt
2791 1380 2952 1452 Nyss.
2997 1398 3183 1452 pauca:
3211 1385 3323 1454 jam
3374 1384 3538 1441 edita:

1957 1465 2199 1532 cpistola:
2228 1467 2281 1520 in
2311 1466 2425 1522 Xlll
2453 1469 2640 1532 codd.,
2665 1472 2719 1526 in
2751 1473 3002 1541 plurimis
3037 1484 3215 1529 tamen
3245 1477 3405 1531 codd.
3443 1493 3534 1532 so-

1953 1554 2228 1611 lummodo
2257 1566 2341 1612 est
2375 1561 2604 1631 epistola
2634 1578 2834 1618 canon.
2863 1565 2928 1618 ad
2964 1564 3233 1621 Letoium.
3261 1566 3435 1622 Hann.

2034 1667 2286 1734 Epistolaz
2310 1670 2536 1742 Nysseni
2563 1675 2632 1727 ad
2654 1677 3098 1744 Amphilochium,
3133 1696 3240 1748 qua
3279 1684 3534 1751 queritur

1954 1755 2020 1807 ab
2052 1755 2300 1812 ilelladio
2335 1775 2444 1814 non
2487 1763 2772 1816 invitatum
2819 1781 2898 1829 se,
2935 1777 2992 1819 ut
3032 1768 3087 1820 in
3137 1771 3372 1823 ecclesia
3411 1772 3533 1842 ejus

1950 1847 2114 1900 verba
2151 1863 2307 1903 sacra
2347 1853 2572 1916 faceret,
2645 1848 2918 1908 meminit
2954 1856 3243 1913 Batonius.
3279 1860 3530 1932 [Diversa

1951 1937 2117 2007 igitur
2159 1943 2261 1995 erit
2302 1943 2370 1996 ab
2423 1942 2593 2011 Epist.
2651 1945 2720 1997 ad
2763 1947 3091 2016 Amphiloch.
3129 1965 3248 2019 qua:
3296 1952 3530 2022 septima

1947 2038 2034 2083 est
2072 2031 2124 2084 in
2155 2032 2239 2087 ed.
2269 2034 2590 2091 (Iai‘aci-ioli.
2631 2037 2723 2108 11.]

2022 2164 2110 2219 Vl.
2155 2165 2210 2220 In
2255 2164 2518 2239 Catalogo
2565 2170 2700 2225 bibl.
2727 2170 3044 2226 Barberinae
3092 2188 3144 2242 p.
3179 2172 3286 2228 491
3325 2188 3532 2230 memo-

1951 2263 2104 2312 ratur
2120 2255 2282 2328 Greg.
2304 2258 2585 2330 Nyssenus
2613 2261 2691 2316 De
2712 2262 3324 2320 transsubstantiatione.
3359 2267 3535 2323 Simi-

1950 2367 2071 2405 rum
2120 2352 2348 2418 Parisiis
2393 2368 2446 2409 a.
2488 2354 2649 2419 1560,
2690 2355 2788 2410 fol.
2835 2363 2962 2426 post
3012 2356 3286 2428 Liturgias
3315 2358 3528 2422 Jacobi.

1949 2441 2135 2497 Basilii
2176 2451 2231 2498 et
2263 2443 2642 2515 Chrysostomi
2679 2447 2823 2503 inter
2853 2448 3002 2503 varia
3031 2458 3273 2504 veterum
3303 2448 3529 2504 Patrum

1946 2536 2151 2604 scripta
2193 2536 2264 2591 de
2307 2535 2365 2592 S.
2403 2536 2566 2592 Cana
2598 2554 2658 2608 p.,
2691 2539 2953 2603 125—125,
3003 2539 3190 2598 Graece
3220 2549 3398 2598 exstat
3426 2541 3535 2596 sub

1947 2624 2176 2696 Nysscni
2212 2627 2454 2694 nomine,
2500 2629 2624 2682 Ὅτι
2669 2630 3028 2700 ἁγιαζόμενος
3058 2632 3222 2702 ἄρτος
3251 2633 3332 2695 εἰς
3373 2631 3532 2702 σῶμα

1945 2713 2038 2766 τοῦ
2089 2713 2225 2772 Θεοῦ
2237 2711 2412 2781 Λόγου
2445 2720 2842 2786 μεταποιεῖται,
2867 2717 2961 2770 καὶ
2996 2717 3080 2769 ὅτι
3123 2718 3431 2782 ἐπάναγκες
3459 2719 3532 2788 τῇ

1948 2801 2262 2873 ἀνθρωπεία
2305 2803 2461 2871 φύσει
2506 2802 2671 2857 αὑτοῦ
2715 2802 3174 2874 μεταλαμϐάνειν.
3218 2802 3372 2867 Quod
3412 2818 3533 2855 san-

275 2922 414 2968 τινος
456 2906 741 2976 ’1ατρικοῦ.
780 2910 866 2962 11.
898 2908 1123 2981 Ἐορτὴν
1155 2912 1308 2980 ἄγειν
1340 2914 1565 2986 σύνηθες
1580 2924 1691 2984 τοῖς
1721 2925 1845 2979 Ῥω-

1951 2895 2211 2963 ctiﬁcatus
2253 2895 2406 2962 panis
2449 2895 2506 2948 in
2545 2911 2733 2961 corpus
2771 2895 2870 2948 Dei
2921 2894 3076 2948 Verbi
3118 2901 3526 2957 transmittatur,

279 2997 475 3067 μαὶοις.
521 2999 604 3052 12.
640 3000 745 3053 Καὶ
765 3000 874 3053 τῶν
903 3002 1077 3054 ἄλλων
1104 3005 1357 3058 ἁπάντων
1386 3012 1584 3082 μικροῦ
1610 3016 1718 3069 δεῖν
1749 3021 1841 3089 (c).

281 3091 358 3144 15.
402 3092 572 3159 Ὑμεῖς
610 3092 712 3160 μὲν
740 3095 768 3146 ὸ
798 3094 976 3165 πατὴρ
1026 3095 1135 3148 τῶν
1175 3099 1494 3170 οἰκτιρμῶν,
1527 3115 1579 3159 et
1620 3109 1706 3163 14.
1751 3091 1847 3175 Ὣς

272 3181 406 3235 καλὰ
436 3184 544 3236 τῶν
577 3185 759 3237 καλῶν
788 3187 901 3238 ἐστι
928 3186 997 3239 τὰ
1025 3188 1370 3258 ὁμοιώματα.
1413 3193 1628 3254 Primus
1659 3200 1847 3259 (intece

277 3287 393 3324 cum
431 3274 685 3329 versione
733 3291 834 3328 sua
864 3284 917 3329 et
951 3278 1096 3331 notis
1126 3279 1295 3335 edidit
1330 3283 1470 3337 idem
1504 3286 1844 3360 Zaccagnius

275 3378 391 3431 pag.
436 3364 702 3418 εει-400.
742 3363 911 3418 Ρλοιι.
947 3367 1090 3421 Idem
1128 3368 1398 3440 Zaccagn.
1438 3375 1490 3429 in
1524 3380 1844 3446 praefatione

279 3468 328 3522 p.
361 3454 425 3508 12
455 3470 565 3523 sq.,
588 3455 832 3524 quaedam
867 3465 1057 3512 notatu
1087 3461 1250 3530 digna
1281 3462 1351 3518 de
1381 3466 1488 3522 illis
1511 3471 1841 3534 observavit.

280 3574 350 3584 —
378 3543 439 3597 in
465 3546 584 3598 cod.
631 3555 805 3602 autem
849 3547 1109 3605 Laurent.
1138 3551 1280 3617 Xlll,
1302 3555 1437 3626 plut.
1467 3557 1553 3621 76,
1587 3575 1616 3614 a
1645 3561 1845 3620 Bandi-

287 3636 380 3689 nio
416 3636 467 3689 in
497 3636 662 3694 Catal.
697 3639 851 3695 codd.
887 3641 982 3696 Gr.
1019 3643 1280 3700 Laurent.
1322 3655 1456 3704 tom.
1494 3651 1581 3720 111,
1624 3670 1679 3724 p.
1735 3659 1842 3714 555

277 3742 398 3796 sqq.
437 3728 680 3784 curatius
703 3729 998 3802 descripto,
1034 3741 1161 3792 sunt
1195 3745 1388 3805 praeter
1419 3737 1578 3810 Nyss.
1621 3746 1846 3816 physic-

272 3818 462 3887 logiam
491 3834 538 3873 s.
574 3818 646 3873 De
672 3831 864 3877 natura
889 3823 1118 3879 hominis
1143 3835 1197 3880 et
1227 3842 1532 3885 sermonem
1560 3833 1638 3888 De
1661 3840 1842 3894 animo

266 3917 428 3978 atque
464 3908 877 3978 Cotecheticum,
919 3931 984 3969 ac
1023 3929 1217 3987 praeter
1244 3936 1368 3990 epp.
1409 3923 1461 3978 in
1498 3925 1629 3980 edit.
1663 3928 1838 3990 Paris.

264 4005 485 4070 partim,
558 4005 755 4071 partim
811 4022 843 4060 a
899 4007 1203 4080 Zaccagnio
1257 4015 1581 4083 publicatas,
1634 4033 1838 4091 septem

261 4094 400 4156 aliae,
430 4111 498 4149 ex
537 4095 644 4148 hoc
669 4096 793 4151 cod.
825 4112 855 4150 a
878 4099 1194 4156 Caracciolo
1221 4101 1314 4158 Gr.
1345 4116 1399 4161 et
1425 4107 1541 4164 Lat.
1579 4111 1634 4166 in
1665 4115 1838 4170 lucem

262 4187 497 4241 emissae.
536 4187 804 4258 inscripta
844 4199 1026 4246 autem
1054 4201 1139 4248 est
1173 4194 1370 4251 editio:

1950 2985 2191 3055 quodque
2217 3001 2422 3047 necesse
2465 2986 2536 3038 sit
2586 2987 2831 3040 humana:
2859 2994 3067 3040 natura?
3097 3002 3158 3039 eo
3189 2985 3527 3053 participare.

1953 3075 2150 3135 Eadem
2176 3074 2452 3146 Liturgica
2485 3075 2676 3132 Latine
2720 3077 2869 3132 edita
2914 3093 2943 3132 a
2982 3076 3211 3131 Claudio
3242 3075 3308 3130 de
3339 3073 3532 3129 Sainc-

1949 3177 2052 3237 tes,
2095 3171 2372 3239 Antwerp.
2407 3169 2568 3232 1562,
2597 3170 2652 3232 8,
2689 3170 2778 3224 ubi
2820 3168 3053 3240 Nysseni
3097 3169 3240 3224 idem
3289 3181 3528 3236 apospa-

1950 3260 2186 3315 smation
2224 3276 2347 3330 pag.
2389 3260 2454 3314 74
2486 3260 2680 3316 Latine
2706 3262 2923 3332 legitur.
2956 3260 3053 3315 Est
3083 3269 3263 3314 autem
3300 3257 3530 3328 petitum

1950 3365 2014 3406 ex
2038 3365 2233 3420 magno
2265 3351 2413 3405 illius
2448 3350 2798 3406 Catechetico
2835 3366 2956 3422 cap.
2994 3350 3084 3417 37,
3119 3358 3282 3419 atque
3323 3361 3530 3416 expen-

1950 3441 2101 3496 ditur
2128 3442 2350 3513 copiose
2378 3443 2447 3497 ab
2479 3442 2766 3499 Edmundo
2805 3445 3111 3509 Albertino,
3150 3443 3205 3497 in
3249 3457 3413 3512 opere
3453 3439 3533 3493 De

1951 3530 2291 3587 Sacramenta
2333 3531 2680 3588 Eucltaristia:
2710 3549 2758 3603 p.
2791 3533 2900 3588 485
2929 3549 3046 3604 seq.
3091 3531 3166 3588 De
3190 3529 3532 3586 calcchetico

1951 3626 2042 3680 illo
2084 3626 2225 3679 libro
2253 3626 2461 3678 dictum
2491 3640 2655 3695 supra
2687 3641 2771 3679 nr.
2813 3626 2900 3680 55.

2021 3731 2326 3802 Symbolum
2371 3729 2495 3797 ﬁdei
2534 3729 2869 3796 Christiana,
2898 3731 3044 3800 quod
3071 3729 3315 3801 Gregorii
3347 3728 3531 3783 Thau-

1949 3822 2184 3892 maturgi
2215 3831 2322 3884 (st,
2369 3820 2662 3875 adducitur
2697 3837 2726 3875 a
2752 3821 3000 3893 Nysseno
3047 3822 3102 3876 in
3142 3821 3258 3876 i'ita
3289 3819 3529 3889 Gregorii

1962 3914 2378 3984 Thaunmturgi,
2454 3915 2507 3967 in
2565 3913 2892 3984 quibusdam
2939 3914 3217 3970 codicibus
3279 3929 3410 3969 mss.
3468 3922 3527 3966 ut

1949 4004 2139 4060 Grzcco
2178 4003 2429 4060 Caesareo
2459 4005 2766 4078 theologico
2795 4003 2982 4058 XLXII
3026 4006 3221 4075 legitur
3252 4005 3356 4059 sub
3387 4004 3526 4075 Nys-

1949 4097 2067 4153 seni
2098 4098 2336 4152 nomine.

2019 4229 2075 4282 in
2123 4232 2310 4283 codice
2345 4231 2516 4285 altero
2564 4229 2698 4284 bibl.
2748 4227 3119 4298 Seguieriana:
3170 4227 3286 4281 sive
3329 4226 3526 4283 Coisli-

331 4297 389 4351 S.
419 4298 604 4353 Putris
633 4305 805 4356 nostri
830 4301 1089 4375 Gregorii,
1113 4311 1341 4379 episcopi
1363 4311 1574 4382 Nysae,
1606 4320 1842 4386 ερὶεῑοιω
1877 4295 1916 4348 θ
1946 4320 2130 4375 ηἰοηω
2180 4320 2299 4373 Vita
2351 4321 2591 4392 Gregorii
2625 4295 3008 4389 Thaumaturgi
3067 4336 3199 4384 non,
3251 4329 3308 4374 ut
3349 4322 3402 4376 in
3446 4323 3527 4375 al-

261 4399 473 4453 septem.
505 4389 692 4447 Primo
714 4393 906 4450 Latine
929 4399 1108 4463 vertit,
1133 4414 1192 4455 et
1214 4401 1401 4468 edidit,
1431 4412 1839 4468 commentariis

260 4482 655 4552 nonnullisque
713 4485 1278 4548 animadversionibus
1340 4494 1608 4563 adjectis,
1668 4499 1717 4554 .l.
1776 4503 1836 4556 Β.

269 4567 637 4640 Cancciolus,
695 4575 760 4628 C.
797 4575 863 4630 R.
904 4577 956 4630 in
990 4577 1186 4636 Pisano
1215 4581 1393 4654 Lyceo
1432 4588 1684 4656 publicus
1715 4593 1839 4662 phi-

276 4657 532 4754 lfsopbia
576 4665 718 4734 prof.
761 4665 1069 4735 Florentiae,
1123 4673 1267 4743 typis
1301 4679 1482 4748 magni
1530 4657 1836 4754 ducis,-ap.

273 4743 576 4842 Taninium
599 4762 654 4808 et
681 4754 1030 4814 Franchium.
1065 4761 1222 4816 17⁸51.
1256 4764 1350 4819 fol.
1391 4743 1751 4842 Subjungilur
1773 4743 1839 4830 ad

268 4838 484 4893 calcem
507 4858 569 4896 es
595 4847 714 4901 eod.
751 4850 875 4906 cod.
903 4851 961 4905 S.
1002 4851 1219 4908 Maximi
1263 4838 1510 4930 apologis
1546 4838 1644 4932 pro
1673 4863 1834 4938 Greg.

354 4951 746 5023 Ἐπευξάμενος
791 4962 969 5017 τοῖνυν
1014 4967 1127 5028 τοῖς
1159 4970 1576 5024 πεπιστευκόσιν
1612 4974 1710 5046 ἤδη
1745 4977 1844 5048 τὴν

259 5044 346 5105 εις
382 5041 539 5109 τέλος
567 5048 799 5119 αὒξησιν,
820 5056 916 5108 καὶ
935 5055 1035 5126 τὴν
1063 5058 1396 5130 ἐπιστροφὴν
1427 5065 1538 5128 τοῖς
1570 5041 1840 5134 ἁτείστοιξ,

332 5210 412 5285 (α)
446 5205 507 5285 _ln
538 5209 852 5285 cod._Laur.
885 5214 1041 5285 Ζητῶ
1064 5233 1134 5268 τι.
1170 5215 1343 5273 "aut.

331 5277 412 5357 (bi
446 5276 632 5357 Incogl.
655 5279 916 5340 Laurent.
935 5276 1197 5357 dividitur
1222 5289 1333 5342 haec
1356 5289 1584 5357 epistola
1613 5292 1840 5353 induas.

257 5344 423 5418 Prior
455 5349 524 5401 ad
563 5349 826 5411 Joannem
876 5366 927 5409 et
974 5353 1366 5412 Maximianum
1391 5344 1546 5416 'inc.:
1591 5344 1699 5417 Καὶ
1731 5344 1841 5418 τῶν

255 5416 465 5504 θέωνι
497 5427 780 5504 posterior,
817 5427 1022 5504 quze‘in
1051 5428 1372 5504 collectione
1417 5416 1668 5504 Ζοροεηίίὶ
1716 5416 1837 5504 pag.

259 5486 392 5547 382,
417 5486 614 5568 ιιηῑη.
644 5486 850 5573 multas
879 5497 1042 5550 habet
1065 5497 1294 5573 lacunas
1319 5506 1370 5573 et
1397 5515 1440 5573 a_
1460 5486 1836 5573 Zac'agnid'iiws

259 5560 483 5629 ingenio
519 5570 815 5638 suppletas,
856 5575 914 5624 at
943 5567 1308 5624 sendcirculis
1339 5560 1682 5640 inclusasfet
1710 5591 1838 5631 con-

1950 4418 2086 4478 tero,
2134 4411 2337 4466 desiuit
2393 4413 2446 4465 in
2493 4412 2608 4466 11ωο
2663 4413 2848 4475 verba,
2895 4410 3089 4480 ψευδὲς
3137 4411 3370 4482 οἰόμενοι
3413 4416 3526 4477 τοῖς

1947 4503 2351 4573 γεγραμμένοις
2371 4503 2430 4556 οὐ
2459 4503 2943 4574 προστεθείκαμεν,
2965 4519 3162 4573 neque,
3185 4516 3241 4558 ut
3262 4504 3314 4558 in
3342 4506 3526 4571 editis,

1949 4595 2132 4649 statim
2166 4593 2447 4664 subjungit
2485 4595 2916 4662 conclusionem,
2959 4596 3015 4650 in
3047 4596 3288 4652 homiliis
3313 4608 3366 4652 et
3396 4598 3526 4652 vitis

1950 4692 2266 4740 sanctorum
2298 4684 2552 4746 solitam;
2589 4685 2686 4741 sed
2713 4686 2834 4754 ejus
2864 4688 2986 4754 loco
3035 4686 3196 4744 habet
3238 4687 3374 4751 haec,
3405 4704 3528 4759 quae

1949 4794 2015 4833 ex
2049 4775 2422 4832 Montiauconi
2471 4775 2732 4848 Catalogo
2769 4777 2900 4834 bibl.
2933 4777 3284 4834 Coislinianae
3325 4794 3381 4850 p.
3423 4780 3529 4835 180

1951 4870 2040 4924 hic
2072 4868 2348 4925 ascribere
2371 4870 2527 4939 juvat
2559 4890 2571 4924 :

2019 4979 2311 5051 Postquam
2357 4981 2523 5052 igitur
2562 4990 2816 5052 precatus
2853 4990 2999 5038 esset
3032 4997 3130 5052 pro
3161 4982 3230 5039 iis
3277 4984 3370 5054 qui
3407 4983 3526 5054 jam

1945 5073 2310 5138 crediderant,
2361 5081 2419 5128 ut
2450 5087 2622 5144 usque
2649 5074 2718 5129 ad
2764 5076 2924 5130 linem
2959 5075 3016 5129 in
3060 5075 3260 5132 melius
3291 5077 3526 5147 proiice-

1943 5233 2134 5309 juncta
2164 5241 2247 5288 est
2276 5249 2400 5309 cum
2429 5238 2736 5309 superiore;
2765 5235 2820 5291 in
2847 5234 2970 5309 cod.
3011 5235 3178 5292 Laur.
3207 5239 3408 5309 scripta
3439 5252 3526 5294 est

1947 5303 2016 5354 ad
2063 5303 2406 5386 Strategium,
2445 5301 2788 5386 incipitque:
2843 5301 2967 5386 ρῖόν
3014 5301 3350 5386 murtetava
3375 5310 3424 5360 οι
3455 5313 3527 5379 τῇ

1948 5374 2177 5447 εψαίρᾳ.
2209 5382 2316 5429 etc.
2357 5374 2414 5428 in
2445 5375 2537 5447 illo
2571 5374 2738 5447 igitur
2768 5377 2889 5431 cod.
2914 5385 3042 5431 sunt
3069 5376 3184 5430 XIV
3233 5394 3353 5446 epp.
3383 5374 3527 5440 quas

1913 5439 2252 5519 .Eéca'g'uius
2312 5459 2379 5502 ex
2438 5445 2562 5501 cod.
2594 5439 2806 5503 'Vatic.
2872 5448 3084 5519 primus
3149 5439 3518 5517 evolgaverat.

1948 5511 2120 5570 lini.
