4106 6208
517 229 586 283 53
663 177 672 182 Π
1746 220 2022 278 NOTlTlA
2063 217 2093 271 Ε

2201 214 2521 271 FABRICIO.
3689 168 3766 272 lt;

518 350 661 406 rent,
717 349 770 398 et
809 340 864 395 in
915 339 1183 404 fidelibus,
1248 350 1307 394 ιιι
1356 320 1803 394 converterentur
1839 356 1853 389 :
1887 337 1968 391 sic
2013 350 2078 389 ex

2201 329 2353 392 δῦτως
2412 332 2505 382 τοῦ
2572 328 2908 399 ἀνθρωπίνου
2976 327 3090 397 βίου
3133 327 3266 398 πρὸς
3305 328 3395 381 τὸν
3440 326 3572 382 Θεὸν
3597 345 3766 397 μετα-

520 430 756 484 humana
783 430 894 484 vita
931 430 995 483 ad
1021 429 1187 488 Deum
1222 430 1570 491 transfertur,
1607 445 1730 484 cum
1764 427 2080 481 domesticis

521 522 637 578 suis
692 523 1056 592 praecepisset.
1102 531 1159 576 ut
1194 537 1262 577 ne
1317 521 1419 592 ipsi
1466 521 1642 574 locum
1688 520 1966 590 proprium
2011 518 2080 571 ad

521 613 855 682 sepulturam
885 621 1167 668 emerent:
1195 627 1318 666 nam
1359 613 1486 682 quia
1521 612 1650 667 dum
1693 611 1898 666 viveret
1943 625 2083 664 nun-

521 720 686 774 quam
714 705 946 759 voluerit
979 705 1081 757 loci
1113 704 1418 774 cujuspiam
1447 703 1702 758 dominus
1737 702 1946 765 vocari,
1987 700 2079 756 sed

523 801 584 846 ut
613 795 931 863 peregrinus
970 801 1022 848 et
1063 792 1269 847 advena
1319 793 1374 846 in
1404 793 1526 846 aliis
1560 793 1695 846 locis
1725 793 1889 845 vitam
1932 790 2086 860 dege-

523 887 615 947 rit,
647 900 821 953 neque
849 893 972 952 post
1003 893 1230 938 mortem
1269 882 1490 952 pudebit
1527 883 1867 952 peregrinum
1901 897 2082 950 agere.

527 977 630 1030 Sed
666 984 787 1045 post
821 976 960 1028 hanc
987 975 1178 1037 vitam,
1223 974 1418 1043 inquit,
1456 974 1559 1026 hoc
1595 973 1648 1027 in
1677 989 1774 1028 ore
1803 973 2082 1026 hominum

524 1075 790 1130 versetur,
837 1080 1029 1132 nempe
1071 1062 1413 1134 Gregorium,
1461 1062 1591 1116 dum
1642 1064 1695 1116 in
1729 1062 1864 1116 vivis
1919 1069 2082 1123 esset,

526 1157 658 1209 nulli
709 1156 829 1208 loco
859 1169 1056 1209 nomen
1104 1153 1369 1208 indidisse
1402 1169 1581 1215 sutnn,
1611 1159 1666 1206 et
1698 1161 1817 1222 post
1856 1159 2084 1205 mortem

525 1247 669 1318 apud
696 1248 904 1300 alienos
945 1247 1100 1317 quasi
1137 1246 1397 1300 advenam
1437 1245 1627 1309 fuisse,
1659 1245 1786 1314 quia
1825 1259 1884 1299 se
1915 1259 1946 1296 a
1971 1251 2087 1297 toto

525 1337 657 1392 orbe
691 1349 957 1390 terrarum
1003 1336 1235 1390 alienum
1288 1333 1512 1399 fecerat,
1560 1335 1634 1386 ita
1666 1341 1718 1386 ut
1758 1348 1824 1386 ne
1874 1335 1928 1385 in
1967 1332 2087 1385 loco

525 1425 745 1495 quidem
772 1425 875 1478 sibi
903 1425 1124 1494 proprio
1148 1423 1366 1493 sepeliri
1391 1407 1623 1477 voluerit
1650 1441 1663 1476 :
1691 1423 1861 1476 solam
1889 1422 2089 1492 quippe

526 1517 628 1574 sibi
683 1518 1084 1586 possessionem
1139 1513 1512 1570 honorabilem
1553 1529 1678 1568 esse
1743 1528 1903 1574 eam,
1969 1527 2090 1582 qua:

525 1609 767 1663 avaritia:
798 1609 1005 1662 nullum
1035 1607 1269 1660 admittit
1300 1607 1608 1676 vestigium,
1639 1607 1693 1658 in
1715 1603 1934 1659 Christo
1958 1603 2088 1659 Jesu

2186 423 2448 482 νίσταται,
2476 420 2779 489 ὲπισκέῲας
2811 423 2925 482 τοῖς
2967 419 3293 490 ἐπιτηδείοις
3326 419 3399 490 μὴ
3449 419 3769 490 κτήσασθαι

2187 512 2334 580 αὐτῷ
2371 511 2534 564 τόπον
2563 511 2696 582 πρὸς
2733 511 2913 581 ταφὴν
2947 511 3234 575 ἰδιάζοντα.
3272 512 3335 564 Ei
3369 510 3477 584 γὰρ
3506 511 3616 576 ζῶν
3647 511 3769 566 K6-

2191 623 2300 677 ριος
2345 605 2606 678 κληθῆναι
2631 607 2796 659 τόπου
2827 607 2971 670 τινὸς
2995 607 3059 660 οὐ
3092 607 3436 673 κατεδέξατο,
3463 607 3598 662 ἀλλὰ
3628 624 3770 679 παρ-

2186 697 2348 751 οικῶν
2381 700 2438 751 ὲν
2487 697 2786 770 ἀλλοτρίοις
2833 699 2922 752 τὸν
2973 699 3087 768 βίον
3137 698 3576 767 διήγαγεν,οὺδὲ
3626 699 3770 770 μετὰ

2189 788 2416 843 θάνατον
2445 792 2510 860 τῇ
2551 789 2813 862 παροικίᾳ
2845 790 3062 854 πάντως
3107 791 3618 862 ἐπαισχυνθήσεται,
3647 791 3767 844 ἀλλ’

2188 882 2348 944 ἔστω,
2390 883 2575 951 φησὶν,
2607 882 2684 953 τῷ
2711 882 2848 952 μετὰ
2874 882 3045 936 ταῦτα
3075 883 3174 954 βίῳ
3207 884 3468 954 διήγημα,
3499 884 3580 937 ὅτι
3619 885 3768 954 Γρη-

2188 973 2370 1042 γόριος
2409 971 2530 1025 οὔτε
2583 972 2690 1037 ζῶν
2737 974 3097 1045 ἐπωνομάσθη
3129 975 3278 1044 τόπῳ
3323 975 3447 1038 τινὶ,
3484 974 3576 1028 καὶ
3622 974 3766 1044 μετὰ

2191 1063 2418 1116 θάνατον
2461 1063 2754 1133 ἀλλοτρίων
2800 1065 3014 1131 ἐγένετο
3049 1066 3227 1136 πάσης
3275 1065 3373 1135 τῆς
3423 1066 3524 1135 γῆς
3574 1065 3764 1118 ἑαυτὸν

2189 1153 2540 1222 ἀποστήσας,
2593 1153 2668 1214 ὡς
2723 1155 2796 1223 μὴ
2853 1155 3146 1224 ἐνταφῆναι
3207 1155 3320 1224 ίδίῳ
3369 1151 3765 1220 καταδέξασθαι

2190 1241 2357 1311 τόπῳ.
2393 1240 2574 1308 Μόνην
2627 1241 2734 1310 γὰρ
2781 1242 2930 1312 αὑτῷ
2979 1244 3172 1313 κτῆσιν
3225 1244 3409 1312 τιμίαν
3463 1242 3695 1312 ἐκείνην,
3727 1242 3763 1310 ἢ

2191 1330 2503 1396 πλεονεξίας
2530 1333 2612 1400 ἐφ’
2645 1333 2842 1402 ἑαυτὴν
2893 1333 3035 1402 ἴχνος
3081 1334 3142 1386 οὑ
3181 1333 3414 1404 δέχεται,
3456 1336 3512 1386 ἐν
3543 1331 3766 1403 Χριστῴ

2203 1422 2377 1492 Ἰησοῦ
2423 1423 2499 1493 τῷ
2551 1424 2740 1494 Κυρίῳ
2775 1423 2960 1494 ἡμῶν·
3076 1426 3108 1494 ἡ
3141 1423 3267 1488 δόξα
3309 1426 3405 1477 σὺν
3447 1424 3623 1494 Ilath
3668 1423 3766 1474 καὶ

2192 1514 2467 1584 Πνεύματι
2521 1511 2622 1568 νῦν
2669 1514 2764 1567 καὶ
2821 1515 2901 1576 εἰς
2957 1515 3081 1576 τοὺς
3129 1513 3329 1576 αἰῶνας
3359 1514 3468 1566 τῶν
3513 1510 3758 1567 αἰώνων.

2206 1605 2264 1658 Ἀ
2272 1608 2396 1674 μήν.

525 1701 754 1756 Domino
795 1711 986 1756 nostro
1014 1719 1028 1755 :
1060 1702 1146 1755 cui
1198 1698 1368 1771 gloria
1417 1714 1539 1752 cum
1578 1694 1737 1752 Patre
1769 1707 1822 1751 et
1869 1696 2098 1767 Spiritu,
2129 1713 2276 1751 nunc
2306 1704 2360 1751 et
2388 1697 2442 1750 in
2476 1697 2673 1751 szecula
2709 1697 3050 1753 szeculorum.
3083 1697 3271 1754 Amen.

593 1813 891 1884 Gregorius
914 1811 1194 1882 Nyssenus
1223 1811 1298 1864 De
1327 1810 1551 1874 homine,
1581 1809 1781 1871 anima,
1804 1808 2090 1873 elementis,
2125 1798 2165 1850 Β
2195 1810 2288 1866 sed
2315 1810 2405 1864 illa
2439 1811 2837 1880 interpretatio,
2867 1811 3010 1880 quod
3045 1811 3238 1873 sciam,
3277 1811 3452 1865 lucem
3504 1823 3612 1863 non
3670 1822 3764 1863 as-

527 1903 720 1958 riribus
782 1903 998 1964 anima,
1043 1899 1234 1955 Latine
1279 1899 1436 1954 Joan.
1493 1899 1736 1965 Conone,
1784 1897 2097 1953 Norimher-

526 1994 702 2066 gensi,
767 1995 1081 2061 interprete.
1130 1992 1308 2045 editus
1362 2005 1456 2060 per
1503 1987 1721 2044 Beatum
1776 1987 2098 2043 Rbenanum

527 2089 814 2155 Argentor.
849 2083 990 2151 apud
1025 2079 1462 2142 Schurer.151‘2,
1489 2079 1583 2134 fol.
1615 2078 1791 2133 Paris.
1818 2080 1976 2142 1515,
2001 2079 2095 2135 fol.

527 2177 693 2231 Basil.
735 2176 888 2236 1521,
918 2175 972 2238 4,
1005 2171 1187 2243 [1512.
1219 2171 1284 2239 τἰῐι
1314 2169 1535 2223 Panzeri
1572 2169 1636 2222 A.
1669 2177 1709 2224 t.
1735 2168 1826 2234 Vl,
1863 2185 1915 2239 p_.
1945 2169 2098 2241 190].

529 2267 596 2322 Hi
630 2274 758 2322 sunt
793 2266 916 2320 libri
944 2279 1039 2319 vni
1106 2262 1459 2332 philosophia:
1490 2260 1565 2316 De
1608 2269 1803 2315 natura
1836 2261 2096 2324 humana,

528 2359 622 2429 qui
665 2357 768 2413 sub
811 2355 1042 2427 NySGeni
1091 2354 1308 2407 nomine
1351 2359 1568 2407 exstant
1606 2351 1660 2405 in
1712 2353 1955 2421 antiquis
1983 2353 2099 2406 edi-

527 2449 770 2503 tionihus
827 2446 1073 2506 Latinis,
1121 2453 1176 2498 ut
1231 2442 1529 2497 Basileensi
1588 2441 1754 2508 1562,
1814 2442 1907 2498 fol.
1954 2442 2099 2498 Nihil

530 2547 708 2594 autem
765 2537 909 2591 aliud
967 2537 1052 2590 his
1099 2535 1432 2597 continetur,
1480 2549 1644 2604 quam
1689 2534 1826 2590 liber
1860 2535 2099 2590 Nemesii

535 2628 606 2682 De
643 2627 868 2685 homine.
896 2626 950 2677 in
979 2631 1102 2678 octo
1140 2622 1353 2676 libellos
1381 2621 1702 2685 distractus,
1737 2629 1795 2674 ut
1827 2621 1938 2690 jam
1976 2636 2099 2676 mo-

529 2721 624 2775 nui
688 2717 801 2770 Vltl
867 2715 1138 2770 volumine
1195 2714 1288 2766 lib.
1337 2729 1367 2768 v
1422 2711 1565 2784 {cap.
1613 2713 1712 2774 10,
1767 2711 1794 2783 §
1843 2712 1910 2775 6,
1974 2727 2095 2784 pag.

527 2809 632 2864 448
671 2825 790 2879 sqq.
814 2806 952 2860 Add.
987 2806 1254 2860 Mansium
1285 2804 1351 2858 ad
1377 2803 1586 2858 Fabric.
1631 2803 1770 2857 Bibl.
1799 2802 1922 2858 Lat.
1960 2804 2095 2857 med.

527 2911 575 2956 et
599 2901 695 2969 inf.
733 2909 820 2954 rut.
852 2909 983 2953 tom.
1020 2898 1057 2960 l,
1090 2913 1140 2967 p.
1170 2896 1274 2950 505
1299 2913 1381 2966 sq.
1415 2894 1640 2967 11ml..].

983 2985 1091 3039 Vll.
1134 2987 1345 3054 Scripta
1376 2985 1665 3053 deperdita.

598 3079 665 3134 In
693 3078 980 3133 Proverbia
1013 3077 1305 3147 scripsisse
1351 3091 1428 3140 se,
1466 3075 1680 3129 videtur
1708 3075 1934 3130 innuere
1960 3073 2096 3146 Nyso

529 3187 695 3228 senus
716 3170 904 3224 homil.
929 3170 946 3223 1
974 3171 1029 3222 in
1061 3167 1394 3231 Ecclesiast.,
1427 3165 1552 3220 licet
1576 3167 1725 3220 locus
1752 3183 1859 3220 non
1888 3167 1959 3221 ita
1981 3165 2099 3220 evi-

529 3264 719 3317 denter
747 3263 850 3316 hoc
888 3261 1121 3316 evincat.
1150 3257 1350 3312 Confer
1388 3255 1798 3312 Tillemontium
1839 3266 1972 3311 tom.
2006 3254 2096 3328 IX,

531 3373 584 3426 p.
616 3355 737 3408 742.

601 3446 664 3499 1η
727 3445 897 3514 Epist.
937 3445 1005 3497 ad
1067 3444 1442 3513 Pltitippenses.
1494 3442 1732 3514 Cynillus
1807 3445 1984 3506 Δίρκη
2027 3443 2097 3496 ad

533 3537 830 3605 Evoptium.

602 3627 683 3681 Ad
709 3626 1072 3693 Theodosium,
1103 3627 1286 3694 episc.,
1313 3625 1586 3692 Quomodo
1616 3625 1890 3682 Cornelius
1921 3624 2098 3692 Spiri-

532 3730 643 3773 tum
705 3727 940 3771 sanctum
985 3728 1104 3771 ante
1155 3718 1464 3786 baptismum
1506 3717 1780 3786 acceperit.
1856 3714 2100 3768 Meminit

531 3811 809 3882 Nyssenus
857 3811 1047 3881 ipsein
1090 3811 1194 3866 fine
1239 3811 1426 3882 scripti
1463 3811 1536 3865 De
1575 3809 1986 3881 engastrimytho
2031 3806 2096 3861 ad

533 3904 780 3960 eumdem
817 3901 1206 3956 Theodosium.

603 3991 968 4047 Damascenus
1005 3993 1059 4046 in
1097 3991 1380 4048 Parallelis
1412 4009 1465 4062 p.
1501 3993 1604 4046 775
1630 3992 1762 4046 citat
1785 3991 2096 4062 Nyssenum

532 4087 589 4141 in
618 4085 751 4139 illud
782 4084 923 4139 :Hic
960 4096 1037 4140 est
1067 4085 1238 4139 Filius
1274 4102 1416 4139 meus
1447 4085 1686 4138 dilectus.

605 4177 926 4248 Euthymius
958 4177 1012 4231 in
1053 4177 1310 4244 Panoplia
1343 4176 1497 4231 affert
1527 4177 1786 4230 nonnulla
1811 4176 1874 4228 ὲκ
1898 4176 1994 4247 τῆς
2014 4176 2102 4228 λε-

533 4270 768 4339 γομένης
802 4265 940 4321 εἶναι
971 4267 1062 4322 τοῦ
1105 4266 1451 4338 Νύσσηθκαῖ⁵
1493 4267 1828 4338 καλουμένης
1858 4267 2103 4335 Θεογνω-

534 4357 672 4420 σίας.

2201 1902 2369 1973 pexit.

2268 1992 2716 2049 Graeco-Latium.
2745 2026 2813 2036 —
2839 1995 3013 2059 Paris.
3063 1995 3216 2059 16-15,
3258 1996 3294 2048 2
3327 1995 3588 2059 volumin,
3647 1993 3764 2055 fol.,

2200 2091 2428 2137 curante
2458 2081 2732 2138 Frontone
2771 2083 2989 2147 Dueseo,
3016 2099 3080 2138 ex
3119 2085 3336 2138 officina
3365 2083 3690 2140 Nivelliana.

2270 2172 2550 2244 Appendix
2572 2174 2701 2229 ibid.
2733 2175 2887 2239 1618,
2915 2175 3030 2238 fol.,
3055 2191 3116 2230 ex
3137 2174 3493 2244 suppeditatis
3514 2182 3565 2228 et
3587 2183 3766 2227 trans-

2202 2263 2386 2318 missis
2418 2279 2446 2317 a
2479 2263 2684 2319 Iacobo
2708 2263 2984 2319 Gretsero.

2270 2354 2446 2409 Paris.
2490 2355 2648 2418 1658,
2679 2355 2773 2409 fol.
2810 2357 2986 2411 tribus
3020 2355 3244 2418 volum.,
3279 2354 3332 2407 in
3378 2369 3482 2420 qua
3522 2353 3764 2407 editione

2203 2442 2338 2497 nihil
2370 2453 2564 2514 przeter
2591 2445 2937 2515 appendicem
2971 2446 3080 2513 jam
3115 2454 3468 2498 memoratam
3507 2445 3763 2502 acceSsit,

2202 2547 2326 2586 cum
2359 2533 2560 2602 alioqui
2591 2550 2688 2587 nec
2722 2541 2830 2586 tam
2869 2534 3038 2587 nitida
3064 2533 3153 2594 sit,
3189 2549 3286 2587 nec
3317 2543 3426 2586 tam
3455 2533 3764 2594 emendata,

2202 2637 2365 2690 quam
2400 2623 2549 2690 prior
2600 2620 2917 2676 Nivelliana.
2981 2621 3052 2677 De
3099 2603 3332 2693 utraque
3391 2623 3690 2684 Labheum,
3720 2623 3766 2676 si

2203 2713 2398 2781 placet,
2436 2711 2560 2765 vide
2596 2718 2650 2765 et
2682 2711 2976 2765 Oudinum.
3013 2711 3181 2765 Fann.

2277 2801 2380 2856 Sed
2411 2817 2571 2870 quam
2599 2803 2908 2858 necessaria
2944 2805 3014 2857 sit
3044 2819 3179 2856 nova
3220 2802 3380 2873 Greg.
3407 2802 3564 2874 Nyss.
3605 2802 3691 2856 ed.
3737 2815 3767 2855 e

2202 2891 2359 2946 codd.
2390 2891 2748 2957 emendanda,
2779 2902 2832 2947 et
2853 2909 2914 2946 ex
2949 2895 3054 2947 illis
3088 2903 3137 2948 et
3180 2893 3434 2963 Zacagnii
3471 2903 3629 2961 atque
3662 2891 3766 2945 Ca-

2204 2983 2426 3037 raccioli
2452 2984 2608 3038 editt.
2649 2985 2963 3039 memoratis
3002 2985 3404 3054 locupletanda.
3429 3000 3493 3038 ex
3536 2984 3624 3043 iis,
3649 2997 3766 3052 quae

2201 3075 2484 3145 hucusque
2519 3091 2550 3129 a
2581 3091 2668 3130 me
2693 3084 2747 3131 et
2777 3090 2806 3128 a
2839 3075 3094 3131 Fabricio
3120 3078 3406 3131 observata
3441 3087 3587 3139 sunt,
3615 3075 3768 3130 facile

2203 3167 2456 3221 elucebit.
2498 3167 2884 3238 Amplissimus
2922 3176 3101 3222 autem
3157 3169 3339 3223 futuro
3387 3168 3580 3222 editori
3627 3175 3767 3236 patet

2203 3273 2453 3328 campus,
2493 3257 2547 3311 in
2599 3274 2708 3328 quo
2744 3258 2887 3313 vires
2946 3259 3169 3328 ingenii,
3214 3259 3558 3321 eruditionis,
3606 3267 3769 3328 atque

2203 3351 2495 3419 diligentia:
2525 3365 2648 3404 cum
2672 3349 2831 3405 laude
2859 3350 3061 3420 pariter
3091 3364 3154 3404 ac
3175 3350 3406 3404 utilitate
3432 3350 3603 3418 possit
3625 3363 3768 3403 exer~

2202 3457 2347 3496 τοι-ο.

2271 3533 2480 3588 Aldinae
2502 3535 2768 3590 editiones
2811 3542 2990 3592 sunt:
3047 3534 3293 3603 Gregorii
3355 3531 3584 3604 Nysseni
3635 3531 3768 3586 liber

2203 3622 2284 3680 De
2329 3627 2555 3689 homine,
2586 3643 2710 3680 eum
2747 3625 2974 3695 Gregor.
3017 3625 3461 3702 Nazianyoratt.
3505 3625 3596 3690 1X,
3654 3640 3770 3695 qua:

2201 3718 2385 3770 omnia
2431 3732 2575 3770 nunc
2613 3719 2844 3785 primum
2867 3719 3304 3773 emendatissima
3334 3719 3386 3772 in
3435 3719 3608 3773 lucem
3649 3735 3772 3788 pro-

2204 3808 2396 3871 deum,
2459 3807 2552 3862 Gr.
2619 3807 2814 3864 Venet.
2866 3810 2920 3862 in
2959 3811 3169 3865 :edihus
3207 3813 3322 3862 her.
3358 3810 3480 3862 Aldi
3513 3819 3566 3863 et
3599 3809 3763 3860 Andr.

2204 3900 2430 3954 Asulani
2465 3901 2660 3954 soceri.
2696 3900 2854 3961 1556,
2891 3902 2944 3954 8.
2979 3931 3050 3940 —
3093 3900 3252 3969 Greg.
3309 3897 3466 3969 Nyss.
3508 3896 3764 3968 opuscula
3793 3914 3820 3926 ε

2208 3991 2399 4047 Venet.
2435 3991 2576 4062 apud
2602 3990 2724 4044 Aldi
2777 3994 2916 4046 filios
2966 3991 3118 4053 1555,
3162 3991 3216 4044 8.
3277 4021 3345 4029 -
3393 3990 3692 4045 Conciones
3734 4003 3766 4040 v

2207 4083 2282 4137 De
2311 4086 2548 4138 oratione
2574 4083 2806 4138 Domini.
2843 4082 3031 4152 Ejusd.
3058 4082 3349 4135 conciones
3371 4090 3494 4135 octo
3519 4081 3592 4133 De
3617 4079 3766 4132 beata

2204 4177 2329 4230 rita.
2354 4175 2554 4231 Omnes
2585 4190 2613 4228 a
2635 4175 2795 4230 Petro
2826 4175 3100 4230 Galesinio
3119 4189 3394 4230 conversae
3423 4192 3433 4227 :
3463 4173 3547 4228 his
3578 4174 3767 4242 adjun-

2205 4279 2289 4323 cta
2323 4278 2405 4323 est
2436 4269 2503 4322 ab
2526 4266 2712 4322 eodem
2748 4267 2977 4337 Nysseni
3007 4267 3136 4326 vita.
3189 4283 3218 4321 e
3265 4266 3540 4320 veteribus
3584 4277 3768 4319 aucto-

2207 4359 2358 4414 ribus
2391 4359 2635 4413 collecta.
2660 4359 2863 4423 Romte,
2883 4357 3054 4410 Paull.
3084 4356 3376 4422 Manutius,
3405 4357 3562 4419 1565,
3595 4359 3647 4412 4.

602 4449 747 4502 Idem
790 4466 854 4503 ex
893 4449 1140 4518 Nysseno
1181 4451 1247 4502 ad
1297 4449 1577 4503 Ablabium
1601 4449 1846 4519 quaedam
1884 4452 2098 4513 recitat,
2133 4475 2176 4527 ι)
2275 4451 2552 4520 Frequens
2605 4451 2811 4504 mentio
2865 4451 3122 4519 quoniam
3204 4449 3344 4528 facta
3390 4456 3475 4504 est
3515 4447 3767 4503 editionis

535 4553 656 4608 qua:
690 4553 798 4591 non
836 4539 1088 4606 leguntur
1129 4539 1182 4591 in
1215 4540 1417 4608 scripto
1442 4538 1522 4592 Ad
1561 4539 1863 4603 Ablabium,
1895 4540 1959 4593 de.
1992 4554 2101 4608 quo

536 4642 721 4696 supra,
751 4642 834 4680 nr.
870 4625 957 4680 50.

853 4715 991 4772 Vill.
1020 4717 1292 4773 Editiones
1320 4735 1531 4786 operum
1566 4719 1811 4790 Nysseni.

605 4809 911 4863 Latinw.—
949 4808 1223 4873 Colonia),
1272 4811 1428 4878 1557,
1478 4811 1597 4877 fol.,
1637 4812 1794 4879 cujus
1847 4809 2099 4864 editionis

539 4903 782 4956 notitiam
820 4910 1000 4972 petere
1029 4903 1156 4958 licet
1184 4918 1246 4957 ex
1287 4902 1612 4956 Bibliotheca
1642 4901 1892 4956 Gesneri.

612 4993 776 5046 Basil.
808 4991 964 5055 1562,
997 4992 1113 5058 fol.,
1140 4994 1396 5063 pleraque
1417 4990 1708 5045 Laurentio
1737 4989 1924 5043 Sifano
1943 4988 2107 5043 inter-

539 5083 877 5152 prete.Hanc
901 5083 1192 5139 editionem
1218 5093 1465 5138 recenset
1482 5082 1844 5138 Bellarminus
1869 5079 1936 5132 de
1961 5080 2019 5134 S.
2043 5079 2103 5135 E.

613 5173 778 5229 Basil.
815 5174 970 5237 1571,
1008 5174 1125 5237 fol.,
1149 5173 1324 5229 Paris.
1353 5173 1511 5236 1575,
1543 5172 1661 5237 fol.,
1695 5187 1810 5240 quae
1829 5170 1996 5225 editio
2029 5185 2108 5224 re-

538 5276 792 5322 censetur
822 5281 853 5319 a
904 5264 1198 5323 Possevino
1225 5268 1278 5320 in
1307 5267 1578 5333 Apparatu
1609 5264 1666 5318 S.
1731 5263 1905 5317 Paris.
1948 5263 2105 5326 1605,

543 5358 908 5421 fol.,curante
956 5357 1234 5413 Frontone
1283 5356 1502 5423 Dneazo,
1547 5371 1667 5426 qum
1713 5363 1766 5410 et
1818 5355 2028 5424 plenior
2055 5366 2110 5410 et

539 5450 849 5504 accuratior
872 5450 1086 5504 caeteris
1123 5458 1205 5506 est
1233 5448 1420 5503 editio.

607 5541 860 5596 Carolum
889 5539 1114 5593 Bovium
1159 5536 1388 5607 Nysseni
1451 5550 1616 5606 opera
1682 5535 1910 5589 vertisse
1961 5536 2109 5606 legas

541 5627 595 5682 in
629 5640 778 5685 tomo
805 5627 873 5684 IX
931 5627 1111 5682 Italia!
1150 5627 1225 5679 S..
1257 5625 1582 5680 Ferdinandi
1629 5625 1838 5697 Ughelli
1905 5642 1956 5696 p.
2017 5627 2105 5691 60,

2212 4540 2506 4603 llwschel.,
2539 4541 2785 4595 curatius
2815 4555 2934 4596 eam
2975 4551 3028 4596 et
3047 4547 3261 4610 propter
3291 4541 3570 4595 raritatem
3602 4541 3765 4602 illius,

2209 4648 2328 4700 quae
2357 4647 2524 4700 penes
2562 4647 2648 4685 me
2679 4640 2781 4694 est,
2815 4640 2871 4686 et
2908 4641 3132 4702 propter
3169 4632 3535 4686 additamenta
3567 4632 3769 4687 descri-

2208 4722 2351 4776 bam.
2377 4720 2584 4790 Integra
2607 4731 2781 4775 autem
2805 4731 2888 4777 est
2913 4723 3225 4793 inscriptio:
3254 4740 3271 4773 ο
3293 4721 3354 4774 1).
3375 4721 3618 4793 Gregorii
3645 4723 3771 4794 Nys-

2205 4812 2320 4868 seni
2341 4813 2604 4881 opuscula
2626 4813 2882 4882 quinque.
2897 4834 2914 4866 ι
2946 4816 2984 4868 l.
3006 4813 3082 4866 De
3107 4813 3429 4882 professione
3447 4814 3766 4872 Christiana.

2205 4903 2269 4957 ll.
2305 4903 2378 4958 De
2402 4905 2731 4974 perfectione,
2753 4915 2800 4958 et
2823 4907 3024 4974 qualem
3059 4905 3421 4959 Christianum
3445 4923 3555 4962 esse
3575 4909 3769 4964 deceat.

2203 4989 2291 5043 111.
2321 4992 2627 5063 Anagngica
2647 4996 2762 5046 vita:
2794 4991 2992 5062 Moysi:
3019 4994 3310 5058 enarratio,
3332 5007 3438 5062 qua
3457 4993 3580 5046 vita:
3619 4994 3772 5050 Chri-

2207 5083 2397 5137 stiana
2419 5085 2640 5152 quidam
2675 5085 2719 5137 is
2747 5092 2906 5153 typus
2955 5083 3123 5138 fuisse
3149 5083 3480 5138 ostenditur.
3512 5083 3600 5137 1V.
3633 5084 3770 5139 Con-

2210 5183 2294 5226 tra
2317 5175 2729 5242 Apollinarium.
2774 5173 2836 5227 γ.
2871 5174 2944 5228 De
2981 5175 3104 5244 ﬁde.
3147 5175 3335 5232 Grmce
3367 5192 3513 5232 nunc
3538 5177 3769 5248 primum

2208 5265 2348 5319 edita
2372 5265 2554 5318 studio
2576 5276 2628 5320 et
2651 5280 2815 5335 Opera
2855 5265 3072 5321 Davidis
3101 5267 3416 5337 Hoescbelii,
3451 5270 3772 5340 Augustani,

2209 5355 2380 5425 Lugd.
2422 5354 2607 5410 Batav.
2637 5372 2702 5409 ex
2739 5356 2882 5412 offic.
2937 5357 3174 5413 Plantin.
3220 5362 3362 5428 apud
3411 5361 3610 5416 Franc.
3666 5361 3772 5414 Ra-

2211 5446 2582 5518 pheleugium,
2611 5447 2772 5510 1595,
2806 5448 2858 5514 8,
2891 5465 2954 5503 ex
2990 5449 3149 5505 codd.
3182 5452 3415 5523 August.
3465 5462 3518 5508 et
3559 5453 3772 5507 Maximi

2212 5536 2499 5606 Margunii;
2533 5537 2598 5591 de
2627 5538 2828 5606 quibus
2854 5540 2961 5610 agit
2989 5541 3042 5596 in
3076 5543 3308 5611 praefat.,
3338 5553 3391 5599 et
3418 5559 3515 5614 ego
3529 5541 3772 5612 quaedam

2219 5627 2470 5683 adnotavi
2497 5630 2551 5683 in
2580 5628 2879 5686 lntroduct.
2916 5641 3023 5688 etc.
3058 5633 3118 5699 ll,
3159 5636 3215 5698 2,
3243 5652 3294 5705 p.
3335 5635 3460 5701 255,
3511 5651 3596 5698 su.
3635 5634 3777 5696 (luo.
