4106 6208
522 349 588 402 ιδ
1679 337 1736 395 S.
1778 336 2143 394 GREGORIU:

2161 336 2176 389 ε
2215 295 2596 391 Nrsseuus.
3702 333 3782 387 44

519 465 618 534 τῆς
642 464 762 516 κατ’
801 462 1003 534 ἀρετὴν
1031 459 1382 529 τελειότητος.
1499 454 1673 526 llujus
1712 455 2084 526 apographum
2118 461 2140 515 Α

2263 459 2334 524 μ’,
2394 453 2488 513 Et;
2551 449 2647 520 τὴν
2696 447 2790 503 τοῦ
2848 447 3145 520 ἀνθρώπου
3219 451 3586 522 κατασκευήν.
3620 453 3682 507 Β.
3711 469 3781 510 Α.

525 554 806 611 reverend.
846 562 901 608 et
923 551 1272 608 doctissimus
1299 549 1552 602 dominus
1591 546 1931 616 Margunius,
1975 545 2095 597 ὲπίέ
2193 553 2372 601 exstat
2412 544 2710 612 interprete
2736 541 2892 596 Joan.
2921 541 3273 597 Leunclavio.

530 664 729 709 σκοπος
763 644 1051 715 Κυθήρων,
1075 655 1174 698 sua
1206 656 1370 695 manu
1401 645 1710 706 exaratum,
1772 635 1917 692 dono
1970 635 2096 690 llo:-

1898 651 1917 690 δ
1970 635 2096 690 ιιω.
2268 643 2377 706 μα’.
2414 635 2549 706 Περὶ
2569 633 2767 704 ψυχῆς,
2797 632 2933 703 πρὸς
2957 633 3056 702 τὴν
3079 633 3336 706 ἀδελφήν.
3375 633 3437 688 Β.
3475 634 3519 688 Α

528 739 736 796 schelio
776 737 946 790 misit.

2270 727 2378 798 μβι,
2412 728 2506 790 Εἰς
2530 727 2598 779 τὰ
2627 724 2847 796 ᾄσματα
2873 725 2981 776 τῶν
3005 725 3286 794 ᾀσμάτων,
3319 725 3468 795 λόγοι
3508 727 3602 780 λε’.
3665 726 3783 782 La-

594 828 694 893 λζ’.
725 829 818 892 Εἰς
846 828 946 898 τὴν
986 825 1180 881 ἑαυτοῦ
1211 823 1565 897 χειροτονίαν.
1596 824 1667 878 M.
1695 821 1766 877 Μ.
2197 832 2214 875 t

2197 821 2309 875 tine
2338 828 2574 881 exstant,
2608 819 2906 887 interprete
2935 818 3135 871 Joann.
3170 817 3525 872 Leunclavio.

597 925 696 996 λη’.
727 923 1110 995 Κατηχητικδς
1130 921 1307 990 λόγος,
1339 921 1409 975 Μ.
1451 921 1523 975 Μ.
1574 918 1740 988 hujus
1785 913 2092 984 exemplum
2274 908 2386 980 μγ’.
2452 909 2597 981 Πρὸς
2647 908 2776 971 τοὺς
2824 907 3162 978 ἀχθομένους
3224 909 3346 970 ταῖς
3399 907 3787 979 ὲπιτιμήσεσι.

528 1020 597 1073 ab
627 1017 815 1072 eodem
859 1032 973 1072 rev.
1005 1031 1092 1085 ep.
1133 1015 1290 1086 Cyth.
1332 1012 1673 1070 Hoeschelius
1695 1008 1925 1078 accepit.
2200 999 2386 1054 Graece
2418 1001 2596 1056 editus
2618 999 2867 1054 Parisiis.

597 1109 696 1162 λθ’.
729 1108 867 1178 Περὶ
890 1106 1209 1178 παρθενίας,
1251 1113 1429 1161 exstat
1472 1104 1525 1158 in
1568 1100 1898 1158 bibliotheca
1947 1094 2099 1151 Vati-

2269 1091 2448 1146 Codex
2480 1091 2785 1146 orationum
2811 1087 2868 1144 ὃ.
2893 1088 3056 1161 Greg.
3097 1087 3355 1161 Nysseni,
3383 1089 3518 1145 satis
3548 1103 3783 1158 magnus

531 1215 689 1263 cana,
718 1213 1018 1254 conversus
1043 1213 1071 1251 a
1106 1196 1262 1251 Joan.
1295 1195 1563 1257 Livineio,
1605 1193 1674 1248 ϐ.
2199 1187 2251 1241 in
2283 1186 2608 1241 bibliotheca
2637 1185 2836 1241 nobilis
2861 1192 2915 1240 et
2938 1185 3009 1238 cl.
3045 1201 3096 1238 ν.
3123 1183 3185 1238 D.
3227 1182 3498 1240 Theodori
3532 1183 3781 1240 Cameri.

549 1423 2079 1444 ——_.___—————___————__———.—=

550 1441 1650 1461 ΤΨΜῨ
1652 1441 1855 1452 -σ--ο

1862 1417 3772 1448 W

687 1670 1726 1790 PROLEGOMENA
1812 1654 2546 1776 EDITIONIS
2625 1652 3639 1770 MORELLIAN/E.

1562 2079 2026 2128 ILLUSTRISSIMO
2087 2084 2165 2125 ET
2212 2081 2420 2124 REVEB
2430 2077 2757 2122 ENDISSIMO

1781 2225 2123 2283 FEDERICO
2161 2225 2567 2283 BORROMIEO

1847 2397 1900 2441 ς.
1935 2399 1999 2442 ιι.
2041 2398 2101 2439 Ε.
2135 2396 2477 2439 CARDINALI

1604 2561 2174 2610 MEDIOLANENSIUM
2207 2560 2724 2615 ARCBIEPISCOPO,

1337 2709 1652 2761 CLAUDIUS
1707 2707 2047 2760 MORELLUS
2087 2707 2351 2757 XAIPEIN
2394 2707 2508 2755 ΚΑΙ
2551 2705 2962 2755 ΕΥΟΔΟΥΣΘΑΙ.

619 3100 775 3169 Quod
813 3098 1047 3156 Basilius
1086 3095 1338 3167 Magnus,
1366 3095 1676 3152 Cardinalis
1701 3096 2058 3166 amplissime,
2091 3095 2158 3151 ad
2181 3096 2398 3152 beatum
2429 3095 2778 3152 Ambrosium
2811 3094 3169 3152 Mcdiolanen.
3196 3096 3491 3153 antistitem
3523 3099 3790 3160 scribens,

551 3206 676 3268 post
710 3195 1042 3251 luculentam
1101 3193 1466 3245 maximorum
1505 3187 1717 3242 Domini
1749 3186 1956 3258 Deique
2003 3190 2180 3245 nostri
2223 3189 2609 3244 beneﬁciorum
2660 3191 2714 3243 in
2761 3206 2934 3260 genus
2973 3192 3272 3249 humanum
3303 3195 3789 3260 enumerationem,

551 3285 630 3346 ait
664 3305 723 3346 se
752 3299 1018 3344 summam
1055 3282 1149 3336 Dei
1169 3281 1296 3353 Opt.
1329 3279 1469 3334 Max.
1504 3280 1732 3350 gloriam
1765 3281 2114 3349 praedicando
2143 3282 2426 3345 extollere,
2468 3283 2558 3351 qui
2595 3297 2689 3352 per
2717 3285 2929 3353 singula
2962 3301 3193 3354 quaeque
3233 3287 3428 3341 saecula
3462 3287 3669 3342 numini
3696 3302 3794 3344 suo

555 3386 834 3456 placentes
865 3377 1072 3446 deligit,
1108 3371 1465 3442 ἱκλεγόμενος
1495 3373 1622 3435 τοὺς
1652 3371 1801 3442 αὐτῷ
1828 3372 2176 3442 εὐαρεστοῦντ

2171 3389 2275 3436 τας,
2301 3387 2425 3426 cum
2467 3373 2764 3442 praesertim
2795 3389 2910 3428 aevo
2937 3390 3037 3428 suo
3072 3390 3102 3429 e
3131 3375 3353 3431 civitate
3387 3378 3548 3448 regali
3573 3417 3586 3440 ,
3618 3380 3792 3432 virum

555 3486 882 3550 spectatum,
909 3471 1070 3541 cujus
1102 3468 1223 3522 lldei
1250 3467 1417 3522 totius
1443 3467 1621 3537 gentis
1653 3465 1974 3537 praefectura
2005 3468 2298 3522 commissa
2323 3466 2345 3519 l‘
2347 3476 2519 3534 uerat,
2545 3483 2813 3538 generosa
2841 3480 3042 3534 mente,
3082 3472 3281 3528 illustri
3307 3484 3486 3529 ortum
3515 3475 3790 3546 prosapia,

554 3576 677 3626 vita:
712 3566 1034 3638 splendore,
1086 3559 1304 3615 dicendi
1361 3559 1566 3612 virtute
1594 3559 1801 3612 clarum
1825 3600 1839 3625 ,
1871 3559 2105 3628 negotiis
2141 3559 2395 3614 civilibus
2452 3560 2750 3616 tractandis
2787 3563 3144 3632 conspicuum
3168 3603 3184 3629 ,
3237 3567 3304 3621 ad
3344 3568 3586 3623 sedulam
3636 3570 3796 3627 ovilis

551 3661 760 3718 Christi
787 3671 976 3713 curam
1004 3653 1293 3714 traxisset,
1344 3659 1508 3720 atque
1543 3665 1573 3703 a
1603 3649 1888 3718 iudicibus
1925 3657 2085 3705 terra:
2139 3651 2203 3704 ad
2255 3652 2656 3720 pmsidentiam
2708 3658 3063 3724 apostolicam
3111 3660 3510 3725 transtulisset,
3540 3661 3706 3733 ἄνδρα
3733 3665 3796 3717 ὲκ

555 3748 941 3825 βασιλευούσης
971 3745 1175 3807 πόλεως
1217 3742 1390 3815 ἀρχὴν
1424 3742 1546 3796 ὅλου
1584 3741 1768 3805 ἔθνους
1798 3742 2226 3812 πεπιστευμένον
2249 3781 2264 3807 ,
2296 3742 2497 3811 ὑψηλὸν
2533 3744 2612 3814 τῷ
2639 3749 2978 3818 φρονήματι,
3020 3748 3211 3818 γένους
3237 3751 3614 3824 λαμπρότητι,
3645 3770 3796 3824 περι.

553 3843 757 3914 φανείς.
791 3841 928 3912 βίου,
954 3839 1126 3906 λόγων
1165 3837 1385 3908 δυνάμει
1410 3877 1424 3900 ,
1460 3835 1748 3908 πράγμασι
1774 3839 1886 3900 τοῖς
1915 3834 2056 3888 κατὰ
2077 3835 2167 3889 τὸν
2190 3835 2303 3907 βίον
2337 3836 2697 3908 περίϐλεπτον
2720 3879 2735 3902 ,
2767 3841 3011 3897 εἵλκυσεν
3051 3845 3131 3906 εἰς
3155 3844 3250 3914 τὴν
3275 3845 3383 3896 τῶν
3415 3846 3674 3913 ποιμνίων
3699 3844 3790 3896 τοῦ

553 3931 790 4006 Χριστοῦ
821 3929 1162 3992 ἐπιμέλειαν,
1198 3928 1290 3980 καὶ
1321 3926 1428 3981 ἀπὸ
1459 3926 1566 3980 τῶν
1604 3927 1806 3998 κριτῶν
1838 3927 1935 3997 τῆς
1963 3926 2069 3997 γῆς
2090 3966 2105 3992 ,
2139 3927 2234 3982 ἐπὶ
2261 3925 2358 3999 τὴν
2390 3928 2684 4001 προεδρίαν
2711 3931 2818 3986 τῶν
2882 3933 3191 3987 ἀποστόλων
3227 3935 3540 4003 μετέθηκεν.
3571 3933 3699 3997 Qua:
3721 3934 3788 3986 ab

549 4026 705 4084 omni
738 4022 1107 4078 assentatione
1155 4020 1526 4076 remotissima
1568 4019 1742 4088 elogia
1791 4033 1820 4072 a
1855 4025 2008 4072 tanto
2049 4018 2463 4089 archiepiscopo
2496 4020 2852 4086 Caesariensi,
2888 4023 3235 4077 sanctissimo
3275 4023 3493 4092 praesuli
3542 4022 3791 4077 Mediola-

550 4122 711 4177 nensi
747 4123 870 4189 jure
926 4115 1172 4180 tributa,
1214 4128 1394 4168 nonne
1452 4113 1805 4167 meritissimo
1858 4111 1925 4164 ad
1960 4111 2336 4167 beatissimum
2371 4112 2631 4166 Carolqu
2667 4114 3001 4169 cardinalem
3050 4113 3447 4180 Borromaeum,
3494 4115 3789 4183 patruelem

555 4227 742 4274 tuum,
777 4208 955 4281 patria
988 4221 1264 4277 regnoque
1304 4206 1513 4260 cmlesti
1542 4205 1653 4275 jam
1690 4204 2063 4274 perfruen-tem
2090 4246 2106 4271 ,
2149 4215 2203 4261 et
2232 4205 2298 4259 ad
2344 4215 2397 4260 te
2423 4205 2544 4275 pari
2577 4220 2841 4275 purpura,
2883 4207 3047 4260 animi
3083 4205 3340 4270 candore,
3371 4205 3634 4260 doctrina:
3659 4221 3792 4275 prae-

556 4301 776 4362 stantia,
815 4299 938 4352 vita:
983 4311 1305 4366 morumque
1336 4295 1603 4350 modestia
1637 4310 1702 4348 ac
1732 4296 2095 4350 sanctimonia
2123 4302 2453 4349 exornatum
2473 4333 2488 4358 ,
2523 4295 2778 4348 videntur
2809 4294 3227 4350 transferenda?
3252 4294 3374 4350 Jam
3413 4311 3542 4350 vero
3569 4312 3691 4350 cum
3732 4295 3790 4349 S.

551 4396 804 4466 Gregorii
831 4395 1060 4466 Nysseni
1093 4393 1359 4464 episcOpi,
1396 4392 1582 4449 Basilii
1633 4394 1781 4448 illius
1821 4393 2065 4464 germani
2116 4393 2302 4449 fratris
2327 4433 2341 4457 ,
2385 4390 2624 4462 Operum
2672 4390 2990 4460 fetuumque
3021 4393 3236 4463 augusti
3277 4393 3476 4464 ingenii
3529 4392 3791 4462 legitimo-

552 4505 678 4544 rum
713 4487 934 4542 editioni
966 4485 1240 4556 διγλώττῳ
1280 4486 1375 4538 καὶ
1423 4488 1704 4557 συμφερτῇ
1729 4525 1743 4548 ,
1777 4495 2065 4556 patronum
2101 4499 2173 4554 op

2170 4486 2369 4539 ιιίιιιιιιη
2419 4491 2473 4538 et
2519 4482 2893 4554 προασπιστὴν
2931 4486 3283 4554 πανάριστον,
3313 4500 3682 4555 quaereremus
3728 4483 3791 4538 ad

556 4577 824 4631 virulenta
847 4573 1124 4628 Zoilorum
1158 4575 1465 4639 κακοδόξων
1493 4577 1597 4631 tela
1645 4578 2019 4643 retundenda;
2056 4577 2110 4629 in
2151 4589 2309 4644 quem
2343 4575 2522 4644 patrius
2551 4573 2736 4629 oculos
2773 4574 3044 4642 conjicere
3068 4575 3376 4641 debuimus,
3401 4590 3564 4646 quam
3599 4577 3652 4630 in
3674 4591 3790 4628 cum

559 4671 718 4740 cujus
745 4668 1056 4737 respublica
1088 4669 1396 4724 Christiana
1420 4712 1436 4736 ,
1482 4681 1780 4742 sanctaque
1813 4671 2054 4726 Ecclesia
2091 4670 2334 4725 Romana
2370 4671 2592 4724 nomine
2623 4671 2741 4741 ipso
2771 4669 3092 4724 recreatur?
3118 4670 3315 4740 quippe
3340 4672 3393 4725 in
3422 4685 3531 4737 quo
3579 4669 3794 4739 Ῥώμης

558 4779 716 4818 omen
748 4761 1146 4816 faustissimum
1177 4763 1514 4826 continetur:
1555 4763 1844 4834 ἐπώνυμον
1872 4767 1985 4826 τοῖς
2016 4764 2179 4817 καλοῖι

2175 4780 2202 4825 ς
2233 4763 2423 4832 ὄνομα,
2461 4762 2728 4832 siquidem
2751 4801 2765 4825 ,
2798 4760 2987 4832 Igneus
3027 4771 3104 4817 est
3141 4765 3283 4833 vigor
3312 4772 3362 4817 et
3396 4761 3618 4816 caelatis
3655 4763 3793 4830 origo

559 4853 907 4917 Borromret's,
950 4853 1092 4923 quod
1125 4854 1259 4908 olim‘
1284 4870 1370 4909 me
1392 4857 1458 4909 de
1489 4863 1679 4910 sancto
1704 4856 1918 4920 Carolo,
1945 4871 2105 4925 quem
2143 4863 2200 4909 tu
2236 4855 2482 4924 sequeris
2522 4869 2688 4924 prepe
2717 4856 2971 4925 passibus
3002 4855 3194 4926 aequis,
3235 4854 3634 4926 depraedicasse
3663 4867 3794 4906 nun-

561 4961 724 5016 quam
759 4946 1065 5016 paanitebit.
1106 4946 1378 5014 Quocirca
1409 4947 1714 5020 Nyssenum
1747 4949 2061 5018 pervigilem
2096 4959 2182 5003 ant

2171 4949 2393 5004 tistiletn
2422 4987 2437 5012 ,
2467 4949 2800 5018 γρηγορήσει
2830 4946 3164 5018 φερώνυμον,
3205 4947 3272 5002 ad
3303 4957 3354 5001 te
3387 4945 3789 5017 ἐρρωμενέστα-

561 5055 653 5090 τον
681 5038 775 5090 xei
807 5036 1258 5109 ὀξυδερκέστατον
1288 5040 1569 5111 ἀρχιερέα,
1606 5039 1748 5092 ultro
1791 5053 1918 5092 cum
1955 5037 2182 5094 charissi

2168 5039 2299 5099 imis
2334 5041 2534 5094 mentis
2569 5039 2885 5110 pignoribus
2921 5038 3110 5108 perdiu
3141 5037 3342 5094 abditis
3363 5078 3381 5104 ,
3431 5037 3789 5098 accedentem,

563 5145 625 5184 ea
659 5129 1044 5203 φιλοφροσύνῃ,
1083 5131 1435 5203 benignitate,
1467 5132 1804 5208 humanitate
1835 5138 1891 5184 et
1923 5128 2222 5194 alacritate,
2260 5145 2368 5200 qua
2398 5143 2640 5186 veterum
2679 5139 2994 5186 sanctorum
3031 5131 3371 5200 potissimum
3403 5131 3626 5185 Patrum
3653 5128 3794 5182 Gne-

562 5237 751 5278 corum
782 5233 836 5279 et
861 5223 1176 5281 Latinorum
1205 5238 1554 5281 monumenta
1593 5226 1848 5296 prosequi
1887 5223 2053 5290 soles,
2081 5225 2348 5294 accipito;
2381 5240 2444 5278 ac
2475 5225 2675 5295 pietate
2702 5239 2917 5295 gravem
2949 5233 3003 5279 et
3035 5227 3242 5281 meritis
3270 5228 3324 5290 in
3359 5225 3792 5296 locupletissima!

565 5316 910 5374 bibliotheca:
942 5327 1066 5384 tuae,
1100 5335 1204 5390 qua
1262 5319 1620 5391 φιλομούσους
1646 5334 1837 5375 omnes
1867 5318 2142 5373 exltilaras
2165 5357 2180 5382 ,
2211 5319 2446 5388 potiori,
2481 5335 2665 5389 quaso
2684 5362 2699 5386 ,
2731 5327 2885 5390 parte
2910 5321 3197 5378 collocato.
3230 5321 3321 5377 Sic
3349 5324 3537 5394 utique
3563 5363 3580 5388 ,
3607 5335 3793 5390 magne

563 5409 820 5482 Federice
847 5453 862 5476 ,
898 5413 1078 5471 fthus
1117 5401 1395 5471 liusarum
1436 5425 1709 5474 castarum
1743 5413 2055 5470 inviolabile
2081 5429 2349 5480 servans,
2389 5416 2670 5485 φιλοθέους
2701 5416 2799 5470 Tui
2829 5435 3082 5474 memores
3116 5421 3298 5490 fecisse
3327 5421 3571 5476 merendo
3591 5461 3605 5485 ,
3642 5418 3792 5490 χάρις

563 5506 720 5578 χάριν
749 5509 856 5581 γάρ
894 5512 1039 5564 ἐστιν
1075 5511 1107 5579 ή
1141 5510 1378 5562 τίκτουσ’
1408 5511 1524 5574 ἀεί,
1553 5525 1714 5576 omne
1747 5525 1920 5564 aevum
1947 5508 2148 5563 diceris
2175 5549 2184 5572 ,

2175 5549 2189 5572 ,
2215 5519 2267 5563 ct
2294 5509 2355 5562 τὸ
2381 5509 2475 5562 τοῦ
2504 5510 2638 5563 Θεοῦ
2682 5511 2909 5582 εὐμενές
2953 5515 3050 5568 tibi
3085 5530 3207 5569 eum
3241 5516 3478 5570 nominis
3522 5515 3789 5568 immorta-

561 5601 715 5657 litate
739 5601 1103 5672 comparabis.
1137 5599 1280 5654 Bene
1314 5599 1536 5670 diuque,
1578 5600 2007 5654 Bormmaaorum
2041 5597 2182 5652 Θάλος

2077 5598 2200 5661 ἀλος
2231 5599 2546 5668 ῥωμαλέον,
2579 5601 2776 5656 valeas.
2812 5603 3034 5660 Lutetiae
3069 5605 3328 5661 Parisior.
3361 5606 3425 5658 Α.
3455 5604 3512 5659 S.
3537 5603 3692 5656 1615.

1007 5734 1056 5754 ἡ
