4106 6208
524 301 593 357 57
1684 298 1739 352 S.
1781 297 2173 354 GBEGOBIUS
2199 293 2512 352 'NYSSENU
2526 294 2580 349 S.

595 418 815 473 Lectum
861 426 944 471 est
991 417 1218 472 alterum
1271 417 1515 488 ejusdem
1547 417 1808 489 Gregorii
1857 417 2083 490 Nyssmi
2117 431 2160 487 Α

525 525 680 578 opus.
729 507 794 562 de
836 507 1023 562 eadem
1079 507 1194 577 ipsa
1228 523 1294 564 "re
1328 525 1342 562 :
1377 507 1433 562 in
1456 523 1564 577 quo
1607 508 1912 563 rationibus
1954 509 2090 562 vali-

523 598 774 654 dioribus
815 613 939 652 cum
979 597 1248 652 Eunomia
1286 613 1482 653 manus
1517 613 1834 662 conserens,
1879 611 2003 652 eum
2041 598 2089 652 vi

523 695 834 757 expugnat,
887 685 1068 740 omnia
1127 685 1426 755 impietatis
1481 685 1821 741 ﬁrmamenta
1888 685 2093 740 labefa-

523 782 699 827 ctans.
738 771 1004 827 Venustas
1035 787 1164 826 vero
1199 772 1486 837 orationis,
1517 782 1571 828 et
1601 773 1859 844 splendor
1892 773 2093 843 jucun-

524 863 694 919 ditate
749 864 970 930 mistus,
1027 864 1191 920 etiam
1247 865 1304 919 in
1354 864 1458 920 hoc
1504 880 1670 935 opere
1726 867 1981 922 decenter
2033 881 2094 922 se

523 956 780 1013 ostendit.

1155 1063 1242 1118 Ea:
1270 1065 1458 1121 Suida.

595 1154 889 1227 Gregorius
907 1153 1190 1229 Nyssenus
1226 1157 1540 1228 episcopus,
1575 1156 1759 1212 Basilii
1793 1156 2095 1212 Caesarien-

527 1248 605 1304 sis
640 1247 830 1314 frater,
880 1248 965 1303 vir
1008 1254 1064 1303 et
1114 1249 1232 1318 ipse
1271 1248 1526 1320 insignis,
1558 1249 1817 1319 omnique
1845 1249 2094 1304 doctrina

526 1336 852 1400 exuberans,
887 1337 1154 1391 addictior
1179 1345 1359 1394 tamen
1395 1338 1698 1394 rhetorices
1725 1339 1944 1402 studiis,
1981 1346 2093 1392 tam

528 1428 738 1482 celeber
770 1429 1174 1500 przeclarusque
1206 1430 1259 1484 in
1297 1445 1361 1485 ea
1387 1431 1578 1497 evasit,
1611 1445 1774 1500 quam
1805 1431 2092 1500 quisquam

529 1531 790 1574 vetcrmn.
837 1520 887 1574 Is
914 1520 1239 1589 conscripsit
1275 1521 1551 1591 egregium
1601 1521 1798 1575 librum
1836 1521 2094 1574 Adversus

532 1609 873 1675 Eunomium,
933 1619 1044 1665 tum
1089 1627 1226 1681 opus
1283 1612 1660 1666 admirandum
1719 1611 1794 1666 De
1832 1613 2098 1664 creatione

528 1701 791 1766 hominis;
839 1703 1148 1773 complures
1206 1709 1464 1772 praeterea
1516 1703 1831 1766 conciones,
1881 1711 1993 1756 tum
2042 1703 2096 1754 in

529 1791 752 1847 Cantica
785 1793 1134 1853 canticorum,
1159 1800 1324 1862 atque
1345 1792 1416 1844 .in
1443 1789 1796 1844 Ecclesiasten
1829 1807 1846 1844 :
1884 1798 1998 1844 tum
2029 1791 2096 1844 ad

529 1900 758 1938 sororem
801 1882 1100 1938 Macrinam
1140 1897 1394 1953 magnum
1438 1890 1494 1936 et
1537 1883 1924 1953 perpulchrum
1969 1882 2097 1937 Ser-

529 1991 742 2030 monem
789 1974 864 2029 De
910 1976 1089 2028 anima
1117 1960 1444 2043 composuit,
1479 1975 1757 2043 multaque
1799 1973 1903 2028 alia
1951 1990 2101 2028 com-

531 2075 745 2120 mentus
796 2075 882 2119 est
942 2083 1058 2123 εει(
1133 2067 1334 2135 quibus
1390 2065 1602 2120 celebre
1644 2065 1774 2119 illud
1842 2065 2100 2134 Stephani

533 2157 948 2226 protomartyris
981 2158 1312 2224 encomium,
1344 2166 1398 2214 et
1426 2156 1673 2229 Gregorii
1710 2156 2100 2212 miraculorum

531 2247 740 2319 opificis
779 2247 887 2301 vita
916 2247 1203 2302 habentur.

3694 287 3776 350 {8

2271 415 2607 486 Ἀνεγνώσθη
2632 411 2805 484 ’ἑτέρα
2853 409 3201 484 πραγματεία
3233 411 3328 466 τοῦ
3359 411 3523 466 αὑτοῦ
3551 413 3775 484 Γρηγο-

2192 509 2306 580 ρίου
2336 508 2576 576 Νύσσης,
2611 505 2739 576 περὶ
2775 507 2874 575 τῆς
2912 503 3084 572 αὐτῆς
3132 503 3438 566 ὑποθέσεως
3463 520 3477 534 ·
3527 505 3583 557 ἐν
3673 499 3776 552 λο-

2180 601 2486 669 γικώτερον
2509 592 2767 667 Ἐύνομίῳ
2802 595 3161 665 συμπλακεὶς,
3188 595 3330 649 κατὰ
3362 596 3561 666 κράτος
3591 595 3773 665 αίρεῖ.

2193 691 2366 744 πάντα
2414 688 2697 758 σαθρώσας
2745 689 2842 758 τῆς
2881 685 3194 748 δυσσεϐείας
3230 684 3395 739 αὐτοῦ
3443 685 3512 738 τὰ
3555 686 3775 755 ὀχυρώ-

2196 797 2357 850 ματα.
2414 779 2487 832 Τὸ
2534 779 2590 832 δὲ
2638 778 2833 839 κάλλος
2873 777 2966 830 τοῦ
3014 777 3198 844 λόγου,
3245 775 3336 830 καὶ
3376 778 3408 846 ἡ
3457 776 3774 847 σύγκρατος

2192 869 2544 939 λαμπρότης,
2597 866 2895 936 γλυκύτητι
2941 865 3222 919 κάνταῦθα
3273 865 3592 936 διαπρεπῶς
3643 868 3774 920 ἐπι-

2193 958 2462 1012 δείκνυται

2728 1071 2829 1124 Ἐκ
2857 1065 2976 1124 τῶν
3004 1071 3146 1124 Σουί
3149 1070 3242 1123 δα.

2257 1167 2561 1238 Γρηγὸριος
2601 1162 2824 1232 Νύσσης
2866 1162 3181 1225 ἐπίσκοπος,
3226 1161 3454 1230 ἀδελφὸς
3485 1160 3773 1214 Βασιλείου

2193 1258 2288 1313 τοῦ
2317 1256 2639 1325 Καισαρέως
2667 1271 2681 1285 ο
2730 1253 2868 1323 ἀνὴρ
2897 1255 2991 1305 καὶ
3025 1253 3185 1315 αὐτὸς
3219 1252 3642 1322 ἐλλογιμώτατος
3671 1253 3774 1305 καὶ

2196 1351 2376 1419 πάσης
2413 1348 2672 1418 ὑπάρχων
2721 1347 2966 1409 παιδείας
3005 1344 3289 1407 ἀνάπλεως
3313 1361 3326 1374 ο
3372 1345 3774 1414 προσκείμενος

2195 1441 2251 1494 δὲ
2282 1440 2478 1511 μᾶλλον
2508 1441 2620 1500 τοῖς
2662 1439 2727 1506 τῇ
2768 1438 3029 1507 ῥητορικῇ
3069 1435 3337 1506 χαίρουσι.
3379 1436 3487 1488 Καὶ
3519 1435 3650 1502 γοῦν
3680 1437 3776 1488 εὐ-

2195 1531 2414 1601 δόκιμος
2446 1530 2502 1581 ἐν
2531 1527 2702 1600 ταύτῃ
2730 1527 3038 1597 γεγένηται,
3073 1527 3167 1579 καὶ
3195 1526 3464 1597 λαμπρὸς,
3479 1522 3533 1578 εί
3557 1539 3642 1590 τις
3673 1522 3773 1580 ἄλ-

2197 1619 2287 1684 λος
2315 1620 2422 1671 τῶν
2449 1618 2615 1672 πάλαι
2641 1616 2814 1690 ταύτῃ
2850 1617 3226 1686 γεγενημένων
3257 1633 3270 1646 ο
3319 1611 3470 1679 οὗτος
3514 1611 3771 1679 συνέταξε

2200 1711 2323 1763 κατ’
2341 1707 2638 1777 Εὑνομῖου
2667 1708 2822 1776 λόγον
2855 1707 3152 1778 ἐξαίρετον,
3183 1709 3278 1760 καὶ
3321 1707 3510 1777 τεῦχος
3556 1707 3776 1778 θαυμά-

2199 1817 2309 1853 σιον
2330 1802 2417 1866 εὶς
2440 1799 2553 1866 τὴν
2577 1799 2681 1852 τοῦ
2706 1798 3017 1865 ἀνθρώπου
3049 1797 3430 1864 κατασκευήν
3451 1815 3463 1828 ’
3507 1797 3680 1861 ἄλλως
3712 1816 3772 1849 τε

2196 1891 2405 1955 πυκνὰς
2433 1891 2528 1944 καί⁸
2555 1894 2794 1960 συνεχεῖς
2819 1891 3056 1960 ὁμιλίας,
3084 1891 3174 1956 εἷς
3202 1906 3264 1942 τε
3293 1890 3365 1943 τὰ
3391 1888 3626 1958 ᾅσματα
3654 1889 3776 1942 τῶν

2197 1981 2504 2050 ᾀσμάτων,
2551 1983 2643 2035 καὶ
2687 1985 2773 2047 εις
2803 1981 2912 2035 τὸν
2960 1979 3472 2045 Ἐκκλησηιστήν·
3505 1981 3597 2034 καὶ
3623 1981 3775 2047 πρὸς

2198 2071 2312 2138 τὴν
2331 2072 2606 2140 ἀδελφὴν
2631 2073 2961 2140 Μακρίναν,
3000 2069 3208 2139 μακρόν
3228 2086 3348 2122 τινα
3367 2071 3460 2122 καὶ
3481 2071 3779 2142 περικαλλῆ

2201 2162 2334 2230 περὶ
2366 2161 2572 2233 ψυχῆς
2601 2163 2859 2231 συνέθηκε
2895 2162 3050 2230 λόγον
3069 2179 3080 2192 ·
3119 2161 3256 2214 ἄλλα
3279 2177 3337 2212 τε
3365 2159 3531 2211 πολλὰ
3567 2175 3771 2228 γεγρα-

2207 2255 2367 2325 φήκει
2388 2273 2401 2286 ·
2453 2257 2546 2308 καὶ
2577 2254 3022 2324 πολυθαύμαστον
3047 2253 3264 2308 ἔπαινον
3295 2250 3387 2304 τοῦ
3421 2250 3631 2320 πρώτου
3661 2249 3770 2300 τῶν

2208 2345 2500 2418 μαρτύρων
2546 2346 2839 2416 Στεφάνου,
2876 2347 2971 2399 καὶ
3021 2345 3133 2414 βίον
3173 2344 3229 2397 δὲ
3272 2341 3521 2406 συνέταξε
3561 2341 3773 2411 Γρηγο-

2207 2438 2324 2510 ρίου
2353 2437 2447 2490 τοῦ
2480 2439 2536 2491 ὲν
2570 2437 2810 2508 θαύμασι
2833 2436 3248 2507 διαλάμψαντος.

605 2549 737 2617 Quis
784 2557 1124 2620 quantusque
1173 2548 1255 2602 vir
1295 2547 1457 2603 fuerit
1497 2548 1793 2618 Gregorius
1836 2547 2138 2621 Nyssenus,
2189 2553 2348 2610 docet
2404 2555 2847 2626 Martyrologium
2889 2553 3190 2606 Romanum
3241 2552 3311 2605 1x
3347 2550 3546 2604 Martii.
3585 2546 3776 2616 Nysstr

535 2642 790 2712 depositio
834 2639 891 2695 S.
937 2637 1170 2709 Gregorii
1213 2641 1460 2708 episcopi,
1510 2640 1700 2709 fratris
1739 2640 1932 2694 Basilii
1971 2641 2176 2713 Magni,
2213 2647 2318 2700 vita
2344 2656 2403 2700 tet
2435 2646 2736 2701 eruditione
2783 2644 3089 2708 clarissimi,
3133 2645 3222 2714 qui
3250 2643 3312 2696 ob
3343 2643 3468 2712 ﬁdei
3503 2639 3772 2694 catholictr

536 2736 884 2807 defensionem
908 2733 1002 2789 sub
1036 2733 1244 2788 Valente
1291 2737 1606 2802 imperatore
1644 2737 1844 2790 Ariano
1884 2739 2094 2793 civitate
2121 2758 2220 2794 sua
2238 2741 2422 2809 pulsus
2446 2755 2543 2798 est.

1659 2822 1919 2878 Menamm
1953 2823 2254 2881 ercorum
2286 2828 2330 2882 Χ
2365 2829 2640 2887 Januarii.

610 2911 709 2966 llic
739 2922 854 2967 erat
889 2911 1057 2967 frater
1084 2912 1265 2969 Basilii
1301 2912 1499 2984 Magni,
1533 2915 1845 2986 eloquentia
1876 2919 2105 2988 praecla-

538 3022 634 3061 rus
672 3014 724 3061 et
777 3005 1090 3059 orthodoxa:
1125 3005 1243 3059 ﬁdei
1270 3007 1573 3070 aantulator,
1619 3017 1902 3077 propterea
1941 3011 2104 3062 etiam

2284 2918 2451 2987 Οὗτος
2477 2920 2544 2995 ἦν
2569 2925 2794 2994 ἀδελφὸς
2828 2925 2921 2979 τοῦ
2955 2925 3187 2997 μεγάλου
3225 2921 3500 2976 Βασιλείω
3529 2919 3776 2992 λαμπρὸς

2212 3012 2270 3064 ὲν
2315 3013 2492 3081 λόγοις
2534 3017 2627 3069 καὶ
2667 3017 2768 3085 τῆς
2794 3017 3072 3087 ὀρθοδόξου
3099 3015 3332 3074 πίστεως
3371 3014 3636 3083 ζηλωτής.
3681 3011 3778 3064 Διά

542 3099 798 3153 Ecclesiae
826 3097 915 3153 Dei
961 3099 1206 3168 praefuit;
1247 3107 1299 3152 et
1330 3114 1452 3151 cum
1485 3100 1611 3160 illis,
1670 3101 1761 3168 qui
1795 3100 2105 3154 Constanti-

2213 3122 2295 3157 τοι
2326 3105 2484 3158 τοῦτο
2513 3107 2607 3160 καὶ
2632 3108 2730 3176 τῆς
2775 3107 3098 3177 Ἐκκλησίας
3128 3105 3362 3177 Χριστοῦ
3394 3105 3652 3175 προέστη.
3685 3105 3776 3155 καὶ

543 3191 724 3260 nopoli
759 3191 1052 3244 secundam
1086 3189 1352 3256 synodum
1400 3191 1746 3246 celebrarunt
1777 3201 1964 3247 contra
2004 3194 2107 3248 im-

541 3283 660 3352 pias
692 3281 924 3335 haereses
974 3289 1105 3332 tunc
1132 3289 1508 3350 exsurgentes,
1560 3281 1820 3337 invictum
1873 3285 2109 3354 pugilem

542 3371 940 3441 seseprtebuit,
981 3371 1309 3426 adversariis
1338 3372 1554 3426 dicendi
1603 3375 1842 3442 potentia
1877 3386 1928 3429 et
1959 3375 2110 3431 Seri-

542 3471 823 3533 pturarum
881 3461 1438 3524 detnonstrationibus
1493 3462 1811 3534 profligatis.
1864 3463 1920 3518 In
1965 3466 2111 3520 omni

542 3553 687 3608 enim
718 3552 1207 3622 orationis‘gencre
1232 3553 1586 3616 exercitatus,
1615 3562 1669 3608 et
1690 3555 1910 3608 virtutis
1940 3557 2114 3625 gloria

547 3644 800 3706 illustris,
838 3645 943 3698 vim
978 3653 1033 3699 et
1060 3645 1236 3698 robur
1263 3644 1520 3708 obtinuit,
1557 3654 1612 3700 et
1641 3646 1705 3700 ad
1730 3647 1934 3716 justam
1962 3664 2117 3702 sene-

544 3744 746 3791 ctutem
765 3741 1081 3803 provectus.
1108 3733 1457 3798 obdormivit,
1480 3745 1534 3788 et
1554 3735 1622 3790 ad
1652 3737 1936 3790 Dominum
1959 3737 2112 3792 abiit.

549 3826 679 3880 Erat
713 3837 890 3878 autem
935 3825 1180 3893 corporis
1207 3825 1597 3882 constitutione
1635 3835 1688 3882 et
1717 3827 1884 3898 ﬁgura
1918 3830 2115 3884 similis

549 3933 645 3989 per
682 3917 862 3970 omnia
913 3917 1069 3970 fratri
1113 3931 1220 3970 sm
1257 3915 1492 3982 Basilio,
1546 3926 1770 3988 excepta
1812 3921 2013 3975 canitie
2062 3928 2116 3975 et

548 4010 730 4066 minus
752 4011 990 4081 gratioso
1039 4017 1272 4079 tspeclu.

2215 3195 2354 3266 μετὰ
2381 3197 2488 3249 τῶν
2517 3197 2958 3267 συγκροτούντων
2981 3199 3080 3267 τὴν
3125 3199 3181 3248 ἐν
3212 3195 3775 3250 Κωνσταντινουπόλει

2208 3285 2466 3356 δευτέραν
2512 3285 2726 3339 σύνοδον
2775 3286 2916 3339 κατὰ
2943 3286 3052 3338 τῶν
3088 3285 3364 3339 δυσσεϐὦν
3393 3287 3652 3356 αἱρέσεων
3692 3288 3777 3337 ὲν-

2213 3376 2514 3445 ισταμένων
2560 3375 2731 3428 ἐλθὼν
2770 3376 3084 3447 ύπὲρμαχος
3125 3377 3325 3446 εὑρέθη
3351 3377 3475 3441 τοὺς
3509 3376 3778 3438 ἐναντίους

2210 3467 2382 3536 λόγων
2407 3468 2632 3537 δυνάμει
2676 3469 2770 3521 καὶ
2815 3471 3114 3540 γραφικαίς
3155 3469 3459 3533 ἀποδείξεσι
3499 3467 3778 3538 τροπωσά-

2216 3573 2393 3626 μενος.
2423 3557 2521 3610 Διὰ
2551 3557 2660 3628 γὰρ
2686 3557 2865 3627 πάσης
2895 3557 3066 3610 ἐλθὼν
3097 3557 3239 3621 ἰδέας
3261 3557 3435 3627 λόγων
3465 3558 3558 3612 καὶ
3584 3557 3778 3628 ἀρετῆς

2212 3646 2560 3717 εὐδοκιμήσει
2583 3647 2644 3700 τὸ
2667 3647 2863 3717 κράτος
2893 3647 3127 3711 ἐδέξατο.
3160 3648 3269 3700 Καὶ
3299 3647 3509 3716 φθάσας
3545 3648 3602 3698 ὲν
3623 3651 3779 3714 γήρει

2212 3737 2362 3808 καλῷ
2403 3738 2669 3808 ἐκοιμήθη
2691 3777 2707 3800 ,
2753 3738 2846 3792 καὶ
2877 3737 3012 3807 πρὸς
3045 3737 3250 3809 Κύρων
3277 3739 3627 3806 ἐξεδήμησεν.
3673 3729 3778 3786 Ἦν

2211 3828 2270 3880 δὲ
2323 3830 2463 3881 κατὰ
2510 3829 2602 3882 τὸν
2649 3829 2743 3882 τοῦ
2796 3829 3046 3898 σώματος
3093 3829 3260 3882 τύπον
3305 3827 3445 3880 κατά
3486 3825 3662 3878 πάντα
3700 3824 3774 3893 τῷ

2214 3918 2428 3989 ἀδελφῷ
2453 3919 2715 3987 Buculeio)
2740 3919 3093 3989 προσεοικὼς,
3121 3919 3258 3988 πλὴν
3282 3918 3373 3972 τοῦ
3395 3913 3575 3969 πολιοῦ
3597 3930 3656 3966 τε
3685 3915 3776 3966 καὶ

2223 4013 2580 4082 χαριεστάτου
2610 4012 2702 4064 ἐπ).
2731 4011 2923 4081 βραχύ.

1567 4104 1626 4160 S.
1659 4105 2006 4176 Hieronymus
2031 4106 2124 4160 lib.
2156 4105 2232 4160 De
2260 4108 2393 4161 viris
2429 4108 2753 4161 illustribus.

622 4195 900 4266 Gregorius
942 4194 1211 4264 Nyssenus
1243 4196 1514 4266 episcopus
1541 4198 1709 4265 frater
1736 4196 1927 4250 Basilii
1957 4198 2325 4259 Catsariensis,
2357 4207 2477 4251 ante
2508 4213 2701 4264 paucos
2733 4213 2896 4250 annos
2931 4197 3060 4250 mihi
3078 4205 3130 4250 et
3162 4195 3407 4266 Gregorio
3434 4193 3773 4250 Nazianzeno

549 4296 739 4344 contra
767 4287 1087 4342 Eunomium
1110 4285 1232 4358 legit
1256 4287 1454 4342 libros:
1482 4289 1640 4358 quiet
1663 4289 1829 4342 multa
1863 4290 1974 4342 alia
2006 4290 2294 4356 scripsisse,
2320 4299 2369 4342 et
2399 4289 2621 4342 scribere
2640 4289 2856 4340 dicitur.

624 4373 692 4430 Ut
740 4393 868 4432 vero
922 4387 1035 4431 tota
1083 4378 1197 4432 hmc
1244 4395 1368 4432 cum
1412 4378 1689 4434 Eunomia
1742 4383 2114 4436 controversia
2149 4390 2191 4444 D
2220 4381 2539 4442 contudisse,
2597 4397 2657 4433 ac
2683 4380 2854 4448 putidi
2895 4379 3166 4433 cadaveris
3204 4380 3391 4441 instar,
3425 4382 3534 4433 risu
3563 4379 3772 4450 dignum

552 4467 746 4522 melius
812 4467 1160 4535 intelligatur,
1237 4469 1520 4524 sciendum
1584 4479 1689 4537 est,
1763 4473 2113 4538 Eunomium,

552 4556 768 4610 Arianae
815 4563 977 4610 secta:
1005 4556 1421 4625 antesignanum
1463 4566 1518 4612 et
1547 4558 1727 4630 (ἐγῑέρὶ
1773 4564 2113 4632 episcopum,

554 4645 1054 4717 pestilentissitnttm
1111 4646 1305 4698 librum
1370 4645 2002 4705 advet‘snsorthodoxam
2038 4653 2106 4709 de

550 4735 1430 4793 Trinitatesentcntiamedidisse:
1462 4737 1529 4791 de
1556 4754 1664 4806 quo
1688 4741 1869 4795 libello
1893 4742 2116 4799 Photins

552 4825 607 4877 in
638 4837 734 4877 sua
771 4821 1091 4876 Bibliotheca
1123 4823 1235 4894 (a):
1259 4823 1384 4894 Legi
1429 4826 1664 4882 libellum
1705 4831 1966 4896 Eunomii,
2016 4852 2117 4904 quo

2225 4471 2531 4538 ostendisse,
2557 4471 2694 4542 quod
2728 4481 2928 4524 tantam
2958 4481 3078 4525 ante
3106 4471 3189 4524 sui
3216 4470 3619 4525 admirationem
3657 4472 3775 4524 aliis

2224 4563 2541 4615 concitarat.

2301 4655 2522 4711 Exstant
2553 4655 2730 4709 adhuc
2765 4655 3004 4725 quinque
3049 4655 3170 4709 libri
3203 4654 3263 4708 S.
3296 4654 3480 4709 Basilii
3532 4655 3774 4710 adversus

2232 4743 2568 4806 Eunomium,
2601 4752 2653 4798 et
2683 4745 2798 4813 ipse
2823 4744 2983 4798 etiam
3008 4743 3208 4813 impius
3232 4744 3478 4797 Eunomii
3507 4758 3776 4798 commen-

2227 4839 2453 4892 tariolus
2511 4837 2565 4890 in
2606 4835 2951 4891 Bibliothecis
3005 4836 3304 4904 reperitur:
3353 4835 3675 4888 nominatim
3723 4836 3774 4888 in

551 4930 704 4967 suam
744 4915 853 4981 ipse
891 4915 1063 4982 prodit
1107 4916 1448 4984 impietatem.
1491 4919 1641 4987 cujus
1675 4920 1756 4972 hic
1799 4933 1875 4975 est
1908 4927 2116 4983 titulus.
2230 4931 2506 4996 anarica,
2560 4938 2614 4985 et
2662 4931 2717 4985 in
2771 4929 2958 4984 codice
3003 4926 3250 4986 Livineii,
3305 4933 3426 4994 post
3455 4924 3682 4996 Nysseni
3726 4927 3774 4979 in

552 4999 810 5054 Libellum
834 5002 1140 5072 hunc,quod
1164 5004 1506 5061 Eunomianis
1521 5009 1571 5060 in
1592 5011 1944 5067 admiratione
1959 5027 2115 5078 esset,
2234 5022 2549 5077 Eunomimn
2572 5023 2739 5076 libros
2771 5019 3118 5088 sulijuvngitur
3138 5015 3388 5070 Eunomii
3417 5018 3651 5082 libellus,
3683 5017 3775 5070 hac

552 5091 616 5142 de
639 5089 922 5156 industria,
965 5111 1027 5148 ne
1060 5095 1127 5148 ad
1154 5097 1286 5150 alios
1317 5101 1624 5166 perveniret,
1660 5104 2002 5170 occultatum,
2037 5109 2105 5161 via

2223 5112 2620 5182 inscriptione:
2678 5112 2745 5164 Ἢ
2788 5110 2880 5163 τοῦ
2930 5109 3193 5178 δόγματος
3236 5106 3497 5175 Εύνομίου
3549 5106 3771 5166 ἕκθεσις,

553 5179 761 5272 tandem
816 5193 1000 5236 nactus
1048 5185 1280 5241 Basilius
1328 5187 1577 5259 Magnus.
1636 5194 1846 5259 fortiter
1897 5212 2011 5248 eum
2061 5213 2123 5249 ac
2224 5179 2498 5272 Expositio
2523 5203 2783 5272 dogmatis
2811 5199 3077 5262 Eunomii,
3113 5197 3257 5251 unde
3288 5197 3540 5252 fortassis
3569 5196 3774 5261 explere

555 5271 842 5339 ‘p‘e"dide’
866 5291 1168 5346 “memque
1195 5277 1323 5332 adeo
1356 5281 1564 5335 ἀίεεηάέ
1595 5285 1695 5336 vim
1718 5301 1779 5337 αε
1809 5285 2120 5352 facultatem
2219 5271 2404 5350 licebit
2455 5271 2702 5348 lacunam
2735 5291 3074 5344 Photianam.
3105 5291 3404 5358 Praeposuit
3451 5289 3576 5342 huic
3623 5288 3772 5340 titulo

551 5363 858 5428 pervadens,
894 5367 1072 5419 evertit
1118 5384 1178 5420 ac
1200 5368 1496 5440 jugulavit:
1525 5372 1720 5427 diceres
1745 5392 1860 5429 eum
1885 5377 2105 5448 Babylo-

2218 5385 2438 5455 quidam
2493 5385 2607 5438 hare
2639 5383 2844 5452 verba:
2908 5381 3076 5447 Σίγα,
3108 5380 3270 5451 μιαρὲ
3324 5381 3418 5434 καὶ⁵
3463 5377 3638 5448 ψυχὴν
3687 5376 3770 5428 καὶ

551 5455 726 5510 "imm
769 5456 1026 5523 ίηῙαηιεῖη
1069 5457 1138 5512 ad
1172 5461 1378 5529 ﬁrmam
1431 5463 1555 5532 ﬁdei
1597 5476 1799 5534 petram
1848 5468 2118 5525 alliciendo
2219 5474 2465 5545 καρδίαν.
2505 5472 2616 5529 Sile
2643 5483 2692 5528 et
2735 5473 2914 5526 animo
2955 5481 3003 5525 et
3037 5471 3193 5526 corde
3225 5469 3584 5526 exsecrabilis.
3622 5466 3768 5536 [mpii

627 5639 701 5692 ια)
734 5637 948 5696 Volttm.
984 5639 1104 5697 i37.
