4106 6208
394 227 473 284 49
1756 249 2263 309 PRULEGOMENA
2275 297 2288 311 .

3586 272 3656 322 50

403 346 572 417 hujus
600 349 788 421 scripti
818 353 1144 424 principium
1176 368 1288 414 est:
1322 361 1430 415 Τοῦ
1455 364 1589 417 θεοῦ
1615 366 1707 420 καὶ
1728 369 1977 442 Σωτῆρος
2008 377 2053 432 Α
2083 373 2348 444 multoque
2374 375 2538 445 magis
2566 386 2761 431 nostra:
2788 378 3058 449 theologia:
3081 379 3319 447 pluribus
3355 380 3653 435 ostendens.

400 440 563 509 ἡμῶν
610 441 783 511 Ἰησοῦ
817 446 1053 515 Χριστοῦ
1084 451 1226 504 κατὰ
1256 452 1468 506 δικαίαν
1500 456 1680 525 κρίσιν
1710 440 1979 529 φήσαντος

396 531 680 600 ὁμολογεῖν
709 535 1019 606 ἔμπροσθεν
1044 539 1137 592 τοῦ
1167 541 1301 594 Θεοῦ
1327 545 1418 596 καὶ
1448 547 1673 616 πατρός.

472 621 545 673 De
594 626 785 677 eodem
824 624 1089 681 Eunomio
1125 629 1183 685 S.
1221 631 1584 704 Hieronymus
1621 637 1672 690 in
1721 637 1978 710 Catalogo

390 713 720 777 scriptorum
794 717 1272 775 ecclesiasticarum
1309 740 1339 776 ελ
1371 724 1700 793 Eunomius,
1760 731 1978 786 Ariona:

389 805 599 866 partis,
654 806 929 874 episcopus
970 810 1263 880 Cyzicenus
1320 816 1373 867 in
1431 830 1672 885 apertam
1722 821 1977 877 haereseos

389 909 743 961 prorumpens
782 899 1181 967 blasphemiam,
1231 914 1290 958 ut
1330 908 1470 975 quod
1512 910 1595 961 illi
1630 921 1829 981 tegunt,
1876 916 1973 969 iste

388 984 598 1048 publice
627 987 906 1054 fateretur,
940 1007 1103 1060 usque
1132 994 1285 1048 hodie
1313 999 1476 1052 vivere
1513 1000 1714 1054 dicitur
1748 1005 1802 1055 in
1835 1002 1973 1073 Cap-

390 1077 659 1143 padocia,
676 1088 725 1132 et
758 1082 927 1135 multa
954 1093 1139 1137 contra
1165 1085 1459 1141 Ecclesium
1485 1093 1727 1147 scribere.
1753 1094 1980 1162 Respon-

392 1165 589 1219 derunt
606 1168 1063 1237 eiApollinarius,
1102 1175 1384 1245 Didymus,
1419 1179 1658 1235 Basilius
1689 1183 1979 1243 Ca:sarien-

393 1256 495 1319 sis,
537 1255 824 1325 Gregorius
860 1260 1263 1331 Nazianzenus,
1295 1279 1342 1322 et
1372 1269 1655 1340 Gregorius
1679 1273 1731 1327 Ν
1736 1293 1975 1345 gssenus.

470 1349 575 1403 Sed
608 1351 724 1406 haec
767 1354 953 1411 minus
981 1356 1237 1413 distincte
1272 1361 1328 1413 S.
1366 1362 1750 1436 Hieronymus,
1796 1370 1976 1437 priora

394 1448 449 1493 et
471 1444 808 1509 prosteriora
840 1446 1002 1499 simul
1030 1448 1289 1519 jungeus.
1335 1451 1402 1507 Ut
1431 1470 1561 1526 ergo
1592 1458 1974 1516 confusionem

397 1531 556 1598 uites,
584 1535 667 1587 sic
691 1533 913 1597 Habeto.
948 1539 1035 1591 ubi
1060 1550 1251 1595 contra
1274 1544 1512 1613 primum
1536 1546 1786 1604 Eunomii
1810 1550 1975 1606 fetum

396 1622 802 1690 disputationes
862 1625 919 1679 S.
980 1628 1165 1683 Basilii
1224 1630 1279 1685 in
1342 1634 1620 1703 publicum
1667 1639 1972 1703 exiverunt,

404 1720 523 1765 tum
554 1714 647 1767 ille
672 1714 867 1782 furere,
899 1726 952 1772 et
978 1720 1150 1775 instar
1171 1724 1364 1778 calcati
1391 1728 1661 1797 serpentis
1685 1729 1821 1782 colla
1853 1745 1979 1787 con-

403 1803 541 1857 trita
584 1807 843 1871 attollere,
886 1822 1215 1882 arreptoque
1252 1816 1465 1872 calamo
1506 1818 1833 1875 virulentius
1865 1829 1974 1876 tam

408 1895 468 1948 iu
497 1894 783 1964 Basiliam,
820 1916 973 1969 quam
1004 1905 1058 1958 in
1094 1905 1401 1963 doctrinam
1435 1910 1795 1967 orthodoxam
1842 1914 1974 1969 bac-

411 1986 567 2041 chari
610 1990 785 2057 ccepit,
812 1999 865 2043 et
892 1995 1110 2061 quidem
1142 1998 1343 2067 triplici
1371 2000 1660 2066 invectiva,
1686 2002 1745 2057 S.
1772 2004 1975 2061 Basilio

409 2080 624 2134 interim
668 2082 734 2136 ad
772 2086 1049 2141 caelestem
1087 2088 1479 2147 beatitudinem
1512 2096 1797 2153 translato.
1832 2098 1973 2152 Audi

397 2166 650 2223 Photiutn
691 2173 801 2241 (a):
853 2171 1070 2228 Lectum
1121 2177 1355 2246 ejusdem
1406 2182 1556 2248 impii
1590 2184 1819 2239 hominis
1868 2197 1973 2241 tres

395 2258 557 2315 libros
590 2265 863 2319 continens
912 2267 1170 2331 volumen,
1213 2271 1350 2338 quod
1399 2273 1534 2326 velut
1570 2276 1862 2345 confatalia
1894 2290 1973 2333 est

393 2350 611 2404 illarum
638 2354 979 2421 ineptiarum.
1029 2376 1159 2427 quas
1191 2361 1245 2413 in
1287 2363 1451 2430 ipsius
1484 2368 1703 2433 reperiri
1733 2367 1974 2437 blasphe-

392 2444 518 2497 miis
570 2444 631 2499 S.
673 2446 910 2502 Basilius
959 2450 1304 2507 demonstrat.
1358 2454 1473 2509 Hoc
1511 2458 1562 2510 in
1603 2476 1755 2523 opere
1782 2473 1973 2528 partu-

396 2534 603 2597 riendo,
628 2537 825 2592 multas
844 2555 970 2593 eum
997 2558 1258 2595 armorum
1277 2545 1611 2614 olympiadas
1639 2552 1877 2605 tediculte
1899 2555 1975 2607 in-

393 2625 607 2679 clusum
639 2645 750 2682 sua:
776 2630 1133 2699 absumpsisse
1155 2636 1370 2703 ferunt;
1411 2656 1474 2691 ac
1505 2642 1591 2693 vix
1614 2642 1824 2696 tandem
1856 2656 1974 2712 post

394 2717 688 2772 multorum
716 2738 974 2777 armorum
998 2726 1330 2781 intervallum
1350 2729 1654 2786 abortiendo
1681 2735 1972 2803 improbum

392 2805 553 2859 illum
604 2825 666 2861 ac
707 2814 1088 2880 prodigiosum,
1143 2833 1295 2885 quem
1351 2820 1563 2887 furtivis
1610 2826 1972 2893 congressibus

395 2914 729 2969 conceperat,
762 2904 921 2971 fetum
952 2907 1005 2959 in
1028 2908 1200 2961 lucem
1229 2912 1463 2979 cjecisse.
1508 2914 1647 2980 Quin
1675 2927 1798 2970 tunc
1813 2920 1973 2972 etiam

399 2991 656 3044 miserum
703 2994 812 3047 illic
852 2996 1071 3064 fovendo
1125 3010 1362 3065 partum,
1402 3002 1529 3069 ipsis
1571 3021 1774 3075 quoque
1818 3019 1973 3063 sectae

392 3082 620 3135 asseclis
678 3100 781 3136 non
833 3096 1029 3140 temere,
1071 3089 1388 3156 exhibuisse,
1448 3096 1668 3148 veritum
1721 3098 1972 3153 nimirum

390 3172 652 3239 maxime,
669 3190 731 3228 ne
751 3176 962 3244 quando
986 3177 1151 3232 ethoc
1172 3196 1301 3248 opus
1327 3183 1379 3234 in
1400 3183 1593 3238 Basilii
1616 3204 1800 3242 manus
1822 3192 1969 3257 prius

393 3266 628 3328 veniens,
660 3284 819 3336 quam
846 3270 1177 3337 coalesceret,
1214 3273 1588 3344 dissiparetur,
1616 3290 1667 3333 et
1690 3292 1969 3353 antequam

392 3357 630 3424 floreret,
671 3371 991 3427 pramature
1033 3375 1337 3431 corruptum
1388 3382 1747 3425 marcesceret.
1803 3373 1976 3445 Igitur

396 3449 633 3503 studiose
663 3452 800 3506 velut
824 3454 962 3507 alter
995 3456 1046 3506 in
1072 3455 1269 3523 fabulis
1301 3458 1588 3524 Saturnus,
1615 3473 1797 3517 natum
1830 3466 1975 3520 devoo

402 3537 576 3589 rando
610 3540 753 3601 texit,
801 3550 957 3609 atque
985 3542 1282 3610 abscondit,
1312 3547 1548 3617 quandiu
1574 3551 1783 3619 quidem
1820 3552 1975 3608 Basi-

409 3628 516 3680 lius
538 3630 590 3680 in
612 3630 751 3697 fluxa
775 3634 879 3687 ista
909 3635 1019 3688 vita
1062 3635 1251 3705 degens
1284 3648 1478 3692 metum
1507 3641 1781 3698 incuteret.
1814 3644 1976 3699 Post-

400 3735 565 3788 quam
607 3737 719 3775 vero
760 3725 839 3777 vir
886 3725 977 3779 ille
1025 3726 1253 3792 divinus,
1328 3732 1607 3799 peregrina
1650 3733 1974 3791 habitatione

397 3811 609 3873 relicta,
663 3814 717 3867 in
749 3832 924 3880 suam,
965 3818 1066 3871 hoc
1095 3833 1194 3884 est,
1242 3820 1295 3873 in
1328 3822 1585 3878 caelestem
1614 3827 1975 3896 commigravit

395 3906 781 3969 hereditatem,
821 3920 871 3961 et
902 3910 1095 3979 ingenti
1133 3911 1226 3966 illo
1258 3923 1398 3966 metu
1434 3915 1695 3981 discusso,
1745 3920 1830 3972 vix
1854 3929 1968 3976 tan-

392 3996 515 4051 dem
564 4015 681 4051 sero
715 4000 902 4054 edendi
951 4002 1157 4057 advenit
1211 4008 1439 4069 occasio,
1481 4025 1544 4063 ne
1597 4020 1720 4064 tunc
1767 4014 1973 4081 quidem

392 4092 662 4156 omnibus,
702 4095 794 4146 sed
819 4096 1007 4166 amicis
1060 4095 1346 4163 duntaxat,
1396 4102 1651 4172 evulgare.
1682 4121 1843 4161 ausus
1872 4117 1970 4163 est.

395 4180 467 4234 In
496 4198 653 4251 quem
700 4184 985 4239 incidentes
1024 4186 1329 4244 Theodorus
1359 4202 1409 4243 et
1451 4190 1737 4261 Gregorius
1771 4194 1973 4265 Nysse-

391 4286 517 4335 nus,
555 4280 711 4341 atque
733 4272 1060 4339 Sophronius
1085 4278 1327 4345 (quorum
1350 4294 1511 4347 supra
1535 4291 1611 4334 est
1628 4298 1666 4336 .a
1690 4299 1769 4335 me
1791 4282 1972 4338 habita

2084 463 2189 517 Hic
2217 481 2334 519 vero
2361 464 2415 519 Μ
2423 470 2721 535 opsuestitc,
2753 479 2966 537 utputo,
2979 472 3246 541 episcopus
3267 474 3413 540 fuit..-

2155 552 2229 609 De
2257 553 2565 623 Sophronio
2605 557 2745 612 idem
2781 558 3133 629 Photius(c):
3179 560 3384 617 Lectus
3407 566 3650 621 similiter

2086 641 2370 712 Sophronii
2400 648 2530 702 liber
2548 666 2642 718 pro
2668 649 2866 704 Basilio
2888 659 3078 706 contra
3110 653 3457 719 Eunomium,
3483 657 3648 712 Theo-

2081 734 2212 789 doro
2233 739 2464 804 apertior
2489 749 2538 792 et
2564 740 2728 795 multo
2758 741 2963 797 doctior
2992 752 3041 797 et
3069 746 3289 800 brevior.
3316 744 3497 817 Neque
3512 752 3649 803 enim

2081 842 2173 895 per
2211 831 2386 881 omnia
2418 828 2735 885 Eunomium
2780 836 3138 902 persequitur,
3182 836 3272 890 sed
3306 837 3403 890 illa
3431 840 3647 905 potissi-

2082 934 2224 970 mum
2267 920 2526 987 exagitat,
2576 932 2731 993 atque
2781 925 2994 992 refellit,
3044 943 3163 996 qut:
3211 944 3425 983 summa
3476 934 3650 999 capita

2080 1009 2295 1065 Itwresis
2337 1011 2587 1067 Eunomii
2636 1017 2898 1070 continere
2950 1018 3281 1076 videbantur,
3333 1021 3650 1079 Charactere

2082 1118 2207 1156 usus
2242 1114 2319 1157 est
2362 1104 2711 1174 distinguente
2735 1125 2798 1161 ac
2834 1108 3127 1177 deﬁciente,
3178 1120 3225 1163 et
3265 1121 3323 1165 ut
3360 1114 3649 1181 plurimum

2080 1192 2288 1247 solutus
2329 1194 2433 1260 illi,
2468 1196 2778 1267 minimeque
2794 1198 3015 1267 junctus
3047 1216 3239 1264 sermo,
3276 1219 3377 1257 non
3409 1206 3647 1275 ingratus

2081 1291 2278 1347 tamen,
2332 1287 2437 1340 imo
2485 1297 2534 1340 et
2582 1287 2765 1358 logicis
2809 1292 3354 1361 argumentationibus
3398 1311 3647 1367 perquam

2077 1371 2301 1438 floridus
2324 1384 2424 1429 est.

2150 1463 2223 1518 De
2257 1464 2519 1536 Gregorio
2564 1468 2813 1541 Nysseno
2861 1473 3003 1529 idem
3046 1475 3273 1531 PhOtius
3313 1476 3421 1547 (d):
3457 1478 3645 1534 Lectus

2078 1563 2156 1607 est
2183 1554 2423 1625 Gregorii
2459 1558 2651 1629 Ngssaz
2673 1563 2901 1632 episcopi
2930 1565 3177 1620 similiter
3195 1584 3290 1637 pro
3316 1568 3522 1623 Basilio
3552 1571 3649 1624 ad-

2077 1660 2272 1701 versus
2312 1647 2637 1704 Eunomium
2675 1652 2824 1708 liber.
2862 1653 3043 1725 Stglus
3081 1659 3251 1722 illius,
3283 1663 3331 1713 si
3362 1663 3446 1714 cui
3477 1663 3649 1717 rheto—

2080 1754 2219 1801 rum,
2273 1740 2522 1804 illustris,
2573 1751 2621 1794 et
2654 1742 3046 1809 jucunditatem
3093 1750 3309 1803 auribus
3350 1753 3643 1807 instillans.

2078 1826 2181 1883 Sed
2214 1847 2305 1883 nec
2330 1833 2438 1899 ipse
2466 1833 2675 1902 quidem
2704 1835 2886 1889 ordine
2913 1836 3165 1892 Eunomii
3197 1845 3451 1909 scriptum
3475 1861 3647 1910 repro-

2075 1920 2273 1976 hendit.
2336 1923 2689 1987 Quamobrem
2737 1936 2787 1979 et
2831 1926 3103 1984 Theodoro
3148 1934 3409 1987 concisior
3443 1947 3542 1998 est,
3595 1947 3647 1991 et

2076 2010 2369 2080 Sophronio
2392 2015 2589 2079 latior;
2625 2016 2859 2071 abundat
2878 2022 3018 2072 enim
3047 2022 3469 2090 enthymematis,
3495 2038 3647 2094 atque

2074 2104 2343 2171 exemplis.
2380 2104 2526 2159 Illud
2547 2118 2723 2161 autent
2754 2126 2867 2164 vere
2888 2114 3355 2179 pronuntiaverim,
3392 2130 3645 2185 quantum

2078 2193 2358 2265 Gregorius
2394 2207 2682 2264 venustate,
2730 2199 3024 2269 splendore,
3075 2214 3125 2255 et
3156 2204 3385 2273 miri/ica
3403 2207 3648 2275 jucundi—

2077 2297 2183 2343 .'ate
2208 2291 2470 2343 antecellit
2492 2291 2785 2356 Theodoro,
2811 2302 3015 2346 tantum
3038 2295 3197 2348 etiam
3220 2309 3645 2367 argumentorum

2075 2380 2224 2447 copia
2250 2392 2296 2433 et
2323 2381 2559 2435 ubertate
2588 2382 2823 2435 eumdem
2855 2385 3055 2438 vincere
3083 2388 3390 2444 connititur.
3430 2389 3645 2445 Lectum

2072 2480 2150 2523 est
2186 2472 2414 2525 alterum
2450 2473 2683 2540 ejusdem
2716 2473 2957 2543 Gregorii
3006 2474 3234 2545 Ngsseni
3270 2496 3421 2548 opus,
3456 2482 3520 2536 de
3565 2499 3648 2541 ea-

2072 2561 2189 2616 dem
2206 2564 2318 2631 ipsa
2338 2580 2392 2617 re
2411 2578 2430 2616 :
2453 2565 2505 2616 in
2522 2580 2621 2634 quo
2644 2564 2939 2617 rationibus
2962 2565 3305 2621 validioribus
3330 2586 3446 2622 cum
3469 2570 3647 2633 Euno-

2073 2655 2179 2706 mio
2206 2671 2392 2707 manus
2429 2672 2734 2721 conserens,
2783 2673 2903 2709 eum
2936 2657 2983 2710 vi
3010 2669 3292 2727 expugnat,
3327 2663 3506 2715 omnia
3548 2666 3643 2725 im-

2072 2745 2284 2811 pietatis
2332 2747 2667 2814 ﬁrmamenta
2699 2746 3051 2813 labefactans.
3101 2746 3355 2803 Venustas
3384 2769 3498 2807 rere
3523 2770 3646 2811 ora-

2075 2834 2231 2887 tionis
2274 2845 2325 2889 et
2373 2836 2620 2903 splendor
2666 2834 3003 2904 jucunditate
3050 2837 3268 2903 mistus,
3325 2844 3485 2895 etiam
3549 2847 3645 2898 hoc

2074 2944 2227 2998 opere
2256 2927 2493 2982 decenter
2525 2945 2579 2982 se
2603 2927 2850 2982 ostendit.

1997 3039 2045 3097 ο
2144 3020 2415 3091 Loquitur
2464 3020 2692 3077 Photius
2741 3024 2810 3080 de
2856 3026 3179 3097 longissima
3227 3027 3318 3080 illo
3367 3027 3641 3088 oratione.

2074 3128 2196 3182 quae
2229 3113 2281 3166 in
2311 3128 2475 3182 opere
2512 3124 2699 3167 contra
2747 3113 3088 3178 Eunomium,
3134 3116 3432 3171 secundum
3474 3132 3645 3187 quos-

2073 3204 2222 3265 dam,
2253 3203 2671 3269 duodecimum,
2713 3207 3011 3261 secundum
3043 3208 3202 3270 alios,
3236 3207 3510 3261 decimum
3536 3215 3645 3262 ter-

2074 3294 2210 3347 tium
2252 3295 2431 3348 locum
2472 3303 2640 3357 tenet,
2678 3296 2837 3365 cujus
2875 3297 2991 3352 haec
3031 3308 3114 3353 est
3145 3301 3199 3352 in
3248 3298 3644 3354 Bavan'coco-

2074 3387 2193 3441 dice
2215 3386 2497 3457 inscriptio
2529 3405 2543 3441 :
2582 3387 2688 3440 Τοῦ
2716 3387 2881 3442 αὐτοῦ
2930 3390 3088 3458 ἁγίου
3117 3391 3417 3463 [ρηγορίου
3463 3394 3646 3463 ἀντιρ-

2077 3477 2298 3547 ρητικὸς
2327 3478 2463 3549 πρὸς
2490 3479 2584 3532 τὸν
2625 3480 2888 3551 Εὑνομίου
2917 3481 3008 3537 ταῦ
3037 3483 3347 3547 ,δυσσεϐοῦς
3374 3482 3645 3555 ,δεύτερον

2104 3564 2258 3633 λόγον
2282 3583 2295 3596 ·
2328 3568 2486 3637 cujus
2510 3571 2835 3640 principium
2863 3582 2968 3637 est,
2996 3573 3205 3644 Τὰμὲν
3226 3573 3292 3645 δὴ
3318 3574 3514 3646 ,πρῶτα
3537 3574 3646 3631 τῶν

2076 3656 2211 3726 πρὸς
2243 3657 2503 3726 Εὐνόμιον
2535 3658 2781 3727 ἀγώνων.
2792 3710 2815 3717 ν.

2148 3745 2205 3798 In
2233 3745 2441 3814 judicio
2482 3748 2551 3801 de
2610 3749 2751 3819 stle
2797 3749 3139 3808 Eunomiano
3192 3754 3349 3824 plane
3405 3757 3645 3813 concinit

2076 3834 2306 3890 Photius
2337 3851 2459 3890 cum
2498 3836 2763 3909 Gregorio
2809 3839 3059 3912 Nysseno
3091 3862 3104 3898 :
3142 3844 3197 3899 id
3255 3846 3523 3917 intelliges
3575 3862 3680 3913 ex.

2077 3927 2255 3997 primo
2302 3928 2444 3983 libro
2487 3927 2742 3999 Nysseni,
2777 3940 2833 3985 et
2864 3946 2930 3985 ex
2978 3933 3064 3988 his
3089 3932 3263 3988 Photii
3306 3936 3523 3991 verbis:
3560 3937 3675 3991 Ad.

2076 4017 2274 4087 stglum
2309 4016 2785 4089 (Eunomii).quod
2816 4021 3026 4087 attinet,
3079 4031 3285 4075 tantum
3314 4024 3359 4077 is
3400 4022 3464 4075 ab
3504 4024 3673 4080 omni.

2077 4111 2255 4181 gratia
2294 4121 2369 4164 et.
2382 4110 2721 4179 jucunditate
2752 4123 2982 4167 remotus
3012 4125 3113 4177 est,
3155 4124 3212 4167 ut
3246 4130 3309 4167 ne
3346 4113 3645 4181 cognovisse

2075 4203 2306 4273 quidem,
2351 4218 2419 4254 an
2448 4203 2553 4255 tale
2577 4204 2702 4272 quid
2730 4213 2985 4264 exstaret,
3021 4206 3280 4257 videatur.
3312 4203 3643 4261 laetantium

2078 4293 2442 4347 tantummodo
2489 4292 2777 4362 quamdam
2807 4293 3102 4363 prodigiose
3143 4304 3391 4358 ostentat,
3424 4312 3643 4353 sonum-

394 4364 615 4433 rnentio)
656 4368 839 4420 multis
889 4368 1161 4422 verborum
1210 4369 1411 4439 plagis;,
1461 4386 1579 4425 non,
1608 4388 1773 4428 secus.
1810 4391 1975 4447 quam
2000 4398 2048 4454 ι)
2074 4398 2171 4451 que
2199 4383 2471 4435 dissonum
2496 4379 2766 4434 stridendo
2790 4381 2939 4434 edere
2959 4381 3320 4449 affectamum
3344 4397 3644 4436 consonan-

391 4459 625 4523 priorem
647 4458 825 4528 (illum
841 4461 1095 4529 ejusdem)
1117 4462 1370 4526 Basilius,
1387 4466 1739 4533 conﬁcientes,
1753 4467 1976 4539 jugula-

396 4550 661 4615 tumjam,
689 4561 738 4604 et
767 4568 878 4621 pra:
901 4554 1203 4620 impuritate
1234 4556 1432 4611 olidam
1458 4557 1515 4612 in
1530 4566 1797 4614 auctorem
1819 4578 1972 4615 suum

400 4638 752 4705 conjecerunt.
791 4640 905 4694 llas
935 4644 1109 4713 itaque
1136 4654 1242 4697 tum
1280 4646 1564 4713 impietatis
1597 4664 1776 4715 ptenas
1805 4650 1970 4704 dedit.

478 4725 551 4781 De
579 4731 806 4799 singulis
848 4732 995 4788 hisce
1041 4734 1286 4788 Eunomii
1332 4738 1801 4805 Oppugnatoribus
1844 4756 1970 4809 spe-

398 4818 588 4871 ciatim
631 4820 874 4876 Photius.
926 4824 999 4878 De
1038 4824 1324 4879 Theodoro
1365 4827 1466 4881 ista
1492 4827 1596 4899 (b):
1648 4828 1796 4882 Lecti
1846 4840 1969 4883 sunt

400 4908 664 4964 Theodori
678 4916 989 4970 Antiocheni
1008 4934 1101 4985 pro
1124 4919 1326 4973 Basilio
1362 4921 1624 4975 adversus
1646 4920 1970 4976 Eunomium

390 5001 528 5055 libri
564 5003 741 5072 viginti
778 5008 1019 5077 quinque.
1053 5013 1149 5063 Est
1180 5011 1263 5063 illi
1300 5012 1508 5079 phrasis
1536 5029 1639 5065 non
1677 5027 1970 5081 usquequa-

387 5112 494 5165 que
527 5100 824 5164 perspicua,
851 5103 1087 5155 sensibus
1118 5113 1290 5155 tamen
1321 5114 1368 5157 et
1396 5106 1719 5173 argumentis
1749 5106 1970 5157 nimiunt

384 5198 652 5253 quantum
699 5190 914 5254 densus,
976 5192 1034 5247 S.
1080 5192 1368 5259 Scriptura:
1417 5196 1729 5248 testimoniis
1771 5196 1971 5265 egregie

389 5278 650 5336 abundat.
694 5283 777 5335 Ad
808 5291 1012 5337 verbum
1045 5284 1153 5353 fere
1187 5283 1435 5338 Eunomii
1476 5286 1705 5340 rationes
1750 5288 1967 5354 refellit,

388 5370 693 5439 imperitum
762 5389 880 5427 eum
945 5375 1097 5429 valde
1152 5384 1485 5428 externarum
1561 5374 1965 5445 disciplinarum

466 5554 542 5609 la}
574 5554 781 5615 Vulum.
813 5562 929 5615 157.

466 5625 539 5688 Ull
566 5625 669 5683 νυι.
700 5632 782 5688 ιν.

2078 4470 2209 4521 tium
2242 4466 2448 4521 alterna
2484 4467 2863 4531 vicissitudine,
2908 4476 3020 4521 tum
3052 4468 3260 4522 vocibus
3297 4471 3650 4541 pronuntiatu

2076 4558 2396 4627 difficilibus,
2427 4567 2475 4611 et
2506 4574 2622 4626 qua:
2656 4558 2834 4612 multis
2880 4559 3151 4614 abundant
3199 4563 3641 4617 consonantibus:

2077 4650 2231 4721 idque
2252 4650 2452 4717 poetico
2481 4666 2643 4712 more,
2668 4650 2771 4714 vel,
2816 4660 2873 4703 ut
2898 4652 3067 4705 verius
3093 4652 3298 4716 dicant,
3342 4652 3647 4723 dithyram-

2077 4734 2189 4787 bico
2217 4737 2392 4803 potius
2426 4735 2551 4790 ritu.
2595 4735 2915 4807 Compositio
2945 4740 3111 4806 ipsius
3158 4750 3341 4793 coacta
3371 4750 3470 4806 es',
3514 4750 3564 4796 et
3596 4743 3645 4795 vi

2075 4843 2374 4896 compressa
2410 4836 2563 4897 atque
2589 4837 2795 4892 extusa,
2820 4839 2877 4882 ut
2901 4828 3306 4885 necessehabeat
3329 4831 3475 4885 illius
3506 4836 3642 4889 scri-

2068 4929 2159 4988 pta
2207 4919 2398 4991 legens,
2454 4940 2626 4977 aerem
2676 4923 2999 4977 vehementer
3056 4923 3212 4978 labiis
3261 4926 3551 4992 verberare,
3593 4929 3643 4980 si

2068 5012 2221 5066 modo
2253 5023 2429 5083 aperte
2458 5015 2800 5082 pronuntiare
2834 5014 2978 5075 velit,
3014 5031 3131 5084 qua:
3161 5015 3296 5084 forte
3334 5017 3642 5071 nanciscens

2068 5113 2223 5173 atque
2250 5112 2620 5173 contorquens,
2652 5113 2743 5156 aut
2767 5103 3021 5157 collidens
3051 5105 3233 5168 etiam,
3272 5122 3335 5159 ac
3360 5120 3547 5161 temere
3569 5107 3645 5157 in-

2073 5191 2356 5260 terjiciens,
2388 5192 2492 5244 imo
2527 5200 2576 5244 et
2608 5202 2883 5251 truncans,
2923 5194 3008 5245 vix
3050 5193 3258 5245 tandem
3294 5194 3383 5247 ille
3424 5194 3645 5260 conjun-

2076 5285 2175 5337 xit.
2213 5283 2421 5353 Longas
2456 5299 2655 5353 quoque
2678 5284 2961 5347 interdum,
2985 5292 3035 5337 et
3060 5284 3336 5337 immodice
3354 5284 3639 5352 productas

2077 5375 2318 5444 periodos
2364 5375 2496 5442 facit
2529 5390 2547 5429 :
2580 5375 2953 5430 obscuritatem
2986 5375 3197 5444 insuper
3234 5387 3388 5447 atque
3427 5373 3641 5428 incerti—

2147 5558 2218 5623 (r)
2260 5557 2376 5610 Vol.
2413 5555 2479 5609 γ.

2148 5634 2222 5699 td,
2245 5627 2361 5680 Vol.
2389 5628 2471 5681 ΥΙ.
