4106 6208
524 331 584 387 II
1683 339 1739 394 S.
1782 338 2184 398 GREGORIUS
2221 340 2602 404 NYSSENUS.
3705 357 3777 412 52

526 457 758 511 tudinem
789 471 880 524 per
910 473 1063 512 omne
1087 475 1216 528 opus
1240 459 1540 529 olfundens.
1577 460 1712 517 Cum
1745 473 1803 516 ut
1827 463 1980 534 vulgo
2021 463 2093 517 υἱ·
2125 467 2170 523 Α
2202 473 2436 527 munitas
2464 482 2514 532 et
2547 475 2905 542 improbitatis
2933 475 3204 545 refutatio,
3245 486 3294 531 et
3329 494 3394 532 ea:
3427 479 3777 534 antecedenti-

523 554 714 604 dcatur
752 551 872 618 ipsa
897 567 1010 605 suta
1056 549 1364 620 eloquentiae
1395 553 1444 606 vi
1484 569 1664 606 eorum
1703 553 1854 623 longe
1887 563 2097 618 captum

523 641 949 706 excederegtum
979 653 1058 705 ut,
1095 642 1234 712 quod
1258 644 1310 696 in
1335 644 1448 707 eius
1473 645 1638 698 sensit
1669 654 1825 713 atque
1852 646 2097 714 cogitatis

525 732 850 786 imbecillum
866 743 942 786 est
963 735 1042 800 (ut
1067 745 1145 787 est
1165 750 1293 788 sane
1315 734 1647 804 plurimum),
1671 734 1770 796 hac
1785 736 1900 807 ipsa
1909 735 2101 794 obscu-

527 826 686 878 ritate
713 835 763 879 et
797 825 1128 896 intelligendi
1157 825 1466 904 diﬁcullate
1507 828 1765 896 obtegere,
1796 829 2100 882 sententite-

525 933 623 986 que
660 917 830 971 celare
855 919 1040 972 vitium
1074 921 1262 988 possit.
1305 919 1520 974 Videtur
1548 936 1665 974 vero
1709 930 1760 974 et
1791 920 1975 989 logicis
2015 921 2098 973 in-

527 1010 625 1063 uiti
646 1011 994 1079 argumentis,
1049 1011 1178 1064 dum
1206 1013 1401 1079 partim
1428 1012 1564 1068 alios
1588 1012 1686 1066 hoc
1718 1013 1933 1066 nomine
1971 1011 2102 1079 infe-

527 1109 724 1163 statur,
756 1103 954 1166 partim
993 1103 1102 1170 ipse
1157 1103 1502 1157 libentissime
1550 1104 1619 1158 iis
1664 1104 1858 1166 utitur,
1891 1102 2110 1162 tametsi

528 1191 823 1262 frequenter
849 1195 989 1263 (cum
1024 1210 1143 1249 sero
1190 1196 1286 1250 hoc
1309 1195 1547 1249 studium
1595 1195 1905 1263 arripuerit,
1942 1210 2106 1264 neque

529 1285 600 1337 ad
630 1286 744 1354 ejus
771 1287 960 1339 intima
980 1287 1294 1357 penetrarit)
1329 1287 1386 1341 in
1419 1287 1603 1348 multis
1634 1302 1771 1355 sirpe
1806 1287 1992 1343 meri-to
2019 1301 2106 1340 er-

529 1379 669 1432 roris
709 1387 948 1444 notatur,
984 1378 1109 1434 lltec
1140 1378 1368 1435 Photius
1395 1379 1462 1436 de
1501 1394 1700 1450 genere
1741 1378 1959 1435 dicendi
2001 1377 2107 1438 Eu-

531 1469 808 1528 nomiano.

602 1560 768 1616 Visus
801 1571 884 1617 est
911 1561 971 1618 S.
1005 1561 1301 1633 Gregorius
1329 1560 1616 1633 Nyssenus
1645 1561 1829 1616 lavere
1858 1558 2105 1630 opinioni

529 1650 783 1724 Origenis
799 1662 855 1708 et
876 1652 1308 1724 Origenistarum
1337 1654 1403 1710 de
1423 1656 1696 1709 communi
1727 1654 1970 1712 omnium
1999 1663 2108 1707 tam

530 1744 860 1808 daamonum,
898 1761 1063 1814 quam
1085 1746 1370 1804 hominum
1391 1745 1775 1804 damnatorum
1802 1760 1871 1800 ex
1893 1744 2106 1799 inferno

531 1835 878 1894 liberatione.
907 1835 1012 1890 Sed
1063 1835 1342 1907 Nyssenus
1374 1837 1615 1890 validum
1671 1845 1726 1891 et
1762 1844 1876 1890 tam
1923 1835 2108 1890 erudi-

527 1926 698 1990 tione,
746 1940 908 1996 quam
933 1928 1231 1982 sanctitate
1263 1936 1536 1998 potentem
1569 1928 1982 1998 byperaspisten
2021 1941 2107 1981 re-

530 2018 674 2086 perit
709 2015 768 2070 S.
817 2016 1173 2080 Germanum,
1230 2019 1595 2089 patriarcham
1645 2019 2108 2088 ConstantinOpo-

531 2106 803 2174 litannm;
834 2121 900 2161 ex
929 2108 1090 2176 cujus
1133 2123 1232 2178 pro
1260 2108 1526 2179 Gregorio
1570 2109 1951 2165 lucubratione
1993 2110 2109 2163 haec

532 2207 794 2268 excerpta
838 2198 1076 2257 Pbotius
1119 2200 1287 2259 nobis,
1327 2201 1648 2271 reliquit(a)
1675 2201 1838 2276 ειεςὶ
1892 2200 2106 2264 librum,

534 2300 748 2343 auctore
770 2288 1053 2353 Germana,
1085 2293 1176 2360 qui
1214 2292 1444 2361 primum
1463 2292 1650 2362 Cyfzics
1673 2292 1975 2357 ordinatus,
1992 2301 2109 2360 post

533 2377 1161 2445 Constantinopolitanus
1183 2381 1492 2449 patriarcha
1522 2381 1648 2450 fuit,
1661 2383 1750 2451 qui
1773 2381 1905 2435 liber
1921 2383 2109 2435 inscri-

512 2469 698 2533 bitur,
741 2469 1070 2526 Retribuens
1127 2481 1184 2527 et
1222 2473 1497 2538 legitimus
1543 2493 1556 2528 :
1601 2475 1741 2544 quod
1775 2475 1992 2544 perinde
2032 2483 2109 2528 est

537 2577 601 2614 ac
628 2563 676 2615 si
719 2563 919 2619 dixeris
949 2578 967 2616 :
993 2562 1070 2619 De
1104 2580 1226 2619 vera
1255 2573 1303 2618 et
1328 2565 1560 2635 legitima
1592 2566 2110 2637 retributione,quod

535 2653 856 2722 rependatur
879 2653 1368 2724 hominibus,prout
1393 2659 1644 2711 vixerint.
1681 2656 1751 2715 Et
1773 2658 1885 2712 hinc
1899 2658 2110 2728 quidem

537 2743 686 2796 tituli
717 2744 1012 2812 inscriptio.
1065 2746 1346 2802 Contendit
1386 2762 1504 2801 vero
1559 2745 1866 2817 Gregorium
1920 2745 2112 2820 Ngssa:

538 2834 859 2902 episcopum,
885 2837 1104 2907 ejusque
1128 2839 1330 2907 scripta
1383 2838 1447 2896 ab
1487 2837 1731 2908 Origenis
1785 2855 1972 2896 errore
2001 2855 2121 2902 esse-

538 2927 818 2985 immunia.
850 2927 1062 2982 Etenim
1095 2930 1284 2999 quibus
1310 2929 1561 2988 delirium
1595 2931 1734 2986 illud
1778 2930 1971 3000 placet.
2002 2931 2113 2988 da-

539 3017 778 3076 monibns
804 3028 853 3073 et
880 3019 1182 3074 hominibus
1212 3022 1264 3076 in
1307 3031 1565 3079 aeternam
1605 3037 1811 3090 prunam
1849 3022 2109 3090 conjectis

541 3108 905 3201 liberationem
952 3112 1074 3201 inde
1119 3113 1525 3180 exspectandam
1561 3129 1580 3166 :
1612 3113 1697 3172 illi
1757 3113 1896 3182 quod
1951 3116 2115 3168 virum
2141 3142 2185 3201 ο

539 3197 787 3254 doctrina
849 3200 1196 3271 singularem,
1249 3211 1301 3256 et
1348 3203 1646 3270 eloquentia
1692 3205 1950 3273 insignem
1998 3221 2116 3258 eum

543 3303 904 3362 agnoscerent,
955 3294 1259 3362 claramque.
1311 3295 1616 3348 sanctitatis
1671 3296 2118 3353 existimationem

539 3400 634 3453 per
661 3385 897 3443 omnium
937 3401 1031 3438 ora
1058 3386 1400 3440 decantatam
1439 3387 1694 3455 viderent,
1735 3391 1967 3460 aggressi
1994 3401 2117 3446 sunt

541 3475 704 3534 claris
735 3486 784 3531 et
816 3476 1146 3535 salutaribus
1189 3479 1305 3547 ejus
1328 3480 1561 3547 scriptis,
1597 3481 1823 3536 obscura
1866 3492 1914 3536 et
1949 3486 2121 3551 perni—

541 3567 690 3624 ciosa
716 3566 1029 3636 Origeniani
1053 3572 1224 3624 somni
1259 3587 1452 3625 venena
1493 3573 1804 3635 admiscere,
1839 3575 2120 3642 virtutique

544 3656 791 3724 hominis,
817 3669 867 3714 et
894 3661 1149 3716 doctrinae
1177 3663 1367 3717 celebri
1397 3663 1696 3719 htercticam
1719 3665 1920 3719 occulte
1941 3683 2121 3720 amen—

547 3749 676 3803 tiam
727 3750 1007 3818 subjicere.
1046 3754 1227 3819 Quare
1270 3757 1468 3823 partim
1521 3758 1898 3812 additamentis
1941 3759 2120 3827 falsis,

543 3841 740 3908 partim
765 3843 918 3896 rectis
942 3849 1265 3912 argumentis
1301 3846 1552 3903 violenter
1585 3849 1827 3913 detortis,
1857 3851 2026 3904 multa
2057 3865 2122 3904 ea:

547 3934 1091 4016 irreprehensibilibus
1121 3937 1235 4006 ejus
1272 3941 1622 3999 munumentis
1671 3941 1996 3995 calumniari
2034 3959 2123 3997 co-

546 4027 662 4086 nati
690 4037 833 4082 sunt.
881 4027 1081 4084 Contra
1129 4048 1260 4100 quos
1297 4030 1589 4092 Germanus
1608 4035 1821 4102 pietatis
1844 4046 2121 4102 patronus,

546 4125 761 4177 acutum
784 4119 1019 4177 veritatis
1048 4118 1286 4189 gladium
1329 4122 1612 4191 stringens,
1653 4132 1704 4176 et
1741 4123 1951 4178 vulnere
1997 4141 2124 4193 pro-

545 4215 745 4262 stratos
799 4209 972 4267 hostes
1035 4210 1335 4281 relinquens
1398 4213 1643 4271 victorem
1704 4215 2124 4286 superioremque

543 4315 664 4353 eum
697 4301 992 4367 constituit,
1027 4303 1083 4356 in
1112 4320 1263 4374 quem
1309 4304 1555 4365 htrretica
1602 4305 1853 4370 colluvies
1897 4309 2125 4362 insidias

556 4398 826 4446 struxerat
853 4403 902 4448 et
924 4406 1193 4461 posuerat.

2203 562 2299 617 bus
2325 564 2452 620 locis
2473 564 2797 634 depravatis,
2852 577 2901 620 et
2929 583 2994 622 ea:
3019 569 3455 638 consequentibus
3495 571 3776 639 con/icitur

2201 664 2250 708 et
2301 653 2728 723 demonstratur;
2767 667 2816 711 et
2857 674 2922 712 ex
2952 658 3074 713 aliis
3124 661 3382 714 sexcentis
3417 659 3482 713 Β.
3539 659 3778 730 Gregorii

2207 743 2440 815 Nysseni
2478 748 2648 813 libris,
2689 751 2779 818 qui
2826 751 3116 805 orthodoxe
3158 761 3207 805 et
3254 753 3478 821 legitime
3521 754 3775 820 sentiunt,

2203 843 2340 889 recte
2383 840 2672 902 excutiens,
2720 847 2775 890 ut
2812 855 2960 893 nemo
2993 840 3182 894 melius
3203 840 3261 893 in
3309 841 3573 894 salutares
3599 856 3775 909 preces

2202 936 2252 982 et
2291 926 2475 980 laudes
2501 927 2598 982 Dei
2616 928 2847 983 laborem
2876 931 3095 1000 finierit.
3133 929 3281 989 Libri
3304 942 3498 991 autem,
3529 947 3659 1000 quos
3693 931 3776 984 in-

2205 1019 2358 1077 sidiis
2402 1019 2636 1087 excipere
2687 1020 2921 1075 lateretici
2969 1020 3138 1074 moliti
3177 1031 3327 1085 sunt,
3378 1031 3427 1075 et
3469 1037 3598 1092 quos
3643 1019 3776 1075 Ger-

2207 1123 2397 1167 manus
2437 1109 2676 1166 veritatis
2714 1118 3076 1178 propugnator
3107 1110 3394 1177 primarius
3438 1125 3470 1162 a
3509 1110 3776 1162 latronum

2205 1197 2408 1257 intuitu
2441 1199 2553 1257 sine
2576 1215 2715 1254 noxa
2740 1200 2986 1264 servavit,
3012 1207 3158 1264 sunt,
3194 1198 3451 1268 Dialogus
3485 1199 3550 1254 ad
3581 1198 3778 1252 Macri~

2207 1301 2333 1344 nam
2369 1303 2612 1343 sororem
2643 1289 2710 1344 de
2742 1290 2944 1352 anima,
2981 1300 3028 1343 et
3065 1288 3228 1343 Liber
3279 1288 3671 1349 catec-beticus,
3727 1297 3778 1341 et.

2202 1379 2299 1434 ille
2330 1381 2420 1449 qui
2450 1379 2523 1435 De
2551 1380 2791 1451 perfecta
2825 1381 2934 1436 vita
2960 1381 3326 1434 narrationem
3354 1383 3606 1434 continet.
3650 1377 3783 1434 "me

2211 1485 2310 1540 pro
2346 1468 2595 1540 Nysseno
2633 1468 2962 1526 Germanus.
3008 1469 3088 1522 Ex
3119 1470 3319 1540 quibus
3376 1468 3654 1524 evanescit
3687 1483 3777 1521 ca.-

2209 1561 2414 1614 lumnia
2470 1559 2806 1620 Casauboui,
2856 1561 2950 1630 qui
2997 1560 3052 1614 in
3106 1559 3340 1614 Scboliis
3378 1559 3444 1612 ad
3489 1557 3778 1628 epistolam

2209 1648 2502 1718 quamdam
2549 1647 2801 1726 Nys-scno
2844 1649 3162 1718 ascriptum,
3207 1657 3264 1703 et
3298 1647 3616 1712 Eustatliiar,
3655 1647 3780 1701 Am-

2210 1741 2432 1806 brosite,
2485 1750 2543 1798 et
2584 1740 2861 1799 Basilissm
2895 1742 3242 1812 inscriptam,
3285 1741 3608 1796 criminatur
3642 1738 3790 1810 Nys-t

2183 1849 2189 1856 ·
2215 1847 2411 1888 senum
2441 1832 2494 1889 in
2513 1833 2848 1892 catecbetica
2875 1833 3122 1890 oratione
3143 1847 3328 1887 narvos
3357 1832 3622 1902 quosdam
3639 1845 3778 1887 cons

2211 1923 2444 1979 traxisse
2473 1938 2543 1978 ex
2563 1922 2796 1978 lectione
2827 1921 3096 1993 Origcnis.

2282 2012 2540 2069 Eamdem
2583 2014 2926 2086 Drigenicam
2969 2015 3142 2069 labem
3193 2015 3263 2068 ab
3301 2013 3491 2069 eodem
3537 2011 3788 2084 Nysseno

2211 2104 2436 2176 depellit
2482 2113 2676 2161 auctor
2717 2120 3046 2177 anonymus,
3092 2105 3185 2176 qui
3233 2105 3397 2159 vitam
3427 2103 3670 2174 ejusdem
3726 2103 3785 2157 in

2211 2197 2419 2252 litteras
2447 2198 2658 2261 retulit.

2285 2289 2420 2351 illud
2463 2297 2642 2347 tamen
2682 2291 3010 2352 monuerim,
3051 2289 3209 2345 linem
3242 2285 3501 2342 orationis
3528 2283 3793 2339 catechc-.

2215 2383 2344 2438 sicae
2373 2397 2482 2436 non
2518 2397 2644 2437 esse
2676 2381 2924 2451 Gregorii
2960 2379 3214 2452 Nysseni.
3252 2378 3386 2432 Cum
3410 2377 3557 2432 enim
3593 2373 3791 2430 Severi

2215 2474 2547 2528 mentionem
2581 2473 2764 2538 faciat,
2793 2481 2847 2528 et
2867 2488 3005 2542 opus
3049 2472 3117 2527 de
3161 2469 3510 2526 distinctione
3541 2465 3785 2523 vocabun

2215 2567 2390 2620 lorum
2422 2573 2616 2619 contra
2651 2564 2804 2618 illum
2861 2565 3164 2633 promittat,
3220 2564 3428 2618 clarum
3479 2567 3564 2614 est
3612 2564 3793 2610 totum

2215 2658 2347 2712 illud
2378 2657 2515 2710 nihil
2548 2657 2713 2718 aliud,
2743 2670 2906 2726 quam
2944 2654 3165 2709 aliunde
3197 2654 3465 2708 adscitum
3502 2662 3791 2704 assumen-

2215 2749 2342 2803 dum
2374 2763 2518 2811 esse,
2549 2764 2672 2803 cum
2708 2747 2944 2803 Severus
2965 2745 3364 2816 Acephalorum
3395 2741 3799 2808 antesignanus

2215 2843 2405 2900 multis
2438 2841 2597 2896 annis
2614 2840 2832 2896 demum
2863 2848 2985 2910 post
3009 2837 3238 2909 Nysseni
3256 2836 3465 2889 obitum
3491 2831 3798 2890 exstiterit;

2216 2933 2368 3004 quod
2394 2941 2542 2988 recte
2571 2931 2736 2990 etiam
2783 2930 3096 2989 observavit
3123 2927 3327 2981 Fronto
3359 2924 3586 2978 Dircaeus
3605 2929 3802 2974 noster

2218 3027 2272 3079 in
2317 3023 2790 3082 Annotationibus
2821 3021 2898 3079 ad.
2932 3033 3184 3091 magnam
3225 3014 3620 3072 catecheticam
3667 3026 3796 3066 ora-

2217 3116 2420 3169 tionem

2287 3205 2462 3261 Porro
2496 3204 2623 3260 licet
2654 3210 2764 3258 tam
2798 3202 2951 3260 multi
2983 3197 3429 3268 contraimpinm
3465 3192 3803 3257 Eunomium

2219 3297 2564 3369 scripserint,
2592 3310 2892 3366 paucorum
2932 3303 3113 3348 tamen
3147 3296 3500 3351 monumenta
3534 3286 3632 3342 aevi
3669 3285 3797 3344 loti,-

2221 3407 2368 3462 gteva
2405 3397 2652 3445 vetustas
2681 3388 2889 3457 reliqua
2940 3385 3103 3439 nobis
3147 3383 3318 3450 fecit;
3367 3381 3460 3436 ubi
3511 3379 3656 3434 enim
3693 3375 3812 3430 50-.

2223 3483 2460 3558 pbronii,
2488 3479 2784 3545 Theodori,
2818 3478 3054 3550 Didymi,
3095 3484 3150 3532 et
3181 3473 3503 3547 Apollinarii
3548 3471 3814 3540 disputas.

2219 3575 2440 3633 tiones?
2477 3575 2595 3644 Ipse
2624 3573 2790 3627 etiam
2830 3569 3133 3642 Nyssenus,
3171 3568 3401 3623 nimium
3436 3570 3702 3636 quantum
3739 3559 3805 3620 in

2220 3666 2466 3725 tenebris
2494 3665 2708 3720 delituit
2740 3683 2754 3719 :
2793 3679 2955 3734 quem
2999 3663 3110 3731 jam
3146 3662 3274 3715 olim
3317 3661 3371 3714 in
3403 3659 3576 3711 lucem
3619 3649 3805 3708 viridia

2220 3774 2350 3815 care
2385 3757 2633 3829 aggressi
2658 3771 2879 3812 eramus
2897 3773 2920 3822 ς’
2958 3769 3143 3810 verum
3181 3753 3303 3806 aliis
3336 3761 3497 3818 atque
3529 3747 3652 3800 aliis
3697 3758 3798 3798 ne-

2221 3851 2388 3921 gotiis
2409 3864 2626 3921 semper
2669 3848 3062 3912 incidentibus,
3121 3841 3490 3898 desistendum
3523 3835 3642 3887 fuit.
3684 3831 3794 3885 Sed

2222 3943 2588 3999 cessationem
2621 3955 2796 3998 meam
2813 3939 3200 4009 suppleverunt
3231 3945 3400 4000 nuper
3429 3925 3792 3987 Parisienses,

2224 4037 2315 4106 qui
2347 4049 2511 4105 opera
2525 4033 2757 4107 Nysseni
2785 4031 2973 4086 (Ξῖ-προ
2991 4036 3044 4084 et
3073 4026 3260 4082 Latine
3287 4019 3498 4076 duobus
3520 4014 3798 4107 tomisele-

2225 4104 2416 4199 genter
2453 4104 2794 4194 evulgarunt,
2811 4121 3007 4175 additis
3033 4117 3194 4172 etiam
3235 4112 3388 4166 libris
3408 4117 3593 4162 contra
3614 4104 3801 4199 Eunoq

2228 4197 2432 4282 inium;
2464 4216 2558 4272 sed
2587 4214 2791 4269 omisso
2817 4213 3014 4283 primo,
3040 4206 3199 4274 cujus
3226 4201 3522 4271 exemplari
3559 4197 3801 4253 editores

2229 4311 2492 4366 carebant
2518 4321 2712 4377 :quem
2739 4317 2886 4359 nunc
2918 4317 2982 4355 ex
3013 4297 3276 4351 Bavarico
3321 4292 3514 4377 codice
3549 4288 3799 4377 publica-

2234 4417 2377 4466 mus,
2409 4408 2470 4452 ut
2500 4374 2690 4453 etalia
2719 4389 3003 4450 nonnulla.
3031 4385 3230 4455 quibus
3263 4380 3430 4436 editio
3472 4374 3796 4466 Parisiensis

618 4477 908 4537 Nonm'ms
940 4483 1243 4553 illlel'leCllS
1290 4487 1431 4550 idem
1467 4487 1695 4544 PhOl-ills
1727 4501 1744 4542 ε
1785 4487 1853 4550 Ut
1899 4488 2120 4549 breviter
2151 4480 2196 4536 Ῑ)
2227 4463 2378 4549 caret
2400 4534 2415 4557 ,
2447 4499 2508 4544 ut
2537 4488 2696 4557 plene
2723 4481 2998 4537 conﬁdam
3025 4478 3131 4531 boc
3161 4481 3409 4528 nostrum
3431 4467 3499 4522 ad
3522 4463 3796 4557 Parisien-

549 4569 742 4634 dicam,
779 4573 958 4625 omnia
1001 4578 1171 4629 sancti
1218 4579 1375 4646 hujus
1413 4581 1584 4647 patris
1619 4582 1817 4642 scripta
1871 4581 1933 4635 ab
1983 4582 2124 4646 omni

552 4661 803 4724 (ttrretica
841 4665 1126 4731 pravitate,
1152 4678 1200 4721 et
1237 4686 1269 4721 a
1302 4671 1592 4734 calumnia,
1646 4691 1762 4743 qua:
1798 4675 1853 4728 in
1884 4675 2127 4742 impieta-

550 4762 653 4817 tem
689 4754 873 4822 vergit,
902 4757 1160 4810 immania
1194 4774 1304 4814 esse
1346 4762 1606 4832 declarat.
1653 4762 1782 4832 Han;
1815 4782 1972 4835 porro
2023 4767 2126 4836 im-

621 4925 698 4999 (a)
733 4926 948 4983 Volunt.
980 4931 1102 4993 155,

2230 4599 2346 4640 sem
2377 4556 2672 4637 editionem
2699 4571 3002 4628 auctarium
3033 4583 3134 4628 seu
3167 4563 3589 4626 additamentum
3629 4556 3798 4609 lecto-

2232 4679 2383 4738 ribus
2415 4689 2524 4731 non
2555 4670 2672 4727 fore
2696 4669 2992 4738 ingratum.

1505 5306 2016 5407 LECTORI
2125 5301 2850 5416 .ZEQUANIMO.

619 5657 775 5729 Quod
804 5655 1096 5727 aliquando
1119 5658 1346 5729 contigit
1377 5659 1444 5714 iis
1483 5659 1681 5729 quibus
1711 5675 1876 5715 aurea
1909 5659 2120 5716 medio,

556 5723 724 5810 critus
757 5753 918 5812 etiam
955 5754 1013 5808 in
1060 5751 1200 5810 votis
1237 5752 1538 5823 placuerat,
1571 5754 1765 5812 Lector
1793 5752 2118 5825 aequanime.

2226 5664 2288 5711 ut
2334 5655 2479 5726 quod
2522 5653 2855 5726 exoptabant
2894 5651 3108 5707 auctius
3150 5657 3317 5719 atque
3358 5646 3551 5701 melius
3581 5644 3784 5696 laceres

2229 5749 2394 5815 Deus,
2411 5762 2522 5821 quo
2538 5747 2699 5810 modo
2721 5745 2829 5804 voti
2853 5745 3138 5821 plusquam
3164 5751 3384 5812 compos
3405 5736 3632 5791 Flaccus
3656 5741 3799 5782 ait-
