4106 6208
425 235 508 290 55

1797 251 2333 310 PROLEGOMENA.
3649 262 3720 320 56

433 371 572 425 bene
599 375 692 431 est,
713 364 846 420 nihil
865 365 1098 434 amplius
1123 381 1238 429 aro,
1272 366 1431 422 nobis
1455 366 1620 437 εὐχῆς
1640 368 1882 440 ἀμέτρου
1908 385 2032 424 cum
2063 381 2108 438 Α
2139 370 2263 439 fuit,
2292 372 2344 425 in
2367 370 2736 442 Polytnorpho
2765 370 2990 443 Dial‘ogo
3025 382 3074 440 1,
3113 374 3202 429 ubi
3236 373 3304 429 de
3337 376 3723 439 incarnatione

434 462 708 533 Gregorio
737 459 1086 516 Nazianzeno
1120 461 1493 517 metuentibus
1537 462 1810 516 usuvenit.
1847 461 2035 516 Enim-

435 569 566 610 vero
590 554 827 624 primum
854 563 1040 608 votum
1064 559 1118 607 et
1139 552 1428 606 consilium
1458 560 1708 607 nostrum
1736 553 1912 609 fuerat
1936 554 2037 608 ini-

433 651 515 702 tio
556 647 732 701 libros
764 652 977 698 tantum
1018 642 1076 696 S.
1115 642 1365 713 Gregorii
1409 654 1598 697 contra
1642 643 1962 698 Eunomium
2003 660 2033 698 a

430 740 766 795 doctissimo
794 738 913 793 viro
957 736 1075 791 Nic.
1119 737 1358 792 Gulonio
1401 735 1724 793 Professore
1752 738 2031 808 quondam

434 834 592 902 regio
619 832 893 885 latinitate
923 829 1158 884 donatos
1185 829 1238 883 in
1268 830 1442 884 lucem
1465 831 1646 894 edere,
1673 847 1812 900 quos
1830 830 2034 903 πατρὸς

432 925 683 996 ἀμείνων
713 922 782 976 Β.
823 923 883 976 Ρ.
915 921 1156 976 Joannes
1198 936 1226 973 a
1262 920 1320 975 S.
1359 919 1657 977 Francisco
1697 923 2031 978 Faliensium

432 1018 839 1073 monachorum
904 1016 1050 1085 prior
1105 1015 1442 1084 recognovit.
1511 1014 1616 1070 Sed
1676 1031 1800 1071 cum
1834 1016 1925 1072 ille
1979 1016 2033 1069 in

432 1109 696 1162 morbum
759 1107 1068 1171 incidisset,
1115 1122 1294 1177 neque
1365 1108 1530 1177 prmio
1603 1115 1788 1178 posset
1841 1121 2034 1177 prope-

435 1201 584 1255 ranti
611 1216 843 1271 pensum
872 1198 1156 1266 snliicerc;
1182 1201 1358 1254 visum
1388 1210 1472 1255 est
1503 1200 1638 1254 alios
1668 1198 1725 1255 S.
1787 1197 2031 1267 Gregorii

434 1293 614 1347 libros
638 1292 752 1360 jam
788 1291 974 1346 Graece
1002 1307 1235 1347 excusos
1266 1292 1332 1346 ad
1390 1291 1619 1346 alterum
1651 1297 1857 1344 tomu‘m
1898 1303 2033 1341 con-

435 1385 734 1438 ﬁciendum
763 1386 1057 1455 colligere;
1099 1380 1208 1448 iam
1239 1383 1383 1438 enim
1415 1382 1543 1437 olim
1569 1383 1707 1451 apud
1731 1380 2034 1450 Raphelen-

436 1473 588 1542 gium
624 1474 721 1527 lib.
768 1474 842 1527 De
887 1476 990 1527 sita
1032 1471 1237 1535 Musis;
1281 1473 1423 1542 apud
1467 1472 1793 1535 Plautinum,
1839 1470 1930 1524 lib.
1959 1468 2035 1522 De

439 1565 782 1633 virginitate;
825 1566 971 1634 apud
1035 1564 1364 1630 Sartorium,
1424 1575 1609 1618 contra
1647 1563 2031 1630 Apollinarem,

439 1664 498 1710 et
517 1657 625 1709 alia
651 1656 772 1725 ejus
799 1657 928 1711 alibi
951 1657 1215 1726 Opuscula
1241 1657 1458 1712 fuerant
1475 1656 1676 1726 publici
1703 1654 1850 1724 juris
1869 1652 2030 1706 lucta.

447 1745 610 1812 Quod
641 1764 761 1801 cum
808 1747 1074 1802 audiisset
1111 1749 1490 1820 amplissimus
1538 1763 1743 1818 prteses
1774 1747 2030 1801 dominus
2061 1727 2103 1781 Β

450 1837 743 1904 Thuanus,
781 1839 928 1908 Regii
991 1840 1321 1896 Consistorii
1391 1841 1769 1906 consiliarius,
1810 1837 2032 1893 codiccs

459 1943 598 1982 suos
621 1930 1010 1999 manuscriptos
1060 1929 1219 1984 nobis
1255 1929 1488 2000 benigne
1523 1929 1817 1992 concessit,
1849 1942 1879 1981 e
1911 1927 2033 1996 qui-

464 2018 572 2075 bus
608 2029 756 2072 emta
785 2027 864 2074 est
913 2019 1232 2075 dissertatio
1264 2019 1341 2073 De
1382 2021 1565 2073 anima
1624 2018 1892 2072 hactenus
1922 2029 2030 2068 non

459 2107 626 2162 edita.

522 2195 668 2250 Misit
700 2195 868 2250 etiam
903 2195 970 2250 ad
1019 2209 1121 2250 nos
1154 2195 1431 2265 ingentem
1463 2194 1706 2248 codicem
1733 2191 2032 2261 Antnerpia

445 2286 516 2344 Β.
547 2289 610 2342 P.
634 2289 886 2344 Andreas
943 2289 1223 2352 Schottus,
1265 2291 1358 2357 qui
1408 2286 1577 2342 libros
1631 2285 1746 2341 sive
1780 2284 2031 2339 homilias

439 2377 680 2451 Nysseni
742 2382 978 2450 amplius
1025 2381 1249 2450 triginta
1283 2379 1681 2448 complectitur,
1725 2375 2033 2446 sumptibus

445 2471 584 2524 clar.
646 2471 751 2524 viri
779 2469 1054 2524 Theodori
1099 2469 1316 2524 Cauteri
1371 2466 1790 2536 Ultrajectensis
1811 2474 2033 2520 senato-

450 2566 534 2620 ris
554 2566 682 2620 olim
719 2567 1052 2636 exscriptas,
1098 2566 1300 2636 quibus
1332 2563 1505 2619 additi
1536 2573 1664 2620 sunt
1707 2564 1797 2617 alii
1855 2578 1923 2619 ex
1957 2563 2038 2616 bi-

448 2655 727 2710 bliotheca
773 2655 1029 2710 nobiliss.
1069 2656 1171 2709 viri
1226 2653 1511 2720 Francisci
1594 2652 1838 2716 Olivarii,
1898 2649 2027 2705 Eed.

445 2745 687 2810 Horelli,
716 2745 959 2801 Profess.
984 2762 1095 2817 reg.
1132 2745 1357 2810 Decani,
1384 2753 1440 2800 et
1460 2745 1702 2798 aliorum.
1729 2743 2029 2797 amicorum

445 2849 769 2894 nostrorum
804 2839 1137 2908 deprompti,
1170 2852 1405 2907 quorum
1432 2836 1756 2891 beneﬁcium
1785 2835 1839 2888 in
1883 2833 2033 2888 notis

449 2930 523 2985 ad
560 2930 801 3000 singulos
825 2929 997 2984 libros
1027 2929 1432 2999 prauiicabitur.

526 3019 680 3075 Licet
719 3022 862 3075 enim
901 3020 1140 3075 editione
1175 3035 1407 3116 Operum.
1443 3017 1501 3072 S.
1533 3015 1762 3116 Ioannis
1794 3016 2032 3116 Ghryso-
2059 3055 2105 3116 Ο

448 3114 619 3168 ειυωί
655 3112 834 3166 adhuc
871 3111 1210 3166 detineretur
1255 3112 1339 3164 vir
1377 3110 1749 3173 doctissimus,
1791 3107 2032 3176 Θεοφιλέι

448 3221 646 3267 στατος
678 3201 884 3257 Fronto
911 3200 1146 3256 Duczeus
1185 3200 1241 3255 S.
1276 3199 1317 3254 l.
1358 3199 1688 3271 Theologds,
1720 3215 1820 3256 suo
1850 3209 2030 3252 tamen

449 3292 702 3349 subsidio
737 3290 1053 3360 nosjuvare
1075 3305 1184 3344 non
1207 3289 1437 3355 destitit,
1497 3304 1623 3344 cum
1662 3298 1717 3344 et
1789 3288 2032 3343 delectus

448 3383 740 3439 habendus
783 3391 930 3437 esset
979 3382 1151 3436 codd-
1175 3397 1310 3437 mss.
1363 3388 1420 3436 et
1458 3382 1730 3436 variantes
1773 3380 2032 3435 lectiones

449 3489 580 3528 cum
606 3472 814 3542 judicio
850 3471 969 3525 alia:
1000 3485 1112 3540 prie
1129 3470 1257 3525 aliis
1290 3469 1700 3539 amplectenda,
1732 3477 1785 3524 et
1814 3478 1956 3524 notae
1977 3470 2036 3522 in

454 3565 644 3618 varios
672 3564 840 3617 libros
860 3562 990 3617 olim
1028 3561 1096 3615 ab
1125 3561 1244 3630 ipso
1281 3561 1601 3616 emendatus
1640 3576 2035 3630 recognoscen-

465 3656 570 3719 dae,
601 3665 756 3724 atque
787 3656 913 3709 huic
941 3653 1166 3710 editioni
1193 3652 1515 3724 adaptanda:
1537 3663 1748 3710 essent.

534 3744 915 3801 Verumtamen
969 3744 1073 3799 hac
1107 3744 1344 3799 adhibita
1395 3744 1678 3816 diligentia
1711 3760 1818 3799 non
1856 3745 2036 3815 potui-

452 3853 582 3893 mus
609 3835 949 3908 quarundam
972 3835 1320 3889 homiliarum
1357 3833 1605 3913 Graecum
1651 3843 1860 3891 textum
1901 3851 2048 3892 nan-

451 3929 612 3990 cisci,
652 3943 790 3999 quas
839 3927 942 3982 sub
987 3927 1150 3982 linem
1183 3927 1410 3981 secundi
1445 3927 1575 3980 tomi
1601 3925 1796 3982 Latine
1821 3936 2034 3983 tantum

448 4015 770 4081 edidimus;
812 4015 905 4068 sed
957 4028 1133 4083 neque
1173 4022 1316 4070 totos
1357 4028 1542 4068 contra
1583 4015 1895 4070 Eunominnt
1941 4017 2046 4072 XII.

449 4107 629 4161 libros
673 4105 1124 4176 suppeditamus,
1154 4119 1289 4158 cum.
1331 4114 1389 4160 ut
1426 4123 1494 4162 ex
1531 4108 1740 4178 synodo
1773 4107 1836 4163 Vl
1885 4123 2038 4164 (ecu-

449 4199 669 4254 menica
704 4206 940 4263 constat,
977 4199 1254 4253 secundus
1277 4213 1538 4254 numerus
1565 4200 1722 4266 sitis,
1753 4201 1847 4271 qui
1874 4202 2035 4271 primi

446 4291 637 4345 locum
687 4291 927 4345 editione
979 4299 1170 4346 nostra
1206 4291 1438 4357 obtinet,
1473 4307 1764 4362 expressos
1797 4309 1862 4348 ex
1915 4309 2037 4364 apo-

2140 463 2348 519 Domini
2400 463 2672 532 loquitur,
2714 463 2830 518 haec
2884 465 3189 536 desumpsit
3245 468 3565 524 testimonia
3621 471 3720 529 l'ol.

2138 554 2260 616 124.
2279 554 2532 610 editionis
2557 553 2852 625 Tigurinze,
2889 555 2984 610 τοῦ
3007 557 3176 612 αὐτοῦ
3194 559 3259 612 ἐκ
3279 558 3372 614 τοῦ
3393 563 3726 618 natalibus-

2141 647 2262 719 μεου
2295 647 2472 716 λόγου.
2500 646 2684 717 Φαμὲν
2709 647 2909 712 τοίνυν,
2936 649 3016 702 ὅτι
3047 651 3105 703 ὲν
3143 649 3240 720 μὲν
3260 654 3372 716 τοῖς
3401 653 3508 724 πρὸ
3530 655 3722 711 τούτου

2134 738 2310 807 λόγοις
2341 738 2510 791 εἰπὼν
2542 737 2639 809 τὴν
2679 739 2877 807 Σοφίαν
2909 737 3320 810 ᾠκοδομηκέναι
3347 744 3512 816 ἑαυτῇ
3547 741 3718 809 οἷκον,

2134 831 2231 902 τὴν
2258 831 2354 902 τῆς
2383 831 2580 904 σαρκὸς
2603 831 2696 885 τοῦ
2718 833 2923 903 Κυρίου
2946 834 3372 907 κατασκευὴντῷ
3392 837 3535 908 λόγῳ
3551 837 3728 892 αἰνίσ-

2139 941 2310 978 σεται.
2359 925 2596 979 Dicimus
2647 941 2793 996 ergo,
2841 943 2961 979 cum
3019 927 3074 980 in
3109 928 3174 981 iis
3234 944 3352 998 qua:
3387 931 3534 996 prius
3575 930 3721 983 dicta

2136 1025 2278 1080 sunt,
2315 1014 2453 1069 dixit
2486 1015 2815 1085 Sapientiam
2862 1018 3159 1086 tediﬁcasse
3201 1019 3305 1073 sibi
3333 1019 3569 1084 domum,
3597 1025 3722 1074 ca‘r-

2136 1108 2217 1162 nis
2249 1107 2466 1163 Domini
2511 1109 2673 1164 Verbo
2703 1111 3148 1165 constructionem
3194 1113 3412 1180 mystice
3449 1111 3720 1187 intelligit.
3789 1185 3792 1187 Δ

2137 1195 2253 1252 lloc
2282 1198 2660 1253 testimonium
2694 1200 2936 1269 reperies
2971 1215 3090 1270 pag.
3134 1200 3224 1263 77,
3258 1199 3424 1270 hujus
3455 1180 3721 1255 cditionis

2138 1294 2271 1342 tom.
2309 1287 2372 1342 ll.
2412 1287 2556 1361 Ergo
2603 1287 2861 1352 dicimus,
2897 1291 3046 1361 quod
3077 1291 3133 1345 in
3167 1290 3273 1357 his,
3316 1307 3437 1361 qua:
3469 1291 3615 1345 hunc
3643 1291 3722 1346 lo-

2135 1395 2257 1434 cum
2306 1381 2625 1449 praecedunt
2675 1381 2873 1449 verbis,
2920 1398 3044 1437 cum
3099 1383 3331 1438 dixisset
3383 1383 3719 1453 Sapientiam

2135 1471 2238 1526 sibi
2269 1470 2491 1526 domum
2525 1473 2847 1529 aediﬁcasse.

2208 1560 2262 1615 In
2291 1561 2481 1617 eodem
2521 1561 2746 1634 Dialogo
2779 1572 2832 1619 et
2871 1564 2963 1618 l'ol.
3005 1563 3128 1630 124,
3183 1565 3279 1619 τοῦ
3319 1566 3488 1620 αὑτοῦ
3525 1565 3732 1638 ὲκιτῆς,

2134 1651 2300 1722 αὐτῆς
2326 1653 2707 1724 πραγματείας
2727 1671 2740 1684 ·
2773 1656 2802 1708 ὁ
2841 1655 3015 1723 Λόγος
3051 1657 3159 1727 πρὸ
3179 1656 3288 1711 τῶν
3320 1657 3532 1711 αἰώνων
3561 1653 3651 1729 ἦν,
3686 1661 3720 1730 ἡ

2133 1744 2268 1814 σὰρξ
2295 1744 2353 1796 δὲ
2377 1745 2465 1796 ἐπ’
2493 1746 2738 1814 ἐσχάτων
2764 1747 2983 1815 ἐγένετο
3009 1749 3117 1802 τῶν
3146 1750 3376 1820 χρόνων,
3409 1751 3504 1804 καὶ
3531 1752 3630 1804 οὐκ
3655 1751 3722 1806 ἄν

2131 1852 2215 1898 τις
2238 1836 2580 1907 ἀναστρέψας
2599 1836 2743 1889 εἴποι
2775 1836 3032 1908 ἢταύτην
3059 1838 3384 1910 προαιὼνιον
3418 1836 3577 1905 εἶναι,
3605 1841 3637 1911 ἢ
3663 1845 3722 1894 ὲν

2131 1929 2242 1990 τοῖς
2295 1927 2544 1998 ἐσχάτοις
2589 1928 2916 1998 γεγενῆσθαι
2967 1929 3060 1984 τὸν
3087 1929 3281 1998 Λόγον.
3347 1931 3572 1986 Verbum
3603 1939 3726 1986 erat

2133 2027 2254 2071 ante
2282 2017 2500 2082 stecula,
2547 2034 2671 2072 caro
2701 2027 2878 2072 autem
2908 2022 3157 2075 extremis
3191 2023 3514 2090 temporibus
3573 2023 3722 2090 facta

2131 2116 2227 2171 est,
2253 2122 2343 2160 nec
2375 2118 2680 2161 convertens
2721 2116 2910 2162 contra
2949 2109 3213 2178 quispiam
3251 2111 3448 2165 dixerit
3477 2113 3558 2166 vel
3600 2129 3725 2167 eam

2131 2213 2241 2252 esse
2269 2207 2391 2251 ante
2427 2199 2650 2261 secula,
2689 2199 2766 2252 vel
2804 2200 2862 2252 in
2905 2202 3110 2253 ultimis
3148 2202 3470 2270 temporibus
3515 2203 3728 2271 factum

2131 2301 2243 2340 esse
2277 2283 2528 2340 Verbum.
2557 2286 2670 2342 Hoc
2687 2289 3063 2343 testimonium
3094 2291 3263 2346 habes
3297 2307 3351 2361 p.
3390 2292 3482 2346 161
3552 2294 3722 2364 hujtts

2131 2378 2264 2433 edit.
2295 2377 2508 2432 Citatur
2543 2379 2682 2434 idem
2716 2379 2869 2435 locus
2911 2386 2966 2434 et
3011 2381 3065 2434 in
3111 2381 3322 2452 synodo
3355 2381 3420 2435 Vl
3451 2382 3720 2439 (Ecume-

2133 2469 2278 2531 nvica,
2303 2469 2518 2524 actione
2542 2470 2629 2534 10,
2655 2484 2779 2541 pag.
2801 2469 2924 2535 £26,
2946 2470 3186 2526 editione
3214 2472 3475 2528 Romana.
3501 2474 3596 2527 Ἐκ
3621 2472 3722 2527 τοῦ

2132 2562 2273 2615 κατὰ
2304 2562 2571 2632 Εὐνομία)
2611 2562 2779 2632 τόμου
2815 2562 3098 2634 πέμπτου,
3127 2558 3188 2618 οὗ
3213 2567 3246 2635 ὴ
3291 2565 3456 2635 ἀρχὴ,
3498 2568 3633 2637 Περὶ
3660 2567 3718 2620 δὲ

2130 2652 2232 2722 τῆς
2261 2653 2468 2724 Πέτρου
2512 2652 2608 2705 τοῦ
2651 2654 2949 2707 ἀποστόλου
2985 2655 3189 2726 φωνῆς.
3241 2654 3545 2726 Εωηιιίιιιο
3575 2667 3720 2711 tomo

2132 2752 2316 2796 contra
2371 2741 2714 2810 Eunomium,
2763 2745 2916 2814 cujus
2963 2746 3194 2810 initium,
3246 2745 3325 2799 De
3374 2763 3494 2800 voce
3539 2749 3722 2817 itaque

2135 2831 2196 2889 8.
2236 2835 2384 2891 Petri
2442 2833 2702 2902 Apostoli.
2764 2834 2921 2890 Unde
2982 2836 3294 2903 colligimus
3351 2837 3544 2894 deesse
3590 2840 3718 2893 huic

2134 2930 2335 2976 nostrae
2359 2921 2586 2975 editioni
2627 2921 2826 2976 librum
2862 2923 3204 2992 primum,et
3223 2927 3526 2981 orationem
3550 2943 3717 2996 quar-

2135 3019 2245 3062 tam
2278 3010 2397 3078 ejus
2436 3011 2490 3064 in
2526 3011 2738 3081 synodo
2789 3011 2895 3067 dici
2924 3021 2980 3068 et
3030 3029 3156 3068 vere
3183 3029 3309 3070 esse
3355 3018 3623 3084 quintam.
3657 3018 3715 3072 In

2135 3099 2398 3170 Catologo
2425 3105 2586 3154 etiam
2630 3101 2895 3156 librorum
2941 3102 3280 3159 bibliotheca:
3309 3103 3587 3161 Vaticana
3615 3125 3718 3162 nn-

2133 3204 2286 3244 mero
2309 3189 2434 3257 42‘,
2469 3190 2688 3245 initium
2708 3193 3018 3263 assignatur
3036 3195 3179 3250 istud
3200 3197 3293 3251 lib.
3323 3213 3340 3252 ι
3393 3209 3576 3252 contra
3606 3201 3718 3253 Eu.-

2134 3282 2388 3346 nomium,
2444 3283 2570 3336 Οὺκ
2609 3279 2677 3354 ἦν
2729 3283 2806 3346 ὡς
2865 3283 3019 3338 ἔοικε.
3057 3285 3137 3355 τῷ
3190 3287 3370 3342 πάντα
3427 3304 3488 3340 σε
3539 3287 3715 3341 θέλειν

2133 3374 2462 3445 εὐεργετεῖν’
2485 3375 2710 3430 secundi
2742 3385 2922 3430 autem
2955 3377 3123 3444 istud,
3157 3379 3220 3431 Ἦ
3245 3379 3352 3432 τῶν
3375 3380 3715 3451 Χριστιανῶν

2133 3464 2317 3527 πίστις
2340 3466 2420 3528 εἰς
2471 3465 2648 3520 πάντα
2705 3466 2867 3538 ἑθνηο
2902 3468 3050 3537 quod
3100 3477 3186 3524 est
3228 3471 3495 3526 orationis
3524 3472 3716 3542 prima:

2134 3553 2298 3623 hujus
2328 3554 2588 3611 editionis
2637 3555 2875 3611 initium.
2911 3556 3162 3613 Tertium
3197 3561 3566 3615 testimonium
3589 3577 3714 3632 pro.

2135 3646 2241 3700 lert
2271 3645 2654 3703 Theodoretus
2678 3651 2731 3703 in
2760 3649 2950 3706 eodem
2985 3650 3212 3722 Dialogo
3240 3652 3292 3705 l.
3324 3653 3418 3708 l'ol.
3449 3653 3572 3716 125,
3603 3654 3719 3706 υὺκ

2135 3737 2200 3790 ὲκ
2231 3736 2325 3790 τιοῦ
2349 3738 2494 3792 Θεὶου
2522 3756 2582 3791 τε
2609 3741 2703 3794 καὶ
2735 3743 3014 3812 ἀκηράτου
3043 3744 3190 3796 ἐστὶν
3216 3745 3256 3815 ἡ.
3280 3744 3374 3797 τοῦ
3407 3745 3591 3798 ἐκτισὲ
3647 3762 3714 3816 με

2136 3827 2314 3898 φωνὴ,
2346 3828 2483 3882 ἀλλὰ
2514 3828 2696 3892 καθὼς
2726 3830 2940 3902 εἴρηται
2972 3836 3036 3886 ὲκ
3052 3832 3144 3886 τοῦ
3169 3833 3569 3905 ἀναληφθέντος
3594 3836 3716 3887 κατ’

2135 3920 2465 3990 οἰκονομίαν.
2492 3919 2616 3974 Νυη
2639 3924 2702 3975 de
2729 3921 2926 3986 divino,
2961 3932 3010 3978 et
3039 3924 3103 3977 ab
3136 3925 3278 3978 omni
3303 3927 3636 3993 corruptione
3666 3935 3716 3979 et

2137 4013 2353 4068 interitu
2377 4013 2549 4067 alieno
2577 4023 2655 4068 est
2677 4014 2787 4068 lues
2818 4031 2937 4078 vox,
2972 4036 2990 4066 ι
3025 4017 3236 4071 Creavit
3261 4034 3341 4071 me
3361 4034 3379 4071 :
3412 4036 3430 4066 ι
3461 4018 3552 4072 sed
3580 4019 3718 4070 sicut

2138 4106 2336 4159 dictum
2371 4113 2469 4168 est,
2491 4105 2554 4159 de
2590 4121 2650 4160 eo
2673 4105 2812 4176 quod
2857 4121 2949 4175 per
2999 4108 3231 4161 divinant
3274 4109 3720 4177 dispensationem

2098 4197 2107 4204 ’
2139 4207 2465 4266 assumptum
2487 4206 2586 4252 est.
2615 4195 2760 4253 Idem
2796 4199 3086 4254 exhibetur
3115 4199 3308 4253 iisdem
3343 4199 3504 4267 plane
3531 4197 3720 4253 verbis

2138 4305 2193 4361 p.
2225 4289 2290 4343 79
2333 4289 2498 4359 hujus
2541 4287 2828 4355 editionis,
2874 4289 2984 4343 nisi
3035 4289 3179 4358 quod
3220 4303 3320 4358 pro
3372 4287 3716 4360 ἀναληφθέν-

444 4383 664 4453 grapho
686 4379 750 4437 V.
773 4382 838 4438 C.
876 4381 1074 4438 Franc.
1105 4384 1323 4450 Pithtei,
1358 4400 1469 4455 quo
1503 4393 1560 4440 et
1599 4385 1871 4455 interpres
1903 4385 2030 4440 dum

2137 4397 2228 4444 τος
2281 4381 2479 4450 legitur
2538 4379 2650 4434 illic
2705 4379 3123 4450 άνακραθέντος.
3181 4379 3450 4446 Quartum
3508 4381 3718 4452 profert

444 4475 662 4528 viveret
715 4489 923 4544 eosque
971 4473 1162 4531 Latine
1221 4484 1585 4540 converteret,
1643 4492 1778 4532 usus
1835 4476 2033 4531 fuerat.

447 4563 586 4618 Nam
618 4573 675 4618 ut
701 4579 767 4618 ex
794 4565 1054 4635 Catalogo
1085 4567 1351 4620 librorum
1389 4568 1734 4623 bibliotheca:
1760 4566 2036 4626 Vaticana:

453 4662 694 4717 constat,
727 4668 758 4706 a
789 4655 1012 4709 librario
1043 4656 1097 4709 in
1142 4655 1279 4710 duas
1318 4664 1501 4725 partes
1526 4657 1741 4712 divisus
1777 4658 1878 4712 l'uit
1902 4658 2037 4712 liber

459 4759 561 4808 ιιι,
589 4746 746 4814 cujus
788 4745 936 4813 prior
983 4762 1112 4817 pars
1167 4748 1512 4803 undecimum
1554 4749 1775 4804 coniicit
1831 4749 2039 4805 librum-

456 4834 622 4905 bujus
644 4835 925 4902 editionis,
958 4839 1060 4893 hoc
1082 4840 1240 4896 initio
1273 4842 1608 4909 inchoatum,
1646 4843 1760 4896 ἀλλ’
1805 4843 2038 4914 εἴδωμεν

454 4929 557 4983 καὶ⁸
585 4929 644 4981 τὸ
676 4933 736 4982 ὲκ
766 4930 858 4984 τοῦ
886 4931 1202 4997 ἀκολούθου,
1237 4935 1382 5003 quod
1447 4935 1661 4990 initium
1699 4937 1788 4991 ille
1823 4937 2034 4990 catalo-

449 5037 562 5092 gus
618 5021 754 5073 libro
797 5038 868 5075 xu
916 5023 1125 5078 tribuit.
1179 5023 1423 5094 itemque
1475 5025 1720 5097 synodus
1771 5035 1922 5082 sexta
1952 5041 2036 5082 ac-

448 5114 609 5167 tione
640 5111 728 5175 11),
754 5129 876 5184 pag.
910 5115 1013 5169 127
1067 5116 1325 5172 editionis
1367 5115 1660 5175 Vaticana».

523 5203 868 5259 Exhibentur
897 5207 1080 5277 itaque
1112 5223 1258 5263 nunc
1305 5209 1405 5264 tibi
1436 5209 1492 5264 S.
1526 5209 1774 5279 Gregorii
1803 5209 2032 5282 Nysseni

447 5307 638 5352 eontra
670 5295 1013 5366 Eunomium,
1056 5316 1196 5371 quos
1220 5302 1278 5354 S.
1308 5303 1669 5374 Hieronymus
1699 5303 1753 5357 in
1781 5304 2036 5374 Catalogo

450 5387 789 5458 Scriptorum
823 5391 1296 5446 ecclesiasticarum
1330 5395 1433 5449 sibi
1481 5401 1534 5450 et
1580 5393 1739 5464 Greg.
1773 5393 2029 5451 Nazianz.

450 5481 626 5536 lectos
652 5481 721 5534 ab
750 5493 973 5540 auctore
1031 5485 1300 5552 allirmat;
1334 5495 1387 5542 et
1427 5501 1495 5541 ne
1529 5486 1748 5542 dubites
1813 5504 1941 5542 num
1978 5490 2034 5544 hi

449 5571 565 5627 sint
594 5572 668 5625 illi
695 5572 796 5643 ipsi
828 5592 969 5648 quos
999 5592 1028 5631 a
1057 5591 1118 5631 se
1147 5578 1386 5646 scriptos
1410 5579 1684 5648 evulgavit
1718 5577 2034 5636 Theodore~

456 5666 571 5724 tus.
602 5662 690 5732 qui
727 5670 936 5739 synodo
972 5668 1266 5740 Ephesime
1308 5681 1452 5722 anno
1493 5667 1691 5724 Christi
1732 5669 1836 5723 430
1875 5670 2035 5726 inter

2139 4471 2280 4526 idem
2333 4471 2708 4526 Theodoretns
2773 4471 2996 4542 Dialogo
3045 4473 3102 4538 2,
3170 4474 3261 4528 ubi
3330 4475 3398 4530 de
3458 4476 3720 4545 passione

2137 4562 2339 4617 Christi
2368 4563 2609 4631 disputat
2636 4578 2704 4617 ex
2733 4563 2930 4617 eodem.
2951 4579 3116 4634 opere
3151 4571 3336 4618 contra
3390 4563 3715 4620 Eunomittm

2143 4655 2233 4709 ἴοι.
2263 4655 2386 4708 H7.
2427 4654 2489 4706 Ei
2511 4653 2568 4706 δὲ
2601 4656 2629 4707 ὁ
2659 4654 2758 4726 μὲν
2790 4657 2858 4708 ὲκ
2887 4656 2984 4726 τῆς
3009 4657 3226 4728 Μαρίας
3254 4658 3503 4726 ἀδελφοῖς
3531 4658 3714 4712 διαλέ-

2139 4762 2314 4817 τεται,
2348 4745 2377 4799 ὁ
2421 4746 2476 4800 δὲ
2510 4747 2802 4819 μονογενὴς
2852 4747 3110 4818 ἀδελφοὺς
3139 4751 3239 4804 οὐκ
3281 4749 3392 4821 ἔχει
3417 4766 3431 4780 ·
3465 4751 3581 4814 πῶς
3605 4753 3715 4825 γὰρ

2138 4840 2196 4892 ὲν
2244 4838 2491 4910 ἀδελφοῖς
2521 4839 2580 4892 τὸ
2629 4841 2915 4910 μονογενὲς
2965 4841 3289 4909 διεσώζετο;
3334 4845 3426 4897 καὶ
3466 4847 3494 4897 ὁ
3520 4844 3712 4898 εἰπών’

2143 4952 2167 4985 ι
2189 4931 2411 5003 Πνεῦμα
2434 4935 2463 4987 ὁ
2494 4932 2647 4998 Θεός,
2685 4951 2707 4986 s
2741 4935 2874 5005 φησὶ
2906 4935 3040 5006 πρὸς
3073 4935 3196 5000 τοὺς
3227 4935 3722 5008 μαθητὰςὸαὺτὸς.

2141 5043 2160 5077 ι
2191 5025 2560 5098 Ψηλαφήσατέ
2593 5044 2682 5097 με.
2723 5046 2742 5080 ι
2768 5025 2828 5081 Si
2875 5039 3051 5081 autem
3092 5029 3183 5095 qui
3213 5045 3278 5082 ea:
3325 5027 3506 5084 Maria
3557 5041 3714 5085 natus

2134 5127 2232 5182 est,
2264 5135 2379 5171 cum
2414 5118 2670 5187 fratribus
2695 5117 2942 5183 disserit;
2975 5119 3274 5187 unigenitus
3305 5129 3483 5176 autem
3519 5121 3714 5189 fratres

2135 5228 2239 5265 non
2264 5209 2415 5264 habet
2447 5224 2465 5262 :
2495 5209 2754 5281 quomodo
2793 5211 2932 5264 enim
2975 5212 3111 5266 inter
3139 5212 3342 5280 fratres.
3375 5227 3704 5266 conservare-

2137 5312 2222 5357 tur
2261 5319 2373 5358 esse
2404 5305 2771 5374 unigenitum?
2811 5301 2878 5356 Et
2925 5305 3014 5374 qui
3057 5305 3216 5368 dixit,
3254 5324 3275 5358 ι
3306 5305 3543 5375 Spiritus
3571 5303 3713 5358 Deus

2133 5406 2237 5461 est.
2275 5417 2294 5451 ο
2343 5397 2483 5451 idem
2526 5397 2656 5450 dicit
2701 5396 2977 5465 discipulis
3024 5416 3044 5449 t
3099 5397 3331 5468 Palpate
3381 5415 3480 5453 me.
3525 5413 3547 5448 ι
3587 5392 3714 5452 Hac

2133 5501 2312 5544 autem
2358 5503 2560 5544 excusa
2613 5491 2851 5558 reperies
2902 5506 3024 5562 pag.
3071 5490 3169 5545 28l
3220 5492 3384 5560 hujus
3431 5485 3710 5544 editionis.

2209 5582 2472 5647 Quintum
2521 5581 2573 5635 in
2624 5580 2840 5651 dialogo
2869 5582 2902 5636 5
2943 5574 3216 5652 reperitur
3267 5581 3363 5635 l'ol.
3407 5574 3530 5632 129.
3588 5577 3711 5632 οζτι

2135 5672 2388 5736 ζωοποιεῖ
2449 5672 2538 5725 τὸν
2607 5671 2856 5742 Λάζαρον
2905 5669 3290 5742 ήάνθρωπίνη
3354 5668 3536 5742 φύσις,
3585 5666 3712 5722 οἷτε
