4106 6208
543 256 614 317 tr;
1709 258 1766 315 s.
1807 258 2203 317 caueamus
2239 262 2612 322 nvssenus.
2901 237 2916 250 ’
3723 268 3800 326 se

540 375 758 447 δακρύει
819 373 909 426 τὸν
939 371 1190 441 κείμενον
1217 372 1250 440 ἡ
1301 370 1517 438 ἀπαθὴς
1563 371 1808 436 ἐξουσία·
1833 374 1944 427 ἀλλ’
1977 376 2108 430 ῐδιον

2211 377 2508 432 secundum
2535 391 2660 432 esse
2693 376 3091 430 numerandum
3122 393 3173 448 p.
3204 375 3289 431 56.
3317 377 3594 447 Quomodo
3613 384 3801 441 Domi.

1714 463 1813 482 ναξ

539 464 632 532 106
673 465 770 535 μὲν
796 460 1084 531 ἀνθρώπου
1117 460 1177 513 τὸ
1205 460 1456 531 δάκρυον,
1488 462 1585 531 τῆς
1613 462 1668 514 δὲ
1707 463 1851 533 ζωῆς
1881 465 1950 518 τὰ
2010 467 2106 535 τῆς

537 556 705 618 ὄντως
734 553 900 622 ζωῆς.
938 549 1116 621 Neque
1145 551 1378 605 humana
1410 561 1608 605 natura
1653 551 1919 606 Lazarum
1979 557 2108 608 viui-

538 647 685 713 ﬁcat,
733 659 821 698 nec
852 643 1006 712 deﬂet
1035 639 1299 710 jacentem
1351 642 1658 711 impetibili:
1686 647 1967 710 potentia:
2015 647 2106 700 sed

539 736 776 804 lncryma
809 743 886 787 est
916 733 1140 788 hominis
1162 733 1400 802 propria,
1426 733 1544 786 vita:
1567 744 1743 787 autem
1766 751 1828 788 ea
1855 752 1969 804 quia
1995 753 2106 790 vere

537 828 659 888 vita:
692 825 954 879 sunt.Sed
987 825 1364 879 emendandus
1395 832 1478 880 cst
1504 824 1590 879 hic
1622 826 1774 880 locus
1795 841 1860 881 ex
1893 828 2107 883 actione

539 916 582 975 Χ
615 916 817 988 Synodi
859 925 1026 972 sexta:
1054 915 1460 982 OEcumenicaa,
1496 917 1586 979 ubi
1616 917 1818 970 citatur
1850 935 1914 974 ex
1954 922 2047 975 lib.
2072 933 2105 972 v

535 1017 720 1061 contra
750 1007 1069 1062 Eunomium
1102 1023 1222 1078 pag.
1254 1008 1353 1062 127
1385 1008 1642 1066 editionis
1659 1006 1958 1068 Vaticame,
1983 1010 2019 1082 ή
2049 1010 2106 1068 δὲ

535 1101 647 1171 ζωὴ
673 1100 772 1169 τῆς
797 1099 962 1163 ὅντως
986 1097 1150 1169 ζωῆς,
1189 1100 1294 1153 vita
1325 1115 1443 1152 vero
1461 1099 1573 1165 ejus
1599 1099 1690 1168 qui
1720 1115 1833 1156 rere
1857 1099 1962 1152 vita
1989 1111 2066 1156 est
2088 1114 2106 1151 :

537 1207 661 1244 nam
695 1199 750 1245 et
778 1201 846 1246 ita
882 1199 1056 1244 totum
1089 1191 1307 1245 exhibet
1370 1191 1548 1245 locum
1605 1190 1719 1244 haec
1749 1190 1920 1245 editio
1963 1198 2105 1244 orat.

533 1282 586 1346 4,
619 1297 670 1350 p.
709 1281 830 1348 161.
861 1279 1084 1335 Sextum
1109 1280 1336 1334 citatum
1364 1280 1534 1335 habes
1564 1296 1593 1332 a
1619 1281 1826 1352 synodo
1859 1295 1908 1333 νι
1955 1295 2107 1336 ωου-

537 1373 768 1437 tuenica,
793 1373 1007 1426 actione
1025 1372 1079 1434 ι,
1106 1386 1227 1442 pag.
1255 1371 1322 1425 ‘59
1374 1373 1505 1426 edtt.
1527 1370 1700 1425 Vatic.
1742 1371 1837 1436 Ἐκ
1866 1356 1960 1424 τοῦ
1988 1371 2108 1423 δευ-

534 1463 691 1533 τέρου
727 1462 928 1532 βιϐλίου
958 1461 1050 1516 τοῦ
1084 1464 1220 1516 κατὰ
1255 1464 1534 1531 Εὐνομίαν.
1574 1461 1694 1525 Πῶς
1725 1464 1755 1516 ὁ
1783 1461 1984 1534 Κύριος
2019 1462 2108 1515 τὸν

2206 485 2302 521 nus
2321 483 2412 536 per
2437 467 2638 522 Christi
2669 467 3050 521 humanitatem
3103 469 3356 522 mundum
3407 472 3513 527 sibi.
3566 475 3670 542 ipsi
3708 493 3797 532 re-

2205 558 2514 617 concilians.
2565 560 2755 612 anima:
2784 568 2834 613 et
2882 561 3089 626 corpori
3140 560 3447 628 bene/icium
3500 580 3562 618 ea;
3582 582 3637 620 se
3668 583 3797 631 pro-

2205 648 2399 715 fectum
2489 649 2784 703 hominibus
2855 649 3208 718 dispertiende
3301 653 3529 718 tribuit,
3617 656 3798 714 uolens

2205 737 2414 807 quidem
2463 754 2553 806 per
2600 741 2856 806 animant,
2880 742 3142 811 attingens
3181 759 3296 796 vero
3329 759 3423 812 per
3444 762 3658 816 corpus.
3694 748 3797 804 Se-

2207 834 2432 903 ptimum
2472 835 2706 904 deniqne
2742 835 2985 906 synodus
3031 836 3219 891 eadem
3257 835 3322 889 Vl
3378 840 3433 892 in
3467 841 3659 896 eadem
3693 856 3793 896 ac-

2208 923 2354 978 tione
2401 924 2488 989 10,
2543 940 2599 994 p.
2641 924 2742 977 127
2797 923 3070 980 Vaticana-3
3125 927 3258 980 edit.
3308 929 3448 992 τέως
3495 931 3552 982 δὲ
3599 932 3795 1002 μαθεῖν

2209 1011 2355 1076 ἄξιον
2414 1014 2564 1083 παρὰ
2614 1015 2720 1068 τῶν
2767 1016 3145 1087 προφερόντων
3191 1018 3321 1087 ἡμῖν
3381 1020 3480 1082 τὰς
3535 1021 3798 1088 τοιαύτας

2208 1103 2408 1170 φωνὰς.
2443 1104 2522 1156 ὅτι
2559 1103 2620 1156 τὸ
2646 1103 2959 1157 ἀναϐαῖνον.
2992 1103 3123 1170 Qum
3151 1106 3320 1160 verba
3353 1108 3432 1162 sic
3466 1110 3799 1180 interpreta-

2209 1201 2297 1248 tur
2329 1193 2594 1252 Gulonius
2621 1209 2742 1264 pag.
2766 1195 2893 1250 280:
2928 1193 3135 1250 Interea
3163 1211 3337 1252 autem
3370 1199 3435 1252 ab
3457 1201 3521 1253 iis
3547 1203 3633 1269 qui
3657 1202 3796 1257 talea

2209 1301 2352 1340 voces
2378 1283 2524 1338 nobis
2548 1286 2840 1354 proferunt,
2867 1302 3037 1355 operte
3053 1290 3279 1356 pretium
3301 1300 3378 1342 est
3397 1289 3618 1356 discere,
3644 1309 3711 1346 an
3735 1294 3792 1346 id

2211 1377 2351 1446 quod
2383 1375 2642 1440 ascendit,
2673 1385 2779 1430 etc.

2277 1465 2429 1530 Quod
2462 1464 2527 1517 ad
2561 1468 2879 1525 lacunarum
2914 1465 3184 1537 lacrymas
3214 1472 3428 1536 attinet,
3489 1468 3653 1526 facile
3674 1487 3704 1525 a
3735 1485 3790 1528 te

2209 1557 2661 1610 continuabuntur
2695 1566 2751 1610 ut
2785 1566 2838 1612 et
2875 1557 3164 1634 σφάλματα
3186 1559 3350 1614 nimis
3371 1561 3562 1615 crebra
3587 1577 3789 1632 opera-

2219 1661 2336 1700 rum
2397 1649 2824 1716 properantium,
2876 1664 2997 1717 qu:e
3045 1648 3132 1706 vix
3182 1649 3360 1720 Argus
3406 1651 3784 1723 πολυόμματος

2221 1746 2418 1792 cuncta
2477 1739 2952 1794 animadverteret.
3019 1738 3174 1810 Παρὰ
3210 1741 3436 1817 δύναμιν
3472 1742 3516 1800 δ’
3542 1744 3641 1797 οὐκ
3669 1743 3787 1798 ἔστι

2220 1830 2312 1880 καὶ
2342 1829 2637 1898 ἐσσύμενον
2664 1831 3019 1901 μαχέσασθαι.
3057 1829 3203 1886 Bene
3241 1833 3381 1897 vale,
3421 1841 3475 1888 ot
3528 1851 3789 1908 κοινωφε-

2223 1920 2371 1984 ista;
2408 1920 2675 1975 studiosis
2703 1921 2777 1974 tui
2809 1922 3076 1978 similibus
3108 1921 3247 1986 fave,

539 1555 742 1624 κόσμον
773 1553 950 1625 ἐαυτῷ
983 1554 1367 1618 καταλλάσσων
1404 1555 1698 1625 ἐπεμέριζε
1745 1557 1818 1625 τῇ.
1869 1553 2012 1624 ψυχῇ
2048 1571 2108 1606 τε

541 1646 637 1700 καὶ
667 1645 742 1716 τῷ
772 1644 980 1715 δώματι
1014 1648 1111 1717 τὴν
1139 1646 1268 1722 παρ’
1311 1646 1472 1708 αὐτοῦ
1528 1645 1815 1720 γινομένην
1860 1647 1972 1705 τοῖς
2018 1644 2110 1696 ἀν-

536 1736 772 1808 θρώποις
793 1737 1130 1806 εὐεργεσίαν,
1149 1737 1314 1797 θέλων
1342 1739 1438 1806 μὲν
1453 1737 1538 1801 διὰ
1556 1737 1654 1805 τῆς
1674 1736 1869 1814 ψυχῆς,
1887 1735 2117 1804 ᾀπτόμε-

534 1844 625 1890 vo;
650 1828 706 1880 δὲ
736 1827 823 1880 διὰ
853 1828 947 1880 τοῦ
989 1827 1260 1898 σώματος.
1302 1824 1375 1878 Ea
1410 1840 1542 1884 vero
1601 1827 1700 1880 tibi
1757 1834 2115 1895 repraesentat

533 1918 892 1988 pritnnsliber
910 1919 1072 1995 hujus
1091 1919 1373 1980 editionis,
1393 1933 1551 1987 quem
1566 1918 1726 1974 etiam
1755 1919 1881 1983 hinc
1903 1926 2117 1980 constat

540 2139 932 2166 ,._..____

1069 2299 1178 2359 DE
1208 2296 1624 2361 GREGORIO
1660 2296 2041 2368 EPISCOPO
2073 2301 2462 2375 NYSSENO,
2511 2303 2611 2367 ET
2643 2303 2827 2370 EJUS
2857 2303 3249 2372 OPERIBUS

1716 2500 1796 2570 (⁸)
1859 2519 2658 2636 ΡΒᾹΞΕΑΤΙΟ.

599 2924 765 2984 Divus
797 2925 1112 2994 Gregorius,
1146 2922 1438 2996 Nyssensis
1473 2924 1788 2994 episcopus,
1823 2922 1991 2980 frater
2020 2938 2312 2992 germanus
2345 2920 2409 2978 Ι).
2441 2922 2647 2990 Basilii,
2678 2938 2742 2978 ac
2767 2932 2899 2978 natu
2928 2923 3146 2993 quidem
3179 2924 3423 2994 majoris.
3463 2934 3520 2981 ut
3549 2943 3615 2982 ex
3653 2927 3777 2998 ejus

527 3021 748 3091 scriptis
786 3021 1058 3090 conjicere
1088 3028 1193 3085 est,
1225 3019 1572 3089 potissimum
1605 3033 1671 3073 ex
1712 3022 2064 3082 IIexaemero,
2107 3018 2198 3072 ubi
2225 3017 2292 3072 de
2335 3016 2538 3073 Basilio
2583 3019 2813 3088 loquens
2857 3026 3240 3088 praeceptorem
3279 3034 3494 3089 semper
3519 3021 3776 3090 appellat,

529 3117 630 3178 fuit
658 3116 1169 3189 eloquentissimus,
1207 3123 1266 3170 ut
1297 3113 1498 3169 Suidas
1529 3121 1582 3168 et
1618 3113 1866 3182 plerique
1897 3120 2111 3168 veteres
2151 3112 2394 3172 tradunt.
2428 3112 2574 3179 quod
2601 3122 2652 3166 et
2683 3112 2829 3167 illius
2874 3111 3073 3181 scripta
3107 3111 3406 3176 declarant,
3454 3111 3783 3182 abundeque

527 3230 700 3271 sacrae
720 3221 992 3271 testantur
1017 3211 1281 3267 historiae.
1321 3209 1564 3263 Primum
1599 3215 1747 3262 artes
1777 3207 1995 3262 dicendi
2035 3210 2302 3272 exercuit,
2353 3215 2675 3278 tantumque
2721 3209 2774 3262 in
2823 3208 2908 3261 liis
2938 3206 3187 3275 profecit,
3231 3214 3289 3260 ut
3323 3206 3539 3261 tandem
3590 3207 3779 3262 rhetor

528 3311 760 3366 illustris
788 3311 1048 3370 evaserit,
1077 3305 1427 3374 laudatisque
1448 3304 1764 3358 oratoribus
1795 3303 2036 3372 antiquis
2071 3318 2178 3356 non
2213 3301 2440 3360 inferior
2466 3301 2753 3356 exstiterit.
2795 3299 2901 3353 Sed
2933 3299 3054 3355 istis
3075 3300 3417 3369 eloquentiae
3462 3299 3660 3356 studiis
3689 3315 3779 3354 re-

527 3405 671 3460 lictis
692 3404 1049 3458 monasticam
1079 3400 1423 3468 disciplinam
1451 3406 1696 3458 secutus.
1735 3404 1792 3450 ut
1819 3398 2011 3452 scribit
2039 3397 2415 3452 Theodoretns
2439 3397 2535 3451 lib.
2568 3412 2642 3457 tv,
2671 3410 2792 3464 cap.
2826 3393 2894 3447 28
2918 3436 2932 3458 ,
2984 3395 3048 3447 ad
3081 3394 3406 3464 theologiam
3439 3409 3497 3448 se
3523 3394 3774 3458 contulit,

524 3501 948 3575 diligentemque
989 3495 1171 3551 studio
1219 3509 1501 3551 sacrarum
1544 3492 1874 3546 Litterarum
1926 3507 2146 3561 operam
2199 3492 2436 3546 navavit.
2485 3490 2680 3544 Postea
2734 3499 2914 3543 tamen
2955 3504 3080 3544 cum
3124 3489 3240 3558 jam
3289 3489 3354 3543 ad
3412 3489 3774 3558 episcopatum

523 3593 711 3664 Nyssa:
753 3593 1013 3654 civitatis,
1046 3605 1074 3644 a
1102 3606 1208 3660 qna
1245 3588 1474 3659 Nysseni
1519 3602 1719 3642 nomen
1764 3588 1994 3656 accepit.
2027 3587 2350 3656 designatus
2379 3593 2484 3651 est,
2518 3586 2726 3642 sanctis
2757 3585 3053 3641 Bibliorum
3083 3585 3259 3648 libris,
3297 3600 3435 3654 quos
3464 3586 3516 3638 in
3543 3584 3773 3638 ecclesia

526 3689 767 3743 lectitare
799 3697 853 3742 et
898 3685 1247 3756 interpretari
1280 3684 1512 3750 solebat,
1549 3682 1833 3753 neglectis,
1865 3681 1931 3735 ad
1979 3681 2308 3736 rhetoricam
2341 3681 2536 3735 iterum
2585 3677 2941 3749 proﬁtendam
2977 3682 3221 3733 animum
3266 3679 3550 3732 convertit.
3599 3676 3770 3742 Quam

525 3785 796 3839 levitatem
825 3784 1354 3852 mutabilitatemque
1385 3780 1600 3835 consilii
1635 3779 1696 3836 D.
1721 3778 2021 3850 Gregorius
2051 3775 2428 3831 Nazianzenus
2455 3776 2686 3846 epistola
2717 3775 2785 3830 54
2809 3775 2875 3829 ad
2899 3775 3049 3829 illum
3077 3775 3325 3844 pluribus
3353 3774 3553 3839 scripta
3589 3784 3772 3836 repre-

525 3881 730 3934 ltendit.
768 3880 887 3945 Quo
914 3894 1039 3933 vero
1079 3893 1224 3932 anno
1268 3877 1336 3932 ad
1367 3892 1490 3932 eum
1521 3876 1897 3945 episcopatum
1946 3872 2278 3943 pervenerit.
2323 3878 2594 3926 incertum
2633 3877 2756 3937 est;
2801 3869 2897 3925 sed
2940 3883 3057 3923 eam
3109 3865 3483 3936 praefecturam
3527 3869 3768 3928 tempore

521 3973 766 4037 Valentis
799 3973 1146 4043 imperatoris
1167 3971 1278 4042 jam
1311 3983 1422 4026 tum
1456 3971 1699 4041 gerebat.
1731 3985 1856 4022 enm
1887 3985 1916 4022 a
1947 3968 2006 4020 ί).
2035 3967 2235 4022 Basilio
2263 3967 2615 4036 episcopatus
2643 3965 2980 4020 Sasimorum
3011 3961 3357 4015 Nazianzeno
3381 3957 3630 4010 decretus
3659 3963 3764 4008 est.

522 4067 572 4130 is
600 4067 744 4124 enim
775 4067 1037 4137 pestridie
1079 4065 1224 4121 illius
1255 4065 1384 4131 diei,
1421 4080 1530 4134 quo
1570 4065 1856 4132 episcopus
1889 4062 1988 4116 fuit
2025 4073 2265 4126 creatus,
2294 4061 2360 4116 ad
2392 4060 2696 4133 Nyssenum
2728 4059 2912 4114 habita
2943 4057 3210 4119 oratione,
3250 4050 3546 4107 antistitem
3588 4051 3770 4120 appel-

519 4160 593 4223 lat
633 4161 908 4231 tantisque
953 4159 1205 4224 laudibus
1244 4159 1404 4222 tollit,
1439 4166 1496 4212 ut
1527 4157 1700 4227 ipsius
1729 4156 2148 4222 commendatio,
2211 4157 2313 4212 etsi
2349 4163 2567 4211 taceant
2595 4155 2799 4220 caeteri,
2831 4153 3140 4208 Grecorum
3176 4151 3418 4203 omnium
3447 4147 3617 4202 instar
3647 4161 3769 4202 esse

519 4257 709 4334 possit.
745 4256 878 4312 Cum
911 4264 1091 4310 autem
1124 4271 1269 4320 anno
1302 4254 1405 4308 584
1433 4253 1702 4325 synodum
1736 4254 2118 4322 epiSt-Opornm
2147 4259 2337 4306 contra
2374 4249 2797 4306 Macedonianos
2832 4245 3364 4314 ConstantinOpolim
3408 4248 3764 4297 convocasset

517 4349 858 4414 Theodosius
888 4353 1204 4422 imperator,
1240 4351 1630 4419 decretumque
1662 4357 1806 4404 esset
1838 4356 1896 4402 ut
1925 4349 2108 4403 nullus
2141 4349 2432 4417 episc0pus
2472 4347 2662 4402 relicta
2689 4359 2789 4401 sua
2821 4343 3046 4399 dioecesi
3071 4340 3138 4394 ad
3171 4341 3377 4394 alienas
3413 4339 3760 4406 demigraret,

517 4452 647 4506 tunc
685 4442 989 4513 dispertitis
1035 4460 1130 4513 per
1173 4444 1486 4524 provincias
1533 4425 1812 4507 Ecclesiis,
1861 4443 2109 4497 Caesarea
2160 4450 2281 4512 post
2317 4441 2636 4496 defunctum
2683 4439 2968 4506 Basilium,
3017 4435 3238 4491 obvenit
3284 4434 3438 4487 ftatri
3481 4429 3760 4524 Gregorio.

515 4536 702 4608 Nyssa:
726 4538 878 4606 prius
901 4522 1188 4613 episc0po,
1219 4550 1278 4597 ut
1303 4542 1494 4596 scribit
1532 4539 1787 4595 Socrates
1817 4539 1940 4592 libr.
1975 4556 2024 4602 v,
2065 4553 2184 4608 cap.
2216 4538 2270 4592 8.
2306 4537 2403 4593 llic
2438 4537 2628 4592 habuit
2660 4551 2910 4600 uxorem,
2944 4542 3004 4587 ut
3032 4533 3274 4586 historia:
3305 4529 3578 4581 mandant
3603 4522 3762 4576 Nice-

517 4629 722 4698 phorus
751 4629 843 4695 lib,
885 4645 960 4692 xu,
996 4644 1117 4708 cap.
1151 4614 1240 4684 Ἀθ.
1289 4630 1442 4702 Quod
1472 4643 1652 4687 tamen
1705 4631 1792 4685 vix
1835 4631 2053 4701 probari
2097 4631 2288 4698 possit,
2323 4637 2383 4684 ut
2421 4629 2588 4701 aliqui
2623 4635 2870 4692 censent,
2917 4642 2982 4680 ex
3033 4620 3362 4677 Nazianzeni
3412 4618 3657 4673 oraliollc
3695 4616 3766 4671 de

516 4724 768 4788 laudibus
792 4721 1000 4799 Basilii;
1027 4739 1151 4777 nam
1176 4740 1300 4778 cum
1331 4733 1582 4793 parentes
1628 4738 1734 4780 tam
1769 4727 1997 4805 egregiae
2036 4724 2241 4780 sobolis
2285 4727 2663 4798 procreatione
2695 4723 2909 4778 nobiles
2946 4721 3112 4775 fuisse
3147 4717 3402 4777 ostendit.
3439 4712 3515 4779 ld,
3567 4713 3762 4782 inquit,

513 4823 855 4880 demonstrat
883 4824 1078 4889 beatus
1114 4823 1460 4884 sacerdotum
1506 4833 1559 4883 et
1587 4824 1855 4892 virginum
1893 4838 2174 4889 numerus,
2215 4830 2268 4877 et
2301 4837 2490 4880 eorum
2523 4821 2615 4889 qui
2649 4820 2703 4873 in
2745 4820 2853 4872 vita
2890 4817 3176 4886 conjugata
3211 4814 3484 4872 vixerunt,
3519 4817 3627 4864 etc.
3662 4809 3761 4862 Sa-

513 4921 760 4979 cerdotes
787 4921 977 4992 procul
1008 4920 1176 4980 dubio
1215 4919 1434 4984 inerunt
1460 4919 1716 4986 Basilius,
1748 4919 2062 4990 Gregorius,
2094 4929 2148 4976 et
2185 4919 2380 4973 Petrus
2420 4916 2662 4972 Sebastte
2701 4915 3015 4984 episcopus,
3052 4923 3211 4981 quem
3254 4907 3485 4962 Basilius
3517 4907 3634 4976 ipse
3670 4917 3763 4960 sa-

511 5016 623 5070 cris
652 5014 910 5086 initiavit,
943 5022 996 5070 et
1021 5014 1086 5081 ad
1121 5014 1440 5086 presbyterii
1476 5014 1796 5085 dignitatem
1834 5017 2109 5085 provexit;
2149 5031 2306 5070 soror
2341 5024 2517 5070 autem
2555 5012 2793 5066 Macrina
2827 5021 2879 5064 et
2921 5007 3241 5061 Naucrntius
3274 5004 3440 5058 frater
3468 5005 3631 5055 vitam
3666 5012 3756 5054 so-

512 5109 547 5164 li
577 5108 747 5160 ariam
801 5116 855 5162 ct
899 5085 1114 5177 inopem
1156 5115 1283 5161 sunt
1335 5107 1625 5175 complexi.
1669 5115 1726 5159 ut
1775 5107 1840 5160 de
1886 5109 1989 5160 vita
2033 5109 2282 5160 Macrina:
2315 5105 2561 5159 continet
2591 5103 2840 5172 epistola,
2881 5117 3001 5170 qua:
3046 5096 3291 5168 Nysseno
3338 5095 3575 5165 ascripta
3617 5093 3757 5145 inter

509 5213 826 5262 sanctorum
863 5206 1124 5268 historias
1164 5220 1258 5275 per
1292 5204 1512 5259 Surium
1557 5214 1845 5274 congestas
1893 5205 1958 5258 ad
1995 5205 2134 5257 diem
2194 5203 2260 5258 l9
2301 5201 2430 5256 Julii
2477 5202 2673 5270 legitur
2721 5213 2942 5260 excusa.
2995 5212 3059 5249 ex
3117 5193 3569 5264 interpretatione
3609 5188 3751 5242 Petri

512 5301 788 5357 Francisci
819 5301 969 5368 lini;
999 5301 1093 5360 sed
1126 5303 1266 5356 inter
1296 5301 1418 5359 illos
1450 5301 1542 5368 qui
1573 5301 1810 5368 virgines
1839 5308 1892 5353 et
1921 5308 2168 5354 exsortes
2198 5298 2434 5366 conjugii
2462 5294 2844 5354 remanserint.
2867 5299 2960 5345 aut
2982 5308 3046 5347 ex
3082 5291 3295 5345 cazteris
3321 5288 3526 5360 (decem
3557 5287 3755 5357 quippe

512 5394 687 5459 liberi,
720 5395 766 5450 si
800 5394 932 5452 ﬁdes
962 5395 1036 5448 illi
1071 5394 1345 5455 tribuatur
1374 5394 1640 5463 epistolaz,
1679 5393 1872 5447 iisdem
1907 5393 2225 5461 parentibus
2257 5390 2367 5444 nati
2406 5388 2553 5458 sunt)
2581 5388 2671 5457 qni
2707 5386 3113 5440 matrimonium
3147 5384 3435 5444 coluerint.
3479 5395 3585 5434 non
3621 5377 3753 5433 satis

508 5490 638 5552 hinc
665 5489 872 5561 liquido
904 5497 1135 5545 constat.
1170 5489 1288 5558 Ipse
1320 5504 1450 5543 vero
1479 5488 1781 5558 Gregorius
1811 5489 1862 5541 in
1891 5489 2031 5542 lthrn
2063 5501 2223 5556 quem
2256 5485 2331 5539 De
2362 5483 2657 5554 virginitate
2701 5481 2968 5551 Scriptum
3005 5480 3245 5550 reliquit,
3274 5477 3487 5540 videtur
3515 5471 3752 5555 apertius

578 5649 652 5728 (α)
680 5648 801 5704 Hzec
824 5649 1066 5720 praelatio
1094 5647 1299 5712 Latinis
1330 5648 1658 5718 editionibus
1689 5645 1916 5718 Nysseni
1956 5646 2218 5717 hactenus
2253 5653 2332 5701 est
2358 5643 2592 5736 prahxa.
