4106 6208
333 269 405 324 57
1737 266 1954 326 PBICFr

1978 271 2124 326 .Tto.
2943 243 2956 250 ’
3427 341 3431 350 ⁴
3527 266 3599 320 ss

335 393 577 446 irinum
622 397 682 440 se
711 381 1024 454 conjugetn,
1054 395 1164 436 non
1199 382 1442 438 caelibem
1478 384 1667 450 fuisse,
1715 402 1838 441 cum
1874 388 1950 442 ait
1978 403 2099 458 cap.
2132 390 2166 444 5
2197 406 2212 444 :
2242 383 2400 443 Nunc
2432 386 2558 440 mihi
2595 386 2931 457 virgtnalium
2959 386 3176 440 landum
3205 388 3433 457 cognitio
3461 402 3593 458 qua-

337 479 626 533 darnmodo
665 476 841 529 inanis
880 483 958 528 est
996 490 1059 526 ac
1096 475 1311 528 minime
1352 475 1652 543 fructuosa,
1693 488 1802 533 etc.
1842 478 1947 531 Sed
1978 489 2096 534 esto
2133 480 2514 534 connubialcm
2550 480 2717 532 vitam
2753 479 2824 533 sit
2849 479 3148 547 amplexus,
3187 480 3289 548 ipsi
3321 487 3502 534 tamen
3529 495 3594 534 ea

340 567 554 624 vivendi
588 566 732 619 ratio
763 565 900 618 nihil
934 563 1306 633 impedimenti
1349 568 1547 631 attulit,
1581 568 1876 637 quominus
1904 579 2127 624 strenue
2157 585 2255 640 pro
2285 569 2556 624 catholica
2590 569 2693 622 lide
2719 568 3024 630 decertans,
3060 569 3126 622 ad
3162 585 3344 638 parem
3378 570 3598 625 virtutis

337 662 567 734 gloriam
598 659 881 728 aspirarit.
925 656 1060 712 Nam
1090 670 1147 712 ut
1181 675 1278 728 per
1313 658 1587 716 Ecclesias
1615 663 1882 717 huzreticaa
1910 665 2193 732 pravitatis
2223 665 2474 718 tenebras
2503 665 2618 717 suis
2640 662 3001 716 coneionibus
3029 661 3347 725 discuteret,
3381 662 3596 716 lumen-

333 769 442 824 que
479 751 734 807 veritatis
779 750 1093 805 hominibus
1138 753 1297 820 quasi
1337 754 1677 822 praeluceret,
1713 755 1934 810 crebras
1976 755 2443 824 peregrinationes
2491 756 2751 823 suscepit,
2797 754 3026 821 viasque
3055 753 3304 806 dilliciles
3334 753 3592 806 confecit.

331 845 486 910 Quas
514 859 642 898 cum
681 858 824 914 aegre
851 841 1037 904 ferret,
1067 850 1120 897 et
1155 858 1308 896 suam
1338 843 1482 896 velut
1513 844 1936 896 inconstantiam
1978 853 2317 913 quereretur,
2348 843 2726 896 Nazianzenus
2762 842 2992 911 epistola
3035 841 3104 896 54
3139 842 3454 896 consolatus
3485 850 3589 899 est.

331 945 386 988 et
413 933 483 986 ad
510 934 653 988 bene
683 933 752 988 de
783 933 970 988 multis
1003 934 1339 994 merendmn,
1373 946 1536 1003 atque
1563 935 1788 1004 gratiam
1817 950 1847 988 a
1893 934 2000 989 Deo
2031 935 2357 1005 sperandam
2395 935 2590 989 erexit.
2624 935 2742 999 Quo
2776 935 3011 1002 denique
3055 947 3202 986 anno
3228 931 3530 987 decesserit
3563 947 3595 984 e

337 1028 477 1083 vivis
511 1036 568 1080 et
602 1028 877 1096 posterior
911 1027 1110 1082 Basilio
1143 1028 1224 1099 (ut
1257 1037 1488 1084 testatur
1532 1027 1784 1085 Socrates
1819 1030 1912 1084 lib.
1963 1048 2042 1094 ιιι,
2085 1046 2200 1101 cap.
2249 1033 2302 1094 8,
2348 1031 2509 1100 idque
2556 1030 2907 1084 manifestum
2955 1028 3133 1084 reddit
3166 1027 3490 1083 Nazianzeni
3524 1027 3592 1081 ad

342 1121 654 1192 Nyssenum
687 1123 758 1176 37
785 1123 1012 1192 epistola
1057 1125 1420 1178 consolatoria
1454 1123 1520 1178 de
1563 1132 1736 1178 morte
1770 1122 1977 1195 fratris)
2021 1142 2129 1179 non
2162 1133 2378 1180 constat
2418 1141 2483 1178 ex
2524 1125 2804 1188 historiis;
2854 1123 2947 1178 sed
2995 1123 3112 1192 ipse
3139 1124 3322 1176 multis
3353 1122 3408 1176 in
3461 1120 3594 1176 locis

333 1212 585 1265 meminit
616 1227 678 1266 se
701 1213 812 1280 jam
840 1212 1097 1283 grandem
1133 1224 1262 1268 natu
1295 1223 1348 1269 et
1396 1231 1581 1269 senem
1613 1217 1874 1280 scribere,
1906 1217 2140 1270 maxime
2174 1217 2229 1269 in
2278 1217 2508 1286 epistola
2540 1215 2614 1268 De
2649 1215 2972 1284 professione
3012 1213 3340 1279 Christiana,
3379 1214 3433 1266 in
3464 1213 3590 1265 libr.

333 1308 410 1360 De
434 1309 740 1377 virginitate
768 1325 887 1379 cap.
923 1310 1142 1375 ultimo;
1178 1323 1230 1364 et
1260 1327 1313 1364 tn
1340 1319 1584 1365 oratione
1613 1326 1775 1380 quam
1815 1311 1888 1365 De
1918 1311 2236 1380 infantibus,
2273 1312 2362 1380 qui
2388 1327 2452 1364 ea:
2481 1319 2627 1365 utero
2660 1319 2980 1380 praemature
3011 1309 3368 1376 abripiuntur,
3399 1305 3589 1370 edidit,

330 1403 583 1471 aliasque
617 1418 762 1473 saepe
791 1415 1130 1458 senectutem
1163 1422 1318 1460 suam
1349 1415 1598 1460 excusat.
1632 1405 1746 1460 Hoc
1779 1406 2121 1461 solummodo
2153 1406 2219 1460 de
2251 1405 2372 1474 ejus
2406 1407 2626 1458 interitu
2663 1406 2743 1460 sic
2767 1412 2990 1459 notatur
3022 1403 3074 1456 iu
3125 1401 3354 1456 Usuardi
3389 1399 3590 1469 Marty-

331 1497 546 1566 rologio
579 1497 649 1550 ad
678 1497 823 1551 diem
868 1513 923 1551 Ix
955 1498 1127 1552 Martii
1160 1517 1173 1553 :
1209 1499 1362 1568 Apud
1411 1498 1669 1554 Nicenam
1718 1501 1978 1554 civitatem
2030 1499 2283 1565 depositio
2315 1501 2375 1555 S.
2407 1499 2646 1571 Gregorii
2687 1501 2936 1570 episcopi,
2984 1499 3170 1567 fratris
3220 1497 3356 1550 beati
3399 1496 3591 1550 Basilii

329 1589 702 1654 Cwsariensis,
744 1601 853 1644 tam
891 1595 997 1646 vita
1031 1610 1187 1663 quant
1232 1595 1530 1664 eloquentia
1575 1595 1876 1650 clarissimi.
1935 1597 2112 1664 Atque
2152 1597 2265 1650 haec
2307 1595 2526 1664 quidem
2562 1594 2712 1649 brevi
2753 1594 2898 1648 dicta
2937 1592 3205 1649 sulliciant
3235 1590 3302 1645 de
3328 1589 3591 1659 Gregorio

328 1683 603 1755 Nysseno,
638 1687 706 1741 de
739 1684 900 1753 cujus
928 1686 1182 1742 laudibus
1206 1688 1381 1759 elogia
1413 1699 1655 1744 veterum
1688 1700 1872 1758 postea
1904 1689 2085 1746 fusius
2115 1690 2496 1758 subjiciemus.

407 1796 533 1851 Jam
565 1813 695 1854 vero
722 1799 974 1868 quoniam
1005 1801 1306 1854 naturalem
1335 1809 1388 1855 et
1413 1802 1706 1871 legitimum
1738 1802 1984 1856 ordinem
2015 1818 2126 1872 quo
2151 1802 2384 1870 quisque
2408 1801 2669 1854 librorum
2701 1798 2938 1866 scriptus
2963 1805 3065 1862 est,
3095 1811 3203 1850 non
3239 1796 3511 1865 potuimus
3533 1795 3589 1851 in

334 1888 448 1942 hac
471 1889 708 1944 editione
733 1895 899 1960 sequi,
940 1891 1278 1946 artiﬁcialem
1319 1893 1653 1948 instituimus
1679 1911 1691 1947 :
1715 1909 1908 1963 nempe
1937 1901 1992 1946 ιιι
2031 1893 2266 1962 priorem
2301 1893 2482 1945 locum
2519 1890 2847 1945 sortirentur
2870 1905 2932 1943 ea
2964 1905 3084 1958 qua:
3109 1891 3174 1942 ad
3198 1887 3367 1944 Vetus
3391 1887 3587 1942 Testa-

343 1993 602 2038 mentum
637 1983 820 2038 referri
846 2001 998 2055 posse
1028 1986 1388 2048 videbantur;
1414 1988 1611 2043 deinde
1637 2003 1758 2058 qua:
1791 1987 1857 2041 ad
1889 1987 2170 2057 religionis
2206 1985 2532 2041 Christiana:
2556 1985 2979 2046 institutionem,
3014 1981 3267 2044 formant,
3297 1989 3350 2034 et
3379 1980 3589 2051 proles-

346 2080 563 2134 sionem
584 2088 838 2149 spectant,
865 2089 918 2134 et
949 2081 1004 2135 in
1029 2082 1231 2151 quibus
1255 2083 1462 2153 aliquot
1508 2085 1838 2154 evangelicae
1863 2084 2131 2138 doctrina:
2168 2082 2483 2137 testimonia
2518 2087 2848 2142 tractantur,
2889 2077 3191 2133 secundum
3227 2077 3406 2130 locum
3443 2073 3587 2128 obti-

341 2182 558 2236 nerent,
587 2185 767 2243 postea
794 2176 1154 2232 concionibus
1183 2179 1464 2233 nonnullis
1497 2180 1564 2233 ad
1597 2179 1852 2235 Ecclesia:
1878 2177 2335 2233 consuetudinem
2364 2192 2462 2246 pro
2501 2176 2714 2229 ratione
2745 2183 2799 2229 et
2827 2173 2970 2229 serie
3006 2172 3270 2227 festorum
3305 2169 3588 2240 dispositis

333 2267 616 2321 orationes
651 2267 909 2322 funebres
933 2269 1000 2323 de
1026 2269 1278 2324 laudibus
1305 2272 1667 2341 quorumdam
1703 2278 2018 2327 Sanctorum
2051 2271 2373 2340 adjecimus.
2400 2269 2466 2322 Et
2495 2269 2597 2324 hoc
2636 2267 2704 2322 de
2736 2266 3007 2321 universis
3029 2264 3147 2334 ejus
3175 2264 3416 2318 doctoris
3454 2278 3586 2333 ope-

330 2360 489 2415 ribus
514 2362 858 2430 przemissum
890 2363 983 2417 sit.
1016 2363 1091 2420 De
1115 2365 1346 2435 singulis
1373 2375 1553 2421 autem
1591 2366 1839 2436 pluribus
1875 2374 2110 2421 tractare
2144 2380 2251 2422 non
2285 2365 2560 2430 convenit,
2603 2365 2698 2420 sed
2737 2363 3002 2434 quidquid
3044 2361 3112 2417 de
3153 2360 3426 2431 aliquibus
3468 2372 3584 2414 mo-

325 2453 575 2506 nendum
609 2453 769 2508 nobis
800 2463 1076 2521 occurret,
1117 2457 1308 2526 paucis
1346 2457 1433 2512 hic
1462 2457 1744 2513 addemus.

407 2569 580 2638 Igitur
609 2579 837 2641 rogante
873 2571 1038 2627 fratre
1075 2588 1176 2630 suo
1205 2573 1368 2630 Petro
1400 2573 1643 2631 Sebastae
1670 2577 1924 2647 episcopo
1956 2573 2193 2630 confecit
2225 2574 2424 2629 librum
2456 2575 2508 2627 in
2544 2575 2912 2639 Itexaenteron,
2941 2587 3100 2644 quem
3132 2572 3362 2626 allirmat
3391 2569 3587 2626 Socrao

327 2673 417 2718 tes
444 2665 570 2720 hbr.
597 2683 668 2730 tv,
691 2682 812 2737 cap.
844 2667 936 2733 2|,
962 2683 993 2721 a
1026 2667 1225 2723 Basilio
1243 2679 1420 2725 morte
1443 2670 1808 2742 praaveniente
1828 2668 2210 2741 imperfectum
2241 2685 2362 2724 esse
2391 2669 2664 2723 relictum.
2690 2669 2824 2721 Eum
2847 2682 2945 2722 nos
2971 2666 3144 2736 primo
3170 2666 3290 2720 loco
3315 2680 3378 2719 ex
3407 2674 3586 2720 trans-

330 2759 536 2814 latione
569 2760 690 2814 Zini
733 2762 1042 2832 prazcedere
1086 2750 1405 2821 voluimus:
1455 2767 1598 2836 quod
1645 2782 1710 2821 eo
1757 2766 1898 2820 libro
1924 2765 2000 2820 De
2025 2782 2174 2835 opere
2211 2780 2303 2819 sea:
2341 2765 2544 2818 dierum
2578 2765 2632 2817 itt
2662 2763 2907 2817 ordinem
2956 2777 3020 2816 ac
3064 2761 3413 2816 concordiam
3465 2774 3585 2830 qua

326 2853 398 2906 de
432 2854 620 2907 mundi
655 2857 1034 2924 procreatione
1059 2858 1237 2928 primo
1277 2861 1497 2930 quidem
1528 2869 1750 2932 aspectu
1779 2859 1976 2916 dill‘usa
2005 2871 2059 2915 et
2091 2861 2234 2915 inter
2261 2875 2320 2914 se
2352 2858 2628 2913 contraria
2662 2857 2936 2918 videntur,
2969 2856 3374 2910 accommodate
3398 2854 3582 2924 dispo-

325 2951 449 3005 nat,
480 2945 770 3018 ipsumque
799 2947 1038 3021 Moysent
1070 2952 1280 3024 sibiipsi
1316 2955 1747 3010 consentientem
1780 2965 1834 3010 et
1872 2964 2212 3010 constantem
2248 2955 2526 3026 eleganter
2568 2952 2840 3008 ostendat.
2874 2950 3075 3005 Verum
3105 2952 3231 3021 quia
3263 2951 3316 3004 iu
3346 2967 3412 3005 eo
3435 2966 3585 3006 com-

326 3041 671 3094 mentariolo
703 3044 884 3098 mundi
917 3042 1188 3100 fabricam
1216 3047 1288 3102 ita
1322 3051 1748 3123 contemplatur,
1777 3061 1836 3106 ut
1861 3052 2170 3106 naturalem
2199 3047 2585 3103 tantummodo
2607 3054 2660 3101 et
2692 3046 2941 3100 historia:
2973 3052 3373 3115 congruentem
3411 3043 3466 3097 iu
3498 3057 3585 3097 rc-

326 3129 439 3184 bus
468 3132 670 3188 creatis
720 3135 968 3190 ordinem
1005 3137 1268 3208 explicet,
1325 3139 1456 3195 huic
1491 3143 1759 3196 continuo
1794 3143 1933 3199 duas
1971 3143 2362 3212 subjunximus
2411 3140 2696 3194 orationes
2743 3138 2799 3191 in
2841 3136 3083 3191 hominis
3137 3135 3578 3204 procreationem

325 3225 629 3278 admodum
677 3228 797 3296 pias
844 3236 897 3283 et
939 3230 1238 3300 elegantes,
1289 3250 1424 3305 quw,
1477 3235 1651 3305 inquit
1704 3235 1874 3291 Zinus
1918 3238 2012 3307 qui
2061 3237 2260 3290 latinas
2302 3235 2451 3296 fecit,
2495 3234 2614 3287 licet
2645 3231 2708 3285 ab
2741 3229 2972 3300 ejusdem
3008 3229 3266 3294 auctoris,
3320 3235 3369 3280 et
3415 3227 3581 3278 multo

326 3319 489 3372 etiam
522 3322 690 3390 magis
739 3341 772 3375 a
820 3322 1012 3378 Basilii
1042 3327 1240 3396 magni,
1274 3328 1361 3380 cui
1411 3346 1442 3381 a
1484 3331 1796 3399 quibusdam
1842 3331 1982 3400 falso
2017 3330 2302 3384 attributas
2351 3329 2530 3389 audio,
2593 3326 2894 3396 (intelligit
2949 3324 3185 3378 fortasse
3225 3320 3579 3375 Godelridum

328 3415 709 3479 Tilmannum,
739 3417 833 3486 qui
870 3433 964 3474 eas
1013 3413 1156 3474 inter
1195 3420 1444 3490 ejusdem
1483 3422 1670 3478 Basilii
1714 3440 1881 3494 opera
1913 3425 2223 3485 transtulit,
2279 3432 2334 3477 et
2366 3439 2465 3493 pro
2496 3423 2618 3476 loco
2667 3419 2991 3490 paraphrasi
3038 3417 3274 3486 dill'udit)
3322 3415 3582 3470 scribendi

327 3506 708 3558 consuetudine
751 3507 930 3561 abesse
972 3509 1267 3578 videantur,
1301 3513 1680 3582 antiquissima:
1713 3524 1886 3568 tamen
1930 3523 2070 3580 sunt,
2124 3523 2216 3568 aut
2266 3515 2330 3569 ab
2379 3515 2489 3581 ipso
2525 3511 2772 3581 Gregorio
2820 3510 2992 3564 adhuc
3033 3509 3222 3577 juvene
3266 3508 3399 3575 forte
3434 3521 3578 3559 com-

327 3600 572 3666 posita,.
597 3609 871 3668 antequam
917 3601 1367 3658 absolutissimum
1424 3605 1616 3660 librum
1663 3607 1739 3664 De
1768 3609 2001 3662 hominis
2031 3608 2248 3678 Opilicio
2295 3608 2694 3675 pra’scripsisscl
2718 3623 2736 3660 :
2763 3613 2856 3658 aut
2891 3604 2956 3658 ab
2987 3605 3163 3673 aliquo
3191 3603 3421 3671 ejusdem
3450 3611 3582 3654 aeta-

335 3695 410 3748 tis
455 3695 565 3746 uiro
610 3704 716 3747 tam
763 3697 845 3764 pio
892 3707 1000 3750 tum
1049 3698 1262 3753 minime
1307 3700 1538 3756 indocto.
1583 3700 1695 3758 Nos
1733 3713 1910 3758 tamen
1957 3703 2289 3772 conjicimus
2325 3718 2391 3756 ex
2439 3702 2629 3771 primae
2663 3700 2931 3754 orationis
2968 3700 3148 3763 initio,
3201 3700 3288 3752 tlbi
3318 3696 3579 3768 scriptum

331 3791 543 3860 legitur
579 3807 594 3844 :
627 3787 873 3858 Iniquum
904 3802 1040 3845 esset
1077 3809 1193 3846 cum
1221 3810 1282 3847 ea
1314 3811 1432 3865 quia
1462 3797 1530 3849 ad
1562 3797 1706 3866 feras
1732 3807 1841 3851 tum
1877 3807 2143 3862 natantes,
2195 3807 2306 3849 tum
2337 3795 2658 3866 gradientes,
2695 3804 2805 3847 tum
2847 3795 3103 3855 volantes,
3133 3810 3348 3863 quicque
3373 3794 3440 3846 ad
3479 3808 3580 3844 ca:-

327 3888 443 3940 lttm
479 3883 550 3937 ad
579 3900 742 3956 eaque
761 3902 879 3943 ante
906 3886 960 3938 in
989 3888 1116 3941 caelo
1146 3901 1290 3951 sunt,
1321 3906 1535 3960 qumque
1573 3891 1642 3945 ad
1673 3903 1871 3946 terram
1911 3902 1959 3948 et
1993 3893 2062 3946 ad
2093 3909 2154 3946 ea
2187 3907 2302 3962 qua:
2330 3901 2449 3944 sunt
2502 3892 2554 3941 in
2586 3899 2728 3942 terra
2769 3891 3051 3957 pertinent,
3084 3890 3448 3952 didicerimus,
3470 3899 3576 3942 etc.

324 3975 548 4030 easdem
578 3989 690 4028 non
715 3989 839 4029 esse
866 3973 1115 4049 Gregorii
1141 3980 1318 4034 nostri
1352 3999 1366 4034 :
1403 3996 1582 4052 neque
1622 3985 1766 4038 enim
1800 3984 1868 4038 de
1899 3985 2049 4039 hisce
2072 3983 2350 4044 tractavit,
2379 3981 2472 4036 sed
2503 3979 2739 4035 Basilius
2776 3981 2832 4035 iu
2872 3980 3222 4034 llexaemero.
3254 3980 3439 4034 Ambae
3483 3997 3580 4034 att-

325 4085 435 4130 tem
466 4074 511 4128 si
538 4089 648 4128 non
678 4074 874 4129 habitae
903 4075 967 4127 ad
1002 4075 1289 4144 populum,
1318 4084 1498 4131 tamen
1529 4078 1750 4147 scripta
1779 4078 1928 4134 domi
1959 4087 2014 4134 et
2041 4093 2232 4134 coram
2265 4077 2508 4133 recitatae
2537 4076 2814 4131 videntur.
2850 4074 2958 4130 Sed
2986 4075 3054 4130 de
3084 4075 3171 4130 his
3205 4079 3434 4130 aliorum
3461 4089 3577 4129 esto

320 4166 617 4235 judicium.
651 4164 819 4220 Liber
848 4167 939 4220 ille
968 4166 1043 4222 De
1072 4167 1297 4222 hominis
1343 4169 1555 4239 opiﬁcio
1630 4187 1786 4242 quem
1817 4171 2028 4227 Latinis
2058 4172 2290 4240 auribus
2331 4169 2485 4225 dedit
2511 4169 2750 4224 Joannes
2778 4167 3166 4232 Lcunclavius,
3197 4168 3573 4222 admirandum

322 4273 464 4325 opus
493 4272 522 4310 a
557 4255 729 4310 Suida
759 4266 1010 4312 vocatur.
1043 4259 1140 4315 llic
1167 4263 1212 4316 si
1253 4263 1464 4319 ordinis
1497 4266 1660 4324 ratio.
1707 4281 1818 4336 quo
1860 4267 2101 4336 scriptus
2133 4273 2241 4330 est,
2293 4271 2582 4334 sequatur,
2616 4264 2776 4317 debet
2830 4263 3158 4330 prazccdere.
3206 4261 3362 4322 Nam,
3401 4261 3576 4328 inquit

323 4343 609 4414 Nyssenus
641 4346 696 4400 in
728 4345 1074 4411 Hexaemero.
1109 4351 1306 4406 librum
1340 4353 1416 4408 De
1448 4354 1672 4410 [caminis
1709 4357 1918 4426 opiﬁcio
1950 4366 2077 4412 ante
2113 4357 2258 4411 hunc
2294 4355 2564 4408 misimus.
2598 4351 2695 4404 llic
2728 4351 2964 4421 primum
3009 4351 3205 4405 damus
3239 4366 3303 4403 ex
3339 4352 3574 4405 transla-

320 4439 477 4492 tione
501 4437 760 4493 Gentiani
797 4437 1013 4494 Herveti
1059 4443 1356 4498 conciones
1405 4452 1531 4499 octo
1581 4447 1634 4500 in
1685 4445 2064 4508 Ecclesiasten.
2114 4447 2168 4500 in
2215 4459 2445 4515 quarum
2483 4442 2664 4512 priore
2703 4439 2889 4494 statim
2936 4441 2991 4494 in
3023 4439 3213 4494 limine
3256 4448 3490 4495 testatur
3517 4457 3575 4496 se

322 4531 494 4583 etiam
521 4533 576 4581 in
634 4527 932 4583 Proverbia
966 4530 1279 4600 scripsisse,
1315 4534 1464 4604 ‘dum
1495 4537 1575 4590 sic
1598 4537 1675 4590 ait
1724 4556 1736 4590 :
1789 4537 1923 4592 Cum
1972 4554 2125 4592 sensa
2162 4535 2568 4590 Praterbiorum
2621 4528 2738 4599 jam
2775 4541 2997 4586 mentem
3037 4533 3184 4599 prius
3231 4535 3572 4594 exercuerim,

321 4639 549 4691 quorum
581 4623 821 4675 obscurae
837 4631 957 4674 sunt
979 4624 1311 4691 rationes,ad
1333 4625 1467 4680 hanc
1497 4626 1848 4694 Scripturam,
1874 4646 1989 4700 qua:
2025 4645 2137 4682 vere
2189 4637 2265 4681 est
2291 4628 2521 4687 excelsa,
2571 4626 2784 4680 exsistit
2825 4641 3099 4679 ascensus.
3144 4625 3248 4679 Sed
3287 4626 3397 4680 haec
3426 4641 3575 4681 com-

326 4713 593 4766 mentatio
615 4713 859 4765 nondum
891 4714 1111 4768 venitin
1144 4717 1441 4786 publicum.
1476 4718 1736 4775 llomilias
1768 4730 1946 4776 autent
1984 4721 2290 4791 quindecim
2346 4720 2398 4772 in
2442 4718 2663 4774 Cantica
2691 4719 3023 4772 canticorum
3077 4719 3244 4772 meris
3270 4720 3573 4788 aenigmati-

323 4803 444 4857 bus
473 4803 673 4870 plenas,
703 4803 900 4871 partim
924 4819 990 4857 ex
1014 4803 1202 4860 eadem
1235 4805 1448 4862 llerveti
1485 4812 1864 4875 translatione,
1911 4827 2032 4882 quae
2057 4812 2187 4864 viris
2221 4810 2399 4866 doctis
2426 4810 2616 4882 purior
2645 4819 2699 4865 et
2737 4809 2952 4863 facilior
3002 4808 3116 4862 visa
3149 4817 3255 4870 est,
3308 4812 3574 4878 oppressi-

322 4909 498 4958 mus;
531 4895 661 4950 alias
694 4911 886 4965 nempe
922 4906 1162 4966 quatuor
1199 4909 1505 4970 postremas
1535 4921 1823 4974 quousque
1857 4903 2073 4960 lierveti
2107 4905 2438 4976 procedebat
2476 4903 2776 4974 exemplar,
2808 4918 2876 4958 ex
2903 4901 3357 4970 interpretatione
3394 4900 3573 4956 Lenn-

321 4982 502 5039 clavii
550 4985 957 5052 complevimus.
1003 4985 1062 5041 In
1098 4987 1205 5044 ﬁne
1259 4990 1618 5061 praelationis,
1661 5011 1823 5065 quam
1863 4996 2056 5052 iisdem
2092 4996 2332 5051 homiliis
2373 4995 2496 5066 ipse
2548 4994 2848 5064 Gregorius
2880 4991 3143 5062 praefecit,
3195 4993 3370 5047 reddit
3405 4996 3574 5047 tatio-

319 5092 455 5132 nem
484 5076 746 5131 institutte
777 5081 1282 5150 contmentationis,
1316 5085 1406 5138 ubi
1454 5086 1524 5140 ita
1557 5087 1832 5156 loquitur:
1864 5087 1986 5142 Non
2026 5101 2104 5142 est
2142 5089 2228 5141 Itic
2267 5087 2398 5140 liber
2431 5104 2464 5140 a
2514 5103 2592 5140 me
2631 5087 2857 5152 scriptus
2906 5083 2974 5137 ad
3017 5084 3454 5151 ostentationem;
3482 5086 3573 5140 sed

315 5167 581 5237 quoniam
612 5168 776 5221 multa
816 5184 881 5222 ea:
912 5171 976 5223 iis
1021 5187 1138 5240 qua:
1170 5173 1225 5226 in
1260 5173 1513 5230 Ecclesiis
1541 5177 1682 5231 dicta
1714 5190 1858 5244 sunt,
1889 5180 2103 5249 quidam
2133 5195 2196 5233 ea:
2230 5181 2294 5232 iis
2319 5179 2408 5250 qui
2431 5177 2698 5232 nobiscum
2729 5183 3025 5238 versantur,
3051 5174 3398 5242 adnotarunt,
3430 5194 3492 5230 ea
3518 5180 3572 5232 in

317 5258 556 5326 formam
589 5257 929 5312 homiliarum
948 5264 1192 5316 enarravi
1229 5265 1280 5318 in
1312 5265 1492 5319 diebus
1508 5267 1876 5336 jejuniorunt:
1908 5269 1961 5322 in
1989 5269 2068 5322 Itis
2085 5271 2224 5322 enim
2253 5269 2337 5322 hic
2369 5269 2499 5321 liber
2536 5266 2604 5319 ad
2633 5282 2787 5318 aures
2813 5264 2994 5332 populi
3023 5281 3054 5316 α
3084 5265 3234 5319 nobis
3266 5268 3368 5333 [uit
3393 5269 3573 5322 elabo-

317 5360 498 5404 ratus.
533 5348 780 5422 Singulis
818 5362 999 5409 autem
1031 5356 1229 5412 diebus
1260 5359 1505 5429 singulas
1553 5363 1832 5418 orationes
1871 5364 2310 5418 recitavitznam
2366 5362 2588 5416 tertiam
2626 5361 2759 5415 dicit
2803 5374 2925 5414 esse
2967 5358 3071 5412 diei
3107 5361 3277 5426 tertii,
3313 5370 3365 5414 et
3394 5361 3472 5415 sic
3503 5361 3570 5414 de

320 5440 575 5508 reliquis.
605 5440 872 5513 Sequitur
892 5447 1300 5518 elegantissima
1340 5452 1538 5514 oratio,
1590 5467 1695 5521 qua
1727 5452 2024 5507 Christiani
2057 5453 2296 5507 hominis
2327 5451 2563 5507 formula
2610 5449 2846 5504 traditur
2879 5468 2891 5503 :
2920 5450 3157 5519 idipsum
3192 5467 3410 5520 quoque
3437 5466 3565 5516 pro-

318 5530 502 5585 fertur
525 5532 579 5588 in
611 5533 753 5589 libro
784 5536 857 5591 De
891 5539 998 5593 vita
1034 5539 1229 5601 illosis,
1281 5557 1439 5610 quem
1468 5541 1764 5598 Latinitate
1789 5545 2009 5600 donavit
2048 5544 2470 5615 Trapezuntius.
2535 5541 2685 5595 Illam
2720 5557 2933 5597 veroex
2978 5557 3226 5595 seorsum
3276 5539 3506 5606 vulgatis
3538 5559 3566 5593 ει

334 5617 633 5680 Francisco
663 5623 796 5684 lino
820 5630 904 5689 hic
932 5631 1314 5706 apposuimus,
1355 5635 1497 5688 sicut
1521 5644 1571 5690 ct
1600 5634 2006 5690 Catechcticam
2037 5637 2360 5700 orationem,
2391 5636 2679 5692 maximam
2714 5631 3054 5702 appellatalii,
3107 5646 3172 5684 ex
3206 5627 3569 5684 translatiCttc
