4106 6208
592 249 663 305 69
1787 259 1843 315 s.
1885 260 2221 318 caucos"
2284 262 2570 319 NYSSENI
3814 220 3899 312 oo

596 370 814 426 Herveti
840 386 854 436 ;
888 386 1013 424 nam
1056 386 1184 427 cum
1207 374 1321 444 jam
1351 375 1624 447 legeretur
1654 380 1869 436 reddita
1890 382 2086 439 Latine
2109 400 2208 456 per
2239 382 2466 439 Petrum
2496 383 2805 445 Morellum,
2834 379 3043 451 placuit
3071 386 3129 434 et
3152 376 3246 432 hic
3265 376 3577 432 versionem
3614 375 3892 432 nondum

596 465 868 519 hactenus
902 466 1229 537 impressam
1263 487 1591 543 proponere.
1627 478 1701 533 Ibi
1732 490 1936 545 autem,
1957 481 2198 536 maxime
2232 497 2351 551 cap.
2389 480 2457 535 57
2491 480 2660 534 multa
2701 478 2767 531 de
2798 476 3264 531 transmutatione
3306 470 3420 526 sive
3445 475 3892 531 transsubslan-

592 556 829 612 tiatione
860 558 1131 617 Dominici
1171 570 1424 635 corporis
1450 578 1504 624 et
1540 574 1824 643 sanguinis
1855 575 2224 642 adducuntur,
2255 583 2309 630 et
2336 591 2456 646 cap.
2488 574 2578 639 ‘58,
2615 589 2675 628 se
2702 572 2823 628 aliis
2850 572 2906 626 in
2946 571 3080 626 locis
3112 571 3268 641 plura
3299 568 3366 623 de
3398 566 3754 624 Eucharistia
3782 582 3892 623 ex-

591 654 847 716 posuisse
871 669 1078 721 narrat,
1105 664 1249 730 quod
1289 674 1466 721 tamen
1500 684 1609 723 non
1642 670 1717 724 ita
1752 670 2011 740 frequens
2038 680 2123 726 est
2152 674 2206 726 in
2251 672 2659 743 exemplaribus
2695 685 2815 739 qua:
2848 669 3012 737 vulgo
3046 667 3323 722 feruntur.
3355 664 3493 720 Huic
3526 665 3654 720 item
3699 664 3891 719 Cate-

591 747 806 801 mietico
834 749 975 803 libro
1005 751 1108 821 (sic
1136 758 1280 809 enim
1309 758 1607 829 Gregorius
1642 764 1758 831 ipse
1794 765 2029 832 appellat
2060 766 2388 834 saepissime)
2432 765 2576 819 sicut
2610 771 2665 817 et
2690 763 2765 816 illi
2791 761 2857 815 de
2887 760 3070 814 anima
3101 768 3155 813 et
3181 758 3590 813 resurrectione
3618 754 3891 825 disputa-

595 837 730 889 tioni
762 853 886 892 cum
912 856 1105 896 sorore
1141 843 1404 911 Macrina,
1438 850 1660 917 quidam
1695 850 1960 916 haeretici,
1990 854 2129 906 utin
2162 854 2439 922 plerisque
2464 859 2728 906 veterum'
2750 848 3250 910 lucubrationibus,
3283 848 3539 917 dogmata
3570 846 3885 910 nonnulla,

593 934 869 1003 praecipue
891 951 1020 990 vero
1051 936 1305 1008 Origenis
1330 941 1659 1011 injecerunt,
1684 943 1989 1016 Nicephoro
2016 956 2155 1003 teste
2183 948 2275 1003 lib.
2298 962 2372 1011 'u,
2404 962 2525 1016 cap.
2561 944 2648 999 {9.
2686 943 2789 997 Sed
2819 954 2872 997 et
2900 943 3172 996 immistas
3195 940 3510 1010 hujusmodi
3538 938 3713 995 falsas
3750 940 3886 1008 opi-

594 1029 788 1084 niones
816 1030 1198 1091 demonstrare
1226 1036 1406 1105 possis
1432 1051 1498 1089 ex
1530 1050 1596 1090 eo
1632 1037 1777 1106 quod
1813 1038 1865 1091 in
1895 1036 2244 1093 Catechetico
2276 1053 2398 1107 cap.
2434 1037 2524 1099 '55,
2568 1037 2714 1089 circa
2747 1035 2907 1088 linem
2947 1048 3012 1087 ex
3041 1032 3315 1087 sententia
3355 1030 3608 1100 Origenis
3652 1032 3889 1100 reperi-'

596 1130 706 1188 tur,
736 1124 911 1195 longis
941 1134 1062 1195 post
1094 1129 1313 1183 saeculis
1341 1127 1451 1183 Deo
1484 1144 1676 1198 puram
1706 1131 2139 1185 conservandam
2186 1139 2442 1184 naturam
2471 1147 2483 1182 :
2508 1138 2562 1182 et
2593 1126 2738 1197 quod
2782 1126 2911 1180 huic
2944 1124 3117 1179 errori
3152 1124 3493 1178 contrarium
3538 1123 3784 1177 habetur
3820 1124 3880 1177 in

594 1218 847 1273 oratione
878 1219 955 1272 De
978 1220 1063 1275 die
1093 1220 1414 1277 Nativitatis
1438 1224 1813 1287 Domini,cum
1851 1226 2116 1281 scribitur
2146 1244 2159 1278 :
2194 1225 2350 1292 Quod
2381 1241 2474 1293 per
2501 1223 2951 1293 ,resurrcctionem
2983 1222 3073 1290 qui
3098 1220 3237 1289 justi
3263 1229 3438 1283 erunt,
3475 1219 3543 1273 ad
3593 1220 3875 1274 cmlcstcm

594 1310 819 1376 quietem
852 1314 1096 1367 actedent
1123 1318 1251 1387 ;qui
1282 1322 1719 1385 autempeccatis
1750 1318 1990 1385 obnoxii,
2016 1321 2068 1373 in
2099 1321 2349 1390 gehennae
2370 1321 2536 1390 ignem
2558 1318 2927 1380 detrudentur,
2964 1326 3075 1371 etc.
3108 1315 3218 1370 Nec
3242 1317 3387 1370 enim
3410 1318 3712 1386 pugnantia
3740 1324 3876 1369 tan-

597 1407 686 1454 tus
718 1400 802 1453 vir
829 1412 921 1456 aut
950 1405 1119 1458 sensit
1145 1408 1458 1462 autdocuit.
1496 1409 1562 1463 Et
1583 1418 1642 1464 ut
1665 1421 1859 1466 caetera
1890 1413 2081 1482 paucis
2103 1413 2552 1482 complectamur,
2583 1410 2687 1464 alia
2710 1409 2957 1479 quaedam
2981 1408 3241 1477 epuscula
3275 1408 3328 1461 in
3370 1408 3472 1462 hac
3500 1409 3744 1463 editione
3774 1422 3876 1461 ac-

593 1501 899 1557 cesserunt,
935 1495 1193 1552 nimirum
1226 1501 1507 1556 orationes
1539 1500 1613 1556 Dc
1643 1502 1891 1573 fugienda
1923 1504 2322 1573 fornicatione;
2372 1500 2438 1555 In
2490 1518 2577 1556 eos
2631 1501 2721 1571 qui
2761 1499 3018 1568 differunt
3061 1498 3349 1567 baptisma,
3396 1509 3446 1554 et
3483 1501 3573 1570 qui
3603 1516 3745 1569 (egre
3788 1500 3873 1568 fc-

594 1584 1188 1653 runtrepreltensiones,
1227 1590 1294 1644 ab
1324 1589 1560 1646 Herveto
1585 1593 1822 1662 primum
1862 1608 2164 1648 conversas.
2205 1592 2283 1646 De
2300 1591 2619 1646 Ascensionc
2658 1604 2812 1652 vero,
2860 1597 2916 1643 et
2946 1589 2997 1641 in
3025 1586 3369 1643 Pentecosten
3422 1604 3707 1644 sermones
3745 1588 3868 1659 jam

592 1673 721 1727 editi
758 1674 1292 1732 circumferebantur
1324 1698 1335 1733 :
1379 1681 1526 1750 prior
1561 1683 1783 1750 quidem
1818 1698 1893 1737 ex
1921 1681 2096 1736 Sifani
2130 1680 2405 1745 versione,
2450 1682 2593 1736 sicut
2634 1691 2688 1735 et
2723 1680 2988 1750 pleraque
3029 1678 3260 1749 Nysseni
3294 1680 3537 1749 scripta;
3587 1680 3682 1734 sed
3732 1681 3867 1749 quia

594 1760 731 1815 feria
769 1780 821 1817 ιν
856 1773 980 1834 post
1001 1767 1397 1824 Ascensiouem
1429 1771 1498 1825 de
1527 1772 1719 1825 eodem
1751 1786 2005 1827 sermone
2032 1787 2098 1826 es
2131 1772 2493 1827 translatione
2522 1771 2641 1825 Zini
2673 1772 2870 1843 legitur
2903 1771 2959 1825 in
2994 1770 3268 1826 breviario
3299 1770 3546 1827 Romano
3589 1789 3769 1844 nuper
3795 1790 3867 1828 ex

593 1853 812 1909 decreto
832 1858 1054 1911 concilii
1086 1856 1396 1914 Tridentini
1419 1862 1713 1916 restituto:
1738 1870 2029 1931 propterea
2060 1871 2115 1917 et
2146 1862 2293 1917 hunc
2314 1871 2368 1916 et
2397 1877 2759 1932 quoscunque
2786 1863 3026 1917 nancisci
3059 1864 3337 1932 potuimus
3368 1878 3433 1918 es
3464 1864 3656 1918 eodem
3691 1866 3869 1921 inter-

596 1955 765 2016 prete,
789 1948 880 2017 qui
911 1948 979 2002 ab
1010 1950 1255 2007 Ecclesia
1280 1952 1543 2021 probatus
1566 1969 1690 2010 esse
1719 1953 2016 2019 videretur,
2048 1955 2281 2008 selectos
2300 1952 2645 2019 excudimus,
2668 1961 2725 2006 ut
2756 1952 2831 2006 De
2850 1952 3165 2021 pauperibus
3198 1953 3465 2019 amandis,
3486 1953 3551 2007 In
3582 1957 3865 2011 mulierem

593 2041 959 2106 peccatricem,
987 2040 1060 2094 De
1086 2043 1497 2106 dormientibus,
1545 2052 1599 2099 et
1637 2044 1701 2099 de
1749 2045 1948 2100 Christi
1988 2046 2290 2110 nativitate,
2332 2045 2668 2114 ejusdemque
2717 2047 3120 2100 resurrectione.
3163 2044 3433 2100 Nonnulla
3479 2056 3741 2116 praeterea
3792 2066 3864 2104 ex

594 2128 828 2182 aliorum
869 2132 1123 2187 versione
1162 2148 1412 2189 seorsum
1457 2136 1671 2206 vulgata
1705 2137 2062 2203 inseruimus,
2102 2146 2161 2190 ut
2196 2137 2393 2191 librum
2416 2135 2495 2189 De
2541 2135 2854 2206 Virginitate
2876 2151 2907 2190 a
2936 2135 3098 2192 Petro
3127 2135 3405 2192 Galesinio
3437 2150 3865 2205 eonversum,et

595 2217 781 2274 liomzn
804 2222 945 2291 typis
976 2238 1275 2281 excusum:
1299 2226 1354 2280 in
1381 2241 1493 2294 quo
1523 2228 1593 2283 de
1623 2228 1880 2299 virginali
1905 2229 2130 2295 virtute,
2161 2244 2268 2297 qua
2297 2243 2404 2281 una
2434 2227 2661 2296 reliquae
2694 2242 2889 2283 omnes
2903 2228 3278 2292 continentur,
3310 2229 3387 2282 ita
3413 2229 3658 2298 disputat
3690 2244 3864 2285 evan-

594 2312 781 2381 gelica:
811 2314 1079 2371 doctrinae
1110 2319 1457 2388 majestatem
1491 2324 1890 2393 complectens,
1924 2332 1981 2377 ut
2015 2339 2121 2376 non
2154 2324 2329 2377 solum
2370 2338 2493 2376 cum
2526 2321 2728 2376 Stoicis
2760 2323 2828 2376 de
2852 2322 3104 2387 honesto,
3153 2338 3339 2378 verum
3377 2324 3540 2378 etiam
3572 2339 3699 2378 cum
3728 2326 3862 2380 reli-

594 2405 720 2474 quis
755 2407 999 2465 honestis
1036 2412 1488 2484 philosophormn
1535 2417 1846 2487 disciplinis
1888 2417 2149 2480 disserat,
2193 2416 2671 2486 patrociniumque
2721 2430 2909 2469 earum
2940 2416 3240 2479 actionum,
3301 2416 3355 2470 in
3386 2417 3588 2485 quibus
3634 2419 3863 2471 virtutis

596 2499 854 2567 splendor
894 2503 1095 2569 elucet,
1130 2508 1421 2577 suscipiat.
1470 2508 1558 2572 Et,
1602 2525 1673 2564 ne
1709 2510 1841 2579 quid
1874 2510 2094 2564 silentio
2128 2510 2549 2579 praetermittere
2581 2515 2675 2560 aut
2708 2506 3063 2562 dissimulare
3094 2509 3396 2571 videamur,
3450 2507 3597 2577 quod
3639 2508 3729 2561 hic
3758 2509 3863 2561 ha-

595 2588 755 2644 betur
782 2592 1109 2661 impressum
1141 2598 1365 2660 nomine
1395 2597 1643 2670 Gregorii
1681 2599 1910 2671 Nysseni
1945 2600 2015 2653 ad
2044 2600 2267 2654 Petrum
2293 2600 2512 2667 fratrem
2559 2616 2736 2661 suum,
2791 2596 2867 2651 De
2896 2598 3196 2665 differentia
3228 2599 3540 2653 substantiis
3590 2608 3638 2653 et
3691 2598 3862 2667 hypo-

594 2690 820 2747 staseos,
872 2685 1014 2740 idem
1046 2689 1242 2758 legitur
1272 2691 1412 2759 apud
1449 2690 1513 2744 D.
1553 2692 1816 2746 Basilium
1843 2692 2075 2762 epistola
2112 2693 2181 2746 45
2236 2694 2305 2744 ad
2338 2690 2649 2763 Gregorium
2705 2694 2931 2760 fratrem
2965 2688 3270 2761 Nyssenum
3307 2691 3632 2762 episcopum.
3689 2690 3861 2749 Vide-

596 2773 704 2828 rint
738 2774 1012 2831 doctiores
1038 2782 1257 2834 cuinam
1292 2766 1511 2835 illorum
1550 2782 1693 2836 hanc
1724 2784 2157 2853 disputationem
2193 2784 2499 2853 assignent.
2540 2784 2543 2789 “

665 2866 934 2920 Casterum
966 2869 1109 2924 inter
1136 2880 1453 2926 sanctorqu
1497 2871 1652 2928 Vitas
1700 2874 1769 2927 ab
1804 2874 2028 2945 Aloysio
2060 2873 2253 2929 Latine
2283 2889 2394 2928 non
2428 2874 2503 2927 ita
2558 2872 2765 2943 pridem
2805 2887 2870 2926 ex
2902 2869 3140 2925 diversis
3185 2868 3510 2927 auctoribus
3561 2870 3759 2931 editas,
3790 2880 3849 2925 et

596 2959 759 3013 modo
794 2976 889 3030 per
919 2963 1164 3034 singulos
1199 2967 1317 3021 dies
1348 2968 1616 3037 cujusque
1653 2969 1856 3023 mensis
1895 2984 1924 3022 a
1968 2968 2130 3023 Surio
2170 2968 2436 3038 digestas,
2493 2967 2669 3021 oratio
2715 2966 2987 3035 quaedam,
3032 2964 3119 3033 pia
3154 2964 3469 3032 sanejuxta
3513 2972 3567 3019 et
3609 2966 3854 3037 elegans,

595 3053 673 3108 De
716 3071 937 3111 occursu
979 3058 1194 3114 Domini
1222 3069 1278 3115 et
1305 3061 1380 3115 De
1410 3062 1504 3115 Dei
1531 3072 1770 3130 parente,
1803 3072 1959 3133 atque
2004 3062 2067 3116 de
2112 3063 2258 3129 iusto
2288 3062 2553 3123 Simeone,
2606 3058 2855 3129 Gregorii
2902 3056 3134 3128 Nysseni
3168 3056 3386 3110 titulum
3443 3073 3555 3128 prae
3588 3074 3647 3114 se
3699 3060 3800 3115 fert
3839 3084 3851 3096 -

594 3151 687 3205 sed
717 3158 973 3222 quoniam
1006 3154 1227 3210 Simeon
1258 3155 1678 3225 Metaphrastes,
1720 3158 1812 3227 qui
1850 3158 2089 3227 primum
2125 3157 2411 3228 dispersas
2438 3154 2625 3209 Graece
2656 3154 2973 3223 collegerat,
2999 3151 3217 3208 videtur
3249 3151 3309 3205 in
3357 3152 3459 3206 hac
3489 3156 3736 3208 nonnihil
3761 3166 3858 3209 aut

595 3242 936 3310 immutasse,
979 3248 1255 3301 autetiam
1288 3249 1496 3318 aliquid
1536 3249 1840 3317 addidisse,
1888 3251 2017 3305 dum
2051 3266 2152 3322 pro
2181 3267 2283 3305 suo
2318 3265 2472 3304 more
2507 3247 2788 3317 cepiosius
2836 3244 3155 3313 esplicavit,
3186 3258 3251 3296 ac
3286 3244 3645 3313 amplioribus
3674 3249 3856 3301 verbis

594 3341 870 3391 enarravit
902 3357 915 3392 :
948 3338 1070 3394 ideo
1107 3343 1263 3410 quasi
1306 3341 1449 3398 fetus
1491 3353 1637 3398 esset
1685 3345 2021 3413 illegitimus,
2079 3345 2220 3399 hanc
2269 3360 2392 3398 cum
2420 3357 2547 3398 vere
2585 3340 2783 3395 nativis
2842 3348 2990 3393 stare
3032 3337 3329 3391 noluimus.
3377 3335 3754 3393 Verumtamen
3806 3342 3855 3395 si

595 3429 719 3498 quis
752 3430 892 3485 forte
923 3446 1084 3486 secus
1113 3432 1342 3501 judicct,
1387 3436 1546 3489 habet
1570 3436 1812 3501 interim,
1853 3444 2003 3490 utne
2034 3436 2122 3490 hic
2161 3442 2463 3506 repetatur,
2524 3432 2655 3487 inibi
2687 3430 2830 3501 typis
2877 3429 3230 3497 impressam,
3285 3428 3432 3481 sicut
3470 3436 3522 3482 et
3565 3430 3853 3497 epistolam

593 3521 741 3576 illam
780 3523 849 3574 ad
885 3521 1189 3592 Olympium
1217 3527 1553 3590 monachum,
1588 3526 1664 3581 De
1689 3527 1797 3581 vita
1842 3526 2120 3583 Macrinw.
2164 3527 2319 3593 Quod
2362 3542 2492 3583 vero
2518 3527 2754 3596 pertinet
2783 3522 2849 3577 ad
2892 3522 3147 3578 diversas
3181 3522 3546 3593 quorumdam
3579 3522 3853 3609 librprum

595 3617 1009 3687 inscriptiones,
1046 3636 1150 3676 nos
1181 3630 1240 3675 ut
1272 3622 1566 3692 plurimum
1599 3624 1654 3677 in
1688 3625 1937 3694 margine
1970 3625 2310 3690 notavimus,
2352 3631 2448 3678 aut
2476 3624 2532 3678 in
2562 3634 2790 3693 operum
2816 3618 3105 3688 Catatogo,
3153 3634 3321 3689 quem
3358 3617 3739 3688 subjiciemus,
3766 3620 3849 3674 in-

592 3708 923 3767 dicabimus.

663 3806 1056 3863 Desiderantur
1089 3822 1268 3866 autem
1300 3820 1496 3883 prater
1531 3812 1643 3867 hac
1678 3812 1786 3866 alia
1823 3811 1941 3881 ejus
1978 3809 2086 3864 viri
2117 3808 2449 3862 monimenta
2483 3813 2823 3875 temporum,
2862 3805 2947 3862 vel
2996 3805 3279 3861 hominum
3312 3805 3511 3876 injuria
3535 3805 3811 3875 deperdita
3832 3846 3849 3867 ,

591 3908 686 3951 aut
711 3898 972 3955 hactenus
999 3902 1051 3955 in
1082 3903 1255 3958 lucem
1307 3903 1543 3957 nondum
1575 3904 1861 3974 evulgata;
1899 3917 2075 3971 neque
2105 3900 2249 3954 enim
2286 3899 2554 3967 reperitur
2590 3897 2748 3963 liber,
2782 3912 2941 3967 quem
2981 3898 3270 3968 scripsisse
3302 3906 3633 3951 memoratur
3666 3910 3849 3954 contra

589 3989 896 4053 Ablabium,
934 3992 1006 4047 De
1041 3993 1248 4056 Patris,
1283 3993 1434 4060 Filii,
1470 4003 1519 4048 et
1552 3994 1783 4061 Spiritus
1818 3994 1989 4046 sancti
2017 3990 2316 4054 divinitate,
2354 3989 2457 4043 nisi
2490 3988 2613 4058 quis
2648 3988 2797 4042 illum
2832 4005 2951 4044 esse
2988 3987 3126 4044 forte
3160 3990 3466 4058 suspicetur
3494 4004 3555 4041 ex
3594 3989 3848 4047 allinitam

590 4087 917 4155 argumenti,
940 4103 1101 4157 quem
1133 4090 1202 4141 ad
1223 4089 1500 4141 Ablabium
1534 4088 1703 4150 misit,
1725 4086 1875 4152 Quod
1904 4097 2006 4140 tres
2035 4086 2205 4138 dicere
2235 4083 2370 4137 Deos
2397 4099 2499 4135 non
2527 4091 2785 4150 oporteat,
2810 4098 2933 4154 pag.
2953 4082 3060 4136 447
3104 4084 3231 4137 ιοῐηί
3279 4080 3342 4144 ιι,
3370 4082 3462 4137 sed
3489 4083 3641 4138 locus
3669 4092 3845 4141 tamen

589 4182 660 4237 ab
693 4180 980 4252 Eutliymio
1014 4185 1254 4254 prolatus
1289 4193 1441 4254 parte
1471 4199 1485 4236 ι
1542 4183 1625 4235 tit.
1656 4182 1691 4234 2
1749 4180 1973 4248 Panopl.
2005 4179 2057 4232 iu
2091 4194 2156 4233 eo
2180 4177 2402 4231 minime
2434 4177 2719 4241 reperitur.

658 4269 897 4328 Necdum
932 4275 1252 4344 prodierunt
1278 4274 1331 4328 in
1364 4275 1539 4328 lucem
1578 4271 1956 4329 Commentarii
1987 4271 2041 4323 in
2070 4268 2365 4337 Epistoiam
2393 4266 2459 4319 D.
2494 4265 2654 4319 Pauli
2681 4264 2749 4318 ad
2779 4263 3156 4334 Plsilfppenses,
3184 4279 3344 4334 quos,
3376 4272 3436 4318 ut
3457 4263 3641 4319 docuit
3666 4265 3850 4322 Sixtus

590 4362 871 4431 Senensis,
909 4377 1101 4421 auctor
1131 4366 1470 4421 Bibliotheca:
1509 4373 1740 4430 sanctor,
1771 4361 2009 4435 Cyrillus
2043 4363 2175 4416 citat
2209 4362 2262 4414 in
2297 4359 2435 4412 libro
2472 4356 2540 4409 ad
2574 4355 2851 4425 Evoptium
2886 4356 3105 4425 fratrem
3141 4366 3326 4409 contra
3357 4356 3754 4412 Theodoretum.
3785 4359 3844 4415 lu

588 4458 747 4525 cujus
780 4459 903 4513 libri
954 4460 1057 4515 flne
1090 4462 1169 4515 sic
1199 4462 1435 4532 legitur:
1474 4460 1540 4514 D.
1570 4458 1809 4529 Gregorii
1843 4457 2069 4525 episcopi
2097 4456 2151 4509 in
2184 4453 2477 4523 Epistotam
2513 4451 2582 4503 ad
2613 4448 2974 4517 Philippenses
2998 4463 3017 4502 :
3057 4447 3216 4517 cujus
3270 4446 3630 4518 fragmentum
3657 4468 3668 4502 :
3709 4449 3849 4513 Hoc,

590 4552 786 4623 inquit,
816 4552 1059 4618 capiatur
1079 4554 1218 4620 quod
1247 4563 1323 4606 est
1352 4554 1407 4607 in
1438 4550 1648 4607 Christo
1680 4550 1831 4617 Iesu,
1869 4568 1886 4600 t
1912 4549 2001 4619 qui
2031 4563 2149 4599 cum
2184 4545 2237 4597 in
2270 4545 2444 4614 forma
2486 4541 2578 4595 Dei
2598 4550 2751 4603 esset,
2794 4557 2896 4594 non
2930 4540 3169 4608 rapinam
3204 4540 3494 4593 arbitratus
3522 4549 3598 4593 est
3634 4558 3741 4595 esse
3790 4563 3848 4599 se

588 4644 842 4715 (equalem
874 4643 1004 4708 Deo,
1027 4647 1119 4699 sed
1141 4648 1469 4714 semetipsum
1492 4648 1799 4710 exinanioit,
1826 4646 2052 4716 formam
2079 4641 2214 4697 servi
2233 4639 2543 4707 suscipiens.
2567 4658 2585 4689 ι
2612 4637 2751 4703 Quid
2771 4636 3048 4705 pauperius
3076 4637 3128 4689 in
3156 4635 3279 4700 Deo,
3299 4652 3453 4707 quam
3480 4637 3654 4705 forma
3679 4641 3804 4693 servi
3820 4644 3849 4694 ἲ

592 4736 735 4807 Quid
767 4738 1018 4790 humilius
1047 4737 1099 4790 in
1127 4753 1241 4805 rege
1271 4747 1596 4801 cunctorum,
1624 4754 1781 4808 quam
1804 4736 1872 4789 ad
1896 4736 2309 4789 communionem
2334 4732 2579 4799 pauperis
2609 4739 2803 4783 nostrw
2822 4739 3029 4781 natura!
3052 4740 3232 4795 sponte
3260 4729 3475 4785 venire?
3514 4729 3626 4783 Rex
3673 4748 3838 4801 regum

590 4839 639 4891 et
672 4827 932 4883 Dominus
964 4830 1353 4882 dominantium
1382 4829 1623 4880 induitur
1658 4828 1831 4897 forma
1863 4829 2030 4891 servi;
2061 4827 2229 4897 judex
2264 4826 2497 4879 omnium
2533 4824 2593 4892 [it
2625 4820 2865 4875 subditus
2898 4819 3242 4889 potestatibus
3272 4830 3551 4885 creaturaz,
3594 4821 3841 4881 Dominus

592 4931 645 4983 in
680 4923 926 4992 spelunca
956 4922 1205 4992 ponitur:
1248 4920 1341 4988 qui
1370 4918 1546 4972 omnia
1576 4919 1827 4979 continet,
1855 4917 1909 4969 in
1932 4917 2223 4971 diversorio
2248 4931 2353 4969 non
2374 4915 2567 4968 invenit
2598 4915 2792 4975 locum,
2823 4911 2913 4963 sed
2944 4912 2997 4962 iu
3026 4925 3254 4979 prtcsepe
3280 4912 3564 4981 projicitur
3584 4914 3840 4983 jumento-

594 5038 748 5084 rum;
775 5019 1001 5073 mundus
1031 5027 1080 5071 et
1116 5015 1490 5078 immaculatus
1514 5013 1694 5068 sordes
1721 5013 1948 5082 suscepit
1975 5014 2221 5065 humanm
2250 5020 2475 5074 uatum,
2506 5017 2555 5062 et
2583 5022 2674 5075 per
2702 5008 2878 5059 omnia
2904 5014 3265 5075 paupertatem
3299 5016 3537 5060 nostram
3570 5009 3839 5070 transiens,

593 5132 753 5184 usque
780 5115 849 5168 ad
870 5116 1055 5169 mortis
1081 5114 1215 5170 venit
1234 5113 1665 5183 experimentum.
1694 5108 2037 5165 Considerate
2059 5108 2387 5178 paupertatis
2412 5114 2715 5175 spontanew
2738 5117 3057 5164 mensuram,
3082 5100 3186 5153 vita
3218 5110 3435 5153 mortem
3463 5110 3662 5171 gustat,
3686 5099 3840 5169 judcs

592 5210 869 5265 deducitur
897 5208 1266 5277 udjudicium,
1298 5208 1419 5261 vita:
1454 5208 1688 5260 onmium
1721 5205 2087 5259 exsistentium
2114 5203 2371 5257 Dominus
2402 5198 2646 5253 subditur
2664 5196 2931 5251 sententia:
2954 5192 3273 5262 jndicantis,
3302 5207 3395 5246 rea:
3425 5191 3657 5245 omnium
3689 5190 3840 5243 virtu-

595 5320 728 5369 tum,
764 5321 879 5375 qua!
908 5308 1051 5357 ultra
1084 5302 1337 5357 mundum
1363 5314 1503 5368 sunt,
1533 5301 1915 5371 spiculatorum
1945 5317 2048 5353 non
2072 5299 2269 5368 respuit
2296 5311 2503 5349 manus.
2542 5291 2818 5345 Hactenus
2845 5286 3139 5357 Gregorius
3161 5285 3487 5355 episcopus:
3519 5282 3610 5353 qui
3633 5281 3837 5375 quidem

595 5371 808 5450 videtur
841 5410 962 5448 esse
988 5392 1269 5464 Nyssenus
1304 5402 1511 5456 noster,
1545 5408 1669 5447 cum
1701 5391 2079 5446 Nazianzenus
2109 5405 2208 5445 nec
2244 5390 2297 5444 in
2336 5388 2477 5440 hanc
2508 5383 2820 5455 epistolam,
2852 5394 2953 5434 nec
2986 5379 3039 5432 in
3076 5378 3311 5448 aliquem
3341 5375 3556 5432 Veteris
3595 5383 3687 5428 aut
3715 5371 3838 5426 Novi

595 5486 927 5540 Testatncnli
950 5485 1145 5538 librum
1166 5500 1232 5538 ex
1256 5484 1503 5553 professo
1534 5485 1823 5555 scripsisse
1845 5492 2195 5537 memoretur.
2229 5483 2285 5534 lu
2320 5477 2589 5550 principio
2615 5473 2881 5529 orationis
2915 5471 3105 5542 prima:
3136 5469 3212 5524 De
3241 5467 3556 5539 pauperibus
3586 5466 3839 5532 amaudts,

596 5578 687 5631 ubi
721 5576 1009 5631 scribitur:
1031 5573 1292 5641 Quoniam
1315 5573 1517 5627 duobus
1550 5574 1905 5642 superioribus
1932 5573 2112 5626 diebus
2130 5572 2470 5641 cupiditatem
2497 5567 2645 5622 illam
2666 5581 2783 5636 qua:
2805 5564 2941 5636 gutta
2962 5566 3257 5634 oentrisque
3285 5564 3599 5629 uoluptatem
3624 5566 3843 5611 sectatur

600 5669 990 5740 castigat'imus,
1021 5667 1082 5722 de
1117 5667 1342 5736 ipsisque
1377 5667 1543 5719 inuita
1576 5666 1833 5733 diximus,
1870 5674 1994 5727 cle.,
2020 5664 2228 5719 clarum
2255 5678 2333 5721 est
2373 5664 2547 5734 ipsum
2584 5659 2905 5732 Gregorium
2941 5656 3009 5714 de
3048 5656 3149 5711 hac
3192 5671 3249 5710 re
3280 5655 3554 5709 orationes
3600 5652 3849 5705 habuisse
