4106 6208
631 284 703 340 εδ
1871 293 1929 349 S.
1970 295 2302 353 GREGOIRII‘
2364 297 2678 359 NYSSENI‘

3849 309 3936 365 64

633 393 950 464 explicavit,
977 409 1042 450 ea
1093 396 1288 452 doctor
1326 405 1516 455 noster
1569 401 1793 457 sublimi
1857 405 2188 478 philosOphi:

2307 413 2642 482 εργασθέντα
2659 416 2924 488 νοήματα·
2952 416 2988 472 ἃ
3010 416 3118 489 γάρ
3133 416 3339 482 ἐκεῖνος
3357 411 3508 472 εἶπεν
3528 417 3586 471 ὲν
3606 416 3826 487 ὀλίγοις
3856 436 3934 471 τε

632 487 714 540 sic
734 484 959 540 adauxit
989 497 1046 542 et
1074 490 1395 554 cumulavit,
1429 502 1489 546 ut
1521 508 1632 548 non
1658 495 1889 565 spicam,
1919 499 2013 554 sed
2041 501 2205 554 arbo-

617 591 746 642 ,rcm
765 575 1030 641 eﬁ‘ecerit,
1067 579 1134 633 ad
1158 580 1578 637 similitudinem
1613 586 1771 656 grani
1807 587 2037 657 sinapis,
2057 590 2204 658 quod

633 682 802 738 regno
852 669 1117 724 ccclorum
1177 685 1550 743 comparatum
1610 685 1714 732 est.
1773 678 1828 732 In
1884 682 2205 750 accipientis

629 759 774 812 enim
811 760 996 814 animo
1023 763 1300 818 excultum
1355 766 1525 821 arbor
1563 767 1640 833 ﬁt,
1698 770 2206 842 cogitationumque

632 849 1004 919 magnitudine
1053 853 1294 923 undique
1353 858 1632 923 dilatatur,
1667 869 1721 914 et
1768 877 2044 917 ramorum
2083 865 2204 918 loco

631 942 916 1011 przeceptis
984 952 1039 998 et
1099 945 1370 1004 institutis
1415 950 1766 1019 expanditur,
1817 955 2205 1024 propositoque

535 1063 540 1074 .
629 1029 845 1098 pietatis
901 1031 1007 1087 ﬁne
1063 1035 1146 1089 sic
1195 1035 1417 1091 eﬁ‘ertur
1457 1039 1511 1093 in
1561 1041 1818 1106 sublime,
1867 1052 1927 1097 ut
1975 1047 2204 1101 excelsa:

626 1120 792 1174 etiam
820 1123 1053 1194 altaeque
1084 1134 1320 1194 mentes,
1361 1145 1481 1198 qua:
1516 1131 1770 1187 volucres
1823 1135 1950 1189 coeli
1996 1151 2200 1190 vocan-

627 1217 716 1264 tur
740 1211 794 1265 in
857 1213 1172 1286 Evangelio,
1223 1219 1327 1273 sub
1375 1221 1562 1276 talium
1609 1238 1888 1279 ramorum
1924 1229 2201 1298 magnitu-

626 1302 752 1356 dine
776 1315 978 1377 queant
1006 1307 1168 1362 nidos
1206 1318 1530 1367 construere
1566 1315 1606 1367 ⁸.
1654 1313 2030 1380 Quaestionum
2055 1319 2199 1376 enim

623 1393 935 1461 explanatio
965 1405 1050 1452 est
1077 1400 1243 1453 animi
1282 1401 1503 1470 quidam
1544 1405 1708 1460 veluti
1761 1405 1941 1471 nidus,
1990 1408 2044 1461 in
2090 1424 2200 1478 quo

626 1499 782 1540 mens
805 1487 1048 1542 instabili
1079 1491 1453 1549 sollicitudine
1477 1495 1798 1566 sciendique
1831 1500 2034 1564 studio,
2078 1510 2201 1554 tan-

623 1590 787 1644 quam
835 1580 1124 1650 multiplici
1166 1585 1378 1641 volatus
1418 1602 1628 1652 errore,
1659 1589 1802 1644 fessa
1835 1593 2197 1661 conquiescit.

623 1665 872 1731 Quonam
907 1671 1072 1741 igitur
1101 1681 1262 1743 pacto
1307 1678 1399 1730 tali
1428 1685 1700 1749 tantaeque
1749 1697 2064 1736 sermonum
2104 1698 2197 1736 ar-

2311 505 2405 555 καὶ
2425 504 2886 578 εὐπεριγράπτοις
2913 511 3025 572 τοῖς
3049 511 3113 580 ρή
3122 527 3273 579 μασι,
3290 509 3460 563 ταῦτα
3470 508 3558 563 διά
3573 509 3670 580 τῆς
3685 509 3929 581 ὑψηλῆς

2311 593 2630 664 φιλοσοφίας
2680 599 2708 650 ὁ
2745 598 3059 662 διδάσκαλος
3088 599 3248 670 ἡμῶν
3281 600 3542 670 αὐξήσας,
3574 597 3698 670 οὐχὶ
3725 599 3926 653 ἄστα-

2310 703 2428 756 χυν,
2463 688 2600 741 ἀλλά
2647 689 2861 760 δένδρον
2905 691 3127 761 ἐποίησε
3158 691 3298 744 κατά
3328 691 3421 744 τὸν
3454 689 3802 761 ὁμοιωθέντα
3837 693 3920 761 τῇ

2313 777 2556 849 βασιλείᾳ
2583 777 2676 832 τοῦ
2709 779 2983 841 σινάπεως
3011 781 3231 845 κόκκον,
3261 781 3355 834 τδν
3382 783 3438 834 ὲν
3468 784 3533 852 τῇ
3566 781 3773 852 καρδίᾳ
3801 783 3920 835 τοῦ

2309 866 2680 937 γεωργοῦντος
2705 869 3217 940 άποδενδρούμενον,
3243 869 3381 923 ὥστε
3403 871 3657 938 γενέσθαι
3683 889 3922 925 παντα-

2310 957 2466 1033 χόθεν
2484 959 2645 1012 αὑτὸν
2665 959 2951 1032 ἀμφιλαφῆ
2980 965 3092 1024 τοῖς
3117 963 3372 1032 νοήμασι,
3390 961 3482 1014 καὶ
3507 961 3910 1033 διηπλωμένον

2309 1029 2429 1100 ἀντὶ
2473 1048 2684 1102 κλάδων
2713 1053 2826 1113 τοῖς
2859 1029 3111 1120 δόγμασι,
3143 1029 3236 1104 καί
3262 1049 3340 1120 τῷ
3383 1029 3703 1122 σκοπῷγτῆς
3729 1029 3908 1104 εὐσε-

2309 1137 2462 1201 ϐείας
2491 1140 2571 1202 είς
2608 1139 2740 1208 ὕψος
2771 1141 3203 1211 ἀνατεινόμενον,
3233 1142 3310 1205 ὡς
3334 1141 3428 1194 καὶ
3455 1141 3553 1204 τὰς
3579 1141 3799 1212 ὑψηλάς
3833 1159 3910 1195 τε

2308 1229 2402 1282 καὶ
2433 1230 2874 1302 μετεωροπόρους
2917 1231 3116 1301 ψυχάς,
3155 1230 3221 1295 ἃς
3262 1231 3486 1284 πετεινά
3524 1231 3619 1284 τοῦ
3649 1231 3906 1303 ούρανοῦ

2305 1319 2370 1375 τὸ
2412 1320 2764 1389 Εὐαγγέλιονν
2791 1321 3067 1392 ὀνομάζει,
3116 1322 3374 1377 δύνασθαι
3419 1322 3496 1392 τῷ
3527 1322 3752 1394 μεγέθει
3779 1322 3905 1376 τῶν

2304 1412 2561 1466 τοιούτων
2614 1413 2822 1468 κλάδων
2869 1415 3223 1468 έννοσσεύειν.
3282 1415 3461 1470 Καλιά
3501 1415 3610 1486 γάρ
3649 1432 3737 1478 τις
3774 1410 3900 1468 οἷόν

2305 1503 2423 1556 ὲστι
2451 1502 2648 1573 ψυχῆς,
2677 1505 2710 1574 ἡ
2737 1505 2863 1573 περὶ
2887 1504 2948 1558 τὸ
2981 1505 3308 1576 ζητούμενον
3337 1505 3756 1576 συγκατάθεσις,
3785 1507 3904 1576 τὴν

2304 1597 2538 1651 ἄστατον
2586 1596 2678 1649 τοῦ
2730 1597 2821 1649 νοῦ
2873 1597 3440 1669 πολυπραγμοσύνην,
3475 1597 3728 1668 καθάπερ
3759 1598 3894 1650 τινὰ.

2305 1687 2618 1760 πολυπλανῆ
2647 1689 2864 1759 πτῆσιν,
2897 1690 2980 1758 ἐφ’
3007 1691 3206 1759 ἑαυτῆς
3236 1689 3607 1743 ἀναπαύουσα.
3640 1688 3767 1751 Πῶς
3788 1683 3894 1741 οὖν

623 1756 740 1811 bori
779 1759 941 1814 liceat
975 1764 1226 1832 exiguam
1263 1777 1465 1821 nostra:
1493 1770 1846 1838 cogitationis
1893 1774 2188 1842 plantulam

2300 1777 2415 1832 ἐστι
2451 1779 2528 1850 τῷ
2560 1780 2785 1850 τοιούτῳ
2832 1780 2928 1834 καὶ
2953 1781 3256 1852 τηλικούτῳ
3285 1782 3485 1852 δένδρῳ
3525 1781 3633 1834 τῶν
3674 1780 3884 1848 λόγων,

621 1850 977 1916 comparare?
1004 1851 1087 1904 An
1115 1869 1244 1907 vero
1279 1871 1455 1925 neque
1486 1865 1542 1912 tu
1576 1858 1834 1936 imperas,
1876 1878 2051 1933 neque
2095 1879 2199 1920 nos

623 1954 863 2008 unquam
895 1956 1246 2009 conaremur,
1280 1950 1451 2016 patris
1482 1951 1842 2022 magistrique
1874 1956 2049 2009 nostri
2085 1965 2200 2010 stu-

619 2031 711 2085 dio
748 2033 988 2089 laborem
1025 2045 1276 2092 nostrum
1316 2045 1637 2110 opponere?
1689 2042 1881 2114 Itaque
1925 2047 2197 2122 agricolas

619 2123 802 2192 potius
831 2124 1188 2193 imitabimur,
1218 2131 1313 2200 qui
1347 2133 1582 2188 mirabili
1620 2136 1855 2202 quadam
1893 2138 2108 2201 ratione
2125 2154 2192 2193 ex

621 2231 728 2268 una
757 2217 1056 2290 eademque
1081 2225 1269 2292 planta
1302 2226 1486 2282 varios
1514 2226 1728 2283 fructus
1758 2231 2066 2300 percipiunt
2091 2251 2106 2299 ;
2142 2233 2193 2287 id

619 2317 800 2364 autem
833 2321 1206 2382 assequuntur
1241 2315 1517 2372 inserendi
1549 2320 1803 2380 artiﬁcio.
1851 2324 1994 2391 quod
2048 2325 2194 2393 ejus-

619 2400 762 2455 modi
829 2410 958 2457 est:
1019 2405 1278 2473 pusillum
1330 2407 1548 2476 aliquod
1605 2428 1669 2465 ex
1718 2415 1912 2467 arbore
1938 2417 2190 2485 quapiam

617 2502 859 2556 germen,
893 2507 998 2547 una
1029 2509 1150 2548 cum
1180 2497 1386 2552 cortice
1425 2500 1546 2554 basi
1601 2501 1748 2557 illius
1799 2503 2047 2572 subjecto
2097 2506 2194 2559 de.

615 2588 886 2648 cerptum,
930 2582 984 2636 in
1008 2584 1238 2640 alterius
1269 2587 1484 2641 arboris
1519 2589 1761 2658 majoris.
1796 2593 1978 2662 aliqua
2036 2603 2208 2664 parte-

616 2671 698 2726 sic
731 2672 928 2737 incisa,
963 2682 1021 2727 ut
1047 2675 1095 2730 ei
1142 2685 1332 2732 cortex
1363 2679 1616 2748 quadret,
1653 2682 1960 2747 includunt,
2002 2692 2061 2738 ut
2093 2700 2190 2739 na-

617 2763 778 2816 turali
808 2764 1034 2833 majoris
1066 2767 1281 2824 arhoris
1324 2769 1552 2826 llun‘iore
1575 2788 1796 2842 germen
1831 2776 2190 2830 illud'enutri-

617 2861 729 2904 tum
757 2854 1031 2910 coalescat
1063 2873 1360 2930 ramusqne
1395 2862 1505 2915 ﬁat.
1537 2863 1708 2918 Meam
1740 2865 1923 2921 itidem
1954 2883 2054 2937 ego
2093 2883 2189 2923 co-

614 2942 952 3010 gitationem,
983 2949 1138 3016 quasi
1166 2964 1386 3020 germen
1437 2962 1530 3005 aut
1579 2956 1863 3008 surculum
1905 2959 2184 3027 exiguum,

615 3049 824 3103 magna:
857 3037 1063 3103 arbori,
1097 3055 1294 3110 nempe
1319 3049 1670 3112 przeceptoris
1699 3045 1871 3100 nostri
1905 3049 2184 3116 sapientiae

615 3125 870 3196 inseram,
900 3131 1297 3202 occasioneqne
1325 3134 1455 3186 mihi
1492 3135 1618 3188 inde
1668 3137 2030 3205 suppeditata,
2066 3146 2192 3193 tan-

612 3233 776 3286 quam
804 3220 1029 3277 humore
1062 3224 1298 3292 quodam
1328 3225 1609 3294 irrigatus,
1641 3241 1740 3294 pro
1759 3228 1969 3282 viribus
1997 3244 2184 3287 ramus

611 3309 732 3379 ejus
782 3310 1010 3366 el’liciar.
1058 3313 1308 3367 Arbitror
1339 3314 1484 3368 enim
1541 3318 1807 3385 quosdam
1854 3318 1999 3373 haud
2039 3332 2185 3384 recte

612 3400 923 3469 percepisse
959 3401 1092 3471 quid
1129 3402 1216 3458 ille
1249 3404 1352 3458 sibi
1400 3404 1456 3458 in
1503 3403 1570 3460 iis
1597 3423 1718 3476 qua:
1751 3409 1805 3462 in
1843 3425 1936 3465 sex
1970 3411 2180 3466 dierum

609 3488 885 3559 opiﬁcium
925 3494 1273 3562 conscripsit,
1307 3498 1938 3570 proposueritzideoquc
1971 3502 2183 3557 calum-

613 3580 772 3646 niari,
811 3581 958 3650 quod
997 3583 1238 3639 dilucide
1277 3601 1385 3640 non
1416 3589 1705 3656 explicarit
1731 3605 1794 3644 ea
1829 3607 1952 3660 qua:
1988 3591 2062 3645 ad.
2094 3608 2184 3647 so-

610 3671 712 3726 lem
741 3673 1042 3742 pertinent,
1095 3679 1374 3746 quomodo
1421 3689 1546 3748 post
1581 3689 1694 3736 tres
1733 3681 1870 3746 dies,
1915 3698 2025 3736 non
2056 3698 2180 3737 cum

610 3765 838 3835 reliquis
862 3767 1035 3822 stellis
1068 3767 1324 3823 conditus
1359 3768 1520 3825 fuerit
1546 3788 1560 3838 ;
1591 3773 1749 3842 quasi
1781 3772 1893 3827 ﬁeri
1925 3781 2178 3844 nequeat,

609 3862 668 3907 ut
697 3869 856 3910 mane
893 3865 947 3912 et
983 3873 1208 3928 vespera
1235 3859 1492 3915 diurnum
1526 3863 1764 3931 spatium
1785 3865 2178 3928 constituatur,

608 3945 715 3999 nisi
744 3948 969 4002 omnino
1019 3952 1101 4004 sol
1140 3958 1196 4006 et
1231 3952 1489 4008 occidens
1525 3968 1831 4022 vesperam,
1891 3962 1945 4010 et
1996 3957 2181 4012 oriens

607 4048 768 4089 mane
804 4034 1080 4090 conﬁciat.

676 4208 914 4266 Duorum
948 4226 1167 4282 quoque
1193 4213 1457 4268 caelorum
1483 4215 1916 4286 procreationem
1951 4233 2058 4274 non
2087 4233 2180 4273 ca-

604 4303 834 4368 pientes,
869 4321 994 4360 cum
1017 4305 1084 4361 de
1116 4307 1278 4362 tertio
1305 4309 1448 4363 cmlo
1473 4309 1802 4362 mentionem
1837 4308 2001 4364 faciat
2035 4311 2179 4382 Apo-

2298 1869 2683 1940 ἀντιφυτεῢσαι
2714 1872 2810 1943 τὴν
2841 1873 3104 1945 βραχεῖαν
3145 1874 3246 1943 τῆς
3291 1874 3530 1936 διανοίας
3557 1873 3713 1943 ἡμῶν
3743 1873 3885 1927 ὑπο·

2299 1963 2506 2028 σπάδα;
2560 1965 2630 2016 Ἢ
2661 1964 2819 2018 τοῦτο
2851 1965 2949 2035 μὲν
2991 1965 3113 2019 οὔτε
3141 1968 3206 2019 σὺ
3231 1965 3494 2030 κελεύεις,
3533 1965 3644 2020 οὒτ’
3670 1965 3738 2020 ἂν
3765 1964 3884 2034 ἐγὼ

2294 2053 2557 2126 δεξαίμην
2588 2055 2737 2117 ποτὲ,
2770 2057 2832 2109 τὸ
2871 2058 2929 2122 ἐξ
2971 2057 3214 2110 ἐναντίου
3241 2059 3308 2127 τῇ
3337 2057 3432 2110 τοῦ
3482 2057 3687 2128 πατρὸς
3715 2056 3883 2126 ἡμῶν

2294 2145 2387 2196 καὶ
2426 2144 2747 2200 διδασκάλου
2791 2145 3083 2217 φιλοπονίᾳ
3111 2145 3200 2200 τὸν
3229 2146 3499 2216 ἡμέτερον
3527 2145 3882 2216 ἀντιτεθῆναι

2295 2237 2487 2299 πόνους
2550 2237 2689 2290 Ἀλλ’
2737 2237 2926 2308 ῶσπερ
2978 2241 3028 2290 οἱ
3069 2239 3306 2309 γεωργοὶ
3352 2236 3878 2308 θαυματοποιοῦσιν,

2292 2326 2520 2397 καρπῶν
2548 2327 2808 2398 διαφορὰν
2841 2330 2899 2380 ὲν
2928 2329 3008 2380 ἐνὶ
3034 2327 3184 2398 φυτῴ
3219 2325 3586 2396 σοφιζόμενον
3610 2328 3639 2379 6
3666 2327 3725 2378 δὲ
3749 2326 3880 2397 τρό-

2293 2435 2391 2480 πος
2416 2417 2514 2484 τῆς
2542 2419 2876 2488 φυτοκομίας
2901 2414 3053 2482 οὗτός
3087 2421 3268 2471 ἐστιν’
3287 2417 3468 2490 Βραχύ
3497 2434 3550 2470 τι
3583 2415 3782 2484 φύλλον
3816 2415 3877 2482 ἐξ

2290 2509 2477 2579 ἑτέρου
2497 2508 2712 2580 δένδρου
2743 2509 2879 2580 μετά
2899 2509 2992 2562 τοῦ
3020 2509 3380 2580 ὑποκειμένου
3405 2510 3472 2578 τῇ
3505 2507 3658 2578 βάσει
3683 2505 3875 2575 φλοιοῦ

2289 2601 2684 2672 ἀποσύραντες,
2719 2601 2864 2671 ἄλλῳ
2900 2601 3050 2672 φυτῷ
3083 2602 3309 2672 μείζονι,
3345 2602 3487 2654 κατά
3514 2618 3567 2653 τι
3596 2600 3762 2670 μέρος
3788 2597 3873 2662 ἓν,

2289 2691 2462 2761 τομῆς
2500 2691 2592 2744 τὸν
2628 2693 2808 2761 φλοιὸν
2852 2693 3263 2764 ὲναρμόζουσιν,
3304 2692 3392 2745 ἵνα
3428 2695 3494 2761 τῇ
3537 2692 3737 2760 φυσικῇ
3771 2689 3874 2743 τοῦ

2292 2783 2538 2852 μείζονος
2579 2782 2765 2853 ίκμάδι
2832 2783 2893 2836 τὸ
2926 2782 3140 2835 έντεθὲν
3172 2784 3348 2835 έκεῖνο
3383 2783 3752 2851 πιαινόμενον,
3787 2783 3872 2843 είς

2287 2875 2479 2929 κλάδον
2509 2872 2838 2944 ἀναφύηται.
2885 2872 3042 2926 Οὕτω
3089 2874 3184 2926 καὶ
3232 2873 3395 2936 αὐτὸς
3437 2872 3536 2943 τὴν
3583 2871 3721 2941 ἐμὴν
3751 2871 3870 2925 διά-

2287 2983 2457 3029 νοιαν,
2477 2959 2587 3018 οἲόν
2609 2943 2731 3016 τινα
2761 2963 2964 3034 βραχὺν
2992 2963 3188 3033 μόσχον
3206 2966 3281 3034 τῇ,
3303 2964 3488 3034 ἰκμάδι
3509 2963 3602 3016 τοῦ
3629 2960 3865 3034 μεγάλου

2285 3055 2503 3126 δένδρου
2528 3057 2593 3125 τῇ
2625 3054 2718 3107 τοῦ
2746 3053 3068 3106 διδασκάλου
3097 3051 3252 3123 ἡμῶν
3282 3052 3442 3123 σοφίᾳ
3471 3051 3704 3123 ὲνείρας,
3735 3049 3868 3104 κλάε-

2287 3145 2376 3207 δος
2421 3144 2629 3196 ἐκείνου
2675 3141 2928 3211 γενέσθαι
2980 3140 3346 3212 πειράσομαι,
3398 3140 3743 3211 ἐμφυόμενος
3787 3138 3866 3203 ὡς

2289 3236 2402 3288 ἐστι
2433 3252 2521 3304 μοι
2561 3233 2784 3286 δυνατὸν
2833 3235 2942 3295 τοῖς
2976 3233 3231 3302 νοήμασι,
3273 3231 3366 3284 καὶ
3407 3233 3474 3301 τῇ
3503 3229 3737 3300 χορηγίαι⁵
3762 3229 3865 3299 τῆς

2288 3323 2496 3383 ἐκεῖθεν
2553 3320 2896 3392 ἐνδιδομένης
2967 3321 3100 3391 ἡμῖν
3165 3319 3423 3389 ἀφορμῆς
3476 3318 3860 3389 ὲπαρδόμενος.

2286 3411 2450 3485 Οἶμαι
2476 3412 2584 3484 γὰρ
2617 3411 2726 3480 ἐγὼ
2759 3411 2832 3482 μὴ
2877 3410 3059 3474 καλῶς
3099 3428 3253 3474 τινας
3289 3411 3380 3464 τὸν
3410 3411 3607 3463 σκοπὸν
3639 3410 3747 3462 τῶν
3782 3412 3862 3474 εἰς

2283 3506 2381 3577 τὴν
2416 3506 2752 3576 Ἐξαήμερον
2783 3503 2931 3574 αὐτῷ
2960 3503 3352 3574 πεπονημένων
3378 3501 3762 3572 ἐπεγνωκέναι,
3795 3493 3860 3554 οὗ

2285 3599 2444 3668 χάριν
2474 3595 2752 3651 αἰτιῶνται
2785 3595 2848 3648 τὸ
2880 3595 3017 3666 μήτε
3055 3595 3182 3667 περὶ
3207 3592 3301 3646 τοῦ
3336 3593 3488 3663 ἡλίου
3519 3593 3665 3663 σαφῆ
3686 3609 3860 3663 παρα-

2282 3687 2524 3743 δεδόσθαι
2555 3688 2650 3758 τὴν
2674 3685 2888 3756 γνῶσιν,
2911 3687 3117 3749 αὐτοῖς,
3152 3685 3271 3749 πῶς
3304 3685 3441 3756 μετά
3468 3688 3618 3756 τρεῖς
3647 3683 3858 3756 ἡμέρας

2282 3782 2310 3834 6
2336 3777 2558 3850 φωστὴρ
2578 3820 2592 3844 ,
2639 3777 2750 3832 οὔτ’
2785 3777 2849 3832 ἂν
2882 3778 3020 3848 μετὰ
3062 3777 3171 3830 τῶν
3210 3777 3384 3830 ἄλλων
3413 3777 3660 3845 ἀστέρων
3688 3793 3855 3827 κατα-

2287 3865 2643 3928 σκευάζεται,
2687 3865 2762 3928 ὡς
2804 3864 3066 3919 ἀδύνατον
3097 3865 3155 3917 ὃν
3185 3865 3364 3936 ὄρθρῳ
3393 3864 3492 3917 καὶ·
3519 3862 3726 3932 ἑσπέρᾳ
3751 3863 3853 3917 διο-

2287 3955 2534 4024 ρισθῆναι
2562 3955 2622 4008 τὸ
2653 3957 2955 4026 ἡμερήσιον
2991 3957 3204 4027 μέτρον,
3240 3956 3288 4007 εί
3316 3953 3389 4025 μὴ
3420 3951 3632 4014 πάντως
3656 3954 3684 4004 6
3703 3952 3851 4022 ἥλιος

2283 4045 2522 4113 ἑσπέραν
2565 4045 2662 4114 μὲν
2708 4045 2987 4117 δυόμενος,
3027 4045 3239 4117 ὄρθρον·
3265 4045 3326 4096 δὲ
3365 4043 3666 4097 ἀνατέλλων
3699 4046 3850 4117 ποιή-

2284 4151 2447 4187 σειεν.

2363 4221 2637 4286 Ὡσαύτως
2674 4223 2731 4276 δὲ
2767 4226 2862 4278 καὶ
2893 4224 2994 4294 τὴν
3027 4224 3138 4278 τῶν
3173 4223 3265 4277 δύο
3304 4223 3548 4295 οὐρανῶν
3579 4223 3846 4296 δημιουρ-

2280 4314 2406 4383 γίαν
2437 4314 2499 4368 οὐ
2545 4313 2939 4386 παραδέχονται
2984 4315 3251 4382 λέγοντες,
3307 4316 3356 4367 εἰ
3405 4314 3502 4368 καὶ
3539 4313 3719 4384 τρίτου
3752 4314 3844 4384 μέ-

604 4389 779 4444 stolus
801 4393 844 4452 ',
874 4392 1269 4448 dubitationem
1300 4394 1354 4448 in
1381 4395 1482 4449 hac
1513 4403 1667 4465 parte
1696 4412 1914 4453 manere
1943 4409 2175 4455 conten-

2291 4422 2484 4476 μνηται
2527 4405 2760 4477 ούρανοῦ
2805 4408 2834 4459 6
2873 4403 3192 4468 Ἀπόστολος
3218 4447 3231 4469 ,
3275 4404 3426 4457 οὐδὲν
3469 4399 3630 4476 ἦττον
3673 4403 3845 4473 μένειν

603 4479 757 4534 dunt.
793 4481 1037 4548 Etenim,
1080 4500 1204 4538 cum
1241 4487 1293 4539 in
1340 4487 1610 4558 principio
1663 4487 1863 4544 factum
1900 4492 1970 4546 sit
2005 4509 2172 4547 umim

2291 4497 2337 4548 ὲν
2362 4495 2440 4564 τῷ
2476 4495 2633 4567 μέρει
2657 4495 2829 4565 τούτῳ
2855 4495 2915 4548 τὺ
2940 4494 3143 4565 ἄπορον
3167 4512 3181 4525 ο
3213 4495 3348 4547 διότι
3373 4496 3430 4546 ὲν
3456 4496 3597 4564 ἀρχῇ
3629 4495 3842 4561 γεγονό-

603 4571 800 4625 caelum
824 4572 864 4634 ³,
901 4585 1083 4642 postea
1123 4591 1251 4629 vero
1285 4576 1686 4634 ﬁrmamentum
1710 4581 1767 4648 ις
1803 4597 1903 4637 nec
1951 4583 2027 4637 illi
2075 4601 2176 4639 nu-

605 4678 753 4718 mero
782 4663 1046 4718 ccelorum
1086 4667 1233 4720 aliud
1274 4671 1574 4740 ascriptum
1612 4673 1686 4726 sit
1716 4675 1947 4731 tertium.
1976 4678 2173 4731 caelum

604 4767 801 4824 praeter
836 4758 935 4814 hos
963 4759 1132 4826 duos,
1175 4771 1372 4832 negant
1411 4782 1577 4835 posse
1609 4767 2012 4832 demonstrari,
2049 4784 2174 4823 cum

604 4863 778 4915 neque
808 4856 928 4916 post
963 4853 1368 4908 ﬁrmamentum
1397 4856 1552 4910 aliud
1571 4856 1818 4910 eﬁ’ectum
1851 4861 1922 4914 sit
1952 4861 2172 4924 caelum,

603 4954 703 4994 nec
731 4940 984 5011 principii
1014 4945 1152 4999 ratio
1183 4946 1452 5014 patiatur,
1486 4957 1543 5003 ut
1572 4947 1868 5018 quidquam
1899 4953 2176 5020 antiquius

602 5029 926 5097 cogitemus.
959 5030 1094 5086 Nam
1128 5034 1174 5088 si
1205 5035 1258 5088 in
1299 5037 1568 5108 principio
1601 5037 1803 5091 factum
1841 5046 1928 5093 est
1951 5040 2171 5104 coelum,

603 5121 726 5176 inde
759 5122 1016 5178 nimirum
1059 5141 1146 5181 res
1182 5140 1481 5196 procreatae
1515 5141 1868 5199 sumpserunt
1903 5131 2119 5186 initium
2157 5151 2169 5187 :

603 5213 845 5282 alioquin
879 5224 1028 5270 recte
1059 5218 1389 5288 principium
1430 5237 1538 5275 non
1573 5221 1764 5277 fuisset
1799 5225 2128 5294 appellatum
2154 5264 2168 5289 ,

602 5302 646 5356 si
674 5303 998 5372 principium
1025 5307 1195 5376 ipsius
1226 5311 1456 5365 alterum
1479 5312 1779 5369 exstitisset
1805 5335 1816 5369 :
1851 5315 1995 5385 quod
2025 5318 2168 5372 enim

602 5390 792 5447 ordine
824 5395 1122 5448 secundum
1147 5406 1263 5460 est,
1295 5399 1624 5470 principium
1658 5418 1759 5457 nec
1797 5412 1915 5468 est,
1951 5420 2050 5460 nec
2083 5406 2169 5460 di-

603 5483 764 5538 citur.
793 5483 1041 5540 Attamen
1073 5485 1274 5543 Paulus
1294 5491 1514 5546 tertium
1539 5493 1736 5548 cmlum
1759 5506 2169 5563 commemorat,

674 5666 694 5705 λ
725 5666 910 5722 Matth.
954 5686 1069 5736 xm,
1112 5669 1198 5735 5|,
1243 5670 1330 5725 5'2.
1410 5673 1428 5701 '
1463 5667 1501 5724 ll
1528 5671 1654 5727 Cor.
1689 5688 1784 5738 xu,
1826 5673 1873 5728 ‘2.

1957 5676 1975 5706 ⁵
2008 5674 2141 5730 6οη.
2184 5691 2220 5739 ι,
2269 5677 2313 5728 l.

2274 4605 2364 4651 τος
2393 4589 2514 4651 ὲνδς
2545 4587 2800 4660 ούρανοῦ,
2851 4587 2988 4658 μετὰ
3016 4586 3189 4640 ταῦτα
3234 4587 3298 4640 δὲ·
3323 4586 3417 4640 τοῦ
3459 4586 3839 4657 στερεὼματος,

2273 4679 2431 4734 ἄλλου
2465 4679 2522 4731 δὲ
2552 4679 2804 4749 ούρανοῦ,
2847 4679 2992 4732 τοῦτ’
3039 4678 3154 4732 ἔστι
3182 4679 3438 4749 δευτέρας
3468 4677 3838 4749 δημιουργίας,

2277 4768 2352 4839 μὴ
2387 4769 2840 4841 προσγραφείσης
2864 4769 2940 4839 τῷ
2971 4771 3200 4840 Μωῦσῇ,
3234 4768 3620 4821 ἀναπόδεικτόν
3652 4770 3759 4821 ἐστι
3784 4768 3838 4821 τὸ

2274 4857 2368 4912 καὶ
2412 4860 2592 4930 τρίτον
2633 4859 2860 4930 οὐρανόν
2912 4859 3002 4911 ἐπὶ
3044 4862 3156 4921 τοῖς
3200 4857 3293 4910 δύο
3335 4856 3545 4920 τούτοις
3585 4859 3738 4918 νοεῖν,
3766 4856 3836 4924 τῷ

2277 4951 2414 5021 μήτε
2449 4951 2586 5021 μετὰ
2613 4949 2674 5004 τὸ
2713 4951 2996 5020 στερέωμα
3026 4947 3355 5019 γεγενῆσθαι
3385 4947 3565 5013 ἄλλον,
3595 4949 3726 5018 μήτε
3755 4947 3836 4999 τὸν

2271 5042 2372 5110 τῆς
2401 5043 2574 5113 rip-ﬁ];
2606 5042 2762 5110 λόγον
2805 5043 3106 5111 συγχωρεῖν
3159 5042 3504 5115 προεπινοεῖν
3535 5057 3586 5093 τι
3618 5037 3835 5108 πρεσϐύ-

2271 5148 2449 5202 τερον.
2507 5132 2568 5184 Et
2599 5133 2706 5205 γὰρ
2745 5135 2801 5186 ὲν
2831 5133 2973 5203 ἀρχῇ
3004 5130 3226 5200 γέγονεν
3259 5131 3487 5204 οὐρανὸς
3510 5172 3524 5196 ,
3573 5130 3724 5200 δῆλον
3763 5127 3835 5180 ὅτι

2272 5223 2380 5277 ἀπὸ
2407 5223 2525 5276 τότε
2555 5225 2589 5293 ὴ
2619 5224 2796 5287 κτίσις
2820 5225 3022 5296 ἦρξατο
3046 5239 3061 5255 °
3113 5225 3174 5278 οὐ
3209 5223 3318 5295 γὰρ
3344 5222 3411 5278 ἂν
3443 5221 3584 5294 ἀρχὴ
3611 5235 3829 5273 κατωνο-

2283 5314 2461 5387 μάσθη
2492 5315 2596 5368 ὑπὸ
2621 5315 2712 5368 τοῦ
2747 5315 2927 5382 λόγου,
2978 5317 3025 5368 εί
3057 5315 3220 5386 ἀλλην
3256 5310 3397 5384 εἶχεν
3437 5311 3608 5384 ἀρχὴν
3653 5311 3831 5378 ἑαυτῆς

2277 5407 2678 5479 ὑπερκειμένην
2702 5423 2715 5436 °
2773 5405 2834 5458 τὺ
2872 5410 2982 5477 γὰρ
3021 5406 3334 5480 δευτερεῦον
3383 5404 3523 5459 κατά
3568 5402 3663 5472 τὴν
3699 5399 3831 5466 τάξιν

2279 5499 2392 5554 οὔτ’
2426 5499 2572 5552 ἔστιν
2595 5496 2759 5566 ἀρχὴ,
2793 5496 2913 5550 οὔτε
2943 5498 3175 5566 λέγεται.
3221 5497 3380 5552 ’.Αλλά
3415 5497 3520 5568 μὴν
3553 5494 3646 5549 καὶ
3668 5493 3828 5565 τρίτα)

2394 5680 2412 5707 ~
2451 5676 2578 5731 ibid.
2620 5674 2672 5744 6,
2717 5677 2766 5730 7..
