4106 6208
305 273 392 327 456
1541 275 1604 328 ΙΝ
1645 272 2118 332 IIEXAEMERUN
2161 279 2382 332 LIBER.
3492 287 3565 348 σῃ

315 381 560 453 οὐρανοῦ
600 379 818 451 μνήμην
866 380 1156 452 πεποίηται
1203 383 1232 436 ό
1285 383 1517 448 Παῦλος,
1567 386 1625 440 ὃν
1671 389 1702 458 ἡ
1749 389 1896 460 δημι-

2009 390 2153 461 quod
2200 391 2385 446 mundi
2416 390 2622 446 fabrica
2655 405 2764 447 non
2801 391 2996 458 habet,
3029 396 3485 465 quemadmodum
3517 417 3574 456 οι

300 474 525 544 ρυργία
568 473 669 524 ούκ
699 470 833 539 ἔχει,
874 471 1017 541 Ἀρα
1048 473 1142 524 καὶ
1171 473 1402 526 ἐνταῦθα
1451 477 1485 546 ἡ
1527 476 1620 530 τοῦ
1651 478 1896 550 δευτέρου

2007 480 2094 534 hic
2123 481 2350 536 secundi
2380 483 2585 538 mentio
2611 484 2894 552 quaeritur.
2923 484 3025 551 Qui
3056 485 3170 542 haec
3201 496 3256 543 et
3289 489 3392 544 alia
3423 491 3560 560 ejus-

323 563 514 631 μνήμη
554 559 663 612 τῶν
707 555 1056 629 ζητουμένων
1097 560 1260 614 ἐστίν.
1291 563 1352 615 OE
1395 564 1566 616 ταῦτα
1603 565 1782 616 τοίνυν
1811 566 1904 618 καὶ

322 652 391 704 τά
419 650 649 704 τοιαῦτα
676 652 1057 721 προφέροντες.
1081 651 1142 704 οὗ
1176 670 1266 720 μοι
1295 654 1537 708 δοκοῦσιν
1571 657 1902 726 ἐπεσκέφθαι

321 743 412 796 τόν
445 744 653 796 σκοπὸν
699 743 798 812 τῆς
845 745 938 796 τοῦ
986 745 1190 814 πατρὸς
1233 745 1390 816 ἡμῶν
1427 746 1801 813 διδασκαλίας,
1845 750 1904 812 ὂς

317 837 480 906 δήμῳ
531 837 774 905 τοσούτῳ
823 835 1204 905 διαλεγόμενος
1254 839 1311 889 ἐν
1363 839 1627 911 ἐκκλησίᾳ
1673 841 1903 894 πολυαν-

548 967 562 986 ,
621 925 954 996 κατάλληλον
1000 927 1305 996 ἐξανάγκης
1349 925 1580 981 ἐποιεῖτο
1615 933 1725 993 τοῖς
1755 931 1903 1000 δεχο-

302 1019 507 1087 ,μένοις
541 1019 635 1070 τόν
683 1017 859 1084 λόγον.
904 1018 990 1070 Ἐν
1032 1018 1138 1089 γὰρ
1167 1019 1442 1083 τοσούτοις
1479 1023 1591 1084 τοῖς
1619 1021 1896 1085 ἀκούουσι,

321 1109 508 1161 πολλοὶ
543 1109 643 1178 μὲν
671 1103 810 1177 ἦσαν
851 1109 945 1160 καί⁸
997 1110 1044 1160 οἱ
1093 1109 1201 1162 τῶν
1249 1110 1589 1182 ὑψηλοτέρων
1623 1113 1901 1177 ἐπαῖόντες

319 1197 495 1266 λόγων
519 1213 532 1226 ’
583 1199 1017 1262 πολλαπλασίους
1056 1200 1112 1252 δὲ
1152 1201 1203 1252 οἱ
1238 1201 1336 1270 τῆς
1364 1201 1692 1273 λεπτοτέρας
1719 1203 1901 1268 ἐξετά-

320 1308 461 1353 σεως
485 1290 598 1342 τῶν
621 1291 911 1360 νοημάτων
934 1291 1033 1344 οὐκ
1056 1292 1450 1364 ἐφικνούμενοι,
1477 1295 1666 1366 ἄνδρες
1699 1297 1898 1348 ἰδιῶται

319 1384 417 1434 καὶ
457 1383 719 1452 βάναυσοι
749 1385 870 1446 ταῖς
910 1383 1232 1453 ἐπιδιφρίοις
1274 1386 1554 1459 ἐργασίαις
1601 1404 1900 1457 προσασκο-

316 1474 591 1544 λούμενοι,
624 1473 718 1526 καὶ
745 1475 772 1525 ό
817 1475 876 1526 ἐν
901 1473 1113 1541 γυναιξὶ
1139 1474 1264 1538 λαὸς
1295 1475 1404 1528 τῶν
1433 1476 1685 1529 τοιούτων
1721 1479 1896 1549 μαθη-

321 1565 506 1633 μάτων
536 1565 908 1634 ἀγύμναστος,
937 1564 1084 1635 καὶὴ
1111 1565 1324 1618 νεολαία
1344 1566 1450 1618 τῶν
1478 1569 1702 1633 παίδων,
1727 1570 1819 1621 καὶ
1847 1569 1897 1621 οἱ

303 1656 777 1726 ιπαρηλικέστεροι
810 1654 954 1708 κατά
999 1654 1088 1708 τὸν
1135 1657 1344 1726 χρόνον,
1386 1658 1583 1723 πάντες
1616 1652 1759 1713 οὗτοι
1789 1661 1896 1714 τῶν

309 1745 581 1798 τοιούτων
632 1745 839 1798 ἐδέοντο
884 1745 1079 1813 λόγων,
1126 1747 1235 1798 τῶν
1272 1748 1410 1818 μετά
1444 1767 1586 1814 τινος
1627 1752 1892 1820 εύλήπτου

311 1836 682 1904 ,ψυχαγωγίας
709 1835 794 1889 διὰ
820 1835 919 1906 τῆς
949 1837 1276 1908 φαινομένης
1302 1840 1548 1904 κτίσεως,
1582 1842 1672 1894 καὶ
1705 1844 1812 1896 τῶν
1838 1846 1896 1896 ἐν

321 1927 512 1998 ταύτῃ
553 1925 730 1979 καλῶν
773 1925 899 1996 πρὸς
946 1927 1046 1997 τὴν
1077 1927 1170 1980 τοῦ
1216 1931 1575 1999 πεποιηκότος
1613 1932 1679 1984 τὰ
1722 1933 1895 1986 πάντα

329 2018 544 2086 γνῶσιν
575 2017 1057 2087 χειραγωγούντων.
1093 2018 1251 2070 Ὥστε
1286 2022 1333 2072 εί
1365 2021 1461 2090 μὲν
1491 2021 1625 2092 πρὸς
1654 2021 1744 2076 τόν
1776 2041 1896 2077 σκο-

335 2103 440 2163 πὸν
465 2107 563 2176 τῆς
597 2107 686 2158 τοῦ
716 2107 946 2176 μεγάλου
971 2108 1287 2162 διδασκάλου
1316 2113 1488 2181 κρίνει
1523 2131 1607 2176 τις
1637 2115 1704 2167 τά
1747 2113 1896 2183 λεγό-

324 2207 488 2267 μενα,
533 2197 700 2249 λείπει
731 2201 843 2261 τοῖς
874 2199 1182 2270 εἰρημένοις
1228 2201 1400 2254 οὐδέν.
1445 2205 1518 2254 Οὐ
1559 2204 1666 2275 γὰρ
1699 2205 1896 2273 ἀγωνι-

319 2288 649 2358 στικὼτερον
689 2289 1017 2358 ἐνεστήσατο
1063 2290 1217 2360 λόγον
1250 2292 1385 2363 πρὸς
1424 2296 1542 2358 ταῖς
1587 2295 1696 2348 τῶν
1735 2297 1897 2367 ζητη-

317 2381 508 2449 μάτων
565 2379 849 2443 ἐνστάσεις
894 2379 1143 2451 ἐκθύμως
1172 2383 1613 2454 διαπλεκόμενος,
1641 2386 1774 2440 ἀλλὰ
1798 2392 1896 2459 τῆς

309 2467 692 2542 ἁπλουστέρας
722 2471 832 2524 τῶν
871 2475 1130 2543 ῥημάτων
1158 2476 1467 2546 ἐξηγήσεως
1494 2479 1612 2543 ὅλος
1643 2475 1730 2549 ἦν.
1756 2481 1896 2534 ὥστε

313 2563 628 2634 πρόσφορον
662 2565 728 2632 τῇ
761 2562 1024 2632 ἁπλότητι
1066 2563 1174 2618 τῶν
1219 2566 1522 2620 ἀκουόντων
1553 2568 1896 2636 παραθέσθαι

315 2654 410 2707 τὸν
436 2654 614 2721 λόγον,
643 2654 782 2724 μετά
808 2652 902 2708 τοῦ
927 2656 1018 2707 καὶ
1041 2659 1152 2719 τοῖς
1174 2657 1280 2709 τῶν
1314 2659 1571 2726 μειζόνων
1603 2661 1896 2732 ἀκροαταῖς

317 2746 732 2798 συναναϐαίνειν
767 2762 882 2807 πως
922 2745 1090 2798 ἀὑτοῦ
1123 2747 1222 2818 τὴν
1264 2737 1542 2819 ἐξήγησιν,
1571 2751 1638 2803 τὰ
1677 2752 1896 2806 ποικίλα

315 2834 625 2903 μαθήματα
683 2833 787 2902 ’τῆς
847 2833 951 2900 ἔξω
1016 2835 1332 2904 φιλοσοφίας
1378 2839 1893 2909 παραδεικνύουσαν.

313 2919 484 2977 Ὥστε
517 2924 671 2995 παρὰ
708 2921 803 2995 μὲν
835 2926 942 2978 τῶν
972 2923 1181 2979 πολλῶν
1208 2928 1461 2995 νοεῖσθαι,
1509 2931 1659 3000 παρά
1689 2931 1745 2984 δὲ
1790 2933 1895 2985 τῶν

309 3017 699 3086 ὑπερεχόντων
732 3016 1123 3086 θαυμάζεσθαι.
1178 3019 1240 3070 Εί
1270 3018 1324 3071 δὲ
1363 3021 1426 3073 σὺ
1450 3061 1464 3085 ,
1508 3020 1755 3091 καθάπερ
1801 3023 1895 3074 ἐπὶ

2006 573 2149 627 modi
2188 576 2516 643 loquuntur,
2547 576 2602 630 hi
2633 576 2766 630 mihi
2795 591 2904 631 non
2937 577 3193 633 videntur
3227 585 3566 650 propositum

2003 663 2174 730 patris
2218 664 2390 717 nostri
2437 664 2700 719 doctrinm
2743 666 2904 722 linem
2945 666 3177 734 intueri,
3215 672 3309 740 qui
3356 675 3409 726 in
3453 689 3562 728 am-

2004 754 2249 822 plissima
2296 757 2529 812 ecclesia
2586 759 2846 828 pupulum
2888 758 3391 829 frequentissimum
3429 768 3550 821 allo

2003 860 2196 914 quens,
2235 863 2334 916 pro
2359 849 2698 903 audientium
2726 849 3084 920 intelligentia
3114 869 3421 912 sermonem
3453 874 3553 911 mo

2002 941 2314 995 derahatur.
2351 939 2410 995 In
2440 949 2589 995 tanta
2625 943 2772 996 enim
2803 942 3153 1000 multitudine
3177 981 3192 1008 ,
3231 945 3357 1001 licet
3383 960 3564 1004 essent

2001 1031 2252 1087 nonnulli
2296 1034 2389 1102 qui
2441 1033 2663 1088 altiores
2708 1034 2870 1089 etiam
2920 1033 3323 1104 disputationes
3363 1039 3564 1094 intelli-

2001 1131 2215 1191 gerent,
2259 1123 2480 1192 plurimi
2530 1129 2712 1178 tamen
2751 1123 3015 1179 doctrinm
3052 1126 3409 1182 subtilitatem
3459 1145 3564 1184 non

1999 1213 2305 1282 capiebant,
2341 1220 2524 1280 utpote
2553 1211 2803 1268 homines
2829 1213 3086 1283 imperiti,
3122 1225 3286 1283 atque
3319 1217 3564 1288 opiﬁces,

1999 1309 2053 1354 et
2094 1302 2328 1370 negotiis
2366 1302 2563 1355 vilibus
2609 1301 2898 1371 occupati,
2931 1309 2987 1356 et
3025 1304 3284 1359 mulieres
3328 1305 3381 1358 in
3418 1307 3564 1374 ejus-

1999 1390 2146 1444 modi
2194 1391 2498 1461 disciplinis
2531 1393 2754 1446 minime
2787 1394 3132 1462 exercitatae;
3170 1402 3224 1450 et
3272 1411 3563 1464 puerorum

1999 1482 2179 1546 turba,
2205 1490 2472 1554 aetateque
2493 1484 2738 1552 provecti
2767 1498 2948 1548 senes,
2978 1485 3072 1554 qui
3094 1499 3287 1541 omnes
3316 1488 3564 1541 oratione

1998 1571 2141 1626 facili
2191 1573 2509 1627 instituendi
2555 1573 2949 1645 recreandique
2995 1583 3184 1643 erant,
3231 1585 3286 1632 et
3339 1593 3435 1646 per
3477 1593 3564 1634 res

1999 1675 2308 1731 procreatas
2342 1679 2462 1733 quae
2504 1675 2824 1730 cernuntur,
2855 1680 3154 1735 earumque
3192 1667 3562 1736 pulchritudi-

1997 1771 2140 1816 nem,
2176 1755 2241 1806 ad
2268 1769 2446 1807 rerum
2475 1754 2714 1807 omnium
2742 1764 3018 1809 auctorem
3047 1766 3563 1830 procreatoremque

1996 1841 2345 1912 perducendi.
2385 1844 2565 1907 Quare
2605 1842 2652 1898 si
2685 1843 2810 1912 quis
2842 1857 2908 1896 ex
2946 1847 3297 1914 praeceptoris
3327 1849 3562 1903 consilio

1995 1934 2138 1988 dicta
2173 1935 2344 2002 ipsius
2375 1933 2713 2004 cxpenderit,
2736 1934 2874 1988 nihil
2896 1935 3257 1992 dubitationis
3288 1939 3563 2009 relinque-

1995 2037 2102 2081 tur.
2145 2025 2332 2094 Neque
2378 2026 2522 2081 enim
2557 2025 2847 2081 verborum
2893 2027 3275 2083 contentiones
3322 2043 3562 2099 aucupa-

1994 2118 2177 2180 batur,
2206 2131 2306 2171 nec
2338 2115 2496 2172 facile
2519 2133 2640 2172 sese
2668 2116 3063 2186 quaestionibus
3092 2118 3429 2188 implicabat,
3467 2123 3561 2174 sed

1995 2206 2226 2276 simplici
2267 2207 2554 2260 verborum
2591 2207 2932 2277 expositione
2972 2207 3309 2264 audientium
3353 2212 3564 2283 simpli-

1994 2298 2143 2350 citati
2175 2297 2256 2352 sic
2309 2298 2612 2352 orationem
2657 2313 2812 2352 suam
2856 2302 3337 2369 accommodabat,
3370 2313 3430 2358 ut
3464 2321 3556 2359 va.

1996 2385 2130 2436 riam
2179 2394 2356 2439 tamen
2397 2393 2639 2440 externae
2675 2387 3034 2457 philosophia:
3069 2389 3376 2446 doctrinam
3410 2394 3563 2449 redo-

1997 2473 2144 2535 lens,
2186 2473 2537 2541 peritioribus
2571 2475 2732 2528 etiam
2776 2476 3140 2532 satisfaceret.
3194 2479 3558 2546 Quamobrem

1993 2575 2112 2614 eam
2142 2569 2194 2614 et
2217 2562 2451 2631 imperiti
2481 2563 2875 2633 intelligebant,
2901 2574 2954 2620 et
2981 2568 3177 2622 eruditi
3211 2571 3562 2627 admiraban-

1995 2661 2103 2704 tur.
2151 2652 2231 2704 Tu
2267 2666 2416 2714 vero,
2449 2653 2516 2715 si,
2547 2662 2605 2706 ut
2641 2655 2692 2708 in
2729 2665 2912 2711 monte
2953 2657 3163 2724 Sinai‘,
3195 2663 3388 2717 relic-to
3418 2664 3560 2718 infra

1996 2738 2195 2809 populo
2243 2739 2403 2793 simul
2448 2755 2572 2792 eum
2609 2757 2806 2812 magno
2848 2745 2996 2799 Mose
3043 2750 3244 2816 quaeris
3289 2751 3342 2804 in
3378 2765 3558 2806 rerum

1994 2844 2318 2882 arcanarum
2353 2833 2828 2900 contemplationis
2867 2837 3119 2890 nebulam
3163 2839 3392 2896 introire
3417 2882 3434 2908 ,
3465 2843 3558 2896 ubi

1995 2917 2106 2982 ille,
2143 2933 2266 2972 cum
2302 2927 2478 2982 esset,
2511 2921 2642 2974 vidit
2675 2938 2737 2977 ea
2773 2939 2892 2992 qua:
2936 2929 3117 2984 verbis
3161 2931 3422 3000 explicari
3450 2949 3559 2988 non

1995 3020 2256 3078 possunt,
2300 3015 2779 3084 necessariumque
2812 3018 2965 3086 cupis
3010 3033 3189 3073 rerum
3217 3023 3557 3078 conditarum

309 3107 414 3160 τοῦ
446 3108 661 3158 Σιναῖον
699 3103 1200 3177 όρουςκαταλιπῖυν
1243 3107 1392 3160 κάτω
1423 3107 1512 3160 τὸν
1546 3107 1710 3161 πολὺν
1746 3108 1890 3173 λαὸν,

1997 3105 2242 3158 ordinem
2279 3119 2632 3174 cognoscere,
2664 3108 2955 3176 quomodo,
2989 3109 3128 3164 coelo
3151 3118 3402 3182 terraque
3429 3130 3562 3168 con-

309 3196 413 3252 καὶ
457 3198 599 3267 ὑπὲρ
645 3197 770 3259 τοὺς
804 3192 995 3260 ἄλλους
1037 3194 1274 3266 ὖψωθεὶς
1315 3196 1412 3267 τὴν
1458 3197 1716 3260 διάνοιαν,
1769 3215 1892 3251 συν-

313 3287 577 3342 εισελθεῖν
623 3286 945 3358 φιλονεικεῖς
985 3286 1063 3357 τῷ
1113 3287 1333 3357 μεγάλῳ
1379 3289 1585 3359 Μωῦσῇ
1613 3328 1628 3353 ,
1680 3289 1758 3352 είς
1800 3289 1891 3342 τὸν

312 3382 516 3448 γνόφον
559 3380 662 3449 τῆς
706 3379 814 3431 τῶν
860 3379 1185 3450 ἀπορρήτων
1235 3373 1494 3449 θεωρίας,
1528 3379 1586 3430 ἐν
1615 3372 1658 3446 ᾧ
1688 3380 1892 3441 ἐκεῖνος

2001 3191 2188 3257 fectis,
2222 3191 2312 3246 lux
2348 3193 2566 3262 quidem
2615 3202 2672 3248 ut
2705 3206 2888 3260 esset,
2945 3198 3186 3251 divinum
3245 3200 3560 3255 mandatmn

1995 3287 2359 3359 exspectarit,
2398 3287 2634 3342 tenebrae
2664 3297 2845 3342 autem
2886 3290 3196 3344 exstiterint
3238 3292 3402 3346 etiam
3439 3293 3561 3346 sine

1998 3377 2274 3431 mandato.

314 3474 628 3543 γενόμενος.
677 3467 784 3524 εἶδέ
834 3487 894 3522 τε
937 3467 1007 3521 τά
1037 3468 1241 3521 ἀθέατα
1279 3469 1505 3522 καὶτῶν
1531 3469 1812 3538 ἁλαλήτων
1856 3468 1958 3538 ἔπη
1993 3469 2302 3538 ἠκροάσατο
2329 3507 2343 3530 ,
2390 3468 2483 3521 καὶ
2521 3468 2701 3540 ζητεῖς
2747 3469 2950 3539 γνῶναι
2980 3470 3076 3541 τὴν
3117 3471 3417 3539 ἀναγκαίαν
3463 3471 3562 3540 τῆς

312 3563 552 3622 κτίσεως
574 3559 745 3625 τάξιν,
771 3559 888 3620 πῶς
929 3558 1028 3612 ’τοῦ
1058 3556 1306 3629 οὐρανοῦ,
1350 3557 1444 3610 καὶ
1489 3559 1587 3628 τῆς
1624 3558 1725 3627 γῆς
1769 3557 2100 3624 γεγονότων,
2143 3556 2202 3609 τὸ
2233 3558 2330 3626 μὲν
2360 3557 2474 3626 φῶς
2499 3557 2758 3628 ἀναμένει
2787 3559 2847 3612 τὸ
2876 3559 3014 3612 θεῖον
3055 3559 3401 3631 πρόσταγμα,
3428 3563 3562 3632 πρὸς

317 3651 390 3704 τδ
409 3648 661 3717 γενέσθαι
685 3648 793 3715 φῶς
812 3665 827 3678 ο
853 3644 915 3699 τὶ
943 3648 1000 3700 δέ
1029 3647 1215 3708 σκότος
1242 3646 1334 3698 καὶ
1356 3646 1484 3699 ἄνευ
1518 3646 1938 3718 προστάγματος
1971 3641 2059 3715 ἦν.

400 3744 512 3797 Καὶ
566 3744 614 3794 εί
663 3743 819 3811 μηδὲν
866 3742 972 3795 ἔδει
1026 3738 1105 3808 τῷ
1152 3742 1291 3809 φωτὶ
1326 3740 1461 3810 πρὸς
1499 3740 1559 3793 τὸ
1612 3741 1891 3810 καταλαμ-

314 3834 553 3906 πρύνειν
581 3833 669 3884 τόν
701 3833 1052 3901 ὑποκείμενον
1096 3831 1263 3902 ἀέρα,
1303 3831 1398 3884 καὶ
1441 3831 1595 3886 νυκτὶ¹
1643 3832 1734 3884 καὶ
1768 3829 1902 3900 ἡμέ-

318 3943 395 3996 pq
442 3924 693 3994 διορίζειν
751 3918 842 3974 τὸν
899 3922 1121 3995 χρόνον,
1167 3922 1249 3984 τίς
1299 3916 1372 3992 ἦν
1429 3921 1589 3992 χρεία
1648 3921 1747 3986 τῆς
1805 3920 1898 3973 τοῦ

314 4014 475 4084 ἡλίου
535 4013 916 4082 κατασκευῆς;
964 4012 1058 4064 καὶ
1102 4013 1149 4063 εἰ
1193 4011 1469 4082 καταρχὰς
1517 4010 1652 4082 μετὰ
1684 4009 1778 4062 τοῦ
1811 4009 1900 4061 ού-

319 4105 487 4175 ρανοῦ
516 4105 737 4173 γέγονεν
764 4105 797 4173 ἡ
826 4103 919 4172 γῆ,
943 4101 1060 4164 πῶς
1084 4101 1559 4154 ἀκατασκεύαστον
1585 4100 1647 4153 τὸ
1676 4117 1900 4170 γεγενη-

2066 3737 2366 3804 l’raeterca,
2413 3742 2458 3794 si
2504 3741 2567 3793 ad
2603 3741 2906 3809 subjectum
2937 3757 3116 3797 aerem
3157 3745 3559 3809 illustrandum,

1998 3837 2052 3886 et
2090 3838 2305 3898 tempus
2350 3839 2511 3885 nocte
2559 3832 2758 3902 dieque
2805 3832 3281 3904 distinguendum.
3318 3835 3465 3890 nulla
3505 3851 3562 3888 re

1997 3919 2088 3972 lux
2122 3919 2370 3989 indiguit,
2398 3919 2527 3989 quid
2557 3920 2606 3974 ei
2639 3920 2804 3976 fuerit
2829 3937 2987 3992 opus,
3011 3931 3072 3976 ut
3095 3926 3177 3979 sol
3208 3926 3562 3980 conderetur?

1996 4009 2076 4063 Ad
2115 4009 2263 4073 haec,
2300 4012 2343 4066 si
2382 4011 2538 4065 initio
2573 4013 2734 4066 simul
2777 4030 2900 4069 cum
2935 4016 3073 4070 cmlo
3107 4024 3249 4070 terra
3299 4017 3397 4070 luit
3435 4033 3563 4086 pro-

1996 4112 2198 4163 creata,
2231 4117 2338 4170 quo
2363 4109 2519 4171 pacto
2547 4100 2650 4154 luet
2668 4100 3117 4172 itincomposita?
3145 4106 3280 4160 Nam
3312 4107 3358 4161 si
3386 4105 3562 4159 facere

318 4196 486 4266 μένον
517 4195 663 4257 ἑστίς
717 4193 791 4246 Τὸ
817 4193 924 4263 γὰρ
959 4193 1386 4255 κατασκευάσαι,
1428 4194 1520 4246 καὶ
1547 4193 1607 4245 τὸ
1650 4193 1890 4262 ποιῆσαι,

1997 4199 2049 4246 et
2080 4207 2408 4262 componere
2438 4192 2571 4246 nihil
2607 4195 2747 4247 inter
2783 4211 2842 4250 se
2875 4196 3125 4251 videntur
3158 4196 3393 4260 diﬂ‘erre,
3426 4213 3562 4264 quo-

313 4287 470 4339 υῦδέν
500 4287 649 4338 δοκεῖ
673 4285 948 4353 διαφέρειν
976 4282 1116 4336 κατά
1139 4282 1235 4353 τὴν
1264 4283 1489 4337 ἔννοιαν.
1524 4283 1585 4336 Ei
1612 4280 1705 4336 οὖν
1728 4283 1892 4336 ταύτό

316 4380 436 4428 ἐστι
462 4377 523 4427 τὸ
557 4375 782 4442 ποιῆσαι
808 4373 886 4443 τῷ
911 4376 1336 4438 κατασκευάσαι,
1368 4375 1482 4438 πῶς
1510 4373 1569 4427 τὺ
1599 4374 1894 4444 πεποιημέ-

313 4484 408 4519 νον
437 4467 585 4518 ἐστὶν
631 4462 1138 4530 ἀκατασκεύαστονς
1187 4468 1282 4520 καὶ
1321 4465 1390 4518 τὰ
1425 4466 1552 4536 περὶ
1593 4465 1692 4536 τῆς
1721 4466 1892 4536 ὑγρᾶς

311 4559 506 4620 οὐσίας
534 4554 978 4627 ἐπαποροῦμενα,
1008 4556 1081 4621 ὡς
1115 4558 1174 4610 ού
1204 4559 1423 4612 δυνατὸν
1452 4557 1510 4610 ὃν
1537 4557 1648 4610 ἄνω
1678 4557 1774 4626 τῆς
1804 4558 1893 4610 ού-

317 4649 510 4721 ρανίου
547 4650 732 4716 ἀψίδος
761 4651 820 4700 ἐν
851 4647 927 4716 τῷ
962 4647 1288 4717 σφαιροειδεῖ
1315 4645 1550 4718 σχήματι
1580 4648 1639 4700 τὸ
1668 4648 1891 4716 ρευστὸν

313 4734 605 4804 ἐφιζῆσαι.
653 4737 776 4797 ὶιῶς
814 4737 921 4807 γάρ
967 4736 1309 4806 ἐφιδρυνθείη
1354 4737 1432 4806 τῷ
1463 4737 1645 4808 κυρτῷ
1674 4739 1706 4808 ἡ
1737 4737 1900 4807 ὑγρό-

312 4842 453 4896 της,
487 4828 626 4879 κατά
657 4830 833 4880 πᾶσαν
858 4829 1102 4898 ἀνάγκην
1128 4828 1235 4881 ἀπὸ
1265 4827 1358 4880 τοῦ
1385 4829 1470 4880 ἀεὶ
1494 4827 1896 4898 κορυφουμένου

312 4917 428 4985 τῆς
476 4915 735 4985 σφαίρας,
779 4918 912 4989 πρὸς
954 4917 1023 4970 τὰ
1066 4916 1315 4987 ἐπικλινῆ
1350 4917 1443 4970 τοῦ
1487 4919 1761 4988 σχήματος
1804 4916 1896 4970 τοῦ

314 5006 502 5076 ὑγροῦ
530 5009 953 5076 μεταρρέοντοςς
983 5007 1108 5068 Πῶς
1145 5007 1203 5059 δέ
1241 5007 1333 5060 τοῦ
1365 5008 1720 5078 ὑποκειμένου
1743 5008 1899 5061 ἀστα-

313 5097 571 5160 τοῦντος,
596 5100 652 5149 ἐν
674 5099 829 5169 ἐαυτῇ
857 5100 966 5164 ἕξει
995 5098 1053 5151 τὸ
1082 5099 1358 5168 στάσιμον,
1390 5098 1474 5150 ἀεὶ
1501 5099 1598 5167 τῆς
1621 5097 1752 5160 ίδίας
1771 5099 1898 5151 ἀπο·

314 5188 676 5241 λισθαίνουσα
713 5187 948 5257 βάσεως;
995 5187 1117 5252 Πῶς
1155 5188 1211 5240 δὲ
1249 5187 1309 5239 οὐ
1346 5187 1767 5258 σκεδασθήσεται
1801 5189 1898 5257 τῆς

312 5280 588 5349 ὀξυτάτης
635 5281 730 5332 τοῦ
767 5281 930 5333 πόλου
975 5282 1274 5352 περιφορᾶς
1305 5279 1363 5332 τὸ
1399 5278 1647 5348 ἐφιζάνον
1684 5278 1899 5341 πάντως

314 5371 732 5442 ἀποκρουούσης
741 5393 760 5444 ς
773 5371 932 5424 ’Δλλὰ
949 5373 1054 5443 μὴν
1071 5372 1164 5425 καὶ
1183 5370 1244 5423 τὸ
1262 5370 1596 5423 δαπανᾶσθαι
1613 5369 1708 5440 τὴν
1726 5370 1898 5437 ύγρὰν

316 5462 480 5531 φύσιν
501 5462 764 5516 ἀπίθανον
790 5466 901 5527 τοῖς
917 5462 1256 5530 ἀντιλέγουσι
1284 5461 1548 5529 φαίνεται.
1567 5459 1665 5513 Διά
1680 5460 1740 5512 τὸ
1761 5461 1894 5512 πάν-

393 5619 416 5648 ⁶
458 5615 630 5670 Ειοιι.
674 5633 786 5683 xix,
826 5619 892 5674 l6
953 5636 1076 5692 sqq.

2001 4283 2195 4348 modo,
2226 4284 2368 4353 quod
2406 4283 2604 4337 factum
2637 4294 2740 4347 est,
2773 4285 3190 4353 incompositum
3231 4285 3365 4338 fuit?
3398 4284 3559 4345 Tum,

1998 4389 2118 4442 quae
2157 4374 2222 4427 ad
2270 4389 2464 4444 aquam
2520 4375 2791 4443 pertinent
2836 4376 3200 4442 quaestiones.
3240 4375 3394 4445 quasi
3444 4375 3558 4430 fieri

1998 4479 2107 4518 non
2152 4466 2344 4534 possit,
2377 4472 2434 4517 ut
2467 4481 2630 4533 super
2661 4465 2848 4534 apside
2889 4467 3095 4520 caelesti
3128 4467 3406 4536 ﬁguraque
3455 4469 3563 4536 glo-

1999 4555 2131 4610 bosa
2188 4563 2240 4610 et
2272 4554 2503 4607 rotunda
2552 4556 2850 4610 consistant
2899 4572 3018 4626 qua:
3045 4557 3188 4611 ﬂuxa
3235 4567 3384 4613 sunt.
3416 4559 3563 4624 Quo-

2000 4646 2160 4700 modo
2183 4645 2326 4700 enim
2355 4653 2547 4698 natura
2585 4645 2802 4699 humida
2837 4647 2889 4702 in
2920 4663 3089 4704 curvo
3114 4647 3416 4712 consideat,
3441 4665 3562 4718 qum

1996 4736 2062 4790 de
2092 4737 2318 4806 sphzerae
2357 4733 2571 4805 fastigio
2609 4737 2662 4791 in
2696 4753 2896 4808 pronas
2937 4739 3120 4809 ligune
3155 4749 3337 4809 partes
3376 4755 3563 4795 neces-

1996 4827 2144 4880 sario
2184 4825 2410 4880 deﬂuit?
2449 4837 2542 4880 aut
2580 4831 2889 4897 quomodo,
2927 4845 3050 4884 cum
3090 4829 3140 4883 id
3181 4845 3289 4899 quo
3321 4831 3563 4884 sustine-

1995 4923 2086 4967 tur
2116 4914 2366 4969 instabile
2394 4916 2729 4985 sit,cumque
2767 4932 2796 4969 a
2827 4936 2922 4971 sua
2955 4919 3068 4973 hasi
3101 4934 3312 4987 semper
3343 4919 3564 4972 delaba-

1997 5014 2106 5070 tur,
2138 5006 2190 5059 in
2235 5021 2293 5060 sc
2346 5007 2462 5076 ipsa
2509 5007 2728 5062 habebit
2759 5009 3106 5062 ﬁrmitatem?
3146 5018 3240 5062 aut
3289 5012 3563 5078 quomodo

1995 5113 2103 5151 non
2140 5097 2517 5166 dissipabitur.
2552 5114 2675 5151 cum
2707 5098 3087 5153 incitatissima
3122 5101 3228 5168 poli
3274 5101 3564 5155 conversio

1996 5188 2128 5241 nihil
2179 5202 2405 5257 prorsus
2450 5187 2696 5242 insidens
2723 5189 3105 5259 inhaerensquc
3135 5189 3239 5243 sibi
3273 5206 3381 5244 non
3429 5189 3566 5256 abji-

1996 5281 2105 5336 ciat
2125 5323 2140 5346 ,
2171 5296 2233 5334 ac
2259 5281 2524 5350 repellat?
2549 5281 2856 5346 Quinetiam
2904 5281 3026 5337 istis
3066 5281 3566 5337 contradicentibus

2007 5386 2113 5427 non
2152 5372 2368 5427 videtur
2406 5387 2529 5426 esse
2566 5372 2892 5437 verisimile,
2923 5384 2984 5428 ut
3021 5389 3143 5442 qua:
3172 5374 3390 5429 humnda
3436 5374 3567 5425 sum

2003 5472 2416 5526 consumantur,
2450 5476 2574 5516 cum
2604 5470 2658 5517 et
2687 5461 2937 5530 fontium,
2964 5470 3018 5518 et
3041 5461 3352 5531 ﬂuminum,
3375 5467 3428 5514 et
3451 5471 3567 5508 ma-
