4106 6208
574 300 637 352 67
1817 278 1876 342 S.
1916 274 2245 340 GREGORII
2288 273 2576 337 NYSSENI
3785 274 3874 330 68

575 423 671 483 ris,
708 425 764 472 ct
805 415 1027 471 lacuum
1067 422 1239 483 aquas
1291 413 1346 467 in
1401 411 1592 468 eadem
1637 423 1862 479 semper
1896 421 2149 463 mensura

2254 421 2375 458 τοτε
2396 405 2455 458 ἐν
2478 406 2580 474 ῖσῳ
2611 403 2688 475 τῷ
2715 404 2898 474 μέτρῳ
2923 401 2990 456 τὰ
3014 400 3122 454 τῶν
3150 390 3356 457 ὑδάτων
3385 391 3618 472 δρᾶσθαι
3651 403 3875 471 συστή-

575 512 876 568 consistere
917 506 1167 571 videant,
1221 506 1462 575 exceptis
1513 501 1841 574 quibusdam
1885 500 2149 563 fontibus,

2257 515 2423 571 ματα,
2445 501 2504 552 ἐν
2524 499 2727 569 πηγαῖς
2745 513 2805 550 τε
2830 498 2925 550 καὶ
2947 498 3232 565 ποταμοῖς,
3248 496 3343 548 καὶ
3373 494 3611 565 λίμναις,
3633 494 3785 568 πλὴν
3808 497 3874 549 εἰ

574 604 668 672 qui
713 617 779 657 ex
815 600 1074 655 imbrium
1105 599 1425 668 niviumque
1460 596 1518 652 vi
1546 596 1759 666 copiam
1795 608 2060 665 aquarum
2095 594 2149 647 iu

2253 609 2398 655 τινες
2411 591 2518 644 τῶν
2541 589 2730 661 πηγῶν
2745 587 3064 643 ἐπιπολαίαν
3081 587 3298 658 ἔχουσαι
3313 587 3411 659 τὴν
3429 586 3525 640 τοῦ
3544 587 3738 652 ὓδατος
3757 605 3872 658 χο-

573 692 864 764 superficie
894 692 1055 746 sitam
1095 691 1414 762 colligentes
1438 731 1454 756 ,
1494 687 1824 742 torrentium
1855 685 2031 740 instar
2056 695 2149 755 pro

2260 683 2474 756 ρηγίαν,
2506 683 2601 736 καὶ
2620 683 2997 754 διαπηδήσεως
3030 681 3308 753 ὀμϐρωνῆ
3340 680 3533 750 χιόνων
3561 680 3870 750 πηγάζον-

577 789 836 840 facultate
869 799 991 854 quae
1033 798 1254 839 sursum
1299 782 1587 853 provenit,
1619 781 1702 836 vel
1744 787 2036 849 augentur,
2071 779 2156 833 vel

575 878 854 932 deficiunt.
886 874 1026 929 Nam
1049 890 1113 930 ex
1148 875 1350 944 quibus
1386 874 1644 944 perennia
1668 872 1867 926 fluenta
1908 878 2154 936 manant,

577 982 677 1022 nec
705 967 874 1020 ullum
909 966 1320 1021 decrementum
1367 965 1447 1030 fit,
1496 971 1590 1018 aut
1637 965 2057 1026 incrementum,
2100 963 2156 1016 in

578 1059 646 1114 iis
671 1060 808 1114 nihil
830 1060 1080 1114 humoris
1111 1057 1385 1123 consumi,
1409 1057 1703 1112 manifesto
1732 1063 1970 1112 constat.
1999 1056 2156 1123 Quod

519 1133 528 1140 ’
576 1151 720 1205 eiiim
745 1151 1117 1218 consumitur,
1145 1150 1392 1206 eamdem
1424 1156 1690 1220 perpetuo
1716 1163 2031 1204 mensuram
2061 1147 2158 1202 ob-

577 1243 752 1296 tinere
785 1257 894 1296 non
924 1248 1123 1311 potest.
1144 1241 1223 1296 Ac
1246 1256 1314 1295 ne
1339 1241 1480 1312 ignis
1511 1241 1750 1312 quidem,
1775 1240 1821 1296 si
1848 1239 2007 1295 modo
2035 1256 2156 1295 eam

578 1347 703 1386 vere
733 1340 985 1386 naturam
1027 1331 1210 1396 habet,
1247 1340 1309 1387 ut
1341 1345 1538 1402 aquam
1579 1338 1896 1397 consumat,
1935 1342 2159 1387 mensu-

577 1439 691 1476 ram
719 1426 994 1493 propriam
1029 1431 1293 1488 tueretur,
1323 1433 1415 1478 aut
1443 1424 1652 1479 nullum
1683 1433 2032 1494 augmentum
2059 1440 2161 1478 nu-

576 1513 962 1568 trimeutumve
991 1514 1318 1584 susciperet.
1355 1513 1541 1584 Neque
1566 1516 1710 1570 enim
1749 1514 1862 1569 lteri
1897 1521 2074 1584 potest
2102 1522 2160 1569 ut

574 1604 694 1673 ejus
720 1617 912 1660 natura
942 1618 1008 1660 ex
1042 1606 1269 1660 materia
1308 1613 1634 1676 consumpta
1666 1619 1773 1661 non
1802 1615 2084 1676 augeatur.

646 1697 770 1751 llaec
813 1707 864 1752 et
895 1697 1094 1751 similia
1126 1697 1173 1752 si
1198 1705 1255 1750 tu
1287 1691 1581 1766 diligenter
1617 1697 1884 1766 indagans
1911 1704 1965 1752 et
1991 1693 2155 1752 rebus

575 1782 904 1836 sublimibus
937 1783 1284 1845 incumbens,
1312 1797 1377 1837 ea
1411 1799 1532 1851 qua:
1565 1798 1595 1837 ιι
1626 1779 1774 1839 Mose
1817 1785 1871 1838 in
1905 1785 2155 1855 caliginis

576 1872 916 1927 obscuritate
945 1881 1239 1943 conspecta
1259 1876 1407 1940 suul,
1435 1880 1490 1931 et
1517 1873 1630 1943 ipse
1646 1874 1955 1944 perspicere
1975 1875 2153 1944 cupis,

576 1971 631 2016 ct
658 1962 992 2018 multitudini
1038 1963 1366 2034 patefacere,
1402 1965 1708 2035 prudentia:
1731 1969 1837 2020 tuae
1865 1967 2160 2022 consulue-

575 2054 698 2116 rim,
731 2069 800 2107 ne
829 2054 996 2107 alium
1026 2064 1328 2123 spectares,
1365 2054 1459 2109 sed
1493 2056 1558 2109 ad
1589 2069 1707 2110 eam
1749 2057 1977 2126 gratiam
2018 2073 2154 2113 con-

576 2142 812 2213 fugeres,
845 2159 967 2214 qua!
1004 2145 1058 2197 in
1092 2153 1145 2198 te
1173 2152 1278 2208 est,
1311 2154 1364 2211 et
1393 2145 1459 2199 ad
1493 2146 1753 2215 Spiritum
1787 2149 2152 2214 reVelationis,

573 2234 666 2302 qui
695 2235 952 2300 precibus
981 2242 1246 2288 exoratus
1282 2250 1468 2289 rerum
1514 2236 1822 2291 divinarum
1869 2245 1923 2292 et
1953 2239 2153 2295 altissi-

574 2333 786 2375 marum
828 2337 1028 2378 arcana
1069 2324 1356 2379 reserabit.
1389 2323 1588 2380 Verum
1623 2329 1878 2396 quoniam
1909 2339 1977 2384 ex
2014 2331 2156 2400 Apo—

576 2414 771 2468 stolica
802 2415 916 2484 lege
943 2415 1205 2472 debemus
1232 2426 1426 2472 mutuo
1457 2418 1614 2474 nobis
1646 2418 1748 2489 ipsi
1777 2421 2002 2484 servire,
2038 2421 2156 2476 lau-

572 2504 881 2575 dabilisque
929 2508 1214 2563 servitutis
1260 2509 1541 2578 proprium
1585 2521 1688 2574 est,
1731 2509 1891 2567 factis
1937 2528 2000 2567 ea
2035 2529 2155 2584 qua:

575 2600 831 2652 mandata
864 2606 994 2653 sunt
1024 2599 1282 2669 exsequi;
1317 2601 1723 2669 precationibus
1754 2603 1863 2656 tuis
1892 2603 2154 2673 adjuvan-

569 2689 718 2745 tibus
745 2705 966 2759 operam
1005 2689 1168 2752 dabo,
1215 2701 1274 2744 ut
1308 2705 1572 2760 quantum
1606 2692 1720 2747 fieri
1754 2696 1976 2764 poterit,
2006 2710 2154 2766 quie-

571 2780 779 2834 stioues
822 2779 920 2834 bas
965 2780 1202 2835 breviter
1239 2784 1525 2853 explicem.
1567 2783 1672 2838 Sed
1717 2795 2008 2856 antequam
2052 2803 2152 2842 ex-

567 2871 775 2936 ordiar,
823 2872 954 2926 illud
989 2882 1243 2928 testatum
1274 2877 1419 2940 volo,
1451 2877 1582 2930 mihi
1614 2885 1823 2932 certum
1852 2895 1972 2934 esse
2004 2880 2151 2934 nulla

569 2963 624 3016 in
655 2978 715 3016 re
752 2964 1132 3019 contradicere
1175 2964 1242 3020 iis
1279 2982 1401 3036 qua:
1434 2981 1464 3020 a
1511 2965 1568 3020 S.
1622 2967 1823 3022 Basilio
1859 2970 1910 3024 in
1962 2972 2150 3025 mundi

570 3053 1006 3122 procreationem
1037 3057 1351 3126 conscripta
1381 3065 1530 3121 sunt,
1562 3060 1772 3115 etiamsi
1811 3077 1898 3115 me
1931 3061 2144 3117 dicendi
2175 3092 2217 3146 ο

567 3143 703 3197 ordo
735 3142 802 3196 ad
834 3144 996 3197 aliam
1029 3146 1428 3215 expositionem
1461 3147 1770 3203 adduxerit.
1803 3143 1941 3205 Rata
1983 3153 2146 3223 igitur

565 3236 678 3288 sint
710 3234 856 3289 illius
894 3237 1121 3305 scripta,
1163 3247 1548 3310 pra'stentque,
1575 3257 1676 3295 nec
1710 3242 1859 3307 ullis,
1909 3245 2009 3299 uisi
2043 3244 2148 3300 Te-

567 3328 820 3382 stamenti
842 3327 1027 3382 divino
1059 3326 1267 3399 Spiritu
1296 3331 1539 3386 dictante
1568 3336 1798 3399 exarati,
1823 3350 2146 3393 monumen-

565 3415 636 3470 tis
667 3415 880 3470 cedant.
919 3415 1117 3472 Nostra
1148 3434 1277 3473 vero
1311 3422 1620 3491 quicunque
1653 3423 1912 3492 legerint,
1955 3433 2010 3479 et
2047 3427 2148 3479 ali-

564 3506 696 3575 quid
727 3516 924 3576 praater
952 3523 1297 3564 communem
1340 3511 1654 3581 Opinionem
1690 3514 2016 3580 invenerint.
2064 3518 2144 3573 sic

564 3599 858 3668 accipiant,
907 3607 968 3654 ut
996 3601 1115 3656 sine
1147 3603 1313 3656 ullius
1356 3591 1556 3670 injuiia
1592 3605 1646 3658 in
1676 3605 1892 3662 dicendi
1933 3610 2144 3664 exerci-

568 3691 772 3745 tatione
801 3691 1155 3759 probabiliter
1181 3691 1478 3763 disputata.
1523 3693 1710 3766 Neque
1755 3699 1898 3752 enim
1938 3715 2143 3770 propo-

565 3781 732 3834 situm
761 3780 1074 3846 defendere,
1101 3792 1194 3838 aut
1217 3785 1411 3855 dogma
1443 3790 1778 3843 constituere
1803 3790 2139 3859 profitemur,

567 3877 625 3922 ut
681 3871 1144 3927 calumniantibus
1191 3876 1539 3932 occasionem
1594 3879 1970 3948 pmbeamus,
2042 3898 2144 3938 nec

566 3960 717 4014 hisee
769 3963 990 4030 scriptis
1029 3963 1499 4035 interpretationis
1548 3968 1852 4024 doctrinam
1902 3973 2140 4036 tradere,

562 4049 659 4103 sed
686 4049 928 4105 animum
964 4061 1017 4107 et
1045 4055 1428 4125 cogitationem
1469 4068 1716 4114 nostram
1751 4060 1807 4115 in
1841 4061 1945 4117 hoc
1973 4058 2140 4134 argu-

563 4151 749 4198 mento
794 4144 1059 4200 duntaxat
1097 4162 1370 4203 exercere.
1407 4147 1575 4206 Nemo
1609 4151 1774 4222 igitur
1803 4165 2078 4224 exspectet
2109 4173 2138 4212 a

565 4236 740 4300 nobis,
773 4244 833 4290 ut
858 4237 1276 4306 qua‘stiouibus,
1304 4255 1426 4310 qua:
1461 4242 1545 4295 vel
1569 4257 1634 4297 ex
1667 4253 1855 4299 sancta
1889 4239 2138 4316 Scriptu-

563 4340 644 4390 ra,
679 4327 762 4382 vel
796 4343 863 4383 ex
905 4328 972 4384 iis
1002 4343 1125 4400 quae
1162 4345 1192 4384 a
1229 4340 1560 4403 praeceptore
1597 4343 1789 4391 nostro
1819 4338 2000 4392 statim
2029 4339 2139 4394 de—

561 4417 767 4471 clarata
796 4427 945 4481 sunt,
977 4436 1206 4490 quaeque
1234 4423 1289 4476 in
1323 4438 1668 4480 communem
1703 4427 2013 4497 opinionem
2045 4445 2136 4482 ca-
2167 4459 2212 4514 Β

561 4505 691 4560 dere
717 4507 990 4572 videntur,
1018 4513 1091 4566 im
1097 4515 1379 4583 plieemur.
1395 4516 1712 4574 Nobisenim
1727 4533 1830 4572 nou
1842 4530 1922 4576 est
1937 4535 2136 4589 propo-

563 4595 728 4651 situm
762 4603 820 4650 ut
854 4611 916 4650 ea
948 4599 1307 4657 conciliemus
1333 4620 1454 4672 quae
1482 4607 1730 4673 protinus
1767 4617 2030 4678 apparent
2057 4612 2141 4665 in-

564 4697 644 4739 ter
671 4701 730 4741 se
764 4687 1064 4741 contraria.
1097 4689 1462 4754 Quamobrem
1491 4695 1650 4749 liceat
1688 4698 1847 4754 nobis
1883 4716 1947 4754 ex
1982 4701 2142 4758 insti-

565 4787 682 4830 tuto
712 4789 902 4832 nostro
930 4779 1224 4833 verborum
1255 4797 1477 4836 sensum
1512 4785 1820 4853 explorare,
1856 4798 1911 4844 et
1936 4791 1990 4846 in
2017 4809 2136 4848 eam

563 4882 748 4920 curam
778 4867 1118 4936 incumbere,
1149 4878 1210 4923 ut
1233 4870 1461 4925 vocibus
1493 4871 1548 4925 in
1578 4874 1980 4943 signiﬁcatione
2006 4898 2136 4952 pro-

565 4957 680 5026 pria
706 4960 1152 5026 permanentibus
1177 4971 1385 5016 eertum
1417 4978 1598 5017 rerum
1621 4972 2016 5035 procreationis
2041 4991 2132 5028 or-

562 5045 766 5111 dinem,
803 5062 867 5102 ac
917 5050 1113 5104 seriem
1167 5053 1621 5122 contemplemur.
1663 5073 1682 5106 ι
1763 5059 1820 5112 ln
1877 5063 2144 5132 principio

561 5138 844 5209 (inquit),
881 5137 1010 5194 fecit
1053 5142 1194 5198 Deus
1229 5145 1428 5199 coelum
1463 5155 1518 5201 et
1553 5155 1755 5205 terram
1780 5151 1818 5216 ‘,
1868 5170 1886 5201 ι
1926 5160 1977 5207 et
2005 5155 2136 5208 reli-

561 5245 689 5298 qua,
724 5246 845 5300 quae
874 5231 1133 5304 deinceps
1173 5237 1360 5291 mundi
1405 5237 1664 5296 fabricam
1693 5252 1746 5298 et
1782 5259 1845 5298 ea
1877 5261 1998 5314 qua:
2039 5263 2132 5301 sex

560 5321 770 5376 dierum
801 5323 979 5392 spatio
1010 5323 1150 5380 facta
1186 5337 1317 5383 sunt
1349 5332 1802 5402 complectuntur.
1839 5334 2128 5406 Caaterum,

561 5415 877 5484 priusquam
915 5430 1102 5472 eorum
1139 5436 1260 5490 quae
1289 5423 1492 5492 scripta
1539 5434 1690 5490 sunt,
1737 5429 2130 5494 expositionem

559 5505 958 5572 aggrediamur,
1008 5506 1136 5565 illud
1183 5512 1342 5567 nobis
1385 5515 1620 5583 positum
1660 5519 2131 5590 constitutumque

555 5597 698 5654 sitin
716 5607 908 5655 natura
922 5600 1100 5657 divina
1121 5619 1245 5659 cum
1266 5605 1546 5664 voluntate
1576 5608 1649 5663 ita
1673 5624 2002 5668 concurrere
2027 5629 2128 5685 po-

659 5711 681 5745 ⁶
713 5709 848 5768 Gen.
874 5728 916 5781 I,
954 5713 1006 5768 1.

2258 790 2374 829 σιν·
2411 777 2465 829 αῖ
2498 776 2800 846 χειμάρρου
2836 774 3035 845 τρόπον
3075 776 3141 845 τῇ
3189 773 3395 828 ἄνωθεν
3437 773 3669 842 ἐπιρροῇ
3717 788 3867 824 συν-

2257 865 2589 938 απολήγουσί
2619 883 2676 920 τε
2714 867 2808 920 καὶ
2838 866 3214 931 συναύξονται.
3256 866 3374 935 Ἐφ’
3411 857 3486 918 ὧν
3525 864 3581 918 δὲ
3617 863 3867 918 άένναον

2258 962 2540 1031 προχεῖται
2574 960 2635 1012 τὸ
2669 960 2903 1030 ῥεῖθρον,
2939 953 3207 1031 μηδεμιᾶς
3236 957 3584 1020 ἐλαττώσεως
3616 948 3860 1027 ﬁniriﬁ-

2261 1058 2398 1114 σεως
2444 1052 2756 1123 γενομένης,
2789 1051 3103 1119 ἀναγκαίως
3134 1045 3194 1102 τὸ
3249 1046 3415 1119 μηδὲν
3453 1046 3861 1100 ἀναλίσκεσθαι

2257 1145 2356 1215 τῆς
2396 1145 2569 1214 ὑγρᾶς
2597 1144 2785 1207 οὐσίας
2818 1142 3182 1214 ὁμολογεῖται.
3231 1141 3306 1194 Οὐ
3337 1139 3448 1210 γὰρ
3477 1138 3756 1208 ἐνδέχεται
3786 1139 3861 1192 τδ

2256 1231 2642 1304 δαπανώμενον
2685 1234 2744 1287 ἐν
2791 1233 2870 1303 τῷ
2903 1232 3002 1304 ἴσῳ
3052 1233 3235 1303 μέτρῳ
3313 1231 3448 1300 πρὸς
3480 1230 3541 1283 τὸ
3596 1231 3860 1299 διηνεκὲς

2257 1324 2559 1393 διαμένειν
2597 1324 2711 1377 ἀλλ’
2741 1323 2862 1377 ούδέ
2898 1323 2959 1376 τὸ
2993 1322 3124 1395 πῦρ,
3157 1322 3313 1394 εἰπερ
3343 1321 3421 1392 τῷ
3447 1321 3561 1374 ὄντι
3590 1321 3853 1391 δαπανὴ-

2257 1409 2406 1468 τικδν
2435 1415 2528 1468 τοῦ
2562 1414 2750 1479 ὕδατος
2777 1410 2866 1487 ἧν,
2900 1415 3090 1486 ἔμενεν
3121 1413 3186 1467 ἂν
3215 1415 3308 1467 ἐπὶ
3342 1414 3434 1467 τοῦ
3467 1414 3595 1467 ἰδίου
3637 1413 3849 1484 μέτρου

2259 1506 2490 1572 ἄναυξές
2533 1525 2594 1560 τε
2641 1506 2734 1560 καὶ
2782 1508 3032 1577 ἄτροφον.
3070 1503 3144 1560 Ού
3196 1507 3306 1577 γάρ
3358 1508 3472 1558 ἐστι
3519 1505 3743 1559 δυνατὸν
3773 1507 3846 1576 τῇ

2258 1597 2620 1671 ϐαπανωμένῃ
2676 1600 2776 1672 ὕλη
2807 1599 2900 1653 τοῦ
2934 1601 3103 1670 πυρὸς
3153 1595 3229 1670 μὴ
3264 1597 3622 1664 συναύξεσθαι
3651 1597 3845 1681 φύσιν.

2334 1687 2395 1742 Ei
2419 1685 2512 1743 οὖν
2540 1689 2715 1744 ταῦτα
2745 1690 2808 1743 σὺ
2832 1690 2926 1744 καὶ
2950 1689 3018 1742 τὰ
3039 1688 3263 1743 τοιαῦτα
3293 1687 3783 1758 πολυπραγμονῶν,
3811 1688 3848 1738 ὃ

2259 1781 2392 1834 πᾶσι
2437 1784 2549 1844 τοῖς
2601 1781 2825 1852 ὑψηλοῖς
2871 1780 3350 1851 ἐπεκτεινόμενος,
3401 1781 3496 1833 καὶ
3540 1779 3608 1831 τὰ
3661 1779 3721 1831 ἐν
3760 1777 3845 1848 τῷ

2259 1871 2405 1942 ζόφῳ
2436 1873 2536 1942 τῆς
2571 1871 2665 1926 τοῦ
2697 1872 2974 1936 Μωῡσέως
3003 1871 3267 1934 ὀπτασίας
3299 1871 3550 1942 κείμενα,
3586 1870 3750 1933 αὑτός
3781 1887 3843 1923 τε

2260 1961 2386 2018 ἰδεῖν
2420 1968 2486 2036 τῇ
2522 1967 2776 2036 φρονήσει
2813 1981 2926 2028 σου,
2965 1963 3038 2035 μὴ
3081 1955 3213 2036 πρὸς
3252 1962 3406 2015 ἄλλον
3438 1961 3673 2032 βλέπειν.
3701 1961 3844 2015 ἀλλὰ

2256 2058 2392 2130 πρὸς
2418 2059 2515 2130 τὴν
2546 2061 2602 2111 ἐν
2637 2057 2718 2111 σοὶ
2749 2059 2927 2130 χάριν,
2969 2052 3061 2111 καὶ
3089 2058 3165 2127 τῷ
3201 2056 3465 2127 πνεύματι
3503 2057 3602 2128 τῆς
3625 2057 3842 2110 ἀποκαδ

2256 2147 2467 2220 λύψεως
2498 2150 2574 2218 τῷ
2599 2149 2688 2202 διὰ
2715 2149 2824 2202 τῶν
2859 2149 3174 2220 προσευχῶν
3203 2165 3286 2202 σοι
3325 2145 3734 2220 φανερουμένῳ,
3766 2149 3844 2202 τὰ

2257 2239 2375 2294 θεῖα
2424 2240 2560 2311 βάθη
2615 2239 3011 2310 διερευνᾶσθαι.
3071 2232 3226 2293 Ἐπεὶ
3279 2239 3336 2293 δὲ
3392 2241 3496 2312 χρὴ
3549 2240 3689 2293 κατὰ
3741 2239 3840 2292 τὸν

2255 2336 2607 2390 άποστολικδν
2637 2331 2799 2408 νόμον
2828 2336 2997 2391 εἴκειν
3026 2336 3272 2408 ἀλλήλοις
3304 2337 3371 2390 δι’
3397 2338 3616 2405 ἀγάπης
3648 2337 3798 2406 ἡμᾶς
3821 2345 3835 2368 ι

2257 2425 2385 2479 ἴδιον
2417 2425 2472 2478 δέ
2522 2427 2619 2497 τῆς
2649 2428 2940 2498 ἐπαινετῆς
2981 2426 3224 2490 δουλείας
3267 2427 3403 2491 ἐστὶ,
3442 2424 3502 2480 τὸ
3547 2429 3626 2491 εἰς
3671 2427 3838 2498 ἔργον

2254 2517 2481 2585 ἀγαγεῖν
2512 2521 2579 2571 τὰ
2606 2518 2971 2588 ἐπιτάγματα,
3009 2517 3098 2571 διὰ
3129 2517 3374 2589 βραχέων
3406 2511 3482 2580 ὡς
3521 2511 3636 2571 ἔστι
3674 2514 3838 2570 δυναο

2253 2611 2364 2676 τὸν,
2405 2611 2503 2681 τὴν
2535 2611 2661 2680 περὶ
2688 2611 2890 2664 τούτων
2935 2601 3201 2680 ύπόληψιν
3235 2608 3536 2678 ἐκκαλύψαι
3570 2608 3836 2679 πειράσο-

2258 2719 2372 2774 μαι,
2401 2705 2465 2773 τῇ
2495 2705 2565 2774 σῇ
2597 2704 2869 2772 προσευχῇ
2899 2688 3171 2771 συμμάχῳ
3227 2700 3364 2770 πρὸς
3389 2699 3479 2753 τὸν
3503 2697 3658 2767 λόγον
3686 2697 3837 2770 χρώ-

2257 2811 2436 2864 μενος.
2469 2787 2636 2846 Τοῦτο
2662 2789 2718 2846 δέ
2755 2810 2843 2864 μοι
2869 2791 2973 2862 πρὸ
3001 2793 3101 2860 τῆς
3130 2791 3494 2862 ἐγχειρήσεως
3523 2789 3836 2860 διαμεμαρ-

2251 2883 2520 2953 τυρήσθω,
2568 2883 2627 2935 τὸ
2675 2881 2842 2953 μηδὲν
2880 2876 3029 2951 ἡμᾶς
3079 2879 3545 2949 ἁντιδογματίζειν
3574 2877 3652 2949 τῷ
3686 2879 3834 2949 ἁγίῳ

2253 2967 2534 3041 Βασιλείῳ,
2568 2973 2696 3043 περὶ
2727 2971 2834 3024 τῶν
2864 2971 3006 3024 κατὰ
3032 2970 3130 3040 τὴν
3157 2969 3516 3040 κοσμογονίαν
3549 2968 3699 3039 αύτῷ
3736 2987 3832 3039 φι-

2251 3062 2675 3132 λοσοφηθέντων,
2731 3062 2853 3134 μηδ’
2907 3063 2972 3116 ἂν
3025 3062 3160 3133 πρὸς
3208 3062 3401 3132 ἑτέραν
3453 3061 3711 3132 ἐξήγησιν
3763 3061 3830 3114 ἔκ

2247 3171 2392 3216 τινος
2429 3153 2746 3216 ἀκολουθίας
2777 3156 2805 3206 ὁ
2832 3153 2988 3221 λόγος
3035 3152 3162 3222 ἔλθῃ
3183 3169 3197 3182 ο
3245 3153 3358 3206 ἀλλ’
3392 3155 3574 3205 ἐκεῖνα
3611 3151 3712 3222 μὲν
3737 3169 3832 3205 κεκ-

2246 3244 2560 3318 κρατήσθω,
2602 3246 2696 3298 καὶ
2729 3245 2894 3316 μόνης
2923 3245 3023 3315 τῆς
3079 3238 3432 3297 θεοπνεύστου
3461 3244 3730 3314 Διαθήκης
3755 3243 3828 3296 τὰ

2245 3336 2525 3406 δευτερεῖα
2555 3336 2802 3407 φερέσθω
2825 3353 2839 3369 ο
2880 3336 2950 3390 τά
2978 3337 3035 3390 δὲ
3062 3337 3309 3408 ἡμέτερα
3339 3335 3414 3398 ὡς
3450 3337 3507 3388 ἐν
3537 3335 3828 3405 γυμνασίῳ

2244 3429 2350 3480 τινὶ
2396 3427 2763 3498 σχολαστικῶς
2814 3428 3236 3498 ἐπιχειρούμενα
3283 3429 3395 3490 τοῖς
3439 3426 3824 3495 ἐντυγχάνουσι

2245 3519 2588 3589 προκείσθω,
2645 3519 2914 3590 μηδεμιᾶς
2970 3518 3160 3588 μηδενὶ
3213 3517 3302 3571 διὰ
3354 3516 3558 3570 τούτων
3618 3515 3824 3587 βλάϐης

2244 3610 2700 3680 προσγινομένης,
2746 3608 2800 3660 εί
2824 3626 2876 3661 τι
2905 3608 3056 3678 παρὰ
3083 3609 3182 3678 τὴν
3231 3605 3414 3678 κοινὴν
3449 3607 3714 3676 ὑπόληψιν
3763 3609 3822 3660 ἐν

2243 3704 2351 3764 τοῖς
2378 3700 2691 3772 λεγομένοις
2718 3701 3043 3778 εὑρίσκοιτο.
3077 3701 3154 3752 Ut)
3179 3700 3290 3770 γὰρ
3318 3697 3494 3770 δόγμα
3532 3698 3622 3752 τὸν
3663 3697 3820 3764 λόγον

2244 3792 2564 3863 ποιούμεθα,
2598 3792 2739 3844 ὥστε
2767 3790 3019 3862 ἀφορμὴν
3059 3790 3242 3844 δοῦναι
3267 3793 3380 3852 τοῖς
3409 3788 3778 3842 διαϐάλλουσιν
3797 3803 3814 3817 ο

2242 3884 2356 3936 ἀλλ’
2407 3882 2778 3955 ὁμολογοῦμεν
2822 3883 3187 3952 ἐγγυμνάζειν
3241 3881 3398 3952 μόνον
3461 3878 3664 3931 ἑαυτῶν
3714 3877 3814 3949 τὴν

2242 3975 2501 4037 διάνοιαν,
2527 3977 2639 4038 τοῖς
2670 3974 3054 4046 προκειμένοις
3075 3978 3358 4044 νοήμασιν,
3387 3972 3446 4023 ού
3469 3969 3815 4024 διδασκαλίαν

2242 4065 2572 4135 ἐξηγητικὴν
2623 4067 2734 4126 τοῖς
2785 4064 2983 4133 ἐφεξῆς
3034 4061 3405 4116 ἀποτίθεσθαι.
3459 4061 3532 4112 Τὸ
3579 4059 3679 4129 μὲν
3721 4055 3814 4114 οὖν

2242 4154 2647 4224 συμπλέκεσθαι
2687 4153 2822 4226 πρὸς
2853 4155 2950 4218 τὰς
2978 4155 3254 4216 ἐνστάσεις
3281 4151 3378 4214 τὰς
3398 4152 3505 4206 ἀπὸ
3528 4152 3626 4220 τῆς
3654 4153 3814 4220 ἁγίας
3865 4145 3867 4147 ’

2239 4247 2460 4318 Γραφῆς
2518 4245 2648 4317 ἡμῖν
2724 4244 3177 4316 προτεινομένας,
3231 4243 3325 4296 καὶ
3388 4244 3451 4295 ἐκ
3506 4243 3614 4296 τῶν
3680 4247 3804 4313 περὶ

2239 4336 2378 4388 πόδα
2405 4335 2556 4406 παρὰ
2606 4335 2700 4388 τοῦ
2755 4334 3071 4388 διδασκάλου
3122 4333 3277 4402 ἡμῶν
3328 4333 3807 4403 ἐρμηνευθέντων,

2238 4428 2338 4481 ὅσα
2401 4428 2548 4481 δοκεῖ
2581 4427 2656 4497 μὴ
2707 4427 3022 4498 συμϐαίνειν
3067 4427 3185 4488 ταῖς
3227 4426 3434 4488 κοιναῖς
3480 4424 3808 4494 ὑπολήψεοι,

2244 4519 2432 4590 μηδεὶς
2489 4519 2783 4573 ἀπαιτείτω
2831 4517 2921 4572 τὸν
2965 4517 3098 4588 ἐμὸν
3143 4518 3321 4586 λόγον.
3373 4518 3448 4570 υύ
3499 4517 3608 4588 γὰρ
3657 4516 3809 4570 τοῦτό

2239 4626 2328 4680 μοι
2390 4611 2694 4680 πρόκειται,
2748 4611 2827 4671 τὸ,
2881 4609 3209 4682 συνηγορίαν
3258 4609 3382 4663 τινὰ
3427 4611 3538 4670 τοῖς
3585 4609 3649 4660 ἐκ
3717 4605 3806 4660 τοῦ

2237 4699 2524 4770 προχείρου
2603 4701 2946 4771 φαινομένοις
3024 4699 3421 4770 ἐναντιώμασιν
3491 4699 3803 4768 ἐπινοῆσαιο

2235 4790 2372 4845 ἀλλά
2405 4807 2494 4860 μοι
2527 4792 2936 4862 συγχωρηθήτω
2971 4793 3094 4846 κατ’
3123 4792 3367 4857 ἐξουσίαν
3402 4790 3538 4863 πρὸς
3571 4791 3662 4844 τὸν
3685 4791 3806 4844 ἴδιον

2238 4881 2438 4934 σκοπὸν
2481 4880 2578 4951 τὴν
2626 4881 2734 4934 τῶν
2788 4880 2968 4953 ῥητῶν
3013 4881 3266 4948 ἐξετάσαι
3321 4880 3596 4934 διάνοιαν·
3649 4880 3803 4942 εῖπως

2235 4975 2366 5045 ἡμῖν
2399 4973 2607 5042 γένοιτο
2633 4972 2879 5038 δυνατὸν,
2909 4973 3197 5043 συμμαχίᾳ
3235 4971 3393 5035 Θεοῦ,
3423 4969 3687 5043 μενούσης
3711 4969 3804 5039 τῆς

2235 5065 2431 5130 λέξεως
2464 5068 2557 5120 ἐπὶ
2587 5065 2688 5136 τῆς
2730 5065 2864 5128 ἰδίας
2894 5066 3204 5134 ἐμφάσεως,
3239 5062 3653 5133 συνηρτημένην
3694 5060 3802 5113 τινὰ

2237 5159 2327 5212 καὶ
2355 5158 2644 5212 ἀκόλουθον
2682 5159 2739 5211 ἐν
2763 5159 2831 5226 τῇ
2862 5155 3035 5210 κτίσει
3064 5154 3174 5207 τῶν
3211 5154 3512 5222 γεγονότων
3538 5152 3800 5221 ἐπινοῆσαι

2240 5252 2339 5321 τὴν
2389 5250 2642 5319 θεωρίαν.
2697 5268 2716 5300 ‹
2767 5249 2858 5302 Ἐν
2882 5247 3030 5320 ἀρχῇ
3085 5243 3332 5314 ἐποίησε,
3385 5246 3570 5314 φησὶν,
3622 5247 3650 5295 ό
3682 5242 3802 5304 Θεὸς

2237 5339 2328 5394 τὸν
2361 5341 2588 5410 οὐρανὸν
2618 5338 2711 5392 καὶ
2737 5340 2836 5410 τὴν
2866 5335 2993 5408 γῆν,
3033 5355 3050 5387 ι
3079 5337 3176 5390 καὶ
3203 5335 3273 5388 τὰ
3309 5335 3507 5404 ἐφεξῆς
3535 5335 3634 5387 ὅσα
3659 5343 3803 5398 περι-

2239 5429 2354 5500 έχει
2380 5430 2476 5499 τῆς
2504 5425 2861 5497 κοσμογονίας
2885 5427 2914 5478 ό
2944 5426 3120 5494 λόγος,
3149 5423 3220 5476 τά
3250 5424 3349 5493 μὲν
3378 5422 3442 5494 δὴ
3476 5423 3797 5489 γεγενημένα

2237 5521 2377 5574 κατὰ
2418 5521 2515 5590 τὴν
2570 5516 2905 5590 Ἐξαήμερον
2952 5515 3146 5570 ταῦτα.
3196 5515 3315 5585 Χρὴ
3363 5515 3442 5575 δὲ,
3487 5509 3658 5581 οἶμαι,
3701 5507 3800 5575 προ

2235 5609 2335 5683 τῆς
2371 5610 2666 5675 ἐξετάσεως
2695 5607 2804 5662 τῶν
2829 5607 3254 5679 γεγραμμένων,
3293 5607 3468 5659 ἐκεῖνο
3497 5603 3797 5674 διομολογη-
