4106 6208
264 312 338 365 69

1487 294 1551 354 IN
1588 293 1889 356 HEXAEMI

1990 297 2060 354 )‘N
2096 299 2322 354 LIBER.
3477 302 3546 363 70

270 427 444 492 ῡῆναι
474 421 558 492 τῷ
581 421 741 491 λόγῳ,
775 419 858 474 δτι
892 420 987 473 ἐπὶ
1013 418 1115 489 τῆς
1145 415 1296 482 θείας
1327 417 1541 488 φύσεως
1574 418 1869 490 σύνδρομός

1990 427 2246 482 estatem,
2266 427 2324 473 ut
2341 419 2435 474 Dei
2461 421 2749 490 potestatis
2773 430 3028 477 mensura
3052 421 3125 476 sit
3142 423 3258 491 i‘ps‘a
3276 425 3548 491 voluntas,-

271 521 395 570 ὲστι
427 519 495 583 τῇ
547 515 802 585 βουλήσει
836 514 869 583 ἡ
918 511 1170 581 δύναμις,
1205 512 1301 566 καὶ
1336 511 1532 584 μέτρον
1568 513 1668 582 τῆς
1705 512 1868 566 δυνά-

280 622 432 674 μεως
463 602 566 682 rei}
615 601 752 655 Θεοῦ
797 601 859 655 τδ
892 601 1102 670 θέλημα
1141 593 1392 668 γίνεται·
1441 599 1506 652 τὸ
1555 600 1612 654 δὲ
1664 600 1873 671 θέλημα

281 697 445 767 σοφία
480 695 656 750 ἐστίν.
689 693 890 763 Σοφίας
931 692 989 745 δὲ
1020 693 1170 754 ῐδιον,
1197 691 1260 744 τὸ
1285 691 1455 764 μηδὲν
1484 691 1697 758 ἀγνοεῖν
1725 691 1872 754 ὅπως

280 791 347 843 ἂν
370 790 445 841 τὰ
470 787 595 841 καθ’
621 787 850 840 ἕκαστον
873 783 1101 854 γένοιτο.
1129 784 1208 854 Τῇ
1236 783 1293 836 δὲ
1318 783 1516 851 γνώσει
1548 783 1872 852 συμπέφυκε

273 882 380 934 καὶ
421 883 455 950 ἠ
488 878 754 949 δύναμις·
794 876 936 930 ὥστε
969 874 1105 946 ὁμοῦ
1150 875 1292 943 ἔγνω
1327 875 1394 928 τὸ
1437 874 1554 928 δέον
1601 873 1872 941 γενέσθαι,

281 973 631 1041 συνέδραμεν
659 972 691 1038 ἡ
740 968 1104 1038 ὲξεργαστικὴ
1134 966 1243 1019 τῶν
1278 965 1446 1019 ὄντων
1493 967 1666 1034 ἰσχὺς,
1699 965 1760 1017 τὸ
1787 981 1876 1017 νο·-

284 1064 418 1134 ηθὲν
468 1065 554 1125 είς
605 1063 888 1132 ἐνέργειαν
938 1059 1179 1127 ἄγουσα,
1231 1059 1325 1109 καὶ
1380 1057 1532 1110 οὐδὲν
1593 1056 1752 1126 μετὰο
1779 1055 1876 1126 τὴν

288 1154 492 1223 γνῶσιν
537 1150 997 1223 ὑφεστερίζουσα,
1034 1148 1172 1202 ἀλλὰ
1213 1147 1572 1218 συνημμένως
1602 1146 1696 1200 καὶ
1724 1149 1876 1202 ἀδια-

287 1244 504 1305 cedam;
564 1240 1042 1295 συναναδείκνυται
1096 1240 1163 1308 τῇ
1223 1236 1385 1307 βουλῇ
1436 1239 1526 1289 καὶ
1579 1236 1640 1289 τὸ
1695 1237 1875 1307 ἔργον.

286 1334 537 1404 Δύναμις
563 1333 674 1404 γάρ
709 1336 856 1386 ἐστιν
883 1333 918 1401 η
945 1329 1111 1400 βουλὴ
1157 1329 1300 1383 κατὰ
1326 1329 1517 1382 ταυτὸν
1540 1368 1552 1390 ,
1607 1329 1700 1381 καὶ
1733 1330 1879 1391 ὅπως

288 1427 356 1478 ἂν
387 1426 458 1478 τὰ
488 1425 621 1478 ὄντα
651 1423 862 1490 γένοιτο
893 1419 1348 1492 προὸουὶεύουσα,
1379 1420 1473 1472 καὶ
1501 1419 1599 1482 τὰς
1627 1420 1878 1491 ἀφορμὰς

291 1519 434 1587 πρὸς
470 1517 571 1588 τὴν
604 1517 713 1568 τῶν
747 1515 1050 1586 νοηθέντων
1094 1513 1324 1584 ὕπαρξιν
1363 1512 1747 1585 ὲκπορίζουσα.
1795 1515 1880 1578 Ὠς

279 1609 431 1679 ’ὁμοῦ
460 1609 534 1662 τὰ
567 1611 748 1663 πάντα
771 1608 865 1661 τοῦ
895 1608 1028 1661 Θεοῦ
1058 1608 1182 1676 περὶ
1206 1607 1306 1677 τὴν
1337 1607 1515 1660 κτίσιν
1538 1607 1793 1674 νοεῖσθαι,
1821 1609 1882 1662 τὺ

291 1701 535 1772 θέλημα,
574 1700 673 1771 τὴν
721 1699 939 1767 σοφίαν,
986 1700 1085 1769 τὴν
1130 1699 1378 1769 δύναμιν,
1423 1699 1521 1770 τὴν
1551 1699 1740 1754 οὐσίαν
1771 1700 1880 1753 τῶν

1973 510 2227 566 voluntas
2265 519 2448 566 autern
2491 518 2574 566 est
2612 511 2902 581 sapientia.
2950 510 3240 582 Sapientiae
3278 531 3406 570 vero
3449 532 3548 586 po-

1973 603 2269 672 priumest,
2287 619 2392 658 non
2421 605 2670 674 ignorare
2688 603 2963 674 quomodo
2981 606 3410 675 unumquodque
3437 608 3547 661 ﬁat.

1972 692 2143 749 Porro
2192 696 2560 766 cognitionem
2607 703 2850 766 potestas
2899 696 3166 765 sequitur.
3209 695 3547 767 Quapropter

1975 787 2137 841 simul
2163 794 2217 842 et
2249 787 2497 843 iacienda
2528 788 2808 856 cognovit,
2831 795 2885 842 et
2916 788 3064 841 nulla
3096 789 3415 858 interposita
3445 804 3546 844 mo-

1974 892 2034 930 ra
2065 880 2346 933 concurrit
2379 895 2559 935 rerum
2600 879 2843 935 etfectrix
2883 882 2990 941 vis,
3018 894 3140 950 qua:
3171 883 3386 952 cognita
3426 898 3552 953 per-

1978 969 2188 1033 liceret,
2233 979 2286 1024 et
2325 972 2444 1026 sine
2479 972 2590 1026 ullo
2625 973 2910 1026 intervallo
2944 987 3068 1026 cum
3099 975 3380 1028 voluntate
3416 989 3551 1028 con-

1971 1061 2222 1130 junctum
2259 1077 2397 1131 opus
2439 1065 2786 1118 continenter
2829 1073 3113 1118 ostensum
3144 1072 3266 1120 est:
3303 1063 3552 1134 quando;

1976 1151 2194 1220 quidem
2232 1153 2472 1223 potentia
2517 1154 2772 1208 voluntas
2803 1163 2911 1220 est,
2945 1155 3245 1224 eodemque
3279 1161 3554 1209 momento

1980 1245 2247 1314 prospicit
2280 1244 2556 1314 quomodo
2587 1261 2675 1299 res
2709 1245 2861 1309 ﬁant,
2896 1255 2950 1300 et
2978 1247 3298 1303 occasiones
3328 1247 3551 1316 praebet,

1980 1346 2038 1389 ut
2080 1337 2316 1406 cogitata
2353 1338 2463 1392 sint
2507 1338 2672 1390 facta.
2712 1337 3082 1403 Quamobrem.
3119 1341 3300 1394 omnia
3329 1355 3450 1411 quae
3499 1341 3552 1394 in

1980 1427 2090 1483 Deo
2124 1438 2274 1492 sunt,
2307 1429 2374 1482 ad
2413 1445 2595 1484 rerum
2629 1431 3072 1500 procreationem
3101 1433 3424 1502 pertinentia
3472 1434 3553 1488 si-

1982 1520 2092 1572 mul
2121 1521 2452 1589 cogitantur,
2486 1522 2762 1584 voluntas,
2795 1523 3085 1592 sapientia,
3117 1532 3360 1592 potestas
3387 1531 3441 1578 et
3464 1538 3554 1577 re-

1981 1624 2100 1662 rum
2133 1609 2376 1678 ipsarum
2409 1617 2625 1666 natura.
2662 1610 2794 1676 Quae
2817 1627 2940 1667 cum
2977 1612 3054 1666 ita
3095 1615 3226 1679 sint,
3264 1630 3424 1670 nemo
3447 1630 3555 1670 am-

1982 1700 2145 1768 plius,
2191 1699 2464 1768 quomodo
2499 1709 2594 1754 aut
2633 1703 2796 1770 unde,
2842 1706 3239 1774 perscrutando
3274 1705 3554 1776 inquirens

295 1793 498 1845 ὅντων.
532 1792 816 1846 Τούτουιδὲ
845 1791 1022 1855 οὕτως
1066 1792 1300 1862 ἔχοντος,
1343 1792 1520 1845 οὐκέτ’
1550 1792 1616 1846 ἄν
1639 1810 1724 1855 τις
1763 1809 1882 1846 στε-

1990 1792 2161 1860 doque
2212 1801 2560 1860 torqueatur;
2613 1795 2792 1847 solent
2828 1795 2973 1848 enim
3026 1796 3248 1864 quidam
3292 1799 3357 1852 ad
3409 1800 3557 1857 hunc

295 1887 609 1955 ⁴ανοχωροὲἰτο
640 1884 764 1954 περὶ
783 1884 880 1952 τῆς
906 1882 1039 1952 ὕλης
1073 1885 1515 1956 διερευνώμενος,
1543 1885 1605 1938 τὸ
1645 1885 1762 1948 πῶς
1790 1887 1884 1939 καὶ

302 1975 371 2025 τὸ
403 1973 577 2025 τέθεν
609 1971 899 2041 ἐπιζητῶνο
934 1968 1024 2026 οἷα
1059 1974 1123 2046 δὴ
1157 1975 1420 2044 λεγόντων
1456 1976 1600 2030 ἔστιν
1643 1977 1880 2041 ἀκούειν,

305 2066 384 2117 ει
415 2064 586 2126 ἇῡλός
614 2066 753 2117 ἐστιν
783 2066 811 2116 ὁ
847 2064 994 2130 Θεὸς,
1046 2066 1210 2120 πόθεν
1251 2069 1290 2138 ἡ
1327 2067 1449 2138 ὕλη,
1483 2068 1600 2131 πῶς
1629 2068 1690 2122 τὸ
1718 2069 1884 2122 ποσὸν

311 2160 381 2210 ἐκ
407 2155 504 2210 τοῦ
530 2158 748 2221 ἀπόσου,
781 2159 872 2211 καὶ
902 2158 967 2211 ἐκ
996 2159 1090 2212 τοῦ
1125 2159 1328 2212 ἁόπτου
1353 2159 1416 2212 τὸ
1441 2161 1654 2230 ὁρατὸν,
1686 2162 1779 2214 καὶ⁵
1822 2162 1885 2214 ἐκ

304 2249 405 2301 τοῦ
434 2249 737 2319 ἀμεγέθους
765 2267 824 2302 τε
844 2251 938 2303 καὶ
975 2249 1250 2319 ἀορίστου,
1269 2252 1330 2304 τὸ
1357 2252 1572 2316 πάντως
1600 2252 1750 2323 ὄγκῳ
1777 2253 1889 2306 τινὶ

299 2341 403 2393 καὶ
449 2340 770 2413 πηλικότητι
804 2341 1117 2412 ὁριζόμενον
1143 2359 1157 2406 ;
1194 2345 1288 2396 καὶ
1320 2343 1388 2396 τὰ
1417 2343 1550 2398 ἄλλα
1584 2344 1760 2397 πάντα
1789 2347 1888 2398 ὅσα

299 2433 433 2504 περὶ
478 2434 579 2504 τὴν
627 2434 761 2504 ὕλην
807 2436 1023 2506 ὁρᾶται,
1072 2435 1252 2507 πῶςῆ
1292 2436 1455 2491 πόθεν
1487 2439 1807 2509 παρήγαγεν
1859 2441 1888 2494 ὁ

298 2525 482 2595 μηδὲν,
511 2526 568 2576 ὲν
607 2529 676 2596 τῇ
724 2526 921 2579 ἑαυτοῦ
952 2527 1111 2595 φύσει
1139 2527 1375 2582 τοιοῦτον
1404 2529 1577 2599 ἔχωνς
1628 2531 1741 2584 Μία
1775 2532 1888 2602 γὰρ

300 2613 550 2665 ἕκαστον
590 2614 697 2666 τῶν
733 2617 866 2685 περὶ
902 2619 1001 2686 τῆς
1033 2615 1168 2683 ὕλης
1216 2619 1636 2690 προφερομένων
1684 2623 1815 2692 ἡμῖν
1853 2623 1888 2692 ἡ

283 2705 481 2770 λύσις,
525 2707 587 2759 τὸ
618 2709 753 2776 μήτε
782 2708 1041 2762 ἀδύνατον
1067 2710 1164 2782 τὴν
1209 2711 1400 2781 σοφίαν
1423 2712 1517 2766 τοῦ
1537 2713 1671 2767 Θεοῦ
1699 2714 1888 2768 ὑποτί-

305 2797 524 2861 οεσθαι,
570 2801 711 2869 μήτε
753 2800 850 2872 τὴν
883 2801 1118 2873 δύναμιν
1142 2804 1342 2875 ἄσοφον
1364 2821 1378 2836 ·
1410 2805 1546 2859 ἀλλὰ
1578 2805 1696 2876 μετ’
1727 2806 1890 2876 ἀλλή-

300 2891 413 2943 λων
463 2887 604 2944 εἶναι
654 2891 848 2952 ταῦτα.
899 2894 994 2947 καὶ
1022 2893 1080 2946 ἒν
1125 2895 1410 2968 ἀμφότερα
1441 2898 1773 2968 δείκνυσθαι,
1811 2899 1890 2962 ὼς

295 2979 434 3049 ἃμα
465 2983 562 3034 καὶ
598 2982 741 3035 κατὰ
781 2984 974 3036 ταύτὸν
1019 2983 1100 3055 τῷ
1146 2985 1317 3056 ἑτέρῳ
1351 2987 1786 3058 συγκαθορᾶσθαι
1827 2988 1890 3042 τὸ

299 3073 522 3141 ἕτερον.
557 3073 630 3125 Τό
671 3090 731 3126 τε
773 3074 879 3144 γὰρ
913 3075 1075 3144 σοφὸν
1101 3075 1268 3130 αὐτοῦ
1304 3077 1514 3149 θέλημα
1545 3083 1610 3150 τῇ
1661 3080 1888 3151 δυνάμει
1914 3129 1956 3186 C

299 3164 416 3216 τῶν
465 3166 877 3236 ἐνεργουμένων
930 3168 1284 3240 ἐφανερώθη,
1341 3170 1492 3240 καὶή
1559 3172 1885 3243 ὲνεργητικὴ

303 3255 472 3310 αὐτοῦ
504 3255 736 3326 δύναμις
796 3258 855 3309 ὲν
897 3257 975 3328 τῷ
1004 3258 1152 3329 σοφῷ
1185 3259 1448 3330 θελήματι
1480 3260 1788 3332 ἐτελειώθη.
1826 3262 1888 3315 Εἰ

305 3344 404 3398 οὖν
430 3348 486 3398 ὲν
524 3347 602 3417 τῷ
625 3348 774 3418 αὐτῷ
804 3349 896 3402 καὶ
925 3349 1065 3402 κατὰ
1089 3351 1280 3404 ταύτόν
1308 3353 1455 3405 ἐστιν
1482 3353 1515 3422 ἡ
1555 3351 1715 3421 σοφία
1737 3353 1831 3405 καὶ
1853 3353 1888 3423 ἡ

306 3435 538 3506 δύναμις
591 3436 718 3490 οὕτε
762 3439 949 3505 ἀγνοεῖ
978 3440 1124 3503 ὅπως
1155 3439 1223 3494 ἂν
1271 3441 1370 3511 ὕλη
1415 3441 1551 3513 πρὸς
1579 3443 1679 3514 τὴν
1718 3461 1890 3496 κατα-

308 3527 516 3597 σκευὴν
545 3527 794 3598 εὕρεθείη
829 3528 936 3581 τῶν
964 3531 1154 3598 ὕντων,
1189 3531 1300 3585 οὔτ’
1335 3533 1583 3590 ἀδυνατεί
1612 3534 1674 3587 τὸ
1699 3533 1890 3605 νοηθὲν

309 3622 659 3688 προαγαγεῖν
693 3623 769 3682 είς
800 3621 1105 3692 ἐνέργειαν.

395 3709 588 3762 Πάντα
602 3709 654 3761 δὲ
670 3709 972 3780 δυνάμενος.
993 3713 1127 3782 ὁμοῦ
1143 3713 1212 3766 τὰ
1231 3714 1410 3768 πάντα
1422 3714 1490 3768 δι’
1508 3708 1630 3786 ὧνή
1650 3715 1748 3784 ὕλη
1767 3733 1893 3771 συν-

316 3800 545 3853 ίσταται
567 3799 644 3869 τῷ
667 3801 806 3871 σοφῷ
824 3818 882 3854 τε
908 3803 1001 3855 καὶ
1015 3802 1226 3873 δυνατῷ
1251 3803 1516 3874 θελήματι
1568 3802 1892 3859 κατεϐάλετο

309 3893 455 3962 πρὸς
476 3891 579 3962 τὴν
593 3893 934 3961 ἀπεργασίαν
949 3892 1055 3946 τῶν
1067 3894 1256 3957 ὄντων,
1269 3894 1330 3948 τὸ
1343 3893 1563 3963 κοῦφον,
1580 3894 1642 3948 τὺ
1658 3893 1824 3965 βαρὺ,
1835 3893 1896 3947 τὸ

309 3985 531 4045 ναστὸν,
549 3985 612 4037 τὸ
631 3985 845 4055 ἀραιὸν,
864 3985 929 4038 τὸ
946 3986 1204 4055 μαλακὸν,
1225 3986 1287 4040 τὸ
1300 3987 1610 4054 ἀντίτυπον,
1627 3981 1694 4041 ab
1706 3987 1892 4060 ὑγρὸν,

308 4077 375 4129 τὸ
397 4075 585 4146 ξηρὸν,
613 4075 673 4128 τὸ
703 4075 928 4146 ψυχρὸν,
957 4077 1018 4130 τὸ
1035 4076 1255 4148 θερμὸν,
1271 4075 1333 4130 τὸ
1351 4076 1569 4148 χρῶμα,
1599 4077 1660 4130 τὸ
1687 4079 1895 4148 σχῆμα,

309 4171 382 4238 τὴ
388 4190 413 4218 ν
430 4169 804 4238 περιγραφὴν,
825 4169 886 4221 τὸ
901 4167 1192 4238 διάστημα
1214 4169 1250 4222 ἃ
1276 4169 1450 4222 πάντα
1474 4169 1572 4240 μὲν
1592 4170 1712 4224 καθ’
1729 4170 1898 4225 ἑαυτὰ

312 4260 516 4312 ἔννοιαί
540 4261 658 4312 ἐστι
685 4261 778 4312 καὶ
797 4259 927 4328 ψιλὰ
949 4262 1213 4330 νοήματα.
1248 4260 1322 4313 Ob
1355 4260 1463 4330 γάρ
1495 4278 1546 4313 τι
1577 4262 1782 4336 τοῦτων
1811 4264 1896 4331 ἐφ’

312 4351 512 4404 ἑαυτοῦ
532 4350 632 4420 ὕλη
654 4351 823 4414 ἐστὶν,
853 4351 988 4404 ἀλλὰ
1007 4352 1378 4423 συνδραμόντα
1398 4353 1534 4424 πρὸς
1549 4353 1773 4425 ἄλληλα,
1797 4353 1895 4425 ὕλη

1988 1881 2204 1934 modum
2240 1882 2549 1950 percontari
2575 1884 2667 1938 :Si
2700 1884 2949 1948 materia,
2982 1885 3254 1955 inquiunt,
3299 1887 3440 1943 Deus
3461 1903 3556 1943 va-

1983 1981 2092 2036 cat,
2130 1973 2271 2028 unde
2287 1975 2551 2028 materia?
2581 1977 2855 2044 quomodo
2877 1987 3057 2030 autem
3085 1987 3352 2047 quantum
3375 1995 3439 2034 ex
3467 1994 3554 2045 eo,

1984 2066 2076 2133 qui
2107 2073 2260 2119 caret
2275 2067 2595 2134 quantitate.
2615 2075 2712 2140 aut
2729 2068 3060 2137 aspectabile
3078 2085 3143 2124 ex
3163 2071 3274 2132 illo,
3294 2071 3385 2140 qni
3405 2074 3556 2126 cerni

1986 2171 2093 2208 non
2116 2163 2287 2222 potest
2307 2155 2437 2209 iant
2456 2172 2522 2210 ex
2545 2171 2630 2220 eo,
2660 2157 2750 2226 qui
2775 2159 2926 2212 nulla
2952 2160 3094 2214 mole
3109 2160 3559 2230 circumscriptus

1985 2255 2090 2307 est,
2117 2246 2168 2298 id
2185 2247 2327 2314 quod
2350 2246 2531 2316 aliqua
2550 2248 2773 2302 omnino
2793 2251 3164 2319 magnitudine
3181 2252 3560 2320 amplitudine-

1988 2353 2094 2406 que
2111 2339 2490 2392 concluditur?
2509 2339 2634 2394 llaec
2655 2348 2707 2394 et
2724 2341 2828 2393 alia
2851 2341 3030 2395 omnia
3056 2341 3300 2411 ejusdem
3319 2347 3558 2414 generis,

1988 2425 2107 2493 qua:
2139 2432 2192 2484 in
2238 2431 2352 2500 ipsa
2379 2431 2604 2486 materia
2646 2432 2917 2496 videntur,
2962 2450 3198 2503 quonam
3243 2445 3419 2505 pacto,
3467 2449 3560 2492 aut

1990 2522 2134 2580 unde
2157 2524 2410 2592 produxit
2430 2524 2541 2585 ille,
2560 2525 2652 2592 qui
2674 2525 2728 2578 in
2751 2533 2944 2578 natura
2971 2540 3069 2578 sua
3089 2527 3220 2580 nihil
3238 2527 3400 2582 habet
3422 2529 3560 2598 ejus~

1993 2613 2170 2665 modi?
2198 2613 2280 2665 Ad
2309 2612 2554 2681 singulas
2585 2613 2752 2679 enim,
2784 2628 2904 2682 quae
2930 2613 2998 2668 de
3023 2617 3247 2670 materia
3279 2617 3561 2685 proferun-

1988 2713 2078 2757 tur
2105 2703 2455 2773 qutestiones,
2496 2719 2602 2758 una
2633 2705 2721 2758 illa
2759 2706 2916 2760 nobis
2939 2706 3140 2760 solutio
3175 2716 3258 2761 est
3297 2727 3310 2760 :
3337 2725 3436 2763 nec
3466 2709 3558 2764 Dei

1987 2795 2333 2864 sapientiam,
2353 2795 2702 2864 impotentem
2724 2811 2857 2861 ;nec
2873 2798 3193 2865 potentiam,
3214 2797 3557 2868 insipientem
3629 2814 3646 2833 κ

1988 2887 2238 2955 proponi,
2264 2885 2360 2940 sed
2389 2885 2530 2940 inter
2550 2901 2610 2940 se
2638 2894 2829 2939 mutuo
2845 2887 3139 2956 conjuncta
3171 2904 3314 2953 esse,
3335 2897 3388 2944 et
3413 2903 3563 2946 utra-

1987 2993 2096 3046 que
2113 2992 2280 3031 unum
2301 2977 2540 3040 ostendi,
2563 2985 2621 3030 ut
2634 2977 2797 3032 simul
2824 2979 3138 3049 pariterque
3161 2981 3214 3034 in
3239 2991 3468 3052 utroque
3489 2985 3563 3060 al-

1990 3077 2167 3125 terum
2190 3077 2472 3124 cernatur.
2501 3067 2779 3139 Siquidem
2801 3078 2854 3126 et
2877 3073 3097 3140 sapiens
3115 3073 3288 3143 ipsius
3307 3073 3562 3130 voluntas

1991 3168 2258 3233 potestate
2294 3160 2560 3216 factorum
2598 3163 2992 3216 estdeclarata
3017 3203 3032 3228 ,
3074 3172 3129 3218 et
3160 3165 3402 3220 effectrix
3441 3169 3563 3238 ejus

1990 3261 2235 3324 potestas
2274 3255 2331 3307 in
2368 3254 2545 3324 ipsius
2583 3254 2832 3324 sapiente
2863 3260 3146 3311 voluntate
3180 3257 3418 3327 perfecta
3456 3268 3560 3314 est.

1990 3343 2251 3409 Proinde,
2269 3345 2314 3398 si
2337 3344 2469 3398 etin
2488 3344 2676 3400 eodem
2701 3353 2756 3401 et
2783 3346 2949 3400 simul
2975 3349 3244 3417 sapientia
3269 3359 3374 3415 est,
3401 3361 3566 3421 atque

1990 3435 2263 3505 potentia;
2287 3451 2388 3490 nec
2410 3437 2646 3506 ignorat,
2668 3440 2940 3506 quomodo
2976 3440 3249 3495 adrerum
3290 3445 3566 3513 composi-

1991 3525 2196 3580 tionem
2245 3526 2561 3581 inveniatur
2603 3529 2856 3590 materia.
2907 3545 3010 3585 nec
3051 3532 3328 3588 invalidus
3379 3546 3462 3590 est
3497 3535 3565 3591 ad

1991 3617 2124 3672 illud
2153 3616 2518 3682 elﬁciendum,
2550 3618 2697 3688 quod
2729 3622 2900 3675 novit.

2061 3709 2250 3778 Itaque
2275 3725 2400 3764 cum
2435 3712 2616 3764 omnia
2635 3713 2828 3780 possit,
2846 3714 2914 3766 ad
2932 3729 3113 3769 rerum
3138 3726 3564 3785 procreationem

1993 3799 2224 3868 sapienti
2257 3800 2572 3868 potentique
2591 3801 2871 3856 voluntate
2903 3805 3067 3858 simul
3098 3808 3281 3859 omnia
3309 3808 3564 3871 contulit,

1995 3889 2290 3953 levitatem,
2327 3890 2667 3959 gravitatem,
2703 3885 3050 3959 densitatem,
3091 3897 3394 3963 raritatem,
3430 3900 3569 3952 mol-

1995 3979 2302 4047 litudinem,
2342 3981 2620 4048 duritiam,
2659 3983 3063 4050 humiditatem,
3108 3987 3432 4052 siccitatem,
3475 3989 3569 4046 fri-

1995 4073 2298 4146 giditatem,
2339 4075 2691 4145 caliditatem,
2731 4079 2990 4145 colorem,
3030 4079 3280 4152 ﬁguram,
3321 4084 3570 4136 circum-

1997 4165 2372 4234 seriptionem,
2402 4167 2780 4224 intervallum:
2812 4185 2934 4240 quae
2956 4171 3171 4240 quidem
3205 4173 3415 4241 singula
3442 4181 3570 4227 sunt

2001 4267 2190 4312 tenues
2222 4257 2466 4328 quaidam
2499 4260 2766 4330 nudaeque
2799 4263 3087 4328 notiones;
3123 4264 3259 4317 nihil
3293 4265 3437 4318 enim
3471 4265 3570 4318 ho-

1999 4364 2120 4402 rum
2155 4365 2323 4404 unum
2359 4365 2455 4418 per
2486 4365 2546 4404 se
2572 4351 2799 4406 materia
2829 4363 2934 4418 est,
2969 4355 3061 4407 sed
3097 4354 3310 4409 cunctis
3339 4355 3482 4410 inter
3513 4373 3573 4412 se

311 4443 546 4510 γίνεται.
576 4442 642 4494 Εἰ
667 4437 763 4495 οὖν
784 4441 859 4512 τῷ
887 4440 1204 4514 ὑπερέχοντι
1231 4444 1328 4514 τῆς
1352 4443 1542 4513 σοφίας
1568 4446 1662 4498 καὶ
1684 4445 1785 4513 τῆς
1803 4445 1889 4498 δυ-

1999 4443 2462 4498 concurrentihus
2491 4443 2714 4497 materia
2761 4444 2840 4497 lit.
2877 4443 2933 4498 Si
2965 4445 3132 4514 igitur
3155 4448 3436 4516 sapientia:
3473 4464 3572 4519 po-

310 4535 555 4601 νάξιεως,
581 4532 674 4586 καὶ
695 4531 874 4584 πάντα
893 4528 999 4584 οἶδε
1025 4533 1118 4585 καὶ
1141 4533 1316 4586 πάντα
1343 4533 1585 4598 δύναται,
1613 4535 1752 4603 τάχα
1783 4552 1898 4598 πως

315 4624 760 4695 προσεγγίζομεν
781 4628 846 4695 τῇ
861 4623 1034 4696 ὕψηλῇ
1053 4623 1145 4676 τοῦ
1163 4625 1436 4688 Μωῦσέως
1450 4629 1622 4697 φωνῇ,
1635 4627 1694 4688 ὃς
1712 4643 1895 4695 φησιν·

331 4716 445 4766 Ἐν
475 4715 771 4780 κεφαλαίῳ
805 4713 981 4783 (τοῦτο
1008 4713 1114 4783 γὰρ
1143 4713 1264 4766 ἀντὶ
1301 4714 1402 4782 τῆς
1433 4711 1627 4782 ἀρχῆς
1671 4713 1900 4776 Ἀκύλας

315 4797 615 4864 ἐκδέδωκε)
647 4800 978 4870 πεποιῆσθαι
1015 4801 1172 4870 παρὰ
1214 4801 1308 4854 τοῦ
1355 4801 1491 4854 Θεοῦ
1533 4801 1628 4854 τὸν
1671 4802 1901 4872 οὐρανὸν

311 4890 420 4942 καὶ
448 4887 552 4956 τὴν
572 4889 689 4956 γῆν.
725 4889 943 4958 Ἐπειδὴ
969 4890 1076 4960 γὰρ
1103 4890 1465 4959 είσαγωγικὸν
1499 4891 1636 4964 πρὸς
1665 4891 1899 4960 θεογνω-

312 4979 450 5031 σίαν
484 4977 548 5029 τὸ
578 4977 675 5047 τῆς
695 4965 958 5046 γενέσεωξ
990 4980 1188 5050 βιϐλίον
1220 4984 1248 5034 ὀ
1273 4983 1556 5052 προφήτης
1588 4983 1899 5053 πεποίηται,

309 5067 415 5123 καὶ
454 5067 661 5130 σκοπός
687 5070 796 5124 ἐστι
828 5069 906 5141 τῷ
934 5072 1164 5142 Μωῦσῇ,
1200 5074 1324 5136 τοὺς
1349 5076 1417 5143 τῇ
1449 5073 1696 5145 αἰσθήσει
1725 5075 1903 5128 δεδουο

312 5162 608 5231 λωμὲνους
629 5162 1036 5233 χειραγωγῆσαι
1057 5163 1145 5217 διὰ
1170 5165 1278 5217 τῶν
1306 5166 1642 5236 φαινομένων
1670 5167 1805 5237 πρὸς
1836 5166 1904 5221 τὰ

315 5249 697 5318 ὑπερκείμενα
742 5251 840 5320 τῆς
885 5252 1208 5323 σίσθητικῆς
1249 5254 1636 5325 καταλήψεωςο
1688 5257 1902 5328 οὐρανῷ

310 5340 374 5392 δὲ
401 5338 502 5392 καὶ
528 5343 593 5410 τῇ
625 5345 697 5413 γῇ
719 5341 964 5412 ὁρίζεται
997 5345 1129 5415 ἡμῖν
1155 5347 1189 5416 ἡ
1229 5344 1324 5400 διὰ.
1339 5349 1440 5418 τῆς
1457 5347 1634 5417 ὅψεως
1661 5349 1860 5416 γνῶσις
1883 5366 1896 5380 ’

311 5433 407 5484 διὰ
431 5430 591 5485 τοῦτο
608 5433 683 5498 ὡς
706 5436 1032 5506 περιεκτικὰ
1055 5435 1166 5492 τῶν
1184 5437 1353 5493 ὄντων
1371 5440 1438 5494 τὰ
1459 5439 1662 5510 ἔσχατα
1681 5441 1794 5494 τῶν
1815 5440 1904 5495 διὰ

313 5523 418 5592 τῆς
452 5524 758 5594 αἰσθήσεως
776 5529 910 5600 ημῖν
930 5530 1351 5600 γινωσκομένων
1377 5533 1406 5584 ὁ
1420 5531 1577 5599 λόγος
1597 5532 1898 5603 ὠνόμασεν.

313 5613 408 5666 ἵνα
437 5613 528 5665 διὰ
573 5614 666 5667 τοῦ
688 5617 752 5669 τὶ
787 5621 1108 5692 περιέχοντα
1131 5622 1305 5672 εἰπεῖν
1330 5621 1480 5691 παρὰ
1518 5622 1650 5674 θεοῦ
1672 5624 1901 5693 γεγενῆ-

315 5706 467 5767 συαι,
499 5708 863 5783 συμπεριλάὸῃ
897 5716 1002 5768 πᾶν
1030 5714 1093 5767 τὸ
1121 5710 1273 5773 ἐντὸς
1301 5711 1409 5763 τῶν
1440 5712 1621 5775 ἄκρων
1653 5713 1898 5782 περιεχό-

1997 4531 2287 4600 tentiaeque
2317 4531 2628 4601 praestantia
2660 4540 2714 4586 et
2739 4532 2925 4586 omnia
2958 4535 3130 4599 novit,
3161 4543 3215 4590 et
3248 4544 3424 4606 potest
3455 4553 3574 4592 om.

1996 4622 2108 4682 nia.
2137 4622 2320 4690 aliquo
2341 4620 2502 4674 modo
2535 4621 2769 4678 fortasse
2799 4623 2865 4677 ad
2888 4628 3156 4681 excelsam
3192 4627 3358 4684 Mosis
3386 4646 3572 4684 vocem

1995 4712 2331 4778 accepimus.
2368 4711 2496 4780 qui,
2549 4730 2567 4762 α
2599 4712 2652 4767 in
2699 4728 2940 4777 summa,
2982 4734 3000 4766 ι
3051 4717 3227 4786 inquit
3278 4719 3380 4786 (sic
3428 4721 3574 4773 enim

1998 4803 2223 4871 Aquilas
2253 4819 2371 4872 pro,
2411 4821 2428 4854 ι
2457 4805 2509 4858 iu
2541 4806 2832 4875 principio,
2856 4816 2886 4858 ι’
2911 4809 3092 4879 vertit)
3129 4810 3260 4864 fecit
3293 4809 3435 4866 Deus
3457 4827 3574 4866 ca:-

2010 4895 2118 4947 lum
2156 4902 2211 4949 et
2241 4904 2460 4954 terram.
2493 4895 2760 4962 Quoniam
2786 4901 2930 4955 enim
2960 4904 3356 4973 procreationis
3379 4904 3576 4959 librum

2007 4986 2316 5055 composuit
2354 4989 2650 5058 propheta,
2693 4998 2753 5046 ut
2796 4991 2864 5047 ad
2914 4992 3008 5049 Dei
3054 4996 3418 5065 cognitionem
3467 4996 3577 5050 dux

2005 5087 2169 5141 esset,
2199 5076 2364 5148 idque
2393 5077 2525 5134 Mosi
2555 5081 2893 5151 propositum
2921 5083 3041 5148 fuit,
3077 5094 3133 5138 ut
3155 5099 3249 5140 eos
3275 5085 3367 5155 qui
3402 5086 3580 5142 sensi-

2006 5169 2109 5224 bus
2130 5168 2349 5224 obnoxii
2377 5169 2724 5242 devinctique
2747 5183 2898 5240 sunt,
2917 5192 3012 5246 per
3033 5191 3095 5232 ea
3118 5192 3239 5247 quae
3257 5186 3580 5242 cernuntur,

2005 5258 2074 5312 ad
2109 5258 2200 5312 illa
2237 5259 2558 5328 perduceret
2590 5278 2712 5332 qua:
2753 5264 3008 5319 sensibus
3043 5265 3429 5336 comprehendi
3473 5281 3580 5320 non

2007 5359 2271 5418 possunt;
2296 5351 2436 5405 caelo
2465 5361 2648 5408 autem
2673 5361 2727 5408 et
2755 5361 2903 5410 terra
2931 5364 3117 5412 nostra
3151 5373 3251 5428 per
3277 5360 3465 5415 oculos
3494 5372 3580 5410 co-

2006 5441 2181 5508 gnitio
2229 5443 2599 5510 terminatur;
2653 5444 2860 5500 idcirco
2915 5457 3158 5502 extrema
3211 5465 3400 5505 eorum
3456 5461 3578 5515 qua:

2005 5546 2170 5586 sensu
2215 5549 2246 5587 a
2288 5534 2452 5590 nobis
2496 5536 2900 5606 percipiuntur,
2947 5546 3203 5610 tanquam
3250 5555 3342 5595 res
3384 5550 3576 5592 omnes

2009 5623 2425 5691 complectentia
2451 5627 2772 5692 nominavit,
2800 5638 2856 5683 ut
2882 5644 2944 5683 ea
2968 5644 3090 5699 quae
3116 5629 3574 5698 complectuntur,

2007 5733 2036 5770 a
2080 5716 2187 5770 Deo
2230 5717 2366 5772 facta
2413 5736 2535 5775 esse
2585 5735 3051 5786 commemorans,
3101 5715 3585 5789 comprehenderet
