4106 6208
563 284 626 340 τι
1810 279 1867 336 s.
1895 272 2220 338 enecatur
2251 273 2545 338 ursseui
3743 290 3826 349 τε

564 396 828 467 quidquid
857 395 926 450 ab
952 394 1060 449 illis
1089 393 1424 461 continetur,
1459 405 1514 452 et
1551 412 1644 468 pro
1673 413 1768 460 eo,
1813 407 1871 452 ut
1899 399 2122 454 diceret.

2245 416 2426 468 μενον,
2454 403 2548 455 καὶ
2567 403 2687 456 ἀντὶ
2702 403 2796 458 τοῦ
2817 399 2988 458 εἰπεῖν
3007 403 3088 458 ὅτι
3107 397 3319 478 ἁθρόως
3341 403 3520 460 πάντα
3547 404 3613 458 τὰ
3636 405 3770 459 ὂντα
3793 409 3826 460 ὁ

564 488 727 541 simul
755 488 938 540 omnia
972 486 1138 540 Deum
1185 487 1412 554 fecisse,
1449 507 1467 539 ι
1493 489 1544 542 in
1584 503 1795 543 summa
1820 509 1838 539 ι
1885 489 2000 544 sive
2045 489 2139 544 «in

563 578 891 645 principio,»
936 579 1094 640 dixit,
1137 578 1302 633 Deum
1341 579 1536 634 fecisse
1581 581 1777 632 cmlum
1812 588 1866 634 et
1913 589 2136 636 terram.

563 665 858 738 Utriisque
885 679 1063 724 autem
1095 671 1247 724 vocis
1276 685 1382 723 una
1415 671 1744 740 signiﬁcatio
1770 677 1855 725 est
1884 689 1898 726 :
1937 673 2140 740 princi-

563 757 710 826 pium
740 759 914 822 enim,
941 768 996 813 ct
1023 775 1236 813 summa
1261 775 1414 829 aeque
1443 761 1719 814 declarant
1750 760 1931 816 simul.
1961 761 2140 828 Quare

562 861 658 916 per
673 863 971 902 «sunimam
984 867 1001 898 ι
1020 849 1258 904 ostendit
1274 851 1454 904 omnia
1473 851 1634 904 simul
1652 851 1674 903 ί
1675 851 1819 907 uisse
1832 861 2134 921 procreata,

559 945 614 990 et
643 953 738 1006 per
766 954 784 986 ι
812 939 1138 1008 principium
1163 958 1182 991 ι
1215 947 1434 1002 cuncta,
1473 949 1768 1006 momento,
1796 950 1849 996 et
1879 945 1999 998 sine
2027 945 2138 999 ullo

562 1031 822 1099 temporis
865 1031 1041 1100 spatio
1085 1035 1231 1083 tacta
1277 1031 1446 1084 fuisse.
1479 1031 1769 1101 signiﬁcat.
1804 1032 2134 1105 Principium

558 1120 702 1173 enim
735 1136 842 1174 non
877 1122 1106 1190 patitur,
1141 1129 1202 1175 ut
1228 1123 1398 1176 ullum
1434 1123 1780 1178 intervallum
1809 1126 2132 1196 cogitemus.

556 1209 692 1264 Nam
722 1219 780 1266 ut
813 1220 1074 1281 punctum
1111 1221 1196 1269 est
1225 1214 1550 1284 principium
1604 1216 1779 1277 lineas,
1823 1226 1876 1272 et
1925 1218 2136 1273 indivi-

557 1301 724 1356 duum
759 1303 1028 1372 corporis,
1060 1305 1138 1359 sic
1166 1315 1497 1360 momentum
1529 1305 1702 1376 ipsius
1731 1311 2010 1379 temporis.
2039 1309 2136 1366 Re-

554 1408 675 1446 rum
698 1393 867 1463 igitur
893 1395 1055 1449 simul
1086 1396 1327 1449 omnium
1351 1399 1692 1454 constructio
1717 1399 1786 1453 ab
1829 1401 2134 1457 incredibili

555 1483 797 1551 potentia
828 1482 920 1539 Dei
955 1483 1216 1553 proiecta,
1248 1487 1578 1557 principium
1607 1505 1636 1542 a
1662 1489 1830 1552 Mose,
1863 1507 1960 1546 seu
1985 1507 2135 1548 sum-

553 1585 642 1624 ma
678 1570 735 1625 iu
777 1586 883 1641 qua
935 1573 1188 1628 consistit
1234 1575 1585 1644 universitas,
1632 1579 1966 1635 nominatur.
2020 1582 2128 1647 Ille,

552 1659 682 1714 dum
715 1677 894 1716 rerum
924 1671 1165 1719 extrema
1196 1667 1566 1736 prosequitur,
1598 1672 1760 1724 tacite
1790 1673 1954 1726 etiam
1984 1674 2128 1728 indi-

2242 489 2375 553 Θεὸς
2395 493 2667 563 ἐποίησεν,
2697 493 2846 550 εἶπεν
2869 497 2939 550 ἐν
2956 498 3279 566 κεφαλαίῳ,
3297 497 3416 567 ήτοι
3442 497 3512 550 ἐν
3537 496 3697 566 ἀρχῇ
3718 515 3826 550 πεί

2241 580 2523 650 ποιηκέναι
2569 583 2660 634 τὸν
2705 585 2836 638 Θεὸν
2877 585 2968 640 τδν
3009 586 3234 658 οὐρανὸν
3275 587 3367 639 καὶ
3402 585 3501 656 τὴν
3534 589 3656 656 γῆν.
3695 587 3824 640 Μία

2238 669 2296 721 δὲ
2314 669 2422 723 τῶν
2447 671 2538 725 δύο
2568 673 2759 743 φωνῶν
2793 675 2826 746 ἡ
2861 677 3122 748 σημασία,
3159 677 3258 748 τῆς
3289 694 3346 730 τε
3381 676 3576 746 ἀρχῆς
3600 678 3694 729 καὶ
3712 676 3820 730 τοῦ

2239 761 2588 827 κεφαλαίου.
2639 764 2900 834 Δηλοῦται
2949 767 3057 836 γὰρ
3106 766 3300 836 ἐπίσης
3340 765 3406 819 δι’
3433 764 3708 836 ἑκατέρων
3750 767 3823 819 τὸ

2237 849 2464 922 ἁθρόονο
2509 843 2580 898 ἐν
2615 854 2710 924 μὲν
2758 854 2865 927 γὰρ
2909 855 2988 921 τῷ
3030 857 3351 920 κεφαλαίῳ,
3396 856 3459 909 rb
3508 856 3820 925 συλλήϐδην

2235 943 2304 995 τὰ
2329 943 2508 998 πάντα
2534 945 2861 1017 γεγενῆσθαι
2899 948 3231 1018 περιίστησι,
3254 948 3343 1001 διὰ
3382 948 3440 1001 δὲ
3468 949 3566 1019 τῆς
3606 948 3820 1017 ἀρχῆς

2235 1033 2487 1105 δηλοῦται
2540 1036 2604 1089 τὸ
2650 1037 2853 1108 ἀκαρές
2909 1054 2969 1090 τε
3025 1039 3120 1092 καὶ
3170 1037 3512 1093 ἀδιάστατον.
3571 1038 3643 1092 Ἡ
3697 1039 3818 1110 γὰρ

2233 1126 2392 1195 ἀρχὴ
2451 1128 2653 1191 παντὸς
2711 1127 3134 1200 διαστηματικοῦ
3183 1131 3453 1200 νοήματος
3507 1129 3815 1201 ἀλλοτρίως

2234 1217 2367 1288 ἔχει.
2409 1219 2496 1282 Ὠς
2540 1220 2599 1272 rb
2647 1221 2868 1290 σημεῖον
2912 1221 3054 1292 ἀρχὴ
3104 1220 3203 1290 τῆς
3252 1220 3534 1292 γραμμῆς,
3572 1221 3667 1273 καὶ
3711 1236 3812 1274 του

2232 1311 2396 1378 ὄγκου
2438 1310 2498 1363 τὸ
2524 1311 2743 1381 ἄτομον,
2769 1309 2939 1375 οὕτως
2964 1312 3058 1365 καὶ
3083 1311 3145 1365 rb
3183 1312 3386 1382 ἀκαρὲς
3420 1311 3516 1364 τοῦ
3547 1311 3810 1383 χρονικοῦ

2229 1401 2617 1472 διαστήματος.
2679 1403 2740 1455 Ἦ
2790 1399 2884 1457 οῦν
2927 1403 3098 1474 ἀθρόα
3139 1403 3266 1456 τῶν
3295 1403 3462 1457 ὄντων
3503 1403 3656 1474 παρὰ
3700 1403 3811 1472 τῆς

2232 1493 2509 1564 άφράστου
2537 1492 2820 1563 δυνάμεως
2846 1493 2940 1547 τοῦ
2974 1494 3108 1548 Θεοῦ
3142 1494 3436 1566 καταϐολὴ,
3467 1495 3623 1564 ἀρχὴ
3649 1495 3811 1567 παρά

2229 1581 2322 1634 τοῦ
2350 1583 2644 1647 Μωῦσὲως,
2675 1583 2837 1653 ήτουν
2865 1583 3194 1653 κεφάλαιον
3232 1586 3645 1657 κατωνομάσθη,
3673 1587 3734 1638 ὲν

2229 1673 2290 1726 rb
2329 1675 2437 1728 πᾶν
2471 1675 2732 1744 συστῆναι
2765 1675 3002 1743 λέγεται.
3042 1677 3124 1729 Τά
3173 1676 3270 1748 μὲν
3303 1678 3446 1748 ἄκρα
3485 1677 3592 1731 τῶν
3632 1677 3810 1731 ὅντων

553 1762 644 1806 cat
671 1768 793 1822 quae
823 1755 956 1824 ipsis
989 1757 1533 1825 comprehenduntur
1563 1763 1845 1817 extremis.
1875 1763 2122 1820 Extrema

2229 1764 2398 1818 εἰπών
2418 1783 2432 1797 ’
2467 1765 2536 1818 τὰ
2562 1765 2618 1819 δὲ
2651 1767 2788 1837 μέσα
2820 1768 2958 1821 κατὰ
2989 1768 3049 1822 τὸ
3081 1747 3430 1839 σιωπώμενον
3467 1771 3579 1832 τοῖς
3609 1769 3810 1840 ἄκροις

550 1842 694 1908 dico,
747 1844 931 1898 habita
973 1846 1185 1902 ratione
1231 1862 1424 1902 sensus
1465 1848 1710 1913 humani,
1764 1852 1856 1920 qui
1895 1869 1993 1908 nec
2026 1857 2128 1909 sub

549 1940 751 1988 terram
787 1943 1034 2005 penetrat
1073 1952 1172 1992 nec
1203 1938 1403 1992 caelum
1440 1940 1800 1995 transcendit.
1833 1941 1889 1996 In
1922 1945 2128 2014 princi-

550 2024 640 2092 pio
670 2026 836 2095 igitur
867 2027 1127 2080 mundum
1157 2042 1282 2083 esse
1308 2029 1584 2083 conditum
1619 2031 1828 2097 dicens,
1861 2035 2129 2104 signiﬁcat

549 2129 732 2168 rerum
773 2117 1014 2170 omnium
1045 2120 1366 2174 occasiones
1395 2128 1448 2175 et
1487 2135 1700 2186 causas,
1736 2132 1790 2178 et
1831 2134 2126 2195 potestates

551 2219 582 2256 a
599 2204 706 2259 Deo
724 2203 897 2261 fuisse
923 2207 1224 2275 confectas,
1246 2219 1298 2264 et
1317 2210 1382 2264 ad
1409 2210 1645 2280 primum
1669 2213 2125 2271 voluntatisillius

549 2303 756 2350 motum
784 2313 874 2352 res
902 2299 1148 2370 singulas
1173 2302 1474 2369 exstitisse,
1496 2304 1717 2367 caelum,
1744 2306 1965 2373 aethera,
1996 2310 2124 2362 stel-

549 2389 653 2454 las,
683 2389 880 2458 ignem,
914 2407 1063 2457 aera,
1097 2408 1246 2449 mare
1282 2403 1527 2463 ,terram,
1563 2396 1838 2462 animalia,
1873 2399 2118 2468 plantas:

546 2494 668 2549 quae
693 2481 910 2550 quidem
943 2483 1126 2537 omnia
1158 2483 1248 2540 Dei
1281 2487 1443 2541 oculo
1471 2489 1854 2550 cernebantur,
1887 2501 2126 2560 potesta-

546 2569 620 2625 tis
669 2571 882 2626 ratione
918 2574 1246 2644 conspicua,
1296 2585 1356 2630 ut
1403 2578 1576 2648 inquit
1627 2579 1930 2649 propheta:
1973 2582 2122 2648 «Qui

548 2661 698 2716 videt
719 2664 905 2717 omnia
933 2666 1286 2736 prius.quam
1314 2668 1499 2725 ﬁant'.
1526 2689 1545 2722 ι
1581 2669 1686 2726 Sed
1719 2682 2006 2742 potestate,
2037 2691 2124 2730 sa-

547 2751 857 2822 pientiaque
883 2755 950 2810 ad
984 2756 1319 2827 singularum
1357 2760 1541 2815 mundi
1575 2764 1806 2832 partium
1839 2765 2122 2835 perfectio-

546 2857 669 2897 nem
701 2844 920 2909 collata,
953 2849 1263 2904 necessaria
1291 2851 1544 2920 quiedam.
1566 2855 1736 2910 series
1765 2856 1955 2912 ordine
1982 2873 2121 2927 quo-

543 2931 666 2986 dam
698 2945 992 2991 consecuta
1025 2947 1131 3003 est,
1169 2951 1226 2994 ut
1255 2957 1423 2996 unum
1449 2943 1666 3012 aliquod
1697 2961 1763 3000 ex
1795 2955 1907 3001 tota
1939 2963 2119 3003 rerum

543 3025 902 3082 universitate.
924 3030 1156 3098 primum
1180 3033 1477 3097 exstiterit,
1495 3042 1548 3088 et
1565 3037 1898 3102 apparuerit.
1920 3036 2121 3094 Deinde

542 3123 667 3183 post
691 3116 820 3171 illud
856 3121 1168 3174 necessario
1193 3121 1421 3175 alterum
1452 3129 1723 3178 secutum.
1755 3123 1913 3192 Tum,
1945 3135 2003 3181 ut
2031 3144 2119 3182 ar-

541 3202 672 3259 tifex
710 3213 904 3259 natura
943 3207 1189 3276 cogebat,
1230 3209 1450 3262 tertium
1480 3217 1534 3264 et
1560 3218 1839 3280 quartum,
1875 3223 1928 3268 et
1957 3217 2119 3285 quin-

541 3305 676 3362 tum,
709 3307 762 3352 et
792 3298 999 3366 reliqua
1033 3298 1312 3368 deinceps,
1340 3314 1448 3354 non
1472 3315 1602 3356 casu
1631 3313 1685 3357 et
1710 3303 1950 3370 fortuna,
1976 3307 2120 3362 inor-

539 3386 726 3440 dinato
747 3394 802 3440 et
820 3389 982 3442 celeri
1005 3388 1240 3458 quodam
1269 3400 1438 3455 motu,
1461 3393 1554 3447 sed
1587 3403 1642 3447 ut
1662 3396 2004 3453 necessarius
2021 3413 2120 3452 na-

540 3485 678 3532 turae
705 3479 841 3534 ordo
870 3479 926 3534 in
960 3481 1126 3536 rebus
1151 3481 1508 3551 disponendis
1537 3485 1870 3554 requirebat,
1897 3487 1971 3542 ita
2002 3489 2114 3543 sino

537 3569 663 3639 gula
690 3569 832 3625 facta
863 3571 1032 3627 fuisse
1067 3581 1276 3636 narrat,
1304 3581 1359 3629 et
1390 3575 1456 3631 de
1483 3579 1824 3634 naturalibus
1851 3579 2114 3635 institutis

538 3660 968 3732 philosophatur.
988 3662 1262 3730 Quasdam
1284 3666 1446 3721 etiam
1469 3682 1632 3723 voces
1655 3668 1971 3739 imperantis
1995 3670 2109 3734 Dei,

539 3753 766 3822 singulis
793 3755 956 3810 rebus
973 3771 1095 3825 quae
1117 3765 1466 3826 generantur,
1497 3760 1761 3830 assignat,
1797 3761 1962 3832 idque
1990 3779 2112 3818 rec-

536 3850 611 3907 te,
642 3852 697 3898 et
723 3850 1110 3902 convenienter
1140 3847 1290 3904 facit.
1319 3848 1597 3920 Quidquid
1627 3851 1772 3906 enim
1801 3853 1992 3910 ordine
2023 3871 2112 3909 sa-

536 3934 854 4006 pienterque
898 3938 1098 3994 factum
1134 3950 1238 4004 est,
1277 3941 1568 4011 quamdam
1603 3943 1768 3998 veluti
1799 3959 1986 4000 vocem
2019 3946 2113 4002 Dei

535 4022 778 4078 vicissim
811 4025 999 4082 refert.

2231 1857 2721 1928 συνενδειξάμενος.
2776 1860 2956 1929 ’Ἄκρα
2982 1860 3039 1912 δέ
3074 1877 3237 1930 φημι,
3275 1860 3364 1914 διὰ
3400 1859 3499 1932 τὴν
3523 1860 3809 1932 ἀνθρωπί-

2226 1967 2324 2018 νην
2354 1947 2628 2019 αίσθησιν,
2660 1950 2694 2020 ἥ
2723 1947 2848 2002 οὔτε
2885 1953 2964 2014 είς
2990 1952 3059 2004 τὰ
3094 1952 3200 2005 ὑπὸ
3226 1952 3330 2023 γῆν
3361 1952 3645 2019 διαδύεται,
3673 1953 3808 2008 οὔτε

2225 2041 2316 2094 τὸν
2360 2043 2588 2113 οὐρανὸν
2619 2043 2902 2098 διαϐαίνει.
2940 2043 3148 2100 υύκοῦν
3192 2047 3351 2102 τοῦτο
3382 2051 3540 2114 νοεῖν,
3584 2051 3618 2119 ή
3653 2049 3808 2120 ἀρχὴ

2223 2133 2324 2203 τῆς
2365 2134 2721 2204 κοσμογονίας
2752 2135 3082 2204 ὑποτίθεται,
3110 2140 3192 2192 ὅτι
3224 2141 3442 2194 πάντων
3477 2141 3582 2196 τῶν
3625 2143 3808 2196 όντων

2223 2227 2323 2290 τὰς
2353 2229 2610 2300 ἀφορμὰς
2640 2230 2734 2283 καὶ
2760 2230 2861 2294 τὰς
2888 2231 3086 2296 αίτίας,
3117 2233 3210 2287 καὶ
3239 2233 3340 2296 τὰς
3361 2233 3634 2304 δυνάμεις,
3665 2233 3806 2287 συλα

2224 2317 2423 2389 λήϐδην
2469 2320 2497 2371 ὁ
2547 2318 2679 2383 Θεὸς
2725 2323 2784 2374 ὲν
2829 2322 3027 2393 ἀκαρεῖ
3080 2323 3459 2388 κατεϐάλλετο,
3502 2323 3596 2376 καὶ
3635 2325 3696 2376 ὲν
3729 2321 3804 2396 τῇ

2225 2408 2414 2480 πρώτῃ
2443 2409 2538 2462 τοῦ
2585 2410 2890 2482 θελήματος
2922 2414 3090 2483 ὁρμῇ,
3131 2414 3164 2484 ἡ
3207 2413 3436 2466 ἑκάστου
3479 2414 3586 2467 τῶν
3624 2414 3805 2469 ὄντων

2222 2501 2378 2554 οὐσία
2426 2503 2777 2574 συνέδραμεν,
2821 2504 3066 2575 οὐρανὸς,
3113 2504 3308 2576 αἰθὴρ,
3361 2505 3608 2578 ἀστέρες,
3660 2506 3802 2579 πῦρ,

2223 2592 2352 2663 ἀὴρ,
2388 2591 2649 2658 θάλασσα,
2683 2594 2778 2663 γῆ,
2811 2593 2971 2659 ζῶον,
3001 2595 3180 2664 ’φυτά’
3227 2595 3264 2650 ἃ.
3291 2595 3369 2666 τῷ
3403 2596 3502 2666 μὲν
3536 2595 3663 2668 θείῳ
3691 2598 3804 2665 ὀφ-

2225 2681 2414 2753 θαλμῷ
2468 2685 2644 2738 πάντα
2689 2685 3025 2756 καθεωρᾶτο,
3070 2685 3150 2757 τῷ
3198 2688 3298 2758 τῆς
3333 2687 3615 2758 δυνάμεως
3650 2688 3804 2759 λόγῳ

2221 2774 2565 2843 δεικνύμενα,
2616 2777 2713 2847 τῷ,
2739 2776 2915 2840 καθώς
2944 2795 3111 2849 φησιν
3139 2780 3171 2849 ή
3210 2781 3546 2850 προφητεία,
3581 2799 3600 2832 ‹
3630 2779 3802 2834 εἰδότι

2222 2867 2405 2921 πάντα
2435 2868 2541 2938 πρὸ
2576 2869 2676 2938 τῆς
2708 2866 2973 2939 γενέσεως
3022 2869 3224 2925 αὐτῶν.
3262 2890 3282 2923 ι
3318 2873 3396 2943 Τῇ
3427 2872 3485 2925 δὲ
3523 2888 3803 2940 συγκαταει

2222 2959 2480 3032 ϐληθείσῃ
2523 2961 2747 3032 δυνάμει
2777 2979 2835 3015 τε
2881 2963 2974 3016 καὶ¹
3020 2963 3182 3034 σοφίᾳ
3216 2964 3354 3036 πρὸς
3393 2964 3490 3036 τήν
3517 2963 3799 3017 τελείωσιν

2222 3049 2450 3102 ἑκάστου
2469 3049 2576 3103 τῶν
2599 3051 2800 3121 μορίων
2820 3051 2912 3104 τοῦ
2932 3052 3157 3124 κόσμου,
3183 3054 3372 3125 είρμός
3395 3071 3478 3117 τις
3498 3055 3799 3123 ἀναγκαῖος

2225 3140 2365 3194 κατά
2391 3158 2510 3194 τινα
2545 3142 2696 3206 τάξιν
2715 3143 3170 3215 ἐπηκολούθησεν,
3207 3146 3345 3199 ὥστε
3374 3146 3434 3199 rb
3461 3145 3570 3216 πῦρ
3592 3145 3798 3217 προλα-

2226 3229 2336 3283 ϐεῖν
2378 3231 2476 3301 μὲν
2519 3233 2612 3284 καὶ
2648 3236 3056 3306 προεκφανῆναι
3091 3235 3201 3288 τῶν
3253 3235 3432 3290 ἄλλων
3467 3237 3574 3289 τῶν
3614 3238 3673 3289 ὲν
3713 3237 3796 3308 τῷ

2225 3319 2388 3372 παντὶ
2415 3321 2823 3392 θεωρουμένων,
2854 3326 2949 3378 καὶ
2980 3325 3123 3379 οὕτω
3156 3328 3273 3398 μετ’
3301 3329 3495 3394 ἐκεῖνο,
3537 3329 3598 3382 rb
3621 3330 3793 3398 ἀναγ-

2224 3409 2391 3472 καίως
2419 3411 2496 3480 τῷ
2535 3413 2856 3484 προλαϐόντι
2891 3415 3176 3486 ἑπόμενον,
3219 3420 3314 3473 καὶ
3354 3419 3446 3472 ἐπὶ
3471 3418 3645 3489 τούτῳ
3673 3421 3796 3488 τρί-

2218 3518 2330 3566 τον,
2357 3500 2433 3564 ὼς
2467 3505 2500 3572 ή
2531 3504 2751 3574 τεχνικὴ
2793 3506 3166 3578 συνηνάγκαζε
3211 3508 3370 3578 φύσις
3389 3526 3403 3540 ο
3443 3510 3699 3582 τέταρτόν
3727 3522 3792 3565 τε

2220 3592 2313 3644 καὶ
2343 3591 2611 3662 πέμπτον,
2641 3595 2734 3647 καὶ
2763 3595 2832 3649 τὰ
2863 3596 3026 3651 λοιπά
3051 3599 3149 3669 τῆς
3175 3599 3312 3654 κατὰ
3336 3601 3399 3654 rb
3427 3601 3622 3672 ἑφεξῆς
3653 3601 3791 3655 ἀκο-

2219 3682 2458 3749 λουθίας,
2507 3684 2607 3738 οὐκ
2648 3687 2943 3759 αὐτομάτῳ
2984 3690 3094 3744 τινὶ
3143 3694 3436 3762 συντυχίᾳ,
3477 3693 3618 3747 κατὰ
3663 3693 3791 3748 τινὰ

2219 3772 2450 3827 ἄτακτον
2499 3776 2593 3828 καὶ
2628 3778 2855 3847 τυχαίαν
2905 3781 3095 3852 φορὰν,
3145 3782 3315 3847 οὕτως
3359 3783 3782 3852 ἀναφαινόμενα.

2232 3860 2368 3918 Ἀλλῗ
2397 3861 2472 3926 ὡς
2497 3865 2530 3934 ἡ
2556 3864 2828 3934 ἀναγκαία
2856 3872 2954 3941 τῆς
2983 3870 3198 3938 φύσεως
3215 3871 3364 3934 τάξις
3383 3868 3628 3939 ἐπιζητεῖ
3643 3871 3704 3924 rb
3723 3874 3785 3926 ὲν

2216 3953 2328 4013 τοῖς
2359 3953 2663 4022 γινομένοις
2699 3957 3008 4025 ἀκόλουθον,
3037 3960 3206 4022 οὕτως
3233 3961 3438 4013 ἕκαστα
3458 3959 3786 4034 γεγενῆσθαί

2220 4058 2383 4111 φησιν
2405 4044 2464 4096 ὲν
2484 4045 2788 4117 διηγήσεως
2806 4050 2933 4103 εῖδει
2958 4051 3083 4122 περὶ
3108 4049 3215 4104 τῶν
3238 4053 3481 4121 φυσικῶν
3500 4051 3784 4122 δογμάτων

535 4119 920 4210 φιλοσοφήσας.
951 4125 1062 4178 Καὶ
1084 4126 1268 4195 φωνάς
1297 4143 1448 4190 τινας
1488 4127 1582 4181 τοῦ
1624 4127 1759 4181 Θεοῦ
1803 4132 2176 4200 προσακτικὰς
2206 4136 2435 4191 ἑκάστου
2461 4140 2571 4193 τῶν
2599 4145 2896 4214 γινομένων
2925 4119 3313 4217 προσγράφων,
3343 4149 3524 4215 καλῶς
3547 4119 3646 4206 καῖ
3667 4153 3784 4207 θεο-

535 4199 762 4287 πρεπῶς
781 4219 874 4272 καὶ
889 4219 1046 4273 τοῦτο
1067 4219 1253 4274 ποιῶν.
1272 4222 1386 4275 Πᾶν
1407 4221 1514 4292 γὰρ
1541 4222 1602 4274 rb
1631 4221 1752 4275 καθ’
1779 4199 1968 4294 είρμόν
1987 4243 2108 4278 τινα
2135 4228 2230 4282 καὶ
2259 4230 2451 4299 σοφίαν
2479 4199 2761 4306 γινόμενόν
2787 4237 2877 4291 τοῦ
2903 4199 3058 4302 Θεοῦ,
3077 4199 3170 4304 ’τις
3190 4199 3448 4314 άντίκρύς
3473 4199 3586 4296 ἐστι
3608 4247 3779 4317 φωνή.

602 4307 790 4378 ltaque
811 4325 934 4365 cum
959 4311 1051 4367 Dei
1077 4323 1322 4368 naturam
1352 4313 1687 4382 ignoremus,
1716 4313 1889 4383 ipsam
1919 4323 2109 4385 poten-

2281 4322 2425 4377 Διότι
2446 4325 2580 4379 Θεοῦ
2601 4329 2700 4398 μὲν
2717 4329 2903 4383 οὐσίαν
2915 4331 3036 4401 ἥτις
3055 4333 3226 4392 ἐστὶν,
3239 4331 3300 4387 ού
3317 4307 3670 4406 γινώσκομεν·
3683 4307 3782 4410 τὴν

532 4400 661 4453 tiam
686 4401 970 4472 ipsamque
984 4405 1307 4473 sapientiam
1325 4407 1508 4460 animo
1527 4407 1920 4477 coucipientes,
1943 4408 2108 4463 Deum

2223 4410 2269 4464 δὲ
2289 4413 2613 4491 αύτοσοφίαν
2632 4419 2725 4471 καὶ
2740 4417 2839 4490 τήν
2859 4419 3218 4491 αύτοδύναμιν
3237 4425 3295 4476 ἐν
3405 4400 3673 4490 λαϐόντες,
3688 4400 3779 4481 τόν

535 4499 712 4543 mente
735 4505 838 4544 uos
868 4490 1141 4546 credimus
1151 4493 1652 4562 comprehendisse.
1668 4494 1878 4549 idcirco
1893 4495 2111 4564 quando

2223 4502 2344 4555 Θεὸν
2365 4505 2710 4576 ἀνειληφέναι
2725 4510 2788 4579 τῇ
2815 4509 3023 4581 διανοίᾳ
3043 4490 3386 4585 πιστεύομεν.
3407 4515 3604 4568 Τούτου
3624 4517 3780 4587 χάριν

532 4577 787 4632 conditus
806 4586 891 4634 est
917 4580 1067 4635 orbis
1094 4583 1403 4645 universus.
1426 4593 1714 4654 antequam
1736 4587 1961 4656 singulae
1989 4601 2113 4654 par-

532 4677 614 4721 tes
635 4665 806 4736 ipsius
823 4677 1166 4736 apparerent,
1181 4670 1420 4725 tenebris
1435 4679 1582 4727 totus
1593 4674 1913 4742 obtegebatu
1922 4691 1966 4738 ιι,
1983 4676 2108 4743 quia

532 4758 790 4828 splendor
812 4758 970 4829 ignis,
1005 4775 1126 4829 qua:
1149 4761 1251 4816 sub
1275 4763 1512 4816 materiae
1537 4765 1818 4832 particulis
1836 4767 2104 4832 latitabat,

532 4849 772 4903 nondum
815 4849 1114 4906 eﬁ‘ulserat.
1155 4849 1390 4916 Etenim,
1433 4852 1888 4921 quemadmodum
1931 4859 2116 4914 silices

532 4935 588 4991 in
613 4938 852 4995 tenebris
880 4939 1125 4995 obscurae
1151 4939 1356 5008 iacent,
1391 4941 1518 4996 licet
1551 4940 1658 4994 vim
1689 4941 1924 4998 lucidam
1954 4957 2116 5015 atque

531 5028 898 5085 illustrantem
943 5030 1267 5088 naturaliter
1301 5032 1358 5087 in
1410 5045 1471 5088 se
1513 5031 1865 5096 contineant,
1911 5035 2116 5105 quippe

531 5135 652 5190 quae
687 5123 902 5193 pariant
931 5123 1133 5194 ignem,
1159 5125 1204 5179 si
1238 5124 1381 5180 inter
1409 5141 1470 5182 se
1499 5125 1851 5199 collidantur,
1875 5128 2114 5183 scintilla

529 5224 663 5265 vero
693 5212 762 5266 ab
793 5212 929 5282 ipsis
962 5214 1194 5283 prolata,
1228 5217 1520 5286 splendore
1554 5217 1702 5272 illius
1737 5219 1867 5288 ipsae
1891 5236 2112 5290 quoque

529 5311 835 5356 cernuntur
866 5321 879 5357 :
914 5305 993 5360 sic
1022 5307 1257 5362 obscura
1282 5322 1536 5378 aecaque
1568 5317 1725 5364 erant
1746 5311 1929 5365 omnia
1957 5313 2111 5382 prius

530 5408 692 5463 quam
731 5394 1002 5464 pellucida
1037 5410 1201 5468 atque
1238 5400 1525 5454 illustrans
1559 5413 1754 5456 natura
1783 5403 1836 5457 in
1857 5411 2107 5473 apertum

533 5483 891 5552 proferretur.
927 5487 1059 5542 Nam
1095 5504 1218 5544 cum
1271 5507 1378 5545 uno
1405 5490 1604 5546 divinae
1626 5494 1925 5550 voluntatis
1953 5505 2106 5551 motu

531 5589 705 5645 nuper
740 5577 1058 5634 indistincta
1094 5595 1275 5636 rerum
1309 5581 1643 5640 universitas
1672 5585 1835 5640 simul
1862 5587 2106 5642 exstitis-

599 5666 787 5742 7Dan.
821 5688 938 5740 xu»,
979 5674 1069 5730 42.

2214 4595 2302 4647 ὅτε
2325 4596 2384 4648 rb
2397 4596 2517 4650 ὅλον
2533 4598 2768 4668 ἐγένετο,
2796 4603 2925 4671 πρὶν
2944 4602 3171 4657 ἕκαστον
3195 4605 3304 4659 τῶν
3323 4624 3385 4660 συ
3393 4605 3536 4678 μπλη
3545 4607 3779 4677 ρούντων

2215 4684 2276 4737 τὸ
2293 4686 2412 4739 ὅλον
2433 4677 2516 4756 ἐφ’
2537 4681 2732 4743 ἑαυτοῦ
2763 4690 3059 4764 δειχθῆναι,
3100 4691 3258 4762 ζόφος
3297 4696 3373 4764 τῷ
3402 4677 3563 4750 παντὶ
3591 4699 3780 4752 ὲπεκέο

2214 4785 2364 4838 χυτο·
2392 4769 2545 4824 οὔπω
2575 4772 2684 4844 γὰρ
2712 4775 2944 4850 ἐξεφάνη
2978 4779 3071 4833 τοῦ
3109 4782 3278 4852 πυρὸς
3316 4785 3348 4853 ή
3399 4784 3540 4855 αὐγὴ
3579 4787 3775 4840 ὑποκει-

2213 4862 2504 4934 κρυμμένη
2573 4868 2683 4930 τοῖς
2760 4869 2969 4940 μορίοις
3038 4873 3139 4942 τῆς
3195 4873 3325 4945 ὕλης
3393 4875 3642 4950 καθάπερ
3689 4880 3778 4933 καὶ

2213 4952 2269 5004 αί
2351 4953 2579 5024 ψηφῖδες
2649 4959 2875 5026 ἀφανεῖς
2948 4963 3007 5014 ἐν
3099 4963 3174 5034 τῷ
3254 4966 3434 5021 σκότει
3497 4970 3773 5039 μένουσιν,

2212 5042 2260 5092 εἰ
2299 5043 2394 5096 καὶ
2432 5045 2678 5113 φυσικῶς
2721 5049 2781 5101 ἐν
2825 5051 3044 5116 ἑαυταῖς
3088 5054 3187 5124 τὴν
3221 5059 3554 5130 φωτιστικὴν
3601 5060 3773 5130 ἔχουσι

2210 5133 2457 5204 δύναμιν,
2493 5135 2582 5189 διὰ
2614 5137 2715 5206 τῆς
2743 5141 2880 5212 πρὸς
2912 5143 3148 5216 άλλήλας
3181 5148 3554 5217 συμπτώσεως
3584 5152 3642 5204 rb
3670 5152 3774 5224 πῦρ

2211 5224 2618 5293 άποτίκτουσαι,
2647 5230 2743 5284 τοῦ
2775 5232 2832 5286 δὲ
2863 5235 3156 5308 σπινθῆρος
3188 5238 3247 5303 ὲξ
3277 5241 3456 5297 αὐτῶν
3482 5243 3773 5313 ἀναφανέν-

2211 5331 2320 5406 τος,
2353 5317 2600 5374 κάκεῖναι
2628 5324 2693 5392 τῇ
2728 5323 3031 5397 λαμπηδόνι
3063 5329 3253 5383 τούτου
3299 5337 3770 5406 συνανεφάνησαν·

2209 5401 2383 5468 οὕτως
2412 5406 2621 5477 ἀόρατά
2649 5427 2710 5463 τε
2743 5414 2838 5466 καὶ
2867 5416 3046 5486 ἀφανῆ
3077 5418 3146 5472 τά
3178 5421 3358 5476 πάντα
3389 5419 3479 5493 ἦν.
3512 5401 3648 5496 ’πρὶν
3683 5426 3774 5496 τὴν

2210 5501 2543 5570 φωτιστικὴν
2568 5504 2760 5560 οὐσίαν
2799 5509 2881 5572 είς
2921 5512 2982 5564 τὸ
3010 5514 3243 5582 ἐκφανὲς
3276 5519 3575 5589 προελθεῖν.
3622 5519 3770 5592 ’Ἄρτι

2207 5589 2316 5662 γάρ
2361 5591 2572 5663 ἁθρόως
2612 5597 2670 5652 ὲν
2711 5601 2779 5670 τῇ
2824 5603 2922 5674 μιᾷ
2971 5606 3111 5677 ῥοπῇ
3152 5608 3247 5661 τοῦ
3292 5608 3434 5662 θείου
3482 5589 3772 5683 θελήματος
