4106 6208
284 222 358 280 73
1495 215 1560 270 ΙΝ
1601 215 1885 271 HEXAEM

1988 215 2074 270 0N
2110 213 2342 268 LIBER.
3474 209 3550 268 οη

291 343 625 414 ὰδιακρίτως
668 336 762 390 τοῦ
802 335 1002 399 παντὸς
1041 333 1394 396 ὑποστάντος,
1437 335 1528 387 καὶ
1569 335 1678 388 τῶν
1731 353 1872 388 στοι-

1988 343 2078 398 set,
2121 332 2421 400 omniaque
2452 329 2724 384 elementa
2775 328 2917 382 inter
2958 341 3019 383 se
3046 335 3304 382 concreta
3357 327 3554 397 permi-

290 437 460 510 χείων
491 432 708 484 πάντων
738 430 798 480 ὲν
823 427 1072 496 ἀλλήλοις
1099 426 1484 496 πεφυρμένων,
1514 426 1576 478 τὸ
1603 426 1877 496 πανταχοῦ

291 521 749 593 κατεσπαρμένον
780 516 894 588 πῦρ
922 518 1295 579 ὲπεσκοτεῖτο,
1320 515 1398 583 τῷ
1418 514 1759 579 πλεονάζοντι
1780 520 1880 587 τῆς

292 617 426 683 ὕλης
482 606 1008 680 ὲπιπροσθούμενον.
1050 605 1204 658 Ἐπεὶ
1247 604 1304 657 δὲ
1345 605 1495 669 ὀξεῖὰ
1533 604 1617 667 τίς
1657 607 1803 659 ἐστιν
1845 606 1878 676 ἡ

287 707 531 774 δύναμις
583 698 753 754 αὑτοῦ
801 697 899 751 καὶ
947 695 1258 766 εὐκίνητος,
1288 694 1424 765 ὁμοῦ
1459 693 1520 747 τὸ
1563 694 1779 766 δοθῆναι
1819 698 1883 766 τῇ

291 796 459 864 φύσει
485 791 596 845 τῶν
628 791 800 842 ὄντων
829 785 967 858 πρὸς
997 786 1095 857 τὴν
1125 785 1219 838 τοῦ
1260 785 1466 854 κόσμου
1495 784 1709 851 γένεσιν
1736 787 1887 856 παρὰ

289 886 388 940 τοῦ
421 882 560 936 Θεοῦ
591 881 653 934 τὸ
677 879 976 948 ἐνδόσιμον,
1008 877 1189 945 πάσης
1211 877 1312 945 τῆς
1341 875 1646 946 βαρυτέρας
1677 877 1888 944 φύσεως

293 976 651 1048 προεξέθορε,
688 973 782 1026 καὶ
821 971 983 1032 εὐθὺς
1011 968 1089 1039 τῷ
1117 969 1258 1036 φωτὶ
1285 968 1352 1021 τὰ
1383 969 1564 1021 πάντα
1593 969 1889 1040 περιηυγά-

297 1068 440 1132 ζετο.
481 1068 548 1118 Ὅ
588 1064 646 1116 δὲ
689 1061 831 1115 κατὰ
870 1060 960 1113 τὸν
1003 1060 1103 1129 τῆς
1133 1059 1328 1127 σοφίας
1359 1057 1539 1126 λόγον,
1567 1061 1632 1129 τῇ
1663 1059 1887 1127 δυνάμει

295 1157 393 1212 τοῦ
427 1154 798 1222 πεποιηκότος
827 1153 1064 1218 ἐγένετο,
1099 1149 1174 1212 ὼς
1203 1148 1362 1216 λόγος
1390 1150 1523 1203 Θεοῦ
1554 1167 1887 1222 προστακτι-

297 1248 410 1307 κὸς,
423 1237 681 1312 rapito?)
690 1236 974 1298 Μωῡσέως
984 1237 1116 1304 ὲμνη
1125 1231 1488 1305 μονεύθη,τδ,‹
1501 1231 1668 1290 Εἶπεν
1681 1233 1709 1284 ὁ
1731 1238 1885 1302 Θεὸς,

299 1333 591 1405 Integra,
629 1335 760 1400 φῶς*
805 1361 820 1386 ,
855 1321 948 1375 καὶ
979 1321 1193 1389 ἐγένετο
1221 1323 1356 1391 φῶς.
1395 1341 1416 1374 ι
1474 1325 1594 1376 Ἐπὶ
1636 1327 1744 1398 γὰρ
1794 1327 1886 1381 τοῦ

294 1418 454 1481 θεοῦ,
489 1419 632 1469 κατὰ
662 1431 727 1481 γε
758 1414 859 1484 τὴν
895 1412 1170 1484 ἡμετέραν
1197 1413 1484 1483 ὑπόληψιν,
1517 1415 1578 1468 τὸ
1606 1416 1766 1486 ἔργον
1796 1419 1884 1471 λό-

293 1526 390 1574 γος
423 1509 558 1560 ἐστί.
591 1506 738 1559 Διότι
768 1506 879 1557 πᾶν
915 1504 977 1556 τὸ
1005 1505 1309 1575 γινόμενον,
1340 1505 1483 1576 λόγῳ
1525 1509 1758 1574 γίνεταιο
1795 1510 1887 1563 καὶ

295 1601 490 1666 ἄλογόν
535 1615 589 1650 τι
637 1597 732 1650 καὶ
787 1596 1107 1666 συντυχικὺν
1155 1597 1251 1649 καὶ
1301 1597 1610 1666 αὐτόματον
1664 1602 1721 1652 ὲν
1776 1605 1888 1663 τοῖς

304 1694 490 1746 θεόθεν
538 1690 807 1760 ὑφεστῶσι
849 1695 1052 1746 νοεῖται
1103 1692 1277 1746 οὐδέν.
1331 1691 1491 1746 Ἀλλὰ
1537 1694 1641 1764 χρὴ
1674 1694 1887 1764 ἑκάστῳ

303 1783 424 1835 τῶν
471 1784 637 1835 ὄντων
685 1783 773 1835 καὶ
815 1782 974 1850 λόγον
1019 1784 1141 1836 τινὰ
1189 1785 1350 1853 σοφόν
1396 1802 1454 1836 τε
1501 1785 1596 1837 καὶ
1643 1785 1888 1854 τεχνικὸν

306 1873 599 1941 ἐγκεῖσθαι
639 1873 932 1937 πιστεύειν,
987 1874 1091 1928 κᾶν
1123 1877 1365 1946 κρεῖττον
1470 1878 1568 1945 τῆς
1613 1877 1887 1946 ἡμετέρας

309 1964 514 2031 ὂψεως.
534 1964 598 2015 Τί
618 1959 708 2016 οὖν
726 1960 866 2016 εἶπεν
886 1965 914 2015 ό
935 1964 1086 2029 Θεὸς,
1112 1966 1297 2036 ἐπειδὴ
1319 1965 1477 2034 λόγου
1501 1969 1880 2037 παραστατική

309 2055 464 2106 ἐστιν
491 2056 520 2123 ἡ
550 2053 762 2124 τοιαύτη
799 2055 975 2126 φωνὴ,
1016 2054 1357 2126 θεοπρεπῶς,
1396 2057 1472 2120 ὼς
1495 2053 1666 2127 οἶμαι,
1694 2059 1882 2128 νοήσο-

304 2160 411 2213 μεν
436 2147 515 2202 είς
545 2144 637 2196 τὸν
661 2145 982 2215 ἐγκείμενον
1023 2147 1120 2216 τῆς
1160 2147 1391 2212 κτίσεως
1420 2147 1576 2216 λόγον
1615 2149 1675 2201 τὸ
1723 2149 1884 2220 ῥητὸν

298 2234 684 2304 ἀναφέροντες.
743 2236 904 2289 Οῦτω
942 2237 1049 2309 γὰρ
1107 2237 1204 2290 καὶ
1258 2240 1286 2290 ό
1346 2238 1521 2308 μέγας
1574 2239 1736 2292 Δαϐὶδ
1790 2239 1885 2303 τὰς

293 2327 554 2388 τοιαύτας
584 2328 771 2395 φωνὰς
817 2329 950 2398 ημῖν
984 2327 1291 2398 ἐξηγήσατο
1321 2328 1487 2383 εἰπών
1507 2344 1522 2358 ⁸
1554 2350 1572 2381 ‹
1612 2331 1798 2385 Πάντα
1829 2333 1886 2384 ὲν

295 2412 463 2485 σοφίᾳ.
493 2416 790 2486 ἐποίησας.
811 2437 831 2469 ι
875 2419 956 2471 Τὰ
983 2417 1092 2488 γὰρ
1126 2418 1500 2488 προστακτικᾶ
1534 2421 1630 2490 τῆς
1655 2420 1762 2473 τῶν
1796 2419 1883 2472 όν·-

299 2523 414 2558 των
443 2505 671 2569 κτίσεως
721 2506 964 2576 ῥήματα,
993 2505 1029 2559 ἃ
1071 2506 1220 2576 παρὰ
1247 2505 1341 2558 τοῦ
1373 2507 1650 2571 Μωῦσέως
1692 2509 1756 2561 ἐκ
1786 2509 1886 2578 τῆς

299 2596 460 2658 θείας
499 2597 679 2666 φωνῆς
711 2596 1145 2665 ἀναγέγραπται,
1189 2595 1361 2650 ταῦτα
1395 2598 1423 2649 ὁ
1463 2597 1627 2652 Δαὸὶδ
1669 2599 1768 2669 τὴν
1801 2601 1886 2652 ἐν·

299 2685 690 2756 θεωρουμένην
719 2689 834 2749 τοῖς
869 2673 1351 2768 γεγονόσικσοφίαν
1382 2688 1686 2760 ὠνόμασεν.
1725 2691 1886 2744 Ὅθεν

297 2773 399 2824 καὶ
441 2772 742 2841 διηγεῖσθαι
778 2773 926 2840 λέγει
951 2775 1078 2837 τοὺς
1106 2775 1370 2845 οὐρανοὺς
1399 2776 1560 2840 δόξαν
1592 2777 1724 2830 Θεοῦ
1747 2817 1760 2841 ,
1790 2778 1886 2849 δη-

299 2860 439 2928 λαδὴ
482 2862 582 2931 τῆς
613 2862 1020 2933 ἐμφαινομένης
1042 2865 1225 2928 αὐτοῖς
1252 2868 1508 2938 τεχνικῆς
1537 2867 1768 2940 θεωρίας
1798 2869 1888 2923 διὰ

296 2952 408 3021 τῆς
437 2952 752 3020 ἐναρμονίου
778 2955 1100 3024 περιφορᾶς,
1126 2955 1247 3006 ἀντὶ
1271 2955 1428 3023 λόγου
1458 2959 1749 3028 γινομένης
1775 2961 1886 3022 τοῖς

300 3040 690 3108 ἑπιστήμοσιν.
731 3038 912 3091 Εἰπὼν
946 3041 1054 3111 γὰρ
1097 3041 1399 3110 διηγεῖσθαι
1429 3045 1555 3107 τοὺς
1599 3044 1882 3114 οὐρανοὺς,
1919 3063 1922 3065 ‘

298 3130 399 3185 λαὶ
425 3131 779 3199 ἀναγγέλλειν
807 3132 868 3186 τὸ
893 3133 1199 3203 στερέωμα,
1223 3135 1528 3206 διορθοῦται
1555 3139 1678 3200 τοὺς
1714 3139 1886 3208 παχύ-

1985 435 2178 493 staque
2200 428 2405 486 essent,
2442 422 2586 492 ignis
2621 419 2714 488 qui
2747 419 2949 488 ubique
2984 419 3377 474 disseminatus
3398 430 3552 499 erat.

1982 517 2251 571 obscurus
2294 513 2531 579 jacebat,
2579 510 2927 578 materiaeque
2976 510 3296 579 impotentia
3343 510 3556 580 suppri-

1984 604 2238 660 mebatur
2291 616 2528 657 :verum
2581 599 2843 671 quoniam
2908 600 2994 655 vis
3045 599 3166 669 ejus
3203 601 3360 656 velox
3392 610 3557 670 atque

1986 693 2146 763 agilis
2165 701 2269 757 est,
2292 693 2457 747 simul
2477 699 2640 761 atque
2670 705 2854 745 rerum
2887 696 3101 745 natura:
3124 689 3190 744 ad
3226 691 3558 745 mundicon—

1988 785 2327 839 stitutionem
2355 797 2384 836 a
2410 781 2520 836 Deo
2555 788 2736 836 motus
2761 781 3092 851 principium
3116 790 3278 851 atque
3308 782 3557 836 incitatio

1988 875 2229 929 adhibita
2262 883 2368 942 est,
2421 882 2552 929 ante
2599 875 2691 928 illa
2725 874 2911 929 omnia
2945 889 3067 944 qua:
3114 875 3366 945 graviora
3403 864 3575 938 sunt,‘

1987 965 2270 1031 exsiliens,
2299 964 2508 1018 lumine
2533 970 2736 1018 cuncta
2767 963 2950 1017 statim
2982 962 3298 1017 illustravit.
3324 960 3439 1015 Hoc
3464 976 3560 1014 au-

1989 1065 2096 1112 tem
2151 1057 2428 1127 sapientiae
2470 1057 2682 1110 ratione
2745 1055 2874 1110 fecit
2919 1055 3160 1124 potentia
3222 1053 3558 1117 conditoris,

1987 1150 2101 1219 qui,
2137 1155 2200 1203 ut
2256 1149 2376 1219 ejus
2423 1148 2666 1219 iubentis
2723 1147 2900 1202 oratio
2947 1162 2977 1199 a
3023 1145 3174 1200 Mose
3206 1145 3560 1211 describitur,

1994 1257 2013 1290 ι
2044 1237 2188 1302 Fiat,
2212 1233 2390 1306 inquit
2418 1272 2434 1298 ,
2492 1234 2586 1289 lux
2617 1271 2635 1300 ,
2675 1244 2730 1292 et
2785 1235 2930 1291 facta
2986 1243 3073 1290 est
3117 1237 3210 1289 lux
3236 1236 3296 1289 ἐ
3334 1255 3352 1288 ι
3389 1236 3563 1290 oratio

1986 1330 2128 1384 enim
2183 1338 2237 1384 et
2278 1330 2415 1384 ratio
2460 1329 2514 1383 in
2553 1329 2684 1393 Deo,
2715 1337 2774 1382 ut
2829 1343 2928 1398 ego
2978 1327 3174 1394 sentio,
3208 1336 3292 1382 est
3342 1342 3480 1398 opus
3508 1334 3564 1381 et

1989 1419 2211 1473 factum.
2243 1419 2514 1489 Quidquid
2553 1420 2696 1472 enim
2742 1419 2808 1473 ab
2838 1434 2901 1474 eo
2929 1418 3009 1483 ﬁt,
3043 1419 3255 1473 ratione
3309 1417 3388 1471 lit.
3424 1416 3562 1472 Etin

1988 1509 2055 1566 iis
2075 1527 2194 1580 quae
2219 1525 2250 1563 a
2269 1510 2378 1566 Deo
2399 1510 2844 1580 proﬁciscuntur,
2869 1510 3002 1564 nihil
3028 1524 3059 1563 a
3079 1509 3290 1564 ratione
3302 1509 3560 1573 alienum,

1988 1603 2122 1656 nihil
2179 1601 2544 1656 inordinatum
2606 1611 2699 1656 aut
2752 1601 3036 1657 fortuitum
3088 1602 3559 1657 animadvertitur.

1987 1693 2168 1760 Quare
2191 1693 2522 1748 credendum
2553 1701 2658 1755 est,
2694 1694 2749 1746 in
2790 1695 2953 1748 rebus
2997 1694 3231 1762 singulis
3259 1694 3559 1764 sapientem

1987 1783 2274 1854 quamdam
2306 1797 2369 1836 ac
2392 1783 2643 1837 solertem
2667 1781 2848 1836 inesse
2870 1783 3158 1844 rationem,
3196 1783 3351 1852 longe
3376 1789 3557 1836 tamen

1990 1873 2440 1944 praestantiorem,
2473 1888 2633 1942 quam
2661 1881 2718 1926 ut
2749 1880 2970 1941 aspectu
2995 1879 3182 1926 nostro
3205 1872 3560 1940 comprehen-

1986 1963 2167 2017 datur.
2205 1963 2362 2029 Quod
2385 1963 2551 2032 igitur
2581 1963 2720 2016 dixit
2762 1965 2920 2028 Deus,
2947 1962 3164 2032 quando
3199 1962 3429 2017 rationis
3456 1963 3560 2016 im-

1987 2055 2228 2124 perantis
2250 2069 2314 2108 ea
2347 2069 2445 2107 vox
2475 2062 2578 2117 est,
2610 2068 2717 2107 non
2749 2052 3051 2122 indignam,
3084 2052 3299 2122 Opinor,
3335 2051 3448 2107 Deo
3475 2068 3564 2108 cc-

1986 2145 2302 2215 gitationem
2337 2145 2719 2216 suscipiemus,
2769 2146 2814 2200 si
2859 2145 2927 2198 ad
2981 2145 3244 2200 rationem
3309 2145 3386 2200 rei
3431 2161 3559 2214 pro-

1986 2245 2184 2292 creatae
2215 2238 2434 2292 insitam
2488 2237 2692 2291 dictum
2740 2236 3106 2292 retulerimus.
3148 2237 3240 2292 Sic
3281 2237 3424 2292 enim
3460 2238 3560 2292 bas

1987 2343 2149 2383 voces
2190 2343 2422 2398 magnus
2445 2328 2608 2383 etiam
2641 2327 2811 2381 David
2838 2327 2997 2382 nobis
3019 2329 3272 2396 exposuit
3299 2345 3313 2381 :
3357 2345 3377 2380 ι
3429 2328 3561 2383 0m-

1986 2419 2110 2483 nia,
2133 2439 2150 2472 ι
2189 2420 2464 2489 inquiens,
2491 2437 2511 2473 ι
2549 2419 2600 2472 in
2627 2419 2893 2489 sapientia
2925 2417 3099 2474 fecisti
3121 2419 3163 2474 '.
3190 2437 3207 2470 ι
3227 2418 3362 2472 Nam
3393 2420 3560 2488 impeo

1986 2512 2159 2566 rantia
2193 2526 2374 2565 rerum
2409 2510 2750 2565 conditarum
2793 2511 2972 2572 verba.
3006 2525 3126 2580 quae
3163 2509 3358 2566 aMose
3379 2525 3443 2566 ex
3480 2511 3562 2564 «li.

1987 2602 2110 2656 vina
2150 2616 2280 2656 voce
2319 2599 2594 2668 descripta
2623 2609 2771 2661 sunt,
2833 2602 3000 2655 David
3056 2603 3174 2671 ipse
3211 2611 3561 2672 conspectam

1988 2693 2041 2748 in
2069 2693 2229 2747 rebus
2263 2691 2537 2759 generatis
2577 2693 2898 2760 sapientiam
2944 2693 3252 2762 appellavit.
3294 2693 3560 2758 Quocirca

1987 2782 2157 2837 caelos
2178 2782 2339 2835 etiam
2371 2780 2444 2832 ait
2465 2794 2687 2833 narrare
2715 2781 2941 2849 gloriam
2968 2779 3060 2834 Dei
3096 2781 3158 2832 ⁸ο.
3191 2781 3560 2837 Artiﬁciosum

1988 2873 2264 2936 nimirum,
2315 2871 2460 2942 quod
2495 2871 2547 2924 in
2602 2871 2736 2940 ipsis
2768 2886 2831 2925 ex
2876 2871 3253 2927 conversionis
3292 2882 3559 2928 concentu

1994 2965 2362 3034 spectaculum
2412 2965 2633 3028 visitur,
2666 2965 2808 3036 apud
2841 2967 3044 3035 peritos
3070 2981 3293 3021 munere
3316 2967 3564 3038 fungitur

1988 3056 2275 3112 orationis.
2313 3057 2496 3113 leos
2543 3065 2722 3112 autem
2753 3071 3031 3118 enarrare,
3079 3065 3131 3112 et
3161 3057 3558 3114 ﬁrmamentum

1989 3146 2314 3200 annuntiare
2359 3147 2566 3208 dicens,
2620 3145 2802 3200 erudit
2830 3160 2946 3206 eos.
2983 3146 3073 3214 qui
3095 3146 3365 3215 ejusmodi
3397 3148 3563 3202 verba

300 3239 455 3292 -ιιεροκν
479 3224 589 3276 τῶν
619 3222 928 3293 λεγομένων
963 3224 1259 3288 ἀκούοντας
1279 3243 1291 3256 ’
1323 3227 1414 3279 καὶ
1439 3229 1567 3291 ἴσως
1592 3230 1684 3282 καὶ
1704 3231 1886 3300 φωνῆς

1988 3238 2230 3293 crassius
2266 3237 2646 3305 intelligerent,
2683 3243 2736 3291 et
2792 3235 3025 3292 fortasse
3052 3238 3202 3292 vocis
3247 3238 3408 3292 etiam
3468 3253 3562 3294 so-

301 3306 434 3381 ἦχον
450 3313 543 3364 καὶ⁵
560 3313 718 3380 λόγον
731 3312 989 3384 ἔναρθρον
1001 3314 1066 3366 ἐκ
1081 3315 1180 3384 τῆς
1195 3315 1303 3368 τῶν
1320 3317 1563 3387 οὐρανῶν
1581 3320 1883 3391 διηγήσεως

303 3404 798 3474 προσδεχομένους,
848 3405 905 3456 ἐν
948 3401 1031 3468 οἷς
1058 3423 1243 3478 φησιν,
1272 3408 1352 3462 ὅτι
1396 3409 1511 3462 Οὐκ
1545 3412 1652 3463 εἰσὶ
1682 3411 1880 3474 λαλιαὶ,

305 3495 430 3548 οὐδὲ
486 3496 634 3562 λόγοι
685 3489 761 3548 ὧν
815 3496 934 3567 οὐχὶ
997 3496 1286 3552 ἀκούονται
1341 3500 1396 3553 αἱ
1456 3502 1632 3568 φωναὶ
1681 3501 1881 3564 αὐτῶν,

307 3584 401 3636 ἵνα
445 3585 594 3654 δείξῃ
650 3588 728 3639 ὅτι
772 3591 802 3657 ἠ
858 3590 916 3640 ἐν
966 3591 1032 3660 τῇ
1082 3591 1255 3644 κτίσει
1304 3589 1650 3663 θεωρουμένη
1702 3593 1884 3661 σοφία,

310 3673 471 3742 λόγος
500 3677 638 3738 ἐστὶ,
664 3678 758 3730 κᾶν
790 3678 866 3749 μὴ
900 3679 1159 3752 ἔναρθρος
1277 3681 1387 3735 Καὶ
1418 3682 1578 3736 πάλιν
1609 3680 1702 3734 τοῦ
1731 3683 1888 3736 Μωῦ-

301 3762 447 3828 σέως
485 3764 782 3832 διεξοδικὰς
811 3786 966 3832 τινας
1012 3769 1105 3822 τοῦ
1145 3770 1279 3824 Θεοῦ
1322 3771 1504 3839 φωνὰς
1554 3772 1686 3842 πρὸς
1726 3772 1887 3826 αὐτὸν

298 3855 630 3926 γεγενῆσθαι
668 3859 913 3922 εἰπόντος
943 3861 1000 3920 ὲν
1040 3862 1107 3931 τῇ
1148 3860 1548 3932 θαυματοποιία
1575 3861 1683 3914 τῶν
1713 3863 1769 3914 ὲν
1802 3863 1891 3915 Ai-

301 3946 494 4015 γύπτῳ
529 3947 792 4017 σημείων,
829 3950 1158 4021 ὑψηλότερον
1191 3951 1224 4022 ἦ
1256 3952 1396 4006 κατὰ
1421 3952 1518 4023 τὴν
1545 3953 1650 4005 τῶν
1678 3952 1888 4005 πολλῶν

301 4034 573 4105 ὑπόληψιν
605 4037 635 4088 ό
670 4036 974 4107 Ψαλμῳδδς
1009 4038 1312 4110 ἐξηγήσατο
1342 4040 1531 4103 εἰπὼν,
1564 4060 1582 4094 ι
1617 4041 1808 4094 Ἔθετο
1831 4043 1889 4094 ὲν

299 4127 490 4188 αὐτοῖς
542 4128 670 4190 τοὺς
718 4128 910 4196 λόγους
957 4130 1064 4184 τῶν
1112 4131 1352 4202 σημείων
1407 4133 1592 4197 αὑτοῦ,
1642 4133 1736 4185 καὶ.
1777 4131 1888 4185 τῶν

299 4219 550 4287 τεράτων
579 4219 747 4273 αὐτοῦ
776 4221 834 4273 ὲν
864 4223 933 4292 γῇ
963 4221 1114 4292 Χάμ.
1151 4242 1170 4273 ι
1208 4223 1298 4293 Τῷ
1328 4223 1436 4294 γὰρ
1472 4223 1615 4292 λόγῳ
1655 4224 1758 4276 τινὶ
1790 4223 1888 4292 τὴν

285 4311 720 4382 ,ἀπεργαστικὴν
760 4313 993 4366 ἑκάστου
1042 4313 1151 4366 τῶν
1192 4317 1493 4383 γινομένων
1537 4313 1763 4384 δύναμιν
1809 4317 1888 4378 είς

301 4401 588 4471 ἐνέργειαν
629 4401 894 4468 ἄγεσθαι,
939 4402 1124 4470 σαφῶς
1153 4403 1242 4456 διὰ
1267 4403 1366 4474 τῆς
1405 4405 1586 4474 φωνῆς
1619 4403 1821 4473 ταύτης
1861 4404 1889 4456 ὁ

302 4491 610 4560 τώμρῆὸς
650 4490 968 4561 ὑπῃνίξατο,
1001 4492 1076 4554 ὼς
1106 4493 1206 4545 οὐκ
1243 4495 1302 4545 ἐν
1329 4495 1567 4564 ῥήμασιν
1595 4493 1747 4556 ὄντος
1789 4493 1886 4546 τοῦ

1988 3343 2138 3390 ηιιιιι,
2177 3327 2605 3398 distinctumque
2628 3341 2932 3381 sermonem
2969 3343 3033 3381 ex
3063 3328 3374 3384 narratione
3395 3329 3564 3383 cmlo-

1986 3433 2104 3471 rum
2127 3426 2526 3488 exspectarent,
2561 3419 2685 3471 dum
2715 3417 2889 3487 inquit
2925 3417 2990 3479 “.
3030 3433 3137 3472 non
3167 3433 3288 3473 esse
3321 3419 3566 3489 loquelas

1987 3526 2161 3580 neque
2194 3526 2493 3576 sermones,
2546 3511 2745 3580 quibus
2784 3525 2890 3563 non
2946 3511 3238 3564 audiantur
3285 3525 3450 3567 voces
3473 3527 3568 3566 eo-

1987 3617 2131 3664 rum,
2165 3609 2224 3656 ut
2264 3601 2611 3670 sapientiam,
2651 3615 2772 3670 quae
2808 3601 2861 3654 in
2895 3600 3059 3655 rebus
3090 3602 3387 3670 procreatis
3444 3616 3568 3671 per-

1989 3695 2236 3765 spicitur,
2285 3693 2591 3747 orationem
2625 3707 2748 3748 esse
2784 3692 3040 3758 declaret,
3085 3692 3208 3746 licet
3235 3691 3378 3750 haud
3428 3693 3567 3748 arti-

1990 3785 2168 3839 culate
2204 3783 2569 3853 distincteque
2599 3799 2704 3837 non
2750 3783 3151 3854 pronuntietur.
3177 3782 3407 3845 Rursus,
3439 3798 3564 3838 cum

1990 3874 2294 3944 magnificis
2339 3874 2666 3944 quibusdam
2712 3874 2939 3928 vocibus
2976 3872 3146 3928 Deum
3183 3875 3287 3930 sibi
3322 3875 3562 3929 locutum

1989 3981 2112 4022 esse
2137 3967 2362 4022 dixisset
2395 3966 2591 4029 Moses,
2639 3965 2768 4020 dum
2804 3965 3121 4020 admiranda
3147 3966 3236 4019 illa
3259 3967 3412 4034 signa
3440 3965 3568 4020 ede-

1990 4063 2072 4112 ret
2096 4059 2148 4111 in
2172 4056 2428 4129 Egypto,
2453 4056 2507 4111 id
2536 4057 2651 4127 ipse
2677 4055 2842 4111 David
2867 4057 3156 4111 sublimius
3185 4057 3377 4120 multo,
3401 4070 3563 4126 quam

1994 4156 2052 4203 ut
2089 4150 2318 4219 quilibet
2356 4149 2683 4218 suspicetur.
2735 4147 3026 4216 explicavit
3061 4185 3076 4210 ,
3116 4166 3133 4198 ι
3170 4145 3380 4208 Posuit,
3421 4164 3440 4197 ι
3481 4146 3566 4200 in-

1994 4241 2212 4310 quiens,
2253 4259 2271 4290 ι
2306 4240 2359 4293 in
2393 4239 2474 4294 eis
2505 4238 2669 4292 verba
2701 4237 2980 4306 signorum
3015 4235 3157 4302 ejus,
3195 4244 3250 4288 et
3291 4235 3569 4305 prodigio-

1992 4347 2111 4386 rum
2143 4330 2318 4402 ipsius
2348 4330 2404 4384 in
2434 4335 2583 4383 terra
2609 4327 2778 4381 Cbam
2803 4326 2867 4380 ¹¹.
2910 4345 2928 4377 ι
2971 4324 3081 4379 Hac
3108 4325 3253 4380 enim
3282 4339 3412 4382 voce
3436 4325 3570 4382 Pro.

1993 4419 2174 4489 pheta,
2199 4419 2306 4474 vim
2344 4431 2532 4472 earum
2559 4430 2740 4471 rerum
2765 4414 3185 4470 admirabilium
3215 4413 3566 4480 effectricem,

1992 4507 2204 4561 ratione
2230 4505 2463 4575 quadam
2509 4517 2603 4558 eas
2623 4511 2960 4569 exsecutam,
2998 4503 3318 4573 planissime
3339 4504 3534 4560 demon
3551 4536 3570 4548 -

303 4579 486 4646 λόγου,
519 4580 656 4633 ἀλλὰ
680 4580 780 4650 τῆς
806 4583 886 4645 εἰς
907 4582 974 4634 τὰ
1004 4587 1201 4653 σημεῖα
1227 4585 1524 4656 δυνάμεως,
1557 4585 1726 4648 οὕτως
1752 4585 1886 4639 ὠνο-

1989 4594 2198 4657 stravit,
2221 4607 2344 4648 cum
2362 4607 2472 4647 non
2489 4593 2754 4646 rationem
2772 4591 2826 4645 in
2841 4592 3022 4648 verbis
3043 4592 3456 4660 consistentem,
3475 4595 3568 4650 sed

307 4671 616 4741 μαιομένης.

383 4778 588 4831 Οὐκοῦν
651 4781 742 4834 καὶ
801 4782 1035 4836 ἐνταῦθα
1097 4784 1404 4855 προέδραμε
1463 4787 1562 4855 μὲν
1605 4787 1698 4840 καὶ
1748 4787 1884 4839 ἁπε-

297 4868 478 4942 κρίθη
531 4869 635 4921 τῶν
680 4871 846 4924 όντων
902 4872 962 4923 ὲν
985 4871 1062 4942 τῷ
1083 4875 1240 4942 ταχεῖ
1283 4890 1340 4925 τε
1367 4875 1460 4926 καὶ
1496 4875 1762 4946 εὐκινήτῳ
1789 4875 1888 4945 τῆς

298 4961 584 5033 φύσεωςή
615 4961 908 5032 φωτιστικὴ
938 4962 1188 5032 δύναμις,
1220 4964 1416 5034 ἑαυτὴν
1447 4964 1555 5016 τῶν
1581 4965 1886 5036 ἐτεροφυῶν

296 5052 714 5122 ἀποκρίνουσα,
759 5054 853 5105 καὶ
902 5053 961 5106 τὸ
1007 5053 1382 5123 περιλαμφθὲν
1445 5054 1588 5108 ἆπαν
1647 5053 1734 5106 διὰ
1785 5056 1882 5124 τῆς

295 5145 724 5215 ἁπαυγαστικῆς
764 5142 931 5198 αὐτοῦ
971 5143 1250 5214 δυνάμεως
1289 5144 1686 5217 κατεφωτίσθη,
1720 5138 1790 5215 ᾯ
1825 5146 1882 5198 δὲ

296 5234 448 5305 λόγῳ
478 5234 655 5289 ταῦτα
692 5237 904 5306 ἐνεργεῖ
935 5233 1028 5288 τοῦ
1060 5235 1230 5303 πυρὸς
1259 5237 1292 5306 ἡ
1322 5236 1499 5298 οὐσία,
1541 5236 1702 5306 μόνου
1748 5236 1882 5289 Θεοῦ

296 5326 451 5378 ἐστιν
483 5326 678 5389 εἰπεῖν,
709 5323 803 5376 τοῦ
833 5323 1234 5394 ὲναποθεμένου
1263 5325 1354 5378 τὸν
1382 5325 1704 5393 φωτιστικὸν
1731 5325 1886 5392 λόγον

293 5416 367 5484 τῇ
402 5413 594 5483 φύσει·
627 5416 722 5467 καὶ
746 5414 905 5467 τοῦτο
931 5414 1019 5468 διὰ
1051 5415 1148 5485 τῆς
1191 5415 1324 5478 ἰδίας
1357 5415 1573 5485 γραφῆς
1609 5416 1700 5466 καὶ
1728 5417 1755 5466 ὁ
1791 5416 1887 5483 μέ·

374 5611 399 5645 ⁸
432 5609 568 5666 Gen.
603 5609 644 5670 l.
685 5611 736 5666 3.
815 5613 835 5644 ’
877 5611 1020 5668 Psal.
1072 5627 1187 5675 cm,
1233 5613 1323 5666 24.
1405 5615 1444 5645 ‘°
1487 5612 1629 5668 Psal.
1671 5625 1823 5676 xviii,
1864 5611 1916 5664 2.

538 5707 802 5772 Ρλτιιοι.
846 5711 963 5774 Gu.
1005 5708 1226 5772 XLIV.

1996 4685 2273 4756 signorum
2295 4683 2700 4738 eﬂleiendorum
2733 4691 3052 4754 potestatem
3086 4684 3159 4739 ita
3190 4685 3516 4741 nominaret.

2067 4776 2161 4830 Sic
2212 4776 2378 4848 igitur
2426 4776 2590 4831 etiam
2652 4782 2784 4830 tunc
2824 4776 3135 4841 antevertit,
3189 4784 3241 4832 et
3295 4777 3570 4832 celeritate

1996 4867 2405 4938 mobilitateque
2432 4882 2552 4932 sua,
2578 4866 2660 4921 vis
2690 4865 3034 4921 illuminandi
3079 4882 3109 4920 a
3138 4881 3316 4921 rerum
3349 4868 3569 4922 univer-

1995 4960 2155 5015 sitate
2181 4958 2430 5022 secessit,
2461 4971 2628 5026 seque
2669 4957 2844 5026 ipsam
2874 4956 2942 5012 ab
2983 4957 3104 5011 aliis
3128 4957 3342 5013 naturis
3379 4959 3572 5028 sejun-

1995 5053 2096 5116 xit,
2125 5060 2286 5120 atque
2317 5051 2389 5103 ita
2412 5048 2692 5118 splendida
2720 5049 2868 5104 illius
2890 5048 3454 5118 potentiaillustratus
3486 5058 3573 5104 est

1990 5143 2162 5199 orbis.
2195 5140 2311 5206 Qua
2335 5149 2514 5195 autem
2539 5139 2753 5194 ratione
2773 5139 2887 5194 haec
2930 5138 3170 5194 ell‘ecerit
3188 5139 3329 5210 ignis
3352 5147 3568 5202 natura.

1991 5235 2161 5290 solius
2215 5233 2309 5288 Dei
2338 5241 2422 5288 est
2473 5232 2764 5302 explicare,
2794 5233 2888 5300 qui
2945 5242 3152 5287 natura:
3177 5231 3285 5286 vim
3344 5231 3575 5288 inseruit

1994 5323 2336 5378 illuminandi
2368 5331 2530 5393 atque
2587 5321 2897 5378 illustrandi
2935 5323 3077 5391 quod
3137 5322 3418 5394 Scriptura
3471 5333 3571 5372 sua

1995 5429 2224 5485 magnus
2273 5413 2436 5466 etiam
2485 5411 2662 5468 Moses
2713 5420 2964 5474 testatur,
3013 5428 3137 5466 cum
3178 5413 3308 5467 ait;
3355 5427 3374 5459 ι
3428 5405 3573 5460 Dixi!

1997 5612 2035 5642 “
2081 5610 2214 5670 lbid.
2257 5614 2308 5668 4.
2379 5615 2431 5678 η¹²
2473 5611 2614 5668 Psal.
2655 5627 2761 5677 etv,
2791 5610 2879 5664 27.

4021 4485 4029 4756 ἰ

4019 4771 4029 5018 1
