  <div class='ocr_page' id='page_1' title='image "/cluster/home/n/w/nwhite01/storage/ocr_20150623/44/hvd.32044052767431/043.png"; bbox 0 0 4106 6208; ppageno 0'>
   <div class='ocr_carea' id='block_1_1' title="bbox 525 274 2539 353">
    <p class='ocr_par' dir='ltr' id='par_1_1' title="bbox 525 274 2539 353">
     <span class='ocr_line' id='line_1_1' title="bbox 525 274 2539 353; baseline -0.008 -2"><span class='ocrx_word' id='word_1_1' title='bbox 525 297 594 353; x_wconf 78' lang='lat'><strong><em>15</em></strong></span> <span class='ocrx_word' id='word_1_2' title='bbox 1381 293 1384 295; x_wconf 36' lang='grc' dir='ltr'><strong>λ</strong></span> <span class='ocrx_word' id='word_1_3' title='bbox 1778 283 1837 339; x_wconf 77' lang='lat'><strong>5.</strong></span> <span class='ocrx_word' id='word_1_4' title='bbox 1877 276 2210 341; x_wconf 76' lang='lat' dir='ltr'><strong>GBEGORII</strong></span> <span class='ocrx_word' id='word_1_5' title='bbox 2246 274 2539 337; x_wconf 77' lang='lat' dir='ltr'><strong>NYSSENI</strong></span> 
     </span>
    </p>
   </div>
   <div class='ocr_carea' id='block_1_2' title="bbox 3700 283 3781 342">
    <p class='ocr_par' dir='ltr' id='par_1_2' title="bbox 3700 283 3781 342">
     <span class='ocr_line' id='line_1_2' title="bbox 3700 283 3781 342; baseline 0.025 -2"><span class='ocrx_word' id='word_1_6' title='bbox 3700 283 3781 342; x_wconf 76' lang='lat'><em>76</em></span> 
     </span>
    </p>
   </div>
   <div class='ocr_carea' id='block_1_3' title="bbox 522 391 2116 480">
    <p class='ocr_par' dir='ltr' id='par_1_3' title="bbox 522 401 2105 480">
     <span class='ocr_line' id='line_1_3' title="bbox 522 401 2105 480; baseline -0.011 -8"><span class='ocrx_word' id='word_1_7' title='bbox 522 416 688 480; x_wconf 86' lang='lat' dir='ltr'><strong>Deus,</strong></span> <span class='ocrx_word' id='word_1_8' title='bbox 715 413 836 468; x_wconf 77' lang='lat' dir='ltr'><strong>Fiat</strong></span> <span class='ocrx_word' id='word_1_9' title='bbox 863 412 984 475; x_wconf 77' lang='lat' dir='ltr'><strong>lux;</strong></span> <span class='ocrx_word' id='word_1_10' title='bbox 1019 427 1036 461; x_wconf 72' lang='grc' dir='ltr'><strong>ι</strong></span> <span class='ocrx_word' id='word_1_11' title='bbox 1063 405 1332 478; x_wconf 85' lang='lat' dir='ltr'><strong>ejusmodi</strong></span> <span class='ocrx_word' id='word_1_12' title='bbox 1361 403 1561 469; x_wconf 85' lang='lat' dir='ltr'><strong>verbis,</strong></span> <span class='ocrx_word' id='word_1_13' title='bbox 1586 409 1645 458; x_wconf 89' lang='lat' dir='ltr'><strong>ut</strong></span> <span class='ocrx_word' id='word_1_14' title='bbox 1671 402 1906 458; x_wconf 73' lang='lat' dir='ltr'><strong>arbitror</strong></span> <span class='ocrx_word' id='word_1_15' title='bbox 1933 401 2105 472; x_wconf 90' lang='lat' dir='ltr'><strong>signi-</strong></span> 
     </span>
    </p>
   </div>
   <div class='ocr_carea' id='block_1_4' title="bbox 2218 391 3783 480">
    <p class='ocr_par' dir='ltr' id='par_1_4' title="bbox 2218 391 3783 475">
     <span class='ocr_line' id='line_1_4' title="bbox 2218 391 3783 475; baseline -0.001 -18"><span class='ocrx_word' id='word_1_16' title='bbox 2218 415 2309 467; x_wconf 74' lang='lat' dir='ltr'><strong>ra;</strong></span> <span class='ocrx_word' id='word_1_17' title='bbox 2349 401 2682 475; x_wconf 83' lang='grc' dir='ltr'><strong>μαρτύρεται</strong></span> <span class='ocrx_word' id='word_1_18' title='bbox 2723 399 2984 471; x_wconf 81' lang='grc' dir='ltr'><strong>Μωῦσῆς.</strong></span> <span class='ocrx_word' id='word_1_19' title='bbox 3019 398 3077 451; x_wconf 85' lang='grc' dir='ltr'><strong>ὲν</strong></span> <span class='ocrx_word' id='word_1_20' title='bbox 3119 391 3198 462; x_wconf 71' lang='grc' dir='ltr'><strong>οἷς</strong></span> <span class='ocrx_word' id='word_1_21' title='bbox 3250 413 3435 470; x_wconf 81' lang='grc' dir='ltr'><strong>φησιν,</strong></span> <span class='ocrx_word' id='word_1_22' title='bbox 3482 398 3564 453; x_wconf 81' lang='grc' dir='ltr'><strong>ὅτι</strong></span> <span class='ocrx_word' id='word_1_23' title='bbox 3608 417 3626 451; x_wconf 82' lang='grc' dir='ltr'><strong>ι</strong></span> <span class='ocrx_word' id='word_1_24' title='bbox 3658 402 3783 455; x_wconf 74' lang='grc' dir='ltr'><strong>Καὶ</strong></span> 
     </span>
    </p>
   </div>
   <div class='ocr_carea' id='block_1_5' title="bbox 523 493 2094 567">
    <p class='ocr_par' dir='ltr' id='par_1_5' title="bbox 523 493 2094 567">
     <span class='ocr_line' id='line_1_5' title="bbox 523 493 2094 567; baseline -0.013 -5"><span class='ocrx_word' id='word_1_25' title='bbox 523 508 714 567; x_wconf 78' lang='lat' dir='ltr'><strong>ilcans,</strong></span> <span class='ocrx_word' id='word_1_26' title='bbox 741 503 978 559; x_wconf 86' lang='lat' dir='ltr'><strong>divinam</strong></span> <span class='ocrx_word' id='word_1_27' title='bbox 1012 499 1312 554; x_wconf 89' lang='lat' dir='ltr'><strong>orationem</strong></span> <span class='ocrx_word' id='word_1_28' title='bbox 1348 510 1473 552; x_wconf 87' lang='lat' dir='ltr'><strong>esse</strong></span> <span class='ocrx_word' id='word_1_29' title='bbox 1505 493 1644 549; x_wconf 91' lang='lat' dir='ltr'><strong>lucis</strong></span> <span class='ocrx_word' id='word_1_30' title='bbox 1701 509 1840 564; x_wconf 90' lang='lat' dir='ltr'><strong>opus</strong></span> <span class='ocrx_word' id='word_1_31' title='bbox 1879 506 2094 547; x_wconf 90' lang='lat' dir='ltr'><strong>omnem</strong></span> 
     </span>
    </p>
   </div>
   <div class='ocr_carea' id='block_1_6' title="bbox 521 575 2094 661">
    <p class='ocr_par' dir='ltr' id='par_1_6' title="bbox 521 575 2094 661">
     <span class='ocr_line' id='line_1_6' title="bbox 521 575 2094 661; baseline -0.011 -10"><span class='ocrx_word' id='word_1_32' title='bbox 521 575 812 652; x_wconf 77' lang='lat' dir='ltr'><strong>humanam</strong></span> <span class='ocrx_word' id='word_1_33' title='bbox 835 591 1218 661; x_wconf 75' lang='lat' dir='ltr'><strong>cogitationem</strong></span> <span class='ocrx_word' id='word_1_34' title='bbox 1243 593 1616 656; x_wconf 77' lang='lat' dir='ltr'><strong>superantem.</strong></span> <span class='ocrx_word' id='word_1_35' title='bbox 1639 581 1750 639; x_wconf 85' lang='lat' dir='ltr'><strong>Nos</strong></span> <span class='ocrx_word' id='word_1_36' title='bbox 1778 582 1922 638; x_wconf 90' lang='lat' dir='ltr'><strong>enim</strong></span> <span class='ocrx_word' id='word_1_37' title='bbox 1947 578 2094 650; x_wconf 84' lang='lat' dir='ltr'><strong>quod</strong></span> 
     </span>
    </p>
   </div>
   <div class='ocr_carea' id='block_1_7' title="bbox 522 671 2098 749">
    <p class='ocr_par' dir='ltr' id='par_1_7' title="bbox 522 671 2098 749">
     <span class='ocr_line' id='line_1_7' title="bbox 522 671 2098 749; baseline -0.011 -8"><span class='ocrx_word' id='word_1_38' title='bbox 522 685 725 741; x_wconf 75' lang='lat' dir='ltr'><strong>factum</strong></span> <span class='ocrx_word' id='word_1_39' title='bbox 750 692 834 739; x_wconf 91' lang='lat' dir='ltr'><strong>est</strong></span> <span class='ocrx_word' id='word_1_40' title='bbox 887 679 1263 736; x_wconf 84' lang='lat' dir='ltr'><strong>tantummodo</strong></span> <span class='ocrx_word' id='word_1_41' title='bbox 1289 677 1605 749; x_wconf 90' lang='lat' dir='ltr'><strong>aspicimus,</strong></span> <span class='ocrx_word' id='word_1_42' title='bbox 1632 689 1907 744; x_wconf 88' lang='lat' dir='ltr'><strong>sensuque</strong></span> <span class='ocrx_word' id='word_1_43' title='bbox 1929 671 2098 742; x_wconf 86' lang='lat' dir='ltr'><strong>perci-</strong></span> 
     </span>
    </p>
   </div>
   <div class='ocr_carea' id='block_1_8' title="bbox 520 765 2102 849">
    <p class='ocr_par' dir='ltr' id='par_1_8' title="bbox 520 765 2102 849">
     <span class='ocr_line' id='line_1_8' title="bbox 520 765 2102 849; baseline -0.009 -18"><span class='ocrx_word' id='word_1_44' title='bbox 520 779 720 849; x_wconf 79' lang='lat' dir='ltr'><strong>pimus,</strong></span> <span class='ocrx_word' id='word_1_45' title='bbox 754 783 807 830; x_wconf 90' lang='lat' dir='ltr'><strong>et</strong></span> <span class='ocrx_word' id='word_1_46' title='bbox 829 773 1182 828; x_wconf 83' lang='lat' dir='ltr'><strong>admiramur.</strong></span> <span class='ocrx_word' id='word_1_47' title='bbox 1226 769 1327 825; x_wconf 86' lang='lat' dir='ltr'><strong>Ubi</strong></span> <span class='ocrx_word' id='word_1_48' title='bbox 1381 777 1564 824; x_wconf 91' lang='lat' dir='ltr'><strong>autem</strong></span> <span class='ocrx_word' id='word_1_49' title='bbox 1595 766 1735 837; x_wconf 87' lang='lat' dir='ltr'><strong>ignis</strong></span> <span class='ocrx_word' id='word_1_50' title='bbox 1762 765 1982 819; x_wconf 87' lang='lat' dir='ltr'><strong>latitans</strong></span> <span class='ocrx_word' id='word_1_51' title='bbox 2013 777 2102 816; x_wconf 85' lang='lat' dir='ltr'><strong>re-</strong></span> 
     </span>
    </p>
   </div>
   <div class='ocr_carea' id='block_1_9' title="bbox 525 853 2100 938">
    <p class='ocr_par' dir='ltr' id='par_1_9' title="bbox 525 853 2100 938">
     <span class='ocr_line' id='line_1_9' title="bbox 525 853 2100 938; baseline -0.011 -15"><span class='ocrx_word' id='word_1_52' title='bbox 525 877 685 938; x_wconf 90' lang='lat' dir='ltr'><strong>pente</strong></span> <span class='ocrx_word' id='word_1_53' title='bbox 711 873 1021 936; x_wconf 79' lang='lat' dir='ltr'><strong>generetur,</strong></span> <span class='ocrx_word' id='word_1_54' title='bbox 1057 863 1175 918; x_wconf 87' lang='lat' dir='ltr'><strong>sive</strong></span> <span class='ocrx_word' id='word_1_55' title='bbox 1197 877 1266 918; x_wconf 79' lang='lat' dir='ltr'><strong>ex</strong></span> <span class='ocrx_word' id='word_1_56' title='bbox 1301 859 1538 930; x_wconf 86' lang='lat' dir='ltr'><strong>lapidum</strong></span> <span class='ocrx_word' id='word_1_57' title='bbox 1564 857 1869 918; x_wconf 87' lang='lat' dir='ltr'><strong>collisione,</strong></span> <span class='ocrx_word' id='word_1_58' title='bbox 1894 853 2010 908; x_wconf 86' lang='lat' dir='ltr'><strong>sive</strong></span> <span class='ocrx_word' id='word_1_59' title='bbox 2034 867 2100 907; x_wconf 79' lang='lat' dir='ltr'><strong>ex</strong></span> 
     </span>
    </p>
   </div>
   <div class='ocr_carea' id='block_1_10' title="bbox 523 942 2099 1021">
    <p class='ocr_par' dir='ltr' id='par_1_10' title="bbox 523 942 2099 1021">
     <span class='ocr_line' id='line_1_10' title="bbox 523 942 2099 1021; baseline -0.011 -9"><span class='ocrx_word' id='word_1_60' title='bbox 523 959 752 1012; x_wconf 87' lang='lat' dir='ltr'><strong>aliarum</strong></span> <span class='ocrx_word' id='word_1_61' title='bbox 791 969 972 1010; x_wconf 91' lang='lat' dir='ltr'><strong>rerum</strong></span> <span class='ocrx_word' id='word_1_62' title='bbox 1005 953 1194 1007; x_wconf 84' lang='lat' dir='ltr'><strong>attritu</strong></span> <span class='ocrx_word' id='word_1_63' title='bbox 1251 949 1515 1021; x_wconf 87' lang='lat' dir='ltr'><strong>prosiliat,</strong></span> <span class='ocrx_word' id='word_1_64' title='bbox 1555 955 1609 1003; x_wconf 90' lang='lat' dir='ltr'><strong>et</strong></span> <span class='ocrx_word' id='word_1_65' title='bbox 1639 960 1886 1016; x_wconf 70' lang='lat' dir='ltr'><strong>quaenam</strong></span> <span class='ocrx_word' id='word_1_66' title='bbox 1913 944 1995 999; x_wconf 92' lang='lat' dir='ltr'><strong>vis</strong></span> <span class='ocrx_word' id='word_1_67' title='bbox 2024 942 2099 1006; x_wconf 91' lang='lat' dir='ltr'><strong>id,</strong></span> 
     </span>
    </p>
   </div>
   <div class='ocr_carea' id='block_1_11' title="bbox 525 1037 2104 1118">
    <p class='ocr_par' dir='ltr' id='par_1_11' title="bbox 525 1037 2104 1118">
     <span class='ocr_line' id='line_1_11' title="bbox 525 1037 2104 1118; baseline -0.009 -17"><span class='ocrx_word' id='word_1_68' title='bbox 525 1047 670 1118; x_wconf 88' lang='lat' dir='ltr'><strong>quod</strong></span> <span class='ocrx_word' id='word_1_69' title='bbox 693 1047 759 1099; x_wconf 88' lang='lat' dir='ltr'><strong>ab</strong></span> <span class='ocrx_word' id='word_1_70' title='bbox 783 1047 901 1114; x_wconf 90' lang='lat' dir='ltr'><strong>ipso</strong></span> <span class='ocrx_word' id='word_1_71' title='bbox 926 1040 1427 1113; x_wconf 86' lang='lat' dir='ltr'><strong>comprehenditur,</strong></span> <span class='ocrx_word' id='word_1_72' title='bbox 1449 1037 1664 1100; x_wconf 79' lang='lat' dir='ltr'><strong>exedat,</strong></span> <span class='ocrx_word' id='word_1_73' title='bbox 1702 1044 1866 1105; x_wconf 89' lang='lat' dir='ltr'><strong>atque</strong></span> <span class='ocrx_word' id='word_1_74' title='bbox 1899 1049 2104 1088; x_wconf 86' lang='lat' dir='ltr'><strong>consu-</strong></span> 
     </span>
    </p>
   </div>
   <div class='ocr_carea' id='block_1_12' title="bbox 529 1128 2102 1206">
    <p class='ocr_par' dir='ltr' id='par_1_12' title="bbox 529 1128 2102 1206">
     <span class='ocr_line' id='line_1_12' title="bbox 529 1128 2102 1206; baseline -0.009 -15"><span class='ocrx_word' id='word_1_75' title='bbox 529 1146 661 1200; x_wconf 87' lang='lat' dir='ltr'><strong>mat,</strong></span> <span class='ocrx_word' id='word_1_76' title='bbox 695 1150 922 1206; x_wconf 65' lang='lat' dir='ltr'><strong>qumque</strong></span> <span class='ocrx_word' id='word_1_77' title='bbox 969 1148 1147 1187; x_wconf 89' lang='lat' dir='ltr'><strong>aerem</strong></span> <span class='ocrx_word' id='word_1_78' title='bbox 1171 1129 1386 1184; x_wconf 82' lang='lat' dir='ltr'><strong>ﬂamma</strong></span> <span class='ocrx_word' id='word_1_79' title='bbox 1420 1128 1723 1188; x_wconf 86' lang='lat' dir='ltr'><strong>collustret.</strong></span> <span class='ocrx_word' id='word_1_80' title='bbox 1777 1139 1950 1194; x_wconf 90' lang='lat' dir='ltr'><strong>neque</strong></span> <span class='ocrx_word' id='word_1_81' title='bbox 1981 1138 2102 1178; x_wconf 89' lang='lat' dir='ltr'><strong>cer-</strong></span> 
     </span>
    </p>
   </div>
   <div class='ocr_carea' id='block_1_13' title="bbox 526 1215 2102 1296">
    <p class='ocr_par' dir='ltr' id='par_1_13' title="bbox 526 1215 2102 1296">
     <span class='ocr_line' id='line_1_13' title="bbox 526 1215 2102 1296; baseline -0.01 -14"><span class='ocrx_word' id='word_1_82' title='bbox 526 1243 657 1282; x_wconf 89' lang='lat' dir='ltr'><strong>nere</strong></span> <span class='ocrx_word' id='word_1_83' title='bbox 705 1239 1019 1296; x_wconf 83' lang='lat' dir='ltr'><strong>possumus,</strong></span> <span class='ocrx_word' id='word_1_84' title='bbox 1060 1236 1236 1291; x_wconf 91' lang='lat' dir='ltr'><strong>neque</strong></span> <span class='ocrx_word' id='word_1_85' title='bbox 1264 1221 1371 1274; x_wconf 91' lang='lat' dir='ltr'><strong>ulla</strong></span> <span class='ocrx_word' id='word_1_86' title='bbox 1409 1218 1736 1288; x_wconf 89' lang='lat' dir='ltr'><strong>cogitatione</strong></span> <span class='ocrx_word' id='word_1_87' title='bbox 1778 1215 2102 1284; x_wconf 85' lang='lat' dir='ltr'><strong>complecti;</strong></span> 
     </span>
    </p>
   </div>
   <div class='ocr_carea' id='block_1_14' title="bbox 524 1304 2107 1375">
    <p class='ocr_par' dir='ltr' id='par_1_14' title="bbox 524 1304 2107 1375">
     <span class='ocr_line' id='line_1_14' title="bbox 524 1304 2107 1375; baseline -0.01 0"><span class='ocrx_word' id='word_1_88' title='bbox 524 1321 619 1375; x_wconf 86' lang='lat' dir='ltr'><strong>sed</strong></span> <span class='ocrx_word' id='word_1_89' title='bbox 652 1321 705 1373; x_wconf 88' lang='lat' dir='ltr'><strong>in</strong></span> <span class='ocrx_word' id='word_1_90' title='bbox 741 1318 858 1373; x_wconf 91' lang='lat' dir='ltr'><strong>solo</strong></span> <span class='ocrx_word' id='word_1_91' title='bbox 888 1317 995 1370; x_wconf 88' lang='lat' dir='ltr'><strong>Deo</strong></span> <span class='ocrx_word' id='word_1_92' title='bbox 1023 1323 1130 1368; x_wconf 88' lang='lat' dir='ltr'><strong>tam</strong></span> <span class='ocrx_word' id='word_1_93' title='bbox 1169 1311 1413 1367; x_wconf 84' lang='lat' dir='ltr'><strong>miriﬁcae</strong></span> <span class='ocrx_word' id='word_1_94' title='bbox 1443 1311 1519 1367; x_wconf 90' lang='lat' dir='ltr'><strong>rei</strong></span> <span class='ocrx_word' id='word_1_95' title='bbox 1549 1310 1812 1364; x_wconf 89' lang='lat' dir='ltr'><strong>rationem</strong></span> <span class='ocrx_word' id='word_1_96' title='bbox 1853 1304 2107 1362; x_wconf 90' lang='lat' dir='ltr'><strong>recondi-</strong></span> 
     </span>
    </p>
   </div>
   <div class='ocr_carea' id='block_1_15' title="bbox 524 1395 2104 1472">
    <p class='ocr_par' dir='ltr' id='par_1_15' title="bbox 524 1395 2104 1472">
     <span class='ocr_line' id='line_1_15' title="bbox 524 1395 2104 1472; baseline -0.009 -10"><span class='ocrx_word' id='word_1_97' title='bbox 524 1419 635 1462; x_wconf 88' lang='lat' dir='ltr'><strong>tam</strong></span> <span class='ocrx_word' id='word_1_98' title='bbox 663 1421 785 1462; x_wconf 86' lang='lat' dir='ltr'><strong>esse</strong></span> <span class='ocrx_word' id='word_1_99' title='bbox 809 1405 1063 1468; x_wconf 89' lang='lat' dir='ltr'><strong>dicimus,</strong></span> <span class='ocrx_word' id='word_1_100' title='bbox 1108 1402 1198 1472; x_wconf 91' lang='lat' dir='ltr'><strong>qui</strong></span> <span class='ocrx_word' id='word_1_101' title='bbox 1235 1414 1438 1454; x_wconf 88' lang='lat' dir='ltr'><strong>arcana</strong></span> <span class='ocrx_word' id='word_1_102' title='bbox 1490 1398 1779 1468; x_wconf 87' lang='lat' dir='ltr'><strong>potestatis</strong></span> <span class='ocrx_word' id='word_1_103' title='bbox 1806 1396 2017 1452; x_wconf 90' lang='lat' dir='ltr'><strong>ratione</strong></span> <span class='ocrx_word' id='word_1_104' title='bbox 2048 1395 2104 1448; x_wconf 91' lang='lat' dir='ltr'><strong>in</strong></span> 
     </span>
    </p>
   </div>
   <div class='ocr_carea' id='block_1_16' title="bbox 527 1488 2106 1568">
    <p class='ocr_par' dir='ltr' id='par_1_16' title="bbox 527 1488 2106 1568">
     <span class='ocr_line' id='line_1_16' title="bbox 527 1488 2106 1568; baseline -0.007 -18"><span class='ocrx_word' id='word_1_105' title='bbox 527 1497 649 1568; x_wconf 70' lang='lat' dir='ltr'><strong>igne</strong></span> <span class='ocrx_word' id='word_1_106' title='bbox 671 1497 847 1551; x_wconf 91' lang='lat' dir='ltr'><strong>lucem</strong></span> <span class='ocrx_word' id='word_1_107' title='bbox 877 1496 1173 1564; x_wconf 82' lang='lat' dir='ltr'><strong>ingenerat.</strong></span> <span class='ocrx_word' id='word_1_108' title='bbox 1213 1488 1680 1557; x_wconf 85' lang='lat' dir='ltr'><strong>Quemadmodum</strong></span> <span class='ocrx_word' id='word_1_109' title='bbox 1726 1503 1976 1544; x_wconf 90' lang='lat' dir='ltr'><strong>sermone</strong></span> <span class='ocrx_word' id='word_1_110' title='bbox 2006 1499 2106 1542; x_wconf 92' lang='lat' dir='ltr'><strong>suo</strong></span> 
     </span>
    </p>
   </div>
   <div class='ocr_carea' id='block_1_17' title="bbox 525 1575 2108 1649">
    <p class='ocr_par' dir='ltr' id='par_1_17' title="bbox 525 1575 2108 1649">
     <span class='ocr_line' id='line_1_17' title="bbox 525 1575 2108 1649; baseline -0.008 -8"><span class='ocrx_word' id='word_1_111' title='bbox 525 1588 708 1641; x_wconf 82' lang='lat' dir='ltr'><strong>Moses</strong></span> <span class='ocrx_word' id='word_1_112' title='bbox 739 1593 1046 1646; x_wconf 86' lang='lat' dir='ltr'><strong>attestatur,</strong></span> <span class='ocrx_word' id='word_1_113' title='bbox 1083 1601 1100 1634; x_wconf 77' lang='grc' dir='ltr'><strong>ι</strong></span> <span class='ocrx_word' id='word_1_114' title='bbox 1129 1581 1294 1643; x_wconf 77' lang='lat' dir='ltr'><strong>Dixit,</strong></span> <span class='ocrx_word' id='word_1_115' title='bbox 1333 1599 1351 1631; x_wconf 74' lang='grc' dir='ltr'><strong>ι</strong></span> <span class='ocrx_word' id='word_1_116' title='bbox 1401 1579 1669 1649; x_wconf 90' lang='lat' dir='ltr'><strong>inquiens,</strong></span> <span class='ocrx_word' id='word_1_117' title='bbox 1724 1597 1742 1630; x_wconf 78' lang='grc' dir='ltr'><strong>ι</strong></span> <span class='ocrx_word' id='word_1_118' title='bbox 1780 1577 1946 1641; x_wconf 89' lang='lat' dir='ltr'><strong>Deus,</strong></span> <span class='ocrx_word' id='word_1_119' title='bbox 1988 1575 2108 1630; x_wconf 87' lang='lat' dir='ltr'><strong>Fiat</strong></span> 
     </span>
    </p>
   </div>
   <div class='ocr_carea' id='block_1_18' title="bbox 526 1667 2105 1740">
    <p class='ocr_par' dir='ltr' id='par_1_18' title="bbox 526 1667 2105 1740">
     <span class='ocr_line' id='line_1_18' title="bbox 526 1667 2105 1740; baseline -0.006 -10"><span class='ocrx_word' id='word_1_120' title='bbox 526 1679 640 1740; x_wconf 85' lang='lat' dir='ltr'><strong>lux,</strong></span> <span class='ocrx_word' id='word_1_121' title='bbox 671 1687 724 1731; x_wconf 89' lang='lat' dir='ltr'><strong>et</strong></span> <span class='ocrx_word' id='word_1_122' title='bbox 761 1677 904 1730; x_wconf 79' lang='lat' dir='ltr'><strong>facta</strong></span> <span class='ocrx_word' id='word_1_123' title='bbox 939 1683 1024 1729; x_wconf 90' lang='lat' dir='ltr'><strong>est</strong></span> <span class='ocrx_word' id='word_1_124' title='bbox 1053 1673 1166 1729; x_wconf 80' lang='lat' dir='ltr'><strong>lux.</strong></span> <span class='ocrx_word' id='word_1_125' title='bbox 1215 1680 1267 1726; x_wconf 91' lang='lat' dir='ltr'><strong>et</strong></span> <span class='ocrx_word' id='word_1_126' title='bbox 1297 1670 1430 1724; x_wconf 84' lang='lat' dir='ltr'><strong>vidit</strong></span> <span class='ocrx_word' id='word_1_127' title='bbox 1460 1669 1602 1724; x_wconf 90' lang='lat' dir='ltr'><strong>Deus</strong></span> <span class='ocrx_word' id='word_1_128' title='bbox 1633 1669 1811 1736; x_wconf 81' lang='lat' dir='ltr'><strong>lucem</strong></span> <span class='ocrx_word' id='word_1_129' title='bbox 1846 1683 1970 1723; x_wconf 90' lang='lat' dir='ltr'><strong>esse</strong></span> <span class='ocrx_word' id='word_1_130' title='bbox 2009 1667 2105 1722; x_wconf 85' lang='lat' dir='ltr'><strong>bo—</strong></span> 
     </span>
    </p>
   </div>
   <div class='ocr_carea' id='block_1_19' title="bbox 529 1756 2106 1827">
    <p class='ocr_par' dir='ltr' id='par_1_19' title="bbox 529 1756 2106 1827">
     <span class='ocr_line' id='line_1_19' title="bbox 529 1756 2106 1827; baseline -0.006 -7"><span class='ocrx_word' id='word_1_131' title='bbox 529 1781 651 1820; x_wconf 88' lang='lat' dir='ltr'><strong>nam</strong></span> <span class='ocrx_word' id='word_1_132' title='bbox 673 1766 738 1817; x_wconf 75' lang='lat'><strong>“.</strong></span> <span class='ocrx_word' id='word_1_133' title='bbox 781 1782 800 1816; x_wconf 73' lang='grc' dir='ltr'><strong>ι</strong></span> <span class='ocrx_word' id='word_1_134' title='bbox 834 1761 973 1818; x_wconf 83' lang='lat' dir='ltr'><strong>Vere</strong></span> <span class='ocrx_word' id='word_1_135' title='bbox 996 1762 1138 1816; x_wconf 89' lang='lat' dir='ltr'><strong>enim</strong></span> <span class='ocrx_word' id='word_1_136' title='bbox 1175 1759 1270 1814; x_wconf 88' lang='lat' dir='ltr'><strong>Dei</strong></span> <span class='ocrx_word' id='word_1_137' title='bbox 1302 1759 1470 1814; x_wconf 90' lang='lat' dir='ltr'><strong>solius</strong></span> <span class='ocrx_word' id='word_1_138' title='bbox 1493 1765 1577 1812; x_wconf 91' lang='lat' dir='ltr'><strong>est</strong></span> <span class='ocrx_word' id='word_1_139' title='bbox 1607 1757 1802 1811; x_wconf 88' lang='lat' dir='ltr'><strong>intueri</strong></span> <span class='ocrx_word' id='word_1_140' title='bbox 1835 1756 2106 1827; x_wconf 91' lang='lat' dir='ltr'><strong>quomodo</strong></span> 
     </span>
    </p>
   </div>
   <div class='ocr_carea' id='block_1_20' title="bbox 528 1847 2106 1920">
    <p class='ocr_par' dir='ltr' id='par_1_20' title="bbox 528 1847 2106 1920">
     <span class='ocr_line' id='line_1_20' title="bbox 528 1847 2106 1920; baseline -0.006 -9"><span class='ocrx_word' id='word_1_141' title='bbox 528 1858 600 1912; x_wconf 86' lang='lat' dir='ltr'><strong>sit</strong></span> <span class='ocrx_word' id='word_1_142' title='bbox 619 1858 690 1910; x_wconf 87' lang='lat' dir='ltr'><strong>ita</strong></span> <span class='ocrx_word' id='word_1_143' title='bbox 713 1856 887 1920; x_wconf 89' lang='lat' dir='ltr'><strong>bona;</strong></span> <span class='ocrx_word' id='word_1_144' title='bbox 912 1852 1253 1906; x_wconf 83' lang='lat' dir='ltr'><strong>imbecillitas</strong></span> <span class='ocrx_word' id='word_1_145' title='bbox 1277 1859 1455 1912; x_wconf 84' lang='lat' dir='ltr'><strong>autem</strong></span> <span class='ocrx_word' id='word_1_146' title='bbox 1488 1858 1696 1902; x_wconf 77' lang='lat' dir='ltr'><strong>natura:</strong></span> <span class='ocrx_word' id='word_1_147' title='bbox 1717 1856 1935 1914; x_wconf 59' lang='lat' dir='ltr'><strong>nostra},</strong></span> <span class='ocrx_word' id='word_1_148' title='bbox 1959 1847 2106 1917; x_wconf 91' lang='lat' dir='ltr'><strong>quod</strong></span> 
     </span>
    </p>
   </div>
   <div class='ocr_carea' id='block_1_21' title="bbox 529 1940 2106 2016">
    <p class='ocr_par' dir='ltr' id='par_1_21' title="bbox 529 1940 2106 2016">
     <span class='ocr_line' id='line_1_21' title="bbox 529 1940 2106 2016; baseline -0.006 -15"><span class='ocrx_word' id='word_1_149' title='bbox 529 1949 606 2011; x_wconf 80' lang='lat' dir='ltr'><strong>ﬁt,</strong></span> <span class='ocrx_word' id='word_1_150' title='bbox 652 1945 912 2016; x_wconf 77' lang='lat' dir='ltr'><strong>perspicit</strong></span> <span class='ocrx_word' id='word_1_151' title='bbox 953 1943 1043 1998; x_wconf 93' lang='lat' dir='ltr'><strong>illa</strong></span> <span class='ocrx_word' id='word_1_152' title='bbox 1097 1941 1356 2014; x_wconf 90' lang='lat' dir='ltr'><strong>quidem;</strong></span> <span class='ocrx_word' id='word_1_153' title='bbox 1397 1956 1505 2011; x_wconf 91' lang='lat' dir='ltr'><strong>qua</strong></span> <span class='ocrx_word' id='word_1_154' title='bbox 1553 1941 1763 1994; x_wconf 87' lang='lat' dir='ltr'><strong>ratione</strong></span> <span class='ocrx_word' id='word_1_155' title='bbox 1792 1951 1965 1994; x_wconf 85' lang='lat' dir='ltr'><strong>autem</strong></span> <span class='ocrx_word' id='word_1_156' title='bbox 1995 1940 2106 2003; x_wconf 81' lang='lat' dir='ltr'><strong>ﬁat,</strong></span> 
     </span>
    </p>
   </div>
   <div class='ocr_carea' id='block_1_22' title="bbox 529 2032 2104 2108">
    <p class='ocr_par' dir='ltr' id='par_1_22' title="bbox 529 2032 2104 2108">
     <span class='ocr_line' id='line_1_22' title="bbox 529 2032 2104 2108; baseline -0.007 -14"><span class='ocrx_word' id='word_1_157' title='bbox 529 2053 631 2094; x_wconf 86' lang='lat' dir='ltr'><strong>nec</strong></span> <span class='ocrx_word' id='word_1_158' title='bbox 657 2039 966 2108; x_wconf 87' lang='lat' dir='ltr'><strong>perspicere</strong></span> <span class='ocrx_word' id='word_1_159' title='bbox 993 2043 1191 2104; x_wconf 85' lang='lat' dir='ltr'><strong>potest,</strong></span> <span class='ocrx_word' id='word_1_160' title='bbox 1221 2049 1322 2099; x_wconf 78' lang='lat' dir='ltr'><strong>nec</strong></span> <span class='ocrx_word' id='word_1_161' title='bbox 1344 2033 1564 2087; x_wconf 89' lang='lat' dir='ltr'><strong>laudare</strong></span> <span class='ocrx_word' id='word_1_162' title='bbox 1605 2053 1616 2088; x_wconf 91' lang='lat'><strong>:</strong></span> <span class='ocrx_word' id='word_1_163' title='bbox 1651 2033 1941 2086; x_wconf 90' lang='lat' dir='ltr'><strong>laudantur</strong></span> <span class='ocrx_word' id='word_1_164' title='bbox 1962 2032 2104 2086; x_wconf 85' lang='lat' dir='ltr'><strong>enim</strong></span> 
     </span>
    </p>
   </div>
   <div class='ocr_carea' id='block_1_23' title="bbox 532 2122 2104 2205">
    <p class='ocr_par' dir='ltr' id='par_1_23' title="bbox 532 2122 2104 2205">
     <span class='ocr_line' id='line_1_23' title="bbox 532 2122 2104 2205; baseline -0.006 -22"><span class='ocrx_word' id='word_1_165' title='bbox 532 2143 654 2205; x_wconf 64' lang='lat' dir='ltr'><strong>qua:</strong></span> <span class='ocrx_word' id='word_1_166' title='bbox 709 2131 1136 2197; x_wconf 84' lang='lat' dir='ltr'><strong>cognoscuntur,</strong></span> <span class='ocrx_word' id='word_1_167' title='bbox 1205 2138 1313 2178; x_wconf 91' lang='lat' dir='ltr'><strong>non</strong></span> <span class='ocrx_word' id='word_1_168' title='bbox 1371 2132 1549 2177; x_wconf 89' lang='lat' dir='ltr'><strong>autem</strong></span> <span class='ocrx_word' id='word_1_169' title='bbox 1597 2137 1718 2190; x_wconf 62' lang='lat' dir='ltr'><strong>quae</strong></span> <span class='ocrx_word' id='word_1_170' title='bbox 1766 2122 2104 2192; x_wconf 88' lang='lat' dir='ltr'><strong>igno.antur.</strong></span> 
     </span>
    </p>
   </div>
   <div class='ocr_carea' id='block_1_24' title="bbox 540 2213 2115 2286">
    <p class='ocr_par' dir='ltr' id='par_1_24' title="bbox 540 2213 2115 2286">
     <span class='ocr_line' id='line_1_24' title="bbox 540 2213 2115 2286; baseline -0.004 -14"><span class='ocrx_word' id='word_1_171' title='bbox 540 2239 558 2271; x_wconf 80' lang='grc' dir='ltr'><strong>ι</strong></span> <span class='ocrx_word' id='word_1_172' title='bbox 608 2219 757 2272; x_wconf 77' lang='lat' dir='ltr'><strong>Vidit</strong></span> <span class='ocrx_word' id='word_1_173' title='bbox 795 2237 814 2268; x_wconf 72' lang='grc' dir='ltr'><strong>ι</strong></span> <span class='ocrx_word' id='word_1_174' title='bbox 849 2217 1034 2286; x_wconf 82' lang='lat' dir='ltr'><strong>igitur,</strong></span> <span class='ocrx_word' id='word_1_175' title='bbox 1069 2216 1264 2284; x_wconf 87' lang='lat' dir='ltr'><strong>inquit,</strong></span> <span class='ocrx_word' id='word_1_176' title='bbox 1302 2234 1320 2266; x_wconf 78' lang='grc' dir='ltr'><strong>ι</strong></span> <span class='ocrx_word' id='word_1_177' title='bbox 1352 2216 1492 2269; x_wconf 89' lang='lat' dir='ltr'><strong>Deus</strong></span> <span class='ocrx_word' id='word_1_178' title='bbox 1525 2214 1700 2269; x_wconf 88' lang='lat' dir='ltr'><strong>lucem</strong></span> <span class='ocrx_word' id='word_1_179' title='bbox 1735 2228 1856 2269; x_wconf 79' lang='lat' dir='ltr'><strong>esse</strong></span> <span class='ocrx_word' id='word_1_180' title='bbox 1885 2213 2115 2274; x_wconf 88' lang='lat' dir='ltr'><strong>bonam,</strong></span> 
     </span>
    </p>
   </div>
   <div class='ocr_carea' id='block_1_25' title="bbox 529 2303 2106 2364">
    <p class='ocr_par' dir='ltr' id='par_1_25' title="bbox 529 2303 2106 2364">
     <span class='ocr_line' id='line_1_25' title="bbox 529 2303 2106 2364; baseline -0.005 0"><span class='ocrx_word' id='word_1_181' title='bbox 529 2318 583 2364; x_wconf 93' lang='lat' dir='ltr'><strong>et</strong></span> <span class='ocrx_word' id='word_1_182' title='bbox 611 2309 795 2364; x_wconf 83' lang='lat' dir='ltr'><strong>divisit</strong></span> <span class='ocrx_word' id='word_1_183' title='bbox 823 2307 964 2362; x_wconf 89' lang='lat' dir='ltr'><strong>Deus</strong></span> <span class='ocrx_word' id='word_1_184' title='bbox 990 2306 1134 2361; x_wconf 88' lang='lat' dir='ltr'><strong>inter</strong></span> <span class='ocrx_word' id='word_1_185' title='bbox 1163 2307 1337 2360; x_wconf 83' lang='lat' dir='ltr'><strong>lucem</strong></span> <span class='ocrx_word' id='word_1_186' title='bbox 1369 2313 1420 2360; x_wconf 87' lang='lat' dir='ltr'><strong>et</strong></span> <span class='ocrx_word' id='word_1_187' title='bbox 1450 2305 1699 2359; x_wconf 85' lang='lat' dir='ltr'><strong>tenebras</strong></span> <span class='ocrx_word' id='word_1_188' title='bbox 1722 2305 1787 2358; x_wconf 73' lang='lat'><strong>“.</strong></span> <span class='ocrx_word' id='word_1_189' title='bbox 1812 2324 1830 2355; x_wconf 78' lang='grc' dir='ltr'><strong>ι</strong></span> <span class='ocrx_word' id='word_1_190' title='bbox 1869 2303 2106 2360; x_wconf 85' lang='lat' dir='ltr'><strong>Rursum</strong></span> 
     </span>
    </p>
   </div>
   <div class='ocr_carea' id='block_1_26' title="bbox 531 2395 2107 2470">
    <p class='ocr_par' dir='ltr' id='par_1_26' title="bbox 531 2395 2107 2470">
     <span class='ocr_line' id='line_1_26' title="bbox 531 2395 2107 2470; baseline -0.005 -14"><span class='ocrx_word' id='word_1_191' title='bbox 531 2400 733 2464; x_wconf 75' lang='lat' dir='ltr'><strong>Moses,</strong></span> <span class='ocrx_word' id='word_1_192' title='bbox 763 2399 908 2470; x_wconf 89' lang='lat' dir='ltr'><strong>quod</strong></span> <span class='ocrx_word' id='word_1_193' title='bbox 945 2396 1181 2453; x_wconf 87' lang='lat' dir='ltr'><strong>naturali</strong></span> <span class='ocrx_word' id='word_1_194' title='bbox 1216 2395 1449 2467; x_wconf 84' lang='lat' dir='ltr'><strong>quodam</strong></span> <span class='ocrx_word' id='word_1_195' title='bbox 1512 2395 1700 2452; x_wconf 87' lang='lat' dir='ltr'><strong>ordine</strong></span> <span class='ocrx_word' id='word_1_196' title='bbox 1758 2402 1922 2465; x_wconf 89' lang='lat' dir='ltr'><strong>atque</strong></span> <span class='ocrx_word' id='word_1_197' title='bbox 1971 2408 2107 2448; x_wconf 82' lang='lat' dir='ltr'><strong>con—</strong></span> 
     </span>
    </p>
   </div>
   <div class='ocr_carea' id='block_1_27' title="bbox 529 2483 2104 2563">
    <p class='ocr_par' dir='ltr' id='par_1_27' title="bbox 529 2483 2104 2563">
     <span class='ocr_line' id='line_1_27' title="bbox 529 2483 2104 2563; baseline -0.006 -17"><span class='ocrx_word' id='word_1_198' title='bbox 529 2501 691 2546; x_wconf 90' lang='lat' dir='ltr'><strong>centu</strong></span> <span class='ocrx_word' id='word_1_199' title='bbox 735 2491 812 2558; x_wconf 83' lang='lat' dir='ltr'><strong>lit,</strong></span> <span class='ocrx_word' id='word_1_200' title='bbox 864 2489 1180 2546; x_wconf 81' lang='lat' dir='ltr'><strong>necessario</strong></span> <span class='ocrx_word' id='word_1_201' title='bbox 1211 2487 1275 2563; x_wconf 85' lang='lat' dir='ltr'><strong>ad</strong></span> <span class='ocrx_word' id='word_1_202' title='bbox 1307 2488 1474 2543; x_wconf 88' lang='lat' dir='ltr'><strong>Deum</strong></span> <span class='ocrx_word' id='word_1_203' title='bbox 1522 2494 1796 2541; x_wconf 87' lang='lat' dir='ltr'><strong>auctorem</strong></span> <span class='ocrx_word' id='word_1_204' title='bbox 1825 2483 2014 2550; x_wconf 79' lang='lat' dir='ltr'><strong>refert,</strong></span> <span class='ocrx_word' id='word_1_205' title='bbox 2041 2499 2104 2540; x_wconf 84' lang='lat' dir='ltr'><strong>ex</strong></span> 
     </span>
    </p>
   </div>
   <div class='ocr_carea' id='block_1_28' title="bbox 531 2577 2110 2654">
    <p class='ocr_par' dir='ltr' id='par_1_28' title="bbox 531 2577 2110 2654">
     <span class='ocr_line' id='line_1_28' title="bbox 531 2577 2110 2654; baseline -0.006 -14"><span class='ocrx_word' id='word_1_206' title='bbox 531 2586 601 2642; x_wconf 86' lang='lat' dir='ltr'><strong>iis</strong></span> <span class='ocrx_word' id='word_1_207' title='bbox 633 2599 754 2654; x_wconf 62' lang='lat' dir='ltr'><strong>qua:</strong></span> <span class='ocrx_word' id='word_1_208' title='bbox 782 2584 927 2638; x_wconf 87' lang='lat' dir='ltr'><strong>dicta</strong></span> <span class='ocrx_word' id='word_1_209' title='bbox 985 2591 1134 2648; x_wconf 82' lang='lat' dir='ltr'><strong>sunt,</strong></span> <span class='ocrx_word' id='word_1_210' title='bbox 1188 2590 1245 2636; x_wconf 91' lang='lat' dir='ltr'><strong>ut</strong></span> <span class='ocrx_word' id='word_1_211' title='bbox 1288 2595 1390 2651; x_wconf 85' lang='lat' dir='ltr'><strong>ego</strong></span> <span class='ocrx_word' id='word_1_212' title='bbox 1444 2580 1638 2644; x_wconf 86' lang='lat' dir='ltr'><strong>sentio,</strong></span> <span class='ocrx_word' id='word_1_213' title='bbox 1670 2578 1894 2644; x_wconf 88' lang='lat' dir='ltr'><strong>docens,</strong></span> <span class='ocrx_word' id='word_1_214' title='bbox 1923 2577 2110 2632; x_wconf 89' lang='lat' dir='ltr'><strong>omnia</strong></span> 
     </span>
    </p>
   </div>
   <div class='ocr_carea' id='block_1_29' title="bbox 533 2669 2111 2747">
    <p class='ocr_par' dir='ltr' id='par_1_29' title="bbox 533 2669 2111 2747">
     <span class='ocr_line' id='line_1_29' title="bbox 533 2669 2111 2747; baseline -0.006 -16"><span class='ocrx_word' id='word_1_215' title='bbox 533 2692 656 2747; x_wconf 63' lang='lat' dir='ltr'><strong>quae</strong></span> <span class='ocrx_word' id='word_1_216' title='bbox 707 2675 1022 2730; x_wconf 87' lang='lat' dir='ltr'><strong>necessario</strong></span> <span class='ocrx_word' id='word_1_217' title='bbox 1056 2674 1248 2728; x_wconf 88' lang='lat' dir='ltr'><strong>ordine</strong></span> <span class='ocrx_word' id='word_1_218' title='bbox 1293 2687 1355 2726; x_wconf 88' lang='lat' dir='ltr'><strong>se</strong></span> <span class='ocrx_word' id='word_1_219' title='bbox 1394 2671 1784 2740; x_wconf 88' lang='lat' dir='ltr'><strong>consequentia</strong></span> <span class='ocrx_word' id='word_1_220' title='bbox 1830 2669 2111 2741; x_wconf 83' lang='lat' dir='ltr'><strong>proditura</strong></span> 
     </span>
    </p>
   </div>
   <div class='ocr_carea' id='block_1_30' title="bbox 532 2762 2113 2838">
    <p class='ocr_par' dir='ltr' id='par_1_30' title="bbox 532 2762 2113 2838">
     <span class='ocr_line' id='line_1_30' title="bbox 532 2762 2113 2838; baseline -0.006 -15"><span class='ocrx_word' id='word_1_221' title='bbox 532 2776 709 2832; x_wconf 90' lang='lat' dir='ltr'><strong>erant,</strong></span> <span class='ocrx_word' id='word_1_222' title='bbox 745 2767 854 2823; x_wconf 87' lang='lat' dir='ltr'><strong>Deo</strong></span> <span class='ocrx_word' id='word_1_223' title='bbox 877 2767 1115 2838; x_wconf 89' lang='lat' dir='ltr'><strong>primum</strong></span> <span class='ocrx_word' id='word_1_224' title='bbox 1165 2764 1333 2821; x_wconf 79' lang='lat' dir='ltr'><strong>fuisse</strong></span> <span class='ocrx_word' id='word_1_225' title='bbox 1355 2767 1590 2835; x_wconf 79' lang='lat' dir='ltr'><strong>cognita.</strong></span> <span class='ocrx_word' id='word_1_226' title='bbox 1624 2762 1834 2818; x_wconf 87' lang='lat' dir='ltr'><strong>Etenim</strong></span> <span class='ocrx_word' id='word_1_227' title='bbox 1864 2777 1986 2817; x_wconf 85' lang='lat' dir='ltr'><strong>cum</strong></span> <span class='ocrx_word' id='word_1_228' title='bbox 2017 2775 2113 2815; x_wconf 89' lang='lat' dir='ltr'><strong>na-</strong></span> 
     </span>
    </p>
   </div>
   <div class='ocr_carea' id='block_1_31' title="bbox 533 2853 2114 2926">
    <p class='ocr_par' dir='ltr' id='par_1_31' title="bbox 533 2853 2114 2926">
     <span class='ocr_line' id='line_1_31' title="bbox 533 2853 2114 2926; baseline -0.005 -14"><span class='ocrx_word' id='word_1_229' title='bbox 533 2868 658 2914; x_wconf 82' lang='lat' dir='ltr'><strong>tura</strong></span> <span class='ocrx_word' id='word_1_230' title='bbox 689 2859 783 2912; x_wconf 89' lang='lat' dir='ltr'><strong>illa</strong></span> <span class='ocrx_word' id='word_1_231' title='bbox 827 2858 1010 2913; x_wconf 84' lang='lat' dir='ltr'><strong>lucida</strong></span> <span class='ocrx_word' id='word_1_232' title='bbox 1041 2864 1204 2926; x_wconf 91' lang='lat' dir='ltr'><strong>atque</strong></span> <span class='ocrx_word' id='word_1_233' title='bbox 1246 2853 1555 2910; x_wconf 90' lang='lat' dir='ltr'><strong>illustrandi</strong></span> <span class='ocrx_word' id='word_1_234' title='bbox 1597 2854 1703 2907; x_wconf 91' lang='lat' dir='ltr'><strong>vim</strong></span> <span class='ocrx_word' id='word_1_235' title='bbox 1735 2853 1962 2918; x_wconf 88' lang='lat' dir='ltr'><strong>habens,</strong></span> <span class='ocrx_word' id='word_1_236' title='bbox 1993 2866 2114 2921; x_wconf 73' lang='lat' dir='ltr'><strong>qua:</strong></span> 
     </span>
    </p>
   </div>
   <div class='ocr_carea' id='block_1_32' title="bbox 537 2942 2115 3012">
    <p class='ocr_par' dir='ltr' id='par_1_32' title="bbox 537 2942 2115 3012">
     <span class='ocr_line' id='line_1_32' title="bbox 537 2942 2115 3012; baseline -0.003 -12"><span class='ocrx_word' id='word_1_237' title='bbox 537 2946 592 3000; x_wconf 88' lang='lat' dir='ltr'><strong>in</strong></span> <span class='ocrx_word' id='word_1_238' title='bbox 658 2961 838 3000; x_wconf 84' lang='lat' dir='ltr'><strong>rerum</strong></span> <span class='ocrx_word' id='word_1_239' title='bbox 877 2945 1255 3000; x_wconf 74' lang='lat' dir='ltr'><strong>universitate</strong></span> <span class='ocrx_word' id='word_1_240' title='bbox 1335 2943 1692 2998; x_wconf 86' lang='lat' dir='ltr'><strong>disseminata</strong></span> <span class='ocrx_word' id='word_1_241' title='bbox 1757 2942 2115 3012; x_wconf 83' lang='lat' dir='ltr'><strong>dispersaque</strong></span> 
     </span>
    </p>
   </div>
   <div class='ocr_carea' id='block_1_33' title="bbox 537 3033 2116 3106">
    <p class='ocr_par' dir='ltr' id='par_1_33' title="bbox 537 3033 2116 3106">
     <span class='ocr_line' id='line_1_33' title="bbox 537 3033 2116 3106; baseline -0.006 -14"><span class='ocrx_word' id='word_1_242' title='bbox 537 3045 676 3101; x_wconf 89' lang='lat' dir='ltr'><strong>erat,</strong></span> <span class='ocrx_word' id='word_1_243' title='bbox 703 3038 769 3092; x_wconf 91' lang='lat' dir='ltr'><strong>ad</strong></span> <span class='ocrx_word' id='word_1_244' title='bbox 797 3037 866 3104; x_wconf 79' lang='lat' dir='ltr'><strong>id</strong></span> <span class='ocrx_word' id='word_1_245' title='bbox 898 3036 1042 3106; x_wconf 86' lang='lat' dir='ltr'><strong>quod</strong></span> <span class='ocrx_word' id='word_1_246' title='bbox 1073 3037 1177 3091; x_wconf 88' lang='lat' dir='ltr'><strong>sibi</strong></span> <span class='ocrx_word' id='word_1_247' title='bbox 1207 3041 1496 3106; x_wconf 83' lang='lat' dir='ltr'><strong>cognatum</strong></span> <span class='ocrx_word' id='word_1_248' title='bbox 1531 3047 1596 3086; x_wconf 88' lang='lat' dir='ltr'><strong>ae</strong></span> <span class='ocrx_word' id='word_1_249' title='bbox 1648 3033 1824 3087; x_wconf 86' lang='lat' dir='ltr'><strong>simile</strong></span> <span class='ocrx_word' id='word_1_250' title='bbox 1853 3039 1991 3098; x_wconf 90' lang='lat' dir='ltr'><strong>erat,</strong></span> <span class='ocrx_word' id='word_1_251' title='bbox 2023 3045 2116 3084; x_wconf 91' lang='lat' dir='ltr'><strong>ac-</strong></span> 
     </span>
    </p>
   </div>
   <div class='ocr_carea' id='block_1_34' title="bbox 537 3123 2117 3198">
    <p class='ocr_par' dir='ltr' id='par_1_34' title="bbox 537 3123 2117 3198">
     <span class='ocr_line' id='line_1_34' title="bbox 537 3123 2117 3198; baseline -0.006 -15"><span class='ocrx_word' id='word_1_252' title='bbox 537 3136 805 3192; x_wconf 86' lang='lat' dir='ltr'><strong>currerct,</strong></span> <span class='ocrx_word' id='word_1_253' title='bbox 844 3143 1011 3198; x_wconf 82' lang='lat' dir='ltr'><strong>seque</strong></span> <span class='ocrx_word' id='word_1_254' title='bbox 1043 3136 1153 3181; x_wconf 91' lang='lat' dir='ltr'><strong>tota</strong></span> <span class='ocrx_word' id='word_1_255' title='bbox 1181 3127 1477 3196; x_wconf 84' lang='lat' dir='ltr'><strong>colligeret,</strong></span> <span class='ocrx_word' id='word_1_256' title='bbox 1505 3123 1818 3178; x_wconf 86' lang='lat' dir='ltr'><strong>necessario</strong></span> <span class='ocrx_word' id='word_1_257' title='bbox 1847 3136 1910 3176; x_wconf 90' lang='lat' dir='ltr'><strong>ea</strong></span> <span class='ocrx_word' id='word_1_258' title='bbox 1947 3136 2067 3191; x_wconf 68' lang='lat' dir='ltr'><strong>quae</strong></span> <span class='ocrx_word' id='word_1_259' title='bbox 2086 3136 2117 3175; x_wconf 88' lang='lat' dir='ltr'><strong>a</strong></span> 
     </span>
    </p>
   </div>
   <div class='ocr_carea' id='block_1_35' title="bbox 538 3213 2117 3291">
    <p class='ocr_par' dir='ltr' id='par_1_35' title="bbox 538 3213 2117 3291">
     <span class='ocr_line' id='line_1_35' title="bbox 538 3213 2117 3291; baseline -0.007 -15"><span class='ocrx_word' id='word_1_260' title='bbox 538 3221 750 3291; x_wconf 86' lang='lat' dir='ltr'><strong>reliqua</strong></span> <span class='ocrx_word' id='word_1_261' title='bbox 779 3221 1170 3276; x_wconf 88' lang='lat' dir='ltr'><strong>elementorum</strong></span> <span class='ocrx_word' id='word_1_262' title='bbox 1196 3218 1421 3272; x_wconf 85' lang='lat' dir='ltr'><strong>materia</strong></span> <span class='ocrx_word' id='word_1_263' title='bbox 1453 3223 1704 3270; x_wconf 87' lang='lat' dir='ltr'><strong>contecta</strong></span> <span class='ocrx_word' id='word_1_264' title='bbox 1739 3213 2117 3276; x_wconf 84' lang='lat' dir='ltr'><strong>remanebant,</strong></span> 
     </span>
    </p>
   </div>
   <div class='ocr_carea' id='block_1_36' title="bbox 539 3307 2119 3368">
    <p class='ocr_par' dir='ltr' id='par_1_36' title="bbox 539 3307 2119 3368">
     <span class='ocr_line' id='line_1_36' title="bbox 539 3307 2119 3368; baseline -0.005 -2"><span class='ocrx_word' id='word_1_265' title='bbox 539 3311 976 3368; x_wconf 89' lang='lat' dir='ltr'><strong>obscurabantur</strong></span> <span class='ocrx_word' id='word_1_266' title='bbox 1004 3329 1016 3363; x_wconf 90' lang='lat'>:</span> <span class='ocrx_word' id='word_1_267' title='bbox 1049 3318 1103 3362; x_wconf 90' lang='lat' dir='ltr'><strong>et</strong></span> <span class='ocrx_word' id='word_1_268' title='bbox 1138 3310 1252 3362; x_wconf 70' lang='lat' dir='ltr'><strong>haec</strong></span> <span class='ocrx_word' id='word_1_269' title='bbox 1308 3307 1624 3363; x_wconf 85' lang='lat' dir='ltr'><strong>obscuratio</strong></span> <span class='ocrx_word' id='word_1_270' title='bbox 1675 3307 1910 3362; x_wconf 66' lang='lat' dir='ltr'><strong>tenebrae</strong></span> <span class='ocrx_word' id='word_1_271' title='bbox 1942 3313 2119 3360; x_wconf 88' lang='lat' dir='ltr'><strong>erant.</strong></span> 
     </span>
    </p>
   </div>
   <div class='ocr_carea' id='block_1_37' title="bbox 541 3398 2121 3474">
    <p class='ocr_par' dir='ltr' id='par_1_37' title="bbox 541 3398 2121 3474">
     <span class='ocr_line' id='line_1_37' title="bbox 541 3398 2121 3474; baseline -0.005 -14"><span class='ocrx_word' id='word_1_272' title='bbox 541 3406 697 3472; x_wconf 82' lang='lat' dir='ltr'><strong>Quod</strong></span> <span class='ocrx_word' id='word_1_273' title='bbox 732 3404 894 3474; x_wconf 89' lang='lat' dir='ltr'><strong>igitur</strong></span> <span class='ocrx_word' id='word_1_274' title='bbox 949 3409 1310 3456; x_wconf 88' lang='lat' dir='ltr'><strong>consecutum</strong></span> <span class='ocrx_word' id='word_1_275' title='bbox 1347 3408 1475 3466; x_wconf 83' lang='lat' dir='ltr'><strong>est,</strong></span> <span class='ocrx_word' id='word_1_276' title='bbox 1508 3415 1575 3455; x_wconf 87' lang='lat' dir='ltr'><strong>ne</strong></span> <span class='ocrx_word' id='word_1_277' title='bbox 1607 3400 1731 3469; x_wconf 91' lang='lat' dir='ltr'><strong>quis</strong></span> <span class='ocrx_word' id='word_1_278' title='bbox 1755 3400 1808 3454; x_wconf 93' lang='lat' dir='ltr'><strong>in</strong></span> <span class='ocrx_word' id='word_1_279' title='bbox 1835 3398 2121 3454; x_wconf 79' lang='lat' dir='ltr'><strong>fortuitum</strong></span> 
     </span>
    </p>
   </div>
   <div class='ocr_carea' id='block_1_38' title="bbox 544 3487 2124 3565">
    <p class='ocr_par' dir='ltr' id='par_1_38' title="bbox 544 3487 2124 3565">
     <span class='ocr_line' id='line_1_38' title="bbox 544 3487 2124 3565; baseline -0.004 -15"><span class='ocrx_word' id='word_1_280' title='bbox 544 3497 777 3565; x_wconf 87' lang='lat' dir='ltr'><strong>aliquem</strong></span> <span class='ocrx_word' id='word_1_281' title='bbox 815 3506 1002 3548; x_wconf 91' lang='lat' dir='ltr'><strong>casum</strong></span> <span class='ocrx_word' id='word_1_282' title='bbox 1073 3491 1348 3561; x_wconf 83' lang='lat' dir='ltr'><strong>rejiceret,</strong></span> <span class='ocrx_word' id='word_1_283' title='bbox 1413 3489 1591 3544; x_wconf 80' lang='lat' dir='ltr'><strong>Moses</strong></span> <span class='ocrx_word' id='word_1_284' title='bbox 1638 3504 1760 3544; x_wconf 89' lang='lat' dir='ltr'><strong>esse</strong></span> <span class='ocrx_word' id='word_1_285' title='bbox 1819 3487 1913 3543; x_wconf 89' lang='lat' dir='ltr'><strong>Dei</strong></span> <span class='ocrx_word' id='word_1_286' title='bbox 1984 3504 2124 3558; x_wconf 91' lang='lat' dir='ltr'><strong>opus</strong></span> 
     </span>
    </p>
   </div>
   <div class='ocr_carea' id='block_1_39' title="bbox 546 3578 2125 3650">
    <p class='ocr_par' dir='ltr' id='par_1_39' title="bbox 546 3578 2125 3650">
     <span class='ocr_line' id='line_1_39' title="bbox 546 3578 2125 3650; baseline -0.005 -11"><span class='ocrx_word' id='word_1_287' title='bbox 546 3584 801 3645; x_wconf 82' lang='lat' dir='ltr'><strong>asseruit,</strong></span> <span class='ocrx_word' id='word_1_288' title='bbox 829 3584 920 3650; x_wconf 87' lang='lat' dir='ltr'><strong>qui</strong></span> <span class='ocrx_word' id='word_1_289' title='bbox 957 3580 1120 3635; x_wconf 87' lang='lat' dir='ltr'><strong>rebus</strong></span> <span class='ocrx_word' id='word_1_290' title='bbox 1151 3580 1385 3635; x_wconf 89' lang='lat' dir='ltr'><strong>conditis</strong></span> <span class='ocrx_word' id='word_1_291' title='bbox 1436 3593 1554 3633; x_wconf 88' lang='lat' dir='ltr'><strong>eam</strong></span> <span class='ocrx_word' id='word_1_292' title='bbox 1583 3579 1866 3634; x_wconf 82' lang='lat' dir='ltr'><strong>tribuisset</strong></span> <span class='ocrx_word' id='word_1_293' title='bbox 1894 3578 2125 3632; x_wconf 78' lang='lat' dir='ltr'><strong>faculta-</strong></span> 
     </span>
    </p>
   </div>
   <div class='ocr_carea' id='block_1_40' title="bbox 546 3667 2125 3744">
    <p class='ocr_par' dir='ltr' id='par_1_40' title="bbox 546 3667 2125 3744">
     <span class='ocr_line' id='line_1_40' title="bbox 546 3667 2125 3744; baseline -0.004 -15"><span class='ocrx_word' id='word_1_294' title='bbox 546 3684 678 3730; x_wconf 91' lang='lat' dir='ltr'><strong>tem.</strong></span> <span class='ocrx_word' id='word_1_295' title='bbox 744 3674 887 3744; x_wconf 88' lang='lat' dir='ltr'><strong>lgnis</strong></span> <span class='ocrx_word' id='word_1_296' title='bbox 916 3679 1096 3726; x_wconf 91' lang='lat' dir='ltr'><strong>autem</strong></span> <span class='ocrx_word' id='word_1_297' title='bbox 1128 3678 1380 3724; x_wconf 87' lang='lat' dir='ltr'><strong>naturam</strong></span> <span class='ocrx_word' id='word_1_298' title='bbox 1431 3675 1485 3724; x_wconf 91' lang='lat' dir='ltr'><strong>et</strong></span> <span class='ocrx_word' id='word_1_299' title='bbox 1519 3669 1748 3724; x_wconf 87' lang='lat' dir='ltr'><strong>celerem</strong></span> <span class='ocrx_word' id='word_1_300' title='bbox 1777 3683 1920 3733; x_wconf 89' lang='lat' dir='ltr'><strong>esse,</strong></span> <span class='ocrx_word' id='word_1_301' title='bbox 1974 3675 2028 3722; x_wconf 91' lang='lat' dir='ltr'><strong>et</strong></span> <span class='ocrx_word' id='word_1_302' title='bbox 2059 3667 2125 3722; x_wconf 89' lang='lat' dir='ltr'><strong>ad</strong></span> 
     </span>
    </p>
   </div>
   <div class='ocr_carea' id='block_1_41' title="bbox 547 3758 2128 3836">
    <p class='ocr_par' dir='ltr' id='par_1_41' title="bbox 547 3758 2128 3836">
     <span class='ocr_line' id='line_1_41' title="bbox 547 3758 2128 3836; baseline -0.006 -13"><span class='ocrx_word' id='word_1_303' title='bbox 547 3766 828 3836; x_wconf 86' lang='lat' dir='ltr'><strong>superiora</strong></span> <span class='ocrx_word' id='word_1_304' title='bbox 880 3764 1211 3828; x_wconf 89' lang='lat' dir='ltr'><strong>tendentem,</strong></span> <span class='ocrx_word' id='word_1_305' title='bbox 1266 3775 1589 3831; x_wconf 88' lang='lat' dir='ltr'><strong>semperque</strong></span> <span class='ocrx_word' id='word_1_306' title='bbox 1635 3760 1908 3822; x_wconf 88' lang='lat' dir='ltr'><strong>mobilem,</strong></span> <span class='ocrx_word' id='word_1_307' title='bbox 1941 3773 2008 3814; x_wconf 81' lang='lat' dir='ltr'><strong>ex</strong></span> <span class='ocrx_word' id='word_1_308' title='bbox 2059 3758 2128 3814; x_wconf 90' lang='lat' dir='ltr'><strong>iis</strong></span> 
     </span>
    </p>
   </div>
   <div class='ocr_carea' id='block_1_42' title="bbox 447 3851 2131 3929">
    <p class='ocr_par' dir='ltr' id='par_1_42' title="bbox 447 3851 2131 3929">
     <span class='ocr_line' id='line_1_42' title="bbox 447 3851 2131 3929; baseline -0.005 -16"><span class='ocrx_word' id='word_1_309' title='bbox 447 3853 452 3856; x_wconf 73' lang='grc'><em>’</em></span> <span class='ocrx_word' id='word_1_310' title='bbox 547 3874 669 3929; x_wconf 63' lang='lat' dir='ltr'><strong>quae</strong></span> <span class='ocrx_word' id='word_1_311' title='bbox 718 3857 990 3918; x_wconf 87' lang='lat' dir='ltr'><strong>videntur,</strong></span> <span class='ocrx_word' id='word_1_312' title='bbox 1030 3854 1253 3910; x_wconf 89' lang='lat' dir='ltr'><strong>cuilibet</strong></span> <span class='ocrx_word' id='word_1_313' title='bbox 1305 3861 1472 3922; x_wconf 90' lang='lat' dir='ltr'><strong>patet.</strong></span> <span class='ocrx_word' id='word_1_314' title='bbox 1511 3851 1575 3906; x_wconf 87' lang='lat' dir='ltr'><strong>Et</strong></span> <span class='ocrx_word' id='word_1_315' title='bbox 1606 3852 1719 3906; x_wconf 66' lang='lat' dir='ltr'><strong>hinc</strong></span> <span class='ocrx_word' id='word_1_316' title='bbox 1751 3851 1970 3921; x_wconf 90' lang='lat' dir='ltr'><strong>quidem</strong></span> <span class='ocrx_word' id='word_1_317' title='bbox 2032 3865 2131 3921; x_wconf 89' lang='lat' dir='ltr'><strong>per</strong></span> 
     </span>
    </p>
   </div>
   <div class='ocr_carea' id='block_1_43' title="bbox 550 3941 2134 4018">
    <p class='ocr_par' dir='ltr' id='par_1_43' title="bbox 550 3941 2134 4018">
     <span class='ocr_line' id='line_1_43' title="bbox 550 3941 2134 4018; baseline -0.005 -13"><span class='ocrx_word' id='word_1_318' title='bbox 550 3951 654 4005; x_wconf 82' lang='lat' dir='ltr'><strong>hoc</strong></span> <span class='ocrx_word' id='word_1_319' title='bbox 677 3946 1002 4018; x_wconf 84' lang='lat' dir='ltr'><strong>principium</strong></span> <span class='ocrx_word' id='word_1_320' title='bbox 1033 3945 1379 4015; x_wconf 88' lang='lat' dir='ltr'><strong>intelligenda</strong></span> <span class='ocrx_word' id='word_1_321' title='bbox 1432 3951 1830 4014; x_wconf 85' lang='lat' dir='ltr'><strong>preponuntur.</strong></span> <span class='ocrx_word' id='word_1_322' title='bbox 1871 3941 2003 3997; x_wconf 90' lang='lat' dir='ltr'><strong>Illud</strong></span> <span class='ocrx_word' id='word_1_323' title='bbox 2032 3959 2134 3997; x_wconf 89' lang='lat' dir='ltr'><strong>au-</strong></span> 
     </span>
    </p>
   </div>
   <div class='ocr_carea' id='block_1_44' title="bbox 550 4033 2134 4110">
    <p class='ocr_par' dir='ltr' id='par_1_44' title="bbox 550 4033 2134 4110">
     <span class='ocr_line' id='line_1_44' title="bbox 550 4033 2134 4110; baseline -0.005 -14"><span class='ocrx_word' id='word_1_324' title='bbox 550 4048 659 4096; x_wconf 85' lang='lat' dir='ltr'><strong>tem</strong></span> <span class='ocrx_word' id='word_1_325' title='bbox 694 4042 748 4094; x_wconf 90' lang='lat' dir='ltr'><strong>in</strong></span> <span class='ocrx_word' id='word_1_326' title='bbox 797 4053 994 4110; x_wconf 87' lang='lat' dir='ltr'><strong>genere</strong></span> <span class='ocrx_word' id='word_1_327' title='bbox 1038 4037 1369 4092; x_wconf 89' lang='lat' dir='ltr'><strong>narrationis</strong></span> <span class='ocrx_word' id='word_1_328' title='bbox 1418 4036 1678 4091; x_wconf 90' lang='lat' dir='ltr'><strong>historice</strong></span> <span class='ocrx_word' id='word_1_329' title='bbox 1738 4049 1767 4088; x_wconf 93' lang='lat' dir='ltr'><strong>a</strong></span> <span class='ocrx_word' id='word_1_330' title='bbox 1800 4033 1950 4089; x_wconf 83' lang='lat' dir='ltr'><strong>Mose</strong></span> <span class='ocrx_word' id='word_1_331' title='bbox 2002 4049 2134 4089; x_wconf 88' lang='lat' dir='ltr'><strong>con-</strong></span> 
     </span>
    </p>
   </div>
   <div class='ocr_carea' id='block_1_45' title="bbox 552 4124 2134 4201">
    <p class='ocr_par' dir='ltr' id='par_1_45' title="bbox 552 4124 2134 4201">
     <span class='ocr_line' id='line_1_45' title="bbox 552 4124 2134 4201; baseline -0.006 -13"><span class='ocrx_word' id='word_1_332' title='bbox 552 4133 814 4201; x_wconf 84' lang='lat' dir='ltr'><strong>scriptum</strong></span> <span class='ocrx_word' id='word_1_333' title='bbox 839 4137 954 4186; x_wconf 87' lang='lat' dir='ltr'><strong>est:</strong></span> <span class='ocrx_word' id='word_1_334' title='bbox 983 4147 1002 4180; x_wconf 80' lang='grc' dir='ltr'><strong>ι</strong></span> <span class='ocrx_word' id='word_1_335' title='bbox 1029 4127 1095 4181; x_wconf 87' lang='grc' dir='ltr'><strong>Ει</strong></span> <span class='ocrx_word' id='word_1_336' title='bbox 1118 4127 1322 4183; x_wconf 81' lang='lat' dir='ltr'><strong>factum</strong></span> <span class='ocrx_word' id='word_1_337' title='bbox 1348 4135 1431 4181; x_wconf 90' lang='lat' dir='ltr'><strong>est</strong></span> <span class='ocrx_word' id='word_1_338' title='bbox 1452 4141 1676 4196; x_wconf 86' lang='lat' dir='ltr'><strong>vespere</strong></span> <span class='ocrx_word' id='word_1_339' title='bbox 1695 4167 1710 4190; x_wconf 91' lang='lat'><strong>,</strong></span> <span class='ocrx_word' id='word_1_340' title='bbox 1741 4134 1796 4180; x_wconf 89' lang='lat' dir='ltr'><strong>et</strong></span> <span class='ocrx_word' id='word_1_341' title='bbox 1823 4124 2024 4180; x_wconf 82' lang='lat' dir='ltr'><strong>factum</strong></span> <span class='ocrx_word' id='word_1_342' title='bbox 2048 4132 2134 4181; x_wconf 85' lang='lat' dir='ltr'><strong>est</strong></span> 
     </span>
    </p>
   </div>
   <div class='ocr_carea' id='block_1_46' title="bbox 553 4217 2134 4289">
    <p class='ocr_par' dir='ltr' id='par_1_46' title="bbox 553 4217 2134 4289">
     <span class='ocr_line' id='line_1_46' title="bbox 553 4217 2134 4289; baseline -0.004 -12"><span class='ocrx_word' id='word_1_343' title='bbox 553 4238 714 4278; x_wconf 87' lang='lat' dir='ltr'><strong>mane</strong></span> <span class='ocrx_word' id='word_1_344' title='bbox 743 4223 807 4276; x_wconf 82' lang='grc'><strong>¹⁸.</strong></span> <span class='ocrx_word' id='word_1_345' title='bbox 835 4242 853 4274; x_wconf 73' lang='grc' dir='ltr'><strong>ι</strong></span> <span class='ocrx_word' id='word_1_346' title='bbox 891 4221 1027 4287; x_wconf 84' lang='lat' dir='ltr'><strong>Quis</strong></span> <span class='ocrx_word' id='word_1_347' title='bbox 1047 4220 1190 4275; x_wconf 88' lang='lat' dir='ltr'><strong>enim</strong></span> <span class='ocrx_word' id='word_1_348' title='bbox 1215 4219 1446 4289; x_wconf 90' lang='lat' dir='ltr'><strong>ignorat,</strong></span> <span class='ocrx_word' id='word_1_349' title='bbox 1478 4231 1599 4271; x_wconf 91' lang='lat' dir='ltr'><strong>cum</strong></span> <span class='ocrx_word' id='word_1_350' title='bbox 1625 4231 1714 4271; x_wconf 88' lang='lat' dir='ltr'><strong>res</strong></span> <span class='ocrx_word' id='word_1_351' title='bbox 1745 4223 2040 4285; x_wconf 86' lang='lat' dir='ltr'><strong>procreatae</strong></span> <span class='ocrx_word' id='word_1_352' title='bbox 2062 4217 2134 4270; x_wconf 88' lang='lat' dir='ltr'><strong>ita</strong></span> 
     </span>
    </p>
   </div>
   <div class='ocr_carea' id='block_1_47' title="bbox 555 4306 2136 4379">
    <p class='ocr_par' dir='ltr' id='par_1_47' title="bbox 555 4306 2136 4379">
     <span class='ocr_line' id='line_1_47' title="bbox 555 4306 2136 4379; baseline -0.004 -11"><span class='ocrx_word' id='word_1_353' title='bbox 555 4314 741 4369; x_wconf 72' lang='lat' dir='ltr'><strong>divisae</strong></span> <span class='ocrx_word' id='word_1_354' title='bbox 753 4314 884 4379; x_wconf 87' lang='lat' dir='ltr'><strong>sint,</strong></span> <span class='ocrx_word' id='word_1_355' title='bbox 917 4322 977 4366; x_wconf 90' lang='lat' dir='ltr'><strong>ut</strong></span> <span class='ocrx_word' id='word_1_356' title='bbox 999 4312 1118 4366; x_wconf 67' lang='lat' dir='ltr'><strong>aliae</strong></span> <span class='ocrx_word' id='word_1_357' title='bbox 1139 4317 1338 4378; x_wconf 90' lang='lat' dir='ltr'><strong>mente,</strong></span> <span class='ocrx_word' id='word_1_358' title='bbox 1361 4311 1479 4364; x_wconf 69' lang='lat' dir='ltr'><strong>alia:</strong></span> <span class='ocrx_word' id='word_1_359' title='bbox 1505 4309 1757 4366; x_wconf 87' lang='lat' dir='ltr'><strong>sensibus</strong></span> <span class='ocrx_word' id='word_1_360' title='bbox 1775 4306 2136 4378; x_wconf 88' lang='lat' dir='ltr'><strong>comprehen-</strong></span> 
     </span>
    </p>
   </div>
   <div class='ocr_carea' id='block_1_48' title="bbox 2197 487 3786 562">
    <p class='ocr_par' dir='ltr' id='par_1_48' title="bbox 2197 487 3786 562">
     <span class='ocr_line' id='line_1_48' title="bbox 2197 487 3786 562; baseline -0.003 -15"><span class='ocrx_word' id='word_1_361' title='bbox 2197 491 2350 549; x_wconf 76' lang='grc' dir='ltr'><strong>εἶπεν</strong></span> <span class='ocrx_word' id='word_1_362' title='bbox 2372 497 2400 550; x_wconf 88' lang='lat'><strong>6</strong></span> <span class='ocrx_word' id='word_1_363' title='bbox 2427 494 2578 556; x_wconf 76' lang='grc' dir='ltr'><strong>Θεόςο</strong></span> <span class='ocrx_word' id='word_1_364' title='bbox 2603 491 2892 562; x_wconf 85' lang='grc' dir='ltr'><strong>Γενηθήτω</strong></span> <span class='ocrx_word' id='word_1_365' title='bbox 2917 490 3055 560; x_wconf 78' lang='grc' dir='ltr'><strong>φῶςο</strong></span> <span class='ocrx_word' id='word_1_366' title='bbox 3085 511 3104 542; x_wconf 70' lang='grc' dir='ltr'><strong>ι</strong></span> <span class='ocrx_word' id='word_1_367' title='bbox 3128 488 3286 542; x_wconf 88' lang='grc' dir='ltr'><strong>τοῦτο</strong></span> <span class='ocrx_word' id='word_1_368' title='bbox 3305 488 3392 542; x_wconf 82' lang='grc' dir='ltr'><strong>διὰ</strong></span> <span class='ocrx_word' id='word_1_369' title='bbox 3414 487 3522 542; x_wconf 91' lang='grc' dir='ltr'><strong>τῶν</strong></span> <span class='ocrx_word' id='word_1_370' title='bbox 3548 491 3786 560; x_wconf 76' lang='grc' dir='ltr'><strong>εἰρημέ-</strong></span> 
     </span>
    </p>
   </div>
   <div class='ocr_carea' id='block_1_49' title="bbox 2197 576 3784 656">
    <p class='ocr_par' dir='ltr' id='par_1_49' title="bbox 2197 576 3784 656">
     <span class='ocr_line' id='line_1_49' title="bbox 2197 576 3784 656; baseline -0.006 -16"><span class='ocrx_word' id='word_1_371' title='bbox 2197 604 2338 653; x_wconf 85' lang='grc' dir='ltr'><strong>νων,</strong></span> <span class='ocrx_word' id='word_1_372' title='bbox 2371 586 2448 650; x_wconf 85' lang='grc' dir='ltr'><strong>ὼς</strong></span> <span class='ocrx_word' id='word_1_373' title='bbox 2479 581 2654 656; x_wconf 78' lang='grc' dir='ltr'><strong>οἶμαι,</strong></span> <span class='ocrx_word' id='word_1_374' title='bbox 2694 583 2902 646; x_wconf 79' lang='grc' dir='ltr'><strong>διδοὺς,</strong></span> <span class='ocrx_word' id='word_1_375' title='bbox 2939 582 3021 634; x_wconf 85' lang='grc' dir='ltr'><strong>ὅτι</strong></span> <span class='ocrx_word' id='word_1_376' title='bbox 3056 581 3197 644; x_wconf 89' lang='grc' dir='ltr'><strong>θεῖος</strong></span> <span class='ocrx_word' id='word_1_377' title='bbox 3234 578 3390 648; x_wconf 80' lang='grc' dir='ltr'>λόγος</span> <span class='ocrx_word' id='word_1_378' title='bbox 3431 579 3548 632; x_wconf 73' lang='grc' dir='ltr'><strong>ἐστὶ</strong></span> <span class='ocrx_word' id='word_1_379' title='bbox 3575 579 3636 632; x_wconf 85' lang='grc' dir='ltr'><strong>τὸ</strong></span> <span class='ocrx_word' id='word_1_380' title='bbox 3677 576 3784 632; x_wconf 82' lang='grc' dir='ltr'><strong>τοῦ</strong></span> 
     </span>
    </p>
   </div>
   <div class='ocr_carea' id='block_1_50' title="bbox 2199 667 3785 748">
    <p class='ocr_par' dir='ltr' id='par_1_50' title="bbox 2199 667 3785 748">
     <span class='ocr_line' id='line_1_50' title="bbox 2199 667 3785 748; baseline -0.006 -16"><span class='ocrx_word' id='word_1_381' title='bbox 2199 678 2376 748; x_wconf 78' lang='grc' dir='ltr'><strong>φωτὸς</strong></span> <span class='ocrx_word' id='word_1_382' title='bbox 2428 678 2588 748; x_wconf 74' lang='grc' dir='ltr'><strong>ἔργον</strong></span> <span class='ocrx_word' id='word_1_383' title='bbox 2640 676 2821 728; x_wconf 78' lang='grc' dir='ltr'><strong>πᾶσαν</strong></span> <span class='ocrx_word' id='word_1_384' title='bbox 2880 673 3088 725; x_wconf 77' lang='grc' dir='ltr'><strong>ἔννοιαν</strong></span> <span class='ocrx_word' id='word_1_385' title='bbox 3144 669 3354 741; x_wconf 86' lang='grc' dir='ltr'><strong>παριὼν</strong></span> <span class='ocrx_word' id='word_1_386' title='bbox 3401 667 3785 738; x_wconf 79' lang='grc' dir='ltr'><strong>ἀνθρωπίνην.</strong></span> 
     </span>
    </p>
   </div>
   <div class='ocr_carea' id='block_1_51' title="bbox 2211 755 3783 838">
    <p class='ocr_par' dir='ltr' id='par_1_51' title="bbox 2211 755 3783 838">
     <span class='ocr_line' id='line_1_51' title="bbox 2211 755 3783 838; baseline -0.01 -17"><span class='ocrx_word' id='word_1_387' title='bbox 2211 769 2404 838; x_wconf 82' lang='grc' dir='ltr'><strong>Ἡμεῖς</strong></span> <span class='ocrx_word' id='word_1_388' title='bbox 2443 766 2540 836; x_wconf 86' lang='grc' dir='ltr'><strong>μὲν</strong></span> <span class='ocrx_word' id='word_1_389' title='bbox 2579 764 2688 835; x_wconf 78' lang='grc' dir='ltr'><strong>γὰρ</strong></span> <span class='ocrx_word' id='word_1_390' title='bbox 2721 763 2857 834; x_wconf 85' lang='grc' dir='ltr'><strong>πρὸς</strong></span> <span class='ocrx_word' id='word_1_391' title='bbox 2889 761 3050 832; x_wconf 79' lang='grc' dir='ltr'><strong>μόνον</strong></span> <span class='ocrx_word' id='word_1_392' title='bbox 3074 758 3134 812; x_wconf 92' lang='grc' dir='ltr'><strong>τὸ</strong></span> <span class='ocrx_word' id='word_1_393' title='bbox 3166 758 3447 828; x_wconf 88' lang='grc' dir='ltr'><strong>γινόμενον</strong></span> <span class='ocrx_word' id='word_1_394' title='bbox 3479 755 3783 825; x_wconf 81' lang='grc' dir='ltr'><strong>βλέπομεν,</strong></span> 
     </span>
    </p>
   </div>
   <div class='ocr_carea' id='block_1_52' title="bbox 2201 846 3787 930">
    <p class='ocr_par' dir='ltr' id='par_1_52' title="bbox 2201 846 3787 930">
     <span class='ocr_line' id='line_1_52' title="bbox 2201 846 3787 930; baseline -0.01 -15"><span class='ocrx_word' id='word_1_395' title='bbox 2201 861 2295 915; x_wconf 78' lang='grc' dir='ltr'><strong>καὶ</strong></span> <span class='ocrx_word' id='word_1_396' title='bbox 2321 862 2387 930; x_wconf 83' lang='grc' dir='ltr'><strong>τῇ</strong></span> <span class='ocrx_word' id='word_1_397' title='bbox 2429 858 2676 928; x_wconf 78' lang='grc' dir='ltr'><strong>αἰσθήσει</strong></span> <span class='ocrx_word' id='word_1_398' title='bbox 2714 856 2776 908; x_wconf 92' lang='grc' dir='ltr'><strong>τὸ</strong></span> <span class='ocrx_word' id='word_1_399' title='bbox 2805 852 2990 924; x_wconf 86' lang='grc' dir='ltr'><strong>θαῦμα</strong></span> <span class='ocrx_word' id='word_1_400' title='bbox 3021 850 3308 922; x_wconf 89' lang='grc' dir='ltr'><strong>δεχόμεθα.</strong></span> <span class='ocrx_word' id='word_1_401' title='bbox 3341 848 3452 902; x_wconf 87' lang='grc' dir='ltr'><strong>Ποῦ</strong></span> <span class='ocrx_word' id='word_1_402' title='bbox 3485 848 3542 902; x_wconf 82' lang='grc' dir='ltr'><strong>δὲ</strong></span> <span class='ocrx_word' id='word_1_403' title='bbox 3574 848 3632 902; x_wconf 81' lang='grc' dir='ltr'><strong>τὸ</strong></span> <span class='ocrx_word' id='word_1_404' title='bbox 3661 846 3787 919; x_wconf 88' lang='grc' dir='ltr'><strong>πῦρ</strong></span> 
     </span>
    </p>
   </div>
   <div class='ocr_carea' id='block_1_53' title="bbox 2201 936 3790 1020">
    <p class='ocr_par' dir='ltr' id='par_1_53' title="bbox 2201 936 3790 1020">
     <span class='ocr_line' id='line_1_53' title="bbox 2201 936 3790 1020; baseline -0.009 -16"><span class='ocrx_word' id='word_1_405' title='bbox 2201 949 2551 1020; x_wconf 82' lang='grc' dir='ltr'><strong>διαιτώμενον</strong></span> <span class='ocrx_word' id='word_1_406' title='bbox 2572 947 2782 1016; x_wconf 88' lang='grc' dir='ltr'><strong>ἀθρόως</strong></span> <span class='ocrx_word' id='word_1_407' title='bbox 2805 945 3165 1012; x_wconf 79' lang='grc' dir='ltr'><strong>ἅπογεννᾶται</strong></span> <span class='ocrx_word' id='word_1_408' title='bbox 3190 958 3203 971; x_wconf 88' lang='grc'><strong>·</strong></span> <span class='ocrx_word' id='word_1_409' title='bbox 3238 942 3287 994; x_wconf 89' lang='grc' dir='ltr'><strong>εί</strong></span> <span class='ocrx_word' id='word_1_410' title='bbox 3309 942 3373 993; x_wconf 79' lang='grc' dir='ltr'><strong>ἐκ</strong></span> <span class='ocrx_word' id='word_1_411' title='bbox 3397 941 3497 1010; x_wconf 81' lang='grc' dir='ltr'><strong>τῆς</strong></span> <span class='ocrx_word' id='word_1_412' title='bbox 3521 936 3790 1009; x_wconf 66' lang='grc' dir='ltr'><strong>συμπτώ-</strong></span> 
     </span>
    </p>
   </div>
   <div class='ocr_carea' id='block_1_54' title="bbox 2205 1029 3789 1110">
    <p class='ocr_par' dir='ltr' id='par_1_54' title="bbox 2205 1029 3789 1110">
     <span class='ocr_line' id='line_1_54' title="bbox 2205 1029 3789 1110; baseline -0.009 -15"><span class='ocrx_word' id='word_1_413' title='bbox 2205 1058 2343 1104; x_wconf 89' lang='grc' dir='ltr'><strong>σεως</strong></span> <span class='ocrx_word' id='word_1_414' title='bbox 2369 1041 2476 1093; x_wconf 90' lang='grc' dir='ltr'><strong>τῶν</strong></span> <span class='ocrx_word' id='word_1_415' title='bbox 2501 1038 2748 1110; x_wconf 79' lang='grc' dir='ltr'><strong>ψηφίδων</strong></span> <span class='ocrx_word' id='word_1_416' title='bbox 2786 1034 3226 1103; x_wconf 84' lang='grc' dir='ltr'><strong>ἀναπαλλόμενον</strong></span> <span class='ocrx_word' id='word_1_417' title='bbox 3268 1069 3286 1099; x_wconf 90' lang='grc'><strong>,</strong></span> <span class='ocrx_word' id='word_1_418' title='bbox 3316 1033 3381 1084; x_wconf 81' lang='grc' dir='ltr'><strong>ὲκ</strong></span> <span class='ocrx_word' id='word_1_419' title='bbox 3419 1029 3608 1082; x_wconf 88' lang='grc' dir='ltr'><strong>τίνων·</strong></span> <span class='ocrx_word' id='word_1_420' title='bbox 3642 1029 3675 1098; x_wconf 82' lang='grc' dir='ltr'>ἢ</span> <span class='ocrx_word' id='word_1_421' title='bbox 3713 1031 3789 1081; x_wconf 82' lang='grc' dir='ltr'><strong>ὲκ</strong></span> 
     </span>
    </p>
   </div>
   <div class='ocr_carea' id='block_1_55' title="bbox 2202 1117 3790 1202">
    <p class='ocr_par' dir='ltr' id='par_1_55' title="bbox 2202 1117 3790 1202">
     <span class='ocr_line' id='line_1_55' title="bbox 2202 1117 3790 1202; baseline -0.012 -15"><span class='ocrx_word' id='word_1_422' title='bbox 2202 1133 2346 1198; x_wconf 86' lang='grc' dir='ltr'><strong>τίνος</strong></span> <span class='ocrx_word' id='word_1_423' title='bbox 2375 1131 2540 1202; x_wconf 78' lang='grc' dir='ltr'><strong>ἄλλης</strong></span> <span class='ocrx_word' id='word_1_424' title='bbox 2568 1129 2704 1202; x_wconf 90' lang='grc' dir='ltr'><strong>πρὸς</strong></span> <span class='ocrx_word' id='word_1_425' title='bbox 2733 1125 2934 1195; x_wconf 79' lang='grc' dir='ltr'><strong>ἑαυτὴν</strong></span> <span class='ocrx_word' id='word_1_426' title='bbox 2968 1124 3277 1194; x_wconf 80' lang='grc' dir='ltr'><strong>τριόείσης’</strong></span> <span class='ocrx_word' id='word_1_427' title='bbox 3315 1121 3409 1172; x_wconf 78' lang='grc' dir='ltr'><strong>καὶ</strong></span> <span class='ocrx_word' id='word_1_428' title='bbox 3434 1119 3518 1181; x_wconf 86' lang='grc' dir='ltr'><strong>τίς</strong></span> <span class='ocrx_word' id='word_1_429' title='bbox 3551 1119 3584 1188; x_wconf 80' lang='grc' dir='ltr'><strong>ἡ</strong></span> <span class='ocrx_word' id='word_1_430' title='bbox 3614 1117 3790 1171; x_wconf 77' lang='grc' dir='ltr'><strong>δύναο</strong></span> 
     </span>
    </p>
   </div>
   <div class='ocr_carea' id='block_1_56' title="bbox 2207 1206 3786 1294">
    <p class='ocr_par' dir='ltr' id='par_1_56' title="bbox 2207 1206 3786 1294">
     <span class='ocr_line' id='line_1_56' title="bbox 2207 1206 3786 1294; baseline -0.012 -18"><span class='ocrx_word' id='word_1_431' title='bbox 2207 1240 2318 1294; x_wconf 87' lang='grc' dir='ltr'><strong>μις,</strong></span> <span class='ocrx_word' id='word_1_432' title='bbox 2355 1222 2388 1290; x_wconf 84' lang='grc' dir='ltr'><strong>ή</strong></span> <span class='ocrx_word' id='word_1_433' title='bbox 2418 1221 2478 1274; x_wconf 88' lang='grc' dir='ltr'><strong>τὸ</strong></span> <span class='ocrx_word' id='word_1_434' title='bbox 2505 1219 2603 1290; x_wconf 77' lang='grc' dir='ltr'><strong>μὲν</strong></span> <span class='ocrx_word' id='word_1_435' title='bbox 2635 1215 2993 1288; x_wconf 81' lang='grc' dir='ltr'><strong>περιδραχθὲν</strong></span> <span class='ocrx_word' id='word_1_436' title='bbox 3018 1213 3108 1265; x_wconf 74' lang='grc' dir='ltr'><strong>ὕπ’</strong></span> <span class='ocrx_word' id='word_1_437' title='bbox 3139 1209 3302 1263; x_wconf 82' lang='grc' dir='ltr'><strong>αὑτοῦ</strong></span> <span class='ocrx_word' id='word_1_438' title='bbox 3333 1206 3655 1270; x_wconf 86' lang='grc' dir='ltr'><strong>διεσθίουσα,</strong></span> <span class='ocrx_word' id='word_1_439' title='bbox 3683 1207 3786 1258; x_wconf 86' lang='grc' dir='ltr'><strong>τὸν</strong></span> 
     </span>
    </p>
   </div>
   <div class='ocr_carea' id='block_1_57' title="bbox 2203 1298 3784 1386">
    <p class='ocr_par' dir='ltr' id='par_1_57' title="bbox 2203 1298 3784 1386">
     <span class='ocr_line' id='line_1_57' title="bbox 2203 1298 3784 1386; baseline -0.013 -17"><span class='ocrx_word' id='word_1_440' title='bbox 2203 1316 2260 1369; x_wconf 85' lang='grc' dir='ltr'><strong>δὲ</strong></span> <span class='ocrx_word' id='word_1_441' title='bbox 2287 1314 2426 1386; x_wconf 79' lang='grc' dir='ltr'><strong>ἀέρα</strong></span> <span class='ocrx_word' id='word_1_442' title='bbox 2447 1316 2513 1384; x_wconf 86' lang='grc' dir='ltr'><strong>τῇ</strong></span> <span class='ocrx_word' id='word_1_443' title='bbox 2539 1311 2695 1380; x_wconf 76' lang='grc' dir='ltr'><strong>φλογὶ</strong></span> <span class='ocrx_word' id='word_1_444' title='bbox 2718 1304 3159 1374; x_wconf 77' lang='grc' dir='ltr'><strong>καταυγάζουσα,</strong></span> <span class='ocrx_word' id='word_1_445' title='bbox 3184 1301 3306 1356; x_wconf 72' lang='grc' dir='ltr'><strong>οὔτε</strong></span> <span class='ocrx_word' id='word_1_446' title='bbox 3329 1301 3453 1354; x_wconf 87' lang='grc' dir='ltr'><strong>ίδεῖν</strong></span> <span class='ocrx_word' id='word_1_447' title='bbox 3477 1298 3784 1367; x_wconf 86' lang='grc' dir='ltr'><strong>δυνάμεθα,</strong></span> 
     </span>
    </p>
   </div>
   <div class='ocr_carea' id='block_1_58' title="bbox 2203 1387 3787 1469">
    <p class='ocr_par' dir='ltr' id='par_1_58' title="bbox 2203 1387 3787 1469">
     <span class='ocr_line' id='line_1_58' title="bbox 2203 1387 3787 1469; baseline -0.013 -10"><span class='ocrx_word' id='word_1_448' title='bbox 2203 1405 2326 1459; x_wconf 72' lang='grc' dir='ltr'><strong>οὔτε</strong></span> <span class='ocrx_word' id='word_1_449' title='bbox 2361 1404 2568 1458; x_wconf 76' lang='grc' dir='ltr'><strong>ἔννοιάν</strong></span> <span class='ocrx_word' id='word_1_450' title='bbox 2604 1418 2728 1455; x_wconf 92' lang='grc' dir='ltr'><strong>τινα</strong></span> <span class='ocrx_word' id='word_1_451' title='bbox 2766 1399 2894 1469; x_wconf 77' lang='grc' dir='ltr'><strong>περὶ</strong></span> <span class='ocrx_word' id='word_1_452' title='bbox 2919 1395 3108 1449; x_wconf 87' lang='grc' dir='ltr'><strong>τούτου</strong></span> <span class='ocrx_word' id='word_1_453' title='bbox 3149 1392 3363 1446; x_wconf 77' lang='grc' dir='ltr'><strong>λαϐεῖν⁸</strong></span> <span class='ocrx_word' id='word_1_454' title='bbox 3393 1389 3506 1443; x_wconf 82' lang='grc' dir='ltr'><strong>ἀλλ’</strong></span> <span class='ocrx_word' id='word_1_455' title='bbox 3534 1392 3592 1442; x_wconf 80' lang='grc' dir='ltr'>ἐν</span> <span class='ocrx_word' id='word_1_456' title='bbox 3629 1387 3787 1458; x_wconf 85' lang='grc' dir='ltr'><strong>μόνῳ</strong></span> 
     </span>
    </p>
   </div>
   <div class='ocr_carea' id='block_1_59' title="bbox 2202 1479 3788 1568">
    <p class='ocr_par' dir='ltr' id='par_1_59' title="bbox 2202 1479 3788 1568">
     <span class='ocr_line' id='line_1_59' title="bbox 2202 1479 3788 1568; baseline -0.016 -16"><span class='ocrx_word' id='word_1_457' title='bbox 2202 1498 2282 1568; x_wconf 81' lang='grc' dir='ltr'><strong>τῷ</strong></span> <span class='ocrx_word' id='word_1_458' title='bbox 2319 1497 2436 1567; x_wconf 86' lang='grc' dir='ltr'><strong>Θεῷ</strong></span> <span class='ocrx_word' id='word_1_459' title='bbox 2467 1495 2560 1548; x_wconf 90' lang='grc' dir='ltr'><strong>τὸν</strong></span> <span class='ocrx_word' id='word_1_460' title='bbox 2594 1492 2752 1561; x_wconf 88' lang='grc' dir='ltr'><strong>λόγον</strong></span> <span class='ocrx_word' id='word_1_461' title='bbox 2792 1489 2892 1560; x_wconf 78' lang='grc' dir='ltr'><strong>τῆς</strong></span> <span class='ocrx_word' id='word_1_462' title='bbox 2927 1485 3230 1558; x_wconf 82' lang='grc' dir='ltr'><strong>παραδόξου</strong></span> <span class='ocrx_word' id='word_1_463' title='bbox 3256 1481 3461 1551; x_wconf 83' lang='grc' dir='ltr'><strong>ταύτης</strong></span> <span class='ocrx_word' id='word_1_464' title='bbox 3504 1479 3788 1548; x_wconf 83' lang='grc' dir='ltr'><strong>θαυματο-</strong></span> 
     </span>
    </p>
   </div>
   <div class='ocr_carea' id='block_1_60' title="bbox 2205 1569 3789 1652">
    <p class='ocr_par' dir='ltr' id='par_1_60' title="bbox 2205 1569 3789 1652">
     <span class='ocr_line' id='line_1_60' title="bbox 2205 1569 3789 1652; baseline -0.016 -7"><span class='ocrx_word' id='word_1_465' title='bbox 2205 1591 2388 1652; x_wconf 87' lang='grc' dir='ltr'><strong>ποιίας</strong></span> <span class='ocrx_word' id='word_1_466' title='bbox 2429 1583 2750 1642; x_wconf 84' lang='grc' dir='ltr'><strong>ἀποκεῖσθαί</strong></span> <span class='ocrx_word' id='word_1_467' title='bbox 2795 1598 3004 1652; x_wconf 85' lang='grc' dir='ltr'><strong>φαμεν,</strong></span> <span class='ocrx_word' id='word_1_468' title='bbox 3049 1576 3126 1647; x_wconf 81' lang='grc' dir='ltr'><strong>τῷ</strong></span> <span class='ocrx_word' id='word_1_469' title='bbox 3169 1577 3454 1645; x_wconf 89' lang='grc' dir='ltr'><strong>ποιήσαντι</strong></span> <span class='ocrx_word' id='word_1_470' title='bbox 3499 1570 3640 1624; x_wconf 83' lang='grc' dir='ltr'><strong>κατά</strong></span> <span class='ocrx_word' id='word_1_471' title='bbox 3684 1569 3789 1620; x_wconf 90' lang='grc' dir='ltr'><strong>τὸν</strong></span> 
     </span>
    </p>
   </div>
   <div class='ocr_carea' id='block_1_61' title="bbox 2207 1658 3790 1754">
    <p class='ocr_par' dir='ltr' id='par_1_61' title="bbox 2207 1658 3790 1754">
     <span class='ocr_line' id='line_1_61' title="bbox 2207 1658 3790 1754; baseline -0.017 -17"><span class='ocrx_word' id='word_1_472' title='bbox 2207 1682 2443 1754; x_wconf 76' lang='grc' dir='ltr'><strong>ἄρρητον</strong></span> <span class='ocrx_word' id='word_1_473' title='bbox 2478 1679 2579 1749; x_wconf 81' lang='grc' dir='ltr'><strong>τῆς</strong></span> <span class='ocrx_word' id='word_1_474' title='bbox 2617 1675 2901 1745; x_wconf 85' lang='grc' dir='ltr'><strong>δυνάμεως</strong></span> <span class='ocrx_word' id='word_1_475' title='bbox 2940 1671 3130 1738; x_wconf 91' lang='grc' dir='ltr'><strong>λόγον,</strong></span> <span class='ocrx_word' id='word_1_476' title='bbox 3167 1664 3489 1736; x_wconf 80' lang='grc' dir='ltr'><strong>γεννηθῆναι</strong></span> <span class='ocrx_word' id='word_1_477' title='bbox 3522 1659 3598 1731; x_wconf 81' lang='grc' dir='ltr'><strong>τῷ</strong></span> <span class='ocrx_word' id='word_1_478' title='bbox 3645 1658 3790 1726; x_wconf 76' lang='grc' dir='ltr'><strong>πυρὶ</strong></span> 
     </span>
    </p>
   </div>
   <div class='ocr_carea' id='block_1_62' title="bbox 2207 1752 3791 1844">
    <p class='ocr_par' dir='ltr' id='par_1_62' title="bbox 2207 1752 3791 1844">
     <span class='ocr_line' id='line_1_62' title="bbox 2207 1752 3791 1844; baseline -0.015 -16"><span class='ocrx_word' id='word_1_479' title='bbox 2207 1752 2269 1828; x_wconf 89' lang='grc' dir='ltr'><strong>τὸ</strong></span> <span class='ocrx_word' id='word_1_480' title='bbox 2294 1774 2428 1844; x_wconf 81' lang='grc' dir='ltr'><strong>φῶς.</strong></span> <span class='ocrx_word' id='word_1_481' title='bbox 2466 1769 2663 1833; x_wconf 84' lang='grc' dir='ltr'><strong>Καθὼς</strong></span> <span class='ocrx_word' id='word_1_482' title='bbox 2685 1769 2714 1821; x_wconf 96' lang='lat'><strong>6</strong></span> <span class='ocrx_word' id='word_1_483' title='bbox 2749 1765 2985 1836; x_wconf 82' lang='grc' dir='ltr'><strong>Μωῦσῆς</strong></span> <span class='ocrx_word' id='word_1_484' title='bbox 3007 1765 3065 1816; x_wconf 83' lang='grc' dir='ltr'><strong>ὲν</strong></span> <span class='ocrx_word' id='word_1_485' title='bbox 3084 1760 3162 1831; x_wconf 84' lang='grc' dir='ltr'><strong>τῷ</strong></span> <span class='ocrx_word' id='word_1_486' title='bbox 3193 1759 3304 1829; x_wconf 77' lang='grc' dir='ltr'><strong>ἰδίῳ</strong></span> <span class='ocrx_word' id='word_1_487' title='bbox 3331 1757 3475 1826; x_wconf 83' lang='grc' dir='ltr'><strong>λόγῳ</strong></span> <span class='ocrx_word' id='word_1_488' title='bbox 3509 1752 3791 1826; x_wconf 78' lang='grc' dir='ltr'><strong>μαρτύρεο</strong></span> 
     </span>
    </p>
   </div>
   <div class='ocr_carea' id='block_1_63' title="bbox 2207 1844 3788 1930">
    <p class='ocr_par' dir='ltr' id='par_1_63' title="bbox 2207 1844 3788 1930">
     <span class='ocr_line' id='line_1_63' title="bbox 2207 1844 3788 1930; baseline -0.015 -10"><span class='ocrx_word' id='word_1_489' title='bbox 2207 1885 2330 1930; x_wconf 88' lang='grc' dir='ltr'><strong>ται,</strong></span> <span class='ocrx_word' id='word_1_490' title='bbox 2359 1867 2440 1919; x_wconf 83' lang='grc' dir='ltr'><strong>ὅτι</strong></span> <span class='ocrx_word' id='word_1_491' title='bbox 2485 1884 2502 1916; x_wconf 76' lang='grc' dir='ltr'><strong>ι</strong></span> <span class='ocrx_word' id='word_1_492' title='bbox 2544 1862 2656 1917; x_wconf 77' lang='grc' dir='ltr'><strong>Καὶ</strong></span> <span class='ocrx_word' id='word_1_493' title='bbox 2695 1857 2846 1914; x_wconf 79' lang='grc' dir='ltr'><strong>εἶπεν</strong></span> <span class='ocrx_word' id='word_1_494' title='bbox 2890 1859 2919 1910; x_wconf 88' lang='lat'><strong>6</strong></span> <span class='ocrx_word' id='word_1_495' title='bbox 2964 1855 3124 1919; x_wconf 90' lang='grc' dir='ltr'><strong>Θεὸς,</strong></span> <span class='ocrx_word' id='word_1_496' title='bbox 3170 1850 3458 1920; x_wconf 86' lang='grc' dir='ltr'><strong>Γενηθήτω</strong></span> <span class='ocrx_word' id='word_1_497' title='bbox 3492 1847 3642 1916; x_wconf 82' lang='grc' dir='ltr'><strong>φῶς,</strong></span> <span class='ocrx_word' id='word_1_498' title='bbox 3684 1844 3788 1899; x_wconf 79' lang='grc' dir='ltr'><strong>καὶ</strong></span> 
     </span>
    </p>
   </div>
   <div class='ocr_carea' id='block_1_64' title="bbox 2210 1937 3782 2028">
    <p class='ocr_par' dir='ltr' id='par_1_64' title="bbox 2210 1937 3782 2028">
     <span class='ocr_line' id='line_1_64' title="bbox 2210 1937 3782 2028; baseline -0.016 -16"><span class='ocrx_word' id='word_1_499' title='bbox 2210 1959 2426 2028; x_wconf 75' lang='grc' dir='ltr'><strong>ἐγένετο</strong></span> <span class='ocrx_word' id='word_1_500' title='bbox 2467 1954 2598 2024; x_wconf 84' lang='grc' dir='ltr'><strong>φῶς·</strong></span> <span class='ocrx_word' id='word_1_501' title='bbox 2650 1952 2743 2006; x_wconf 74' lang='grc' dir='ltr'><strong>καὶ</strong></span> <span class='ocrx_word' id='word_1_502' title='bbox 2785 1947 2923 2004; x_wconf 78' lang='grc' dir='ltr'><strong>εἶδεν</strong></span> <span class='ocrx_word' id='word_1_503' title='bbox 2954 1951 2982 2002; x_wconf 90' lang='lat'><strong>6</strong></span> <span class='ocrx_word' id='word_1_504' title='bbox 3008 1947 3140 2010; x_wconf 83' lang='grc' dir='ltr'><strong>Θεὸς</strong></span> <span class='ocrx_word' id='word_1_505' title='bbox 3171 1944 3231 1997; x_wconf 89' lang='grc' dir='ltr'><strong>τὸ</strong></span> <span class='ocrx_word' id='word_1_506' title='bbox 3265 1942 3379 2011; x_wconf 86' lang='grc' dir='ltr'><strong>φῶς</strong></span> <span class='ocrx_word' id='word_1_507' title='bbox 3411 1941 3493 1993; x_wconf 86' lang='grc' dir='ltr'><strong>ὅτι</strong></span> <span class='ocrx_word' id='word_1_508' title='bbox 3524 1937 3709 1992; x_wconf 91' lang='grc' dir='ltr'><strong>καλόν.</strong></span> <span class='ocrx_word' id='word_1_509' title='bbox 3759 1954 3782 1987; x_wconf 75' lang='lat' dir='ltr'><strong>s</strong></span> 
     </span>
    </p>
   </div>
   <div class='ocr_carea' id='block_1_65' title="bbox 2209 2027 3792 2119">
    <p class='ocr_par' dir='ltr' id='par_1_65' title="bbox 2209 2027 3792 2119">
     <span class='ocr_line' id='line_1_65' title="bbox 2209 2027 3792 2119; baseline -0.017 -13"><span class='ocrx_word' id='word_1_510' title='bbox 2209 2052 2388 2107; x_wconf 77' lang='grc' dir='ltr'><strong>Μόνον</strong></span> <span class='ocrx_word' id='word_1_511' title='bbox 2427 2049 2536 2119; x_wconf 82' lang='grc' dir='ltr'><strong>γὰρ</strong></span> <span class='ocrx_word' id='word_1_512' title='bbox 2561 2047 2634 2110; x_wconf 82' lang='grc' dir='ltr'><strong>ὡς</strong></span> <span class='ocrx_word' id='word_1_513' title='bbox 2674 2042 2889 2114; x_wconf 89' lang='grc' dir='ltr'><strong>ἀληθῶς</strong></span> <span class='ocrx_word' id='word_1_514' title='bbox 2931 2037 3067 2093; x_wconf 90' lang='grc' dir='ltr'><strong>Θεοῦ</strong></span> <span class='ocrx_word' id='word_1_515' title='bbox 3111 2037 3172 2090; x_wconf 86' lang='grc' dir='ltr'><strong>τὸ</strong></span> <span class='ocrx_word' id='word_1_516' title='bbox 3215 2035 3372 2098; x_wconf 81' lang='grc' dir='ltr'><strong>ἰδεῖν,</strong></span> <span class='ocrx_word' id='word_1_517' title='bbox 3409 2033 3556 2094; x_wconf 83' lang='grc' dir='ltr'><strong>ὅπως</strong></span> <span class='ocrx_word' id='word_1_518' title='bbox 3585 2028 3652 2083; x_wconf 82' lang='grc' dir='ltr'><strong>ἃν</strong></span> <span class='ocrx_word' id='word_1_519' title='bbox 3688 2027 3792 2096; x_wconf 85' lang='grc' dir='ltr'><strong>γέ-</strong></span> 
     </span>
    </p>
   </div>
   <div class='ocr_carea' id='block_1_66' title="bbox 2210 2122 3792 2204">
    <p class='ocr_par' dir='ltr' id='par_1_66' title="bbox 2210 2122 3792 2204">
     <span class='ocr_line' id='line_1_66' title="bbox 2210 2122 3792 2204; baseline -0.018 -6"><span class='ocrx_word' id='word_1_520' title='bbox 2210 2160 2354 2199; x_wconf 90' lang='grc' dir='ltr'><strong>νοιτο</strong></span> <span class='ocrx_word' id='word_1_521' title='bbox 2380 2141 2439 2195; x_wconf 88' lang='grc' dir='ltr'><strong>τὸ</strong></span> <span class='ocrx_word' id='word_1_522' title='bbox 2469 2139 2612 2195; x_wconf 78' lang='grc' dir='ltr'><strong>οὗτοι</strong></span> <span class='ocrx_word' id='word_1_523' title='bbox 2641 2136 2806 2191; x_wconf 89' lang='grc' dir='ltr'><strong>καλόν</strong></span> <span class='ocrx_word' id='word_1_524' title='bbox 2827 2153 2840 2166; x_wconf 72' lang='grc' dir='ltr'><strong>ι</strong></span> <span class='ocrx_word' id='word_1_525' title='bbox 2863 2136 2896 2204; x_wconf 86' lang='grc' dir='ltr'><strong>ή</strong></span> <span class='ocrx_word' id='word_1_526' title='bbox 2921 2133 2975 2185; x_wconf 82' lang='grc' dir='ltr'><strong>δὲ</strong></span> <span class='ocrx_word' id='word_1_527' title='bbox 2997 2132 3094 2201; x_wconf 83' lang='grc' dir='ltr'><strong>τῆς</strong></span> <span class='ocrx_word' id='word_1_528' title='bbox 3117 2125 3390 2200; x_wconf 83' lang='grc' dir='ltr'><strong>ἡμετέρας</strong></span> <span class='ocrx_word' id='word_1_529' title='bbox 3411 2122 3622 2192; x_wconf 83' lang='grc' dir='ltr'><strong>φύσεως</strong></span> <span class='ocrx_word' id='word_1_530' title='bbox 3645 2135 3792 2172; x_wconf 88' lang='grc' dir='ltr'><strong>πτω-</strong></span> 
     </span>
    </p>
   </div>
   <div class='ocr_carea' id='block_1_67' title="bbox 2160 2207 3791 2306">
    <p class='ocr_par' dir='ltr' id='par_1_67' title="bbox 2160 2207 3791 2306">
     <span class='ocr_line' id='line_1_67' title="bbox 2160 2207 3791 2306; baseline -0.021 -16"><span class='ocrx_word' id='word_1_531' title='bbox 2160 2275 2166 2278; x_wconf 90' lang='grc'><strong>-</strong></span> <span class='ocrx_word' id='word_1_532' title='bbox 2212 2235 2353 2306; x_wconf 82' lang='grc' dir='ltr'><strong>χεία,</strong></span> <span class='ocrx_word' id='word_1_533' title='bbox 2392 2231 2454 2284; x_wconf 90' lang='grc' dir='ltr'><strong>τὸ</strong></span> <span class='ocrx_word' id='word_1_534' title='bbox 2486 2229 2585 2300; x_wconf 83' lang='grc' dir='ltr'><strong>μὲν</strong></span> <span class='ocrx_word' id='word_1_535' title='bbox 2609 2226 2890 2296; x_wconf 88' lang='grc' dir='ltr'><strong>γινόμενον</strong></span> <span class='ocrx_word' id='word_1_536' title='bbox 2931 2220 3148 2292; x_wconf 80' lang='grc' dir='ltr'><strong>βλέπει,</strong></span> <span class='ocrx_word' id='word_1_537' title='bbox 3181 2217 3270 2270; x_wconf 91' lang='grc' dir='ltr'><strong>τὸν</strong></span> <span class='ocrx_word' id='word_1_538' title='bbox 3311 2215 3369 2268; x_wconf 79' lang='grc' dir='ltr'><strong>δὲ</strong></span> <span class='ocrx_word' id='word_1_539' title='bbox 3405 2211 3525 2265; x_wconf 83' lang='grc' dir='ltr'><strong>καθ’</strong></span> <span class='ocrx_word' id='word_1_540' title='bbox 3551 2209 3610 2262; x_wconf 83' lang='grc' dir='ltr'><strong>ὃν</strong></span> <span class='ocrx_word' id='word_1_541' title='bbox 3637 2207 3791 2276; x_wconf 78' lang='grc' dir='ltr'><strong>γίνε-</strong></span> 
     </span>
    </p>
   </div>
   <div class='ocr_carea' id='block_1_68' title="bbox 2210 2298 3787 2394">
    <p class='ocr_par' dir='ltr' id='par_1_68' title="bbox 2210 2298 3787 2394">
     <span class='ocr_line' id='line_1_68' title="bbox 2210 2298 3787 2394; baseline -0.022 -13"><span class='ocrx_word' id='word_1_542' title='bbox 2210 2298 2301 2381; x_wconf 70' lang='grc' dir='ltr'><strong>ται</strong></span> <span class='ocrx_word' id='word_1_543' title='bbox 2337 2298 2516 2394; x_wconf 79' lang='grc' dir='ltr'><strong>λόγον,</strong></span> <span class='ocrx_word' id='word_1_544' title='bbox 2554 2319 2676 2374; x_wconf 73' lang='grc' dir='ltr'><strong>οὒτε</strong></span> <span class='ocrx_word' id='word_1_545' title='bbox 2715 2317 2861 2382; x_wconf 86' lang='grc' dir='ltr'><strong>ίδεῖν,</strong></span> <span class='ocrx_word' id='word_1_546' title='bbox 2900 2313 3023 2367; x_wconf 75' lang='grc' dir='ltr'><strong>οὔτε</strong></span> <span class='ocrx_word' id='word_1_547' title='bbox 3057 2309 3337 2362; x_wconf 74' lang='grc' dir='ltr'><strong>ἐπαινέσαι</strong></span> <span class='ocrx_word' id='word_1_548' title='bbox 3375 2300 3608 2363; x_wconf 83' lang='grc' dir='ltr'><strong>δυνατῶς</strong></span> <span class='ocrx_word' id='word_1_549' title='bbox 3644 2298 3787 2368; x_wconf 75' lang='grc' dir='ltr'><strong>ἔχει.</strong></span> 
     </span>
    </p>
   </div>
   <div class='ocr_carea' id='block_1_69' title="bbox 2213 2388 3792 2484">
    <p class='ocr_par' dir='ltr' id='par_1_69' title="bbox 2213 2388 3792 2484">
     <span class='ocr_line' id='line_1_69' title="bbox 2213 2388 3792 2484; baseline -0.02 -13"><span class='ocrx_word' id='word_1_550' title='bbox 2213 2415 2334 2470; x_wconf 89' lang='grc' dir='ltr'>Τῶν</span> <span class='ocrx_word' id='word_1_551' title='bbox 2358 2388 2466 2484; x_wconf 77' lang='grc' dir='ltr'><strong>γάρ</strong></span> <span class='ocrx_word' id='word_1_552' title='bbox 2491 2388 2928 2481; x_wconf 65' lang='grc' dir='ltr'><strong>γνωριζομένων,</strong></span> <span class='ocrx_word' id='word_1_553' title='bbox 2959 2401 3078 2471; x_wconf 76' lang='grc' dir='ltr'><strong>οὐχὶ</strong></span> <span class='ocrx_word' id='word_1_554' title='bbox 3103 2398 3214 2452; x_wconf 89' lang='grc' dir='ltr'><strong>τῶν</strong></span> <span class='ocrx_word' id='word_1_555' title='bbox 3239 2388 3792 2484; x_wconf 26' lang='grc' dir='ltr'><strong>ἀγνοουμένωνῃὲστὶν</strong></span> 
     </span>
    </p>
   </div>
   <div class='ocr_carea' id='block_1_70' title="bbox 2214 2480 3794 2570">
    <p class='ocr_par' dir='ltr' id='par_1_70' title="bbox 2214 2480 3794 2570">
     <span class='ocr_line' id='line_1_70' title="bbox 2214 2480 3794 2570; baseline -0.021 -6"><span class='ocrx_word' id='word_1_556' title='bbox 2214 2511 2242 2564; x_wconf 92' lang='lat'><strong>6</strong></span> <span class='ocrx_word' id='word_1_557' title='bbox 2272 2480 2512 2570; x_wconf 58' lang='lat' dir='ltr'><strong>Eﬂatvog,</strong></span> <span class='ocrx_word' id='word_1_558' title='bbox 2547 2522 2564 2555; x_wconf 84' lang='grc' dir='ltr'><strong>ι</strong></span> <span class='ocrx_word' id='word_1_559' title='bbox 2601 2480 2754 2556; x_wconf 59' lang='lat' dir='ltr'><strong>El.st</strong></span> <span class='ocrx_word' id='word_1_560' title='bbox 2790 2517 2809 2550; x_wconf 77' lang='grc' dir='ltr'><strong>ι</strong></span> <span class='ocrx_word' id='word_1_561' title='bbox 2841 2493 2955 2559; x_wconf 80' lang='grc' dir='ltr'><strong>οὖν,</strong></span> <span class='ocrx_word' id='word_1_562' title='bbox 2991 2493 3175 2564; x_wconf 73' lang='grc' dir='ltr'><strong>φησὶν,</strong></span> <span class='ocrx_word' id='word_1_563' title='bbox 3213 2508 3231 2540; x_wconf 77' lang='grc' dir='ltr'><strong>ι</strong></span> <span class='ocrx_word' id='word_1_564' title='bbox 3267 2489 3296 2540; x_wconf 89' lang='lat'><strong>6</strong></span> <span class='ocrx_word' id='word_1_565' title='bbox 3326 2487 3456 2547; x_wconf 84' lang='grc' dir='ltr'><strong>Θεὸς</strong></span> <span class='ocrx_word' id='word_1_566' title='bbox 3484 2484 3545 2536; x_wconf 89' lang='grc' dir='ltr'><strong>τὸ</strong></span> <span class='ocrx_word' id='word_1_567' title='bbox 3569 2480 3794 2570; x_wconf 83' lang='grc' dir='ltr'><strong>φῶς’ὅτι</strong></span> 
     </span>
    </p>
   </div>
   <div class='ocr_carea' id='block_1_71' title="bbox 2215 2569 3794 2664">
    <p class='ocr_par' dir='ltr' id='par_1_71' title="bbox 2215 2569 3794 2664">
     <span class='ocr_line' id='line_1_71' title="bbox 2215 2569 3794 2664; baseline -0.02 -10"><span class='ocrx_word' id='word_1_568' title='bbox 2215 2599 2402 2664; x_wconf 88' lang='grc' dir='ltr'><strong>καλὸν,</strong></span> <span class='ocrx_word' id='word_1_569' title='bbox 2433 2596 2530 2649; x_wconf 77' lang='grc' dir='ltr'><strong>καὶ</strong></span> <span class='ocrx_word' id='word_1_570' title='bbox 2569 2590 2882 2662; x_wconf 81' lang='grc' dir='ltr'><strong>διεχώρισεν</strong></span> <span class='ocrx_word' id='word_1_571' title='bbox 2908 2587 2936 2638; x_wconf 88' lang='lat'><strong>6</strong></span> <span class='ocrx_word' id='word_1_572' title='bbox 2967 2585 3096 2646; x_wconf 85' lang='grc' dir='ltr'><strong>Θεὸς</strong></span> <span class='ocrx_word' id='word_1_573' title='bbox 3143 2581 3248 2636; x_wconf 78' lang='grc' dir='ltr'><strong>ἀνὰ</strong></span> <span class='ocrx_word' id='word_1_574' title='bbox 3281 2577 3442 2648; x_wconf 78' lang='grc' dir='ltr'><strong>μέσον</strong></span> <span class='ocrx_word' id='word_1_575' title='bbox 3483 2572 3576 2626; x_wconf 83' lang='grc' dir='ltr'><strong>τοῦ</strong></span> <span class='ocrx_word' id='word_1_576' title='bbox 3611 2569 3794 2664; x_wconf 77' lang='grc' dir='ltr'><strong>φωτὸς</strong></span> 
     </span>
    </p>
   </div>
   <div class='ocr_carea' id='block_1_72' title="bbox 2217 2660 3792 2756">
    <p class='ocr_par' dir='ltr' id='par_1_72' title="bbox 2217 2660 3792 2756">
     <span class='ocr_line' id='line_1_72' title="bbox 2217 2660 3792 2756; baseline -0.021 -12"><span class='ocrx_word' id='word_1_577' title='bbox 2217 2692 2312 2744; x_wconf 73' lang='grc' dir='ltr'><strong>καὶ</strong></span> <span class='ocrx_word' id='word_1_578' title='bbox 2336 2660 2439 2742; x_wconf 84' lang='grc' dir='ltr'><strong>ὰνά</strong></span> <span class='ocrx_word' id='word_1_579' title='bbox 2477 2660 2766 2756; x_wconf 15' lang='grc' dir='ltr'><strong>μέσονῖτοῦ</strong></span> <span class='ocrx_word' id='word_1_580' title='bbox 2804 2677 3048 2738; x_wconf 82' lang='grc' dir='ltr'><strong>σκότους.</strong></span> <span class='ocrx_word' id='word_1_581' title='bbox 3089 2693 3108 2726; x_wconf 73' lang='grc' dir='ltr'><strong>ι</strong></span> <span class='ocrx_word' id='word_1_582' title='bbox 3161 2669 3327 2725; x_wconf 84' lang='grc' dir='ltr'><strong>Πάλιν</strong></span> <span class='ocrx_word' id='word_1_583' title='bbox 3376 2665 3438 2719; x_wconf 87' lang='grc' dir='ltr'><strong>τὸ</strong></span> <span class='ocrx_word' id='word_1_584' title='bbox 3476 2660 3792 2756; x_wconf 78' lang='grc' dir='ltr'><strong>ἀναγκαίως</strong></span> 
     </span>
    </p>
   </div>
   <div class='ocr_carea' id='block_1_73' title="bbox 2217 2750 3792 2849">
    <p class='ocr_par' dir='ltr' id='par_1_73' title="bbox 2217 2750 3792 2849">
     <span class='ocr_line' id='line_1_73' title="bbox 2217 2750 3792 2849; baseline -0.021 -13"><span class='ocrx_word' id='word_1_585' title='bbox 2217 2781 2358 2836; x_wconf 80' lang='grc' dir='ltr'><strong>κατά</strong></span> <span class='ocrx_word' id='word_1_586' title='bbox 2532 2772 2852 2830; x_wconf 82' lang='grc' dir='ltr'><strong>ἀκολουθίαν</strong></span> <span class='ocrx_word' id='word_1_587' title='bbox 2889 2769 2988 2838; x_wconf 82' lang='grc' dir='ltr'><strong>τῆς</strong></span> <span class='ocrx_word' id='word_1_588' title='bbox 3025 2763 3239 2834; x_wconf 82' lang='grc' dir='ltr'><strong>φύσεως</strong></span> <span class='ocrx_word' id='word_1_589' title='bbox 3267 2762 3324 2813; x_wconf 86' lang='grc' dir='ltr'><strong>ὲν</strong></span> <span class='ocrx_word' id='word_1_590' title='bbox 3353 2756 3506 2822; x_wconf 81' lang='grc' dir='ltr'><strong>τάξει</strong></span> <span class='ocrx_word' id='word_1_591' title='bbox 3545 2755 3649 2808; x_wconf 75' lang='grc' dir='ltr'><strong>τινὶ</strong></span> <span class='ocrx_word' id='word_1_592' title='bbox 3693 2750 3792 2806; x_wconf 74' lang='grc' dir='ltr'><strong>καὶ</strong></span> 
     </span>
    </p>
   </div>
   <div class='ocr_carea' id='block_1_74' title="bbox 2219 2845 3794 2945">
    <p class='ocr_par' dir='ltr' id='par_1_74' title="bbox 2219 2845 3794 2945">
     <span class='ocr_line' id='line_1_74' title="bbox 2219 2845 3794 2945; baseline -0.02 -18"><span class='ocrx_word' id='word_1_593' title='bbox 2219 2845 2464 2945; x_wconf 32' lang='grc' dir='ltr'><strong>ἁρμονίᾳ*</strong></span> <span class='ocrx_word' id='word_1_594' title='bbox 2502 2854 2808 2938; x_wconf 80' lang='grc' dir='ltr'><strong>γινόμενον,</strong></span> <span class='ocrx_word' id='word_1_595' title='bbox 2857 2862 2935 2924; x_wconf 87' lang='grc' dir='ltr'><strong>είς</strong></span> <span class='ocrx_word' id='word_1_596' title='bbox 2981 2857 3130 2911; x_wconf 79' lang='grc' dir='ltr'><strong>θείαν</strong></span> <span class='ocrx_word' id='word_1_597' title='bbox 3178 2852 3452 2923; x_wconf 76' lang='grc' dir='ltr'><strong>ἐνέργειαν</strong></span> <span class='ocrx_word' id='word_1_598' title='bbox 3489 2845 3794 2945; x_wconf 62' lang='grc' dir='ltr'><strong>όΜωῦσῆς</strong></span> 
     </span>
    </p>
   </div>
   <div class='ocr_carea' id='block_1_75' title="bbox 2218 2932 3793 3032">
    <p class='ocr_par' dir='ltr' id='par_1_75' title="bbox 2218 2932 3793 3032">
     <span class='ocr_line' id='line_1_75' title="bbox 2218 2932 3793 3032; baseline -0.023 -12"><span class='ocrx_word' id='word_1_599' title='bbox 2218 2932 2442 3032; x_wconf 67' lang='grc' dir='ltr'><strong>ἀνόιγειἰ</strong></span> <span class='ocrx_word' id='word_1_600' title='bbox 2491 2932 2790 3020; x_wconf 80' lang='grc' dir='ltr'><strong>διδάσκων,</strong></span> <span class='ocrx_word' id='word_1_601' title='bbox 2844 2947 3031 3021; x_wconf 77' lang='grc' dir='ltr'><strong>οἶμαι,</strong></span> <span class='ocrx_word' id='word_1_602' title='bbox 3073 2945 3160 3000; x_wconf 83' lang='grc' dir='ltr'><strong>διὰ</strong></span> <span class='ocrx_word' id='word_1_603' title='bbox 3203 2943 3312 2997; x_wconf 89' lang='grc' dir='ltr'><strong>τῶν</strong></span> <span class='ocrx_word' id='word_1_604' title='bbox 3346 2937 3685 3032; x_wconf 57' lang='grc' dir='ltr'><strong>εἰρημένων,</strong></span> <span class='ocrx_word' id='word_1_605' title='bbox 3710 2932 3793 3032; x_wconf 54' lang='grc' dir='ltr'><strong>Δτὸ</strong></span> 
     </span>
    </p>
   </div>
   <div class='ocr_carea' id='block_1_76' title="bbox 2221 3026 3796 3124">
    <p class='ocr_par' dir='ltr' id='par_1_76' title="bbox 2221 3026 3796 3124">
     <span class='ocr_line' id='line_1_76' title="bbox 2221 3026 3796 3124; baseline -0.017 -16"><span class='ocrx_word' id='word_1_606' title='bbox 2221 3056 2399 3110; x_wconf 78' lang='grc' dir='ltr'><strong>πάντα</strong></span> <span class='ocrx_word' id='word_1_607' title='bbox 2428 3045 2961 3124; x_wconf 84' lang='grc' dir='ltr'><strong>προκατανενοῆσθαι</strong></span> <span class='ocrx_word' id='word_1_608' title='bbox 2984 3044 3050 3112; x_wconf 79' lang='grc' dir='ltr'><strong>τῇ</strong></span> <span class='ocrx_word' id='word_1_609' title='bbox 3084 3037 3176 3092; x_wconf 91' lang='grc' dir='ltr'><strong>τοῦ</strong></span> <span class='ocrx_word' id='word_1_610' title='bbox 3216 3033 3350 3088; x_wconf 85' lang='grc' dir='ltr'><strong>Θεοῦ</strong></span> <span class='ocrx_word' id='word_1_611' title='bbox 3387 3030 3545 3100; x_wconf 71' lang='grc' dir='ltr'><strong>σοφίᾳ</strong></span> <span class='ocrx_word' id='word_1_612' title='bbox 3568 3070 3583 3095; x_wconf 94' lang='grc'><strong>,</strong></span> <span class='ocrx_word' id='word_1_613' title='bbox 3609 3027 3681 3080; x_wconf 86' lang='grc' dir='ltr'><strong>τὰ</strong></span> <span class='ocrx_word' id='word_1_614' title='bbox 3706 3026 3796 3081; x_wconf 77' lang='grc' dir='ltr'><strong>διά</strong></span> 
     </span>
    </p>
   </div>
   <div class='ocr_carea' id='block_1_77' title="bbox 2219 3117 3795 3211">
    <p class='ocr_par' dir='ltr' id='par_1_77' title="bbox 2219 3117 3795 3211">
     <span class='ocr_line' id='line_1_77' title="bbox 2219 3117 3795 3211; baseline -0.02 -10"><span class='ocrx_word' id='word_1_615' title='bbox 2219 3163 2362 3210; x_wconf 87' lang='grc' dir='ltr'><strong>τινος</strong></span> <span class='ocrx_word' id='word_1_616' title='bbox 2392 3117 2693 3211; x_wconf 78' lang='grc' dir='ltr'><strong>ἀναγκαίας</strong></span> <span class='ocrx_word' id='word_1_617' title='bbox 2727 3137 2932 3200; x_wconf 81' lang='grc' dir='ltr'><strong>τάξεως</strong></span> <span class='ocrx_word' id='word_1_618' title='bbox 2965 3129 3108 3185; x_wconf 86' lang='grc' dir='ltr'><strong>κατά</strong></span> <span class='ocrx_word' id='word_1_619' title='bbox 3141 3129 3202 3180; x_wconf 92' lang='grc' dir='ltr'><strong>τὸ</strong></span> <span class='ocrx_word' id='word_1_620' title='bbox 3229 3123 3516 3179; x_wconf 84' lang='grc' dir='ltr'><strong>ἀκόλουθον</strong></span> <span class='ocrx_word' id='word_1_621' title='bbox 3561 3117 3795 3188; x_wconf 80' lang='grc' dir='ltr'><strong>ἐκϐησό-</strong></span> 
     </span>
    </p>
   </div>
   <div class='ocr_carea' id='block_1_78' title="bbox 2223 3207 3795 3307">
    <p class='ocr_par' dir='ltr' id='par_1_78' title="bbox 2223 3207 3795 3307">
     <span class='ocr_line' id='line_1_78' title="bbox 2223 3207 3795 3307; baseline -0.018 -18"><span class='ocrx_word' id='word_1_622' title='bbox 2223 3207 2378 3307; x_wconf 84' lang='grc' dir='ltr'><strong>μενα.</strong></span> <span class='ocrx_word' id='word_1_623' title='bbox 2421 3207 2532 3303; x_wconf 81' lang='grc' dir='ltr'><strong>Τῆς</strong></span> <span class='ocrx_word' id='word_1_624' title='bbox 2588 3229 2697 3298; x_wconf 83' lang='grc' dir='ltr'><strong>γὰρ</strong></span> <span class='ocrx_word' id='word_1_625' title='bbox 2744 3222 3074 3295; x_wconf 79' lang='grc' dir='ltr'><strong>φωτιστικῆς</strong></span> <span class='ocrx_word' id='word_1_626' title='bbox 3124 3218 3312 3279; x_wconf 76' lang='grc' dir='ltr'><strong>οὐσίας</strong></span> <span class='ocrx_word' id='word_1_627' title='bbox 3359 3215 3458 3284; x_wconf 79' lang='grc' dir='ltr'><strong>τῆς</strong></span> <span class='ocrx_word' id='word_1_628' title='bbox 3507 3213 3584 3282; x_wconf 86' lang='grc' dir='ltr'><strong>τῷ</strong></span> <span class='ocrx_word' id='word_1_629' title='bbox 3631 3207 3795 3262; x_wconf 86' lang='grc' dir='ltr'><strong>παντὶ</strong></span> 
     </span>
    </p>
   </div>
   <div class='ocr_carea' id='block_1_79' title="bbox 2221 3300 3792 3392">
    <p class='ocr_par' dir='ltr' id='par_1_79' title="bbox 2221 3300 3792 3392">
     <span class='ocr_line' id='line_1_79' title="bbox 2221 3300 3792 3392; baseline -0.018 -13"><span class='ocrx_word' id='word_1_630' title='bbox 2221 3300 2708 3392; x_wconf 70' lang='grc' dir='ltr'><strong>κατεσπαρμένης,</strong></span> <span class='ocrx_word' id='word_1_631' title='bbox 2767 3314 2901 3383; x_wconf 85' lang='grc' dir='ltr'><strong>πρὸς</strong></span> <span class='ocrx_word' id='word_1_632' title='bbox 2952 3311 3014 3364; x_wconf 93' lang='grc' dir='ltr'><strong>τὸ</strong></span> <span class='ocrx_word' id='word_1_633' title='bbox 3057 3307 3313 3377; x_wconf 80' lang='grc' dir='ltr'><strong>συγγενὲς</strong></span> <span class='ocrx_word' id='word_1_634' title='bbox 3361 3300 3792 3392; x_wconf 79' lang='grc' dir='ltr'><strong>συνδραμούσης,</strong></span> 
     </span>
    </p>
   </div>
   <div class='ocr_carea' id='block_1_80' title="bbox 2222 3391 3797 3485">
    <p class='ocr_par' dir='ltr' id='par_1_80' title="bbox 2222 3391 3797 3485">
     <span class='ocr_line' id='line_1_80' title="bbox 2222 3391 3797 3485; baseline -0.019 -12"><span class='ocrx_word' id='word_1_635' title='bbox 2222 3419 2316 3473; x_wconf 74' lang='grc' dir='ltr'><strong>καὶ</strong></span> <span class='ocrx_word' id='word_1_636' title='bbox 2344 3391 2521 3485; x_wconf 81' lang='grc' dir='ltr'><strong>πάσης</strong></span> <span class='ocrx_word' id='word_1_637' title='bbox 2554 3411 2684 3482; x_wconf 74' lang='grc' dir='ltr'><strong>περὶ</strong></span> <span class='ocrx_word' id='word_1_638' title='bbox 2717 3407 2911 3473; x_wconf 79' lang='grc' dir='ltr'><strong>ἑαυτὴν</strong></span> <span class='ocrx_word' id='word_1_639' title='bbox 2945 3399 3352 3472; x_wconf 80' lang='grc' dir='ltr'><strong>ἀθροισθείσης,</strong></span> <span class='ocrx_word' id='word_1_640' title='bbox 3379 3393 3689 3463; x_wconf 81' lang='grc' dir='ltr'><strong>ἀναγκαίως</strong></span> <span class='ocrx_word' id='word_1_641' title='bbox 3725 3391 3797 3444; x_wconf 82' lang='grc' dir='ltr'><strong>τὰ</strong></span> 
     </span>
    </p>
   </div>
   <div class='ocr_carea' id='block_1_81' title="bbox 2224 3485 3798 3578">
    <p class='ocr_par' dir='ltr' id='par_1_81' title="bbox 2224 3485 3798 3578">
     <span class='ocr_line' id='line_1_81' title="bbox 2224 3485 3798 3578; baseline -0.018 -14"><span class='ocrx_word' id='word_1_642' title='bbox 2224 3504 2696 3578; x_wconf 84' lang='grc' dir='ltr'><strong>ὲπιπροσθούμενα</strong></span> <span class='ocrx_word' id='word_1_643' title='bbox 2726 3501 2793 3570; x_wconf 76' lang='grc' dir='ltr'><strong>τῇ</strong></span> <span class='ocrx_word' id='word_1_644' title='bbox 2843 3497 3004 3565; x_wconf 80' lang='grc' dir='ltr'><strong>λοιπῇ</strong></span> <span class='ocrx_word' id='word_1_645' title='bbox 3056 3491 3165 3546; x_wconf 89' lang='grc' dir='ltr'><strong>τῶν</strong></span> <span class='ocrx_word' id='word_1_646' title='bbox 3205 3488 3480 3558; x_wconf 85' lang='grc' dir='ltr'><strong>στοιχείων</strong></span> <span class='ocrx_word' id='word_1_647' title='bbox 3525 3485 3624 3556; x_wconf 79' lang='grc' dir='ltr'><strong>ὕλῃ</strong></span> <span class='ocrx_word' id='word_1_648' title='bbox 3669 3499 3798 3536; x_wconf 83' lang='grc' dir='ltr'><strong>κατ-</strong></span> 
     </span>
    </p>
   </div>
   <div class='ocr_carea' id='block_1_82' title="bbox 2226 3574 3796 3665">
    <p class='ocr_par' dir='ltr' id='par_1_82' title="bbox 2226 3574 3796 3665">
     <span class='ocr_line' id='line_1_82' title="bbox 2226 3574 3796 3665; baseline -0.02 -8"><span class='ocrx_word' id='word_1_649' title='bbox 2226 3574 2524 3665; x_wconf 75' lang='grc' dir='ltr'><strong>εσκιάζετο,</strong></span> <span class='ocrx_word' id='word_1_650' title='bbox 2549 3598 2644 3651; x_wconf 74' lang='grc' dir='ltr'><strong>καὶ</strong></span> <span class='ocrx_word' id='word_1_651' title='bbox 2672 3593 2732 3647; x_wconf 88' lang='grc' dir='ltr'><strong>τὸ</strong></span> <span class='ocrx_word' id='word_1_652' title='bbox 2750 3587 3124 3657; x_wconf 85' lang='grc' dir='ltr'><strong>ἀποσκίασμα,</strong></span> <span class='ocrx_word' id='word_1_653' title='bbox 3150 3583 3338 3646; x_wconf 88' lang='grc' dir='ltr'><strong>σκότος</strong></span> <span class='ocrx_word' id='word_1_654' title='bbox 3364 3576 3448 3650; x_wconf 82' lang='grc' dir='ltr'><strong>ἦν.</strong></span> <span class='ocrx_word' id='word_1_655' title='bbox 3482 3576 3650 3630; x_wconf 87' lang='grc' dir='ltr'><strong>Τοῦτο</strong></span> <span class='ocrx_word' id='word_1_656' title='bbox 3683 3574 3796 3627; x_wconf 86' lang='grc' dir='ltr'><strong>τοί-</strong></span> 
     </span>
    </p>
   </div>
   <div class='ocr_carea' id='block_1_83' title="bbox 2227 3665 3797 3751">
    <p class='ocr_par' dir='ltr' id='par_1_83' title="bbox 2227 3665 3797 3751">
     <span class='ocr_line' id='line_1_83' title="bbox 2227 3665 3797 3751; baseline -0.02 -3"><span class='ocrx_word' id='word_1_657' title='bbox 2227 3711 2320 3748; x_wconf 90' lang='grc' dir='ltr'><strong>νυν</strong></span> <span class='ocrx_word' id='word_1_658' title='bbox 2353 3691 2413 3746; x_wconf 92' lang='grc' dir='ltr'><strong>τὸ</strong></span> <span class='ocrx_word' id='word_1_659' title='bbox 2441 3686 2746 3747; x_wconf 81' lang='grc' dir='ltr'><strong>ἀκολούθως</strong></span> <span class='ocrx_word' id='word_1_660' title='bbox 2785 3680 3096 3751; x_wconf 85' lang='grc' dir='ltr'><strong>γενόμενον,</strong></span> <span class='ocrx_word' id='word_1_661' title='bbox 3130 3675 3205 3738; x_wconf 83' lang='grc' dir='ltr'><strong>ὡς</strong></span> <span class='ocrx_word' id='word_1_662' title='bbox 3256 3671 3321 3726; x_wconf 81' lang='grc' dir='ltr'><strong>ἂν</strong></span> <span class='ocrx_word' id='word_1_663' title='bbox 3361 3671 3432 3741; x_wconf 85' lang='grc' dir='ltr'><strong>μή</strong></span> <span class='ocrx_word' id='word_1_664' title='bbox 3480 3685 3564 3730; x_wconf 89' lang='grc' dir='ltr'><strong>τις</strong></span> <span class='ocrx_word' id='word_1_665' title='bbox 3608 3665 3797 3733; x_wconf 85' lang='grc' dir='ltr'><strong>ἀνάγοι</strong></span> 
     </span>
    </p>
   </div>
   <div class='ocr_carea' id='block_1_84' title="bbox 2229 3755 3800 3853">
    <p class='ocr_par' dir='ltr' id='par_1_84' title="bbox 2229 3755 3800 3853">
     <span class='ocr_line' id='line_1_84' title="bbox 2229 3755 3800 3853; baseline -0.02 -16"><span class='ocrx_word' id='word_1_666' title='bbox 2229 3783 2361 3853; x_wconf 87' lang='grc' dir='ltr'><strong>πρὸς</strong></span> <span class='ocrx_word' id='word_1_667' title='bbox 2391 3777 2693 3848; x_wconf 78' lang='grc' dir='ltr'><strong>αὐτόματόν</strong></span> <span class='ocrx_word' id='word_1_668' title='bbox 2724 3791 2844 3828; x_wconf 87' lang='grc' dir='ltr'><strong>τινα</strong></span> <span class='ocrx_word' id='word_1_669' title='bbox 2883 3766 3198 3838; x_wconf 81' lang='grc' dir='ltr'><strong>συντυχίαν,</strong></span> <span class='ocrx_word' id='word_1_670' title='bbox 3225 3761 3359 3816; x_wconf 89' lang='grc' dir='ltr'><strong>Θεοῦ</strong></span> <span class='ocrx_word' id='word_1_671' title='bbox 3388 3775 3550 3830; x_wconf 83' lang='grc' dir='ltr'><strong>φησιν</strong></span> <span class='ocrx_word' id='word_1_672' title='bbox 3585 3756 3745 3827; x_wconf 78' lang='grc' dir='ltr'><strong>ἔργον</strong></span> <span class='ocrx_word' id='word_1_673' title='bbox 3769 3755 3800 3807; x_wconf 88' lang='lat'><strong>6</strong></span> 
     </span>
    </p>
   </div>
   <div class='ocr_carea' id='block_1_85' title="bbox 2229 3850 3796 3943">
    <p class='ocr_par' dir='ltr' id='par_1_85' title="bbox 2229 3850 3796 3943">
     <span class='ocr_line' id='line_1_85' title="bbox 2229 3850 3796 3943; baseline -0.022 -13"><span class='ocrx_word' id='word_1_674' title='bbox 2229 3873 2488 3943; x_wconf 83' lang='grc' dir='ltr'><strong>Μωῦσῆς,</strong></span> <span class='ocrx_word' id='word_1_675' title='bbox 2517 3870 2609 3924; x_wconf 87' lang='grc' dir='ltr'><strong>τοῦ</strong></span> <span class='ocrx_word' id='word_1_676' title='bbox 2648 3869 2745 3939; x_wconf 76' lang='grc' dir='ltr'><strong>τὴν</strong></span> <span class='ocrx_word' id='word_1_677' title='bbox 2777 3866 3002 3935; x_wconf 89' lang='grc' dir='ltr'><strong>δύναμιν</strong></span> <span class='ocrx_word' id='word_1_678' title='bbox 3029 3861 3234 3929; x_wconf 90' lang='grc' dir='ltr'><strong>ταύτην</strong></span> <span class='ocrx_word' id='word_1_679' title='bbox 3267 3851 3655 3919; x_wconf 81' lang='grc' dir='ltr'><strong>ἐναποθεμένου</strong></span> <span class='ocrx_word' id='word_1_680' title='bbox 3684 3850 3796 3909; x_wconf 83' lang='grc' dir='ltr'><strong>τοῖς</strong></span> 
     </span>
    </p>
   </div>
   <div class='ocr_carea' id='block_1_86' title="bbox 2230 3940 3801 4036">
    <p class='ocr_par' dir='ltr' id='par_1_86' title="bbox 2230 3940 3801 4036">
     <span class='ocr_line' id='line_1_86' title="bbox 2230 3940 3801 4036; baseline -0.019 -15"><span class='ocrx_word' id='word_1_681' title='bbox 2230 3940 2540 4036; x_wconf 80' lang='grc' dir='ltr'><strong>γενομένοις</strong></span> <span class='ocrx_word' id='word_1_682' title='bbox 2562 3980 2574 3993; x_wconf 82' lang='grc'><em>’</em></span> <span class='ocrx_word' id='word_1_683' title='bbox 2606 3961 2739 4015; x_wconf 79' lang='grc' dir='ltr'><strong>ἀλλὰ</strong></span> <span class='ocrx_word' id='word_1_684' title='bbox 2771 3959 2875 4030; x_wconf 85' lang='grc' dir='ltr'><strong>μὴν</strong></span> <span class='ocrx_word' id='word_1_685' title='bbox 2904 3956 2963 4010; x_wconf 88' lang='grc' dir='ltr'><strong>τὸ</strong></span> <span class='ocrx_word' id='word_1_686' title='bbox 2990 3953 3166 4019; x_wconf 78' lang='grc' dir='ltr'><strong>ὀξεῖάν</strong></span> <span class='ocrx_word' id='word_1_687' title='bbox 3194 3966 3252 4002; x_wconf 89' lang='grc' dir='ltr'><strong>τε</strong></span> <span class='ocrx_word' id='word_1_688' title='bbox 3285 3945 3379 4000; x_wconf 73' lang='grc' dir='ltr'><strong>καὶ</strong></span> <span class='ocrx_word' id='word_1_689' title='bbox 3408 3941 3667 4036; x_wconf 62' lang='grc' dir='ltr'><strong>ἀνωφερῆ</strong></span> <span class='ocrx_word' id='word_1_690' title='bbox 3705 3940 3801 4036; x_wconf 68' lang='grc' dir='ltr'><strong>καὶ</strong></span> 
     </span>
    </p>
   </div>
   <div class='ocr_carea' id='block_1_87' title="bbox 2231 4031 3802 4127">
    <p class='ocr_par' dir='ltr' id='par_1_87' title="bbox 2231 4031 3802 4127">
     <span class='ocr_line' id='line_1_87' title="bbox 2231 4031 3802 4127; baseline -0.02 -15"><span class='ocrx_word' id='word_1_691' title='bbox 2231 4031 2540 4127; x_wconf 81' lang='grc' dir='ltr'><strong>ἀεικίνητον</strong></span> <span class='ocrx_word' id='word_1_692' title='bbox 2577 4052 2669 4105; x_wconf 89' lang='grc' dir='ltr'><strong>τοῦ</strong></span> <span class='ocrx_word' id='word_1_693' title='bbox 2704 4051 2873 4119; x_wconf 86' lang='grc' dir='ltr'><strong>πυρὸς</strong></span> <span class='ocrx_word' id='word_1_694' title='bbox 2909 4043 3044 4099; x_wconf 76' lang='grc' dir='ltr'><strong>εἶναι</strong></span> <span class='ocrx_word' id='word_1_695' title='bbox 3075 4043 3174 4112; x_wconf 86' lang='grc' dir='ltr'><strong>τὴν</strong></span> <span class='ocrx_word' id='word_1_696' title='bbox 3216 4037 3396 4108; x_wconf 82' lang='grc' dir='ltr'><strong>φύσιν,</strong></span> <span class='ocrx_word' id='word_1_697' title='bbox 3439 4035 3606 4088; x_wconf 60' lang='grc' dir='ltr'><strong>παντὶ⁸</strong></span> <span class='ocrx_word' id='word_1_698' title='bbox 3643 4031 3802 4102; x_wconf 78' lang='grc' dir='ltr'><strong>δῆλον</strong></span> 
     </span>
    </p>
   </div>
   <div class='ocr_carea' id='block_1_88' title="bbox 2231 4125 3803 4216">
    <p class='ocr_par' dir='ltr' id='par_1_88' title="bbox 2231 4125 3803 4216">
     <span class='ocr_line' id='line_1_88' title="bbox 2231 4125 3803 4216; baseline -0.02 -11"><span class='ocrx_word' id='word_1_699' title='bbox 2231 4153 2296 4205; x_wconf 78' lang='grc' dir='ltr'><strong>ὲκ</strong></span> <span class='ocrx_word' id='word_1_700' title='bbox 2315 4125 2784 4216; x_wconf 69' lang='grc' dir='ltr'><strong>τῶνφαινομένων</strong></span> <span class='ocrx_word' id='word_1_701' title='bbox 2813 4141 2957 4194; x_wconf 79' lang='grc' dir='ltr'><strong>ἐστίν</strong></span> <span class='ocrx_word' id='word_1_702' title='bbox 2974 4157 2988 4170; x_wconf 76' lang='grc' dir='ltr'><strong>ο</strong></span> <span class='ocrx_word' id='word_1_703' title='bbox 3018 4137 3052 4191; x_wconf 77' lang='grc' dir='ltr'>ἃ</span> <span class='ocrx_word' id='word_1_704' title='bbox 3080 4136 3134 4187; x_wconf 81' lang='grc' dir='ltr'><strong>δὲ</strong></span> <span class='ocrx_word' id='word_1_705' title='bbox 3159 4132 3250 4187; x_wconf 86' lang='grc' dir='ltr'><strong>διὰ</strong></span> <span class='ocrx_word' id='word_1_706' title='bbox 3271 4131 3370 4216; x_wconf 75' lang='grc' dir='ltr'><strong>τῆς</strong></span> <span class='ocrx_word' id='word_1_707' title='bbox 3397 4127 3574 4198; x_wconf 79' lang='grc' dir='ltr'><strong>ἀρχῆς</strong></span> <span class='ocrx_word' id='word_1_708' title='bbox 3600 4125 3803 4194; x_wconf 85' lang='grc' dir='ltr'><strong>ταύτης</strong></span> 
     </span>
    </p>
   </div>
   <div class='ocr_carea' id='block_1_89' title="bbox 2233 4213 3804 4296">
    <p class='ocr_par' dir='ltr' id='par_1_89' title="bbox 2233 4213 3804 4296">
     <span class='ocr_line' id='line_1_89' title="bbox 2233 4213 3804 4296; baseline -0.018 1"><span class='ocrx_word' id='word_1_709' title='bbox 2233 4245 2298 4296; x_wconf 85' lang='grc' dir='ltr'><strong>ὲκ</strong></span> <span class='ocrx_word' id='word_1_710' title='bbox 2323 4240 2415 4295; x_wconf 90' lang='grc' dir='ltr'><strong>τοῦ</strong></span> <span class='ocrx_word' id='word_1_711' title='bbox 2443 4213 2738 4292; x_wconf 80' lang='grc' dir='ltr'><strong>ἀκολούθου</strong></span> <span class='ocrx_word' id='word_1_712' title='bbox 2764 4236 2902 4287; x_wconf 87' lang='grc' dir='ltr'><strong>νοεῖν</strong></span> <span class='ocrx_word' id='word_1_713' title='bbox 2930 4227 3243 4284; x_wconf 82' lang='grc' dir='ltr'><strong>ὑποτίθεται</strong></span> <span class='ocrx_word' id='word_1_714' title='bbox 3264 4227 3291 4278; x_wconf 89' lang='lat'><strong>6</strong></span> <span class='ocrx_word' id='word_1_715' title='bbox 3309 4213 3487 4290; x_wconf 87' lang='grc' dir='ltr'><strong>λόγος,</strong></span> <span class='ocrx_word' id='word_1_716' title='bbox 3516 4218 3804 4288; x_wconf 84' lang='grc' dir='ltr'><strong>ἱστορικῶς</strong></span> 
     </span>
    </p>
   </div>
   <div class='ocr_carea' id='block_1_90' title="bbox 2235 4309 3804 4406">
    <p class='ocr_par' dir='ltr' id='par_1_90' title="bbox 2235 4309 3804 4406">
     <span class='ocr_line' id='line_1_90' title="bbox 2235 4309 3804 4406; baseline -0.018 -18"><span class='ocrx_word' id='word_1_717' title='bbox 2235 4333 2386 4406; x_wconf 87' lang='grc' dir='ltr'><strong>παρά</strong></span> <span class='ocrx_word' id='word_1_718' title='bbox 2413 4330 2506 4384; x_wconf 90' lang='grc' dir='ltr'><strong>τοῦ</strong></span> <span class='ocrx_word' id='word_1_719' title='bbox 2544 4326 2816 4389; x_wconf 78' lang='grc' dir='ltr'><strong>Μωῦσέως</strong></span> <span class='ocrx_word' id='word_1_720' title='bbox 2855 4327 2912 4377; x_wconf 85' lang='grc' dir='ltr'>ὲν</span> <span class='ocrx_word' id='word_1_721' title='bbox 2949 4323 3281 4392; x_wconf 80' lang='grc' dir='ltr'><strong>διηγήματος</strong></span> <span class='ocrx_word' id='word_1_722' title='bbox 3311 4315 3440 4369; x_wconf 76' lang='grc' dir='ltr'><strong>εἴδει</strong></span> <span class='ocrx_word' id='word_1_723' title='bbox 3473 4309 3804 4381; x_wconf 77' lang='grc' dir='ltr'><strong>συγκαταγέ-</strong></span> 
     </span>
    </p>
   </div>
   <div class='ocr_carea' id='block_1_91' title="bbox 557 4398 2116 4497">
    <p class='ocr_par' dir='ltr' id='par_1_91' title="bbox 557 4398 2116 4476">
     <span class='ocr_line' id='line_1_91' title="bbox 557 4398 2116 4476; baseline -0.004 -19"><span class='ocrx_word' id='word_1_724' title='bbox 557 4403 775 4468; x_wconf 90' lang='lat' dir='ltr'><strong>dantur,</strong></span> <span class='ocrx_word' id='word_1_725' title='bbox 806 4419 969 4458; x_wconf 91' lang='lat' dir='ltr'><strong>omne</strong></span> <span class='ocrx_word' id='word_1_726' title='bbox 1006 4403 1336 4476; x_wconf 79' lang='lat' dir='ltr'><strong>legislatoris</strong></span> <span class='ocrx_word' id='word_1_727' title='bbox 1379 4401 1620 4458; x_wconf 89' lang='lat' dir='ltr'><strong>studium</strong></span> <span class='ocrx_word' id='word_1_728' title='bbox 1666 4415 1812 4456; x_wconf 89' lang='lat' dir='ltr'><strong>nunc</strong></span> <span class='ocrx_word' id='word_1_729' title='bbox 1843 4415 1909 4455; x_wconf 92' lang='lat' dir='ltr'><strong>eo</strong></span> <span class='ocrx_word' id='word_1_730' title='bbox 1940 4398 2116 4469; x_wconf 73' lang='lat' dir='ltr'><strong>dirigi,</strong></span> 
     </span>
    </p>
   </div>
   <div class='ocr_carea' id='block_1_92' title="bbox 2218 4398 3798 4497">
    <p class='ocr_par' dir='ltr' id='par_1_92' title="bbox 2230 4398 3798 4497">
     <span class='ocr_line' id='line_1_92' title="bbox 2230 4398 3798 4497; baseline -0.019 -17"><span class='ocrx_word' id='word_1_731' title='bbox 2230 4398 2493 4497; x_wconf 82' lang='grc' dir='ltr'><strong>γραπται,</strong></span> <span class='ocrx_word' id='word_1_732' title='bbox 2508 4423 2589 4486; x_wconf 87' lang='grc' dir='ltr'><strong>τὸ,</strong></span> <span class='ocrx_word' id='word_1_733' title='bbox 2604 4417 2742 4472; x_wconf 77' lang='grc' dir='ltr'><strong>«Καὶ</strong></span> <span class='ocrx_word' id='word_1_734' title='bbox 2770 4415 2982 4484; x_wconf 75' lang='grc' dir='ltr'><strong>ἐγένετο</strong></span> <span class='ocrx_word' id='word_1_735' title='bbox 3001 4411 3228 4480; x_wconf 79' lang='grc' dir='ltr'><strong>ἑσπέρα.</strong></span> <span class='ocrx_word' id='word_1_736' title='bbox 3247 4409 3340 4461; x_wconf 74' lang='grc' dir='ltr'><strong>καὶ</strong></span> <span class='ocrx_word' id='word_1_737' title='bbox 3363 4405 3580 4473; x_wconf 74' lang='grc' dir='ltr'><strong>ἐγένετο</strong></span> <span class='ocrx_word' id='word_1_738' title='bbox 3603 4399 3764 4470; x_wconf 77' lang='grc' dir='ltr'><strong>πρωῒ.</strong></span> <span class='ocrx_word' id='word_1_739' title='bbox 3779 4417 3798 4450; x_wconf 70' lang='grc' dir='ltr'><strong>ι</strong></span> 
     </span>
    </p>
   </div>
   <div class='ocr_carea' id='block_1_93' title="bbox 555 4491 2126 4562">
    <p class='ocr_par' dir='ltr' id='par_1_93' title="bbox 555 4491 2126 4562">
     <span class='ocr_line' id='line_1_93' title="bbox 555 4491 2126 4562; baseline -0.004 -13"><span class='ocrx_word' id='word_1_740' title='bbox 555 4509 668 4549; x_wconf 87' lang='lat' dir='ltr'><strong>non</strong></span> <span class='ocrx_word' id='word_1_741' title='bbox 696 4507 753 4548; x_wconf 90' lang='lat' dir='ltr'><strong>ut</strong></span> <span class='ocrx_word' id='word_1_742' title='bbox 781 4509 876 4548; x_wconf 89' lang='lat' dir='ltr'><strong>eas</strong></span> <span class='ocrx_word' id='word_1_743' title='bbox 919 4508 1039 4561; x_wconf 69' lang='lat' dir='ltr'><strong>qua:</strong></span> <span class='ocrx_word' id='word_1_744' title='bbox 1092 4502 1271 4548; x_wconf 91' lang='lat' dir='ltr'><strong>mente</strong></span> <span class='ocrx_word' id='word_1_745' title='bbox 1307 4501 1468 4562; x_wconf 90' lang='lat' dir='ltr'><strong>atque</strong></span> <span class='ocrx_word' id='word_1_746' title='bbox 1517 4493 1700 4546; x_wconf 87' lang='lat' dir='ltr'><strong>animo</strong></span> <span class='ocrx_word' id='word_1_747' title='bbox 1734 4491 2126 4562; x_wconf 82' lang='lat' dir='ltr'><strong>percipiuntur,</strong></span> 
     </span>
    </p>
   </div>
   <div class='ocr_carea' id='block_1_94' title="bbox 556 4583 2128 4655">
    <p class='ocr_par' dir='ltr' id='par_1_94' title="bbox 556 4583 2128 4655">
     <span class='ocr_line' id='line_1_94' title="bbox 556 4583 2128 4655; baseline -0.001 -16"><span class='ocrx_word' id='word_1_748' title='bbox 556 4593 810 4655; x_wconf 78' lang='lat' dir='ltr'><strong>exponat,</strong></span> <span class='ocrx_word' id='word_1_749' title='bbox 851 4583 947 4638; x_wconf 89' lang='lat' dir='ltr'><strong>sed</strong></span> <span class='ocrx_word' id='word_1_750' title='bbox 984 4594 1041 4637; x_wconf 89' lang='lat' dir='ltr'><strong>ut</strong></span> <span class='ocrx_word' id='word_1_751' title='bbox 1070 4584 1136 4638; x_wconf 91' lang='lat' dir='ltr'><strong>iis</strong></span> <span class='ocrx_word' id='word_1_752' title='bbox 1164 4599 1284 4652; x_wconf 75' lang='lat' dir='ltr'><strong>quae</strong></span> <span class='ocrx_word' id='word_1_753' title='bbox 1316 4593 1618 4638; x_wconf 88' lang='lat' dir='ltr'><strong>cernuntur</strong></span> <span class='ocrx_word' id='word_1_754' title='bbox 1648 4599 1830 4640; x_wconf 89' lang='lat' dir='ltr'><strong>rerum</strong></span> <span class='ocrx_word' id='word_1_755' title='bbox 1871 4583 2128 4640; x_wconf 88' lang='lat' dir='ltr'><strong>sensibus</strong></span> 
     </span>
    </p>
   </div>
   <div class='ocr_carea' id='block_1_95' title="bbox 557 4672 2026 4743">
    <p class='ocr_par' dir='ltr' id='par_1_95' title="bbox 557 4672 2026 4743">
     <span class='ocr_line' id='line_1_95' title="bbox 557 4672 2026 4743; baseline -0.003 -10"><span class='ocrx_word' id='word_1_756' title='bbox 557 4674 918 4733; x_wconf 76' lang='lat' dir='ltr'><strong>obnoxiarnm</strong></span> <span class='ocrx_word' id='word_1_757' title='bbox 944 4679 1195 4727; x_wconf 89' lang='lat' dir='ltr'><strong>ornatum</strong></span> <span class='ocrx_word' id='word_1_758' title='bbox 1211 4679 1266 4728; x_wconf 89' lang='lat' dir='ltr'><strong>et</strong></span> <span class='ocrx_word' id='word_1_759' title='bbox 1290 4672 1702 4743; x_wconf 83' lang='lat' dir='ltr'><strong>dispositionem</strong></span> <span class='ocrx_word' id='word_1_760' title='bbox 1736 4673 2026 4731; x_wconf 74' lang='lat' dir='ltr'><strong>ostendat?</strong></span> 
     </span>
    </p>
   </div>
   <div class='ocr_carea' id='block_1_96' title="bbox 629 4881 2134 4954">
    <p class='ocr_par' dir='ltr' id='par_1_96' title="bbox 629 4881 2134 4954">
     <span class='ocr_line' id='line_1_96' title="bbox 629 4881 2134 4954; baseline 0.001 -12"><span class='ocrx_word' id='word_1_761' title='bbox 629 4884 766 4942; x_wconf 89' lang='lat' dir='ltr'><strong>Cum</strong></span> <span class='ocrx_word' id='word_1_762' title='bbox 795 4883 962 4954; x_wconf 84' lang='lat' dir='ltr'><strong>igitur</strong></span> <span class='ocrx_word' id='word_1_763' title='bbox 999 4881 1162 4953; x_wconf 87' lang='lat' dir='ltr'><strong>ignis,</strong></span> <span class='ocrx_word' id='word_1_764' title='bbox 1209 4882 1300 4953; x_wconf 89' lang='lat' dir='ltr'><strong>qui</strong></span> <span class='ocrx_word' id='word_1_765' title='bbox 1329 4891 1525 4937; x_wconf 89' lang='lat' dir='ltr'><strong>natura</strong></span> <span class='ocrx_word' id='word_1_766' title='bbox 1569 4897 1668 4938; x_wconf 90' lang='lat' dir='ltr'><strong>sua</strong></span> <span class='ocrx_word' id='word_1_767' title='bbox 1699 4885 1980 4942; x_wconf 90' lang='lat' dir='ltr'><strong>celerrime</strong></span> <span class='ocrx_word' id='word_1_768' title='bbox 2011 4904 2134 4944; x_wconf 90' lang='lat' dir='ltr'><strong>sur-</strong></span> 
     </span>
    </p>
   </div>
   <div class='ocr_carea' id='block_1_97' title="bbox 559 4973 2138 5044">
    <p class='ocr_par' dir='ltr' id='par_1_97' title="bbox 559 4973 2138 5044">
     <span class='ocr_line' id='line_1_97' title="bbox 559 4973 2138 5044; baseline 0.003 -12"><span class='ocrx_word' id='word_1_769' title='bbox 559 4989 682 5032; x_wconf 84' lang='lat' dir='ltr'><strong>sum</strong></span> <span class='ocrx_word' id='word_1_770' title='bbox 731 4973 921 5039; x_wconf 89' lang='lat' dir='ltr'><strong>tendit,</strong></span> <span class='ocrx_word' id='word_1_771' title='bbox 977 4981 1235 5044; x_wconf 89' lang='lat' dir='ltr'><strong>tanquam</strong></span> <span class='ocrx_word' id='word_1_772' title='bbox 1289 4974 1486 5044; x_wconf 81' lang='lat' dir='ltr'><strong>sagitta</strong></span> <span class='ocrx_word' id='word_1_773' title='bbox 1542 4974 1612 5029; x_wconf 87' lang='lat' dir='ltr'><strong>ab</strong></span> <span class='ocrx_word' id='word_1_774' title='bbox 1672 4988 1801 5030; x_wconf 84' lang='lat' dir='ltr'><strong>arcu</strong></span> <span class='ocrx_word' id='word_1_775' title='bbox 1831 4978 2030 5034; x_wconf 84' lang='lat' dir='ltr'><strong>emissa</strong></span> <span class='ocrx_word' id='word_1_776' title='bbox 2069 4983 2138 5038; x_wconf 92' lang='lat' dir='ltr'><strong>ab</strong></span> 
     </span>
    </p>
   </div>
   <div class='ocr_carea' id='block_1_98' title="bbox 562 5064 2136 5134">
    <p class='ocr_par' dir='ltr' id='par_1_98' title="bbox 562 5064 2136 5134">
     <span class='ocr_line' id='line_1_98' title="bbox 562 5064 2136 5134; baseline 0.004 -13"><span class='ocrx_word' id='word_1_777' title='bbox 562 5067 685 5123; x_wconf 90' lang='lat' dir='ltr'><strong>aliis</strong></span> <span class='ocrx_word' id='word_1_778' title='bbox 730 5065 1015 5122; x_wconf 88' lang='lat' dir='ltr'><strong>elementis</strong></span> <span class='ocrx_word' id='word_1_779' title='bbox 1057 5064 1418 5134; x_wconf 87' lang='lat' dir='ltr'><strong>progrediens</strong></span> <span class='ocrx_word' id='word_1_780' title='bbox 1464 5081 1531 5121; x_wconf 79' lang='lat' dir='ltr'><strong>ex</strong></span> <span class='ocrx_word' id='word_1_781' title='bbox 1566 5065 1923 5124; x_wconf 88' lang='lat' dir='ltr'><strong>universitate</strong></span> <span class='ocrx_word' id='word_1_782' title='bbox 1955 5085 2136 5127; x_wconf 90' lang='lat' dir='ltr'><strong>rerum</strong></span> 
     </span>
    </p>
   </div>
   <div class='ocr_carea' id='block_1_99' title="bbox 559 5154 2140 5228">
    <p class='ocr_par' dir='ltr' id='par_1_99' title="bbox 559 5154 2140 5228">
     <span class='ocr_line' id='line_1_99' title="bbox 559 5154 2140 5228; baseline 0.004 -17"><span class='ocrx_word' id='word_1_783' title='bbox 559 5163 689 5212; x_wconf 77' lang='lat' dir='ltr'><strong>ante</strong></span> <span class='ocrx_word' id='word_1_784' title='bbox 712 5155 1062 5219; x_wconf 79' lang='lat' dir='ltr'><strong>exsilivisset,</strong></span> <span class='ocrx_word' id='word_1_785' title='bbox 1082 5162 1136 5210; x_wconf 89' lang='lat' dir='ltr'><strong>et</strong></span> <span class='ocrx_word' id='word_1_786' title='bbox 1155 5169 1316 5224; x_wconf 88' lang='lat' dir='ltr'><strong>quam</strong></span> <span class='ocrx_word' id='word_1_787' title='bbox 1349 5154 1576 5224; x_wconf 87' lang='lat' dir='ltr'><strong>cogitari</strong></span> <span class='ocrx_word' id='word_1_788' title='bbox 1602 5157 1775 5226; x_wconf 84' lang='lat' dir='ltr'><strong>possit</strong></span> <span class='ocrx_word' id='word_1_789' title='bbox 1830 5159 2140 5228; x_wconf 86' lang='lat' dir='ltr'><strong>celerrime,</strong></span> 
     </span>
    </p>
   </div>
   <div class='ocr_carea' id='block_1_100' title="bbox 561 5245 2140 5315">
    <p class='ocr_par' dir='ltr' id='par_1_100' title="bbox 561 5245 2140 5315">
     <span class='ocr_line' id='line_1_100' title="bbox 561 5245 2140 5315; baseline 0.004 -13"><span class='ocrx_word' id='word_1_790' title='bbox 561 5255 787 5302; x_wconf 68' lang='lat' dir='ltr'><strong>caeteras</strong></span> <span class='ocrx_word' id='word_1_791' title='bbox 819 5247 1007 5302; x_wconf 87' lang='lat' dir='ltr'><strong>sensui</strong></span> <span class='ocrx_word' id='word_1_792' title='bbox 1039 5245 1222 5300; x_wconf 83' lang='lat' dir='ltr'><strong>alliues</strong></span> <span class='ocrx_word' id='word_1_793' title='bbox 1248 5259 1337 5300; x_wconf 86' lang='lat' dir='ltr'><strong>res</strong></span> <span class='ocrx_word' id='word_1_794' title='bbox 1361 5247 1770 5315; x_wconf 86' lang='lat' dir='ltr'><strong>pertransisset,</strong></span> <span class='ocrx_word' id='word_1_795' title='bbox 1797 5264 1896 5305; x_wconf 87' lang='lat' dir='ltr'><strong>nec</strong></span> <span class='ocrx_word' id='word_1_796' title='bbox 1932 5260 2140 5309; x_wconf 91' lang='lat' dir='ltr'><strong>motum</strong></span> 
     </span>
    </p>
   </div>
   <div class='ocr_carea' id='block_1_101' title="bbox 563 5336 2140 5411">
    <p class='ocr_par' dir='ltr' id='par_1_101' title="bbox 563 5336 2140 5411">
     <span class='ocr_line' id='line_1_101' title="bbox 563 5336 2140 5411; baseline 0.003 -16"><span class='ocrx_word' id='word_1_797' title='bbox 563 5344 772 5395; x_wconf 85' lang='lat' dir='ltr'><strong>rectum</strong></span> <span class='ocrx_word' id='word_1_798' title='bbox 826 5337 1041 5409; x_wconf 86' lang='lat' dir='ltr'><strong>longius</strong></span> <span class='ocrx_word' id='word_1_799' title='bbox 1083 5338 1288 5393; x_wconf 89' lang='lat' dir='ltr'><strong>valeret</strong></span> <span class='ocrx_word' id='word_1_800' title='bbox 1334 5336 1656 5406; x_wconf 89' lang='lat' dir='ltr'><strong>producere,</strong></span> <span class='ocrx_word' id='word_1_801' title='bbox 1692 5341 1838 5411; x_wconf 88' lang='lat' dir='ltr'><strong>quod</strong></span> <span class='ocrx_word' id='word_1_802' title='bbox 1906 5358 1994 5398; x_wconf 90' lang='lat' dir='ltr'><strong>res</strong></span> <span class='ocrx_word' id='word_1_803' title='bbox 2033 5345 2140 5400; x_wconf 72' lang='lat' dir='ltr'><strong>illae</strong></span> 
     </span>
    </p>
   </div>
   <div class='ocr_carea' id='block_1_102' title="bbox 563 5428 2138 5504">
    <p class='ocr_par' dir='ltr' id='par_1_102' title="bbox 563 5428 2138 5504">
     <span class='ocr_line' id='line_1_102' title="bbox 563 5428 2138 5504; baseline 0.004 -20"><span class='ocrx_word' id='word_1_804' title='bbox 563 5444 684 5500; x_wconf 73' lang='lat' dir='ltr'><strong>qua:</strong></span> <span class='ocrx_word' id='word_1_805' title='bbox 712 5437 893 5484; x_wconf 92' lang='lat' dir='ltr'><strong>mente</strong></span> <span class='ocrx_word' id='word_1_806' title='bbox 953 5428 1128 5482; x_wconf 89' lang='lat' dir='ltr'><strong>solum</strong></span> <span class='ocrx_word' id='word_1_807' title='bbox 1177 5428 1568 5498; x_wconf 87' lang='lat' dir='ltr'><strong>percipiuntur,</strong></span> <span class='ocrx_word' id='word_1_808' title='bbox 1625 5431 1778 5487; x_wconf 92' lang='lat' dir='ltr'><strong>nullo</strong></span> <span class='ocrx_word' id='word_1_809' title='bbox 1827 5442 1985 5504; x_wconf 87' lang='lat' dir='ltr'><strong>pacto</strong></span> <span class='ocrx_word' id='word_1_810' title='bbox 2013 5451 2138 5490; x_wconf 92' lang='lat' dir='ltr'><strong>cum</strong></span> 
     </span>
    </p>
   </div>
   <div class='ocr_carea' id='block_1_103' title="bbox 565 5519 2137 5594">
    <p class='ocr_par' dir='ltr' id='par_1_103' title="bbox 565 5519 2137 5594">
     <span class='ocr_line' id='line_1_103' title="bbox 565 5519 2137 5594; baseline 0.006 -20"><span class='ocrx_word' id='word_1_811' title='bbox 565 5519 708 5586; x_wconf 82' lang='lat' dir='ltr'><strong>istis,</strong></span> <span class='ocrx_word' id='word_1_812' title='bbox 736 5534 854 5591; x_wconf 63' lang='lat' dir='ltr'><strong>qua</strong></span> <span class='ocrx_word' id='word_1_813' title='bbox 890 5519 1144 5577; x_wconf 86' lang='lat' dir='ltr'><strong>sensibus</strong></span> <span class='ocrx_word' id='word_1_814' title='bbox 1193 5527 1321 5576; x_wconf 89' lang='lat' dir='ltr'><strong>sunt</strong></span> <span class='ocrx_word' id='word_1_815' title='bbox 1352 5522 1628 5589; x_wconf 67' lang='lat' dir='ltr'><strong>expositas,</strong></span> <span class='ocrx_word' id='word_1_816' title='bbox 1656 5523 1834 5594; x_wconf 89' lang='lat' dir='ltr'><strong>qualis</strong></span> <span class='ocrx_word' id='word_1_817' title='bbox 1858 5533 1943 5580; x_wconf 92' lang='lat' dir='ltr'><strong>est</strong></span> <span class='ocrx_word' id='word_1_818' title='bbox 1974 5527 2137 5583; x_wconf 91' lang='lat' dir='ltr'><strong>etiam</strong></span> 
     </span>
    </p>
   </div>
   <div class='ocr_carea' id='block_1_104' title="bbox 593 5719 1960 5812">
    <p class='ocr_par' dir='ltr' id='par_1_104' title="bbox 593 5719 1960 5812">
     <span class='ocr_line' id='line_1_104' title="bbox 593 5719 1960 5812; baseline 0.01 -41"><span class='ocrx_word' id='word_1_819' title='bbox 593 5806 606 5812; x_wconf 19' lang='grc' dir='ltr'><strong>ἢ</strong></span> <span class='ocrx_word' id='word_1_820' title='bbox 641 5719 686 5752; x_wconf 79' lang='grc'><strong>⁸³</strong></span> <span class='ocrx_word' id='word_1_821' title='bbox 723 5719 860 5776; x_wconf 76' lang='lat' dir='ltr'><strong>Gen.</strong></span> <span class='ocrx_word' id='word_1_822' title='bbox 924 5737 962 5789; x_wconf 83' lang='grc' dir='ltr'><strong>ι,</strong></span> <span class='ocrx_word' id='word_1_823' title='bbox 1015 5722 1069 5793; x_wconf 79' lang='grc'><strong>5,</strong></span> <span class='ocrx_word' id='word_1_824' title='bbox 1107 5723 1158 5778; x_wconf 75' lang='grc'><strong>4.</strong></span> <span class='ocrx_word' id='word_1_825' title='bbox 1248 5723 1292 5756; x_wconf 61' lang='grc'>³⁸</span> <span class='ocrx_word' id='word_1_826' title='bbox 1333 5720 1466 5777; x_wconf 80' lang='lat' dir='ltr'><strong>Ibid.</strong></span> <span class='ocrx_word' id='word_1_827' title='bbox 1510 5725 1564 5779; x_wconf 71' lang='grc'><strong>4.</strong></span> <span class='ocrx_word' id='word_1_828' title='bbox 1645 5726 1688 5758; x_wconf 83' lang='grc'><strong>¹³</strong></span> <span class='ocrx_word' id='word_1_829' title='bbox 1729 5727 1866 5783; x_wconf 90' lang='lat' dir='ltr'><strong>lhid.</strong></span> <span class='ocrx_word' id='word_1_830' title='bbox 1906 5725 1960 5775; x_wconf 82' lang='grc'><strong>8·</strong></span> 
     </span>
    </p>
   </div>
   <div class='ocr_carea' id='block_1_105' title="bbox 559 5797 592 5810">
    <p class='ocr_par' dir='ltr' id='par_1_105' title="bbox 559 5797 592 5810">
     <span class='ocr_line' id='line_1_105' title="bbox 559 5797 592 5810; baseline 0 0"><span class='ocrx_word' id='word_1_831' title='bbox 559 5797 592 5810; x_wconf 55' lang='grc' dir='ltr'>ι</span> 
     </span>
    </p>
   </div>
   <div class='ocr_carea' id='block_1_106' title="bbox 2238 4489 3802 4584">
    <p class='ocr_par' dir='ltr' id='par_1_106' title="bbox 2238 4489 3802 4584">
     <span class='ocr_line' id='line_1_106' title="bbox 2238 4489 3802 4584; baseline -0.02 -13"><span class='ocrx_word' id='word_1_832' title='bbox 2238 4489 2332 4578; x_wconf 52' lang='lat' dir='ltr'><strong>&quot;Tt;</strong></span> <span class='ocrx_word' id='word_1_833' title='bbox 2350 4513 2457 4584; x_wconf 78' lang='grc' dir='ltr'><strong>γὰρ</strong></span> <span class='ocrx_word' id='word_1_834' title='bbox 2472 4512 2571 4564; x_wconf 78' lang='grc' dir='ltr'><strong>οὐκ</strong></span> <span class='ocrx_word' id='word_1_835' title='bbox 2587 4503 2728 4562; x_wconf 80' lang='grc' dir='ltr'><strong>οῐδεν</strong></span> <span class='ocrx_word' id='word_1_836' title='bbox 2748 4507 2828 4557; x_wconf 84' lang='grc' dir='ltr'><strong>ὅτι</strong></span> <span class='ocrx_word' id='word_1_837' title='bbox 2844 4502 2966 4572; x_wconf 88' lang='grc' dir='ltr'><strong>διχῆ</strong></span> <span class='ocrx_word' id='word_1_838' title='bbox 2977 4502 3074 4571; x_wconf 81' lang='grc' dir='ltr'><strong>τῆς</strong></span> <span class='ocrx_word' id='word_1_839' title='bbox 3087 4498 3314 4558; x_wconf 89' lang='grc' dir='ltr'><strong>κτίσεως</strong></span> <span class='ocrx_word' id='word_1_840' title='bbox 3329 4492 3640 4562; x_wconf 87' lang='grc' dir='ltr'><strong>νοουμένης,</strong></span> <span class='ocrx_word' id='word_1_841' title='bbox 3654 4505 3677 4541; x_wconf 86' lang='grc' dir='ltr'><strong>ε</strong></span> <span class='ocrx_word' id='word_1_842' title='bbox 3687 4489 3732 4550; x_wconf 84' lang='grc' dir='ltr'><strong>ἴς</strong></span> <span class='ocrx_word' id='word_1_843' title='bbox 3743 4502 3802 4540; x_wconf 78' lang='grc' dir='ltr'><strong>τε</strong></span> 
     </span>
    </p>
   </div>
   <div class='ocr_carea' id='block_1_107' title="bbox 2232 4579 3804 4676">
    <p class='ocr_par' dir='ltr' id='par_1_107' title="bbox 2232 4579 3804 4676">
     <span class='ocr_line' id='line_1_107' title="bbox 2232 4579 3804 4676; baseline -0.018 -15"><span class='ocrx_word' id='word_1_844' title='bbox 2232 4607 2294 4661; x_wconf 84' lang='grc' dir='ltr'><strong>τὸ</strong></span> <span class='ocrx_word' id='word_1_845' title='bbox 2309 4579 2496 4676; x_wconf 79' lang='grc' dir='ltr'><strong>νοητὸν</strong></span> <span class='ocrx_word' id='word_1_846' title='bbox 2517 4602 2609 4656; x_wconf 66' lang='grc' dir='ltr'><strong>καὶ</strong></span> <span class='ocrx_word' id='word_1_847' title='bbox 2625 4595 2936 4666; x_wconf 83' lang='grc' dir='ltr'><strong>αίσθητὸν,ή</strong></span> <span class='ocrx_word' id='word_1_848' title='bbox 2957 4595 3106 4646; x_wconf 82' lang='grc' dir='ltr'><strong>πᾶσα</strong></span> <span class='ocrx_word' id='word_1_849' title='bbox 3128 4587 3330 4658; x_wconf 87' lang='grc' dir='ltr'><strong>σπουδὴ</strong></span> <span class='ocrx_word' id='word_1_850' title='bbox 3346 4587 3422 4657; x_wconf 84' lang='grc' dir='ltr'><strong>τῷ</strong></span> <span class='ocrx_word' id='word_1_851' title='bbox 3437 4583 3701 4653; x_wconf 78' lang='grc' dir='ltr'><strong>νομοθέτῃ</strong></span> <span class='ocrx_word' id='word_1_852' title='bbox 3711 4579 3804 4634; x_wconf 89' lang='grc' dir='ltr'><strong>νῦν</strong></span> 
     </span>
    </p>
   </div>
   <div class='ocr_carea' id='block_1_108' title="bbox 2235 4672 3804 4760">
    <p class='ocr_par' dir='ltr' id='par_1_108' title="bbox 2235 4672 3804 4760">
     <span class='ocr_line' id='line_1_108' title="bbox 2235 4672 3804 4760; baseline -0.017 -9"><span class='ocrx_word' id='word_1_853' title='bbox 2235 4672 2403 4760; x_wconf 73' lang='grc' dir='ltr'><strong>ἐστιν,</strong></span> <span class='ocrx_word' id='word_1_854' title='bbox 2418 4695 2480 4747; x_wconf 83' lang='grc' dir='ltr'><strong>οὐ</strong></span> <span class='ocrx_word' id='word_1_855' title='bbox 2496 4692 2566 4746; x_wconf 86' lang='grc' dir='ltr'><strong>τὰ</strong></span> <span class='ocrx_word' id='word_1_856' title='bbox 2580 4689 2745 4760; x_wconf 85' lang='grc' dir='ltr'><strong>νοητὰ</strong></span> <span class='ocrx_word' id='word_1_857' title='bbox 2761 4682 3150 4756; x_wconf 81' lang='grc' dir='ltr'><strong>ἐξηγήσασθαι,</strong></span> <span class='ocrx_word' id='word_1_858' title='bbox 3166 4680 3300 4735; x_wconf 83' lang='grc' dir='ltr'><strong>ἀλλὰ</strong></span> <span class='ocrx_word' id='word_1_859' title='bbox 3317 4676 3587 4740; x_wconf 81' lang='grc' dir='ltr'><strong>ὑποδεῖξαι</strong></span> <span class='ocrx_word' id='word_1_860' title='bbox 3601 4673 3690 4728; x_wconf 86' lang='grc' dir='ltr'><strong>διά</strong></span> <span class='ocrx_word' id='word_1_861' title='bbox 3701 4672 3804 4726; x_wconf 83' lang='grc' dir='ltr'><strong>τῶν</strong></span> 
     </span>
    </p>
   </div>
   <div class='ocr_carea' id='block_1_109' title="bbox 2238 4766 3801 4858">
    <p class='ocr_par' dir='ltr' id='par_1_109' title="bbox 2238 4766 3801 4858">
     <span class='ocr_line' id='line_1_109' title="bbox 2238 4766 3801 4858; baseline -0.017 -16"><span class='ocrx_word' id='word_1_862' title='bbox 2238 4784 2576 4858; x_wconf 85' lang='grc' dir='ltr'><strong>φαινομένων</strong></span> <span class='ocrx_word' id='word_1_863' title='bbox 2601 4782 2730 4852; x_wconf 79' lang='grc' dir='ltr'><strong>ἡμῖν</strong></span> <span class='ocrx_word' id='word_1_864' title='bbox 2749 4778 2846 4850; x_wconf 80' lang='grc' dir='ltr'><strong>τὴν</strong></span> <span class='ocrx_word' id='word_1_865' title='bbox 2871 4778 2929 4829; x_wconf 83' lang='grc' dir='ltr'><strong>ὲν</strong></span> <span class='ocrx_word' id='word_1_866' title='bbox 2953 4776 3066 4836; x_wconf 87' lang='grc' dir='ltr'><strong>τοῖς</strong></span> <span class='ocrx_word' id='word_1_867' title='bbox 3100 4770 3376 4841; x_wconf 79' lang='grc' dir='ltr'><strong>αἰσθητοῖς</strong></span> <span class='ocrx_word' id='word_1_868' title='bbox 3414 4766 3801 4835; x_wconf 86' lang='grc' dir='ltr'><strong>διακόσμησιν;</strong></span> 
     </span>
    </p>
   </div>
   <div class='ocr_carea' id='block_1_110' title="bbox 2323 4875 3803 4956">
    <p class='ocr_par' dir='ltr' id='par_1_110' title="bbox 2323 4875 3803 4956">
     <span class='ocr_line' id='line_1_110' title="bbox 2323 4875 3803 4956; baseline -0.014 -9"><span class='ocrx_word' id='word_1_869' title='bbox 2323 4892 2477 4948; x_wconf 71' lang='grc' dir='ltr'><strong>Ἐπεὶ</strong></span> <span class='ocrx_word' id='word_1_870' title='bbox 2515 4885 2608 4944; x_wconf 81' lang='grc' dir='ltr'><strong>οὖν</strong></span> <span class='ocrx_word' id='word_1_871' title='bbox 2657 4888 2719 4942; x_wconf 90' lang='grc' dir='ltr'><strong>τὸ</strong></span> <span class='ocrx_word' id='word_1_872' title='bbox 2777 4885 2888 4956; x_wconf 88' lang='grc' dir='ltr'><strong>πῦρ</strong></span> <span class='ocrx_word' id='word_1_873' title='bbox 2934 4882 3069 4955; x_wconf 82' lang='grc' dir='ltr'><strong>όμοῦ</strong></span> <span class='ocrx_word' id='word_1_874' title='bbox 3127 4881 3190 4933; x_wconf 91' lang='grc' dir='ltr'><strong>τὸ</strong></span> <span class='ocrx_word' id='word_1_875' title='bbox 3249 4877 3509 4948; x_wconf 79' lang='grc' dir='ltr'><strong>συστῆναι</strong></span> <span class='ocrx_word' id='word_1_876' title='bbox 3567 4876 3628 4943; x_wconf 76' lang='grc' dir='ltr'><strong>τὸ</strong></span> <span class='ocrx_word' id='word_1_877' title='bbox 3679 4875 3803 4937; x_wconf 79' lang='grc' dir='ltr'><strong>πᾶν,</strong></span> 
     </span>
    </p>
   </div>
   <div class='ocr_carea' id='block_1_111' title="bbox 2240 4967 3805 5056">
    <p class='ocr_par' dir='ltr' id='par_1_111' title="bbox 2240 4967 3805 5056">
     <span class='ocr_line' id='line_1_111' title="bbox 2240 4967 3805 5056; baseline -0.016 -14"><span class='ocrx_word' id='word_1_878' title='bbox 2240 4987 2351 5042; x_wconf 85' lang='grc' dir='ltr'><strong>τῶν</strong></span> <span class='ocrx_word' id='word_1_879' title='bbox 2382 4981 2690 5056; x_wconf 82' lang='grc' dir='ltr'><strong>έτεροφυῶν</strong></span> <span class='ocrx_word' id='word_1_880' title='bbox 2721 4978 2998 5049; x_wconf 85' lang='grc' dir='ltr'><strong>στοιχείων</strong></span> <span class='ocrx_word' id='word_1_881' title='bbox 3055 4970 3397 5037; x_wconf 77' lang='grc' dir='ltr'><strong>ἐκτοξευθὲν,</strong></span> <span class='ocrx_word' id='word_1_882' title='bbox 3449 4967 3698 5038; x_wconf 82' lang='grc' dir='ltr'><strong>καθάπερ</strong></span> <span class='ocrx_word' id='word_1_883' title='bbox 3753 4983 3805 5018; x_wconf 85' lang='grc' dir='ltr'><strong>τι</strong></span> 
     </span>
    </p>
   </div>
   <div class='ocr_carea' id='block_1_112' title="bbox 2243 5055 3804 5150">
    <p class='ocr_par' dir='ltr' id='par_1_112' title="bbox 2243 5055 3804 5150">
     <span class='ocr_line' id='line_1_112' title="bbox 2243 5055 3804 5150; baseline -0.015 -17"><span class='ocrx_word' id='word_1_884' title='bbox 2243 5079 2420 5150; x_wconf 84' lang='grc' dir='ltr'><strong>βέλος,</strong></span> <span class='ocrx_word' id='word_1_885' title='bbox 2478 5055 2539 5130; x_wconf 9' lang='grc' dir='ltr'><strong>γὲν</strong></span> <span class='ocrx_word' id='word_1_886' title='bbox 2610 5074 2688 5144; x_wconf 78' lang='grc' dir='ltr'><strong>τῷ</strong></span> <span class='ocrx_word' id='word_1_887' title='bbox 2765 5069 3038 5141; x_wconf 83' lang='grc' dir='ltr'><strong>ἀνωφερεῖ</strong></span> <span class='ocrx_word' id='word_1_888' title='bbox 3094 5065 3194 5119; x_wconf 74' lang='grc' dir='ltr'><strong>καὶ</strong></span> <span class='ocrx_word' id='word_1_889' title='bbox 3271 5063 3458 5133; x_wconf 76' lang='grc' dir='ltr'><strong>κούφῳ</strong></span> <span class='ocrx_word' id='word_1_890' title='bbox 3513 5061 3613 5130; x_wconf 81' lang='grc' dir='ltr'><strong>τῆς</strong></span> <span class='ocrx_word' id='word_1_891' title='bbox 3675 5055 3804 5111; x_wconf 85' lang='grc' dir='ltr'><strong>κατά</strong></span> 
     </span>
    </p>
   </div>
   <div class='ocr_carea' id='block_1_113' title="bbox 2244 5148 3808 5240">
    <p class='ocr_par' dir='ltr' id='par_1_113' title="bbox 2244 5148 3808 5240">
     <span class='ocr_line' id='line_1_113' title="bbox 2244 5148 3808 5240; baseline -0.017 -17"><span class='ocrx_word' id='word_1_892' title='bbox 2244 5148 2404 5240; x_wconf 62' lang='grc' dir='ltr'><strong>ξρύσιν</strong></span> <span class='ocrx_word' id='word_1_893' title='bbox 2457 5166 2723 5236; x_wconf 89' lang='grc' dir='ltr'><strong>κινήσεως</strong></span> <span class='ocrx_word' id='word_1_894' title='bbox 2765 5160 2860 5214; x_wconf 86' lang='grc' dir='ltr'><strong>τοῦ</strong></span> <span class='ocrx_word' id='word_1_895' title='bbox 2912 5157 3112 5219; x_wconf 89' lang='grc' dir='ltr'><strong>παντὸς</strong></span> <span class='ocrx_word' id='word_1_896' title='bbox 3157 5151 3524 5224; x_wconf 70' lang='grc' dir='ltr'><strong>προεξήλατο⁵</strong></span> <span class='ocrx_word' id='word_1_897' title='bbox 3574 5148 3666 5202; x_wconf 78' lang='grc' dir='ltr'><strong>καὶ</strong></span> <span class='ocrx_word' id='word_1_898' title='bbox 3693 5148 3808 5240; x_wconf 47' lang='lat' dir='ltr'><strong>tam</strong></span> 
     </span>
    </p>
   </div>
   <div class='ocr_carea' id='block_1_114' title="bbox 2243 5234 3806 5326">
    <p class='ocr_par' dir='ltr' id='par_1_114' title="bbox 2243 5234 3806 5326">
     <span class='ocr_line' id='line_1_114' title="bbox 2243 5234 3806 5326; baseline -0.017 -15"><span class='ocrx_word' id='word_1_899' title='bbox 2243 5234 2475 5326; x_wconf 78' lang='grc' dir='ltr'><strong>νοήματι</strong></span> <span class='ocrx_word' id='word_1_900' title='bbox 2501 5234 2599 5322; x_wconf 81' lang='grc' dir='ltr'><strong>τὴν</strong></span> <span class='ocrx_word' id='word_1_901' title='bbox 2636 5246 2899 5319; x_wconf 73' lang='grc' dir='ltr'><strong>αἰσθητὴν</strong></span> <span class='ocrx_word' id='word_1_902' title='bbox 2927 5243 3115 5298; x_wconf 82' lang='grc' dir='ltr'><strong>οὐσίαν</strong></span> <span class='ocrx_word' id='word_1_903' title='bbox 3140 5240 3479 5311; x_wconf 82' lang='grc' dir='ltr'><strong>διαπερᾶσαν</strong></span> <span class='ocrx_word' id='word_1_904' title='bbox 3501 5279 3517 5304; x_wconf 93' lang='grc'><strong>,</strong></span> <span class='ocrx_word' id='word_1_905' title='bbox 3547 5238 3646 5290; x_wconf 85' lang='grc' dir='ltr'><strong>οὐκ</strong></span> <span class='ocrx_word' id='word_1_906' title='bbox 3690 5234 3806 5304; x_wconf 76' lang='grc' dir='ltr'><strong>ἔσχε</strong></span> 
     </span>
    </p>
   </div>
   <div class='ocr_carea' id='block_1_115' title="bbox 2244 5328 3808 5419">
    <p class='ocr_par' dir='ltr' id='par_1_115' title="bbox 2244 5328 3808 5419">
     <span class='ocr_line' id='line_1_115' title="bbox 2244 5328 3808 5419; baseline -0.016 -17"><span class='ocrx_word' id='word_1_907' title='bbox 2244 5345 2616 5419; x_wconf 86' lang='grc' dir='ltr'><strong>προσαγαγεῖν</strong></span> <span class='ocrx_word' id='word_1_908' title='bbox 2661 5341 2747 5394; x_wconf 72' lang='grc' dir='ltr'><strong>ἐπ’</strong></span> <span class='ocrx_word' id='word_1_909' title='bbox 2795 5337 3008 5400; x_wconf 83' lang='grc' dir='ltr'><strong>εὐθείας</strong></span> <span class='ocrx_word' id='word_1_910' title='bbox 3058 5336 3156 5407; x_wconf 74' lang='grc' dir='ltr'><strong>τὴν</strong></span> <span class='ocrx_word' id='word_1_911' title='bbox 3202 5332 3435 5404; x_wconf 89' lang='grc' dir='ltr'><strong>κίνησιν,</strong></span> <span class='ocrx_word' id='word_1_912' title='bbox 3475 5329 3574 5399; x_wconf 84' lang='grc' dir='ltr'><strong>τῆς</strong></span> <span class='ocrx_word' id='word_1_913' title='bbox 3621 5328 3808 5398; x_wconf 75' lang='grc' dir='ltr'><strong>νοητῆς</strong></span> 
     </span>
    </p>
   </div>
   <div class='ocr_carea' id='block_1_116' title="bbox 2245 5419 3802 5502">
    <p class='ocr_par' dir='ltr' id='par_1_116' title="bbox 2245 5419 3802 5502">
     <span class='ocr_line' id='line_1_116' title="bbox 2245 5419 3802 5502; baseline -0.013 -11"><span class='ocrx_word' id='word_1_914' title='bbox 2245 5435 2476 5498; x_wconf 82' lang='grc' dir='ltr'><strong>κτίσεως</strong></span> <span class='ocrx_word' id='word_1_915' title='bbox 2507 5432 2884 5502; x_wconf 88' lang='grc' dir='ltr'><strong>ἀκοινωνήτως</strong></span> <span class='ocrx_word' id='word_1_916' title='bbox 2929 5428 3066 5499; x_wconf 81' lang='grc' dir='ltr'><strong>πρὸς</strong></span> <span class='ocrx_word' id='word_1_917' title='bbox 3106 5426 3204 5497; x_wconf 79' lang='grc' dir='ltr'><strong>τὴν</strong></span> <span class='ocrx_word' id='word_1_918' title='bbox 3239 5424 3347 5478; x_wconf 87' lang='grc' dir='ltr'><strong>τῶν</strong></span> <span class='ocrx_word' id='word_1_919' title='bbox 3392 5419 3662 5491; x_wconf 83' lang='grc' dir='ltr'><strong>αἰσθητῶν</strong></span> <span class='ocrx_word' id='word_1_920' title='bbox 3693 5421 3802 5472; x_wconf 67' lang='lat' dir='ltr'><strong>Em-</strong></span> 
     </span>
    </p>
   </div>
   <div class='ocr_carea' id='block_1_117' title="bbox 2249 5512 3808 5600">
    <p class='ocr_par' dir='ltr' id='par_1_117' title="bbox 2249 5512 3808 5600">
     <span class='ocr_line' id='line_1_117' title="bbox 2249 5512 3808 5600; baseline -0.01 -18"><span class='ocrx_word' id='word_1_921' title='bbox 2249 5527 2433 5600; x_wconf 76' lang='grc' dir='ltr'><strong>μιξίαν</strong></span> <span class='ocrx_word' id='word_1_922' title='bbox 2477 5523 2737 5598; x_wconf 79' lang='grc' dir='ltr'><strong>ἐχούσης,</strong></span> <span class='ocrx_word' id='word_1_923' title='bbox 2771 5523 3031 5594; x_wconf 78' lang='grc' dir='ltr'><strong>αίσθητὸν</strong></span> <span class='ocrx_word' id='word_1_924' title='bbox 3071 5520 3127 5575; x_wconf 73' lang='grc' dir='ltr'><strong>δὲ</strong></span> <span class='ocrx_word' id='word_1_925' title='bbox 3164 5519 3224 5573; x_wconf 89' lang='grc' dir='ltr'><strong>τὸ</strong></span> <span class='ocrx_word' id='word_1_926' title='bbox 3255 5517 3396 5589; x_wconf 75' lang='grc' dir='ltr'><strong>πῦρο</strong></span> <span class='ocrx_word' id='word_1_927' title='bbox 3437 5515 3627 5570; x_wconf 87' lang='grc' dir='ltr'><strong>τούτου</strong></span> <span class='ocrx_word' id='word_1_928' title='bbox 3660 5512 3808 5583; x_wconf 84' lang='grc' dir='ltr'><strong>χάριν</strong></span> 
     </span>
    </p>
   </div>
  </div>
