4106 6208
314 253 385 309 Π
1519 244 1585 300 ΙΝ
1617 241 2094 302 HEXAEMERON
2151 241 2373 296 LIBER.
3501 238 3568 295 78

315 377 378 428 ὲν
405 373 525 435 τοῖς
553 371 747 442 ἄκροις
780 369 884 439 τῆς
922 366 1152 430 κτίσεως
1189 365 1333 437 ὅροις
1361 365 1420 418 τδ
1448 363 1560 436 πῦρ
1589 366 1897 435 γενόμενον,
1930 413 1935 426 γ

2036 366 2161 436 gnis,
2187 361 2528 419 commisceri
2574 371 2775 432 queant
2816 379 2828 416 :
2883 375 3150 418 summam
3186 359 3372 415 mundi
3400 359 3573 432 regio~

315 463 640 531 ἀναγκαίως
662 459 948 530 κυκλοειδῆ
983 460 1217 513 ποιεῖται
1245 457 1343 526 τὴν
1371 456 1611 526 κίνησιν,
1638 457 1773 526 πρὸς
1805 457 1902 526 μὲν

317 555 381 608 τδ
400 557 509 607 πᾶν
540 552 810 623 φέρεσθαι
847 549 954 603 ὑπὸ
985 549 1083 619 τῆς
1111 546 1438 618 ἐγκειμένης
1456 550 1521 616 τῇ
1552 547 1710 615 φύσει
1748 547 1902 600 δυνά·

321 661 472 714 μεως
519 640 1016 702 συνελαυνόμενον,
1058 640 1158 708 τῆς
1203 637 1259 692 δὲ
1311 638 1428 690 κατ’
1483 636 1697 699 εὐθείας
1735 638 1905 707 φορᾶς

318 735 509 805 χώραν
539 733 644 786 οὐκ
691 731 958 800 ἐχούσηςο
1006 731 1154 782 πᾶσα
1192 727 1299 798 γὰρ
1347 729 1382 797 ἡ
1429 727 1657 797 αἰσθητὴ
1708 727 1904 792 κτίσις,

321 826 476 887 ἰδίοις
511 825 664 894 ὅροις
691 821 1010 892 περιέχεται
1031 835 1044 849 ο
1075 818 1155 888 τῷ
1183 818 1337 888 ἄκρῳ
1365 815 1560 886 πέρατι
1592 816 1693 886 τῆς
1717 815 1909 886 αἰσθη-

320 919 423 986 τῆς
465 916 689 983 φύσεως
727 912 1045 972 ὲνδιοδεύει,
1075 911 1135 962 ἐν
1173 905 1254 972 οἷς
1287 906 1914 979 εὐοδοῦταικινοῦμενον,

323 1011 425 1078 τῆς
456 1007 659 1076 νοητῆς
697 1004 940 1072 φύσεως,
988 999 1171 1063 καθὼς
1206 999 1506 1068 φθάσαντες
1543 999 1802 1068 εἴπομεν,
1841 999 1907 1052 οὐ

328 1092 788 1169 παραδεχομένης
839 1094 898 1146 ὲν
943 1093 1110 1162 ἑαυτῇ
1163 1089 1256 1143 τοῦ
1315 1088 1486 1160 πυρὸς
1546 1087 1636 1142 τὸν
1691 1088 1908 1159 δρόμον.

329 1188 427 1240 Διὰ
503 1185 667 1238 τοῦτο
732 1186 762 1237 6
829 1181 1074 1251 Μωῦσῆς
1144 1177 1586 1248 ἐπακολουθήσας
1661 1178 1750 1230 διὰ
1815 1177 1912 1246 τῆς

330 1277 574 1339 διανοίας
625 1279 694 1344 τῇ
751 1273 845 1326 τοῦ
900 1272 1070 1341 πυρὸς
1125 1271 1371 1340 κινήσει,
1435 1269 1508 1339 μὴ
1574 1270 1684 1330 τοῖς
1732 1268 1914 1331 αὐτοῖς

339 1369 561 1438 μέρεσιν
607 1363 1076 1436 ὲπιμεμενηκέναι
1127 1361 1259 1431 φησὶ
1315 1360 1375 1414 τὸ
1436 1359 1724 1430 γενόμενον
1767 1359 1911 1426 φῶς,

339 1460 452 1510 ἀλλ’
486 1456 946 1526 ὲκπεριεχόμενον
971 1453 1068 1522 τὴν
1102 1451 1413 1522 παχυτέραν
1441 1451 1548 1504 τῶν
1574 1450 1745 1503 ὄντων
1788 1451 1916 1504 ὑπό-

344 1566 529 1603 στασιν
553 1590 568 1612 ,
610 1549 669 1599 ὲν
710 1545 790 1614 τῷ
840 1542 1056 1614 σφοδρῷ
1091 1543 1189 1612 τῆς
1235 1543 1496 1612 κινήσεως
1539 1537 1917 1611 ἀντιμετάγειν

343 1639 430 1691 διὰ
452 1640 555 1707 τῆς
587 1636 859 1707 περιόδου,
891 1636 1003 1695 τοῖς
1035 1649 1096 1685 τε
1129 1632 1456 1700 ἀφωτίστοις
1485 1631 1544 1684 τὸ
1574 1630 1797 1699 φέγγος,
1827 1629 1918 1684 καὶ

352 1735 460 1793 τοῖς
512 1694 944 1796 πενᾳυτισμένοις
989 1694 1077 1778 τδν
1125 1694 1306 1792 ζόφον.
1360 1694 1518 1786 Ἴσως
1566 1694 1624 1776 δὲ
1657 1694 1810 1777 ’κατά
1851 1722 1920 1776 τὰ
1948 1694 1993 1751 Β

361 1821 588 1891 χρονικὰ
614 1819 946 1889 διαστήματα
972 1817 1074 1884 τῆς
1099 1815 1353 1885 τοιαύτης
1383 1814 1634 1884 διαδοχῆς
1667 1815 1793 1882 περὶ
1825 1814 1923 1884 τὴν

287 1943 296 1951 -
368 1913 518 1965 acim)
571 1908 748 1979 χώραν
789 1907 1109 1978 γινομένης,
1148 1904 1240 1958 τοῦ
1277 1905 1456 1974 φωτός
1505 1921 1646 1974 φημι
1689 1904 1783 1958 καὶ
1827 1903 1921 1957 τοῦ

375 2004 626 2064 σκότους·
671 2000 820 2055 πάλιν
853 1999 930 2069 τῷ
967 1996 1087 2068 Θεῷ
1127 1998 1224 2069 τὴν
1267 1996 1681 2067 ὀνοματοποιίαν
1712 1995 1924 2066 ἡμέρας

372 2109 431 2146 τε
455 2098 544 2146 καὶ
574 2092 755 2154 νυκτὸς
783 2093 810 2144 6
834 2090 1075 2158 Μωῦσῆς
1108 2087 1440 2159 ἀνατίθησιν,
1471 2087 1619 2141 οὐδὲν
1650 2087 1756 2140 τῶν
1783 2085 1925 2140 κατὰ

371 2183 426 2236 τό
457 2182 740 2235 ἀκόλουθον
775 2179 1155 2249 γεγενημένων
1182 2177 1518 2248 αὐτομάτως,
1547 2177 1579 2246 ἢ
1612 2177 1703 2246 ἀφ’
1740 2175 1924 2246 ἐτέρου

363 2274 500 2335 τινὸς
537 2271 831 2342 ἐσχηκέναι
871 2270 970 2341 τὴν
1009 2269 1183 2340 ἀρχὴν
1215 2270 1414 2322 ἐννοεῖν
1458 2267 1786 2337 ἐπιτρέπων.
1829 2266 1927 2319 Διὰ

358 2363 514 2416 τοῦτο
551 2362 717 2432 φησίν
743 2380 756 2392 ·
811 2379 830 2412 ι
876 2362 936 2414 ’0
977 2360 1107 2422 Θεὸς
1151 2358 1376 2412 ἐκάλεσε
1419 2359 1481 2411 τὸ
1525 2357 1639 2426 φῶς
1680 2357 1925 2427 ἡμέραν,

356 2457 449 2508 καὶ
478 2455 538 2506 τὸ
572 2453 763 2516 σκότος
819 2455 1045 2510 ἐκάλεσε
1083 2449 1302 2504 νύκτα.»
1332 2449 1445 2518 Τῆς
1468 2449 1574 2518 γὰρ
1600 2448 1930 2516 φωτιστικῆς

358 2544 640 2612 δυνάμεως
668 2543 931 2613 ἀτρεμεῖν
959 2541 1022 2594 ἐκ
1047 2539 1262 2609 φύσεως
1293 2537 1660 2606 ἀδυνατούσης
1680 2575 1694 2598 ,
1721 2537 1810 2589 ὅτε
1851 2534 1931 2606 τῷ

357 2634 474 2687 ἄνω
501 2633 654 2702 μέρει
679 2631 772 2684 τοῦ
811 2630 1010 2684 κύκλου
1037 2629 1278 2699 διεξῆλθε
1318 2628 1378 2682 τὸ
1414 2627 1614 2696 φέγγος
1633 2667 1648 2690 ,
1677 2627 1770 2680 καὶ
1797 2626 1933 2697 πρὸς

354 2723 417 2775 τὸ
453 2722 811 2791 ὑποκείμενον
841 2716 910 2789 ἦν
941 2721 975 2790 ἡ
1005 2719 1164 2791 φορὰ,
1194 2719 1253 2784 ἐξ
1285 2718 1528 2787 ἀνάγκης
1552 2721 1616 2788 τῇ
1656 2717 1931 2788 ὑποδρομῇ

354 2815 452 2868 τοῦ
480 2815 654 2884 πυρὸς
686 2813 746 2865 τὸ
780 2811 1172 2883 ὑπερκείμενον
1211 2809 1550 2879 ἁπεσκιάσθη
1575 2847 1589 2872 ,
1632 2809 1734 2878 τῆς
1758 2825 1934 2877 παχυ-

354 2903 554 2972 τέρας,
587 2901 660 2964 ώς
698 2899 864 2964 εἰκὸς,
898 2898 1112 2966 φύσεως
1131 2898 1230 2968 τὴν
1267 2897 1439 2967 αὐγὴν
1481 2896 1933 2968 ἐπιπροσθούσης.

356 2992 478 3062 Τὴν
508 2988 602 3044 οὖν
630 2990 722 3042 τοῦ
756 2989 930 3058 φωτὸς
957 2989 1302 3058 ὑποχώρησιν
1320 3026 1336 3050 ,
1368 2988 1603 3058 ἑσπέραν
1624 2988 1931 3058 ὠνόμασεν.

357 3081 478 3134 Καὶ
508 3081 670 3133 πάλιν
699 3080 1184 3150 ἐκπεριδραμὸντος
1208 3077 1301 3131 τοῦ
1327 3079 1496 3150 πυρὸς
1526 3078 1614 3132 τὸν
1647 3079 1938 3149 ὑποκείμε-

359 3187 454 3222 νον
488 3170 713 3232 κύκλον,
742 3169 835 3221 καὶ
859 3171 972 3233 τοῖς
1002 3168 1114 3222 ἄνω
1141 3168 1238 3239 τὴν
1266 3169 1441 3238 αὐγὴν
1476 3169 1937 3238 ὲπαναγαγόντος,

360 3264 582 3333 πρωῖαν
618 3262 682 3314 τὸ
720 3262 1001 3331 γινόμενον
1035 3263 1495 3332 προσηγόρευσεν,
1529 3260 1703 3325 οὕτως
1739 3261 1939 3333 ὀνομά-

365 3371 463 3417 σας
493 3355 587 3406 τδν
619 3353 837 3424 ὄρθρον.
873 3353 1074 3423 Μικρὸν
1104 3353 1158 3406 δὲ
1181 3353 1271 3405 τὸν
1302 3353 1456 3422 λόγον
1492 3355 1939 3425 ὲπαναλάὸωμεν,

365 3446 440 3508 ὡς
464 3447 531 3498 ἂν
571 3446 666 3498 καὶ
690 3445 758 3497 τὰ
787 3444 1098 3514 παραθέντα
1124 3448 1221 3515 τῆς
1251 3443 1396 3506 θείας
1423 3446 1666 3516 Γραφῆς,
1693 3445 1830 3516 πρὸς
1853 3445 1944 3498 τὸν

369 3536 562 3604 εἱρμὸν
592 3539 692 3604 τῆς
718 3533 1074 3603 ἀποδοθείσης
1108 3533 1340 3603 θεωρίας
1367 3536 1500 3604 ἡμῖν
1535 3535 1940 3604 συνεργήσειεν.

372 3621 514 3676 Eius
555 3624 664 3694 γὰρ
691 3627 746 3676 ὲν
776 3625 1012 3696 πρώτοις
1042 3627 1071 3678 ὀ
1107 3625 1205 3693 τῆς
1226 3624 1617 3693 κοσμογενείας
1656 3624 1830 3692 λόγος,
1862 3624 1944 3677 ὅτι

385 3732 405 3764 ι
457 3715 547 3766 Ἐν
589 3715 728 3784 ἀρχῇ
767 3715 1020 3784 ἐποίησεν
1066 3716 1096 3767 ὁ
1135 3713 1267 3776 Θεὸς
1310 3714 1400 3768 τὸν
1437 3715 1664 3785 οὐρανὸν
1713 3715 1804 3768 καὶ
1847 3714 1945 3783 τὴν

375 3803 539 3874 γῆν.)
563 3804 730 3856 Τοῦτο
747 3805 802 3857 δὲ
825 3807 985 3874 ἡμεῖς
1010 3803 1373 3874 ὑπελάϐομεν,
1395 3805 1476 3857 ὅτι
1503 3804 1696 3876 ἀθρόον
1717 3805 1812 3875 τῆς
1840 3804 1946 3858 τῶν

371 3894 542 3946 όντων
578 3895 889 3956 συστάσεως
914 3895 943 3946 6
973 3893 1128 3961 λόγος
1157 3894 1482 3965 παρίστησιν
1501 3936 1515 3956 ,
1544 3895 1609 3947 ὲκ
1663 3895 1757 3947 τοῦ
1794 3911 1944 3965 περιρ

373 3984 590 4055 ἔχοντος
614 3985 712 4038 καὶ
744 3984 806 4037 τὸ
828 3984 978 4048 ἐντὸς
1002 3985 1424 4055 ἐνδεικνύμενος,
1468 3985 1590 4048 Τοῖς
1621 3985 1730 4056 γὰρ
1761 3985 1948 4056 ἄκροις

371 4078 464 4129 καὶ
485 4076 561 4128 τὰ
596 4075 739 4144 μέσα
766 4076 981 4138 πάντως
1003 4075 1408 4146 ἐμπεριέχεται.
1437 4075 1616 4145 Ἀκρα
1640 4075 1697 4128 δὲ
1718 4075 1792 4138 ώς
1816 4075 1950 4146 πρὸς

372 4168 469 4237 τὴν
516 4164 874 4236 ἀνθρωπίνην
925 4164 1210 4236 αἴσθησιν,
1269 4165 1496 4236 οὐρανός
1548 4167 1662 4221 ἐστι
1716 4167 1810 4219 καὶ
1853 4169 1947 4236 γῆ.

373 4257 518 4308 Διότι
576 4255 794 4317 τούτοις
852 4253 1189 4325 ἑκατέρωθεν
1235 4256 1268 4325 ἡ
1320 4254 1428 4308 τῶν
1477 4255 1776 4325 ἀνθρώπων
1829 4255 1950 4325 ὄψις

2005 471 2126 509 nem
2164 455 2413 510 obtinens
2445 454 2501 508 in
2551 453 2738 508 orbem
2766 453 3076 509 necessario
3103 459 3309 506 motum
3331 450 3460 520 egit.
3491 451 3574 505 Ab

2005 548 2168 622 insita
2207 548 2351 602 enim
2383 547 2432 600 vi
2464 547 2703 601 naturali
2739 560 2864 601 cum
2915 545 3172 600 universo
3205 544 3408 598 mundo
3447 543 3572 598 ferri
3609 601 3618 609 _

2007 637 2372 707 compellitur,
2405 637 2585 694 locum
2637 643 2820 691 autem
2843 651 2940 705 per
2960 650 3126 704 quem
3160 641 3308 688 recta
3334 632 3576 688 motione

2009 729 2233 794 feratur,
2259 743 2369 782 non
2398 728 2581 795 habet,
2615 728 2760 798 quod
2785 735 2842 782 et
2881 742 2970 782 res
3017 726 3270 781 sensibus
3319 727 3579 794 expositae

2009 818 2125 875 suis
2148 832 2375 888 quaeque
2400 817 2598 874 ﬁnibus
2629 817 2994 881 continentur,
3027 826 3082 870 et
3107 831 3226 886 quae
3255 815 3436 870 animo
3462 825 3580 870 tan-

2011 914 2126 962 tum
2153 907 2707 977 comprehenduntur,
2740 907 2879 977 ignis
2917 920 3161 969 cursum,
3190 915 3249 958 ut
3293 911 3419 960 ante
3444 906 3582 962 dixi~

2012 1013 2157 1064 mus,
2196 1012 2304 1052 non
2335 997 2662 1068 suscipiunt,
2687 998 2889 1053 idcirco
2934 998 2988 1051 in
3026 1009 3278 1066 suprema
3309 995 3458 1050 orbis
3495 1009 3585 1049 re-

2012 1087 2173 1158 gione
2217 1103 2478 1158 prospere
2515 1087 2717 1158 degens
2757 1088 3216 1143 circumvertitur.
3257 1085 3443 1156 Itaque
3467 1086 3583 1140 Mov

2016 1194 2103 1235 ses
2133 1179 2272 1249 ignis
2299 1188 2506 1234 motum
2547 1181 2924 1246 considerans,
2963 1196 3071 1236 non
3134 1180 3213 1234 ait
3243 1179 3419 1234 lucem
3455 1194 3584 1249 pro-

2016 1278 2254 1326 creatam
2273 1271 2327 1324 in
2361 1273 2564 1328 eisdem
2593 1274 2837 1343 partibus
2863 1272 3250 1342 permansisse,
3287 1273 3381 1328 sed
3422 1271 3586 1327 velte.

2017 1365 2187 1418 menti
2223 1371 2372 1420 motu
2401 1365 2725 1421 crassiorem
2763 1380 2944 1421 rerum
2971 1365 3165 1420 molem
3194 1363 3508 1428 obeuntem,
3532 1369 3588 1420 et

2018 1455 2267 1510 obscuris
2287 1457 2533 1512 attulisse
2553 1458 2917 1528 splendorem.
2945 1466 2998 1512 et
3023 1454 3308 1511 illustratis
3330 1453 3588 1508 tenebras

2018 1544 2328 1613 reliquisse.
2391 1544 2503 1601 llac
2567 1556 2748 1602 autem
2808 1549 2944 1602 lucis
2981 1547 3433 1615 tenebrarumque
3471 1558 3592 1598 suc-

2021 1636 2270 1690 cessione
2287 1637 2460 1705 aequis
2490 1639 2752 1707 temporis
2786 1638 3089 1693 intervallis
3119 1637 3175 1691 in
3203 1637 3426 1706 regione
3449 1632 3590 1691 infe-

2022 1723 2158 1778 riori
2208 1733 2447 1794 peracta,
2501 1724 2698 1792 Moses,
2729 1737 2783 1780 ut
2830 1727 2963 1780 nihil
2997 1743 3204 1790 eorum,
3230 1741 3351 1795 quae
3402 1725 3593 1780 ordino

2023 1823 2315 1871 consecuta
2335 1822 2485 1880 sunt,
2519 1825 2613 1870 aut
2643 1817 2864 1872 fortuito
2889 1825 2982 1872 aut
3010 1817 3077 1870 ab
3107 1817 3212 1870 alia
3245 1830 3412 1870 causa
3441 1815 3593 1886 princ

2024 1906 2228 1976 cipium
2253 1906 2510 1962 habuisse
2535 1907 2858 1973 declararet,
2883 1906 2988 1962 diei
3033 1907 3320 1976 noctisque
3347 1905 3594 1961 denonﬁ-

2025 2001 2300 2055 nationem
2335 1999 2442 2054 Deo
2466 2000 2733 2064 tribuens,
2772 2018 2791 2051 ‹
2828 2000 3150 2071 Appellavit,
3191 1999 3383 2070 inquit,
3418 2010 3595 2052 nucem

2025 2091 2192 2156 diem,
2221 2100 2272 2146 et
2298 2092 2554 2146 tenebras
2584 2099 2794 2146 noctem
2815 2092 2880 2144 η.
2921 2109 2940 2142 ι
2978 2089 3112 2143 Nam
3137 2103 3259 2143 cum
3290 2087 3594 2143 illustrandl

2027 2182 2111 2238 vis
2142 2182 2459 2236 naturaliter
2511 2196 2620 2236 non
2677 2190 2861 2252 posset
2889 2181 3191 2251 quiescere,
3253 2187 3459 2232 umtux
3501 2189 3597 2248 per

2029 2287 2296 2328 summam
2330 2274 2521 2327 circuli
2573 2286 2782 2344 partem
2837 2272 3109 2328 transiens
3193 2270 3261 2324 ad
3316 2268 3597 2338 superiora

2030 2365 2293 2433 pervertit,
2322 2379 2548 2419 necesse
2592 2364 2709 2429 fuit,
2756 2372 2812 2417 ut
2839 2362 3096 2441 inferiora
3149 2360 3594 2420 obscurarentur,

2031 2455 2306 2510 crassiore
2333 2461 2548 2516 natura,
2584 2464 2643 2508 ut
2701 2469 2798 2524 par
2823 2461 2926 2516 est,
2982 2451 3326 2522 splendorem
3365 2465 3473 2504 non
3504 2447 3600 2501 ad~

2033 2545 2301 2598 mittente.
2342 2542 2486 2614 Ignis
2538 2545 2702 2613 igitur
2747 2545 3058 2600 abscessum
3103 2558 3384 2613 vesperam
3419 2543 3600 2596 nomi-

2033 2635 2200 2687 navit.
2234 2634 2444 2690 Rursus
2467 2642 2646 2688 autem
2675 2649 2798 2688 cum
2824 2635 2963 2704 ignis
2996 2647 3308 2702 supremum
3335 2632 3600 2686 circulum

2035 2733 2394 2792 percurreret,
2429 2733 2483 2778 et
2548 2725 2922 2792 superioribus
2974 2726 3154 2778 lumen
3183 2723 3418 2786 aﬁ'erret,
3472 2723 3603 2779 illud

2035 2815 2212 2884 ipsum
2236 2814 2438 2868 factum
2464 2815 2679 2870 vocavit
2700 2829 2880 2880 mane,
2914 2814 3297 2884 crepusculum
3327 2814 3406 2868 sic
3431 2814 3607 2884 appelo

2038 2903 2179 2956 lans.
2212 2901 2316 2956 Sed
2342 2902 2502 2971 paulo
2534 2902 2694 2957 altius
2745 2915 3049 2956 sermonem
3079 2911 3406 2969 repetamus,
3430 2911 3488 2956 ut
3508 2916 3606 2955 ex-

1961 3019 2004 3078 c
2039 2993 2327 3063 positionis
2352 2993 2526 3047 allatae
2554 3008 2582 3046 a
2614 2992 2771 3046 nobis
2801 2992 2936 3046 ordo
2963 3006 3025 3045 ex
3051 2991 3117 3047 iis
3143 3006 3262 3060 qua:
3286 2991 3519 3060 sparsim
3551 2993 3608 3047 in

2041 3093 2230 3140 sancta
2247 3082 2528 3153 Scriptura
2557 3083 2734 3153 posita
2766 3090 2916 3146 sunt,
2965 3082 3368 3152 comprobctur.
3406 3081 3607 3144 Verba,

2041 3193 2162 3249 quae
2195 3178 2386 3232 mundi
2416 3177 2697 3232 continent
2747 3177 3043 3247 opiﬁcium,
3081 3177 3161 3232 sic
3209 3177 3412 3231 habent
3446 3193 3460 3229 :
3493 3194 3512 3226 ι
3548 3174 3609 3230 1η

2042 3269 2312 3339 principio
2339 3268 2468 3324 fecit
2493 3269 2637 3324 Deus
2663 3269 2861 3323 coelum
2893 3275 2948 3323 et
2980 3275 3202 3322 terram.
3231 3285 3250 3320 ι
3275 3266 3399 3322 Haec
3415 3282 3516 3322 nos
3536 3266 3610 3320 ita

2043 3375 2235 3416 sumus
2279 3359 2638 3429 interpretati,
2665 3368 2725 3413 ut
2765 3374 2946 3415 rerum
2996 3359 3238 3414 omnium
3293 3358 3616 3429 procreatio-

2046 3467 2170 3507 nem
2213 3451 2374 3508 simul
2411 3451 2582 3507 fuisse
2632 3452 3007 3515 constitutam,
3063 3465 3128 3506 ex
3175 3451 3242 3506 iis
3319 3451 3614 3522 signiﬁcari

2045 3541 2368 3597 dixerimus.
2435 3541 2510 3596 Ex
2568 3556 2634 3597 eo
2691 3543 2836 3596 enim
2920 3542 3063 3611 quod
3162 3542 3424 3608 continet,
3483 3543 3616 3598 illud

2045 3636 2208 3687 etiam
2270 3632 2507 3688 ostendit
2593 3631 2738 3702 quod
2813 3632 3154 3698 continetur;
3242 3647 3367 3687 nam
3436 3642 3618 3689 extre-

2046 3723 2152 3778 mis
2194 3722 2374 3778 media
2406 3722 2953 3791 comprehenduntur.
2987 3721 3239 3778 Extrema
3265 3738 3412 3787 vero,
3451 3739 3621 3793 quan.

2047 3823 2161 3867 tum
2238 3812 2458 3882 quidem
2530 3812 2597 3866 ad
2648 3828 2873 3868 sensum
2961 3814 3198 3883 pertinet
3278 3815 3617 3880 humanum,

2050 3911 2178 3960 sunt
2209 3905 2408 3959 caelum
2435 3913 2490 3958 et
2517 3912 2682 3959 terra.
2734 3903 2831 3960 llis
2869 3907 3012 3961 enim
3049 3913 3302 3978 aspectus
3340 3907 3620 3963 hominum

2050 3995 2306 4065 utrinque
2330 3995 2820 4051 circumscribitur.
2860 3995 3327 4062 Quemadmodum
3350 3999 3494 4054 enim
3527 3999 3622 4068 qui

2050 4085 2208 4151 dixit,
2259 4086 2314 4140 in
2356 4101 2519 4140 manu
2565 4087 2686 4156 ejus
2719 4101 2843 4142 esse
2917 4087 3050 4143 ﬁnes
3104 4096 3260 4144 terra:
3317 4090 3384 4152 ",
3446 4088 3624 4142 media

2051 4178 2212 4233 etiam
2262 4193 2382 4247 qua:
2436 4177 2638 4233 ﬁnibus
2683 4178 3101 4240 concluduntur,
3149 4178 3414 4232 intellexit
3473 4196 3486 4231 :
3543 4179 3626 4232 sic

2055 4267 2230 4323 Moses
2308 4283 2405 4336 per
2472 4267 2846 4323 extremitates
2919 4268 3225 4322 universam
3280 4267 3428 4323 orbis
3456 4275 3626 4324 mate-

374 4347 640 4415 ὁρίζεται.
688 4345 900 4416 Ὥσπερ
937 4345 1115 4398 τοίνυν
1161 4347 1189 4398 6
1236 4344 1404 4398 είπὼν
1450 4346 1532 4400 ὅτι
1583 4346 1671 4400 Ἐν
1705 4351 1771 4418 τῇ
1812 4349 1935 4420 χειρ

2059 4358 2196 4412 riam
2269 4358 2586 4426 complexus
2652 4365 2756 4421 est,
2817 4371 2938 4424 quae
2999 4355 3218 4425 quidem
3294 4358 3478 4426 Opinio
3559 4373 3626 4414 ex

376 4436 542 4488 αὐτοῦ
575 4435 646 4489 τὰ
677 4435 890 4505 πέρατα
914 4435 1013 4506 τῆς
1049 4437 1154 4507 γῆς
1176 4475 1192 4499 ,
1221 4438 1314 4490 καὶ
1353 4437 1421 4489 τὰ
1462 4437 1601 4508 μέσα
1629 4440 1694 4508 τῇ
1724 4441 1951 4509 περιοχῇ

375 4527 484 4578 τῶν
517 4527 780 4596 περάτων
813 4526 1245 4597 συμπεριέλαδεν
1268 4540 1282 4555 ⁶
1327 4526 1470 4579 οὕτω
1509 4528 1603 4581 καὶ
1644 4529 1672 4582 ὁ
1715 4527 1955 4597 Μωῦσῆς

380 4617 478 4686 τῆς
502 4617 700 4686 ὑλικῆς
718 4615 816 4669 τοῦ
846 4617 1042 4679 παντὸς
1065 4616 1268 4686 κόσμου
1289 4617 1594 4688 καταδολῆς
1617 4617 1714 4688 τὴν
1735 4616 1956 4682 ἔνδειξιν

388 4705 474 4758 διὰ
519 4708 626 4760 τῶν
674 4708 926 4778 περάτων
974 4708 1294 4778 πεποίηται·
1350 4711 1628 4780 συνεργεῖν
1673 4708 1730 4762 δέ
1778 4726 1958 4779 φαμεν

392 4798 530 4868 πρὸς
578 4799 678 4869 τὴν
729 4799 986 4870 τοιαύτην
1036 4799 1335 4872 ὑπόληψιν,
1384 4800 1454 4853 τὰ
1499 4800 1588 4854 διὰ
1636 4799 1802 4869 μέσου
1860 4801 1958 4871 ρή-

390 4905 562 4957 ματα.
609 4890 923 4960 Γέγραπται
965 4889 1092 4962 γὰρ,
1135 4892 1216 4945 ὅτι
1265 4911 1286 4943 ι
1327 4893 1395 4945 Ἥ
1431 4892 1488 4944 δὲ
1517 4894 1588 4962 γῆ
1621 4888 1689 4960 ἦν
1729 4892 1959 4962 ἀόρατος

387 4982 487 5035 καὶ
536 4981 1043 5051 άκατασκεύαστοςο
1079 5001 1097 5034 ι
1140 4983 1216 5046 ὡς
1262 4985 1327 5036 ὲκ
1359 4983 1549 5036 τούτου
1593 4983 1749 5054 δῆλον
1798 4979 1960 5047 εῖναι,

384 5070 469 5125 δτι
501 5074 569 5143 τῇ
611 5072 708 5141 μὲν
736 5073 961 5144 δυνάμει
999 5074 1067 5128 τὰ
1100 5075 1275 5128 πάντα
1307 5070 1376 5145 ἦν
1397 5076 1454 5128 ὲν
1483 5073 1676 5146 πρώτῃ
1705 5073 1800 5128 τοῦ
1827 5074 1961 5130 Θεοῦ

385 5164 517 5235 περὶ
551 5164 655 5235 τὴν
698 5165 873 5219 κτίσιν
900 5167 1070 5236 ὁρμῇ,
1100 5167 1262 5220 οἱονεὶ
1305 5165 1681 5237 σπερματικῆς
1707 5182 1852 5228 τινος
1882 5165 1966 5222 δυ·

387 5256 607 5325 νὰμεως
638 5257 775 5326 πρὸς
795 5257 892 5328 τὴν
916 5258 1012 5312 τοῦ
1046 5257 1246 5322 παντὸς
1273 5257 1486 5325 γένεσιν
1510 5255 1963 5327 καταϐληθείσης,

387 5346 640 5417 ἐνεργείᾳ
665 5346 725 5400 δὲ
751 5347 819 5400 τὰ
849 5349 972 5402 καθ’
1007 5349 1236 5402 ἕκαστον
1281 5347 1432 5401 οὔπω
1482 5342 1572 5417 ἦν.
1610 5346 1675 5406 Ἠ
1715 5347 1822 5415 γὰρ
1866 5343 1964 5415 γῆ,

389 5438 589 5508 φησιν,
620 5435 700 5508 ἦν
729 5440 1000 5510 ἀόρατος,
1049 5438 1148 5494 καί
1192 5438 1742 5500 ἁκατασκεύαστος.
1791 5439 1967 5507 Ὅπερ

466 5611 510 5645 "‘
547 5615 680 5670 Gen.
711 5632 752 5689 ι,
792 5619 844 5676 5.
924 5622 964 5652 "
1006 5612 1155 5676 Psal.
1193 5628 1335 5682 χειν,
1374 5615 1428 5672 ι.
1508 5613 1550 5644 ¹⁸
1588 5611 1723 5672 Gen.
1762 5627 1799 5677 ι.
1839 5611 1893 5672 ἓν

2059 4449 2242 4504 verliis
2293 4463 2414 4517 quae
2466 4455 2594 4502 sunt
2663 4446 2983 4516 interiecta,
3039 4445 3424 4501 conﬁrmatur.
3481 4448 3628 4504 Scri.

2059 4550 2213 4611 ptum
2260 4549 2344 4596 est
2379 4539 2523 4594 enim
2585 4557 2598 4592 :
2661 4556 2680 4589 ι
2733 4537 2902 4594 Terra
2943 4546 3125 4594 autem
3169 4547 3289 4594 erat
3337 4539 3630 4596 invisibilis

2062 4640 2117 4686 et
2151 4631 2510 4698 incomposita
2537 4629 2582 4661 ¹⁸
2613 4647 2626 4681 :
2664 4648 2682 4680 ι
2721 4636 2781 4683 ιιι
2809 4629 3029 4700 planum
3079 4629 3249 4696 ﬁeret,
3286 4631 3468 4685 omnia
3511 4632 3631 4701 qui-

2064 4720 2187 4774 dem
2223 4718 2392 4774 fuisse
2411 4726 2680 4788 potestate
2710 4712 2764 4773 in
2794 4720 2971 4788 primo
3005 4719 3100 4774 Dei
3128 4719 3195 4774 ad
3236 4721 3632 4790 procreandum

2064 4810 2293 4880 appulsu
2318 4849 2334 4874 ,
2374 4819 2629 4880 tanquam
2669 4811 2722 4864 vi
2773 4811 3006 4882 quadam
3058 4811 3284 4865 seminis
3323 4811 3387 4864 ad
3446 4811 3634 4866 mundi

2065 4899 2501 4969 procreationem
2524 4900 2796 4969 conjecta,
2833 4911 2958 4954 aetu
2989 4913 3119 4953 vero
3143 4914 3232 4954 res
3266 4898 3508 4968 singulas
3531 4897 3636 4951 mio-

2067 4990 2216 5045 tiime
2233 4989 2421 5046 fuisse.
2457 5009 2476 5041 ι
2501 4991 2671 5044 Terra
2691 5009 2710 5042 ι
2736 4988 2904 5053 enim,
2934 4988 3130 5058 inquit,
3158 5005 3176 5040 ι
3199 4995 3318 5042 erat
3347 4986 3640 5043 invisibilis

2068 5088 2123 5134 et
2149 5080 2536 5150 incomposita.
2577 5099 2596 5132 ι
2624 5079 2779 5146 Quod
2807 5077 3030 5150 perinde
3055 5086 3138 5134 est
3171 5093 3236 5133 ac
3270 5078 3314 5133 si
3341 5077 3636 5138 diceretur,

2071 5177 2210 5235 erat,
2242 5176 2296 5225 et
2343 5185 2450 5225 non
2496 5177 2613 5226 erat
2646 5189 2659 5225 :
2691 5170 2962 5241 siquidem
3001 5169 3066 5224 ad
3094 5184 3214 5225 eam
3245 5169 3488 5225 nondum
3509 5182 3642 5222 con-

2071 5267 2358 5314 currerant
2408 5261 2720 5330 qualitates.
2773 5260 2945 5330 Cujus
2979 5259 3198 5330 quidem
3241 5259 3524 5315 sententiae
3559 5257 3642 5309 in-

2072 5348 2273 5403 dicium
2328 5359 2434 5414 est,
2485 5350 2631 5421 quod
2666 5351 2957 5408 invisibilis
2999 5350 3169 5407 fuisse
3218 5350 3438 5406 dicitur.
3485 5342 3644 5409 Quot!

2073 5442 2219 5494 enim
2259 5455 2366 5496 non
2414 5442 2645 5509 videtur,
2689 5444 2841 5506 color
2873 5457 2983 5502 non
3015 5450 3128 5509 est;
3177 5440 3332 5502 color
3354 5441 3534 5492 autem
3559 5438 3646 5495 est
