4106 6208
516 320 588 376 79
1775 296 1834 352 S.
1859 289 2186 350 GREGORII
2209 284 2499 344 NYSSENI
3683 267 3753 322 80

518 435 739 510 quidam
782 427 947 484 veluti
989 425 1169 480 ﬂuxus
1213 438 1277 479 ex
1324 417 1609 490 superﬁcie
1649 411 2085 510 ﬁgurarz.ﬁg.ura

2202 404 2301 458 ἶσόν
2341 407 2454 457 ἐστι
2477 399 2554 470 τῷ
2591 397 2790 466 λέγειν,
2813 395 2894 448 ὃτι
2923 389 3010 465 ἦν,
3037 391 3131 446 καὶ
3165 391 3264 445 οὐκ
3289 384 3378 462 ἦν.
3407 387 3482 441 Ού
3511 385 3619 457 γάρ
3651 401 3754 437 που

2293 493 2317 510 θ
2353 491 2721 510 ιδεμη-ι----....-.
2769 484 2891 510 ---ἓ
2947 483 3112 510 ...ι-Δ...
3158 484 3207 510 ..ι
3266 481 3546 510 ..καλ-..υσεδ-
3577 493 3592 508 ο
3622 477 3754 510 ἦρι(-

517 477 649 583 :ero
691 535 798 575 non
832 525 915 572 est
958 516 1077 570 sine
1125 525 1374 582 corpore.
1401 505 1764 574 Quamobrem
1809 501 1856 556 si
1887 497 2080 550 invisi-

2202 491 2721 562 τυνδεδραμήκεισαν
2768 484 2896 554 περὶ
2943 483 3112 553 αὐτὴν
3155 484 3210 535 αἱ
3266 481 3546 548 ποιότητες
3577 493 3592 508 ο
3621 477 3755 528 ἀπό-

519 614 646 670 bilis
690 618 828 672 erat,
865 617 919 662 et
952 607 1134 661 colore
1173 602 1394 658 carebat
1426 597 1648 654 omnino
1683 612 1696 648 ε
1729 591 1870 662 quod
1903 595 2082 642 autem

2202 585 2353 651 Ξειξις
2396 583 2453 635 δὲ
2491 581 2589 650 τῆς
2635 576 2872 639 διανοίας
2902 575 3129 643 ταύτης,
3159 575 3242 626 ὅτι
3283 571 3509 642 ἀόρατον
3536 567 3704 634 αὐτὴν
3727 566 3757 618 ό

519 707 719 761 coloris
766 710 851 757 est
903 713 1118 768 expers,
1156 696 1382 766 ﬁguram
1440 705 1548 744 non
1601 686 1788 746 habet,
1835 687 1889 736 et
1940 680 2085 768 quod

2202 673 2344 739 ιόγος
2370 666 2508 722 εἶναι
2541 665 2726 738 φησίν.
2752 665 2827 717 Τὸ
2859 663 2966 734 γὰρ
2995 664 3246 732 ἀόρατον,
3276 659 3471 730 χρῶμα
3497 657 3596 710 ούκ
3619 656 3751 708 ἐστι’

521 746 719 761 ..ων-,υ
767 746 851 757 νυ-
905 746 1118 768 -.-r-__,
1157 746 1258 766 --οη
1961 746 1968 747 γ

521 793 788 863 ejusmodi
828 798 931 851 est,
973 801 1202 856 corpore
1235 789 1410 838 vacat.
1452 780 1635 844 Quare
1686 774 1742 827 in
1781 768 1959 824 subita
1996 765 2087 818 illa

2202 759 2248 813 εδ
2293 759 2349 812 δὲ
2381 757 2595 828 χρῶμα,
2627 749 2736 808 οἷόν
2765 770 2850 816 τις
2880 751 3126 824 ἀπορροὴ
3179 750 3270 804 τοῦ
3306 747 3444 802 κατά
3488 746 3586 818 τὴν
3639 747 3757 798 ὲπι-

521 883 707 938 mundi
735 880 1015 935 molitione
1045 875 1208 930 simul
1237 889 1357 928 cum
1386 867 1610 938 reliquis
1639 863 1805 919 rebus
1829 856 2086 914 erunibus

522 975 698 1029 inerat
731 979 875 1026 terra
909 987 922 1024 :
955 967 1195 1024 restabat
1227 970 1428 1024 autem,
1475 969 1533 1014 ut
1564 955 1639 1027 (id
1685 951 1830 1024 quod
1871 957 1957 1003 est
1989 960 2084 1015 ge-

524 1062 724 1132 nerari)
745 1060 1031 1132 qualitates
1061 1057 1482 1112 adhiberentur-
1501 1049 1710 1103 Etenim
1735 1059 1802 1100 ex
1825 1055 1910 1104 eo,
1935 1035 2079 1132 quod
2116 1067 2120 1074 μ

522 1127 847 1209 invisibilem
893 1164 1012 1204 eam
1060 1145 1228 1201 fuisse
1270 1142 1400 1198 dicit
1431 1139 1735 1208 Scriptura,
1779 1145 1877 1186 nec
1925 1127 2084 1181 aliam

521 1245 683 1299 ullam
702 1241 889 1312 inipsa
905 1237 1216 1310 qualitatem
1234 1233 1403 1287 fuisse
1425 1230 1776 1284 demonstrat.
1807 1218 1962 1286 Quod
1991 1230 2087 1268 au-

521 1348 627 1390 tem
641 1331 1056 1401 incompositam
1074 1331 1252 1389 vocat,
1266 1323 1468 1378 indicat
1490 1333 1608 1374 eam
1625 1313 1865 1370 nondum
1899 1319 2090 1373 corpo-

523 1428 633 1482 reis
653 1421 1072 1495 proprietatibus
1095 1416 1262 1471 fuisse
1285 1421 1590 1467 concretam
1608 1414 1660 1461 et
1681 1402 2088 1459 condensatam.

523 1520 752 1591 ἀόρατον
783 1515 952 1585 αὐτὴν
978 1514 1148 1567 εἰπεῖν
1176 1507 1254 1564 εῖν

521 1611 609 1665 διά
635 1608 726 1662 τοῦ
756 1606 1228 1662 ἀκατασκεύαστον

598 1704 712 1758 Hoc
755 1709 933 1754 autem
977 1713 1041 1753 ex
1091 1692 1426 1767 Symmachi,
1479 1694 1533 1743 et
1577 1679 1986 1739 Theodotionts.
2036 1678 2090 1725 et

525 1794 733 1864 Aquilae
791 1766 1241 1857 interpretatione
1287 1781 1492 1836 clarius
1545 1776 1654 1840 ﬁt;
1700 1785 1823 1825 cum
1884 1766 2093 1837 primus

525 1898 716 1940 eorum
735 1882 880 1936 dicat
905 1899 917 1933 :
947 1896 965 1929 ι
989 1875 1160 1932 Terra
1192 1881 1372 1928 autem
1403 1875 1522 1925 erat
1559 1867 1727 1926 iners,
1757 1870 1812 1916 et
1843 1857 2098 1912 indistin-

526 1982 645 2040 (ἕως
681 1993 699 2026 ι
731 1973 867 2027 alter
891 1976 1106 2023 autem:
1137 1983 1155 2015 ι
1182 1964 1313 2016 Erat
1332 1959 1533 2022 inanis,
1561 1967 1612 2011 et
1637 1955 1783 2008 nulla
1811 1967 1825 2012 ;
1851 1969 1870 2000 ι
1903 1946 2096 2002 tertius

527 2039 704 2122 vero:
746 2081 764 2114 ι
795 2061 925 2114 Erat
969 2057 1104 2112 nihil
1142 2061 1195 2109 et
1228 2052 1478 2108 nihilum.
1507 2067 1525 2100 ι
1572 2046 1647 2098 Ex
1693 2044 1779 2096 his
1825 2039 1990 2100 enim,
2035 2043 2097 2088 ιιι

529 2171 630 2226 ego
677 2151 894 2223 quidem
945 2145 1141 2205 sentio,
1189 2141 1506 2209 intelligitur
1540 2143 1704 2198 terra,
1751 2147 1815 2186 ex
1855 2144 1920 2184 eo
1951 2125 2096 2197 quod

534 2218 774 2299 «iners»
808 2247 974 2299 esset,
1025 2233 1260 2290 nondum
1309 2240 1430 2283 actu
1483 2227 1670 2287 fuisse,
1718 2219 1813 2278 sed
1849 2218 1962 2274 sola
2002 2231 2098 2285 po-

529 2325 938 2396 testate;quod
979 2331 1158 2378 autem
1213 2317 1600 2376 «indistincta,
1642 2331 1659 2363 ι
1711 2307 1950 2364 nondum
1980 2306 2096 2359 sin-

529 2423 685 2494 gulas
717 2417 1008 2489 qualitates
1053 2414 1196 2478 inter
1239 2425 1299 2466 se
1330 2407 1549 2479 proprie
1593 2402 1760 2457 fuisse
1791 2404 2094 2468 separatas,

532 2486 627 2570 sed
676 2486 863 2565 orbem
912 2504 1228 2560 universum
1276 2501 1330 2554 in
1375 2494 1605 2552 confusa
1645 2491 1876 2562 quadam
1921 2495 1974 2542 et
2014 2486 2098 2539 in-

532 2603 788 2660 distincta
840 2597 1121 2668 qualitate,
1153 2607 1276 2648 cum
1311 2603 1411 2644 nec
1443 2587 1612 2647 color,
1648 2597 1746 2637 nec
1770 2579 1962 2650 ﬁgura,
1999 2589 2098 2630 nec

532 2695 725 2753 moles,
760 2704 859 2744 nec
889 2685 1203 2756 amplitudo,
1259 2696 1357 2735 nec
1396 2678 1501 2732 ulla
1540 2677 1640 2729 alia
1668 2670 1933 2741 ejusmodi
1962 2681 2098 2738 qua-

533 2787 658 2841 litas
701 2780 920 2854 propria
965 2778 1175 2832 ratione
1219 2773 1476 2828 distincta
1528 2769 1581 2821 in
1631 2763 1877 2832 subjecto
1911 2773 2101 2814 cerne-

530 2849 718 2930 retur:
751 2849 895 2925 Idem
937 2865 1204 2936 signiﬁcat
1243 2859 1420 2920 nobis.
1473 2875 1490 2908 ι
1530 2853 1729 2917 inanis,
1776 2858 1830 2906 et
1869 2849 2036 2902 nulla.
2075 2863 2093 2896 ι

465 2948 468 2952 Δ
533 2967 666 3021 Nam
706 2978 840 3018 voce
870 2959 986 3020 illa,
1037 2977 1054 3008 ι
1092 2954 1293 3020 inanis,
1327 2969 1347 3004 ι
1384 2951 1468 3004 vis
1515 2947 1802 3015 qualitates
1840 2949 2101 3010 separaris

533 3056 826 3115 indicatur,
873 3060 932 3106 ut
966 3048 1347 3117 intelligamus,
1386 3039 1570 3094 mundi
1620 3035 1956 3091 conditorem
1997 3042 2099 3098 po-

535 3153 783 3202 testatem
813 3141 1131 3213 qualitatum
1163 3131 1548 3200 susceptricem
1594 3124 1937 3196 produxisse,
1975 3134 2096 3190 quae

536 3236 752 3305 quidem
795 3231 974 3286 inanis
1011 3234 1146 3291 erat,
1194 3233 1246 3277 et
1278 3223 1331 3276 in
1372 3235 1430 3275 se
1460 3218 1596 3272 nihil
1639 3214 1972 3273 continebat,
2003 3226 2097 3264 an-

535 3300 753 3394 tequam
801 3315 1157 3389 qualitatibus
1200 3307 1584 3376 compleretur.
1640 3301 1876 3355 Tertiam
1924 3300 2097 3352 inter-

454 3441 456 3444 ν
535 3387 911 3485 pretationem,
938 3413 999 3460 ut
1015 3420 1081 3459 ex
1102 3398 1316 3471 Epicuri
1338 3396 1713 3466 depromptam
1735 3387 2098 3460 pliil050pliia,

537 3477 656 3558 sine
696 3495 1131 3554 consideratione
1172 3487 1580 3558 relinquendam
1611 3482 1883 3537 existimo.
1915 3477 2103 3532 Simile

539 3595 683 3649 enim
715 3588 969 3660 quiddam
1000 3585 1088 3638 ille
1121 3596 1338 3652 quoque
1361 3579 1594 3634 declarat
1620 3574 1686 3628 de
1716 3572 1889 3642 primo
1920 3583 2100 3660 rerum

539 3659 824 3753 principio,
847 3689 1008 3730 voces
1028 3673 1218 3728 inanes
1245 3669 1523 3740 elﬁngens,
1551 3679 1648 3735 per
1671 3675 1872 3731 easque
1899 3659 2104 3712 nullam

541 3750 711 3827 luisse
755 3782 932 3824 rerum
961 3781 1069 3820 non
1097 3763 1482 3819 subsistentem
1508 3764 1755 3812 naturam
1785 3750 2104 3814 ostendens,

541 3863 628 3917 cui
653 3861 828 3917 simile
859 3865 941 3914 est
971 3855 1105 3910 nihil
1127 3862 1181 3909 et
1203 3853 1451 3906 nihilum.
1484 3848 1682 3903 Verum
1705 3844 1772 3899 ad
1799 3843 2106 3898 institutum

543 3959 791 4007 nostrum
829 3953 1186 4006 revertamur,
1201 3943 1591 4009 videamusque
1615 3935 1889 4007 quomodo
1920 3947 2109 4002 supre-

542 4058 634 4096 mo
656 4047 862 4095 naturae
883 4037 1100 4093 sensilis
1122 4036 1354 4088 termino
1380 4033 1448 4085 ab
1477 4031 1598 4100 igne
1619 4028 1787 4084 semel
1815 4031 2104 4092 occupato,

543 4133 944 4186 ﬁrmamentum
975 4125 1229 4194 deinceps
1262 4122 1462 4177 factum
1495 4114 1739 4185 sit,quod
1763 4115 2106 4182 superiorum

541 4229 597 4276 et
634 4219 951 4274 inferiorum
997 4230 1260 4286 aquarum
1305 4209 1598 4267 confinium
1633 4221 1756 4261 esse
1797 4204 1950 4259 dicit.
1993 4201 2106 4270 Ego

541 4311 688 4367 enim
719 4312 969 4366 existimo
999 4307 1418 4368 ﬁrmamentum,
1443 4301 1557 4356 sive
1586 4299 1656 4354 sit
1679 4312 1846 4350 unum
1882 4309 1948 4349 ex
1975 4307 2110 4362 qua-

2190 850 2414 920 φάνειαν
2438 848 2715 916 σχήματος
2743 845 2974 913 γίνεται,
3004 844 3065 896 τὸ
3091 842 3147 894 δὲ
3167 843 3348 912 σχῆμα
3371 840 3470 893 οὐκ
3494 840 3621 894 ἄνευ
3652 837 3754 890 σώ-

2191 957 2377 1011 ματος.
2427 939 2488 990 Εἰ
2521 933 2614 990 οὖν
2645 935 2874 1006 ἀόρατον
2915 929 3004 1004 ἦν,
3038 935 3130 986 καὶ
3175 931 3587 1003 ἀχρωμάτιστον
3621 928 3756 980 πάν⁹

2189 1048 2323 1093 τως.
2351 1029 2534 1097 Τούτῳ
2560 1028 2616 1080 δὲ
2654 1025 3034 1096 συνθεωρεῖται
3066 1025 3128 1078 τὸ
3154 1021 3556 1094 ἀσχημάτιστον
3578 1037 3590 1050 ·
3613 1020 3756 1073 ὲκεί-

2191 1134 2267 1187 νῳ
2309 1116 2365 1169 δὲ
2405 1117 2465 1168 τὸ
2495 1115 2820 1184 ἀσώματον·
2861 1114 3054 1167 οὐκοῦν
3096 1118 3155 1168 ὲν
3195 1112 3275 1183 τῷ
3307 1113 3486 1182 ἀθρόῳ
3533 1113 3630 1180 τῆς
3661 1109 3755 1162 τοῦ

2195 1207 2400 1274 κόσμου
2454 1201 2759 1271 καταϐολῆς
2783 1242 2796 1264 ,
2825 1197 2893 1272 ἦν
2946 1202 3043 1272 μὲν
3089 1203 3146 1255 ὲν
3177 1204 3288 1264 τοῖς
3326 1197 3477 1254 οὖσιν
3502 1201 3535 1265 ἡ
3559 1197 3651 1267 γῆ,
3681 1197 3755 1259 ὡς

2195 1296 2289 1350 καὶ
2311 1294 2380 1348 τά
2405 1293 2537 1348 ἄλλα
2565 1293 2759 1348 πάντα.
2786 1293 3061 1362 Ἀνέμεινε
3075 1294 3131 1348 δὲ
3154 1291 3214 1344 τὸ
3235 1291 3322 1344 διὰ
3343 1291 3445 1361 τῆς
3474 1289 3581 1344 τῶν
3611 1305 3757 1340 ποιοο

2195 1387 2369 1455 τήτων
2397 1384 2758 1452 κατασκευῆς,
2784 1384 2918 1452 ὅπερ
2952 1382 3070 1436 ἐστὶ
3097 1381 3367 1450 γενέσθαι.
3398 1382 3495 1433 Διά
3525 1381 3632 1451 γὰρ
3662 1378 3756 1432 τοῦ

1258 1523 1338 1566 αι,
1364 1505 1424 1558 τὸ
1472 1503 1604 1575 μηδὲ
1647 1495 1811 1566 ἄλλην
1839 1489 1961 1545 τινὰ
1992 1481 2250 1548 ποιότητα
2283 1476 2601 1566 θεωρεῖσθαι
2638 1477 2765 1546 περ)⁸
2789 1476 2955 1546 αὐτὴν
3008 1477 3038 1528 ό
3071 1475 3225 1543 λόγος
3268 1475 3613 1528 ἐνδείκνυται.
3648 1473 3758 1526 Καὶ

1264 1567 1545 1671 ὀνομάσαι,
1581 1593 1720 1646 νοεῖν
1751 1587 1930 1639 δίδωσι
1963 1577 2024 1630 τὺ
2056 1572 2222 1643 μήπω
2247 1567 2414 1638 αὐτὴν
2448 1567 2832 1671 πεπυκνῶσθαι
2858 1570 2977 1631 ταῖς
3010 1570 3347 1638 σωματικαῖς
3381 1567 3653 1636 ἰδιότησιν,

2263 1659 2642 1732 Φανερώτερον
2694 1658 2750 1712 δὲ
2804 1659 2891 1711 διὰ
2934 1659 3032 1728 τῆς
3087 1659 3378 1729 Συμμάχου
3435 1659 3528 1711 καὶ
3581 1656 3762 1710 Θεοδο-

2123 1735 2165 1790 Β
2195 1750 2386 1813 τίωνος
2462 1750 2556 1802 καὶ
2648 1749 2848 1803 Ἀκύλα
2924 1749 3139 1821 γραφῆς
3240 1751 3273 1820 ή
3341 1747 3563 1818 τοιαύτη
3647 1746 3760 1799 aut-

2197 1858 2314 1894 νοια
2366 1839 2716 1911 σαφηνίζεται
2740 1856 2755 1870 '
2799 1839 2892 1893 τοῦ
2937 1840 3035 1910 μὲν
3066 1839 3308 1902 εἰπόντος
3331 1856 3344 1869 ο
3387 1856 3405 1889 ι
3434 1839 3497 1891 Ἢ
3520 1838 3576 1890 δὲ
3599 1840 3667 1908 γῆ
3693 1833 3759 1907 ἦν

2196 1932 2363 2003 ἀργὸν
2387 1931 2483 1984 καὶ
2509 1931 2835 2001 ἀδιάκριτον’
2858 1949 2876 1983 ι
2907 1929 3001 1983 τοῦ
3030 1931 3087 1984 δὲ
3117 1929 3325 2000 ἑτέρου,
3359 1949 3377 1981 ι
3405 1929 3642 1997 Κένωμα
3664 1929 3760 1981 καὶ

2196 2021 2372 2075 οὐθέν’
2400 2040 2417 2072 ι
2451 2021 2544 2074 τοῦ
2583 2021 2638 2074 δὲ
2663 2022 2846 2086 ἀλλου,
2882 2041 2900 2072 ι
2927 2021 3095 2074 Οὐθὲν
3127 2021 3220 2073 καὶ
3246 2020 3423 2074 οὐθέν.
3449 2038 3468 2072 ι
3502 2017 3761 2088 Δηλοῦται

2197 2113 2305 2182 γάρ
2339 2112 2426 2164 διὰ
2448 2112 2654 2164 τούτων
2675 2150 2689 2172 ,
2722 2110 2864 2164 κατὰ
2914 2111 3003 2164 τὸν
3056 2110 3185 2181 ὲμδν
3224 2111 3399 2179 λόγον,
3429 2111 3516 2162 διά
3545 2110 3639 2180 μὲν
3665 2109 3760 2162 τοῦ

2197 2202 2402 2272 ἀργοῦ,
2441 2203 2522 2255 ὅτι
2574 2201 2821 2272 ἐνεργείᾳ
2859 2201 2956 2272 μὲν
3017 2201 3169 2254 οὕπω
3198 2197 3264 2272 ἦν
3295 2217 3308 2231 ·
3337 2205 3395 2254 ὲν
3429 2201 3564 2272 μόνῃ
3601 2199 3655 2252 δὲ
3692 2202 3758 2269 τῇ

2194 2294 2422 2362 δυνάμει
2447 2293 2506 2345 τὸ
2541 2289 2678 2345 εἶναι
2707 2288 2846 2362 εἷχε⁹
2883 2293 2971 2345 διὰ
2999 2292 3054 2346 δὲ
3082 2291 3177 2346 τοῦ
3205 2293 3536 2361 ἀδιακρίτου,
3571 2293 3631 2344 τὸ
3655 2308 3764 2360 μη-

2195 2385 2342 2438 δέπω
2370 2384 2670 2454 ἀποστῆναι
2701 2387 2794 2438 ἀπ’
2811 2384 3054 2454 ἀλλήλων
3081 2385 3175 2438 καὶ
3208 2387 3292 2454 ἐφ’
3319 2383 3518 2454 ἑαυτῆς
3549 2383 3768 2448 ίδιαζόνυ

2195 2491 2303 2537 τως
2350 2473 2587 2541 ἑκάστην
2627 2473 2734 2526 τῶν
2781 2475 3078 2543 ποιοτήτων
3130 2475 3519 2545 γνωρίζεσθαι,
3549 2473 3661 2527 ἀλλ’
3705 2474 3766 2525 ὲν

2200 2565 2578 2636 συγκεχυμένη
2604 2565 2709 2618 τινὶ
2724 2564 2819 2617 καὶ
2843 2565 3138 2636 ἀδιακρίτῳ
3160 2569 3399 2637 ποιότητι
3424 2567 3484 2620 τὸ
3509 2569 3614 2619 πᾶν
3631 2566 3767 2620 καθ-

2197 2654 2444 2726 ορᾶσθαι,
2478 2655 2551 2726 μὴ
2589 2655 2908 2726 χρώματος,
2931 2656 3004 2726 μὴ
3035 2658 3329 2726 σχήματος,
3369 2659 3441 2729 μὴ
3474 2658 3656 2726 ὄγκου,
3691 2658 3766 2727 μὴ

2201 2751 2418 2822 βάρους,
2450 2752 2524 2821 μὴ
2543 2751 2922 2822 πηλικότητος,
2940 2750 3012 2821 μὴ
3039 2751 3196 2804 ἄλλου
3217 2751 3359 2814 τινὸς
3386 2751 3494 2803 τῶν
3512 2750 3766 2802 τοιούτων

2199 2841 2282 2908 ἐφ’
2317 2839 2509 2892 ἑαυτοῦ
2543 2839 2685 2892 κατά
2710 2840 2800 2892 τὸν
2836 2841 2964 2892 ῖδιον
3013 2839 3168 2908 λόγον
3212 2841 3269 2893 ὲν
3311 2840 3387 2910 τῷ
3427 2839 3768 2907 ὑποκειμένῳ

2199 2929 2586 3000 θεωρουμένου.
2603 2930 2710 3001 Τὴν
2735 2931 2788 2983 δὲ
2809 2931 2977 3000 αὐτὴν
3003 2929 3233 2983 διάνοιαν
3259 2930 3585 2983 ἐνδείκνυται
3613 2931 3768 2999 ⁴ἡμῖν,

2199 3020 2377 3073 καὶτὸ
2419 3020 2640 3090 κένωμα
2669 3023 2763 3074 καὶ
2803 3022 2980 3075 οὐθέν.
3016 3022 3125 3088 Τὴν
3168 3020 3275 3091 γάρ
3308 3020 3622 3091 χωρητικὴν
3658 3020 3770 3072 τῶν

2202 3111 2500 3180 ποιοτήτων
2525 3110 2772 3180 δύναμιν,
2805 3113 2870 3181 τῇ
2903 3110 2998 3164 τοῦ
3020 3109 3331 3179 κενώματος
3356 3112 3503 3180 φωνῇ
3535 3109 3773 3180 παρεδή-
3829 3106 3846 3114 ’

2200 3203 2400 3256 λωσενο
2439 3203 2577 3255 ὥστε
2617 3202 2703 3254 διὰ
2752 3202 2941 3255 τούτου
2975 3201 3170 3271 μαθεῖν
3191 3243 3204 3265 ,
3238 3201 3318 3252 ὅτι
3348 3199 3598 3269 δεκτικὴν
3623 3199 3775 3251 δύνα-

2197 3311 2296 3365 μιν
2334 3295 2442 3347 τῶν
2480 3295 2780 3363 ποιοτήτων
2819 3296 2848 3346 ό
2877 3293 2971 3346 τοῦ
3016 3293 3214 3354 παντὸς
3265 3293 3485 3362 κτίστης
3532 3307 3773 3361 προκατ-

2202 3385 2482 3439 εϐἀλλετο·
2522 3384 2649 3454 κενὴ
2677 3383 2733 3436 δέ
2766 3402 2849 3447 τις
2884 3379 2950 3454 ἦν
2983 3383 3119 3453 αὓτη
3173 3383 3269 3436 καὶ
3321 3385 3378 3435 ὲν
3431 3383 3592 3452 ἑαυτῇ
3629 3376 3774 3452 εἶχεν

2201 3475 2357 3529 ούθὲν
2381 3513 2396 3538 ,
2434 3474 2562 3545 πρὶν
2597 3475 3061 3545 συμπληρωθῆναι
3107 3473 3274 3544 αὐτὴν
3326 3475 3444 3536 ταῖς
3502 3473 3769 3542 ποιότησι.

2205 3565 2307 3619 Τὸν
2359 3565 2416 3617 δὲ
2450 3565 2632 3636 τρίτον
2677 3565 2853 3633 λόγον,
2887 3565 2962 3627 ὡς
3000 3567 3063 3616 ὲκ
3098 3567 3198 3634 τῆς
3265 3564 3582 3634 Ἐπικούρου
3625 3562 3776 3632 φιλο-

2207 3657 2398 3726 σοφίας
2436 3654 2863 3726 παρευρεθέντα,
2895 3654 3213 3707 καταλιπεῖν
3257 3652 3408 3723 οἶμαι
3441 3653 3770 3724 ἀθεώρητον.

2206 3749 2428 3818 Ὅμοιον
2454 3749 2562 3818 γάρ
2593 3765 2646 3800 τι
2673 3746 2921 3808 κάκεῖνός
2948 3762 3078 3814 φησι
3107 3745 3236 3817 περῖ¹
3279 3745 3376 3813 τῆς
3409 3742 3628 3814 πρώτης
3661 3742 3775 3794 τῶν

2205 3839 2372 3892 ὅντων
2405 3837 2598 3908 ἀρχῆς,
2630 3837 2930 3904 κενόφωνον
2983 3835 3042 3888 δὲ
3095 3836 3188 3888 καὶ
3234 3834 3396 3905 μηδὲν
3426 3835 3522 3902 τὴν
3571 3831 3769 3884 ἀνυπό-

2209 3947 2400 3984 στατον
2429 3928 2538 3981 τῶν
2578 3930 2796 3998 ἀτόμων
2831 3927 2992 3997 φύσιν
3030 3925 3117 3979 διά
3147 3925 3251 3978 τῶν
3284 3921 3538 3976 τοιούτων
3578 3920 3772 3989 φωνῶν

2207 4018 2634 4086 ἐνδεικνύμενος,
2652 4019 2788 4088 ὅπερ
2815 4016 2999 4086 ὅμοιόν
3033 4017 3145 4067 ὲστι
3165 4016 3242 4082 τῷ
3274 4013 3442 4078 οὐδὲν,
3467 4012 3561 4065 καί⁵
3592 4010 3773 4064 οὐθέν.

2221 4108 2357 4160 Ἀλλ’
2388 4109 2479 4160 ἐπὶ⁹
2507 4110 2574 4161 τὰ
2622 4108 2818 4177 συνεχῆ
2860 4108 2958 4178 τῆς
3010 4107 3242 4178 θεωρίας
3284 4105 3444 4158 πάλιν
3473 4105 3772 4174 προΐωμεν,

2209 4199 2327 4262 πῶς
2349 4198 2580 4262 εἰσάπαξ
2615 4198 2708 4251 τοῦ
2739 4199 2908 4268 πυρὸς
2935 4200 3024 4252 τὸν
3050 4198 3347 4269 ἀκρότατον
3377 4196 3479 4266 τῆς
3513 4195 3777 4265 αἰσθητῆς

2209 4290 2422 4359 φύσεως
2447 4291 2570 4359 ὅρον
2591 4289 3052 4360 περιοδεύσαντος,
3074 4288 3381 4351 ἀκολούθως
3405 4287 3466 4339 τὸ
3495 4287 3778 4358 στερέωμα

544 4410 690 4465 tuor,
721 4400 835 4455 sive
861 4398 1012 4453 aliud
1038 4397 1132 4451 illa
1178 4395 1565 4464 complectens,
1597 4398 1657 4444 ut
1686 4387 1897 4443 externi
1930 4385 2102 4454 philo-

2211 4381 2416 4450 γίνεται
2443 4397 2457 4411 ⁸
2489 4382 2624 4450 ὅπερ
2659 4379 2906 4450 μεθόριόν
2941 4396 3105 4449 φησιν
3157 4376 3296 4432 εἶναι
3350 4377 3457 4431 τῶν
3507 4395 3564 4430 τε
3611 4381 3778 4448 ὑπερ-

545 4492 701 4562 soplii
761 4490 1121 4551 tradiderunt,
1171 4503 1281 4541 non
1327 4500 1450 4540 esse
1499 4497 1698 4551 corpus
1757 4477 1992 4534 solidum
2042 4489 2106 4528 ac

546 4583 764 4642 durum,
812 4579 908 4634 sed
949 4578 1353 4646 comparatione
1392 4575 1732 4644 sempiterna:
1765 4578 1819 4626 et
1852 4569 2108 4636 incorpo-

546 4685 688 4732 reas,
745 4675 798 4724 et
839 4682 958 4737 qua:
1003 4673 1152 4720 tactu
1188 4680 1295 4719 non
1348 4665 1673 4733 percipitur,
1729 4658 2107 4730 proprietatis,

543 4770 848 4816 extremum
885 4757 1015 4811 illud
1065 4766 1271 4810 natura;
1313 4747 1552 4814 senéilis,
1587 4751 1730 4821 quod
1759 4751 1900 4818 ignis
1929 4749 1979 4802 vi
2009 4762 2110 4803 sua

549 4860 807 4922 perpetuo
855 4848 1042 4904 mobili
1085 4847 1273 4912 ambit,
1320 4846 1716 4900 ﬁrmamentum
1773 4856 1803 4893 a
1830 4841 2112 4909 Scriptura

549 4943 678 4997 dici.
709 4940 843 5007 Quis
869 4941 1014 4994 enim
1035 4938 1232 5002 nescit,
1259 4937 1403 5006 quod
1440 4934 1674 4990 solidum
1704 4939 1808 4994 est,
1835 4931 2112 4985 resistenti

549 5030 784 5101 quadam
814 5029 1016 5084 duritie
1048 5026 1415 5082 condensari?
1461 5024 1603 5095 quod
1643 5030 1826 5076 autem
1867 5027 1949 5073 est
1982 5019 2115 5073 den-

550 5137 694 5182 sum,
724 5132 776 5176 et
816 5121 1037 5183 durum,
1087 5133 1151 5173 ac
1181 5119 1465 5182 resistens,
1503 5115 1762 5185 qualitate
1809 5110 1958 5180 gravi
2007 5123 2112 5164 non

549 5224 707 5268 vacat
745 5230 758 5266 :
789 5211 936 5282 quod
981 5225 1107 5265 vero
1134 5218 1328 5264 natura
1377 5223 1538 5277 grave
1577 5213 1679 5266 est,
1726 5217 1944 5259 sursum
1985 5199 2112 5255 ferri

549 5317 659 5357 non
699 5307 900 5370 potest.
943 5300 1011 5354 At
1050 5300 1215 5354 rebus
1251 5296 1468 5353 cunctis
1516 5293 1810 5350 sensilibus
1861 5287 2114 5358 superius

550 5400 637 5448 est
673 5391 1092 5452 ﬁrmamentum,
1127 5405 1194 5443 ex
1227 5403 1336 5458 quo
1389 5386 1466 5452 ﬁt,
1521 5392 1578 5438 ut
1614 5383 1751 5440 nihil
1780 5382 1834 5436 in
1864 5395 1930 5435 eo
1960 5391 2113 5432 cras-

551 5497 672 5537 sum
694 5489 788 5537 aut
809 5480 1188 5551 corpulentum
1206 5477 1434 5549 cogitari
1456 5476 1648 5546 possit,
1682 5473 1799 5534 sed,
1826 5479 1886 5525 ut
1909 5469 2112 5523 dictum

553 5582 657 5638 est,
703 5588 882 5628 rerum
925 5585 1046 5642 quae
1089 5584 1319 5640 corpore
1349 5577 1564 5630 vacant,
1609 5574 1662 5620 et
1697 5565 1880 5618 animo
1909 5570 2116 5615 tantum

554 5663 1106 5734 comprehenduntur,
1129 5661 1554 5733 comparatione,
1577 5655 1838 5730 quidquid
1864 5653 2117 5711 sensibus

2212 4475 2478 4545 κειμένων
2506 4475 2601 4527 καὶ
2639 4475 2746 4527 τῶν
2796 4473 3168 4542 ὑποκειμένων
3211 4472 3436 4526 ὑδάτων.
3485 4470 3624 4538 Ἐγὼ
3670 4472 3779 4541 γὰρ

2211 4563 2363 4636 οἶμαι
2401 4565 2558 4634 σῶμα
2593 4564 2690 4634 μέν
2731 4581 2812 4617 τοι
2848 4563 3071 4634 στερρὸν
3105 4562 3200 4615 καὶ
3227 4562 3534 4622 ἀντίτυπον,
3553 4561 3606 4612 εί
3633 4560 3690 4612 τέ
3723 4578 3777 4613 τι

2212 4654 2320 4706 τῶν
2346 4653 2643 4723 τεσσάρων,
2668 4652 2722 4705 εἴ
2742 4653 2800 4706 τέ
2835 4670 2886 4705 τι
2921 4654 3016 4706 καὶ
3044 4651 3192 4722 παρά
3244 4649 3409 4705 ταῦτα
3434 4650 3637 4719 ἕτερον,
3674 4666 3778 4702 κα-

2214 4745 2322 4809 θὼς
2349 4749 2380 4814 ή
2409 4743 2604 4809 ἔξωθεν
2646 4743 2954 4814 ὲφαντάσθη
3011 4741 3317 4812 φιλοσοφία,
3360 4739 3521 4812 μηδὲν
3568 4740 3694 4810 περὶ
3722 4739 3781 4793 τὺ

2217 4836 2504 4908 στερέωμα
2556 4835 2898 4906 θεωρεῖσθαι,
2925 4835 3059 4888 ἀλλά
3088 4834 3148 4887 τὸ
3191 4835 3358 4903 ἀκρον
3386 4832 3484 4900 τῆς
3517 4829 3782 4900 αἰσθητῆς

2216 4927 2423 4996 οὐσίας,
2449 4927 2584 4997 ὅπερ
2613 4928 2646 4996 ἡ
2679 4925 2773 4978 τοῦ
2813 4926 2982 4996 πυρὸς
3009 4925 3169 4994 φύσις
3204 4924 3342 4978 κατά
3363 4924 3456 4993 τὴν
3481 4922 3782 4989 ἀεικίνητον

2215 5017 2444 5088 δύναμιν
2493 5016 2800 5088 περιπολεῖ,
2828 5015 2986 5069 τοῦτο
3030 5015 3315 5084 στερέωμα
3342 5012 3491 5083 παρά
3521 5014 3619 5082 τῆς
3646 5012 3782 5082 Γρα-

2217 5109 2324 5178 φῆς
2350 5108 2604 5179 ρηθῆναιῖ
2637 5108 2917 5179 συγκρίσει
2945 5106 3045 5176 τῆς
3088 5105 3256 5158 ἀϊδίου
3286 5121 3345 5156 τε
3372 5105 3465 5156 καλ⁵
3497 5104 3782 5172 ἀσωμάτου

2220 5199 2310 5252 καὶ
2330 5197 2565 5266 ἀναφοῦς
2592 5197 2870 5268 ἰδιότητος.
2912 5196 3007 5260 Τίς
3035 5195 3144 5265 γὰρ
3174 5195 3274 5248 ούκ
3301 5191 3440 5247 οϊδεν
3481 5195 3563 5246 ὅτι
3599 5194 3705 5245 πᾶν
3725 5191 3784 5242 τὸ

2220 5289 2444 5360 στερρὸν
2473 5288 2562 5342 διά
2609 5305 2754 5352 τινος
2783 5288 2998 5351 πάντως
3039 5286 3360 5348 ἀντιτυπίας
3392 5284 3737 5337 πεπύκνωται
3767 5297 3782 5346 ;

2220 5379 2293 5432 Τὸ
2315 5380 2370 5433 δὲ
2412 5379 2613 5434 πυκνὸν
2644 5379 2738 5431 καὶ
2767 5380 3078 5439 ἀντίτυπον,
3111 5378 3172 5432 οὐ
3200 5376 3492 5450 καθαρεύει
3521 5374 3619 5444 τῆς
3649 5371 3788 5425 κατά

2219 5471 2280 5523 τὸ
2313 5470 2476 5542 βάρος
2509 5470 2825 5540 ποιότητοςο
2855 5470 2916 5524 τὸ
2960 5471 3016 5524 δὲ
3063 5470 3201 5542 βαρὺ
3258 5468 3397 5523 κατά
3451 5467 3551 5536 τὴν
3607 5464 3784 5531 φύσιν,

2220 5563 2499 5632 ἀνωφερὲς
2526 5556 2662 5612 εἶναι
2686 5561 2747 5612 ού
2792 5559 3032 5612 δύναται.
3072 5559 3232 5612 Ἀλλά
3266 5559 3368 5630 μὴν
3400 5555 3578 5624 πάσης
3625 5551 3789 5622 ὑπέρ-

2222 5668 2397 5706 κειται
2444 5651 2543 5721 τῆς
2577 5649 2839 5721 αἰσθητῆς
2866 5651 3096 5713 κτίσεως
3122 5650 3182 5702 τὺ
3211 5648 3526 5719 στερέωμα,
3556 5645 3654 5698 οὐκ
3682 5642 3788 5714 ἄρα
