4106 6208
355 305 432 364 8!
1566 315 1635 370 IN
1674 315 2148 376 HEXAEMERON
2177 317 2398 375 LIBER.
2999 353 3008 360 ι
3541 321 3613 378 82

359 423 518 494 παχύ
547 441 595 476 τι
621 421 713 477 ui.
741 420 1069 495 σωματῶδες
1092 427 1220 499 περὶ
1253 428 1385 483 αὑτὸ
1417 434 1554 486 νοεῖν
1587 434 1621 504 ή
1650 433 1940 489 ἀκολουθία

2044 445 2128 493 est
2184 436 2479 492 obnoxium
2508 475 2524 501 ,
2567 435 2800 493 solidum
2844 435 3167 507 ﬁrmumque
3199 434 3439 501 dicitur,
3484 435 3612 492 licet
3721 503 3724 508 _

355 514 460 568 τοῦ
507 515 666 582 Αόγου
693 514 932 582 δίδωσιν,
957 517 1093 572 ἀλλά
1123 518 1304 584 καθὼς
1349 520 1583 593 εἴρηται,
1612 527 1678 594 τῇ
1719 525 1857 595 πρὸς
1882 526 1942 579 τὸ

355 605 554 674 νοητόν
584 621 646 658 τε
681 596 790 658 ’καὶ
826 605 1119 678 ἀσώματον
1161 610 1480 681 παραθέσει,
1516 615 1624 667 πᾶν
1669 616 1792 668 ὅσον
1846 615 1942 670 τοῦ

352 694 626 765 αἰσθητοῦ
652 695 843 763 γένους
864 697 1000 763 ἐστὶ,
1021 700 1250 772 στερρὸν
1271 702 1506 770 λέγεται,
1528 703 1630 758 κᾶν
1648 709 1714 778 τῇ
1737 710 1940 778 φυσικῇ

352 787 653 857 λεπτότητι
690 788 976 859 διαφεύγει
1018 791 1115 863 τὴν
1163 795 1506 864 κατανόησιν.
1553 797 1761 851 Οὐκοῦν
1811 800 1941 852 ἀκο-

352 877 566 940 λούθως
584 879 708 930 ὅσον
731 882 794 949 τῇ
821 881 1052 952 περιόδῳ
1071 881 1166 935 τοῦ
1194 884 1364 955 πυρὸς
1378 885 1657 959 διελήφθη·
1675 888 1938 958 διελήφθη

349 968 496 1021 δὲτὸ
519 969 692 1039 πέρας
719 973 818 1041 τῆς
835 969 1025 1042 ὑλικῆς
1043 973 1230 1038 οὐσίας
1251 991 1265 1006 ·
1293 975 1370 1046 τῷ
1392 977 1538 1042 ἅπαξ
1560 978 1672 1050 ἰδίῳ
1699 980 1807 1034 τινὶ
1833 981 1943 1050 ὅρῳ

353 1059 724 1127 περιγραφὲν,
761 1060 1050 1131 στερέωμα
1089 1063 1186 1131 μὲν
1223 1064 1314 1119 διὰ
1344 1066 1441 1137 τὴν
1470 1068 1661 1141 ὑλικὴν
1689 1071 1850 1138 φύσιν
1873 1073 1939 1141 τῇ

354 1151 648 1220 συγκρίσει
679 1150 790 1203 τῶν
828 1151 1202 1224 ὑποκειμένων
1233 1160 1669 1231 προσηγορεύθη.
1706 1163 1944 1233 Οὐρανὸς

352 1239 413 1293 δὲ
462 1237 589 1308 ἔσχε
638 1239 701 1292 τὸ
748 1239 942 1312 ὄνομα,
972 1239 1160 1315 ὥσπερ
1205 1246 1300 1298 καὶ
1329 1247 1408 1318 τῷ
1447 1249 1586 1316 φωτὶ
1628 1249 1798 1320 ὄνομα
1847 1249 1944 1321 τὴν

352 1330 572 1399 ἡμέραν
599 1331 770 1397 ἔθετο,
812 1333 908 1385 καὶ
941 1333 1018 1404 τῷ
1073 1335 1256 1389 σκότει
1283 1338 1382 1409 τὴν
1411 1338 1604 1394 νύκτα.
1653 1341 1712 1394 Ἦ
1743 1341 1798 1395 δὲ
1835 1342 1944 1395 τῶν

354 1422 568 1474 ὑδάτων
620 1423 960 1495 διάκρισιςή
1019 1429 1398 1501 κεχωρισμένη
1433 1434 1499 1502 τῇ
1561 1433 1806 1504 μεσιτείᾳ
1845 1431 1940 1486 τοῦ

354 1513 764 1585 στεμὼματος,
786 1514 913 1566 οὔτε
944 1515 1043 1586 τῆς
1071 1517 1390 1588 ὑπολήψεως
1416 1519 1788 1592 ἀλλοτριοῦται
1815 1523 1944 1576 ταύ-

347 1621 476 1675 της,
494 1606 585 1658 καὶ
614 1604 746 1676 πρὸς
774 1605 874 1675 τὴν
905 1606 1126 1677 Γραφὴν
1145 1608 1455 1674 ἀκολούθως
1477 1611 1607 1682 ἔχει.
1629 1613 1942 1683 Γέγραπται
1973 1638 1980 1643 ·

353 1696 471 1764 γὰρ
499 1697 556 1748 ὲν
583 1699 649 1766 τῇ
686 1696 977 1767 ἀκολουθία
1009 1698 1117 1752 τῶν
1169 1700 1475 1771 εἰρημένων
1527 1703 1667 1773 μετὰ
1717 1703 1778 1756 τὸ
1817 1706 1943 1775 περὶ

2043 535 2294 582 naturam
2339 541 2500 597 quam
2557 527 2792 582 maxime
2845 525 3072 594 cogitari
3111 525 3284 596 possit
3355 523 3610 580 subtilem

2042 619 2306 674 obtineat.
2333 619 2523 672 Merito
2557 618 2741 688 igitur,
2773 616 2918 687 quod
2940 617 3082 687 ignis
3118 616 3321 670 ambitu
3365 629 3615 686 compre-

2043 709 2303 764 henditur
2325 708 2825 779 (comprehenditur
2845 716 3025 764 autem
3047 706 3312 778 quidquid
3333 722 3398 762 ex
3423 719 3610 762 crassa

2043 798 2268 853 materia
2329 799 2588 868 constat),
2610 798 2662 852 id
2702 798 2942 869 propriis
2995 798 3165 854 semel
3209 798 3458 854 terminis
3505 797 3617 852 cir-

2043 889 2458 958 cumscripturn,
2486 889 2556 944 ob
2575 890 2875 946 naturalem
2905 890 3146 949 materiae
3168 889 3608 952 crassitudinem,

2043 980 2112 1035 ad
2138 981 2476 1049 superiorum
2505 980 2869 1036 dilTerentiam
2910 990 3166 1037 vocatum
3196 991 3278 1036 est
3305 981 3616 1034 ﬁrmamen-

2043 1076 2180 1122 tum.
2215 1067 2681 1135 Quemadmodum
2719 1077 2898 1124 autem
2925 1079 2978 1124 et
3008 1070 3204 1133 lucem,
3237 1067 3416 1133 diem;
3446 1073 3502 1121 et
3537 1072 3617 1120 te-

2042 1161 2241 1216 nebras
2274 1170 2490 1216 noctem
2525 1180 2538 1215 :
2577 1161 2658 1216 sic
2685 1162 2839 1226 illud,
2864 1161 3062 1216 coelum
3089 1159 3400 1230 appellavit.
3433 1158 3615 1228 Atque

2043 1254 2111 1308 ab
2143 1253 2247 1309 hac
2291 1254 2508 1324 quidem
2538 1256 2879 1325 expositione
2921 1254 3116 1309 divisio
3142 1266 3409 1323 aquarum
3446 1251 3618 1307 inter-

2043 1345 2223 1414 positu
2251 1346 2650 1416 interjectuque
2685 1345 3010 1401 ﬁrmamenti
3042 1345 3335 1399 constituta
3369 1355 3477 1396 non
3515 1340 3616 1396 abv

2043 1435 2246 1500 horret,
2264 1444 2318 1488 et
2337 1437 2631 1506 Scriptura:
2646 1437 2899 1490 convenit
2925 1454 2937 1490 :
2965 1434 3046 1490 sic
3063 1428 3348 1502 enim‘post
3366 1430 3478 1495 illa,
3497 1443 3618 1499 qua

2043 1524 2111 1580 de
2125 1534 2266 1580 terra
2286 1527 2490 1595 scripta
2504 1537 2650 1591 sunt,
2670 1526 2942 1595 sequitur:
2969 1543 2986 1575 ι
3008 1523 3436 1578 Τοηοὺτωετεηι
3451 1534 3617 1590 super

2043 1615 2324 1685 abyssum,
2351 1625 2405 1670 et
2433 1617 2659 1685 spiritus
2685 1617 2781 1670 Dei
2808 1615 3084 1671 ferebatur
3114 1629 3280 1683 super
3300 1611 3609 1682 aquam".t

2042 1706 2388 1761 Arbitrantur
2405 1707 2569 1776 igitur
2588 1713 2796 1760 tantum
2817 1706 3030 1768 abesse,
3049 1713 3108 1759 ut
3129 1704 3358 1774 spiritus
3376 1701 3622 1757 tenebra-

356 1786 464 1856 τῆς
495 1787 598 1854 γῆς
624 1789 790 1842 εἰπεῖν
808 1805 820 1817 ⁸
849 1788 931 1841 ὅτι
959 1807 977 1839 ι
1018 1789 1218 1855 Σκότος
1247 1787 1315 1863 ἦν
1337 1771 1644 1862 ὲπάνωτῆς
1673 1771 1936 1858 ἀϐύσσου,

2044 1812 2188 1860 rum,
2211 1771 2449 1865 spiritus
2464 1795 2557 1850 Dei
2589 1797 2680 1861 sit,
2710 1802 2975 1866 quantum
2999 1771 3252 1849 abest'ab
3273 1792 3422 1847 omni
3443 1791 3615 1845 malo:

361 1876 467 1927 καὶ
514 1876 728 1946 πνεῦμα
769 1877 898 1930 Θεοῦ
948 1879 1250 1951 ἐπεφέρετο
1293 1881 1479 1935 ὲπάνω
1521 1882 1614 1936 τοῦ
1657 1883 1874 1948 ὓδατος.
1913 1904 1932 1937 ι

362 1967 750 2036 Στοχαζόμεθα
786 1969 953 2022 τοίνυν
987 1971 1072 2023 ὅτι
1103 1972 1163 2024 τὸ
1203 1971 1420 2043 πνεῦμα
1469 1973 1562 2027 τοῦ
1591 1974 1725 2028 Θεοῦ
1761 1977 1938 2030 τοσοῦ-

365 2073 464 2108 τον
503 2058 697 2128 ,ἀπέχει
728 2059 816 2111 τοῦ
863 2060 1090 2125 σκότους
1117 2057 1276 2126 εἷναι,
1306 2064 1429 2117 ὅσον
1476 2067 1568 2117 καὶ
1613 2066 1813 2129 παντὸς
1841 2084 1938 2120 καο

2043 1886 2187 1958 quod
2212 1886 2704 1941 innumerabilibus
2737 1893 2942 1941 sanctae
2969 1883 3265 1954 Scriptura:
3290 1879 3621 1938 testimoniis

2045 1991 2338 2047 possumus
2361 1975 2740 2044 comprobare,
2771 1989 2892 2044 quae
2918 1972 3088 2028 Deum
3114 1980 3168 2027 et
3190 1972 3365 2025 lucem
3385 1982 3508 2024 esse
3533 1982 3620 2022 ve-

2045 2083 2162 2123 ram
2199 2068 2244 2099 "
2271 2107 2286 2132 ,
2309 2075 2364 2122 et
2387 2067 2633 2122 habitare
2662 2067 2838 2121 lucem
2872 2066 3211 2120 inaccessam
3252 2065 3294 2094 “
3328 2062 3615 2116 afﬁrmant.

365 2146 467 2200 κοῦ
493 2148 778 2218 ἀλλοτρίως
809 2149 937 2220 ἔχει.
964 2152 1072 2203 Καὶ
1105 2153 1307 2223 μυρίας
1337 2153 1452 2206 ἔστι
1492 2155 1631 2226 περὶ·
1654 2155 1844 2209 τούτου
1873 2156 1971 2225 τῆς
1998 2157 2160 2226 ἁγίας
2188 2155 2408 2226 Γραφῆς
2451 2155 2809 2226 παραθέσθαι;
2835 2155 3018 2224 φωνάς
3036 2195 3049 2220 ,
3075 2155 3158 2207 ὃτι
3187 2153 3281 2206 καὶ
3323 2151 3439 2223 φῶς
3472 2152 3620 2205 ἐστιν

354 2239 608 2308 ἀληθινὸν
652 2242 681 2293 ό
727 2241 879 2305 Θεὸς,
922 2245 1015 2298 καὶ
1070 2245 1209 2298 οἰκεῖ
1261 2245 1556 2318 ἀπρόσιτον
1598 2247 1734 2316 φῶς.

425 2331 499 2383 Τὸ
517 2331 572 2383 δὲ
600 2331 820 2402 πνεῦμα
845 2332 937 2385 τοῦ
959 2333 1092 2389 Θεοῦ
1121 2337 1314 2391 ταύτὸν
1330 2341 1396 2409 τῇ
1435 2339 1593 2408 φύσει
1623 2343 1770 2397 ἐστὶν
1799 2341 1946 2413 αὑτῴ

348 2423 429 2494 τῷ
444 2423 584 2494 Θεῷ·
605 2426 654 2476 εί
683 2425 742 2478 δὲ
775 2425 875 2495 μία
893 2425 1055 2494 φύσις
1076 2427 1170 2481 τοῦ
1193 2427 1328 2482 Θεοῦ
1353 2430 1448 2482 καὶ
1474 2430 1566 2483 τοῦ
1600 2431 1936 2503 πνεύματος,

264 2580 268 2581 ί
352 2512 473 2581 φῶς
501 2512 556 2565 δὲ
573 2512 764 2576 ὁΘεὸς,
791 2512 904 2580 φῶς
920 2512 985 2566 ἂν
1001 2513 1084 2584 εἴη
1105 2515 1320 2578 πάντως
1345 2515 1546 2569 καὶτοῦ
1560 2515 1694 2569 Θεοῦ
1711 2516 1772 2569 τὸ
1789 2513 1946 2569 πνεῦ-

355 2621 459 2674 μα.
482 2604 553 2656 Τὸ
584 2604 639 2656 δὲ
664 2604 776 2672 φῶς
806 2607 863 2658 ὲν
891 2605 1032 2672 φωτὶ
1062 2604 1276 2669 πάντως
1308 2609 1454 2660 ποιεῖ
1480 2608 1686 2674 ἐκεῖνα,
1718 2601 1799 2671 οἷς
1825 2609 1943 2660 ἐπι-

354 2697 607 2766 φέρεται.
628 2696 700 2749 Τὸ
714 2696 770 2749 δὲ
795 2697 939 2768 ὕδωρ
954 2690 998 2764 ᾧ
1021 2697 1080 2750 τὸ
1109 2698 1325 2768 πνεῦμα
1346 2697 1442 2751 τοῦ
1463 2698 1599 2752 Θεοῦ
1623 2698 1942 2770 ἐπεφέρετο,

353 2787 486 2841 ἄλλο
532 2805 586 2840 τι
643 2788 795 2857 παρά
829 2789 928 2859 τὴν
985 2789 1276 2860 κατωφερῆ
1316 2788 1523 2860 ταύτην
1555 2789 1662 2842 τῶν
1703 2789 1943 2859 ῥευστῶν

353 2879 569 2933 ὑδάτων
609 2880 772 2948 φύσιν
820 2880 988 2944 ἐστὶν,
1019 2880 1048 2932 ὃ
1069 2879 1147 2950 τῷ
1183 2878 1522 2950 στερεώματι
1545 2880 1682 2950 πρὸς
1712 2881 1772 2933 τὸ
1802 2880 1939 2951 βαρύ

351 2991 416 3026 τε
461 2975 557 3026 καὶ
602 2974 915 3042 κατωφερὲς
950 2972 1091 3042 ὕδωρ
1140 2972 1545 3042 διατειχίςεται.
1593 2973 1656 3026 Εἰ
1693 2973 1750 3025 δὲ
1800 2973 1941 3043 ὕδωρ

352 3064 588 3116 κάκεῖνο
625 3061 775 3132 παρά
826 3063 924 3132 τῆς
961 3062 1183 3132 Γραφῆς
1232 3061 1586 3131 ὀνομάζεται,
1625 3055 1670 3128 ᾧ
1722 3061 1809 3114 διὰ
1841 3059 1940 3130 τῆς

2120 2335 2359 2406 Spiritus
2396 2342 2574 2389 autem
2603 2333 2696 2390 Dei
2736 2349 2799 2389 ea
2832 2348 2998 2403 super
3027 2348 3148 2403 quae
3183 2330 3374 2397 fertur,
3414 2333 3619 2390 similia

2047 2423 2179 2478 facit
2209 2424 2275 2478 iis
2305 2439 2426 2493 quae
2453 2423 2508 2477 in
2544 2423 2665 2478 luce
2699 2433 2850 2479 sunt.
2883 2423 3246 2489 Quamobrem
3281 2439 3421 2494 aqua
3455 2438 3622 2493 super

2047 2532 2209 2588 quam
2239 2516 2333 2570 Dei
2381 2516 2609 2585 spiritus
2643 2515 2940 2582 ferebatur,
2981 2517 3034 2571 in
3071 2518 3191 2571 luce
3219 2525 3335 2571 erat
3368 2518 3618 2584 omnino,

2044 2617 2100 2664 et
2133 2623 2164 2662 a
2192 2608 2432 2663 tenebris
2463 2616 2717 2676 separata
2739 2647 2753 2672 ,
2786 2615 2841 2663 et
2877 2608 2999 2663 ideo
3033 2609 3110 2662 illi
3141 2624 3248 2662 non
3281 2616 3402 2663 erat
3431 2624 3574 2678 opus
3603 2650 3619 2674 ,

2045 2714 2170 2754 cum
2203 2701 2258 2754 in
2289 2698 2530 2754 tenebris
2561 2711 2668 2751 non
2698 2706 2878 2764 esset,
2908 2707 2968 2752 ut
2995 2699 3385 2754 illustraretur.
3414 2699 3547 2765 Quae
3573 2699 3622 2756 si

2043 2796 2194 2846 recte
2227 2787 2578 2844 considerata
2613 2794 2772 2851 sunt,
2810 2803 2952 2856 aqua
2988 2787 3274 2858 profecto,
3308 2804 3472 2859 super
3503 2804 3615 2860 qua

2046 2881 2322 2936 ferebatur
2392 2878 2625 2948 spiritus
2679 2877 2814 2943 Dei,
2864 2879 3080 2934 diversa
3129 2887 3214 2934 est
3266 2881 3335 2935 ab
3383 2882 3618 2936 istarum

2043 2985 2307 3041 aquarum
2339 2977 2568 3034 natura,
2622 2984 2744 3040 qua:
2793 2969 3050 3023 deorsum
3085 2969 3297 3034 fluunt,
3340 2981 3406 3035 et,
3434 2971 3620 3026 ﬁrma-

2044 3069 2229 3116 mento
2259 3060 2328 3115 ab
2365 3074 2505 3130 aqua
2541 3060 2694 3130 gravi
2728 3067 2784 3114 et
2817 3059 2884 3112 ad
2924 3057 3184 3114 inferiora
3226 3060 3486 3117 tendente
3530 3076 3621 3118 se-

351 3154 700 3225 ὐψηλοτέρας
745 3153 977 3222 θεωρίας
1012 3153 1075 3205 τὸ
1109 3151 1220 3205 τῶν
1246 3152 1450 3223 νοητῶν
1490 3153 1770 3222 δυνάμεων
1801 3150 1938 3220 πλή-

2044 3149 2308 3221 jungilur.
2363 3149 2518 3216 Quod
2567 3160 2748 3204 autem
2799 3149 2853 3202 in
2891 3146 3172 3219 Scriptura
3206 3158 3434 3205 vocetur
3478 3163 3621 3220 aqua

354 3265 517 3318 ρωμα
552 3245 916 3316 σημαίνεσθαι
950 3244 1340 3315 στοχαζόμεθα,
1377 3244 1667 3310 ξενιζέσθω
1717 3245 1804 3297 διὰ
1846 3245 1944 3314 τῆς

353 3339 675 3409 ὁμωνυμίας
728 3337 936 3407 μηδείς.
985 3338 1094 3390 Καὶ
1122 3337 1232 3408 γὰρ
1276 3337 1373 3390 καὶ
1404 3338 1432 3388 ὁ
1475 3336 1609 3399 Θεὸς
1655 3335 1766 3406 πῦρ
1814 3353 1945 3389 κατ-

355 3430 647 3483 αναλίσκον
674 3429 845 3485 ἐστὶν.
894 3426 1028 3479 ἀλλὰ
1062 3426 1357 3495 καθαρεύει
1389 3427 1490 3497 τῆς
1540 3426 1729 3497 ὑλικῆς
1760 3443 1940 3496 σημα-

355 3521 480 3582 σίας
512 3517 609 3570 τοῦ
635 3516 809 3587 πυρὸς
837 3518 866 3570 ὁ
911 3515 1088 3584 λόγος.
1145 3516 1353 3584 ’Ὠσπερ
1383 3511 1476 3569 οῦν
1525 3515 1617 3569 τὸν
1664 3515 1798 3569 Θεὸν
1831 3513 1943 3587 πῦρ

364 3609 554 3681 μαθὼν
574 3602 734 3671 εἶναι,
762 3607 888 3661 ἄλλο
919 3623 972 3659 τι
1003 3605 1164 3659 αὑτὸν
1199 3606 1354 3676 παρά
1375 3605 1434 3658 τὸ
1471 3603 1583 3676 πῦρ
1609 3604 1766 3658 τοῦτο
1787 3605 1941 3674 ὲνόη-

362 3717 469 3762 σας
499 3717 514 3730 ο
544 3697 688 3751 οὕτω
716 3699 803 3752 καὶ
846 3696 991 3768 ὓδωρ
1037 3696 1167 3767 θείῳ
1221 3696 1494 3765 πνεύματι
1545 3695 1943 3766 ἐπιφερόμενον

353 3792 648 3864 διδαχθεὶς,
685 3793 757 3862 μή
795 3791 893 3863 τὴν
937 3790 1234 3861 κατωφερῆ
1285 3789 1446 3859 φύσιν
1482 3789 1681 3862 νοήσῃς
1718 3788 1814 3857 τὴν
1866 3788 1944 3850 είς

345 3868 458 3957 ’γῆν
493 3885 932 3957 καταρρέουσαν.
988 3883 1063 3936 Τὸ
1099 3883 1209 3954 γάρ
1257 3880 1474 3952 πνεῦμα
1513 3881 1609 3934 τοῦ
1657 3879 1791 3934 Θεοῦ
1832 3882 1945 3942 τοῖς

353 3976 660 4048 χθαμαλοῖς
709 3991 769 4028 τε
824 3974 919 4027 καὶ
955 3973 1208 4035 ἀστάτοις
1228 3973 1328 4024 οὑκ
1358 3970 1700 4043 ἐπιφέρεται.
1730 3968 1941 4023 Οὑκοῦν

349 4068 425 4131 ὡς
449 4067 518 4121 ἂν
560 4065 946 4136 φανερώτερον
977 4065 1109 4135 ἡμῖν
1155 4062 1520 4132 ὲκκαλυφθείη
1545 4062 1605 4115 τὸ
1633 4060 1830 4130 νόημα,
1856 4057 1944 4112 διὰ

353 4159 655 4229 συντομίας
703 4156 794 4211 τὸν
825 4154 950 4210 νοῦν
993 4155 1104 4208 τῶν
1145 4154 1452 4226 εἰρημένων
1502 4148 1940 4220 ἁναληψώμεθα⁸

352 4251 520 4304 ὅτιτὸ
556 4248 853 4318 στερέωμα
891 4245 921 4298 ὸ
947 4245 1226 4316 ἐπεκλήθη
1274 4244 1524 4313 οὐρανὸς,
1564 4242 1812 4314 μεθόριον
1842 4243 1944 4311 τῆς

353 4339 621 4409 αίσθητῆς
658 4338 778 4389 ἐστι
829 4335 1079 4398 κτίσεως,
1112 4335 1176 4386 τὸ
1209 4334 1264 4386 δὲ
1291 4333 1386 4386 ἀπ’
1416 4331 1646 4394 ἐκείνου,
1673 4332 1836 4404 νοητή
1862 4349 1945 4395 τις

351 4430 659 4500 διαδέχεται
689 4427 886 4489 κτίσις,
922 4427 980 4480 ὲν
1008 4419 1042 4499 ᾖ
1083 4425 1184 4479 οὑκ
1217 4421 1376 4487 εἶδος,
1401 4423 1462 4476 οὑ
1511 4421 1761 4492 μέγεθος,
1785 4421 1882 4490 οὑχ
1909 4422 1941 4491 ή

2044 3243 2210 3296 etiam
2243 3241 2335 3295 illa
2358 3281 2372 3304 ,
2405 3256 2512 3309 qua
2557 3240 2864 3295 sublimiori
2906 3241 3368 3311 contemplatione
3411 3242 3623 3297 divina-

2046 3347 2166 3386 rum
2219 3331 2484 3387 mentium
2530 3330 2813 3400 plenitudo
2870 3330 3232 3401 signiﬁcatur,
3281 3348 3350 3388 ne
3392 3333 3516 3402 quis
3565 3331 3622 3387 id

2045 3423 2322 3488 alienum,
2377 3431 2470 3477 aut
2523 3438 2723 3476 novum
2771 3429 2944 3493 putet.
2996 3423 3131 3480 Nam
3179 3429 3234 3478 et
3280 3423 3424 3479 Deus
3479 3423 3622 3496 ignis

2045 3528 2377 3569 consumens
2411 3522 2495 3569 est
2525 3516 2595 3578 ",
2630 3521 2872 3568 attamen
2904 3514 2972 3568 ab
3007 3513 3152 3583 ignis
3184 3515 3412 3570 materia
3443 3529 3620 3586 purus

2045 3603 2385 3678 intelligitur.
2409 3604 2877 3670 Quemadmodum
2905 3603 3092 3674 igitur,
3117 3619 3242 3659 cum
3265 3605 3423 3660 audis
3448 3604 3622 3661 Deum

2043 3709 2166 3751 esse
2205 3695 2414 3766 ignem,
2453 3695 2602 3749 aliud
2633 3695 2892 3765 quiddam
2933 3696 3004 3752 ab
3033 3697 3140 3753 isto
3173 3698 3297 3768 igne
3331 3697 3621 3753 diversum

2044 3802 2167 3843 esse
2195 3788 2348 3841 illum
2389 3786 2642 3857 cOgitas:
2685 3786 2766 3841 sic
2810 3787 2974 3841 etiam
3019 3803 3142 3842 cum
3175 3789 3363 3843 divino
3402 3787 3623 3858 spiritui

2044 3894 2240 3950 aquam
2270 3877 2572 3947 subjectam
2601 3877 2798 3942 discis,
2825 3893 2894 3932 ne
2929 3886 3087 3948 putes
3123 3881 3272 3934 illam
3305 3895 3429 3936 esse
3460 3881 3622 3935 istam

2045 3986 2165 4041 qua:
2191 3968 2449 4028 inferiora
2480 3977 2669 4040 petens
2701 3970 2756 4023 in
2791 3977 2991 4024 terram
3030 3969 3170 4026 fluit.
3205 3969 3342 4026 Nam
3392 3972 3621 4041 spiritus

2045 4060 2141 4116 Dei
2199 4075 2366 4130 super
2425 4059 2659 4115 terrenis
2714 4060 2835 4114 istis
2889 4068 3054 4129 atque
3105 4061 3453 4118 instabilibus
3508 4075 3622 4117 non

2043 4151 2234 4207 fertur.
2267 4149 2466 4205 Verum
2487 4189 2500 4213 ,
2536 4158 2594 4203 ut
2625 4150 2827 4204 clarior
2861 4152 3020 4206 nobis
3055 4151 3141 4206 hic
3173 4167 3368 4207 sensus
3402 4160 3618 4222 pateat,

2041 4243 2278 4300 breviter
2290 4250 2599 4314 repetamus
2624 4255 2687 4295 ea
2701 4256 2822 4310 quae
2838 4241 2980 4296 dicta
2996 4249 3145 4295 sunt.
3165 4240 3619 4309 Firmamentum,

2045 4334 2192 4405 quod
2222 4342 2475 4388 vocatum
2499 4339 2585 4386 est
2615 4331 2814 4386 cazlum
2840 4370 2854 4396 ,
2878 4331 3151 4387 terminus
3177 4341 3264 4386 est
3290 4347 3471 4388 rerum
3499 4349 3622 4405 qua}

2047 4427 2302 4483 sensibus
2334 4421 2912 4491 comprehenduntur:
2950 4420 3098 4491 quod
3129 4422 3274 4477 ultra
3307 4423 3460 4477 illum
3491 4433 3617 4480 rter-

359 4523 450 4574 ἐπὶ
485 4523 658 4574 τόπου
701 4517 957 4584 θέσις,οὑ
1002 4517 1064 4570 τὸ
1109 4517 1174 4570 ὲκ
1205 4513 1590 4586 διαστημάτων
1637 4513 1857 4584 μέτρον,
1877 4511 1938 4566 οὐ

2045 4517 2253 4571 minum
2289 4521 2404 4578 est,
2456 4513 2510 4567 id
2549 4527 2638 4568 res
2688 4512 2793 4566 illa:
2831 4527 2954 4583 quae
2992 4520 3174 4570 mente
3212 4514 3619 4586 percipiuntur,

355 4612 577 4682 χρῶμα,
601 4610 663 4662 οὑ
700 4608 907 4678 σχῆμα,
955 4607 1014 4660 οὑ
1054 4606 1374 4676 πηλικότης,
1425 4605 1526 4658 οὑκ
1575 4603 1703 4657 ἄλλο
1740 4621 1792 4656 τι
1832 4602 1939 4655 τῶν

362 4705 472 4758 ὑπὸ
498 4703 585 4754 τὸν
612 4701 843 4773 οὐρανὸν
871 4697 1260 4768 θεωρουμένων
1301 4695 1472 4751 οὐδέν.
1509 4695 1618 4749 Καί
1652 4711 1718 4765 με
1753 4693 1941 4765 μηδεὶς

363 4792 662 4849 ὑπονυείτω
687 4793 775 4845 διά
815 4791 916 4859 τῆς
947 4789 1302 4862 τροπολογίας
1337 4787 1596 4857 σύγχυσιν
1619 4786 1844 4854 ἐπάγειν
1871 4788 1936 4856 τῇ

363 4884 577 4955 θεωρία
625 4882 722 4952 τῆς
761 4882 984 4946 λέξεως,
1039 4880 1114 4944 ὡς
1156 4882 1276 4943 ταῖς
1334 4877 1609 4942 ὑπονοίαις
1670 4877 1779 4930 τῶν
1835 4877 1940 4947 πρὸ

360 4975 528 5046 ἡμῶν
579 4972 646 5025 τά
682 4972 903 5026 τοιαῦτα
947 4971 1368 5042 τεθεωρηκότων
1426 4967 1818 5040 συμφέρεσθαι,
1846 4968 1940 5022 καὶ

362 5069 546 5135 λέγειν
575 5083 589 5096 ’
627 5065 723 5128 τὰς
758 5064 856 5132 μὲν
886 5060 1252 5124 ἀποπατικάς
1279 5060 1555 5129 δυνάμεις,
1591 5058 1825 5114 ἄϐυσσον
1853 5058 1939 5113 λέ-

363 5159 557 5226 γεσθαι
578 5174 593 5188 ο
616 5157 711 5210 τὸν
735 5156 790 5210 δὲ
818 5155 1238 5226 κοσμοκράτορα
1260 5153 1354 5207 τοῦ
1378 5151 1630 5216 σκότους,
1665 5152 1726 5204 τὸ
1756 5152 1940 5206 έπάνω

362 5251 462 5318 τῆς
492 5248 736 5303 ἀϐύσσου
773 5245 1012 5300 νοεῖσθαι
1064 5246 1272 5309 σκότος.
1304 5246 1528 5313 Μήποτε
1557 5243 1699 5296 οὑτω
1759 5260 1938 5314 παραο

362 5343 703 5411 νομήσαιμι,
735 5339 816 5403 ὡς
876 5342 1087 5410 ποίημα
1119 5339 1255 5393 Θεοῦ
1299 5340 1399 5411 τὴν
1456 5338 1653 5392 κακίαν
1697 5339 1886 5410 νοῆσαι
1923 5355 1935 5370 ·

365 5430 549 5500 σαφῶς
570 5429 818 5493 εἰπόντος
847 5430 939 5483 ἐπὶ
987 5428 1284 5499 κεφαλαίου
1323 5427 1415 5483 τοῦ
1463 5427 1608 5481 θείου
1641 5427 1823 5497 λόγου,
1858 5428 1939 5480 ὅτι

376 5537 395 5571 ι
433 5521 540 5574 Καὶ
593 5515 734 5576 εἶδεν
778 5523 807 5576 ὁ
860 5521 994 5587 Θεὸς
1043 5523 1112 5576 τὰ
1160 5521 1340 5575 πάντα
1383 5521 1484 5575 ὅσα
1527 5520 1800 5591 ἐπτοίησεν,
1849 5519 1941 5572 καὶ

2047 4611 2368 4679 excipiunt,
2416 4607 2472 4660 in
2510 4606 2710 4676 quibus
2748 4622 2848 4662 nec
2880 4607 3094 4677 species
3121 4617 3242 4673 est,
3275 4623 3378 4665 nec
3408 4610 3618 4681 magni-

2049 4701 2214 4760 tudo,
2262 4712 2362 4752 nec
2405 4697 2547 4751 situs
2593 4697 2648 4750 in
2694 4697 2845 4760 loco,
2875 4712 2976 4752 nec
3010 4697 3280 4753 intervalli
3315 4713 3638 4766 mensura,

2046 4807 2146 4847 nec
2195 4791 2368 4856 color,
2408 4805 2510 4845 nec
2558 4791 2762 4861 ﬁgura,
2813 4805 2914 4845 nec
2943 4793 3260 4860 quantitas,
3311 4805 3414 4845 nec
3457 4789 3618 4858 quid-

2045 4898 2207 4954 quam
2253 4883 2398 4938 aliud
2436 4897 2626 4938 eorum
2659 4897 2781 4953 qua:
2819 4882 2921 4938 sub
2956 4881 3098 4936 coelo
3132 4889 3458 4936 cernuntur.
3508 4879 3624 4936 Nec

2048 4973 2340 5043 quisquam
2371 4972 2691 5038 arbitretur,
2718 4986 2820 5027 nos
2854 4971 3144 5026 verborum
3180 4971 3618 5040 interpretationi

2047 5079 2112 5120 ex
2147 5067 2247 5117 hac
2283 5063 2474 5118 morali
2505 5063 2847 5133 expositione
2872 5061 3258 5117 confusionem
3303 5061 3526 5128 afferre,
3560 5067 3620 5116 ut

2047 5155 2402 5227 opinionibus
2434 5169 2624 5210 eorum
2660 5154 2753 5224 qui
2783 5161 2912 5208 ante
2943 5169 3044 5208 nos
3073 5154 3417 5223 interpretati
3449 5164 3580 5208 sunt
3600 5193 3616 5218 ,

2047 5248 2323 5302 faveamus
2349 5287 2364 5312 ,
2397 5248 2758 5316 dicamusquc
2800 5252 3104 5316 potestates
3130 5246 3252 5301 illas
3299 5261 3422 5317 qua).
3465 5243 3616 5299 defc-

2047 5346 2243 5393 cerunt
2262 5377 2279 5403 ,
2309 5338 2569 5409 abyssum
2600 5337 2744 5392 dici:
2773 5337 3079 5408 principem
3105 5351 3237 5392 vero
3267 5337 3616 5394 tenebrarum

2045 5429 2275 5499 intelligi
2305 5429 2561 5486 tenebras
2591 5429 2714 5486 illas
2735 5468 2752 5493 ,
2786 5444 2908 5499 qua:
2937 5444 3102 5499 super
3130 5429 3392 5499 abyssum
3435 5430 3613 5480 erant.

2047 5519 2340 5592 Nunquam
2367 5520 2512 5577 enim
2540 5521 2616 5574 ita
2649 5518 2942 5577 delirarem
2968 5561 2982 5586 ,
3021 5528 3079 5575 ut
3115 5534 3202 5575 res
3234 5535 3266 5574 a
3298 5519 3406 5574 Deo
3443 5509 3616 5576 factas

445 5693 489 5729 ²⁹
525 5694 723 5767 (ἕρπω,
764 5701 813 5757 2.
892 5705 937 5737 ³ο
975 5701 1199 5764 Joan.l,
1239 5699 1291 5754 9.
1372 5699 1412 5729 "
1457 5695 1477 5749 ι
1519 5695 1658 5752 Tim.
1705 5713 1777 5764 vi,
1823 5696 1907 5752 16.
1985 5699 2029 5732 ²²
2069 5693 2221 5752 Deut.
2279 5713 2352 5764 tv,
2393 5659 2497 5766 24.;
2539 5696 2704 5753 Hebr.
2749 5678 2850 5761 xu,
2890 5695 2976 5750 29.
