4106 6208
575 355 650 416 sa
1833 363 1892 421 s.
1925 367 2251 426 anscouu
2286 370 2576 430 NYSSENI
2767 395 2776 398 —
2865 429 2876 433 ,
3294 355 3316 374 ‘
3745 377 3818 435 ει

579 477 750 533 malas
781 491 904 534 esse
938 478 1190 536 ducerem
1213 521 1226 546 ,
1263 495 1384 539 cum
1419 482 1709 561 perspicue
1733 501 2003 544 summam
2034 491 2141 548 col-

2252 495 2362 548 ίδοὺ
2410 494 2479 548 τὰ
2513 494 2688 549 πάντα
2729 492 2868 548 καλὰ
2904 494 3044 548 λίαν.
3085 512 3102 546 ι
3138 495 3200 548 Ei
3235 489 3291 547 δὲ
3334 495 3512 548 πάντα
3538 493 3681 548 καλὰ
3719 497 3820 550 ὅσα

579 568 754 637 ligens
781 569 964 625 divina
993 570 1275 642 Scriptura
1307 574 1489 630 dicat:
1511 593 1530 625 ι
1559 575 1626 629 Et
1656 576 1796 631 vidit
1828 576 1971 634 Deus
2005 595 2144 636 cun-

578 669 665 713 cta
701 676 820 730 quae
855 660 1095 730 fecerat,
1127 673 1181 718 et
1208 675 1366 720 erant
1408 668 1564 722 valde
1594 669 1736 724 bona
1763 668 1830 722 ".
1862 689 1880 721 ι
1903 670 2061 736 Quod
2097 673 2140 728 si

576 766 914 822 quaecunque
951 753 1093 808 Deus
1127 755 1255 810 fecit
1289 765 1418 810 sunt
1450 758 1623 822 bona,
1658 759 1890 830 abyssus
1924 772 2102 816 autem
2123 800 2140 827 ,

527 845 532 850 ’
575 855 802 913 quaeque
836 842 902 897 ad
939 845 1085 899 illam
1120 846 1427 917 pertinent,
1462 862 1492 901 a
1526 864 1756 905 numero
1789 866 1976 906 eorum
2024 868 2146 922 qua:

528 997 532 1001 Α
581 930 725 984 facta
757 940 887 987 sunt
918 948 947 986 a
981 934 1091 990 Deo
1111 975 1126 1001 ,
1164 951 1276 992 non
1301 938 1710 994 excluduntur:
1748 947 1803 994 et
1831 940 1946 995 haec
1976 943 2144 1012 igitur

528 1092 531 1094 _
576 1023 633 1076 in
662 1023 855 1080 ordine
883 1040 984 1080 suo
1013 1027 1154 1081 bona
1174 1068 1190 1094 ,
1230 1029 1395 1082 etiam
1441 1029 1676 1100 abyssus
1706 1031 1826 1100 ipsa
1845 1071 1860 1096 ,
1893 1032 2020 1086 licet
2051 1033 2144 1087 lux

575 1116 740 1171 rebus
766 1117 932 1172 insita
962 1119 1204 1173 nondum
1236 1121 1384 1176 circa
1437 1122 1586 1176 illam
1635 1123 1965 1192 splenderet.
2007 1123 2145 1179 Pro-

575 1209 702 1265 inde
732 1226 854 1265 cum
884 1211 936 1265 in
965 1210 1247 1290 Scriptura
1295 1214 1554 1285 abyssum
1586 1215 1784 1279 audio,
1831 1217 2142 1271 multitudi-

578 1317 699 1355 nem
743 1316 1007 1371 aquarum
1051 1304 1349 1372 signiﬁcari
1397 1306 1544 1360 dico.
1599 1305 1690 1360 Sic
1719 1307 1865 1360 enim
1907 1308 1960 1361 in
1995 1309 2144 1377 psal-

577 1391 684 1445 mis
709 1407 924 1462 quoque
953 1393 1317 1449 describitur:
1357 1414 1375 1446 σ
1395 1396 1747 1451 Conturbatze
1778 1407 1905 1451 sunt
1933 1397 2140 1468 abyssi,

577 1483 870 1538 multitudo
914 1485 1126 1540 sonitus
1173 1501 1441 1555 aquarum
1473 1487 1538 1542 “.
1578 1507 1596 1539 ι
1628 1486 1907 1543 Tenebras
1958 1498 2141 1542 autem

575 1573 724 1627 circa
788 1575 936 1628 illam
991 1577 1259 1642 audiens,
1308 1573 1434 1632 vim'
1468 1577 1780 1632 illustrandi
1835 1579 1891 1632 in
1951 1593 2139 1633 rerum

576 1664 933 1720 universitate
953 1667 1113 1722 sitam
1139 1667 1378 1721 nondum
1399 1668 1637 1723 eluxisse
1667 1669 1934 1739 intelligo.
1963 1670 2142 1738 Aqua.

576 1769 698 1808 rum
725 1770 853 1809 vero
879 1757 1276 1824 separationem
1308 1772 1402 1826 per
1437 1758 1838 1813 ﬁrmamentum
1869 1774 2141 1814 consecu-

577 1853 684 1898 tam
719 1845 936 1900 discens
970 1861 1000 1900 a
1034 1847 1352 1916 Scriptura,
1401 1847 1535 1902 nihil
1577 1849 1915 1916 absurdum,
1966 1858 2060 1904 aut
2109 1865 2140 1905 a

573 1937 815 1992 nominis
855 1939 1252 2010 signiﬁcatione
1277 1939 1512 1994 alienum
1549 1941 1677 1995 mihi
1724 1941 1905 1998 facere
1930 1945 2139 2009 videor,

577 2024 624 2078 si
675 2026 972 2081 discrimen
1018 2027 1159 2082 inter
1187 2043 1373 2082 earum
1414 2037 1642 2085 naturas
1683 2031 2023 2102 intelligam,
2068 2041 2143 2088 at-

575 2130 681 2183 que
725 2130 895 2170 unum
940 2131 1113 2187 genus
1167 2117 1383 2171 illarum
1426 2133 1644 2173 sursum
1696 2121 1954 2184 tendere,
2004 2122 2142 2176 nihil

577 2205 867 2274 gravitatis
930 2206 1170 2272 habere,
1212 2212 1288 2262 et
1349 2207 1527 2277 ignem
1589 2209 1807 2265 levitate
1875 2227 2138 2282 superare

523 2295 530 2302 '
577 2296 709 2349 mihi
756 2298 1153 2367 persuadeam,
1203 2299 1339 2353 adeo
1381 2310 1440 2354 ut
1481 2316 1648 2372 supra
1699 2309 1952 2356 naturam
2005 2305 2139 2358 cali-

574 2387 698 2441 dam
757 2403 1015 2452 manens,
1061 2390 1206 2446 illius
1263 2393 1494 2462 subjecti
1553 2402 1858 2451 nec.rnotu
1917 2397 2141 2450 convel-

575 2481 738 2544 latur,
772 2495 874 2535 nec
906 2480 1097 2536 ardore
1144 2481 1199 2535 in
1239 2482 1513 2538 diversum
1555 2485 1797 2540 ordinem
1841 2495 2142 2542 commute-

572 2580 684 2633 tur,
719 2570 812 2625 sed
843 2569 956 2641 igni
982 2571 1412 2626 subtercurrenti
1437 2574 1644 2627 nullum
1677 2575 1743 2629 ad
1773 2588 1832 2628 se
1854 2588 2141 2630 accessum

576 2662 824 2734 praebens
844 2702 858 2728 ,
893 2663 1163 2733 integrum
1195 2672 1430 2719 maneat.
1464 2663 1748 2731 Quomodo
1779 2666 1959 2732 enim,
1995 2667 2141 2737 quod

575 2754 802 2810 materia
840 2763 1020 2818 caret,
1055 2754 1104 2808 ei
1140 2770 1200 2810 se
1238 2754 1418 2810 locum
1453 2757 1859 2822 accommodet,
1891 2757 2037 2827 quod
2074 2773 2141 2813 ex

575 2847 803 2901 materia
833 2848 1093 2901 constat?
1123 2845 1370 2902 Alterum
1413 2856 1592 2902 autem
1643 2848 1777 2903 illud
1815 2864 1938 2905 esse
1981 2851 2140 2920 cujus

576 2947 828 2992 naturam
878 2946 932 2994 et
977 2939 1184 3003 oculis,
1237 2950 1290 2994 et
1328 2948 1526 3010 gustu,
1577 2949 1628 2994 et
1669 2949 1816 2994 tactu
1857 2943 2142 3011 cognosci-

574 3046 717 3086 mus.
751 3031 881 3096 Quae
914 3035 1058 3087 enim
1103 3033 1224 3096 hic,
1261 3039 1314 3087 et
1353 3033 1608 3086 deorsum
1655 3031 1827 3084 fertur
1867 3047 2043 3100 aqua,
2087 3043 2140 3087 et

575 3124 849 3192 perlucida
879 3126 1142 3188 cernitur,
1174 3131 1227 3178 et
1255 3132 1414 3194 gustu
1449 3123 1808 3193 dignoscitur,
1828 3121 1961 3178 eam
1986 3165 2000 3187 ,
2034 3140 2134 3178 na-
2162 3139 2206 3196 α

574 3224 695 3269 tura
727 3215 844 3285 ejus
875 3223 1156 3285 perspecta
1185 3224 1238 3269 et
1267 3215 1481 3284 cognita
1503 3255 1516 3280 ,
1555 3215 1621 3268 ad
1652 3213 1812 3268 aliam
1855 3215 2140 3271 notionem

573 3305 872 3360 transferre
904 3321 1010 3359 non
1037 3305 1302 3375 cogimur.

644 3403 710 3452 At
739 3415 858 3470 qua:
891 3400 1003 3454 illic
1033 3415 1172 3469 aqua
1201 3398 1420 3464 dicitur,
1453 3416 1577 3454 eum
1609 3413 1706 3456 nec
1745 3402 2009 3467 videatur,
2041 3420 2139 3461 nec

572 3494 703 3546 fluat
724 3532 738 3556 ,
768 3506 868 3545 nec
894 3492 1019 3545 ullis
1051 3506 1276 3560 prorsus
1306 3489 1574 3558 ejusmodi
1607 3494 1854 3548 terminis
1887 3512 2140 3552 coerceao

572 3592 683 3645 tur,
725 3579 926 3649 quibus
964 3586 1158 3632 natura
1199 3577 1421 3631 humida
1461 3581 1793 3649 continetur,
1841 3584 1935 3638 sed
1987 3595 2139 3640 extra

571 3669 752 3722 locum
795 3668 866 3722 sit
895 3675 948 3722 et
977 3681 1174 3736 expers
1209 3666 1451 3720 omnium
1482 3668 1842 3736 qualitatum,
1884 3689 2004 3743 quae
2038 3676 2140 3729 sub

571 3773 789 3812 sensum
849 3756 1083 3819 cadunt,
1138 3755 1186 3812 si
1262 3772 1427 3826 super
1477 3758 1594 3827 ipsa
1644 3758 1852 3814 feratur
1911 3765 2138 3832 spiritus

570 3846 699 3911 Dei,
753 3855 806 3902 et
846 3861 1012 3916 supra
1063 3847 1233 3901 caelos
1271 3863 1394 3902 esse
1445 3849 1722 3917 credatur,
1779 3859 1832 3906 et
1882 3854 2138 3910 omnibus

569 3953 690 4006 quae
728 3937 891 3992 sensu
923 3944 1350 4006 cognoscuntur,
1387 3938 1640 4006 superior
1671 3939 1773 4001 sit,
1809 3945 1903 4011 qui
1952 3957 2059 3997 non
2108 3960 2136 3997 a

569 4029 845 4082 Communi
878 4044 1018 4098 aqua
1049 4029 1321 4083 diversam
1368 4037 1555 4099 putet,
1609 4040 1970 4102 naturamque
2011 4051 2137 4089 scn—

569 4120 722 4175 sibus
765 4136 872 4173 non
908 4121 1235 4184 obnoxiam,
1277 4119 1372 4174 sed
1422 4120 1606 4174 animo
1650 4136 1714 4175 ac
1749 4134 1926 4178 mente
1959 4127 2134 4180 solum

565 4211 1017 4282 comprehensam
1064 4210 1372 4277 existimet,
1424 4209 1568 4265 inter
1594 4226 1690 4265 eos
1715 4252 1729 4276 ,
1758 4211 1851 4281 qui
1886 4213 2136 4281 judicare

566 4309 832 4373 possunt,
881 4301 1120 4356 arbitror
1157 4315 1281 4355 esse
1320 4300 1613 4354 neminem.
1658 4299 1793 4354 Nam
1831 4315 1886 4357 ut
1929 4320 1997 4358 ex
2039 4321 2133 4358 su-

566 4396 778 4466 periore
815 4394 1174 4464 lisputatione
1197 4392 1569 4446 conclusimus
1590 4433 1603 4458 ,
1655 4394 1917 4464 quidquid
1951 4412 2132 4452 move-

2245 584 2499 655 ἐποίησεν
2523 586 2553 636 ό
2599 585 2750 649 Θεὸς,
2780 587 2813 655 ἡ
2844 586 2901 638 δὲ
2949 584 3183 648 ἄϐυσσος
3235 585 3329 638 καὶ
3359 586 3428 639 τὰ
3468 586 3598 656 περὶ
3643 587 3819 657 αὑτὴν

2245 675 2343 727 οὐκ
2373 675 2475 741 ἔξω
2502 674 2610 727 τῶν
2649 675 2801 745 παρὰ
2847 673 2940 727 τοῦ
2973 674 3106 728 Θεοῦ
3138 675 3437 743 γεγονότων
3481 675 3627 728 ἐστίν
3661 694 3676 708 ·
3705 676 3816 748 ἄρα

2246 766 2387 819 καλὰ
2431 767 2524 820 καὶ
2563 765 2738 819 ταῦτα
2765 766 2844 836 τῷ
2894 766 3007 836 ἰδίῳ
3029 766 3193 836 λόγῳ,
3231 766 3336 819 κᾶν
3356 766 3592 829 ἄϐυσσος
3708 768 3815 821 κᾶν

2248 858 2414 928 μήπω
2455 858 2583 929 περὶ
2628 858 2799 928 αὐτὴν
2843 857 3033 928 λάμπῃ
3077 857 3137 909 τὺ
3166 860 3278 918 τοῖς
3319 852 3468 911 οὖσιν
3499 859 3817 928 ἐγκείμενον

2246 948 2380 1017 φῶς.
2423 948 2632 1003 Οὐκοῦν
2671 948 2905 1003 ἄϐυσσον
2939 948 3036 1019 μὲν
3073 947 3222 1019 παρὰ
3254 948 3355 1018 τῆς
3386 949 3606 1019 Γραφῆς
3646 949 3813 1002 ἁκού-

2247 1054 2364 1102 σας,
2396 1038 2456 1090 τὸ
2484 1037 2686 1108 πλῆθος
2712 1037 2820 1091 τῶν
2843 1037 3047 1091 ὑδάτων
3078 1036 3436 1107 σημαίνεσθαι
3466 1036 3629 1104 λέγω.
3658 1035 3813 1090 Οὕτω

2245 1131 2354 1199 γὰρ
2389 1129 2554 1200 αὐτὴν
2591 1129 2685 1183 καὶ
2721 1129 2755 1200 ή
2789 1127 3075 1199 ψαλμωδία
3109 1128 3346 1199 ὁρίζεται
3369 1127 3619 1194 λέγουσα·
3651 1148 3668 1180 ι
3690 1128 3835 1187 Ἑτα-

2251 1219 2528 1292 ράχθησαν
2587 1221 2643 1274 ai
2705 1217 2954 1283 ἄϐυσσοι,
2995 1216 3195 1287 πλῆθος
3227 1216 3392 1286 ἤχους
3429 1215 3654 1268 ὑδάτων·
3697 1233 3718 1267 ι
3751 1215 3812 1267 τὸ

2243 1306 2298 1360 δὲ
2326 1306 2454 1378 περὶ
2496 1306 2667 1378 αὑτὴν
2710 1308 2898 1370 σκότος
2933 1306 3190 1372 ἀκούσας,
3211 1307 3272 1358 τὸ
3304 1307 3470 1375 μήπω
3512 1305 3809 1374 πεφηνέναι

2241 1395 2339 1466 τὴν
2390 1395 2719 1466 φωτιστικὴν
2751 1394 2976 1465 δύναμιν
3023 1395 3118 1466 τὴν
3167 1393 3488 1464 ὲγκειμένην
3533 1396 3598 1463 τῇ
3651 1393 3810 1461 φύσει

2241 1487 2349 1541 τῶν
2376 1487 2542 1540 ὄντων
2569 1487 2786 1558 ἐνόησα.
2811 1487 3098 1558 Χωρισμδν
3122 1487 3177 1540 δὲ
3201 1486 3422 1547 ὑδάτων,
3447 1484 3534 1538 διὰ
3571 1483 3662 1537 τοῦ
3695 1501 3810 1537 στε-

2247 1578 2524 1650 ρεώματος
2545 1579 2805 1648 γεγονότα
2834 1579 2984 1649 παρὰ
3012 1577 3111 1647 τῆς
3140 1577 3361 1648 Γραφῆς
3397 1575 3806 1644 διδασκόμενος,

2191 1682 2193 1684 ’
2242 1670 2340 1723 οὑκ
2366 1669 2469 1736 ἔξω
2515 1686 2605 1740 μοι
2637 1668 2778 1722 δοκῶ
2807 1667 2899 1721 τοῦ
2947 1668 3154 1730 εἰκότος
3186 1670 3377 1730 ποιεῖν,
3418 1666 3510 1719 καὶ⁴
3554 1666 3655 1734 τῆς
3687 1665 3806 1719 κατ’

2241 1760 2411 1830 δνομα
2459 1759 2751 1830 σημασίας,
2791 1759 2884 1810 ἐπὶ
2926 1757 3018 1812 τοῦ
3067 1757 3256 1821 ὕδατος
3289 1756 3562 1827 χωρισμὸν
3591 1756 3804 1817 ἐννοῶν,

2243 1851 2383 1905 ὥστε
2430 1850 2684 1921 διάφορον
2715 1850 2975 1920 ἐκατέρου
3020 1849 3134 1919 τὴν
3169 1849 3327 1917 φύσιν
3357 1848 3562 1901 οἴεσθαι
3596 1849 3691 1901 καὶ
3715 1863 3806 1899 πε·

2244 1940 2462 1996 πεῖσθαι
2484 1958 2496 1973 ο
2537 1941 2597 1993 τὸ
2626 1941 2722 2010 μὲν
2755 1940 3033 2010 ἀνωφερὲς
3061 1957 3120 1993 τε
3159 1940 3253 1993 καὶ
3284 1939 3483 2008 κοῦφον
3520 1933 3678 2002 εἶναι,
3713 1935 3808 1990 καὶ

2241 2033 2341 2101 τῆς
2362 2031 2689 2100 κουφότητος
2718 2029 2811 2082 τοῦ
2854 2031 3022 2100 πυρὸς
3047 2030 3404 2100 ἐλαφρότερον
3435 2047 3452 2062 ο
3483 2027 3622 2080 ὥστε
3642 2028 3805 2096 ὑπερ-

2243 2122 2355 2176 ἀνω
2382 2122 2478 2192 τῆς
2506 2120 2712 2190 θερμῆς
2757 2119 2943 2182 οὐσίας
2991 2118 3181 2190 μένον,
3216 2119 3351 2188 μήτε
3381 2119 3446 2187 τῇ
3481 2117 3689 2186 κινήσει
3714 2113 3808 2167 τοῦ

2243 2205 2601 2279 ὑποκειμένου
2653 2206 3166 2279 συμμετατίθεσθαι,
3223 2207 3358 2276 μήτε
3409 2207 3475 2275 τῇ
3516 2203 3808 2274 θερμότητι

2241 2302 2379 2373 πρὸς
2432 2300 2721 2354 ἀντίπαλον
2747 2299 2897 2366 τάξιν
2930 2297 3423 2362 ἀποκαθίστασθαι,
3453 2295 3566 2349 ἀλλ’
3592 2293 3721 2347 αὐτό
3748 2309 3807 2346 τε

2245 2393 2426 2463 μένειν
2451 2391 2735 2462 άμείωτον,
2762 2391 2841 2460 τῷ
2887 2405 2948 2444 τε
2981 2388 3329 2460 ὑποτρέχοντι
3378 2389 3510 2457 πυρὶ
3541 2382 3808 2456 μηδεμίαν

2241 2484 2308 2538 δι’
2337 2483 2528 2536 ἐαυτοῦ
2554 2482 2784 2552 πάροδον
2819 2483 2934 2552 ἐᾷν.
2960 2481 3083 2542 Πῶς
3116 2479 3224 2548 γὰρ
3257 2478 3324 2532 ἂν
3350 2478 3513 2540 τόπος
3535 2476 3613 2546 τῷ
3640 2474 3808 2545 ὑλικῷ

2241 2577 2302 2630 τὸ
2335 2577 2495 2630 eam
2523 2576 2731 2644 γένοιτο
2755 2591 2770 2639 ;
2794 2574 2866 2628 Τὸ
2893 2573 2950 2626 δὲ
2995 2574 3179 2645 ἕτερον
3205 2571 3349 2642 ὕδωρ
3376 2569 3530 2622 τοῦτο
3555 2564 3715 2632 εἶναι,
3745 2561 3809 2620 οὗ

2240 2667 2339 2739 τὴν
2369 2667 2528 2736 φύσιν
2557 2667 2650 2719 καὶ
2677 2663 2937 2734 ὀφθαλμῷ
2981 2663 3074 2716 καὶ
3117 2663 3226 2731 ἁφῇ
3263 2659 3355 2713 καὶ
3401 2658 3584 2727 γεύσει
3613 2657 3805 2728 γνωρί-

2242 2757 2424 2828 ζομεν.
2461 2760 2526 2810 Ὃ
2563 2757 2672 2826 γάρ
2705 2757 2797 2809 καὶ
2835 2756 2982 2808 κάτω
3039 2754 3282 2823 φέρεται,
3306 2751 3398 2804 καὶ
3440 2748 3625 2811 διειδὲς
3677 2745 3806 2800 καθ-

2241 2849 2454 2919 ορᾶται,
2481 2847 2573 2899 καὶ
2593 2849 2659 2916 τῇ
2685 2844 2870 2913 γεύσει
2899 2842 3240 2911 γινώσκεται,
3257 2841 3343 2894 διὰ
3371 2840 3471 2910 τῆς
3489 2837 3806 2908 ἐγκειμένης

2241 2938 2543 3007 ποιότητος,
2560 2926 2713 2988 τοῦτο
2737 2935 2871 3004 πρὸς
2891 2933 3055 3004 ἄλλην
3077 2933 3195 2985 τινὰ
3228 2931 3552 3002 μεταφέρειν
3579 2929 3806 2993 ἔννοιαν,

2242 3032 2276 3101 ἡ
2310 3029 2402 3082 τοῦ
2441 3027 2840 3098 γνωριζομένου
2890 3024 3050 3093 φύσις
3097 3025 3197 3077 οὑκ
3249 3021 3566 3090 ἀναγκάζει.

2272 3393 2476 3445 Ἐκεῖνο
2491 3388 2586 3459 μέν
2611 3401 2692 3439 τοι
2709 3383 3064 3451 τὸλεγόμενον
3083 3379 3247 3450 ὕδωρ,
3261 3378 3289 3430 δ
3308 3378 3441 3448 μήτε
3458 3376 3648 3447 ὁρᾶται
3671 3375 3807 3443 μήτε

2243 3486 2343 3554 ῥεῖ,
2370 3482 2504 3552 μήτε
2517 3479 2625 3531 τισὶ
2652 3476 2959 3548 περιέχεται
2979 3473 3132 3535 ὅλως,
3160 3465 3238 3533 οἷς
3254 3472 3286 3536 ἡ
3308 3467 3448 3538 ὑγρὰ
3465 3468 3668 3535 πέφυκε
3688 3466 3807 3518 δια-

2241 3571 2553 3646 κρατεῖσθαι
2581 3572 2759 3638 φύσις,
2795 3567 2906 3618 ἁλλ’
2935 3563 3038 3627 ἔξω
3081 3563 3178 3633 μὲν
3210 3561 3374 3614 τόπου
3405 3559 3572 3618 ἐστὶν,
3605 3556 3806 3625 ἀμιγὲς

2238 3670 2293 3723 δὲ
2321 3667 2498 3736 πάσης
2525 3665 2622 3734 τῆς
2652 3662 2769 3715 κατ’
2796 3658 3044 3727 αἴσθησιν
3071 3651 3472 3723 γνωριζομένης
3503 3648 3802 3718 ποιότητος,

2239 3761 2336 3813 οὑκ
2373 3760 2436 3813 ἄν
2463 3771 2586 3809 τινα
2621 3751 2771 3823 οἶμαι
2798 3750 2902 3803 τῶν
2937 3748 3139 3818 κρίνειν
3177 3741 3616 3811 ὲπεσκεμμένων,
3639 3739 3725 3792 διά
3745 3754 3802 3790 τε

2239 3852 2298 3906 τὸ
2327 3845 2692 3918 ὑποφέρεσθαι
2725 3842 2802 3912 τῷ
2851 3838 3116 3908 πνεύματι
3162 3834 3253 3890 τοῦ
3294 3833 3447 3892 Θεοῦ,
3478 3833 3569 3883 καὶ
3614 3830 3700 3883 διὰ
3742 3827 3808 3911 eo

2239 3939 2492 4009 ὑπεράνω
2541 3934 2649 3987 τῶν
2695 3929 2935 4000 οὐρανῶν
2969 3923 3105 3980 εἶναι
3152 3921 3440 3982 πιστεύειν,
3483 3919 3576 3972 καὶ
3607 3918 3696 3971 διὰ
3742 3918 3804 3970 τὸ

2239 4031 2455 4084 πάντων
2513 4026 2620 4079 τῶν
2674 4025 2739 4077 δι’
2797 4020 3098 4090 αἰσθήσεως
3151 4012 3564 4084 γινωσκομένων
3626 4009 3804 4080 μένειν

2237 4122 2519 4192 ἐξώτερον,
2551 4119 2623 4188 μὴ
2673 4115 2799 4170 ἄλλο
2843 4131 2894 4166 τι
2942 4109 3090 4182 παρὰ
3121 4109 3180 4160 τὸ
3217 4105 3391 4160 κοινὸν
3435 4106 3636 4157 ἐννοεῖν
3662 4101 3802 4174 ὕδωρ

2237 4212 2372 4282 πρὸς
2404 4210 2499 4281 τὴν
2544 4205 2736 4277 νοητὴν
2779 4203 2964 4256 οὑσίαν
2997 4203 3114 4262 ταῖς
3159 4197 3436 4258 ὑπονοίαις
3483 4194 3798 4282 φερόμενον.

2237 4281 2406 4354 Τοῦτο
2431 4299 2538 4368 γὰρ
2557 4297 2622 4349 ὲκ
2644 4293 2750 4347 τῶν
2777 4288 3154 4360 ὲξητασμένων
3181 4282 3672 4354 ὑπενοήσαμεν,ὃτι
3695 4281 3803 4333 πᾶν

2235 4393 2295 4446 τὸ
2326 4389 2638 4459 κινούμενον
2668 4385 2814 4447 ἐντὸς
2833 4382 2931 4452 τῆς
2954 4379 3148 4450 νοητῆς
3171 4375 3382 4444 φύσεως
3411 4372 3800 4444 περιείργεται,

565 4496 677 4551 tur,
729 4501 758 4538 a
796 4493 992 4538 natura
1019 4523 1033 4547 ,
1077 4499 1199 4553 quae
1232 4492 1410 4538 mente
1446 4484 1560 4538 sola
1595 4485 1915 4555 percipitur,
1952 4489 2136 4541 exclu-

2242 4486 2334 4538 καὶ
2359 4483 2485 4552 περὶ
2525 4478 2683 4534 ἐαυτδ
2715 4477 2814 4547 τὴν
2848 4470 3187 4543 ἀναστροφὴν
3222 4468 3351 4538 ἔχει.
3390 4467 3552 4534 Ὄρος
3600 4466 3656 4555 δὲ
3692 4467 3802 4527 τοῖς

567 4594 689 4632 sum
737 4587 847 4640 est,
901 4585 956 4631 et
1005 4575 1149 4628 circa
1194 4576 1434 4644 seipsum
1481 4578 1894 4633 conversionem
1953 4579 2133 4636 habet.

568 4669 770 4723 Natura
801 4682 929 4722 vero
957 4668 1202 4721 locorum
1238 4668 1430 4735 spatiis
1463 4669 1790 4735 terminata,
1825 4671 1987 4725 rebus
2017 4689 2136 4741 quae

535 4804 538 4807 .
569 4767 860 4816 moventur
885 4756 1020 4811 ﬁnes
1053 4756 1372 4819 constituit,
1406 4759 1547 4809 ultra
1579 4776 1717 4828 (μιοε
1753 4770 1943 4815 natura
1966 4801 1980 4820 .
2024 4763 2138 4815 sola

569 4848 931 4921 intelligentia
965 4847 1398 4915 comprehensa,
1434 4848 1712 4916 nullisque
1759 4850 2001 4904 locorum
2047 4861 2142 4906 aut

571 4941 986 4996 intervallorum
1054 4938 1486 5008 proprietatibus
1547 4939 1786 4992 obnoxia
1845 4944 2139 5010 reperitur.

573 5033 899 5101 Supremum
935 5032 1098 5103 igitur
1137 5037 1347 5084 naturae
1379 5029 1597 5084 sensilis
1640 5029 1954 5091 terminum,
1988 5041 2142 5085 extra

571 5140 730 5192 quem
771 5124 904 5176 nihil
929 5124 1045 5178 .tale
1090 5131 1193 5186 est,
1228 5123 1404 5191 qualia
1438 5128 1565 5174 sunt
1598 5134 1658 5173 ea
1692 5135 1810 5188 qum
1842 5121 2140 5184 cernimus,

571 5216 895 5270 ﬁrmamenti
948 5216 1166 5269 nomine
1211 5212 1474 5268 declarari
1523 5212 1776 5275 dicimus,
1815 5212 2139 5266 sententiam

569 5319 812 5363 nostram
859 5306 1145 5376 Scriptura
1194 5307 1373 5360 verbis
1416 5306 1521 5359 illis
1562 5305 1969 5374 approbantezt
2000 5303 2144 5358 Divi-

571 5406 641 5457 sit
677 5400 819 5454 Deus
855 5402 998 5453 inter
1043 5415 1262 5467 aquam,
1308 5415 1428 5468 quae
1476 5405 1593 5452 erat
1643 5397 1746 5452 sub
1781 5395 2140 5458 ﬁrmamento,

571 5503 624 5548 et
655 5507 848 5563 aquam
879 5506 999 5560 quae
1025 5499 1142 5544 erat
1177 5507 1341 5559 super
1369 5490 1762 5543 ﬁrmamentum
1789 5489 1852 5542 ⁸⁵.
1883 5507 1900 5540 ι
1952 5487 2025 5540 Ex
2059 5489 2141 5543 his

571 5592 734 5640 etiam
767 5591 934 5655 patet,
979 5598 1046 5636 ne
1081 5583 1236 5636 initio
1265 5583 1482 5652 quidem
1516 5582 1656 5634 hanc
1689 5596 1811 5633 cum
1849 5579 1936 5632 illa
1968 5579 2139 5633 fuisse

649 5759 700 5793 ⁸³
734 5761 872 5818 Gen.
924 5779 962 5825 ι,
1012 5761 1098 5817 51.

2244 4576 2574 4644 κινουμένοις
2591 4570 2652 4623 τὺ
2679 4569 2848 4639 πέρας
2872 4565 2968 4633 τῆς
2981 4563 3167 4632 διαστη
3178 4560 3410 4631 ματικῆς
3432 4558 3546 4608 ἐστι
3566 4554 3801 4622 φύσεως,

2246 4667 2361 4738 μεθ’
2379 4667 2406 4719 ὃ
2423 4646 2633 4734 καθαρὰ
2658 4659 2766 4713 τῶν
2781 4654 3016 4710 τοπικῶν
3035 4671 3093 4706 τε
3109 4653 3203 4706 καὶ
3213 4645 3647 4719 διαστηματικῶν
3671 4645 3808 4738 ίδιω-

2244 4735 2428 4830 μάτων
2458 4751 2820 4826 εὑρίσκεταιή
2862 4747 3024 4816 νοητή
3063 4761 3122 4797 τε
3149 4744 3242 4796 καὶ
3275 4740 3591 4799 ἀδιάστατος
3619 4735 3800 4830 φύσις.
3889 4817 3898 4825 .

2243 4819 2314 4901 :l‘b
2337 4843 2428 4900 οὖν
2457 4819 2753 4915 ἀκρότατον
2783 4839 2953 4909 πέρας
2976 4837 3074 4906 τῆς
3096 4833 3357 4903 αἰσθητῆς
3390 4830 3596 4891 οὐσίας,
3630 4819 3690 4878 οὗ
3721 4825 3782 4915 τό

2241 4938 2494 4990 ἐπέκεινα
2521 4914 2672 4987 οὐδὲν
2703 4928 2941 4984 τοιοῦτόν
2971 4929 3140 4990 ἐστιν,
3167 4921 3277 4976 οἷον
3311 4924 3367 4974 ἐν
3399 4922 3513 4982 τοῖς
3547 4914 3806 4987 φαινομέο

2242 5052 2350 5097 νοις
2379 5031 2724 5100 γινώσκεται,
2765 5024 2920 5079 τοῦτό
2954 5016 3130 5090 φαμεν
3169 5015 3246 5084 τῷ
3287 5014 3510 5081 ὀνόματι
3559 5004 3804 5100 παρ-αδη-

2243 5097 2463 5174 λοῦσθαι
2491 5119 2581 5173 τοῦ
2611 5115 3004 5189 στερεώματος,
3039 5105 3359 5179 βεϐαιούσης
3389 5104 3519 5172 ἡμῖν
3542 5099 3643 5166 τῆς
3663 5097 3804 5165 Γρα-

2244 5215 2349 5284 φῆς
2377 5213 2475 5282 τὴν
2501 5211 2774 5271 ὑπόνοιαν,
2804 5207 2839 5276 ἦ
2865 5219 3027 5273 φησιν
3047 5217 3062 5232 ’
3087 5220 3105 5252 ι
3149 5198 3257 5251 Καὶ
3284 5194 3597 5265 διεχώρισεν
3624 5193 3652 5243 ό
3676 5189 3808 5284 Gai);

2243 5279 2346 5358 άνά
2382 5279 2544 5373 μέσον
2574 5298 2668 5352 τοῦ
2715 5298 2904 5359 ὓδατος
2952 5295 2980 5348 ὂ
3017 5289 3084 5363 ἢν
3128 5289 3384 5345 ὑποκάτω
3425 5284 3517 5338 τοῦ
3568 5279 3807 5373 στερεώ-

2245 5371 2440 5465 ματος,
2490 5394 2583 5446 καὶ
2623 5390 2716 5444 τοῦ
2751 5389 2942 5449 ὕδατος
2989 5386 3018 5438 ὃ
3058 5381 3125 5455 ἦν
3155 5381 3339 5435 ἐπάνω
3367 5376 3459 5430 τοῦ
3488 5371 3805 5465 στερεώμα-

2242 5458 2351 5548 τος.
2380 5504 2397 5536 ι
2437 5484 2718 5537 Δείκνυται
2748 5480 2857 5550 γὰρ
2879 5478 2966 5532 διὰ
2999 5476 3224 5537 τούτων,
3253 5474 3332 5526 ὃτι
3358 5468 3476 5522 οὐδὲ
3509 5466 3607 5536 τὴν
3632 5458 3806 5532 ἀρχὴν

2247 5577 2615 5646 κατεκέκρατο
2641 5573 2798 5627 τοῦτο
2842 5569 2978 5639 πρὸς
3009 5569 3186 5622 ἐκεῖνο
3219 5564 3278 5620 τὸ
3312 5563 3475 5628 ὕδωρ.
3503 5557 3617 5612 ἀλλ’
3651 5556 3709 5606 έν
3739 5551 3808 5622 τῇ

1177 5757 1380 5814 “Psal.
1418 5772 1598 5821 anr,
1645 5756 1724 5818 l7,
1775 5756 1852 5808 l8.
1931 5755 1974 5783 "
2015 5752 2148 5806 Gcn.
2191 5768 2227 5815 l,
2273 5751 2323 5805 7.
