4106 6208
293 288 374 347 88
1496 280 1568 336 ΙΝ
1597 277 2074 336 HEXAEMERON
2106 275 2329 335 LIBER.
3465 273 3536 330 86

291 401 419 456 τῶν
442 395 717 468 ὀνομάτων
745 392 1031 466 κοινωνίᾳ,
1058 391 1292 465 ἄμικτος
1323 385 1396 464 ἦν
1421 393 1456 464 ἡ
1492 391 1677 462 φύσις,
1711 394 1769 446 ὲν
1797 391 1876 462 τῷ

1987 389 2290 454 confusam,
2338 386 2434 446 sed
2467 401 2593 444 cum
2637 393 2786 444 esset
2812 386 3032 446 nomine
3071 386 3389 460 coniuncta,
3427 387 3543 441 nut-

295 490 482 544 cirrs’v
503 526 518 550 ,
551 485 760 556 0616::
811 483 1060 554 Ἐγένετο
1097 481 1387 547 ὑποκάτω,
1414 481 1452 553 ἢ
1475 478 1585 535 Ἦν
1623 481 1879 551 ὑπεράνω

293 577 395 630 ¹τοῦ
434 574 844 646 περεώματος·
876 573 970 627 καὶ
999 574 1028 627 6
1050 569 1120 644 ἦν
1146 572 1407 627 ὑποκάτω
1439 571 1533 625 τοῦ
1568 571 1881 644 περεώμα-

289 681 411 728 ⁴τος,
456 664 587 718 ἀλλο
615 680 669 717 τι
700 664 885 718 ἐπάνω
912 659 1000 734 ἦν.
1049 663 1111 716 Et
1143 661 1200 716 δὲ
1223 649 1301 716 ἰδ’
1325 663 1424 734 μὲν
1456 660 1617 726 εὐθὺς
1645 662 1702 715 ὲν
1733 660 1880 732 ζόφῳ

293 755 440 824 πρὸς
475 754 575 824 τὴν
602 753 756 807 κάτω
787 754 935 806 θέσιν
962 753 1377 824 ἀπεωρισμένον
1408 752 1560 805 ἐστί’
1604 751 1666 805 τὸ
1699 751 1756 805 δὲ
1783 752 1881 804 οὑκ

296 846 361 898 ὲν
394 843 573 914 ζόφρν
618 845 677 898 ἐν
702 843 842 913 φωτὶ
868 843 978 912 γὰρ
1017 843 1235 905 πάντως
1263 842 1380 896 ἐστὶ
1411 843 1473 895 τὸ
1513 844 1570 895 ὲν
1613 842 1880 914 πνεύματι

294 933 462 998 θεοῦ,
494 934 591 986 καὶ
613 932 705 986 τοῦ
729 931 894 1002 ζόφου
917 931 1266 1004 κεχώρισται,
1294 933 1409 1002 ἅμα
1431 933 1488 986 δὲ
1517 933 1608 986 καὶ
1628 933 1881 1004 ὑπεράνω

292 1017 369 1092 ἦν
399 1023 500 1076 τοῦ
520 1007 930 1092 ἀναδειχθέντος
960 1021 1164 1094 μεταξὺ
1200 1021 1582 1093 στερεώματος
1603 1063 1618 1086 ,
1642 1024 1881 1094 κρινάτω

294 1113 329 1164 6
360 1111 585 1174 συνετὸς
616 1111 910 1182 ἀκροατὴς,
943 1110 998 1163 εί
1019 1129 1070 1164 τι
1102 1111 1202 1182 τῆς
1227 1111 1544 1184 πρεπούσης
1561 1112 1882 1184 ὑπολήψεως

297 1205 330 1254 6
361 1203 522 1270 λόγος
554 1201 713 1272 ἡμῶν
745 1203 803 1255 ὲν
825 1203 940 1264 τοῖς
963 1202 1274 1276 εἰρημένοις
1298 1219 1372 1255 πα
1382 1204 1764 1274 ρεστοχάσατο.
1801 1205 1881 1257 Td:

305 1293 410 1362 μὲν
462 1289 557 1346 οὑν
605 1294 736 1363 περὶ
783 1293 884 1362 τῆς
924 1293 1146 1364 πρώτης
1194 1293 1302 1347 τῶν
1352 1294 1521 1348 ὄντων
1571 1297 1881 1358 συστάσεως

301 1385 441 1452 ἡμῖν
473 1383 872 1453 ὑπονοηθέντα,
907 1385 1004 1438 καὶ
1037 1383 1155 1448 πῶς
1195 1385 1253 1438 ὲν
1283 1387 1349 1456 τῇ
1399 1385 1625 1456 δυνάμει
1662 1387 1760 1456 τῆς
1789 1387 1881 1439 οὑ-

306 1473 432 1536 σίας
461 1475 522 1526 οὑ
550 1473 862 1545 δευτερεύει
886 1474 1088 1543 τὸ’φῶς
1115 1474 1225 1528 τῶν
1253 1475 1424 1530 ὄντων
1444 1515 1458 1540 ,
1497 1477 1600 1530 κᾶν
1634 1478 1666 1548 ἡ
1691 1477 1879 1548 Γραφὴ

303 1561 415 1632 πρὸ
439 1561 530 1615 τοῦ
554 1563 734 1630 φωτὸς
776 1562 1104 1634 ἱστορεῖσθαι
1135 1563 1197 1617 τὸ
1226 1565 1416 1628 σκότος
1446 1565 1628 1630 λέγει,
1661 1566 1754 1619 καὶ
1780 1567 1880 1620 ὅσα

305 1652 443 1721 περὶ
465 1652 557 1706 τοῦ
584 1652 967 1723 περεὼματος
994 1654 1364 1725 στοχαστικῶς
1382 1657 1762 1726 ἐνενοήσαμεν,
1787 1658 1881 1710 καὶ

312 1745 449 1812 περὶ
469 1744 565 1812 τῆς
590 1722 692 1796 τῶν
725 1722 933 1798 ὑδάτων
963 1722 1248 1818 διαφορᾶς,
1279 1737 1354 1798 ὧν
1399 1747 1432 1815 ἡ
1472 1722 1795 1815 φύσις-πρὸς
1823 1745 1882 1798 τὸ
1917 1722 1957 1776 Β

314 1834 636 1903 κατωφερές
660 1852 717 1887 τε
743 1835 834 1887 καὶ
864 1833 1066 1903 κοῦφον
1102 1837 1514 1907 μεμερισμένη,
1547 1835 1647 1898 τὰς
1684 1835 1882 1889 καταλο-

316 1921 523 1990 λήλους
541 1923 669 1992 ἡμῖν
692 1925 806 1995 περὶ
824 1925 1088 1996 ἐκατέρου
1116 1926 1223 1978 τῶν
1245 1926 1550 1997 ὁμωνύμως
1578 1925 1881 1996 λεγομένων

322 2011 584 2074 ὑπονοίας
639 2013 884 2084 ἐντίθησι,
947 2015 1121 2068 ταῦτα
1170 2016 1264 2069 καὶ
1312 2017 1382 2071 τὰ
1432 2015 1654 2070 τοιαῦτα
1710 2017 1877 2069 ἐστίν.

335 2099 550 2170 Ἐπειδὴ
570 2100 624 2152 δὲ
643 2100 883 2172 διεκρίθη
915 2103 1012 2170 μὲν
1041 2103 1134 2156 ἀπ’
1161 2103 1400 2173 ἀλλήλων
1419 2103 1487 2157 τὰ
1515 2102 1701 2167 ὑδατα,
1733 2103 1802 2155 τά
1821 2118 1882 2155 τε

309 2188 564 2260 όρώμνα
586 2191 677 2244 καὶ
710 2193 779 2245 τά
800 2183 1087 2263 νοούμενα,
1124 2195 1218 2248 καὶ
1247 2194 1410 2264 μέσος
1435 2195 1558 2265 ὅρος
1586 2192 1878 2263 ἀπεδείχθη

306 2281 409 2351 τῆς
433 2281 626 2352 διπλῆς
653 2282 763 2335 τῶν
793 2282 1001 2336 ὑδάτων
1031 2283 1244 2352 φύσεως
1265 2285 1293 2335 6
1321 2283 1566 2352 οὐρανὸς,
1593 2285 1621 2334 6
1647 2283 1704 2334 ἐν
1736 2283 1878 2354 ἀρχῇ

307 2371 413 2442 μὲν
444 2372 780 2443 γεγενῆσθαι
813 2373 951 2444 μετά
980 2373 1081 2444 τῆς
1109 2375 1212 2444 γῆς
1251 2375 1344 2428 καὶ
1366 2373 1582 2426 πάντων
1614 2371 1724 2424 τῶν
1747 2371 1882 2442 πρὸς

301 2464 407 2534 τὴν
438 2463 781 2535 κατασκευὴν
817 2463 910 2517 τοῦ
947 2465 1151 2534 κόσμου
1182 2463 1626 2532 καταϐληθέντων
1654 2462 1882 2531 λεγόμε-

309 2571 426 2616 νος,
452 2555 568 2607 νυνὶ
586 2556 642 2608 δὲ
669 2555 976 2618 τελειωθεὶς
1006 2572 1064 2608 τε
1097 2555 1188 2608 καὶ
1219 2553 1537 2625 ὀνομασθείς
1571 2556 1627 2606 ὲν
1653 2555 1719 2622 τῇ
1752 2554 1883 2605 ἀνα-

306 2641 476 2707 δείξει
505 2644 597 2696 τοῦ
641 2643 1018 2715 περεώματος
1050 2643 1144 2696 τοῦ
1182 2643 1269 2697 διὰ
1297 2643 1394 2713 τῆς
1425 2642 1760 2714 περιδρομῆς
1785 2639 1880 2694 τοῦ

310 2735 487 2804 πυρὸς
513 2734 849 2805 ὁρισθέντος,
878 2734 972 2788 καὶ
1014 2736 1048 2804 ἡ
1085 2735 1313 2805 δευτέρα
1343 2733 1441 2786 τοῦ
1476 2733 1652 2804 φωτὸς
1690 2733 1883 2786 κυκλο-

306 2824 497 2898 φορία,
532 2825 696 2878 πάλιν
723 2825 784 2878 τὸ
827 2826 1185 2895 ὑποκείμενον
1223 2824 1327 2879 ἀνά
1364 2824 1528 2895 μέρος
1565 2823 1882 2878 ὲπεσκότισέ

304 2934 370 2970 τε
419 2917 518 2970 καὶ
570 2914 852 2986 ἐφώτισεν.
893 2918 1070 2996 ’ρπερ
1121 2916 1215 2970 καὶ
1262 2915 1553 2986 ὠνομάσθη
1599 2914 1738 2968 κατά
1783 2913 1882 2987 τὴν

1980 482 2086 536 iam
2117 488 2300 536 tamen
2346 479 2609 535 habuisse
2643 486 2855 533 natura:
2891 477 3320 548 permistionem.
3359 474 3544 545 Neque

1978 573 2123 626 enim
2145 572 2377 626 dicitur:
2408 570 2538 624 Erat
2566 570 2755 626 subter
2787 577 2882 623 aut
2913 583 3079 638 supra
3109 568 3541 628 ﬁrmamentum,

1980 662 2075 718 sed
2121 663 2234 716 haec
2268 669 2386 717 erat
2414 662 2520 718 sub
2562 662 2926 722 ﬁrmamento,
2958 658 3052 713 illa
3093 665 3213 714 erat
3250 671 3412 727 supra
3453 655 3544 709 ﬁr-

1980 761 2332 807 mamentum.
2369 751 2524 818 Quod
2548 753 2593 808 si
2632 766 2740 806 una
2768 751 2953 806 statim
2993 749 3050 804 in
3085 748 3342 811 tenebris,
3376 748 3546 802 altera

1980 855 2206 910 prorsus
2250 841 2305 895 in
2359 843 2478 896 luce
2517 849 2570 895 et
2616 855 2646 894 a
2701 839 2944 894 tenebris
2981 838 3250 908 seiuncta,
3290 837 3546 890 nimirum

1981 929 2072 984 illa
2097 945 2261 1000 super
2282 944 2388 1000 qua
2429 930 2675 998 spiritus,
2719 943 2838 997 qua:
2865 927 3030 982 simul
3053 927 3218 983 etiam
3247 925 3350 979 fuit
3381 939 3544 993 supra

1983 1021 2400 1089 ﬁrmamentum,
2431 1020 2577 1091 quod
2609 1020 2952 1088 interiectum
2980 1025 3086 1083 est,
3132 1033 3254 1089 qua:
3274 1017 3340 1072 de
3365 1031 3544 1071 rerum

1981 1112 2353 1168 universitatis
2395 1111 2785 1168 consdtutione
2818 1109 3266 1180 excogitavimus,
3324 1115 3376 1161 et
3406 1120 3546 1175 quo-

1982 1202 2143 1257 modo
2175 1203 2228 1256 in
2260 1210 2471 1258 naturae
2502 1202 2744 1273 potentia
2776 1201 3007 1272 reliquis
3030 1200 3194 1255 rebus
3225 1199 3315 1252 lux
3350 1213 3455 1252 non
3477 1197 3550 1251 sit
3613 1185 3621 1192 “

1982 1295 2278 1368 posterior,
2334 1297 2462 1351 licet
2516 1295 2800 1366 Scriptura
2853 1297 3111 1351 tenebras
3159 1293 3310 1364 prius
3387 1305 3550 1361 quam

1941 1417 1944 1422 -
1981 1387 2156 1442 lucem
2195 1394 2605 1453 commemoret,
2639 1401 2868 1456 quaeque
2897 1385 2963 1440 de
2986 1386 3327 1439 ﬁrmamento
3355 1381 3552 1452 proha-

1980 1476 2163 1533 biliter
2204 1477 2507 1541 attulimus,
2547 1485 2601 1532 et
2641 1478 2708 1532 de
2745 1490 3008 1547 aquarum
3063 1473 3386 1538 differentia,
3432 1483 3552 1540 qua:

1981 1567 2104 1624 illas
2151 1568 2389 1624 nominis
2439 1567 2825 1622 communione
2872 1565 3194 1635 coniunctas
3233 1564 3289 1618 in
3333 1574 3551 1631 gravem

1982 1657 2270 1728 levemque
2317 1658 2586 1722 dividens,
2631 1657 2878 1713 diversas
2926 1657 2993 1711 de
3042 1663 3270 1724 utraque
3312 1654 3552 1722 ipsarum

1984 1748 2272 1816 Opiniones
2318 1745 2514 1814 aﬂ'ert;
2572 1746 2686 1800 haec
2741 1755 2796 1800 et
2838 1745 2924 1799 his
2975 1744 3175 1798 similia
3228 1749 3401 1797 sunt:
3435 1755 3556 1809 qua:

1983 1843 2166 1891 utrum
2205 1843 2351 1891 recta
2388 1843 2442 1890 et
2484 1834 2865 1890 convenientia
2898 1833 3032 1898 sint,
3065 1831 3274 1900 iudicet
3314 1829 3555 1899 prudens

1983 1927 2219 1981 auditor.
2253 1925 2618 1996 Posteaquam
2654 1926 2841 1996 igitur,
2877 1939 3000 1994 quae
3029 1930 3332 1977 cernuntur
3375 1934 3552 1989 aquae,

1982 2017 2050 2072 ah
2080 2017 2190 2072 illis
2224 2032 2346 2086 qua:
2381 2018 2782 2088 intelliguntur,
2825 2021 3050 2070 secretae
3081 2019 3210 2067 sunt
3239 2052 3253 2076 ,
3290 2010 3557 2064 medium-

1982 2123 2088 2177 que
2143 2108 2285 2162 inter
2335 2107 2607 2177 duplicem
2653 2120 2917 2176 aquarum
2971 2112 3222 2157 naturam
3263 2098 3556 2154 conﬁnium

1982 2199 2329 2269 interiectum
2359 2206 2440 2254 est
2463 2197 2686 2258 caelum,
2725 2196 2868 2265 quod
2899 2194 3060 2250 simul
3084 2207 3207 2246 cum
3233 2199 3375 2245 terra
3395 2197 3555 2257 atque

1981 2289 2236 2342 omnibus
2266 2288 2357 2354 iis,
2393 2302 2515 2356 qua:
2548 2286 2614 2340 ad
2661 2283 2850 2340 mundi
2881 2282 3328 2337 constitutionem
3361 2278 3554 2332 collata

1983 2385 2134 2440 sunt,
2168 2379 2223 2431 in
2259 2377 2529 2448 principio
2556 2375 2761 2430 factum
2794 2391 2915 2431 esse
2939 2375 3162 2437 dicitur,
3193 2387 3339 2426 nunc
3377 2378 3532 2424 autev

1984 2467 2285 2538 perfectum
2323 2475 2378 2522 et
2411 2469 2754 2522 nominatum
2790 2466 2843 2520 in
2876 2463 3342 2540 demopstrutione
3377 2460 3536 2514 ﬁrma

1982 2559 2173 2622 menti,
2205 2558 2346 2629 ignis
2380 2558 2585 2613 ambitu
2625 2557 2864 2623 diﬁiniti,
2893 2557 3234 2619 ostenditur;
3260 2553 3395 2608 alter
3420 2551 3560 2606 lucis

1983 2647 2246 2702 circuitus
2275 2663 2492 2703 rursum
2525 2655 2579 2701 et
2612 2649 2926 2702 obscuravit
2955 2645 3009 2701 id
3045 2645 3191 2715 quod
3221 2654 3338 2699 erat
3374 2642 3559 2711 subit.»

1982 2747 2131 2793 ctum
2179 2738 2448 2800 vicissim,
2496 2748 2550 2792 et
2597 2738 2938 2793 illustravit:
2974 2736 3140 2806 idque
3182 2737 3392 2800 eadem,
3441 2749 3561 2804 quas

1984 2835 2111 2884 ante
2139 2829 2284 2884 dicta
2318 2837 2423 2894 est,
2457 2829 2667 2883 ratione
2690 2835 2940 2882 vocatum
2965 2836 3048 2881 est
3073 2826 3211 2880 dies.
3243 2823 3561 2880 Necessario

1984 2930 2162 2975 autem
2207 2926 2369 2990 atque
2399 2919 2591 2974 ordine
2623 2926 2820 2973 natura
2866 2917 3083 2972 numeri
3123 2931 3304 2970 rerum
3337 2914 3559 2969 univeb

307 3005 697 3079 προλαϐοῦσαν
727 3006 1066 3072 ἀκολουθίαν,
1115 3007 1208 3061 κα)⁵
1255 3005 1411 3059 τοῦτο
1451 3005 1652 3077 ἡμέρα.
1696 3007 1884 3075 Ἀναγ-

1987 3011 2202 3066 sitatem
2247 3011 2496 3081 ingressa
2523 3018 2627 3065 est.
2665 3010 2852 3080 Neque
2879 3009 3024 3064 enim
3069 3006 3215 3060 aliud
3254 3015 3340 3060 est
3374 3017 3563 3058 nume-

311 3100 491 3160 καίως
535 3098 592 3150 δὲ
625 3100 718 3152 καὶ
763 3099 1070 3161 ἀκολούθως
1115 3099 1273 3168 καὶὴ
1317 3096 1410 3150 τοῦ
1453 3095 1687 3168 ἀριθμοῦ
1721 3097 1884 3166 φύσις

310 3189 632 3261 συνεισῆλθε
662 3193 728 3260 τῇ
771 3189 966 3244 κτίσει.
1012 3191 1176 3242 Οὑδὲν
1218 3189 1327 3259 γὰρ
1360 3188 1542 3269 ἕτερόν
1581 3191 1728 3242 ἐστιν
1766 3190 1886 3260 ἀρι-

315 3281 474 3351 θμδς,
503 3283 553 3334 εί
582 3282 659 3352 μὴ
689 3281 929 3351 μονάδων
955 3279 1219 3343 σύνθεσις.
1253 3280 1368 3333 Πᾶν
1389 3278 1446 3331 δὲ
1467 3278 1526 3331 τὸ
1553 3279 1886 3353 διωρισμένη

295 3364 426 3422 ’τινὶ
469 3373 788 3443 περιγραφῇ
843 3369 1251 3441 θεωρούμενον,
1315 3369 1482 3441 μονάς
1536 3369 1882 3440 ὀνομάζεται.

332 3461 486 3515 Ἐπεὶ
518 3458 611 3515 οὖν
655 3461 992 3531 πανταχόθεν
1019 3463 1048 3513 ό
1069 3459 1266 3524 κύκλος
1295 3460 1616 3531 ἀνελλειπής
1651 3462 1798 3514 ἐστιν
1829 3460 1887 3514 ὲν

321 3550 504 3620 ἑαυτῷ
529 3550 836 3621 ὁριζόμενος
860 3566 872 3580 ·
898 3547 1078 3614 καλῶς
1105 3553 1132 3604 6
1157 3551 1313 3618 λόγος
1345 3550 1403 3604 ἓν
1430 3569 1484 3604 τι
1520 3551 1769 3622 ὠνόμασε
1790 3549 1907 3622 τὴν-

326 3641 464 3711 μίαν
484 3639 578 3692 τοῦ
606 3639 795 3693 κύκλου
828 3639 1094 3712 περίοδον,
1117 3641 1287 3693 είπὼν
1307 3658 1322 3672 ο
1351 3659 1370 3692 ι
1407 3641 1653 3708 Ἐγένετο
1681 3640 1906 3712 ἑσπέρα,

323 3724 423 3777 καὶ
451 3725 666 3792 ἐγένετο
696 3725 837 3795 πρωῒ
863 3725 1044 3797 ἡμέρα
1071 3724 1187 3795 μίαο
1228 3743 1246 3776 ι
1281 3725 1375 3778 καὶ
1408 3725 1570 3779 πάλιν
1597 3725 1694 3797 τὴν
1725 3725 1890 3798 ἀλλην

315 3816 584 3880 ὡσαύτως
610 3817 688 3871 ἐν.
719 3816 941 3879 Συνθεὶς
966 3816 1022 3869 δὲ
1053 3817 1358 3889 ἀμφότερα,
1395 3816 1488 3870 δύο
1511 3817 1752 3886 ἐποίησε.
1780 3816 1892 3871 Καὶ

313 3905 491 3969 οὕτως
523 3908 553 3960 6
584 3904 743 3974 λόγος
770 3907 869 3976 τὴν
905 3904 998 3959 τοῦ
1030 3904 1266 3976 ἀριθμοῦ
1301 3906 1516 3975 γένεσιν
1544 3909 1654 3970 τοῖς
1683 3907 1892 3978 μορίοις

316 3998 591 4066 συνήγαγε
626 3995 727 4066 τῆς
765 3994 994 4059 κτίσεως
1014 4035 1029 4059 ,
1063 3997 1163 4065 τὴν
1211 3995 1530 4050 ἀκολουθίαν
1561 4000 1659 4068 τῆς
1686 3997 1894 4063 τάξεως

311 4091 424 4150 τοῖς
456 4087 688 4156 ὀνόμασι
716 4084 809 4137 τοῦ
842 4085 1077 4156 ἀριθμοῦ
1111 4085 1516 4157 σημειούμενος.
1545 4105 1565 4138 ‹
1599 4087 1842 4157 Ἐγένετο
1870 4109 1888 4141 ι

1986 3117 2104 3165 rus,
2164 3102 2270 3158 nisi
2320 3105 2590 3157 unitatum
2637 3101 2984 3172 compositio.
3046 3096 3321 3168 Quidquid
3380 3104 3560 3149 autem

1987 3191 2249 3263 przeﬁnita
2314 3192 2496 3262 aliqua
2565 3190 3079 3262 circumscriptione
3142 3185 3559 3249 consideratur,

1987 3297 2154 3336 unum
2211 3282 2566 3351 appellamus.
2625 3282 2806 3347 Quare
2850 3296 2976 3336 cum
3032 3278 3273 3335 circulus
3324 3275 3564 3344 undique

1987 3370 2264 3442 perfectus
2307 3372 2364 3425 in
2418 3385 2478 3426 se
2527 3378 2913 3442 cognoscatur,
2968 3379 3118 3426 recte
3164 3367 3450 3438 Scriptura
3503 3365 3563 3420 in

1987 3464 2206 3518 nomine
2236 3478 2405 3517 unum
2446 3462 2638 3518 circuli
2677 3463 2940 3517 ambitum
2980 3460 3285 3525 constituit,
3321 3457 3513 3514 dicens
3544 3473 3558 3511 :

1993 3570 2013 3604 ι
2049 3551 2273 3608 Factum
2324 3560 2410 3608 est
2460 3568 2706 3623 vespere,
2753 3561 2808 3608 et
2861 3551 3064 3607 factum
3107 3558 3191 3606 est
3238 3563 3398 3604 mane
3443 3547 3563 3602 dies

1989 3658 2154 3708 unus,
2190 3663 2209 3696 ι
2246 3652 2300 3699 et
2330 3659 2550 3698 rursum
2583 3644 2816 3698 alterum
2843 3643 3108 3696 ambitum
3151 3641 3340 3696 itidem
3367 3652 3560 3694 unum.

1990 3727 2292 3801 Utriusque
2327 3746 2459 3785 vero
2487 3731 2816 3802 compositio
2850 3729 2960 3785 duo
3001 3729 3253 3786 reddidit.
3287 3731 3462 3798 Atque
3489 3728 3562 3782 ita

1994 3819 2276 3890 Scriptura
2299 3821 2516 3877 numeri
2538 3829 2790 3876 naturam
2814 3822 3000 3877 mundi
3025 3821 3270 3893 partibus
3292 3819 3562 3892 adiunxit,

1992 3912 2205 3969 ordinis
2254 3915 2705 3984 consequentiam
2743 3914 3058 3971 nominibus
3103 3914 3314 3970 numeri
3355 3909 3564 3983 signiﬁ-

1993 4020 2147 4061 cans.
2188 4023 2208 4058 ι
2247 4004 2470 4060 Factum
2518 4014 2602 4062 est
2628 4025 2648 4060 ι
2685 4006 2862 4072 enim,
2916 4005 3124 4077 inquit,
3172 4017 3459 4074 «vespere,
3507 4008 3563 4058 et

1995 4095 2199 4153 factum
2230 4103 2316 4153 est
2345 4111 2506 4154 mane
2533 4097 2651 4154 dies
2670 4097 2964 4159 secundus.
3001 4117 3020 4150 ›

310 4178 444 4248 γὰρ,
477 4178 670 4248 φησὶν,
705 4195 724 4228 ι
761 4176 985 4247 ἑσπέρα,
1017 4177 1111 4231 καὶ
1149 4177 1362 4245 ἐγένετο
1397 4177 1543 4250 πρωῒ
1573 4179 1752 4252 ἡμέρα
1773 4180 1895 4234 δευ-
1991 4215 2002 4226 ο

312 4271 468 4341 τέρα.
507 4289 530 4322 ι

399 4360 556 4414 ἐπεὶ
587 4356 685 4414 οὖν
734 4358 908 4412 ταῦτα
972 4359 1225 4428 ἐγένετο,
1284 4361 1447 4415 πάλιν
1489 4362 1523 4433 ἡ
1584 4360 1744 4431 φύσις
1781 4361 1889 4416 τῶν

2061 4362 2197 4418 Cum
2229 4362 2394 4434 igitur
2421 4361 2536 4416 haec
2565 4360 2709 4416 facta
2744 4365 2954 4425 essent,
3005 4372 3188 4414 rerum
3225 4367 3420 4413 natura
3449 4373 3568 4414 rur-

314 4454 484 4507 ὅντων
527 4453 597 4507 δι’
641 4449 938 4506 ἀκολούθου
983 4451 1270 4521 βαδίζουσα
1291 4492 1306 4518 ,
1339 4453 1401 4506 τὸ
1433 4453 1748 4521 ἀναγκαίως
1777 4456 1892 4518 τοῖς

314 4543 709 4613 προγεγονόσιν
748 4543 1013 4612 ἑπόμενον
1051 4543 1400 4615 ἐξεργάζεται
1429 4560 1444 4576 ο
1483 4547 1804 4615 προηγεῖται
1835 4545 1892 4599 δὲ

319 4635 421 4687 καὶ
440 4634 626 4687 τούτου
656 4633 752 4686 τοῦ
787 4632 948 4705 ἔργου
991 4633 1132 4687 θεῖον
1162 4634 1461 4704 ἐπίταγμα,
1497 4634 1768 4704 πανταχοῦ
1797 4634 1892 4688 τοῦ

319 4725 602 4787 Μωὺσέως
626 4724 1059 4795 ἀσφαλιζομένου
1099 4725 1253 4796 ἡμῶν
1275 4725 1375 4796 τὴν
1401 4725 1638 4780 διάνοιαν
1663 4725 1758 4779 τοῦ
1785 4742 1892 4796 μη-

316 4815 416 4872 δὲν
438 4815 587 4868 ἀθεεί
612 4833 663 4868 τι
688 4816 795 4869 τῶν
823 4815 990 4870 ὄντων
1017 4815 1295 4884 συστῆναι,
1323 4816 1398 4879 ὡς
1425 4815 1490 4869 ἂν
1517 4816 1580 4869 τὸ
1609 4817 1736 4888 περὶ
1768 4817 1895 4871 ἑκά·

320 4926 457 4962 στου
490 4907 599 4961 τῶν
629 4910 928 4976 γεγονότων
969 4907 1176 4978 θαῦμα,
1208 4909 1288 4970 είς
1315 4907 1406 4960 τὸν
1431 4907 1774 4976 πεποιηκότα
1793 4906 1893 4977 τὴν

317 4999 612 5069 ἀναφορὰν
656 5000 784 5069 ἔχοι.
818 4999 1007 5069 Πάσης
1035 4999 1145 5071 γὰρ
1178 4998 1280 5068 τῆς
1325 4999 1659 5068 φωτιστικῆς
1705 5015 1765 5050 τε
1799 4998 1896 5052 καὶ

317 5090 616 5163 πυρώδους
651 5089 832 5153 οὑσίας
909 5092 1028 5153 ταῖς
1074 5089 1231 5152 ἰδίαις
1274 5089 1518 5160 ποιότησι
1566 5088 1675 5142 τῶν
1719 5087 1895 5143 ἀλλων

316 5181 740 5253 ἀποκριθείσης,
767 5182 802 5253 ἡ
832 5181 931 5252 μὲν
956 5180 1050 5234 τοὺ
1075 5181 1236 5252 ἀέρος
1262 5180 1572 5250 κατασκευὴ
1599 5181 1893 5244 σιωπᾶται,

315 5272 416 5326 καί
445 5290 529 5325 τοι
549 5270 822 5326 καὶτοῦτο
848 5275 906 5326 ὲν
937 5271 1212 5343 δευτέροις
1241 5271 1386 5337 εἰκὸς
1413 5267 1482 5342 ἦν
1511 5271 1648 5342 μετά
1677 5270 1775 5342 τὴν
1800 5271 1892 5325 τοῦ

316 5364 494 5436 πυρὸς
522 5365 836 5437 ἀναδρομὴν
875 5365 1290 5435 φυσιολογῆσαι·
1325 5366 1461 5420 διότι
1495 5363 1784 5433 συγγένειά
1811 5362 1895 5429 τίς

317 5456 467 5508 ιστιν
513 5453 667 5524 αὑτῷ
699 5456 843 5511 κατά
867 5456 928 5510 τὸ
956 5455 1181 5527 κοῦφον,
1208 5455 1345 5526 πρὸς
1390 5455 1491 5526 τὴν
1531 5454 1611 5526 τῷ
1637 5453 1772 5526 πυρὶ
1805 5456 1894 5508 ὲν-

317 5546 706 5620 οεωρουμένην
739 5550 1048 5622 κωφότητα
1073 5566 1086 5580 ·
1127 5543 1228 5602 εἷθ’
1257 5546 1428 5611 οὑτως
1475 5548 1605 5619 περὶ
1648 5547 1748 5618 τῆς
1792 5546 1890 5618 βα-

317 5637 476 5708 μίας
515 5639 873 5713 διηγήσασθαι
916 5644 1157 5718 φύσεως.
1213 5641 1272 5694 '0
1307 5639 1362 5694 δὲ
1408 5639 1646 5710 Μωὺσῆς
1686 5639 1754 5694 τά
1797 5639 1894 5710 μιν

1999 4468 2095 4510 sus
2132 4453 2323 4508 ordine
2356 4450 2709 4523 progrediens
2741 4448 3188 4506 antecedentibus
3223 4463 3567 4519 consequens

1997 4543 2208 4600 addidit
2241 4543 2576 4599 necessario.
2611 4543 2791 4612 Atque
2820 4542 2946 4597 huic
2976 4541 3105 4597 item
3145 4540 3568 4612 operidivinum

1998 4637 2314 4691 mandatum
2368 4635 2560 4698 anteit,
2622 4636 2836 4691 animos
2899 4633 3101 4704 ubique
3152 4637 3374 4690 nostros
3421 4630 3570 4689 Mosa

1999 4727 2376 4791 conﬁrmante,
2410 4740 2478 4780 ne
2501 4725 2630 4796 quid
2668 4725 2787 4781 sine
2834 4724 2926 4780 Dei
2955 4733 3089 4780 nutu
3131 4725 3436 4780 consistere
3469 4737 3568 4778 co-

1997 4820 2254 4892 gitemus,
2283 4818 2376 4875 sed
2402 4835 2522 4890 quae
2544 4819 2773 4890 singulis
2813 4820 2866 4874 in
2898 4819 3064 4878 rebus
3095 4817 3412 4873 admiranda
3443 4829 3569 4886 per-

1999 4912 2282 4982 spicimus,
2325 4912 2390 4966 ad
2440 4910 2611 4967 Deum
2658 4927 2846 4967 eorum
2889 4912 3134 4981 opiﬁcem
3185 4917 3571 4980 auctoremque

1998 5001 2302 5058 referamus
2329 5019 2344 5056 :
2371 5001 2522 5068 omni
2563 5016 2693 5072 ergo
2722 5009 2836 5056 tum
2875 5000 3074 5065 lucida,
3112 5009 3224 5054 tum
3266 4999 3424 5069 ignea
3466 5012 3568 5053 na-

1999 5101 2125 5148 tura
2158 5092 2395 5164 propriis
2425 5092 2782 5162 qualitatibns
2811 5106 2842 5146 a
2869 5091 3080 5147 caeteris
3111 5089 3379 5161 seiuncta,
3406 5095 3570 5160 atque

1999 5183 2284 5248 distincta,
2315 5182 2459 5239 aeris
2505 5183 2824 5239 constitutio
2863 5183 3081 5239 silentio
3111 5181 3564 5253 praetermittitur,

2000 5289 2123 5330 cum
2149 5283 2329 5329 tamen
2357 5273 2567 5331 ordinis
2595 5275 2735 5330 ratio
2771 5276 3091 5345 postularet,
3120 5284 3179 5330 ut
3206 5278 3331 5347 igne
3358 5273 3570 5329 consti-

2001 5375 2136 5433 tuto,
2173 5368 2241 5423 de
2271 5367 2390 5439 ipso
2422 5381 2546 5423 aere
2575 5366 2978 5438 disputaretur;
3012 5367 3126 5436 qui,
3161 5381 3285 5422 cum
3321 5365 3452 5420 levis
3473 5363 3568 5430 sit,

1999 5472 2124 5514 cum
2177 5459 2318 5530 ignis
2369 5459 2586 5515 levitate
2607 5459 2900 5529 quamdam
2949 5458 3113 5514 habet
3156 5453 3570 5527 cognationem;

2001 5548 2196 5606 deinde
2233 5550 2302 5606 de
2326 5558 2522 5606 natura
2558 5550 2711 5621 gravi
2740 5549 2904 5606 verba
2935 5546 3150 5604 ﬁerent.
3182 5545 3359 5601 Moses
3385 5549 3567 5596 autem

2001 5640 2208 5700 omisso
2232 5656 2358 5700 aere
2398 5642 2468 5700 de
2489 5642 2593 5699 hac
2619 5643 2737 5714 ipsa
2765 5638 3006 5698 disserit.
3035 5635 3193 5706 Quod
3233 5633 3452 5712 quidem
3482 5631 3574 5690 ille
