  <div class='ocr_page' id='page_1' title='image "/cluster/home/n/w/nwhite01/storage/ocr_20150623/44/hvd.32044052767431/049.png"; bbox 0 0 4106 6208; ppageno 0'>
   <div class='ocr_carea' id='block_1_1' title="bbox 530 349 3772 424">
    <p class='ocr_par' dir='ltr' id='par_1_1' title="bbox 530 349 3772 424">
     <span class='ocr_line' id='line_1_1' title="bbox 530 349 3772 424; baseline -0.005 0"><span class='ocrx_word' id='word_1_1' title='bbox 530 368 602 424; x_wconf 81' lang='lat'><strong>87</strong></span> <span class='ocrx_word' id='word_1_2' title='bbox 1789 359 1844 415; x_wconf 90' lang='lat' dir='ltr'><strong>S.</strong></span> <span class='ocrx_word' id='word_1_3' title='bbox 1871 355 2194 416; x_wconf 77' lang='lat' dir='ltr'><strong>GREGORII</strong></span> <span class='ocrx_word' id='word_1_4' title='bbox 2220 356 2516 415; x_wconf 71' lang='lat' dir='ltr'><strong>NYSSENI</strong></span> <span class='ocrx_word' id='word_1_5' title='bbox 3699 349 3772 407; x_wconf 86' lang='lat'><strong>88</strong></span> 
     </span>
    </p>
   </div>
   <div class='ocr_carea' id='block_1_2' title="bbox 532 466 2129 549">
    <p class='ocr_par' dir='ltr' id='par_1_2' title="bbox 532 473 2129 549">
     <span class='ocr_line' id='line_1_2' title="bbox 532 473 2129 549; baseline -0.009 -7"><span class='ocrx_word' id='word_1_6' title='bbox 532 501 644 542; x_wconf 83' lang='lat' dir='ltr'><strong>non</strong></span> <span class='ocrx_word' id='word_1_7' title='bbox 683 483 808 539; x_wconf 82' lang='lat' dir='ltr'><strong>ideo</strong></span> <span class='ocrx_word' id='word_1_8' title='bbox 855 479 1006 542; x_wconf 79' lang='lat' dir='ltr'><strong>facit,</strong></span> <span class='ocrx_word' id='word_1_9' title='bbox 1037 477 1180 549; x_wconf 81' lang='lat' dir='ltr'><strong>quod</strong></span> <span class='ocrx_word' id='word_1_10' title='bbox 1217 476 1351 533; x_wconf 85' lang='lat' dir='ltr'><strong>nihil</strong></span> <span class='ocrx_word' id='word_1_11' title='bbox 1405 477 1471 532; x_wconf 89' lang='lat' dir='ltr'><strong>ad</strong></span> <span class='ocrx_word' id='word_1_12' title='bbox 1518 473 1705 531; x_wconf 83' lang='lat' dir='ltr'><strong>mundi</strong></span> <span class='ocrx_word' id='word_1_13' title='bbox 1750 476 2129 534; x_wconf 35' lang='lat' dir='ltr'><strong>constitution</strong></span> 
     </span>
    </p>
   </div>
   <div class='ocr_carea' id='block_1_3' title="bbox 2231 466 3772 549">
    <p class='ocr_par' dir='ltr' id='par_1_3' title="bbox 2231 466 3772 546">
     <span class='ocr_line' id='line_1_3' title="bbox 2231 466 3772 546; baseline -0.004 -20"><span class='ocrx_word' id='word_1_14' title='bbox 2231 476 2328 546; x_wconf 68' lang='grc' dir='ltr'>περὶ</span> <span class='ocrx_word' id='word_1_15' title='bbox 2359 476 2559 545; x_wconf 81' lang='grc' dir='ltr'><strong>ταύτης</strong></span> <span class='ocrx_word' id='word_1_16' title='bbox 2586 474 2732 542; x_wconf 81' lang='grc' dir='ltr'><strong>λέγει</strong></span> <span class='ocrx_word' id='word_1_17' title='bbox 2757 491 2770 504; x_wconf 79' lang='grc'><strong><em>⁸</em></strong></span> <span class='ocrx_word' id='word_1_18' title='bbox 2804 472 2894 526; x_wconf 80' lang='grc' dir='ltr'><strong>τὸν</strong></span> <span class='ocrx_word' id='word_1_19' title='bbox 2930 470 2986 525; x_wconf 82' lang='grc' dir='ltr'>δὲ</span> <span class='ocrx_word' id='word_1_20' title='bbox 3018 468 3153 542; x_wconf 80' lang='grc' dir='ltr'>ἀέρα</span> <span class='ocrx_word' id='word_1_21' title='bbox 3191 468 3270 541; x_wconf 80' lang='grc' dir='ltr'>τῷ</span> <span class='ocrx_word' id='word_1_22' title='bbox 3297 467 3442 538; x_wconf 79' lang='grc' dir='ltr'>λόγῳ</span> <span class='ocrx_word' id='word_1_23' title='bbox 3487 466 3772 538; x_wconf 76' lang='grc' dir='ltr'>παρίησιν,</span> 
     </span>
    </p>
   </div>
   <div class='ocr_carea' id='block_1_4' title="bbox 463 565 2099 639">
    <p class='ocr_par' dir='ltr' id='par_1_4' title="bbox 463 565 2099 639">
     <span class='ocr_line' id='line_1_4' title="bbox 463 565 2099 639; baseline -0.007 -7"><span class='ocrx_word' id='word_1_24' title='bbox 463 565 469 568; x_wconf 56' lang='grc'><strong>’</strong></span> <span class='ocrx_word' id='word_1_25' title='bbox 533 590 654 632; x_wconf 86' lang='lat' dir='ltr'><strong>nem</strong></span> <span class='ocrx_word' id='word_1_26' title='bbox 701 588 798 628; x_wconf 87' lang='lat' dir='ltr'><strong>aer</strong></span> <span class='ocrx_word' id='word_1_27' title='bbox 839 571 1137 634; x_wconf 90' lang='lat' dir='ltr'><strong>conducat,</strong></span> <span class='ocrx_word' id='word_1_28' title='bbox 1171 577 1264 624; x_wconf 91' lang='lat' dir='ltr'><strong>aut</strong></span> <span class='ocrx_word' id='word_1_29' title='bbox 1295 568 1439 639; x_wconf 92' lang='lat' dir='ltr'><strong>quod</strong></span> <span class='ocrx_word' id='word_1_30' title='bbox 1489 568 1740 623; x_wconf 89' lang='lat' dir='ltr'><strong>seclusus</strong></span> <span class='ocrx_word' id='word_1_31' title='bbox 1777 566 1848 623; x_wconf 89' lang='lat' dir='ltr'><strong>sit</strong></span> <span class='ocrx_word' id='word_1_32' title='bbox 1887 565 1957 620; x_wconf 91' lang='lat' dir='ltr'><strong>ab</strong></span> <span class='ocrx_word' id='word_1_33' title='bbox 1986 566 2099 620; x_wconf 89' lang='lat' dir='ltr'><strong>ele—</strong></span> 
     </span>
    </p>
   </div>
   <div class='ocr_carea' id='block_1_5' title="bbox 529 656 2098 730">
    <p class='ocr_par' dir='ltr' id='par_1_5' title="bbox 529 656 2098 730">
     <span class='ocr_line' id='line_1_5' title="bbox 529 656 2098 730; baseline -0.008 -11"><span class='ocrx_word' id='word_1_34' title='bbox 529 673 840 720; x_wconf 85' lang='lat' dir='ltr'><strong>mentorum</strong></span> <span class='ocrx_word' id='word_1_35' title='bbox 899 669 1200 730; x_wconf 85' lang='lat' dir='ltr'><strong>potestate,</strong></span> <span class='ocrx_word' id='word_1_36' title='bbox 1283 657 1377 713; x_wconf 86' lang='lat' dir='ltr'><strong>sed</strong></span> <span class='ocrx_word' id='word_1_37' title='bbox 1429 657 1557 728; x_wconf 87' lang='lat' dir='ltr'><strong>quia</strong></span> <span class='ocrx_word' id='word_1_38' title='bbox 1613 656 1849 712; x_wconf 74' lang='lat' dir='ltr'><strong>fortasse</strong></span> <span class='ocrx_word' id='word_1_39' title='bbox 1904 661 2098 710; x_wconf 88' lang='lat' dir='ltr'><strong>natura</strong></span> 
     </span>
    </p>
   </div>
   <div class='ocr_carea' id='block_1_6' title="bbox 529 746 2104 820">
    <p class='ocr_par' dir='ltr' id='par_1_6' title="bbox 529 746 2104 820">
     <span class='ocr_line' id='line_1_6' title="bbox 529 746 2104 820; baseline -0.008 -9"><span class='ocrx_word' id='word_1_40' title='bbox 529 755 680 811; x_wconf 91' lang='lat' dir='ltr'><strong>molli</strong></span> <span class='ocrx_word' id='word_1_41' title='bbox 713 768 776 808; x_wconf 89' lang='lat' dir='ltr'><strong>ac</strong></span> <span class='ocrx_word' id='word_1_42' title='bbox 805 753 962 807; x_wconf 82' lang='lat' dir='ltr'><strong>facile</strong></span> <span class='ocrx_word' id='word_1_43' title='bbox 1002 750 1214 807; x_wconf 89' lang='lat' dir='ltr'><strong>cedenti</strong></span> <span class='ocrx_word' id='word_1_44' title='bbox 1250 748 1508 820; x_wconf 80' lang='lat' dir='ltr'><strong>praeditus</strong></span> <span class='ocrx_word' id='word_1_45' title='bbox 1538 763 1624 803; x_wconf 85' lang='lat' dir='ltr'><strong>res</strong></span> <span class='ocrx_word' id='word_1_46' title='bbox 1655 761 1844 802; x_wconf 87' lang='lat' dir='ltr'><strong>omnes</strong></span> <span class='ocrx_word' id='word_1_47' title='bbox 1892 746 1947 798; x_wconf 90' lang='lat' dir='ltr'><strong>in</strong></span> <span class='ocrx_word' id='word_1_48' title='bbox 1983 759 2104 800; x_wconf 85' lang='lat' dir='ltr'><strong>sese</strong></span> 
     </span>
    </p>
   </div>
   <div class='ocr_carea' id='block_1_7' title="bbox 531 835 2103 914">
    <p class='ocr_par' dir='ltr' id='par_1_7' title="bbox 531 835 2103 914">
     <span class='ocr_line' id='line_1_7' title="bbox 531 835 2103 914; baseline -0.008 -14"><span class='ocrx_word' id='word_1_49' title='bbox 531 845 779 914; x_wconf 81' lang='lat' dir='ltr'><strong>suscipit,</strong></span> <span class='ocrx_word' id='word_1_50' title='bbox 810 843 1141 912; x_wconf 82' lang='lat' dir='ltr'><strong>easdemque</strong></span> <span class='ocrx_word' id='word_1_51' title='bbox 1176 855 1287 910; x_wconf 91' lang='lat' dir='ltr'><strong>prae</strong></span> <span class='ocrx_word' id='word_1_52' title='bbox 1315 855 1376 895; x_wconf 86' lang='lat' dir='ltr'><strong>se</strong></span> <span class='ocrx_word' id='word_1_53' title='bbox 1409 840 1531 903; x_wconf 90' lang='lat' dir='ltr'><strong>fert,</strong></span> <span class='ocrx_word' id='word_1_54' title='bbox 1566 852 1690 893; x_wconf 91' lang='lat' dir='ltr'><strong>cum</strong></span> <span class='ocrx_word' id='word_1_55' title='bbox 1727 849 1827 890; x_wconf 88' lang='lat' dir='ltr'><strong>nec</strong></span> <span class='ocrx_word' id='word_1_56' title='bbox 1866 835 2103 889; x_wconf 91' lang='lat' dir='ltr'><strong>colorem</strong></span> 
     </span>
    </p>
   </div>
   <div class='ocr_carea' id='block_1_8' title="bbox 534 923 2102 1006">
    <p class='ocr_par' dir='ltr' id='par_1_8' title="bbox 534 923 2102 1006">
     <span class='ocr_line' id='line_1_8' title="bbox 534 923 2102 1006; baseline -0.007 -17"><span class='ocrx_word' id='word_1_57' title='bbox 534 937 834 1006; x_wconf 88' lang='lat' dir='ltr'><strong>pr0prium,</strong></span> <span class='ocrx_word' id='word_1_58' title='bbox 882 948 983 989; x_wconf 92' lang='lat' dir='ltr'><strong>nec</strong></span> <span class='ocrx_word' id='word_1_59' title='bbox 1020 934 1268 1004; x_wconf 81' lang='lat' dir='ltr'><strong>figuram,</strong></span> <span class='ocrx_word' id='word_1_60' title='bbox 1320 945 1421 985; x_wconf 90' lang='lat' dir='ltr'><strong>nec</strong></span> <span class='ocrx_word' id='word_1_61' title='bbox 1454 928 1687 999; x_wconf 80' lang='lat' dir='ltr'><strong>speciem</strong></span> <span class='ocrx_word' id='word_1_62' title='bbox 1739 926 1959 989; x_wconf 88' lang='lat' dir='ltr'><strong>habeat,</strong></span> <span class='ocrx_word' id='word_1_63' title='bbox 2008 923 2102 979; x_wconf 90' lang='lat' dir='ltr'><strong>sed</strong></span> 
     </span>
    </p>
   </div>
   <div class='ocr_carea' id='block_1_9' title="bbox 535 1012 2104 1091">
    <p class='ocr_par' dir='ltr' id='par_1_9' title="bbox 535 1012 2104 1091">
     <span class='ocr_line' id='line_1_9' title="bbox 535 1012 2104 1091; baseline -0.008 -12"><span class='ocrx_word' id='word_1_64' title='bbox 535 1027 730 1080; x_wconf 87' lang='lat' dir='ltr'><strong>alienis</strong></span> <span class='ocrx_word' id='word_1_65' title='bbox 781 1034 835 1080; x_wconf 91' lang='lat' dir='ltr'><strong>et</strong></span> <span class='ocrx_word' id='word_1_66' title='bbox 884 1024 1180 1086; x_wconf 89' lang='lat' dir='ltr'><strong>coloribus,</strong></span> <span class='ocrx_word' id='word_1_67' title='bbox 1230 1029 1285 1077; x_wconf 91' lang='lat' dir='ltr'><strong>et</strong></span> <span class='ocrx_word' id='word_1_68' title='bbox 1336 1020 1520 1091; x_wconf 79' lang='lat' dir='ltr'><strong>figuris</strong></span> <span class='ocrx_word' id='word_1_69' title='bbox 1571 1017 1915 1072; x_wconf 86' lang='lat' dir='ltr'><strong>informetur.</strong></span> <span class='ocrx_word' id='word_1_70' title='bbox 1970 1012 2104 1067; x_wconf 81' lang='lat' dir='ltr'><strong>Nam</strong></span> 
     </span>
    </p>
   </div>
   <div class='ocr_carea' id='block_1_10' title="bbox 531 1104 2105 1184">
    <p class='ocr_par' dir='ltr' id='par_1_10' title="bbox 531 1104 2105 1184">
     <span class='ocr_line' id='line_1_10' title="bbox 531 1104 2105 1184; baseline -0.011 -12"><span class='ocrx_word' id='word_1_71' title='bbox 531 1123 593 1172; x_wconf 89' lang='lat' dir='ltr'><strong>et</strong></span> <span class='ocrx_word' id='word_1_72' title='bbox 645 1115 785 1170; x_wconf 83' lang='lat' dir='ltr'><strong>lucis</strong></span> <span class='ocrx_word' id='word_1_73' title='bbox 815 1113 1023 1184; x_wconf 78' lang='lat' dir='ltr'><strong>fulgore</strong></span> <span class='ocrx_word' id='word_1_74' title='bbox 1069 1110 1384 1182; x_wconf 88' lang='lat' dir='ltr'><strong>splendidus</strong></span> <span class='ocrx_word' id='word_1_75' title='bbox 1419 1110 1496 1172; x_wconf 86' lang='lat' dir='ltr'><strong>fit,</strong></span> <span class='ocrx_word' id='word_1_76' title='bbox 1543 1116 1596 1162; x_wconf 90' lang='lat' dir='ltr'><strong>et</strong></span> <span class='ocrx_word' id='word_1_77' title='bbox 1626 1107 1970 1162; x_wconf 89' lang='lat' dir='ltr'><strong>tenebrarum</strong></span> <span class='ocrx_word' id='word_1_78' title='bbox 2019 1104 2105 1156; x_wconf 85' lang='lat' dir='ltr'><strong>in-</strong></span> 
     </span>
    </p>
   </div>
   <div class='ocr_carea' id='block_1_11' title="bbox 538 1195 2108 1276">
    <p class='ocr_par' dir='ltr' id='par_1_11' title="bbox 538 1195 2108 1276">
     <span class='ocr_line' id='line_1_11' title="bbox 538 1195 2108 1276; baseline -0.01 -14"><span class='ocrx_word' id='word_1_79' title='bbox 538 1215 784 1263; x_wconf 89' lang='lat' dir='ltr'><strong>terventu</strong></span> <span class='ocrx_word' id='word_1_80' title='bbox 807 1207 959 1276; x_wconf 76' lang='lat' dir='ltr'><strong>niger</strong></span> <span class='ocrx_word' id='word_1_81' title='bbox 991 1213 1045 1260; x_wconf 90' lang='lat' dir='ltr'><strong>et</strong></span> <span class='ocrx_word' id='word_1_82' title='bbox 1084 1205 1372 1260; x_wconf 89' lang='lat' dir='ltr'><strong>obscurus.</strong></span> <span class='ocrx_word' id='word_1_83' title='bbox 1404 1199 1502 1255; x_wconf 83' lang='lat' dir='ltr'><strong>Per</strong></span> <span class='ocrx_word' id='word_1_84' title='bbox 1530 1215 1589 1254; x_wconf 88' lang='lat' dir='ltr'><strong>se</strong></span> <span class='ocrx_word' id='word_1_85' title='bbox 1617 1200 1761 1253; x_wconf 90' lang='lat' dir='ltr'><strong>enim</strong></span> <span class='ocrx_word' id='word_1_86' title='bbox 1793 1212 1892 1252; x_wconf 91' lang='lat' dir='ltr'><strong>nec</strong></span> <span class='ocrx_word' id='word_1_87' title='bbox 1926 1195 2108 1265; x_wconf 85' lang='lat' dir='ltr'><strong>splen-</strong></span> 
     </span>
    </p>
   </div>
   <div class='ocr_carea' id='block_1_12' title="bbox 538 1284 2109 1358">
    <p class='ocr_par' dir='ltr' id='par_1_12' title="bbox 538 1284 2109 1358">
     <span class='ocr_line' id='line_1_12' title="bbox 538 1284 2109 1358; baseline -0.011 -4"><span class='ocrx_word' id='word_1_88' title='bbox 538 1298 701 1354; x_wconf 87' lang='lat' dir='ltr'><strong>didus</strong></span> <span class='ocrx_word' id='word_1_89' title='bbox 731 1312 830 1353; x_wconf 89' lang='lat' dir='ltr'><strong>nec</strong></span> <span class='ocrx_word' id='word_1_90' title='bbox 874 1297 1142 1351; x_wconf 87' lang='lat' dir='ltr'><strong>obscurus</strong></span> <span class='ocrx_word' id='word_1_91' title='bbox 1173 1300 1278 1358; x_wconf 91' lang='lat' dir='ltr'><strong>est,</strong></span> <span class='ocrx_word' id='word_1_92' title='bbox 1329 1291 1423 1348; x_wconf 89' lang='lat' dir='ltr'><strong>sed</strong></span> <span class='ocrx_word' id='word_1_93' title='bbox 1466 1289 1612 1344; x_wconf 89' lang='lat' dir='ltr'><strong>omni</strong></span> <span class='ocrx_word' id='word_1_94' title='bbox 1647 1289 1816 1358; x_wconf 83' lang='lat' dir='ltr'><strong>ﬁgura</strong></span> <span class='ocrx_word' id='word_1_95' title='bbox 1849 1284 2109 1354; x_wconf 83' lang='lat' dir='ltr'><strong>omnique</strong></span> 
     </span>
    </p>
   </div>
   <div class='ocr_carea' id='block_1_13' title="bbox 539 1379 2107 1456">
    <p class='ocr_par' dir='ltr' id='par_1_13' title="bbox 539 1379 2107 1456">
     <span class='ocr_line' id='line_1_13' title="bbox 539 1379 2107 1456; baseline -0.011 -11"><span class='ocrx_word' id='word_1_96' title='bbox 539 1391 782 1444; x_wconf 89' lang='lat' dir='ltr'><strong>colorum</strong></span> <span class='ocrx_word' id='word_1_97' title='bbox 835 1388 1014 1456; x_wconf 90' lang='lat' dir='ltr'><strong>specie</strong></span> <span class='ocrx_word' id='word_1_98' title='bbox 1065 1386 1345 1449; x_wconf 86' lang='lat' dir='ltr'><strong>imbuitur,</strong></span> <span class='ocrx_word' id='word_1_99' title='bbox 1401 1390 1456 1438; x_wconf 90' lang='lat' dir='ltr'><strong>et</strong></span> <span class='ocrx_word' id='word_1_100' title='bbox 1495 1383 1560 1435; x_wconf 91' lang='lat' dir='ltr'><strong>ad</strong></span> <span class='ocrx_word' id='word_1_101' title='bbox 1634 1379 1876 1434; x_wconf 91' lang='lat' dir='ltr'><strong>omnium</strong></span> <span class='ocrx_word' id='word_1_102' title='bbox 1925 1390 2107 1430; x_wconf 88' lang='lat' dir='ltr'><strong>rerum</strong></span> 
     </span>
    </p>
   </div>
   <div class='ocr_carea' id='block_1_14' title="bbox 537 1465 2108 1548">
    <p class='ocr_par' dir='ltr' id='par_1_14' title="bbox 537 1465 2108 1548">
     <span class='ocr_line' id='line_1_14' title="bbox 537 1465 2108 1548; baseline -0.01 -17"><span class='ocrx_word' id='word_1_103' title='bbox 537 1493 676 1548; x_wconf 84' lang='lat' dir='ltr'><strong>quas</strong></span> <span class='ocrx_word' id='word_1_104' title='bbox 738 1476 968 1545; x_wconf 89' lang='lat' dir='ltr'><strong>suscipit</strong></span> <span class='ocrx_word' id='word_1_105' title='bbox 1050 1482 1253 1528; x_wconf 92' lang='lat' dir='ltr'><strong>motum</strong></span> <span class='ocrx_word' id='word_1_106' title='bbox 1309 1488 1369 1528; x_wconf 91' lang='lat' dir='ltr'><strong>se</strong></span> <span class='ocrx_word' id='word_1_107' title='bbox 1433 1468 1832 1525; x_wconf 86' lang='lat' dir='ltr'><strong>accommodat.</strong></span> <span class='ocrx_word' id='word_1_108' title='bbox 1898 1465 2108 1535; x_wconf 80' lang='lat' dir='ltr'><strong>Etenim</strong></span> 
     </span>
    </p>
   </div>
   <div class='ocr_carea' id='block_1_15' title="bbox 541 1556 2112 1630">
    <p class='ocr_par' dir='ltr' id='par_1_15' title="bbox 541 1556 2112 1630">
     <span class='ocr_line' id='line_1_15' title="bbox 541 1556 2112 1630; baseline -0.009 -10"><span class='ocrx_word' id='word_1_109' title='bbox 541 1568 692 1620; x_wconf 88' lang='lat' dir='ltr'><strong>nullo</strong></span> <span class='ocrx_word' id='word_1_110' title='bbox 748 1565 932 1620; x_wconf 90' lang='lat' dir='ltr'><strong>labore</strong></span> <span class='ocrx_word' id='word_1_111' title='bbox 985 1564 1094 1617; x_wconf 87' lang='lat' dir='ltr'><strong>illis</strong></span> <span class='ocrx_word' id='word_1_112' title='bbox 1157 1563 1417 1630; x_wconf 90' lang='lat' dir='ltr'><strong>utrinque</strong></span> <span class='ocrx_word' id='word_1_113' title='bbox 1483 1559 1669 1622; x_wconf 91' lang='lat' dir='ltr'><strong>cedit,</strong></span> <span class='ocrx_word' id='word_1_114' title='bbox 1735 1565 1789 1612; x_wconf 91' lang='lat' dir='ltr'><strong>et</strong></span> <span class='ocrx_word' id='word_1_115' title='bbox 1844 1556 1971 1609; x_wconf 90' lang='lat' dir='ltr'><strong>hinc</strong></span> <span class='ocrx_word' id='word_1_116' title='bbox 2029 1561 2112 1607; x_wconf 83' lang='lat' dir='ltr'><strong>at-</strong></span> 
     </span>
    </p>
   </div>
   <div class='ocr_carea' id='block_1_16' title="bbox 541 1647 2110 1728">
    <p class='ocr_par' dir='ltr' id='par_1_16' title="bbox 541 1647 2110 1728">
     <span class='ocr_line' id='line_1_16' title="bbox 541 1647 2110 1728; baseline -0.01 -15"><span class='ocrx_word' id='word_1_117' title='bbox 541 1673 649 1728; x_wconf 91' lang='lat' dir='ltr'><strong>que</strong></span> <span class='ocrx_word' id='word_1_118' title='bbox 718 1658 898 1718; x_wconf 88' lang='lat' dir='ltr'><strong>illinc,</strong></span> <span class='ocrx_word' id='word_1_119' title='bbox 969 1663 1246 1723; x_wconf 89' lang='lat' dir='ltr'><strong>utcunque</strong></span> <span class='ocrx_word' id='word_1_120' title='bbox 1329 1658 1694 1710; x_wconf 82' lang='lat' dir='ltr'><strong>moveantur,</strong></span> <span class='ocrx_word' id='word_1_121' title='bbox 1767 1647 1834 1701; x_wconf 89' lang='lat' dir='ltr'><strong>ad</strong></span> <span class='ocrx_word' id='word_1_122' title='bbox 1920 1660 2110 1701; x_wconf 87' lang='lat' dir='ltr'><strong>earum</strong></span> 
     </span>
    </p>
   </div>
   <div class='ocr_carea' id='block_1_17' title="bbox 545 1737 2111 1817">
    <p class='ocr_par' dir='ltr' id='par_1_17' title="bbox 545 1737 2111 1817">
     <span class='ocr_line' id='line_1_17' title="bbox 545 1737 2111 1817; baseline -0.009 -15"><span class='ocrx_word' id='word_1_123' title='bbox 545 1747 968 1817; x_wconf 74' lang='lat' dir='ltr'><strong>magnitudinem</strong></span> <span class='ocrx_word' id='word_1_124' title='bbox 1033 1744 1394 1799; x_wconf 81' lang='lat' dir='ltr'><strong>circumcisus</strong></span> <span class='ocrx_word' id='word_1_125' title='bbox 1456 1755 1597 1810; x_wconf 89' lang='lat' dir='ltr'><strong>pone</strong></span> <span class='ocrx_word' id='word_1_126' title='bbox 1653 1739 1915 1793; x_wconf 78' lang='lat' dir='ltr'><strong>succedit.</strong></span> <span class='ocrx_word' id='word_1_127' title='bbox 1970 1737 2111 1801; x_wconf 84' lang='lat' dir='ltr'><strong>Quin</strong></span> 
     </span>
    </p>
   </div>
   <div class='ocr_carea' id='block_1_18' title="bbox 545 1807 2190 1900">
    <p class='ocr_par' dir='ltr' id='par_1_18' title="bbox 545 1807 2190 1900">
     <span class='ocr_line' id='line_1_18' title="bbox 545 1807 2190 1900; baseline -0.008 -10"><span class='ocrx_word' id='word_1_128' title='bbox 545 1807 708 1890; x_wconf 63' lang='lat' dir='ltr'><strong>etiam</strong></span> <span class='ocrx_word' id='word_1_129' title='bbox 780 1838 824 1891; x_wconf 95' lang='lat' dir='ltr'><strong>si</strong></span> <span class='ocrx_word' id='word_1_130' title='bbox 903 1836 1185 1889; x_wconf 88' lang='lat' dir='ltr'><strong>humidum</strong></span> <span class='ocrx_word' id='word_1_131' title='bbox 1251 1849 1317 1888; x_wconf 81' lang='lat' dir='ltr'><strong>ex</strong></span> <span class='ocrx_word' id='word_1_132' title='bbox 1383 1807 1691 1900; x_wconf 77' lang='lat' dir='ltr'><strong>ampliora,</strong></span> <span class='ocrx_word' id='word_1_133' title='bbox 1751 1807 2190 1897; x_wconf 83' lang='lat' dir='ltr'><strong>quodcunqueB</strong></span> 
     </span>
    </p>
   </div>
   <div class='ocr_carea' id='block_1_19' title="bbox 547 1915 2120 1988">
    <p class='ocr_par' dir='ltr' id='par_1_19' title="bbox 547 1915 2120 1988">
     <span class='ocr_line' id='line_1_19' title="bbox 547 1915 2120 1988; baseline -0.01 -7"><span class='ocrx_word' id='word_1_134' title='bbox 547 1928 603 1981; x_wconf 88' lang='lat' dir='ltr'><strong>in</strong></span> <span class='ocrx_word' id='word_1_135' title='bbox 663 1943 725 1982; x_wconf 84' lang='lat' dir='ltr'><strong>ea</strong></span> <span class='ocrx_word' id='word_1_136' title='bbox 776 1927 972 1988; x_wconf 90' lang='lat' dir='ltr'><strong>fuerit,</strong></span> <span class='ocrx_word' id='word_1_137' title='bbox 1028 1924 1371 1987; x_wconf 77' lang='lat' dir='ltr'><strong>effundatur,</strong></span> <span class='ocrx_word' id='word_1_138' title='bbox 1418 1936 1511 1976; x_wconf 84' lang='lat' dir='ltr'><strong>aer</strong></span> <span class='ocrx_word' id='word_1_139' title='bbox 1546 1926 1599 1974; x_wconf 87' lang='lat' dir='ltr'><strong>et</strong></span> <span class='ocrx_word' id='word_1_140' title='bbox 1645 1917 1874 1973; x_wconf 78' lang='lat' dir='ltr'><strong>elTusum</strong></span> <span class='ocrx_word' id='word_1_141' title='bbox 1915 1915 2120 1983; x_wconf 88' lang='lat' dir='ltr'><strong>ample-</strong></span> 
     </span>
    </p>
   </div>
   <div class='ocr_carea' id='block_1_20' title="bbox 548 2006 2124 2079">
    <p class='ocr_par' dir='ltr' id='par_1_20' title="bbox 548 2006 2124 2079">
     <span class='ocr_line' id='line_1_20' title="bbox 548 2006 2124 2079; baseline -0.009 -10"><span class='ocrx_word' id='word_1_142' title='bbox 548 2019 736 2079; x_wconf 71' lang='lat' dir='ltr'><strong>ctitur,</strong></span> <span class='ocrx_word' id='word_1_143' title='bbox 789 2025 843 2068; x_wconf 89' lang='lat' dir='ltr'><strong>et</strong></span> <span class='ocrx_word' id='word_1_144' title='bbox 890 2017 1034 2068; x_wconf 85' lang='lat' dir='ltr'><strong>ultro</strong></span> <span class='ocrx_word' id='word_1_145' title='bbox 1085 2015 1138 2067; x_wconf 92' lang='lat' dir='ltr'><strong>in</strong></span> <span class='ocrx_word' id='word_1_146' title='bbox 1185 2013 1474 2067; x_wconf 88' lang='lat' dir='ltr'><strong>interiores</strong></span> <span class='ocrx_word' id='word_1_147' title='bbox 1506 2008 1654 2063; x_wconf 84' lang='lat' dir='ltr'><strong>vasis</strong></span> <span class='ocrx_word' id='word_1_148' title='bbox 1705 2013 1890 2076; x_wconf 88' lang='lat' dir='ltr'><strong>partes</strong></span> <span class='ocrx_word' id='word_1_149' title='bbox 1944 2006 2124 2073; x_wconf 77' lang='lat' dir='ltr'><strong>ingre-</strong></span> 
     </span>
    </p>
   </div>
   <div class='ocr_carea' id='block_1_21' title="bbox 547 2094 2123 2171">
    <p class='ocr_par' dir='ltr' id='par_1_21' title="bbox 547 2094 2123 2171">
     <span class='ocr_line' id='line_1_21' title="bbox 547 2094 2123 2171; baseline -0.007 -13"><span class='ocrx_word' id='word_1_150' title='bbox 547 2106 704 2160; x_wconf 90' lang='lat' dir='ltr'><strong>diens</strong></span> <span class='ocrx_word' id='word_1_151' title='bbox 757 2120 986 2159; x_wconf 91' lang='lat' dir='ltr'><strong>vacuum</strong></span> <span class='ocrx_word' id='word_1_152' title='bbox 1031 2111 1280 2171; x_wconf 86' lang='lat' dir='ltr'><strong>occupat.</strong></span> <span class='ocrx_word' id='word_1_153' title='bbox 1338 2100 1432 2155; x_wconf 84' lang='lat' dir='ltr'><strong>His</strong></span> <span class='ocrx_word' id='word_1_154' title='bbox 1476 2107 1530 2153; x_wconf 90' lang='lat' dir='ltr'><strong>et</strong></span> <span class='ocrx_word' id='word_1_155' title='bbox 1579 2097 1701 2150; x_wconf 89' lang='lat' dir='ltr'><strong>aliis</strong></span> <span class='ocrx_word' id='word_1_156' title='bbox 1755 2094 2123 2150; x_wconf 89' lang='lat' dir='ltr'><strong>innumerabi-</strong></span> 
     </span>
    </p>
   </div>
   <div class='ocr_carea' id='block_1_22' title="bbox 549 2184 2124 2264">
    <p class='ocr_par' dir='ltr' id='par_1_22' title="bbox 549 2184 2124 2264">
     <span class='ocr_line' id='line_1_22' title="bbox 549 2184 2124 2264; baseline -0.006 -17"><span class='ocrx_word' id='word_1_157' title='bbox 549 2196 692 2248; x_wconf 85' lang='lat' dir='ltr'><strong>libus</strong></span> <span class='ocrx_word' id='word_1_158' title='bbox 711 2195 1046 2264; x_wconf 85' lang='lat' dir='ltr'><strong>argumentis</strong></span> <span class='ocrx_word' id='word_1_159' title='bbox 1066 2195 1208 2248; x_wconf 87' lang='lat' dir='ltr'><strong>aeris</strong></span> <span class='ocrx_word' id='word_1_160' title='bbox 1231 2201 1425 2246; x_wconf 90' lang='lat' dir='ltr'><strong>natura</strong></span> <span class='ocrx_word' id='word_1_161' title='bbox 1450 2189 1652 2251; x_wconf 90' lang='lat' dir='ltr'><strong>mollis,</strong></span> <span class='ocrx_word' id='word_1_162' title='bbox 1672 2197 1725 2242; x_wconf 90' lang='lat' dir='ltr'><strong>et</strong></span> <span class='ocrx_word' id='word_1_163' title='bbox 1747 2186 1903 2241; x_wconf 88' lang='lat' dir='ltr'><strong>facile</strong></span> <span class='ocrx_word' id='word_1_164' title='bbox 1923 2184 2124 2239; x_wconf 90' lang='lat' dir='ltr'><strong>cedens</strong></span> 
     </span>
    </p>
   </div>
   <div class='ocr_carea' id='block_1_23' title="bbox 547 2274 2125 2351">
    <p class='ocr_par' dir='ltr' id='par_1_23' title="bbox 547 2274 2125 2351">
     <span class='ocr_line' id='line_1_23' title="bbox 547 2274 2125 2351; baseline -0.008 -12"><span class='ocrx_word' id='word_1_165' title='bbox 547 2287 874 2340; x_wconf 87' lang='lat' dir='ltr'><strong>ostenditur.</strong></span> <span class='ocrx_word' id='word_1_166' title='bbox 900 2285 1080 2351; x_wconf 84' lang='lat' dir='ltr'><strong>Quare</strong></span> <span class='ocrx_word' id='word_1_167' title='bbox 1113 2300 1235 2338; x_wconf 88' lang='lat' dir='ltr'><strong>cum</strong></span> <span class='ocrx_word' id='word_1_168' title='bbox 1271 2284 1323 2336; x_wconf 91' lang='lat' dir='ltr'><strong>in</strong></span> <span class='ocrx_word' id='word_1_169' title='bbox 1349 2297 1415 2336; x_wconf 88' lang='lat' dir='ltr'><strong>eo</strong></span> <span class='ocrx_word' id='word_1_170' title='bbox 1445 2287 1692 2335; x_wconf 85' lang='lat' dir='ltr'><strong>versetur</strong></span> <span class='ocrx_word' id='word_1_171' title='bbox 1729 2277 2006 2330; x_wconf 87' lang='lat' dir='ltr'><strong>hominum</strong></span> <span class='ocrx_word' id='word_1_172' title='bbox 2045 2274 2125 2328; x_wconf 88' lang='lat' dir='ltr'><strong>vi-</strong></span> 
     </span>
    </p>
   </div>
   <div class='ocr_carea' id='block_1_24' title="bbox 548 2370 2117 2444">
    <p class='ocr_par' dir='ltr' id='par_1_24' title="bbox 548 2370 2117 2444">
     <span class='ocr_line' id='line_1_24' title="bbox 548 2370 2117 2444; baseline -0.007 -14"><span class='ocrx_word' id='word_1_173' title='bbox 548 2387 624 2438; x_wconf 84' lang='lat' dir='ltr'><strong>ta,</strong></span> <span class='ocrx_word' id='word_1_174' title='bbox 650 2391 883 2443; x_wconf 89' lang='lat' dir='ltr'><strong>cumque</strong></span> <span class='ocrx_word' id='word_1_175' title='bbox 911 2377 1091 2430; x_wconf 91' lang='lat' dir='ltr'><strong>omnis</strong></span> <span class='ocrx_word' id='word_1_176' title='bbox 1124 2389 1292 2444; x_wconf 90' lang='lat' dir='ltr'><strong>prope</strong></span> <span class='ocrx_word' id='word_1_177' title='bbox 1327 2371 1542 2427; x_wconf 76' lang='lat' dir='ltr'><strong>vivendi</strong></span> <span class='ocrx_word' id='word_1_178' title='bbox 1599 2370 1851 2431; x_wconf 88' lang='lat' dir='ltr'><strong>facultas,</strong></span> <span class='ocrx_word' id='word_1_179' title='bbox 1904 2375 1958 2422; x_wconf 86' lang='lat' dir='ltr'><strong>et</strong></span> <span class='ocrx_word' id='word_1_180' title='bbox 1998 2382 2117 2420; x_wconf 87' lang='lat' dir='ltr'><strong>sen-</strong></span> 
     </span>
    </p>
   </div>
   <div class='ocr_carea' id='block_1_25' title="bbox 550 2459 2118 2528">
    <p class='ocr_par' dir='ltr' id='par_1_25' title="bbox 550 2459 2118 2528">
     <span class='ocr_line' id='line_1_25' title="bbox 550 2459 2118 2528; baseline -0.007 -8"><span class='ocrx_word' id='word_1_181' title='bbox 550 2482 711 2520; x_wconf 81' lang='lat' dir='ltr'><strong>suum</strong></span> <span class='ocrx_word' id='word_1_182' title='bbox 746 2467 888 2520; x_wconf 92' lang='lat' dir='ltr'><strong>actio</strong></span> <span class='ocrx_word' id='word_1_183' title='bbox 925 2467 978 2519; x_wconf 88' lang='lat' dir='ltr'><strong>in</strong></span> <span class='ocrx_word' id='word_1_184' title='bbox 1020 2481 1145 2520; x_wconf 89' lang='lat' dir='ltr'><strong>aere</strong></span> <span class='ocrx_word' id='word_1_185' title='bbox 1176 2466 1281 2518; x_wconf 90' lang='lat' dir='ltr'><strong>vim</strong></span> <span class='ocrx_word' id='word_1_186' title='bbox 1321 2479 1476 2518; x_wconf 88' lang='lat' dir='ltr'><strong>suam</strong></span> <span class='ocrx_word' id='word_1_187' title='bbox 1517 2463 1799 2523; x_wconf 87' lang='lat' dir='ltr'><strong>obtineat;</strong></span> <span class='ocrx_word' id='word_1_188' title='bbox 1846 2459 2118 2528; x_wconf 82' lang='lat' dir='ltr'><strong>siquidem</strong></span> 
     </span>
    </p>
   </div>
   <div class='ocr_carea' id='block_1_26' title="bbox 552 2547 2123 2628">
    <p class='ocr_par' dir='ltr' id='par_1_26' title="bbox 552 2547 2123 2628">
     <span class='ocr_line' id='line_1_26' title="bbox 552 2547 2123 2628; baseline -0.008 -16"><span class='ocrx_word' id='word_1_189' title='bbox 552 2575 646 2628; x_wconf 87' lang='lat' dir='ltr'><strong>per</strong></span> <span class='ocrx_word' id='word_1_190' title='bbox 680 2559 855 2626; x_wconf 90' lang='lat' dir='ltr'><strong>ipsum</strong></span> <span class='ocrx_word' id='word_1_191' title='bbox 879 2558 1145 2627; x_wconf 68' lang='lat' dir='ltr'><strong>videmus,</strong></span> <span class='ocrx_word' id='word_1_192' title='bbox 1197 2556 1471 2618; x_wconf 89' lang='lat' dir='ltr'><strong>audimus,</strong></span> <span class='ocrx_word' id='word_1_193' title='bbox 1531 2554 1850 2613; x_wconf 89' lang='lat' dir='ltr'><strong>odoramur,</strong></span> <span class='ocrx_word' id='word_1_194' title='bbox 1906 2557 1961 2604; x_wconf 91' lang='lat' dir='ltr'><strong>et</strong></span> <span class='ocrx_word' id='word_1_195' title='bbox 2003 2547 2123 2601; x_wconf 88' lang='lat' dir='ltr'><strong>ani—</strong></span> 
     </span>
    </p>
   </div>
   <div class='ocr_carea' id='block_1_27' title="bbox 549 2639 2123 2717">
    <p class='ocr_par' dir='ltr' id='par_1_27' title="bbox 549 2639 2123 2717">
     <span class='ocr_line' id='line_1_27' title="bbox 549 2639 2123 2717; baseline -0.008 -15"><span class='ocrx_word' id='word_1_196' title='bbox 549 2665 694 2702; x_wconf 89' lang='lat' dir='ltr'><strong>mam</strong></span> <span class='ocrx_word' id='word_1_197' title='bbox 733 2649 1006 2711; x_wconf 87' lang='lat' dir='ltr'><strong>ducimus,</strong></span> <span class='ocrx_word' id='word_1_198' title='bbox 1035 2648 1178 2717; x_wconf 90' lang='lat' dir='ltr'><strong>quod</strong></span> <span class='ocrx_word' id='word_1_199' title='bbox 1200 2648 1320 2700; x_wconf 69' lang='lat' dir='ltr'><strong>vitae</strong></span> <span class='ocrx_word' id='word_1_200' title='bbox 1355 2660 1553 2699; x_wconf 89' lang='lat' dir='ltr'><strong>munus</strong></span> <span class='ocrx_word' id='word_1_201' title='bbox 1587 2644 1821 2696; x_wconf 85' lang='lat' dir='ltr'><strong>maxime</strong></span> <span class='ocrx_word' id='word_1_202' title='bbox 1846 2639 2123 2710; x_wconf 86' lang='lat' dir='ltr'><strong>proprium</strong></span> 
     </span>
    </p>
   </div>
   <div class='ocr_carea' id='block_1_28' title="bbox 551 2728 2126 2806">
    <p class='ocr_par' dir='ltr' id='par_1_28' title="bbox 551 2728 2126 2806">
     <span class='ocr_line' id='line_1_28' title="bbox 551 2728 2126 2806; baseline -0.008 -14"><span class='ocrx_word' id='word_1_203' title='bbox 551 2754 614 2792; x_wconf 87' lang='lat' dir='ltr'><strong>ac</strong></span> <span class='ocrx_word' id='word_1_204' title='bbox 657 2740 1024 2795; x_wconf 86' lang='lat' dir='ltr'><strong>necessarium</strong></span> <span class='ocrx_word' id='word_1_205' title='bbox 1052 2746 1155 2802; x_wconf 89' lang='lat' dir='ltr'><strong>est;</strong></span> <span class='ocrx_word' id='word_1_206' title='bbox 1187 2737 1277 2806; x_wconf 90' lang='lat' dir='ltr'><strong>qui</strong></span> <span class='ocrx_word' id='word_1_207' title='bbox 1310 2737 1453 2790; x_wconf 90' lang='lat' dir='ltr'><strong>enim</strong></span> <span class='ocrx_word' id='word_1_208' title='bbox 1485 2733 1815 2804; x_wconf 87' lang='lat' dir='ltr'><strong>respirandi,</strong></span> <span class='ocrx_word' id='word_1_209' title='bbox 1864 2731 2006 2785; x_wconf 90' lang='lat' dir='ltr'><strong>idem</strong></span> <span class='ocrx_word' id='word_1_210' title='bbox 2047 2728 2126 2781; x_wconf 82' lang='lat' dir='ltr'><strong>si-</strong></span> 
     </span>
    </p>
   </div>
   <div class='ocr_carea' id='block_1_29' title="bbox 553 2821 2126 2890">
    <p class='ocr_par' dir='ltr' id='par_1_29' title="bbox 553 2821 2126 2890">
     <span class='ocr_line' id='line_1_29' title="bbox 553 2821 2126 2890; baseline -0.007 -7"><span class='ocrx_word' id='word_1_211' title='bbox 553 2831 665 2884; x_wconf 86' lang='lat' dir='ltr'><strong>mul</strong></span> <span class='ocrx_word' id='word_1_212' title='bbox 703 2831 827 2885; x_wconf 88' lang='lat' dir='ltr'><strong>fecit</strong></span> <span class='ocrx_word' id='word_1_213' title='bbox 853 2831 1017 2883; x_wconf 87' lang='lat' dir='ltr'><strong>etiam</strong></span> <span class='ocrx_word' id='word_1_214' title='bbox 1048 2829 1262 2883; x_wconf 77' lang='lat' dir='ltr'><strong>vivendi</strong></span> <span class='ocrx_word' id='word_1_215' title='bbox 1303 2829 1460 2882; x_wconf 85' lang='lat' dir='ltr'><strong>finem</strong></span> <span class='ocrx_word' id='word_1_216' title='bbox 1498 2842 1510 2877; x_wconf 91' lang='lat'>:</span> <span class='ocrx_word' id='word_1_217' title='bbox 1545 2825 1752 2879; x_wconf 82' lang='lat' dir='ltr'><strong>idcirco</strong></span> <span class='ocrx_word' id='word_1_218' title='bbox 1786 2821 2126 2890; x_wconf 85' lang='lat' dir='ltr'><strong>sapientissi-</strong></span> 
     </span>
    </p>
   </div>
   <div class='ocr_carea' id='block_1_30' title="bbox 554 2911 2126 2986">
    <p class='ocr_par' dir='ltr' id='par_1_30' title="bbox 554 2911 2126 2986">
     <span class='ocr_line' id='line_1_30' title="bbox 554 2911 2126 2986; baseline -0.005 -12"><span class='ocrx_word' id='word_1_219' title='bbox 554 2935 678 2976; x_wconf 85' lang='lat' dir='ltr'><strong>mus</strong></span> <span class='ocrx_word' id='word_1_220' title='bbox 696 2920 870 2976; x_wconf 82' lang='lat' dir='ltr'><strong>Moses</strong></span> <span class='ocrx_word' id='word_1_221' title='bbox 898 2921 1046 2974; x_wconf 87' lang='lat' dir='ltr'><strong>illum</strong></span> <span class='ocrx_word' id='word_1_222' title='bbox 1077 2927 1136 2972; x_wconf 90' lang='lat' dir='ltr'><strong>ut</strong></span> <span class='ocrx_word' id='word_1_223' title='bbox 1163 2925 1452 2986; x_wconf 81' lang='lat' dir='ltr'><strong>cognatum</strong></span> <span class='ocrx_word' id='word_1_224' title='bbox 1481 2915 1944 2985; x_wconf 81' lang='lat' dir='ltr'><strong>conjunctumque</strong></span> <span class='ocrx_word' id='word_1_225' title='bbox 1969 2911 2126 2966; x_wconf 90' lang='lat' dir='ltr'><strong>nobis</strong></span> 
     </span>
    </p>
   </div>
   <div class='ocr_carea' id='block_1_31' title="bbox 554 3005 2124 3081">
    <p class='ocr_par' dir='ltr' id='par_1_31' title="bbox 554 3005 2124 3081">
     <span class='ocr_line' id='line_1_31' title="bbox 554 3005 2124 3081; baseline -0.005 -18"><span class='ocrx_word' id='word_1_226' title='bbox 554 3012 905 3074; x_wconf 84' lang='lat' dir='ltr'><strong>elementum,</strong></span> <span class='ocrx_word' id='word_1_227' title='bbox 944 3011 996 3065; x_wconf 90' lang='lat' dir='ltr'><strong>in</strong></span> <span class='ocrx_word' id='word_1_228' title='bbox 1031 3027 1140 3081; x_wconf 90' lang='lat' dir='ltr'><strong>quo</strong></span> <span class='ocrx_word' id='word_1_229' title='bbox 1173 3012 1242 3066; x_wconf 88' lang='lat' dir='ltr'><strong>ab</strong></span> <span class='ocrx_word' id='word_1_230' title='bbox 1271 3013 1390 3080; x_wconf 89' lang='lat' dir='ltr'><strong>ipso</strong></span> <span class='ocrx_word' id='word_1_231' title='bbox 1414 3009 1596 3063; x_wconf 90' lang='lat' dir='ltr'><strong>statim</strong></span> <span class='ocrx_word' id='word_1_232' title='bbox 1627 3015 1750 3060; x_wconf 83' lang='lat' dir='ltr'><strong>ortu</strong></span> <span class='ocrx_word' id='word_1_233' title='bbox 1793 3005 2124 3065; x_wconf 88' lang='lat' dir='ltr'><strong>euutrimur,</strong></span> 
     </span>
    </p>
   </div>
   <div class='ocr_carea' id='block_1_32' title="bbox 2205 554 3772 636">
    <p class='ocr_par' dir='ltr' id='par_1_32' title="bbox 2205 554 3772 636">
     <span class='ocr_line' id='line_1_32' title="bbox 2205 554 3772 636; baseline -0.008 -16"><span class='ocrx_word' id='word_1_234' title='bbox 2205 569 2302 636; x_wconf 82' lang='grc' dir='ltr'><strong>οὐχ</strong></span> <span class='ocrx_word' id='word_1_235' title='bbox 2343 567 2420 629; x_wconf 87' lang='grc' dir='ltr'>ὼς</span> <span class='ocrx_word' id='word_1_236' title='bbox 2453 564 2616 636; x_wconf 83' lang='grc' dir='ltr'>μηδὲν</span> <span class='ocrx_word' id='word_1_237' title='bbox 2662 561 3079 633; x_wconf 80' lang='grc' dir='ltr'>συνεισφέροντα</span> <span class='ocrx_word' id='word_1_238' title='bbox 3123 557 3259 630; x_wconf 75' lang='grc' dir='ltr'>πρὸς</span> <span class='ocrx_word' id='word_1_239' title='bbox 3300 557 3399 626; x_wconf 82' lang='grc' dir='ltr'><strong>τὴν</strong></span> <span class='ocrx_word' id='word_1_240' title='bbox 3432 555 3525 608; x_wconf 76' lang='grc' dir='ltr'>τοῦ</span> <span class='ocrx_word' id='word_1_241' title='bbox 3565 554 3772 626; x_wconf 82' lang='grc' dir='ltr'><strong>κόσμου</strong></span> 
     </span>
    </p>
   </div>
   <div class='ocr_carea' id='block_1_33' title="bbox 2208 645 3774 724">
    <p class='ocr_par' dir='ltr' id='par_1_33' title="bbox 2208 645 3774 724">
     <span class='ocr_line' id='line_1_33' title="bbox 2208 645 3774 724; baseline -0.009 -13"><span class='ocrx_word' id='word_1_242' title='bbox 2208 657 2407 719; x_wconf 82' lang='grc' dir='ltr'>παντὸς</span> <span class='ocrx_word' id='word_1_243' title='bbox 2434 653 2841 724; x_wconf 83' lang='grc' dir='ltr'><strong>συμπλήρωσιν,</strong></span> <span class='ocrx_word' id='word_1_244' title='bbox 2863 649 2982 704; x_wconf 77' lang='grc' dir='ltr'>οὐδὲ</span> <span class='ocrx_word' id='word_1_245' title='bbox 3007 649 3082 712; x_wconf 87' lang='grc' dir='ltr'>ὡς</span> <span class='ocrx_word' id='word_1_246' title='bbox 3103 645 3534 718; x_wconf 77' lang='grc' dir='ltr'><strong>ἀποκεκριμένον</strong></span> <span class='ocrx_word' id='word_1_247' title='bbox 3548 645 3642 715; x_wconf 85' lang='grc' dir='ltr'>τῆς</span> <span class='ocrx_word' id='word_1_248' title='bbox 3661 653 3774 697; x_wconf 82' lang='grc' dir='ltr'>τῶν</span> 
     </span>
    </p>
   </div>
   <div class='ocr_carea' id='block_1_34' title="bbox 2211 733 3774 817">
    <p class='ocr_par' dir='ltr' id='par_1_34' title="bbox 2211 733 3774 817">
     <span class='ocr_line' id='line_1_34' title="bbox 2211 733 3774 817; baseline -0.01 -16"><span class='ocrx_word' id='word_1_249' title='bbox 2211 747 2486 817; x_wconf 80' lang='grc' dir='ltr'>στοιχείων</span> <span class='ocrx_word' id='word_1_250' title='bbox 2523 745 2800 815; x_wconf 86' lang='grc' dir='ltr'>δυνάμεως</span> <span class='ocrx_word' id='word_1_251' title='bbox 2821 783 2836 807; x_wconf 90' lang='grc'><strong>,</strong></span> <span class='ocrx_word' id='word_1_252' title='bbox 2873 741 3009 794; x_wconf 83' lang='grc' dir='ltr'><strong>ἀλλά</strong></span> <span class='ocrx_word' id='word_1_253' title='bbox 3047 740 3190 809; x_wconf 87' lang='grc' dir='ltr'>τάχα</span> <span class='ocrx_word' id='word_1_254' title='bbox 3215 738 3297 792; x_wconf 83' lang='grc' dir='ltr'>ὅτι</span> <span class='ocrx_word' id='word_1_255' title='bbox 3342 735 3419 807; x_wconf 82' lang='grc' dir='ltr'>τῷ</span> <span class='ocrx_word' id='word_1_256' title='bbox 3453 733 3678 806; x_wconf 82' lang='grc' dir='ltr'><strong>μαλακῷ</strong></span> <span class='ocrx_word' id='word_1_257' title='bbox 3711 751 3774 786; x_wconf 87' lang='grc' dir='ltr'><strong>τε</strong></span> 
     </span>
    </p>
   </div>
   <div class='ocr_carea' id='block_1_35' title="bbox 2211 824 3776 906">
    <p class='ocr_par' dir='ltr' id='par_1_35' title="bbox 2211 824 3776 906">
     <span class='ocr_line' id='line_1_35' title="bbox 2211 824 3776 906; baseline -0.01 -15"><span class='ocrx_word' id='word_1_258' title='bbox 2211 839 2305 891; x_wconf 67' lang='grc' dir='ltr'><strong>καὶ</strong></span> <span class='ocrx_word' id='word_1_259' title='bbox 2325 837 2552 906; x_wconf 83' lang='grc' dir='ltr'>εύείκτῳ</span> <span class='ocrx_word' id='word_1_260' title='bbox 2575 836 2674 905; x_wconf 81' lang='grc' dir='ltr'>τῆς</span> <span class='ocrx_word' id='word_1_261' title='bbox 2699 833 2913 903; x_wconf 80' lang='grc' dir='ltr'>φύσεως</span> <span class='ocrx_word' id='word_1_262' title='bbox 2942 832 3174 885; x_wconf 83' lang='grc' dir='ltr'>ἑκάστου</span> <span class='ocrx_word' id='word_1_263' title='bbox 3201 828 3309 882; x_wconf 87' lang='grc' dir='ltr'><strong>τῶν</strong></span> <span class='ocrx_word' id='word_1_264' title='bbox 3341 827 3510 880; x_wconf 73' lang='grc' dir='ltr'>ὄντων</span> <span class='ocrx_word' id='word_1_265' title='bbox 3528 824 3776 887; x_wconf 85' lang='grc' dir='ltr'>δεκτικός</span> 
     </span>
    </p>
   </div>
   <div class='ocr_carea' id='block_1_36' title="bbox 2211 914 3778 997">
    <p class='ocr_par' dir='ltr' id='par_1_36' title="bbox 2211 914 3778 997">
     <span class='ocr_line' id='line_1_36' title="bbox 2211 914 3778 997; baseline -0.009 -15"><span class='ocrx_word' id='word_1_266' title='bbox 2211 931 2357 982; x_wconf 77' lang='grc' dir='ltr'>ἐστιν</span> <span class='ocrx_word' id='word_1_267' title='bbox 2398 930 2425 981; x_wconf 99' lang='lat'><strong>6</strong></span> <span class='ocrx_word' id='word_1_268' title='bbox 2457 927 2583 997; x_wconf 79' lang='grc' dir='ltr'>ἀὴρ,</span> <span class='ocrx_word' id='word_1_269' title='bbox 2613 927 2670 980; x_wconf 79' lang='grc' dir='ltr'>ὲν</span> <span class='ocrx_word' id='word_1_270' title='bbox 2699 924 2875 994; x_wconf 80' lang='grc' dir='ltr'>ἑαυτῷ</span> <span class='ocrx_word' id='word_1_271' title='bbox 2906 922 3165 976; x_wconf 86' lang='grc' dir='ltr'>δεικνύων</span> <span class='ocrx_word' id='word_1_272' title='bbox 3202 919 3270 974; x_wconf 83' lang='grc' dir='ltr'>τὰ</span> <span class='ocrx_word' id='word_1_273' title='bbox 3296 919 3443 981; x_wconf 77' lang='grc' dir='ltr'>ὄντα,</span> <span class='ocrx_word' id='word_1_274' title='bbox 3479 917 3540 969; x_wconf 81' lang='grc' dir='ltr'><strong>οὐ</strong></span> <span class='ocrx_word' id='word_1_275' title='bbox 3577 914 3778 985; x_wconf 85' lang='grc' dir='ltr'>χρῶμα</span> 
     </span>
    </p>
   </div>
   <div class='ocr_carea' id='block_1_37' title="bbox 2211 1004 3779 1089">
    <p class='ocr_par' dir='ltr' id='par_1_37' title="bbox 2211 1004 3779 1089">
     <span class='ocr_line' id='line_1_37' title="bbox 2211 1004 3779 1089; baseline -0.011 -16"><span class='ocrx_word' id='word_1_276' title='bbox 2211 1021 2341 1074; x_wconf 84' lang='grc' dir='ltr'>ῐδιον</span> <span class='ocrx_word' id='word_1_277' title='bbox 2370 1020 2527 1089; x_wconf 78' lang='grc' dir='ltr'>ἔχων,</span> <span class='ocrx_word' id='word_1_278' title='bbox 2554 1017 2616 1070; x_wconf 81' lang='grc' dir='ltr'><strong>οὐ</strong></span> <span class='ocrx_word' id='word_1_279' title='bbox 2659 1016 2864 1086; x_wconf 84' lang='grc' dir='ltr'>σχῆμα,</span> <span class='ocrx_word' id='word_1_280' title='bbox 2893 1017 2994 1068; x_wconf 85' lang='grc' dir='ltr'><strong>οὐκ</strong></span> <span class='ocrx_word' id='word_1_281' title='bbox 3017 1011 3356 1080; x_wconf 79' lang='grc' dir='ltr'>ἐπιφάνειαν,</span> <span class='ocrx_word' id='word_1_282' title='bbox 3388 1005 3527 1061; x_wconf 83' lang='grc' dir='ltr'>ἀλλὰ</span> <span class='ocrx_word' id='word_1_283' title='bbox 3547 1009 3656 1067; x_wconf 82' lang='grc' dir='ltr'>τοῖς</span> <span class='ocrx_word' id='word_1_284' title='bbox 3681 1004 3779 1057; x_wconf 83' lang='grc' dir='ltr'>άλ-</span> 
     </span>
    </p>
   </div>
   <div class='ocr_carea' id='block_1_38' title="bbox 2211 1096 3778 1183">
    <p class='ocr_par' dir='ltr' id='par_1_38' title="bbox 2211 1096 3778 1183">
     <span class='ocr_line' id='line_1_38' title="bbox 2211 1096 3778 1183; baseline -0.009 -19"><span class='ocrx_word' id='word_1_285' title='bbox 2211 1110 2444 1183; x_wconf 86' lang='grc' dir='ltr'>λοτρίοις</span> <span class='ocrx_word' id='word_1_286' title='bbox 2494 1107 2748 1179; x_wconf 85' lang='grc' dir='ltr'>χρώμασί</span> <span class='ocrx_word' id='word_1_287' title='bbox 2793 1123 2852 1159; x_wconf 88' lang='grc' dir='ltr'><strong>τε</strong></span> <span class='ocrx_word' id='word_1_288' title='bbox 2889 1105 2984 1159; x_wconf 73' lang='grc' dir='ltr'><strong>καὶ</strong></span> <span class='ocrx_word' id='word_1_289' title='bbox 3031 1106 3272 1174; x_wconf 79' lang='grc' dir='ltr'>σχήμασι</span> <span class='ocrx_word' id='word_1_290' title='bbox 3321 1096 3778 1170; x_wconf 83' lang='grc' dir='ltr'>περιμορφοῦται.</span> 
     </span>
    </p>
   </div>
   <div class='ocr_carea' id='block_1_39' title="bbox 2213 1183 3782 1269">
    <p class='ocr_par' dir='ltr' id='par_1_39' title="bbox 2213 1183 3782 1269">
     <span class='ocr_line' id='line_1_39' title="bbox 2213 1183 3782 1269; baseline -0.01 -17"><span class='ocrx_word' id='word_1_291' title='bbox 2213 1199 2564 1269; x_wconf 68' lang='grc' dir='ltr'>Λαμπρόςίτε</span> <span class='ocrx_word' id='word_1_292' title='bbox 2593 1196 2699 1268; x_wconf 84' lang='grc' dir='ltr'>γὰρ</span> <span class='ocrx_word' id='word_1_293' title='bbox 2724 1195 2929 1264; x_wconf 88' lang='grc' dir='ltr'>γίνεται</span> <span class='ocrx_word' id='word_1_294' title='bbox 2957 1195 3022 1263; x_wconf 75' lang='grc' dir='ltr'>τῇ</span> <span class='ocrx_word' id='word_1_295' title='bbox 3049 1191 3144 1244; x_wconf 80' lang='grc' dir='ltr'><strong>τοῦ</strong></span> <span class='ocrx_word' id='word_1_296' title='bbox 3169 1190 3343 1259; x_wconf 79' lang='grc' dir='ltr'>φωτὸς</span> <span class='ocrx_word' id='word_1_297' title='bbox 3372 1185 3655 1255; x_wconf 69' lang='grc' dir='ltr'>ἐλλάμψει,</span> <span class='ocrx_word' id='word_1_298' title='bbox 3684 1183 3782 1237; x_wconf 82' lang='grc' dir='ltr'>καὶ</span> 
     </span>
    </p>
   </div>
   <div class='ocr_carea' id='block_1_40' title="bbox 2216 1275 3780 1360">
    <p class='ocr_par' dir='ltr' id='par_1_40' title="bbox 2216 1275 3780 1360">
     <span class='ocr_line' id='line_1_40' title="bbox 2216 1275 3780 1360; baseline -0.011 -17"><span class='ocrx_word' id='word_1_299' title='bbox 2216 1291 2376 1345; x_wconf 86' lang='grc' dir='ltr'>πάλιν</span> <span class='ocrx_word' id='word_1_300' title='bbox 2405 1289 2716 1360; x_wconf 77' lang='grc' dir='ltr'>μελαίνεται</span> <span class='ocrx_word' id='word_1_301' title='bbox 2748 1283 3134 1354; x_wconf 73' lang='grc' dir='ltr'>σκιαζόμενοςο</span> <span class='ocrx_word' id='word_1_302' title='bbox 3170 1282 3331 1343; x_wconf 80' lang='grc' dir='ltr'>αὐτὸς</span> <span class='ocrx_word' id='word_1_303' title='bbox 3361 1279 3417 1332; x_wconf 84' lang='grc' dir='ltr'>δὲ</span> <span class='ocrx_word' id='word_1_304' title='bbox 3445 1277 3565 1331; x_wconf 83' lang='grc' dir='ltr'>καθ’</span> <span class='ocrx_word' id='word_1_305' title='bbox 3589 1275 3780 1328; x_wconf 80' lang='grc' dir='ltr'>ἑαυτὸν</span> 
     </span>
    </p>
   </div>
   <div class='ocr_carea' id='block_1_41' title="bbox 2216 1370 3784 1451">
    <p class='ocr_par' dir='ltr' id='par_1_41' title="bbox 2216 1370 3784 1451">
     <span class='ocr_line' id='line_1_41' title="bbox 2216 1370 3784 1451; baseline -0.012 -16"><span class='ocrx_word' id='word_1_306' title='bbox 2216 1381 2337 1436; x_wconf 75' lang='grc' dir='ltr'>οὔτε</span> <span class='ocrx_word' id='word_1_307' title='bbox 2359 1379 2607 1451; x_wconf 73' lang='grc' dir='ltr'>λαμπρὸς</span> <span class='ocrx_word' id='word_1_308' title='bbox 2626 1378 2750 1431; x_wconf 73' lang='grc' dir='ltr'>οὔτε</span> <span class='ocrx_word' id='word_1_309' title='bbox 2775 1376 2941 1447; x_wconf 81' lang='grc' dir='ltr'>μέλας</span> <span class='ocrx_word' id='word_1_310' title='bbox 2967 1373 3276 1428; x_wconf 78' lang='grc' dir='ltr'>έστί·παντὶ</span> <span class='ocrx_word' id='word_1_311' title='bbox 3303 1370 3359 1424; x_wconf 78' lang='grc' dir='ltr'>δὲ</span> <span class='ocrx_word' id='word_1_312' title='bbox 3375 1371 3608 1439; x_wconf 87' lang='grc' dir='ltr'>σχήματι</span> <span class='ocrx_word' id='word_1_313' title='bbox 3633 1383 3784 1436; x_wconf 88' lang='grc' dir='ltr'>περι-</span> 
     </span>
    </p>
   </div>
   <div class='ocr_carea' id='block_1_42' title="bbox 2217 1459 3781 1543">
    <p class='ocr_par' dir='ltr' id='par_1_42' title="bbox 2217 1459 3781 1543">
     <span class='ocr_line' id='line_1_42' title="bbox 2217 1459 3781 1543; baseline -0.012 -16"><span class='ocrx_word' id='word_1_314' title='bbox 2217 1472 2528 1543; x_wconf 73' lang='grc' dir='ltr'>φύεται,καὶ</span> <span class='ocrx_word' id='word_1_315' title='bbox 2543 1471 2645 1523; x_wconf 77' lang='grc' dir='ltr'>ὑπὸ</span> <span class='ocrx_word' id='word_1_316' title='bbox 2662 1469 2840 1538; x_wconf 73' lang='grc' dir='ltr'>πάσης</span> <span class='ocrx_word' id='word_1_317' title='bbox 2852 1466 3154 1538; x_wconf 85' lang='grc' dir='ltr'>χρωμάτων</span> <span class='ocrx_word' id='word_1_318' title='bbox 3169 1463 3307 1524; x_wconf 76' lang='grc' dir='ltr'>ἰδέας</span> <span class='ocrx_word' id='word_1_319' title='bbox 3317 1459 3781 1530; x_wconf 83' lang='grc' dir='ltr'>καταχρώννυται,</span> 
     </span>
    </p>
   </div>
   <div class='ocr_carea' id='block_1_43' title="bbox 2218 1551 3785 1634">
    <p class='ocr_par' dir='ltr' id='par_1_43' title="bbox 2218 1551 3785 1634">
     <span class='ocr_line' id='line_1_43' title="bbox 2218 1551 3785 1634; baseline -0.013 -16"><span class='ocrx_word' id='word_1_320' title='bbox 2218 1566 2309 1618; x_wconf 79' lang='grc' dir='ltr'><strong>καὶ</strong></span> <span class='ocrx_word' id='word_1_321' title='bbox 2336 1563 2467 1634; x_wconf 79' lang='grc' dir='ltr'>πρὸς</span> <span class='ocrx_word' id='word_1_322' title='bbox 2486 1563 2664 1615; x_wconf 76' lang='grc' dir='ltr'>πᾶσαν</span> <span class='ocrx_word' id='word_1_323' title='bbox 2687 1561 2895 1629; x_wconf 81' lang='grc' dir='ltr'>κίνησιν</span> <span class='ocrx_word' id='word_1_324' title='bbox 2911 1557 3018 1610; x_wconf 83' lang='grc' dir='ltr'><strong>τῶν</strong></span> <span class='ocrx_word' id='word_1_325' title='bbox 3033 1557 3091 1608; x_wconf 84' lang='grc' dir='ltr'><strong>έν</strong></span> <span class='ocrx_word' id='word_1_326' title='bbox 3111 1554 3254 1623; x_wconf 81' lang='grc' dir='ltr'>αὐτῷ</span> <span class='ocrx_word' id='word_1_327' title='bbox 3270 1551 3581 1623; x_wconf 82' lang='grc' dir='ltr'>φερομένων</span> <span class='ocrx_word' id='word_1_328' title='bbox 3599 1551 3785 1618; x_wconf 87' lang='grc' dir='ltr'>ὲπιτη-</span> 
     </span>
    </p>
   </div>
   <div class='ocr_carea' id='block_1_44' title="bbox 2217 1638 3785 1723">
    <p class='ocr_par' dir='ltr' id='par_1_44' title="bbox 2217 1638 3785 1723">
     <span class='ocr_line' id='line_1_44' title="bbox 2217 1638 3785 1723; baseline -0.013 -14"><span class='ocrx_word' id='word_1_329' title='bbox 2217 1657 2373 1718; x_wconf 84' lang='grc' dir='ltr'>δείως</span> <span class='ocrx_word' id='word_1_330' title='bbox 2396 1653 2526 1723; x_wconf 73' lang='grc' dir='ltr'>ἔχει.</span> <span class='ocrx_word' id='word_1_331' title='bbox 2546 1653 2784 1713; x_wconf 85' lang='grc' dir='ltr'>Ἀπόνως</span> <span class='ocrx_word' id='word_1_332' title='bbox 2805 1666 2863 1702; x_wconf 89' lang='grc' dir='ltr'><strong>τε</strong></span> <span class='ocrx_word' id='word_1_333' title='bbox 2878 1647 2985 1718; x_wconf 76' lang='grc' dir='ltr'><strong>γάρ</strong></span> <span class='ocrx_word' id='word_1_334' title='bbox 2999 1647 3271 1716; x_wconf 84' lang='grc' dir='ltr'>ὑποχωρεῖ</span> <span class='ocrx_word' id='word_1_335' title='bbox 3299 1642 3434 1714; x_wconf 84' lang='grc' dir='ltr'>πρὸς</span> <span class='ocrx_word' id='word_1_336' title='bbox 3461 1640 3522 1692; x_wconf 72' lang='grc' dir='ltr'>τὸ</span> <span class='ocrx_word' id='word_1_337' title='bbox 3551 1638 3785 1708; x_wconf 77' lang='grc' dir='ltr'>φερόμε-</span> 
     </span>
    </p>
   </div>
   <div class='ocr_carea' id='block_1_45' title="bbox 2219 1727 3787 1814">
    <p class='ocr_par' dir='ltr' id='par_1_45' title="bbox 2219 1727 3787 1814">
     <span class='ocr_line' id='line_1_45' title="bbox 2219 1727 3787 1814; baseline -0.014 -15"><span class='ocrx_word' id='word_1_338' title='bbox 2219 1764 2306 1800; x_wconf 85' lang='grc' dir='ltr'><strong>νον</strong></span> <span class='ocrx_word' id='word_1_339' title='bbox 2328 1742 2685 1814; x_wconf 80' lang='grc' dir='ltr'>ἑκατέρωθεν,</span> <span class='ocrx_word' id='word_1_340' title='bbox 2707 1741 2798 1793; x_wconf 79' lang='grc' dir='ltr'>καὶ</span> <span class='ocrx_word' id='word_1_341' title='bbox 2817 1739 3134 1808; x_wconf 79' lang='grc' dir='ltr'>αὐτομάτως</span> <span class='ocrx_word' id='word_1_342' title='bbox 3152 1733 3228 1805; x_wconf 82' lang='grc' dir='ltr'><strong>τῷ</strong></span> <span class='ocrx_word' id='word_1_343' title='bbox 3247 1734 3394 1814; x_wconf 68' lang='grc' dir='ltr'>δγκῳ</span> <span class='ocrx_word' id='word_1_344' title='bbox 3415 1730 3508 1784; x_wconf 80' lang='grc' dir='ltr'>τοῦ</span> <span class='ocrx_word' id='word_1_345' title='bbox 3533 1727 3787 1797; x_wconf 87' lang='grc' dir='ltr'>κινουμέ-</span> 
     </span>
    </p>
   </div>
   <div class='ocr_carea' id='block_1_46' title="bbox 2221 1811 3788 1904">
    <p class='ocr_par' dir='ltr' id='par_1_46' title="bbox 2221 1811 3788 1904">
     <span class='ocr_line' id='line_1_46' title="bbox 2221 1811 3788 1904; baseline -0.015 -14"><span class='ocrx_word' id='word_1_346' title='bbox 2221 1853 2312 1890; x_wconf 88' lang='grc' dir='ltr'><strong>νου</strong></span> <span class='ocrx_word' id='word_1_347' title='bbox 2356 1811 2797 1904; x_wconf 81' lang='grc' dir='ltr'>περισχιζόμενος</span> <span class='ocrx_word' id='word_1_348' title='bbox 2830 1828 2978 1881; x_wconf 77' lang='grc' dir='ltr'>ἐνθεν</span> <span class='ocrx_word' id='word_1_349' title='bbox 3009 1826 3102 1880; x_wconf 76' lang='grc' dir='ltr'><strong>καὶ</strong></span> <span class='ocrx_word' id='word_1_350' title='bbox 3140 1811 3318 1887; x_wconf 53' lang='grc' dir='ltr'>ἔνθεν,</span> <span class='ocrx_word' id='word_1_351' title='bbox 3351 1823 3430 1885; x_wconf 82' lang='grc' dir='ltr'><strong>είς</strong></span> <span class='ocrx_word' id='word_1_352' title='bbox 3466 1821 3526 1872; x_wconf 80' lang='grc' dir='ltr'><strong>τὸ</strong></span> <span class='ocrx_word' id='word_1_353' title='bbox 3555 1817 3788 1872; x_wconf 84' lang='grc' dir='ltr'>κατόπιν</span> 
     </span>
    </p>
   </div>
   <div class='ocr_carea' id='block_1_47' title="bbox 2223 1908 3789 1985">
    <p class='ocr_par' dir='ltr' id='par_1_47' title="bbox 2223 1908 3789 1985">
     <span class='ocr_line' id='line_1_47' title="bbox 2223 1908 3789 1985; baseline -0.015 -3"><span class='ocrx_word' id='word_1_354' title='bbox 2223 1925 2686 1982; x_wconf 87' lang='grc' dir='ltr'>ἁντικαθίσταται.</span> <span class='ocrx_word' id='word_1_355' title='bbox 2745 1919 2905 1972; x_wconf 88' lang='grc' dir='ltr'>Ἀλλά</span> <span class='ocrx_word' id='word_1_356' title='bbox 2935 1919 3029 1971; x_wconf 75' lang='grc' dir='ltr'>καὶ</span> <span class='ocrx_word' id='word_1_357' title='bbox 3062 1916 3122 1970; x_wconf 81' lang='grc' dir='ltr'><strong>τὸ</strong></span> <span class='ocrx_word' id='word_1_358' title='bbox 3169 1915 3333 1985; x_wconf 78' lang='grc' dir='ltr'>ὑγρὸν</span> <span class='ocrx_word' id='word_1_359' title='bbox 3370 1911 3462 1965; x_wconf 82' lang='grc' dir='ltr'>τοῦ</span> <span class='ocrx_word' id='word_1_360' title='bbox 3493 1908 3789 1982; x_wconf 82' lang='grc' dir='ltr'>ἀμφορέως</span> 
     </span>
    </p>
   </div>
   <div class='ocr_carea' id='block_1_48' title="bbox 2223 2004 3790 2091">
    <p class='ocr_par' dir='ltr' id='par_1_48' title="bbox 2223 2004 3790 2091">
     <span class='ocr_line' id='line_1_48' title="bbox 2223 2004 3790 2091; baseline -0.014 -19"><span class='ocrx_word' id='word_1_361' title='bbox 2223 2018 2548 2091; x_wconf 83' lang='grc' dir='ltr'>προχέοντος</span> <span class='ocrx_word' id='word_1_362' title='bbox 2571 2054 2585 2078; x_wconf 90' lang='grc'><strong>,</strong></span> <span class='ocrx_word' id='word_1_363' title='bbox 2612 2015 2695 2068; x_wconf 83' lang='grc' dir='ltr'>ὅτι</span> <span class='ocrx_word' id='word_1_364' title='bbox 2730 2029 2835 2082; x_wconf 89' lang='grc' dir='ltr'><strong>περ</strong></span> <span class='ocrx_word' id='word_1_365' title='bbox 2863 2011 2927 2065; x_wconf 84' lang='grc' dir='ltr'><strong>ἂν</strong></span> <span class='ocrx_word' id='word_1_366' title='bbox 2967 2011 3022 2061; x_wconf 83' lang='grc' dir='ltr'><strong>έν</strong></span> <span class='ocrx_word' id='word_1_367' title='bbox 3063 2005 3242 2075; x_wconf 79' lang='grc' dir='ltr'>ἐαυτῷ</span> <span class='ocrx_word' id='word_1_368' title='bbox 3275 2004 3411 2074; x_wconf 80' lang='grc' dir='ltr'>τύχῃ</span> <span class='ocrx_word' id='word_1_369' title='bbox 3431 2043 3446 2066; x_wconf 94' lang='grc'><strong>,</strong></span> <span class='ocrx_word' id='word_1_370' title='bbox 3494 2004 3614 2054; x_wconf 86' lang='grc' dir='ltr'>τότε</span> <span class='ocrx_word' id='word_1_371' title='bbox 3654 2015 3790 2069; x_wconf 77' lang='grc' dir='ltr'>προ·</span> 
     </span>
    </p>
   </div>
   <div class='ocr_carea' id='block_1_49' title="bbox 2223 2091 3791 2183">
    <p class='ocr_par' dir='ltr' id='par_1_49' title="bbox 2223 2091 3791 2183">
     <span class='ocr_line' id='line_1_49' title="bbox 2223 2091 3791 2183; baseline -0.015 -18"><span class='ocrx_word' id='word_1_372' title='bbox 2223 2111 2468 2183; x_wconf 86' lang='grc' dir='ltr'>χεομένῳ</span> <span class='ocrx_word' id='word_1_373' title='bbox 2515 2107 2815 2168; x_wconf 83' lang='grc' dir='ltr'>διίσταται,</span> <span class='ocrx_word' id='word_1_374' title='bbox 2869 2103 2961 2156; x_wconf 71' lang='grc' dir='ltr'>καὶ</span> <span class='ocrx_word' id='word_1_375' title='bbox 3011 2099 3415 2169; x_wconf 86' lang='grc' dir='ltr'>άντεισέρχεται</span> <span class='ocrx_word' id='word_1_376' title='bbox 3469 2091 3791 2162; x_wconf 78' lang='grc' dir='ltr'>αὐτομάτως</span> 
     </span>
    </p>
   </div>
   <div class='ocr_carea' id='block_1_50' title="bbox 2225 2182 3788 2262">
    <p class='ocr_par' dir='ltr' id='par_1_50' title="bbox 2225 2182 3788 2262">
     <span class='ocr_line' id='line_1_50' title="bbox 2225 2182 3788 2262; baseline -0.016 -6"><span class='ocrx_word' id='word_1_377' title='bbox 2225 2182 2316 2256; x_wconf 73' lang='grc' dir='ltr'>ἐπὶ</span> <span class='ocrx_word' id='word_1_378' title='bbox 2362 2202 2430 2254; x_wconf 80' lang='grc' dir='ltr'><strong>τά</strong></span> <span class='ocrx_word' id='word_1_379' title='bbox 2492 2199 2640 2260; x_wconf 79' lang='grc' dir='ltr'>ἐντὸς</span> <span class='ocrx_word' id='word_1_380' title='bbox 2690 2195 2781 2248; x_wconf 81' lang='grc' dir='ltr'>τοῦ</span> <span class='ocrx_word' id='word_1_381' title='bbox 2843 2193 3065 2262; x_wconf 78' lang='grc' dir='ltr'>ἀγγείου</span> <span class='ocrx_word' id='word_1_382' title='bbox 3123 2189 3259 2260; x_wconf 82' lang='grc' dir='ltr'>πρὸς</span> <span class='ocrx_word' id='word_1_383' title='bbox 3323 2186 3384 2238; x_wconf 86' lang='grc' dir='ltr'><strong>τὸ</strong></span> <span class='ocrx_word' id='word_1_384' title='bbox 3431 2182 3788 2251; x_wconf 77' lang='grc' dir='ltr'>κενούμενον·</span> 
     </span>
    </p>
   </div>
   <div class='ocr_carea' id='block_1_51' title="bbox 2225 2269 3786 2361">
    <p class='ocr_par' dir='ltr' id='par_1_51' title="bbox 2225 2269 3786 2361">
     <span class='ocr_line' id='line_1_51' title="bbox 2225 2269 3786 2361; baseline -0.017 -14"><span class='ocrx_word' id='word_1_385' title='bbox 2225 2294 2319 2348; x_wconf 72' lang='grc' dir='ltr'><strong>καὶ</strong></span> <span class='ocrx_word' id='word_1_386' title='bbox 2378 2291 2546 2361; x_wconf 83' lang='grc' dir='ltr'>μυρία</span> <span class='ocrx_word' id='word_1_387' title='bbox 2590 2285 2813 2340; x_wconf 75' lang='grc' dir='ltr'>τοιαῦτα</span> <span class='ocrx_word' id='word_1_388' title='bbox 2865 2283 2927 2334; x_wconf 82' lang='grc' dir='ltr'><strong>τὸ</strong></span> <span class='ocrx_word' id='word_1_389' title='bbox 2983 2279 3222 2351; x_wconf 86' lang='grc' dir='ltr'>μαλακόν</span> <span class='ocrx_word' id='word_1_390' title='bbox 3277 2293 3338 2328; x_wconf 89' lang='grc' dir='ltr'><strong>τε</strong></span> <span class='ocrx_word' id='word_1_391' title='bbox 3390 2273 3483 2326; x_wconf 76' lang='grc' dir='ltr'>καὶ</span> <span class='ocrx_word' id='word_1_392' title='bbox 3538 2269 3786 2323; x_wconf 80' lang='grc' dir='ltr'>εὓεικτον</span> 
     </span>
    </p>
   </div>
   <div class='ocr_carea' id='block_1_52' title="bbox 2224 2355 3786 2455">
    <p class='ocr_par' dir='ltr' id='par_1_52' title="bbox 2224 2355 3786 2455">
     <span class='ocr_line' id='line_1_52' title="bbox 2224 2355 3786 2455; baseline -0.018 -20"><span class='ocrx_word' id='word_1_393' title='bbox 2224 2385 2321 2455; x_wconf 83' lang='grc' dir='ltr'>τῆς</span> <span class='ocrx_word' id='word_1_394' title='bbox 2352 2355 2639 2446; x_wconf 58' lang='grc' dir='ltr'>τούάέρος</span> <span class='ocrx_word' id='word_1_395' title='bbox 2676 2373 2913 2426; x_wconf 85' lang='grc' dir='ltr'>δείκνυσι</span> <span class='ocrx_word' id='word_1_396' title='bbox 2949 2369 3179 2438; x_wconf 79' lang='grc' dir='ltr'>φύσεως.</span> <span class='ocrx_word' id='word_1_397' title='bbox 3227 2364 3378 2417; x_wconf 73' lang='grc' dir='ltr'>Ἐπεὶ</span> <span class='ocrx_word' id='word_1_398' title='bbox 3404 2356 3496 2414; x_wconf 76' lang='grc' dir='ltr'>οὖν</span> <span class='ocrx_word' id='word_1_399' title='bbox 3525 2360 3582 2411; x_wconf 81' lang='grc' dir='ltr'>ὲν</span> <span class='ocrx_word' id='word_1_400' title='bbox 3609 2355 3786 2426; x_wconf 84' lang='grc' dir='ltr'>τούτῳ</span> 
     </span>
    </p>
   </div>
   <div class='ocr_carea' id='block_1_53' title="bbox 2226 2446 3794 2538">
    <p class='ocr_par' dir='ltr' id='par_1_53' title="bbox 2226 2446 3794 2538">
     <span class='ocr_line' id='line_1_53' title="bbox 2226 2446 3794 2538; baseline -0.017 -14"><span class='ocrx_word' id='word_1_401' title='bbox 2226 2446 2372 2524; x_wconf 70' lang='grc' dir='ltr'>ἐστὶν</span> <span class='ocrx_word' id='word_1_402' title='bbox 2407 2471 2439 2538; x_wconf 83' lang='grc' dir='ltr'>ὴ</span> <span class='ocrx_word' id='word_1_403' title='bbox 2471 2468 2578 2520; x_wconf 84' lang='grc' dir='ltr'><strong>τῶν</strong></span> <span class='ocrx_word' id='word_1_404' title='bbox 2614 2463 2917 2534; x_wconf 83' lang='grc' dir='ltr'>ἀνθρώπων</span> <span class='ocrx_word' id='word_1_405' title='bbox 2948 2459 3091 2528; x_wconf 77' lang='grc' dir='ltr'>ζωὴ,</span> <span class='ocrx_word' id='word_1_406' title='bbox 3124 2457 3220 2510; x_wconf 73' lang='grc' dir='ltr'><strong>καὶ</strong></span> <span class='ocrx_word' id='word_1_407' title='bbox 3250 2456 3398 2508; x_wconf 81' lang='grc' dir='ltr'>πᾶσα</span> <span class='ocrx_word' id='word_1_408' title='bbox 3425 2451 3608 2522; x_wconf 84' lang='grc' dir='ltr'>σχεδὸν</span> <span class='ocrx_word' id='word_1_409' title='bbox 3639 2449 3672 2519; x_wconf 81' lang='grc' dir='ltr'><strong>ἡ</strong></span> <span class='ocrx_word' id='word_1_410' title='bbox 3698 2446 3794 2499; x_wconf 80' lang='grc' dir='ltr'>τοῦ</span> 
     </span>
    </p>
   </div>
   <div class='ocr_carea' id='block_1_54' title="bbox 2227 2538 3797 2633">
    <p class='ocr_par' dir='ltr' id='par_1_54' title="bbox 2227 2538 3797 2633">
     <span class='ocr_line' id='line_1_54' title="bbox 2227 2538 3797 2633; baseline -0.017 -17"><span class='ocrx_word' id='word_1_411' title='bbox 2227 2564 2324 2633; x_wconf 80' lang='grc' dir='ltr'><strong>ζῇν</strong></span> <span class='ocrx_word' id='word_1_412' title='bbox 2355 2561 2603 2629; x_wconf 85' lang='grc' dir='ltr'>δύναμις,</span> <span class='ocrx_word' id='word_1_413' title='bbox 2633 2558 2725 2610; x_wconf 75' lang='grc' dir='ltr'><strong>καὶ</strong></span> <span class='ocrx_word' id='word_1_414' title='bbox 2753 2557 2786 2625; x_wconf 81' lang='grc' dir='ltr'>ἡ</span> <span class='ocrx_word' id='word_1_415' title='bbox 2820 2553 2928 2605; x_wconf 83' lang='grc' dir='ltr'><strong>τῶν</strong></span> <span class='ocrx_word' id='word_1_416' title='bbox 2961 2547 3327 2619; x_wconf 61' lang='grc' dir='ltr'>αἰσθητηρίων</span> <span class='ocrx_word' id='word_1_417' title='bbox 3356 2545 3603 2614; x_wconf 83' lang='grc' dir='ltr'>ἐνέργεια</span> <span class='ocrx_word' id='word_1_418' title='bbox 3631 2543 3690 2593; x_wconf 82' lang='grc' dir='ltr'>ὲν</span> <span class='ocrx_word' id='word_1_419' title='bbox 3716 2538 3797 2610; x_wconf 79' lang='grc' dir='ltr'>τῷ</span> 
     </span>
    </p>
   </div>
   <div class='ocr_carea' id='block_1_55' title="bbox 2226 2628 3796 2718">
    <p class='ocr_par' dir='ltr' id='par_1_55' title="bbox 2226 2628 3796 2718">
     <span class='ocr_line' id='line_1_55' title="bbox 2226 2628 3796 2718; baseline -0.015 -16"><span class='ocrx_word' id='word_1_420' title='bbox 2226 2628 2347 2718; x_wconf 71' lang='grc' dir='ltr'>ἀέρι</span> <span class='ocrx_word' id='word_1_421' title='bbox 2375 2647 2474 2715; x_wconf 82' lang='grc' dir='ltr'><strong>τὴν</strong></span> <span class='ocrx_word' id='word_1_422' title='bbox 2497 2628 2665 2714; x_wconf 15' lang='grc' dir='ltr'>νίοχὺν</span> <span class='ocrx_word' id='word_1_423' title='bbox 2701 2643 2830 2713; x_wconf 73' lang='grc' dir='ltr'>ἔχει·</span> <span class='ocrx_word' id='word_1_424' title='bbox 2867 2639 3132 2710; x_wconf 81' lang='grc' dir='ltr'>βλέπομέν</span> <span class='ocrx_word' id='word_1_425' title='bbox 3161 2653 3219 2688; x_wconf 91' lang='grc' dir='ltr'><strong>τε</strong></span> <span class='ocrx_word' id='word_1_426' title='bbox 3253 2635 3363 2704; x_wconf 80' lang='grc' dir='ltr'><strong>γὰρ</strong></span> <span class='ocrx_word' id='word_1_427' title='bbox 3390 2633 3456 2684; x_wconf 83' lang='grc' dir='ltr'>δι’</span> <span class='ocrx_word' id='word_1_428' title='bbox 3491 2630 3652 2684; x_wconf 78' lang='grc' dir='ltr'>αὑτοῦ</span> <span class='ocrx_word' id='word_1_429' title='bbox 3699 2628 3796 2681; x_wconf 67' lang='grc' dir='ltr'><strong>καὶ</strong></span> 
     </span>
    </p>
   </div>
   <div class='ocr_carea' id='block_1_56' title="bbox 2227 2719 3797 2808">
    <p class='ocr_par' dir='ltr' id='par_1_56' title="bbox 2227 2719 3797 2808">
     <span class='ocr_line' id='line_1_56' title="bbox 2227 2719 3797 2808; baseline -0.016 -14"><span class='ocrx_word' id='word_1_430' title='bbox 2227 2739 2514 2808; x_wconf 77' lang='grc' dir='ltr'>ἀκούομεν,</span> <span class='ocrx_word' id='word_1_431' title='bbox 2553 2736 2646 2788; x_wconf 76' lang='grc' dir='ltr'><strong>καὶ</strong></span> <span class='ocrx_word' id='word_1_432' title='bbox 2685 2733 2792 2787; x_wconf 79' lang='grc' dir='ltr'><strong>τῶν</strong></span> <span class='ocrx_word' id='word_1_433' title='bbox 2837 2729 3122 2800; x_wconf 80' lang='grc' dir='ltr'>ὀσφρητῶν</span> <span class='ocrx_word' id='word_1_434' title='bbox 3154 2727 3252 2797; x_wconf 86' lang='grc' dir='ltr'><strong>τὴν</strong></span> <span class='ocrx_word' id='word_1_435' title='bbox 3296 2721 3578 2791; x_wconf 76' lang='grc' dir='ltr'>ἀντίληψιν</span> <span class='ocrx_word' id='word_1_436' title='bbox 3613 2719 3797 2772; x_wconf 79' lang='grc' dir='ltr'>ὡσαύ-</span> 
     </span>
    </p>
   </div>
   <div class='ocr_carea' id='block_1_57' title="bbox 2226 2811 3796 2894">
    <p class='ocr_par' dir='ltr' id='par_1_57' title="bbox 2226 2811 3796 2894">
     <span class='ocr_line' id='line_1_57' title="bbox 2226 2811 3796 2894; baseline -0.016 -8"><span class='ocrx_word' id='word_1_437' title='bbox 2226 2850 2333 2894; x_wconf 85' lang='grc' dir='ltr'><strong>τως</strong></span> <span class='ocrx_word' id='word_1_438' title='bbox 2373 2831 2441 2884; x_wconf 85' lang='grc' dir='ltr'>δι’</span> <span class='ocrx_word' id='word_1_439' title='bbox 2491 2827 2655 2882; x_wconf 79' lang='grc' dir='ltr'>αὐτοῦ</span> <span class='ocrx_word' id='word_1_440' title='bbox 2702 2821 3001 2892; x_wconf 77' lang='grc' dir='ltr'>ποιούμεθα</span> <span class='ocrx_word' id='word_1_441' title='bbox 3026 2860 3041 2884; x_wconf 92' lang='grc'><strong>,</strong></span> <span class='ocrx_word' id='word_1_442' title='bbox 3070 2821 3136 2890; x_wconf 82' lang='grc' dir='ltr'>τῇ</span> <span class='ocrx_word' id='word_1_443' title='bbox 3180 2817 3274 2870; x_wconf 81' lang='grc' dir='ltr'>τοῦ</span> <span class='ocrx_word' id='word_1_444' title='bbox 3324 2814 3630 2884; x_wconf 87' lang='grc' dir='ltr'>πνεύματος</span> <span class='ocrx_word' id='word_1_445' title='bbox 3662 2811 3796 2879; x_wconf 80' lang='grc' dir='ltr'>ὁλκῇ</span> 
     </span>
    </p>
   </div>
   <div class='ocr_carea' id='block_1_58' title="bbox 2226 2901 3795 2995">
    <p class='ocr_par' dir='ltr' id='par_1_58' title="bbox 2226 2901 3795 2995">
     <span class='ocr_line' id='line_1_58' title="bbox 2226 2901 3795 2995; baseline -0.014 -18"><span class='ocrx_word' id='word_1_446' title='bbox 2226 2924 2286 2977; x_wconf 86' lang='grc' dir='ltr'><strong>τὸ</strong></span> <span class='ocrx_word' id='word_1_447' title='bbox 2301 2921 2634 2995; x_wconf 80' lang='grc' dir='ltr'>κυριώτατον</span> <span class='ocrx_word' id='word_1_448' title='bbox 2656 2916 2764 2969; x_wconf 82' lang='grc' dir='ltr'><strong>τῶν</strong></span> <span class='ocrx_word' id='word_1_449' title='bbox 2777 2913 2919 2968; x_wconf 87' lang='grc' dir='ltr'><strong>κατά</strong></span> <span class='ocrx_word' id='word_1_450' title='bbox 2936 2911 3030 2982; x_wconf 79' lang='grc' dir='ltr'>τὴν</span> <span class='ocrx_word' id='word_1_451' title='bbox 3051 2910 3192 2981; x_wconf 80' lang='grc' dir='ltr'>ζωὴν</span> <span class='ocrx_word' id='word_1_452' title='bbox 3209 2905 3612 2978; x_wconf 79' lang='grc' dir='ltr'>ἐνεργουμένων</span> <span class='ocrx_word' id='word_1_453' title='bbox 3627 2901 3795 2955; x_wconf 77' lang='grc' dir='ltr'>ἐστίν·</span> 
     </span>
    </p>
   </div>
   <div class='ocr_carea' id='block_1_59' title="bbox 2227 2994 3800 3086">
    <p class='ocr_par' dir='ltr' id='par_1_59' title="bbox 2227 2994 3800 3086">
     <span class='ocr_line' id='line_1_59' title="bbox 2227 2994 3800 3086; baseline -0.017 -17"><span class='ocrx_word' id='word_1_454' title='bbox 2227 3018 2256 3068; x_wconf 88' lang='grc' dir='ltr'><strong>ὁ</strong></span> <span class='ocrx_word' id='word_1_455' title='bbox 2299 3016 2406 3086; x_wconf 86' lang='grc' dir='ltr'><strong>γὰρ</strong></span> <span class='ocrx_word' id='word_1_456' title='bbox 2439 3012 2534 3064; x_wconf 81' lang='grc' dir='ltr'>τοῦ</span> <span class='ocrx_word' id='word_1_457' title='bbox 2573 3005 3109 3074; x_wconf 78' lang='grc' dir='ltr'>άνά⁶παυσάμενος,</span> <span class='ocrx_word' id='word_1_458' title='bbox 3173 2997 3386 3054; x_wconf 76' lang='grc' dir='ltr'>καὶτοῦ</span> <span class='ocrx_word' id='word_1_459' title='bbox 3439 2997 3538 3066; x_wconf 80' lang='grc' dir='ltr'><strong>ζῇν</strong></span> <span class='ocrx_word' id='word_1_460' title='bbox 3587 2994 3800 3054; x_wconf 81' lang='grc' dir='ltr'>πάντως</span> 
     </span>
    </p>
   </div>
   <div class='ocr_carea' id='block_1_60' title="bbox 555 3083 2129 3187">
    <p class='ocr_par' dir='ltr' id='par_1_60' title="bbox 555 3097 2124 3172">
     <span class='ocr_line' id='line_1_60' title="bbox 555 3097 2124 3172; baseline -0.004 -17"><span class='ocrx_word' id='word_1_461' title='bbox 555 3102 718 3157; x_wconf 88' lang='lat' dir='ltr'><strong>tacite</strong></span> <span class='ocrx_word' id='word_1_462' title='bbox 756 3104 1017 3172; x_wconf 63' lang='lat' dir='ltr'><strong>praeteriit</strong></span> <span class='ocrx_word' id='word_1_463' title='bbox 1047 3122 1059 3155; x_wconf 92' lang='lat'><strong>:</strong></span> <span class='ocrx_word' id='word_1_464' title='bbox 1089 3103 1154 3156; x_wconf 89' lang='lat' dir='ltr'><strong>ad</strong></span> <span class='ocrx_word' id='word_1_465' title='bbox 1188 3103 1348 3171; x_wconf 80' lang='lat' dir='ltr'><strong>hujus</strong></span> <span class='ocrx_word' id='word_1_466' title='bbox 1375 3101 1545 3171; x_wconf 81' lang='lat' dir='ltr'><strong>partis</strong></span> <span class='ocrx_word' id='word_1_467' title='bbox 1575 3097 1995 3153; x_wconf 87' lang='lat' dir='ltr'><strong>declarationem</strong></span> <span class='ocrx_word' id='word_1_468' title='bbox 2035 3111 2124 3150; x_wconf 88' lang='lat' dir='ltr'><strong>sa-</strong></span> 
     </span>
    </p>
   </div>
   <div class='ocr_carea' id='block_1_61' title="bbox 2231 3083 3801 3187">
    <p class='ocr_par' dir='ltr' id='par_1_61' title="bbox 2236 3083 3801 3167">
     <span class='ocr_line' id='line_1_61' title="bbox 2236 3083 3801 3167; baseline -0.017 -7"><span class='ocrx_word' id='word_1_469' title='bbox 2236 3083 2528 3161; x_wconf 80' lang='grc' dir='ltr'>ὲπαύσατο·</span> <span class='ocrx_word' id='word_1_470' title='bbox 2564 3101 2751 3154; x_wconf 88' lang='grc' dir='ltr'>τούτου</span> <span class='ocrx_word' id='word_1_471' title='bbox 2787 3096 2946 3167; x_wconf 86' lang='grc' dir='ltr'>χάριν</span> <span class='ocrx_word' id='word_1_472' title='bbox 2975 3097 3003 3146; x_wconf 90' lang='grc' dir='ltr'><strong>ὁ</strong></span> <span class='ocrx_word' id='word_1_473' title='bbox 3045 3092 3204 3160; x_wconf 75' lang='grc' dir='ltr'>σοφὸς</span> <span class='ocrx_word' id='word_1_474' title='bbox 3239 3088 3471 3156; x_wconf 80' lang='grc' dir='ltr'>Μωῦσῆς</span> <span class='ocrx_word' id='word_1_475' title='bbox 3514 3083 3801 3154; x_wconf 71' lang='grc' dir='ltr'>ἀφυσιολό-</span> 
     </span>
    </p>
   </div>
   <div class='ocr_carea' id='block_1_62' title="bbox 559 3190 2129 3265">
    <p class='ocr_par' dir='ltr' id='par_1_62' title="bbox 559 3190 2129 3265">
     <span class='ocr_line' id='line_1_62' title="bbox 559 3190 2129 3265; baseline -0.003 -18"><span class='ocrx_word' id='word_1_476' title='bbox 559 3197 628 3250; x_wconf 87' lang='lat' dir='ltr'><strong>tis</strong></span> <span class='ocrx_word' id='word_1_477' title='bbox 655 3210 779 3250; x_wconf 88' lang='lat' dir='ltr'><strong>esse</strong></span> <span class='ocrx_word' id='word_1_478' title='bbox 803 3203 1021 3265; x_wconf 82' lang='lat' dir='ltr'><strong>putans,</strong></span> <span class='ocrx_word' id='word_1_479' title='bbox 1046 3197 1285 3248; x_wconf 89' lang='lat' dir='ltr'><strong>innatam</strong></span> <span class='ocrx_word' id='word_1_480' title='bbox 1311 3194 1456 3246; x_wconf 87' lang='lat' dir='ltr'><strong>illam</strong></span> <span class='ocrx_word' id='word_1_481' title='bbox 1481 3200 1643 3260; x_wconf 89' lang='lat' dir='ltr'><strong>atque</strong></span> <span class='ocrx_word' id='word_1_482' title='bbox 1672 3190 1890 3245; x_wconf 89' lang='lat' dir='ltr'><strong>insitam</strong></span> <span class='ocrx_word' id='word_1_483' title='bbox 1921 3195 2129 3242; x_wconf 72' lang='lat' dir='ltr'><strong>natura:</strong></span> 
     </span>
    </p>
   </div>
   <div class='ocr_carea' id='block_1_63' title="bbox 558 3279 2126 3352">
    <p class='ocr_par' dir='ltr' id='par_1_63' title="bbox 558 3279 2126 3352">
     <span class='ocr_line' id='line_1_63' title="bbox 558 3279 2126 3352; baseline -0.006 -12"><span class='ocrx_word' id='word_1_484' title='bbox 558 3295 763 3341; x_wconf 73' lang='lat' dir='ltr'><strong>nostrae</strong></span> <span class='ocrx_word' id='word_1_485' title='bbox 813 3302 935 3340; x_wconf 92' lang='lat' dir='ltr'><strong>cum</strong></span> <span class='ocrx_word' id='word_1_486' title='bbox 969 3300 1094 3339; x_wconf 86' lang='lat' dir='ltr'><strong>aere</strong></span> <span class='ocrx_word' id='word_1_487' title='bbox 1147 3283 1588 3352; x_wconf 87' lang='lat' dir='ltr'><strong>conjunctionem</strong></span> <span class='ocrx_word' id='word_1_488' title='bbox 1645 3289 1808 3349; x_wconf 89' lang='lat' dir='ltr'><strong>atque</strong></span> <span class='ocrx_word' id='word_1_489' title='bbox 1857 3279 2126 3334; x_wconf 87' lang='lat' dir='ltr'><strong>habitum.</strong></span> 
     </span>
    </p>
   </div>
   <div class='ocr_carea' id='block_1_64' title="bbox 559 3369 2134 3442">
    <p class='ocr_par' dir='ltr' id='par_1_64' title="bbox 559 3369 2134 3442">
     <span class='ocr_line' id='line_1_64' title="bbox 559 3369 2134 3442; baseline 0 -19"><span class='ocrx_word' id='word_1_490' title='bbox 559 3373 692 3437; x_wconf 63' lang='lat' dir='ltr'><strong>Quae</strong></span> <span class='ocrx_word' id='word_1_491' title='bbox 747 3389 876 3428; x_wconf 83' lang='lat' dir='ltr'><strong>vero</strong></span> <span class='ocrx_word' id='word_1_492' title='bbox 930 3381 984 3427; x_wconf 87' lang='lat' dir='ltr'><strong>in</strong></span> <span class='ocrx_word' id='word_1_493' title='bbox 1036 3373 1153 3442; x_wconf 91' lang='lat' dir='ltr'><strong>ipso</strong></span> <span class='ocrx_word' id='word_1_494' title='bbox 1187 3371 1622 3440; x_wconf 82' lang='lat' dir='ltr'><strong>conspiciuntur,</strong></span> <span class='ocrx_word' id='word_1_495' title='bbox 1667 3385 1730 3424; x_wconf 91' lang='lat' dir='ltr'><strong>ea</strong></span> <span class='ocrx_word' id='word_1_496' title='bbox 1766 3369 2040 3438; x_wconf 89' lang='lat' dir='ltr'><strong>quomodo</strong></span> <span class='ocrx_word' id='word_1_497' title='bbox 2075 3383 2134 3423; x_wconf 88' lang='lat' dir='ltr'><strong>se</strong></span> 
     </span>
    </p>
   </div>
   <div class='ocr_carea' id='block_1_65' title="bbox 560 3458 2134 3534">
    <p class='ocr_par' dir='ltr' id='par_1_65' title="bbox 560 3458 2134 3534">
     <span class='ocr_line' id='line_1_65' title="bbox 560 3458 2134 3534; baseline -0.003 -17"><span class='ocrx_word' id='word_1_498' title='bbox 560 3465 816 3529; x_wconf 87' lang='lat' dir='ltr'><strong>habeant,</strong></span> <span class='ocrx_word' id='word_1_499' title='bbox 852 3464 1124 3533; x_wconf 82' lang='lat' dir='ltr'><strong>sigillatim</strong></span> <span class='ocrx_word' id='word_1_500' title='bbox 1156 3462 1524 3534; x_wconf 84' lang='lat' dir='ltr'><strong>persequitur.</strong></span> <span class='ocrx_word' id='word_1_501' title='bbox 1579 3460 1790 3515; x_wconf 89' lang='lat' dir='ltr'><strong>Etenim</strong></span> <span class='ocrx_word' id='word_1_502' title='bbox 1839 3474 1964 3513; x_wconf 91' lang='lat' dir='ltr'><strong>cum</strong></span> <span class='ocrx_word' id='word_1_503' title='bbox 2016 3458 2134 3512; x_wconf 89' lang='lat' dir='ltr'><strong>dies</strong></span> 
     </span>
    </p>
   </div>
   <div class='ocr_carea' id='block_1_66' title="bbox 561 3550 2135 3623">
    <p class='ocr_par' dir='ltr' id='par_1_66' title="bbox 561 3550 2135 3623">
     <span class='ocr_line' id='line_1_66' title="bbox 561 3550 2135 3623; baseline -0.005 -12"><span class='ocrx_word' id='word_1_504' title='bbox 561 3555 834 3611; x_wconf 86' lang='lat' dir='ltr'><strong>secundus</strong></span> <span class='ocrx_word' id='word_1_505' title='bbox 874 3555 1186 3616; x_wconf 87' lang='lat' dir='ltr'><strong>transisset,</strong></span> <span class='ocrx_word' id='word_1_506' title='bbox 1221 3554 1441 3623; x_wconf 84' lang='lat' dir='ltr'><strong>sapiens</strong></span> <span class='ocrx_word' id='word_1_507' title='bbox 1483 3561 1536 3607; x_wconf 89' lang='lat' dir='ltr'><strong>et</strong></span> <span class='ocrx_word' id='word_1_508' title='bbox 1590 3552 1836 3606; x_wconf 88' lang='lat' dir='ltr'><strong>numeris</strong></span> <span class='ocrx_word' id='word_1_509' title='bbox 1882 3550 2135 3604; x_wconf 87' lang='lat' dir='ltr'><strong>omnibus</strong></span> 
     </span>
    </p>
   </div>
   <div class='ocr_carea' id='block_1_67' title="bbox 561 3639 2205 3711">
    <p class='ocr_par' dir='ltr' id='par_1_67' title="bbox 561 3639 2205 3711">
     <span class='ocr_line' id='line_1_67' title="bbox 561 3639 2205 3711; baseline -0.004 -14"><span class='ocrx_word' id='word_1_510' title='bbox 561 3646 846 3700; x_wconf 90' lang='lat' dir='ltr'><strong>absolutus</strong></span> <span class='ocrx_word' id='word_1_511' title='bbox 873 3659 1055 3699; x_wconf 81' lang='lat' dir='ltr'><strong>rerum</strong></span> <span class='ocrx_word' id='word_1_512' title='bbox 1081 3644 1424 3698; x_wconf 87' lang='lat' dir='ltr'><strong>conditarum</strong></span> <span class='ocrx_word' id='word_1_513' title='bbox 1453 3645 1607 3705; x_wconf 87' lang='lat' dir='ltr'><strong>ordo,</strong></span> <span class='ocrx_word' id='word_1_514' title='bbox 1633 3657 1741 3711; x_wconf 90' lang='lat' dir='ltr'><strong>quo</strong></span> <span class='ocrx_word' id='word_1_515' title='bbox 1771 3655 1910 3709; x_wconf 89' lang='lat' dir='ltr'><strong>aqua</strong></span> <span class='ocrx_word' id='word_1_516' title='bbox 1933 3654 1963 3691; x_wconf 93' lang='lat' dir='ltr'><strong>a</strong></span> <span class='ocrx_word' id='word_1_517' title='bbox 1990 3639 2134 3693; x_wconf 83' lang='lat' dir='ltr'><strong>terra</strong></span> <span class='ocrx_word' id='word_1_518' title='bbox 2199 3649 2205 3656; x_wconf 85' lang='lat'>&#39;</span> 
     </span>
    </p>
   </div>
   <div class='ocr_carea' id='block_1_68' title="bbox 563 3729 2136 3807">
    <p class='ocr_par' dir='ltr' id='par_1_68' title="bbox 563 3729 2136 3807">
     <span class='ocr_line' id='line_1_68' title="bbox 563 3729 2136 3807; baseline -0.004 -15"><span class='ocrx_word' id='word_1_519' title='bbox 563 3745 815 3807; x_wconf 82' lang='lat' dir='ltr'><strong>separata</strong></span> <span class='ocrx_word' id='word_1_520' title='bbox 845 3746 949 3800; x_wconf 88' lang='lat' dir='ltr'><strong>est,</strong></span> <span class='ocrx_word' id='word_1_521' title='bbox 991 3736 1081 3791; x_wconf 89' lang='lat' dir='ltr'><strong>Dei</strong></span> <span class='ocrx_word' id='word_1_522' title='bbox 1122 3751 1226 3790; x_wconf 83' lang='lat' dir='ltr'><strong>vox</strong></span> <span class='ocrx_word' id='word_1_523' title='bbox 1267 3735 1698 3804; x_wconf 86' lang='lat' dir='ltr'><strong>mandatumque</strong></span> <span class='ocrx_word' id='word_1_524' title='bbox 1725 3733 1946 3787; x_wconf 82' lang='lat' dir='ltr'><strong>dicitur.</strong></span> <span class='ocrx_word' id='word_1_525' title='bbox 1997 3729 2136 3785; x_wconf 84' lang='lat' dir='ltr'><strong>Vere</strong></span> 
     </span>
    </p>
   </div>
   <div class='ocr_carea' id='block_1_69' title="bbox 563 3826 2135 3898">
    <p class='ocr_par' dir='ltr' id='par_1_69' title="bbox 563 3826 2135 3898">
     <span class='ocr_line' id='line_1_69' title="bbox 563 3826 2135 3898; baseline -0.003 -15"><span class='ocrx_word' id='word_1_526' title='bbox 563 3830 731 3892; x_wconf 89' lang='lat' dir='ltr'><strong>enim,</strong></span> <span class='ocrx_word' id='word_1_527' title='bbox 767 3827 1030 3898; x_wconf 86' lang='lat' dir='ltr'><strong>quidquid</strong></span> <span class='ocrx_word' id='word_1_528' title='bbox 1062 3829 1338 3897; x_wconf 87' lang='lat' dir='ltr'><strong>sapienter</strong></span> <span class='ocrx_word' id='word_1_529' title='bbox 1371 3826 1450 3890; x_wconf 83' lang='lat' dir='ltr'><strong>fit,</strong></span> <span class='ocrx_word' id='word_1_530' title='bbox 1494 3826 1587 3881; x_wconf 90' lang='lat' dir='ltr'><strong>Dei</strong></span> <span class='ocrx_word' id='word_1_531' title='bbox 1622 3826 1847 3880; x_wconf 87' lang='lat' dir='ltr'><strong>verbum</strong></span> <span class='ocrx_word' id='word_1_532' title='bbox 1876 3833 1979 3890; x_wconf 88' lang='lat' dir='ltr'><strong>est,</strong></span> <span class='ocrx_word' id='word_1_533' title='bbox 2028 3839 2135 3878; x_wconf 89' lang='lat' dir='ltr'><strong>non</strong></span> 
     </span>
    </p>
   </div>
   <div class='ocr_carea' id='block_1_70' title="bbox 568 3916 2138 3985">
    <p class='ocr_par' dir='ltr' id='par_1_70' title="bbox 568 3916 2138 3985">
     <span class='ocr_line' id='line_1_70' title="bbox 568 3916 2138 3985; baseline -0.004 -7"><span class='ocrx_word' id='word_1_534' title='bbox 568 3925 947 3980; x_wconf 88' lang='lat' dir='ltr'><strong>instrumentis</strong></span> <span class='ocrx_word' id='word_1_535' title='bbox 980 3923 1107 3978; x_wconf 89' lang='lat' dir='ltr'><strong>ullis</strong></span> <span class='ocrx_word' id='word_1_536' title='bbox 1156 3922 1438 3977; x_wconf 87' lang='lat' dir='ltr'><strong>vocalibus</strong></span> <span class='ocrx_word' id='word_1_537' title='bbox 1490 3920 1850 3985; x_wconf 88' lang='lat' dir='ltr'><strong>enuntiatum,</strong></span> <span class='ocrx_word' id='word_1_538' title='bbox 1897 3916 1994 3973; x_wconf 84' lang='lat' dir='ltr'><strong>sed</strong></span> <span class='ocrx_word' id='word_1_539' title='bbox 2049 3917 2138 3982; x_wconf 91' lang='lat' dir='ltr'><strong>iis,</strong></span> 
     </span>
    </p>
   </div>
   <div class='ocr_carea' id='block_1_71' title="bbox 569 4010 2138 4085">
    <p class='ocr_par' dir='ltr' id='par_1_71' title="bbox 569 4010 2138 4085">
     <span class='ocr_line' id='line_1_71' title="bbox 569 4010 2138 4085; baseline -0.004 -17"><span class='ocrx_word' id='word_1_540' title='bbox 569 4030 689 4085; x_wconf 70' lang='lat' dir='ltr'><strong>quae</strong></span> <span class='ocrx_word' id='word_1_541' title='bbox 713 4015 765 4068; x_wconf 91' lang='lat' dir='ltr'><strong>in</strong></span> <span class='ocrx_word' id='word_1_542' title='bbox 800 4015 935 4083; x_wconf 88' lang='lat' dir='ltr'><strong>ipsis</strong></span> <span class='ocrx_word' id='word_1_543' title='bbox 976 4017 1138 4070; x_wconf 91' lang='lat' dir='ltr'><strong>rebus</strong></span> <span class='ocrx_word' id='word_1_544' title='bbox 1182 4014 1418 4070; x_wconf 89' lang='lat' dir='ltr'><strong>conditis</strong></span> <span class='ocrx_word' id='word_1_545' title='bbox 1476 4010 1818 4066; x_wconf 87' lang='lat' dir='ltr'><strong>admirabilia</strong></span> <span class='ocrx_word' id='word_1_546' title='bbox 1865 4010 2138 4073; x_wconf 88' lang='lat' dir='ltr'><strong>videntur,</strong></span> 
     </span>
    </p>
   </div>
   <div class='ocr_carea' id='block_1_72' title="bbox 567 4101 2142 4178">
    <p class='ocr_par' dir='ltr' id='par_1_72' title="bbox 567 4101 2142 4178">
     <span class='ocr_line' id='line_1_72' title="bbox 567 4101 2142 4178; baseline -0.006 -16"><span class='ocrx_word' id='word_1_547' title='bbox 567 4121 907 4178; x_wconf 69' lang='lat' dir='ltr'><strong>expressum.</strong></span> <span class='ocrx_word' id='word_1_548' title='bbox 939 4108 1071 4160; x_wconf 79' lang='lat' dir='ltr'><strong>Nam</strong></span> <span class='ocrx_word' id='word_1_549' title='bbox 1103 4121 1225 4160; x_wconf 89' lang='lat' dir='ltr'><strong>eum</strong></span> <span class='ocrx_word' id='word_1_550' title='bbox 1260 4106 1437 4158; x_wconf 89' lang='lat' dir='ltr'><strong>adhuc</strong></span> <span class='ocrx_word' id='word_1_551' title='bbox 1466 4109 1680 4156; x_wconf 88' lang='lat' dir='ltr'><strong>terrena</strong></span> <span class='ocrx_word' id='word_1_552' title='bbox 1727 4101 1965 4166; x_wconf 84' lang='lat' dir='ltr'><strong>qualitas</strong></span> <span class='ocrx_word' id='word_1_553' title='bbox 2015 4115 2142 4154; x_wconf 92' lang='lat' dir='ltr'><strong>cum</strong></span> 
     </span>
    </p>
   </div>
   <div class='ocr_carea' id='block_1_73' title="bbox 568 4187 2143 4258">
    <p class='ocr_par' dir='ltr' id='par_1_73' title="bbox 568 4187 2143 4258">
     <span class='ocr_line' id='line_1_73' title="bbox 568 4187 2143 4258; baseline -0.006 -9"><span class='ocrx_word' id='word_1_554' title='bbox 568 4205 763 4250; x_wconf 86' lang='lat' dir='ltr'><strong>natura</strong></span> <span class='ocrx_word' id='word_1_555' title='bbox 788 4194 1012 4249; x_wconf 86' lang='lat' dir='ltr'><strong>humida</strong></span> <span class='ocrx_word' id='word_1_556' title='bbox 1034 4192 1323 4247; x_wconf 89' lang='lat' dir='ltr'><strong>commista</strong></span> <span class='ocrx_word' id='word_1_557' title='bbox 1351 4197 1518 4253; x_wconf 86' lang='lat' dir='ltr'><strong>esset,</strong></span> <span class='ocrx_word' id='word_1_558' title='bbox 1552 4189 1712 4258; x_wconf 90' lang='lat' dir='ltr'><strong>cujus</strong></span> <span class='ocrx_word' id='word_1_559' title='bbox 1746 4188 1851 4242; x_wconf 88' lang='lat' dir='ltr'><strong>nisi</strong></span> <span class='ocrx_word' id='word_1_560' title='bbox 1890 4202 2016 4242; x_wconf 82' lang='lat' dir='ltr'><strong>vere</strong></span> <span class='ocrx_word' id='word_1_561' title='bbox 2062 4187 2143 4240; x_wconf 90' lang='lat' dir='ltr'><strong>di-</strong></span> 
     </span>
    </p>
   </div>
   <div class='ocr_carea' id='block_1_74' title="bbox 567 4279 2145 4356">
    <p class='ocr_par' dir='ltr' id='par_1_74' title="bbox 567 4279 2145 4356">
     <span class='ocr_line' id='line_1_74' title="bbox 567 4279 2145 4356; baseline -0.006 -16"><span class='ocrx_word' id='word_1_562' title='bbox 567 4287 707 4340; x_wconf 68' lang='lat' dir='ltr'><strong>vinae</strong></span> <span class='ocrx_word' id='word_1_563' title='bbox 741 4285 1026 4356; x_wconf 87' lang='lat' dir='ltr'><strong>potestatis</strong></span> <span class='ocrx_word' id='word_1_564' title='bbox 1060 4299 1124 4339; x_wconf 89' lang='lat' dir='ltr'><strong>ac</strong></span> <span class='ocrx_word' id='word_1_565' title='bbox 1150 4282 1436 4352; x_wconf 62' lang='lat' dir='ltr'><strong>sapientia</strong></span> <span class='ocrx_word' id='word_1_566' title='bbox 1482 4279 1604 4347; x_wconf 91' lang='lat' dir='ltr'><strong>fuit,</strong></span> <span class='ocrx_word' id='word_1_567' title='bbox 1653 4279 1741 4334; x_wconf 88' lang='lat' dir='ltr'><strong>vel</strong></span> <span class='ocrx_word' id='word_1_568' title='bbox 1777 4287 1976 4333; x_wconf 88' lang='lat' dir='ltr'><strong>terram</strong></span> <span class='ocrx_word' id='word_1_569' title='bbox 2013 4291 2145 4346; x_wconf 82' lang='lat' dir='ltr'><strong>pro-</strong></span> 
     </span>
    </p>
   </div>
   <div class='ocr_carea' id='block_1_75' title="bbox 569 4367 2148 4446">
    <p class='ocr_par' dir='ltr' id='par_1_75' title="bbox 569 4367 2148 4446">
     <span class='ocr_line' id='line_1_75' title="bbox 569 4367 2148 4446; baseline -0.005 -17"><span class='ocrx_word' id='word_1_570' title='bbox 569 4377 706 4446; x_wconf 86' lang='lat' dir='ltr'><strong>priis</strong></span> <span class='ocrx_word' id='word_1_571' title='bbox 731 4376 1087 4445; x_wconf 83' lang='lat' dir='ltr'><strong>qualitatibus</strong></span> <span class='ocrx_word' id='word_1_572' title='bbox 1120 4375 1191 4428; x_wconf 85' lang='lat' dir='ltr'><strong>ita</strong></span> <span class='ocrx_word' id='word_1_573' title='bbox 1218 4373 1471 4438; x_wconf 89' lang='lat' dir='ltr'><strong>densare,</strong></span> <span class='ocrx_word' id='word_1_574' title='bbox 1511 4379 1571 4426; x_wconf 90' lang='lat' dir='ltr'><strong>ut</strong></span> <span class='ocrx_word' id='word_1_575' title='bbox 1607 4369 1863 4426; x_wconf 84' lang='lat' dir='ltr'><strong>omnibus</strong></span> <span class='ocrx_word' id='word_1_576' title='bbox 1899 4368 2020 4438; x_wconf 85' lang='lat' dir='ltr'><strong>ejus</strong></span> <span class='ocrx_word' id='word_1_577' title='bbox 2073 4367 2148 4422; x_wconf 87' lang='lat' dir='ltr'><strong>si-</strong></span> 
     </span>
    </p>
   </div>
   <div class='ocr_carea' id='block_1_76' title="bbox 2235 3177 3802 3271">
    <p class='ocr_par' dir='ltr' id='par_1_76' title="bbox 2235 3177 3802 3271">
     <span class='ocr_line' id='line_1_76' title="bbox 2235 3177 3802 3271; baseline -0.015 -19"><span class='ocrx_word' id='word_1_578' title='bbox 2235 3216 2399 3271; x_wconf 82' lang='grc' dir='ltr'>γητον</span> <span class='ocrx_word' id='word_1_579' title='bbox 2441 3195 2590 3248; x_wconf 73' lang='grc' dir='ltr'>εἴασε</span> <span class='ocrx_word' id='word_1_580' title='bbox 2677 3192 2738 3244; x_wconf 78' lang='grc' dir='ltr'><strong>τὸ</strong></span> <span class='ocrx_word' id='word_1_581' title='bbox 2791 3185 3082 3257; x_wconf 69' lang='grc' dir='ltr'>σύντροφόν</span> <span class='ocrx_word' id='word_1_582' title='bbox 3127 3201 3183 3236; x_wconf 91' lang='grc' dir='ltr'><strong>τε</strong></span> <span class='ocrx_word' id='word_1_583' title='bbox 3229 3181 3321 3235; x_wconf 70' lang='grc' dir='ltr'>καὶ</span> <span class='ocrx_word' id='word_1_584' title='bbox 3365 3177 3631 3249; x_wconf 78' lang='grc' dir='ltr'>ὁμόφυλον</span> <span class='ocrx_word' id='word_1_585' title='bbox 3670 3178 3802 3247; x_wconf 80' lang='grc' dir='ltr'>ἡμῖν</span> 
     </span>
    </p>
   </div>
   <div class='ocr_carea' id='block_1_77' title="bbox 2235 3267 3806 3360">
    <p class='ocr_par' dir='ltr' id='par_1_77' title="bbox 2235 3267 3806 3360">
     <span class='ocr_line' id='line_1_77' title="bbox 2235 3267 3806 3360; baseline -0.016 -17"><span class='ocrx_word' id='word_1_586' title='bbox 2235 3267 2495 3360; x_wconf 76' lang='grc' dir='ltr'>στοιχεῖον</span> <span class='ocrx_word' id='word_1_587' title='bbox 2523 3331 2537 3354; x_wconf 88' lang='grc'><strong>,</strong></span> <span class='ocrx_word' id='word_1_588' title='bbox 2555 3281 2600 3356; x_wconf 83' lang='grc' dir='ltr'>ᾧ</span> <span class='ocrx_word' id='word_1_589' title='bbox 2617 3284 2724 3341; x_wconf 70' lang='grc' dir='ltr'><strong>ἀπὸ</strong></span> <span class='ocrx_word' id='word_1_590' title='bbox 2738 3282 3041 3350; x_wconf 78' lang='grc' dir='ltr'>γεννήσεως</span> <span class='ocrx_word' id='word_1_591' title='bbox 3075 3275 3233 3336; x_wconf 77' lang='grc' dir='ltr'>εὐθὺς</span> <span class='ocrx_word' id='word_1_592' title='bbox 3267 3267 3638 3342; x_wconf 79' lang='grc' dir='ltr'>ὲντρεφόμεθα</span> <span class='ocrx_word' id='word_1_593' title='bbox 3657 3284 3671 3298; x_wconf 82' lang='grc'><em>’</em></span> <span class='ocrx_word' id='word_1_594' title='bbox 3703 3269 3806 3338; x_wconf 69' lang='grc' dir='ltr'>ἀρα</span> 
     </span>
    </p>
   </div>
   <div class='ocr_carea' id='block_1_78' title="bbox 2234 3358 3801 3448">
    <p class='ocr_par' dir='ltr' id='par_1_78' title="bbox 2234 3358 3801 3448">
     <span class='ocr_line' id='line_1_78' title="bbox 2234 3358 3801 3448; baseline -0.017 -13"><span class='ocrx_word' id='word_1_595' title='bbox 2234 3381 2437 3436; x_wconf 78' lang='grc' dir='ltr'>κοῦσαν</span> <span class='ocrx_word' id='word_1_596' title='bbox 2489 3376 2787 3448; x_wconf 81' lang='grc' dir='ltr'>ἡγούμενος</span> <span class='ocrx_word' id='word_1_597' title='bbox 2841 3370 2933 3424; x_wconf 74' lang='grc' dir='ltr'><strong>τοῦ</strong></span> <span class='ocrx_word' id='word_1_598' title='bbox 2988 3368 3186 3438; x_wconf 78' lang='grc' dir='ltr'>μέρους</span> <span class='ocrx_word' id='word_1_599' title='bbox 3232 3363 3420 3416; x_wconf 90' lang='grc' dir='ltr'>τούτου</span> <span class='ocrx_word' id='word_1_600' title='bbox 3465 3358 3801 3421; x_wconf 78' lang='grc' dir='ltr'>διδάσκαλον,</span> 
     </span>
    </p>
   </div>
   <div class='ocr_carea' id='block_1_79' title="bbox 2235 3447 3807 3543">
    <p class='ocr_par' dir='ltr' id='par_1_79' title="bbox 2235 3447 3807 3543">
     <span class='ocr_line' id='line_1_79' title="bbox 2235 3447 3807 3543; baseline -0.018 -17"><span class='ocrx_word' id='word_1_601' title='bbox 2235 3473 2332 3543; x_wconf 80' lang='grc' dir='ltr'><strong>τὴν</strong></span> <span class='ocrx_word' id='word_1_602' title='bbox 2361 3447 2598 3540; x_wconf 78' lang='grc' dir='ltr'>ἔμφυτόν</span> <span class='ocrx_word' id='word_1_603' title='bbox 2621 3483 2679 3518; x_wconf 89' lang='grc' dir='ltr'><strong>τε</strong></span> <span class='ocrx_word' id='word_1_604' title='bbox 2711 3465 2805 3517; x_wconf 69' lang='grc' dir='ltr'><strong>καὶ</strong></span> <span class='ocrx_word' id='word_1_605' title='bbox 2836 3461 3067 3529; x_wconf 88' lang='grc' dir='ltr'>συγγενῆ</span> <span class='ocrx_word' id='word_1_606' title='bbox 3105 3457 3202 3525; x_wconf 79' lang='grc' dir='ltr'><strong>τῆς</strong></span> <span class='ocrx_word' id='word_1_607' title='bbox 3241 3454 3454 3523; x_wconf 81' lang='grc' dir='ltr'>φύσεως</span> <span class='ocrx_word' id='word_1_608' title='bbox 3482 3447 3635 3520; x_wconf 81' lang='grc' dir='ltr'>ἡμῶν</span> <span class='ocrx_word' id='word_1_609' title='bbox 3668 3448 3807 3519; x_wconf 80' lang='grc' dir='ltr'>πρὸς</span> 
     </span>
    </p>
   </div>
   <div class='ocr_carea' id='block_1_80' title="bbox 2235 3543 3811 3632">
    <p class='ocr_par' dir='ltr' id='par_1_80' title="bbox 2235 3543 3811 3632">
     <span class='ocr_line' id='line_1_80' title="bbox 2235 3543 3811 3632; baseline -0.016 -15"><span class='ocrx_word' id='word_1_610' title='bbox 2235 3563 2326 3616; x_wconf 83' lang='grc' dir='ltr'><strong>τὸν</strong></span> <span class='ocrx_word' id='word_1_611' title='bbox 2355 3562 2494 3632; x_wconf 85' lang='grc' dir='ltr'>ἀέρα</span> <span class='ocrx_word' id='word_1_612' title='bbox 2528 3557 2728 3628; x_wconf 81' lang='grc' dir='ltr'>σχέσιν·</span> <span class='ocrx_word' id='word_1_613' title='bbox 2754 3555 2821 3607; x_wconf 81' lang='grc' dir='ltr'><strong>τά</strong></span> <span class='ocrx_word' id='word_1_614' title='bbox 2851 3554 2906 3606; x_wconf 76' lang='grc' dir='ltr'><strong>δὲ</strong></span> <span class='ocrx_word' id='word_1_615' title='bbox 2937 3552 2993 3603; x_wconf 80' lang='grc' dir='ltr'>ἐν</span> <span class='ocrx_word' id='word_1_616' title='bbox 3019 3548 3165 3618; x_wconf 79' lang='grc' dir='ltr'>αὐτῷ</span> <span class='ocrx_word' id='word_1_617' title='bbox 3187 3545 3326 3600; x_wconf 70' lang='grc' dir='ltr'>κατὰ</span> <span class='ocrx_word' id='word_1_618' title='bbox 3347 3544 3442 3614; x_wconf 81' lang='grc' dir='ltr'>τὴν</span> <span class='ocrx_word' id='word_1_619' title='bbox 3477 3543 3648 3595; x_wconf 86' lang='grc' dir='ltr'>κτίσιν</span> <span class='ocrx_word' id='word_1_620' title='bbox 3680 3557 3811 3607; x_wconf 78' lang='grc' dir='ltr'>φαι-</span> 
     </span>
    </p>
   </div>
   <div class='ocr_carea' id='block_1_81' title="bbox 2237 3631 3803 3725">
    <p class='ocr_par' dir='ltr' id='par_1_81' title="bbox 2237 3631 3803 3725">
     <span class='ocr_line' id='line_1_81' title="bbox 2237 3631 3803 3725; baseline -0.017 -18"><span class='ocrx_word' id='word_1_621' title='bbox 2237 3655 2457 3725; x_wconf 82' lang='grc' dir='ltr'>νόμενα,</span> <span class='ocrx_word' id='word_1_622' title='bbox 2478 3652 2623 3712; x_wconf 82' lang='grc' dir='ltr'>ὅπως</span> <span class='ocrx_word' id='word_1_623' title='bbox 2645 3648 2713 3700; x_wconf 83' lang='grc' dir='ltr'><strong>τά</strong></span> <span class='ocrx_word' id='word_1_624' title='bbox 2734 3645 2851 3699; x_wconf 79' lang='grc' dir='ltr'>καθ’</span> <span class='ocrx_word' id='word_1_625' title='bbox 2875 3644 3102 3696; x_wconf 73' lang='grc' dir='ltr'>ἕκαστον</span> <span class='ocrx_word' id='word_1_626' title='bbox 3131 3639 3278 3709; x_wconf 82' lang='grc' dir='ltr'>ἔσχε,</span> <span class='ocrx_word' id='word_1_627' title='bbox 3298 3635 3375 3707; x_wconf 78' lang='grc' dir='ltr'>τῷ</span> <span class='ocrx_word' id='word_1_628' title='bbox 3398 3635 3540 3704; x_wconf 84' lang='grc' dir='ltr'>λόγῳ</span> <span class='ocrx_word' id='word_1_629' title='bbox 3565 3631 3803 3697; x_wconf 84' lang='grc' dir='ltr'>διέξεισι.</span> 
     </span>
    </p>
   </div>
   <div class='ocr_carea' id='block_1_82' title="bbox 2239 3723 3808 3817">
    <p class='ocr_par' dir='ltr' id='par_1_82' title="bbox 2239 3723 3808 3817">
     <span class='ocr_line' id='line_1_82' title="bbox 2239 3723 3808 3817; baseline -0.017 -17"><span class='ocrx_word' id='word_1_630' title='bbox 2239 3723 2621 3817; x_wconf 78' lang='grc' dir='ltr'>Παρελθούσης</span> <span class='ocrx_word' id='word_1_631' title='bbox 2668 3740 2777 3809; x_wconf 81' lang='grc' dir='ltr'>γὰρ</span> <span class='ocrx_word' id='word_1_632' title='bbox 2822 3738 2920 3806; x_wconf 79' lang='grc' dir='ltr'>τῆς</span> <span class='ocrx_word' id='word_1_633' title='bbox 2973 3733 3231 3802; x_wconf 83' lang='grc' dir='ltr'>δευτέρας</span> <span class='ocrx_word' id='word_1_634' title='bbox 3284 3729 3515 3799; x_wconf 79' lang='grc' dir='ltr'>ἡμέρας,</span> <span class='ocrx_word' id='word_1_635' title='bbox 3558 3723 3719 3817; x_wconf 85' lang='grc' dir='ltr'>πάλιν</span> 
     </span>
    </p>
   </div>
   <div class='ocr_carea' id='block_1_83' title="bbox 2243 3812 3810 3908">
    <p class='ocr_par' dir='ltr' id='par_1_83' title="bbox 2243 3812 3810 3908">
     <span class='ocr_line' id='line_1_83' title="bbox 2243 3812 3810 3908; baseline -0.019 -16"><span class='ocrx_word' id='word_1_636' title='bbox 2243 3812 2379 3908; x_wconf 63' lang='grc' dir='ltr'>σοιρή</span> <span class='ocrx_word' id='word_1_637' title='bbox 2412 3853 2470 3889; x_wconf 90' lang='grc' dir='ltr'><strong>τε</strong></span> <span class='ocrx_word' id='word_1_638' title='bbox 2499 3835 2591 3888; x_wconf 71' lang='grc' dir='ltr'><strong>καὶ</strong></span> <span class='ocrx_word' id='word_1_639' title='bbox 2629 3828 2995 3901; x_wconf 85' lang='grc' dir='ltr'>παναρμόνιος</span> <span class='ocrx_word' id='word_1_640' title='bbox 3021 3824 3130 3878; x_wconf 84' lang='grc' dir='ltr'>τῶν</span> <span class='ocrx_word' id='word_1_641' title='bbox 3172 3821 3464 3891; x_wconf 84' lang='grc' dir='ltr'>γινομένων</span> <span class='ocrx_word' id='word_1_642' title='bbox 3496 3816 3644 3880; x_wconf 81' lang='grc' dir='ltr'>τάξις</span> <span class='ocrx_word' id='word_1_643' title='bbox 3676 3816 3708 3883; x_wconf 79' lang='grc' dir='ltr'>ἡ</span> <span class='ocrx_word' id='word_1_644' title='bbox 3747 3812 3810 3862; x_wconf 84' lang='grc' dir='ltr'><strong>τὸ</strong></span> 
     </span>
    </p>
   </div>
   <div class='ocr_carea' id='block_1_84' title="bbox 2244 3905 3812 4001">
    <p class='ocr_par' dir='ltr' id='par_1_84' title="bbox 2244 3905 3812 4001">
     <span class='ocr_line' id='line_1_84' title="bbox 2244 3905 3812 4001; baseline -0.019 -17"><span class='ocrx_word' id='word_1_645' title='bbox 2244 3905 2386 4001; x_wconf 80' lang='grc' dir='ltr'>ὓδωρ</span> <span class='ocrx_word' id='word_1_646' title='bbox 2413 3928 2509 3998; x_wconf 78' lang='grc' dir='ltr'>τῆς</span> <span class='ocrx_word' id='word_1_647' title='bbox 2540 3925 2639 3996; x_wconf 82' lang='grc' dir='ltr'><strong>γῆς</strong></span> <span class='ocrx_word' id='word_1_648' title='bbox 2674 3921 3061 3992; x_wconf 86' lang='grc' dir='ltr'>ἀποκρίνουσα,</span> <span class='ocrx_word' id='word_1_649' title='bbox 3094 3915 3228 3968; x_wconf 77' lang='grc' dir='ltr'>Θεοῦ</span> <span class='ocrx_word' id='word_1_650' title='bbox 3271 3910 3418 3983; x_wconf 82' lang='grc' dir='ltr'>φωνὴ</span> <span class='ocrx_word' id='word_1_651' title='bbox 3449 3909 3542 3961; x_wconf 70' lang='grc' dir='ltr'>καὶ</span> <span class='ocrx_word' id='word_1_652' title='bbox 3568 3905 3812 3975; x_wconf 77' lang='grc' dir='ltr'>πρόστα-</span> 
     </span>
    </p>
   </div>
   <div class='ocr_carea' id='block_1_85' title="bbox 2244 3997 3812 4094">
    <p class='ocr_par' dir='ltr' id='par_1_85' title="bbox 2244 3997 3812 4094">
     <span class='ocr_line' id='line_1_85' title="bbox 2244 3997 3812 4094; baseline -0.017 -19"><span class='ocrx_word' id='word_1_653' title='bbox 2244 3997 2619 4094; x_wconf 24' lang='grc' dir='ltr'>γματλέγεταιο</span> <span class='ocrx_word' id='word_1_654' title='bbox 2649 4012 2861 4085; x_wconf 82' lang='grc' dir='ltr'>ἀληθῶς</span> <span class='ocrx_word' id='word_1_655' title='bbox 2885 4013 2992 4081; x_wconf 84' lang='grc' dir='ltr'>γὰρ</span> <span class='ocrx_word' id='word_1_656' title='bbox 3019 4011 3126 4062; x_wconf 81' lang='grc' dir='ltr'><strong>πᾶν</strong></span> <span class='ocrx_word' id='word_1_657' title='bbox 3155 4007 3215 4059; x_wconf 82' lang='grc' dir='ltr'><strong>τὸ</strong></span> <span class='ocrx_word' id='word_1_658' title='bbox 3237 4008 3294 4059; x_wconf 81' lang='grc' dir='ltr'><strong>έν</strong></span> <span class='ocrx_word' id='word_1_659' title='bbox 3323 4002 3483 4070; x_wconf 81' lang='grc' dir='ltr'>σοφίᾳ</span> <span class='ocrx_word' id='word_1_660' title='bbox 3504 3997 3812 4067; x_wconf 82' lang='grc' dir='ltr'>γινόμενον,</span> 
     </span>
    </p>
   </div>
   <div class='ocr_carea' id='block_1_86' title="bbox 2244 4089 3813 4180">
    <p class='ocr_par' dir='ltr' id='par_1_86' title="bbox 2244 4089 3813 4180">
     <span class='ocr_line' id='line_1_86' title="bbox 2244 4089 3813 4180; baseline -0.018 -13"><span class='ocrx_word' id='word_1_661' title='bbox 2244 4089 2378 4172; x_wconf 63' lang='grc' dir='ltr'>Θεοῦ</span> <span class='ocrx_word' id='word_1_662' title='bbox 2404 4114 2557 4180; x_wconf 85' lang='grc' dir='ltr'>λόγος</span> <span class='ocrx_word' id='word_1_663' title='bbox 2582 4109 2746 4170; x_wconf 72' lang='grc' dir='ltr'>ἐστὶν,</span> <span class='ocrx_word' id='word_1_664' title='bbox 2777 4106 2875 4158; x_wconf 77' lang='grc' dir='ltr'><strong>οὐκ</strong></span> <span class='ocrx_word' id='word_1_665' title='bbox 2905 4102 3151 4174; x_wconf 82' lang='grc' dir='ltr'>ὀργάνοις</span> <span class='ocrx_word' id='word_1_666' title='bbox 3174 4097 3283 4149; x_wconf 72' lang='grc' dir='ltr'>τισὶ</span> <span class='ocrx_word' id='word_1_667' title='bbox 3314 4093 3637 4164; x_wconf 82' lang='grc' dir='ltr'>φωνητικοῖς</span> <span class='ocrx_word' id='word_1_668' title='bbox 3660 4089 3813 4180; x_wconf 72' lang='grc' dir='ltr'>διαρο</span> 
     </span>
    </p>
   </div>
   <div class='ocr_carea' id='block_1_87' title="bbox 2246 4177 3817 4275">
    <p class='ocr_par' dir='ltr' id='par_1_87' title="bbox 2246 4177 3817 4275">
     <span class='ocr_line' id='line_1_87' title="bbox 2246 4177 3817 4275; baseline -0.02 -17"><span class='ocrx_word' id='word_1_669' title='bbox 2246 4177 2571 4275; x_wconf 23' lang='grc' dir='ltr'>θρσύμεννος,</span> <span class='ocrx_word' id='word_1_670' title='bbox 2621 4195 2756 4251; x_wconf 82' lang='grc' dir='ltr'>ἀλλὰ</span> <span class='ocrx_word' id='word_1_671' title='bbox 2787 4195 2850 4246; x_wconf 84' lang='grc' dir='ltr'>δι’</span> <span class='ocrx_word' id='word_1_672' title='bbox 2885 4191 3065 4246; x_wconf 82' lang='grc' dir='ltr'>αὐτῶν</span> <span class='ocrx_word' id='word_1_673' title='bbox 3113 4183 3524 4256; x_wconf 73' lang='grc' dir='ltr'>έκφωνούμενος</span> <span class='ocrx_word' id='word_1_674' title='bbox 3617 4177 3724 4231; x_wconf 83' lang='grc' dir='ltr'><strong>τῶν</strong></span> <span class='ocrx_word' id='word_1_675' title='bbox 3758 4178 3817 4229; x_wconf 82' lang='grc' dir='ltr'>ὲν</span> 
     </span>
    </p>
   </div>
   <div class='ocr_carea' id='block_1_88' title="bbox 2247 4267 3808 4364">
    <p class='ocr_par' dir='ltr' id='par_1_88' title="bbox 2247 4267 3808 4364">
     <span class='ocr_line' id='line_1_88' title="bbox 2247 4267 3808 4364; baseline -0.019 -15"><span class='ocrx_word' id='word_1_676' title='bbox 2247 4267 2356 4358; x_wconf 79' lang='grc' dir='ltr'>τοῖς</span> <span class='ocrx_word' id='word_1_677' title='bbox 2384 4267 2729 4364; x_wconf 59' lang='grc' dir='ltr'>ιραινομένοις</span> <span class='ocrx_word' id='word_1_678' title='bbox 2761 4283 3073 4356; x_wconf 86' lang='grc' dir='ltr'>θαυμάτων.</span> <span class='ocrx_word' id='word_1_679' title='bbox 3111 4280 3229 4333; x_wconf 85' lang='grc' dir='ltr'>Ἔτι</span> <span class='ocrx_word' id='word_1_680' title='bbox 3273 4279 3382 4345; x_wconf 82' lang='grc' dir='ltr'><strong>γὰρ</strong></span> <span class='ocrx_word' id='word_1_681' title='bbox 3425 4267 3808 4344; x_wconf 75' lang='grc' dir='ltr'>συμπεφυρμέο</span> 
     </span>
    </p>
   </div>
   <div class='ocr_carea' id='block_1_89' title="bbox 2249 4363 3815 4455">
    <p class='ocr_par' dir='ltr' id='par_1_89' title="bbox 2249 4363 3815 4455">
     <span class='ocr_line' id='line_1_89' title="bbox 2249 4363 3815 4455; baseline -0.016 -19"><span class='ocrx_word' id='word_1_682' title='bbox 2249 4405 2345 4455; x_wconf 79' lang='grc' dir='ltr'><strong>νης</strong></span> <span class='ocrx_word' id='word_1_683' title='bbox 2392 4383 2528 4454; x_wconf 85' lang='grc' dir='ltr'>πρὸς</span> <span class='ocrx_word' id='word_1_684' title='bbox 2560 4380 2657 4452; x_wconf 86' lang='grc' dir='ltr'>τὴν</span> <span class='ocrx_word' id='word_1_685' title='bbox 2707 4375 2878 4447; x_wconf 74' lang='grc' dir='ltr'>ὑγρὰν</span> <span class='ocrx_word' id='word_1_686' title='bbox 2912 4373 3071 4443; x_wconf 82' lang='grc' dir='ltr'>φύσιν</span> <span class='ocrx_word' id='word_1_687' title='bbox 3101 4372 3200 4441; x_wconf 84' lang='grc' dir='ltr'>τῆς</span> <span class='ocrx_word' id='word_1_688' title='bbox 3228 4367 3460 4439; x_wconf 86' lang='grc' dir='ltr'>γεώδους</span> <span class='ocrx_word' id='word_1_689' title='bbox 3493 4363 3815 4455; x_wconf 69' lang='grc' dir='ltr'>ποιότητος,</span> 
     </span>
    </p>
   </div>
   <div class='ocr_carea' id='block_1_90' title="bbox 570 4449 2129 4546">
    <p class='ocr_par' dir='ltr' id='par_1_90' title="bbox 570 4459 2129 4536">
     <span class='ocr_line' id='line_1_90' title="bbox 570 4459 2129 4536; baseline -0.005 -16"><span class='ocrx_word' id='word_1_690' title='bbox 570 4468 794 4522; x_wconf 87' lang='lat' dir='ltr'><strong>milibus</strong></span> <span class='ocrx_word' id='word_1_691' title='bbox 830 4467 1116 4536; x_wconf 79' lang='lat' dir='ltr'><strong>particulis</strong></span> <span class='ocrx_word' id='word_1_692' title='bbox 1150 4467 1202 4520; x_wconf 91' lang='lat' dir='ltr'><strong>in</strong></span> <span class='ocrx_word' id='word_1_693' title='bbox 1233 4465 1468 4522; x_wconf 90' lang='lat' dir='ltr'><strong>solidum</strong></span> <span class='ocrx_word' id='word_1_694' title='bbox 1519 4463 1779 4526; x_wconf 87' lang='lat' dir='ltr'><strong>redactis,</strong></span> <span class='ocrx_word' id='word_1_695' title='bbox 1822 4475 1885 4515; x_wconf 91' lang='lat' dir='ltr'><strong>ac</strong></span> <span class='ocrx_word' id='word_1_696' title='bbox 1939 4459 2129 4514; x_wconf 89' lang='lat' dir='ltr'><strong>consti-</strong></span> 
     </span>
    </p>
   </div>
   <div class='ocr_carea' id='block_1_91' title="bbox 2231 4449 3817 4546">
    <p class='ocr_par' dir='ltr' id='par_1_91' title="bbox 2251 4449 3817 4546">
     <span class='ocr_line' id='line_1_91' title="bbox 2251 4449 3817 4546; baseline -0.02 -14"><span class='ocrx_word' id='word_1_697' title='bbox 2251 4449 2392 4540; x_wconf 76' lang='grc' dir='ltr'>τίνος</span> <span class='ocrx_word' id='word_1_698' title='bbox 2412 4449 2479 4546; x_wconf 53' lang='grc' dir='ltr'>ἦν</span> <span class='ocrx_word' id='word_1_699' title='bbox 2509 4449 2716 4543; x_wconf 79' lang='grc' dir='ltr'>ἐτέρου,</span> <span class='ocrx_word' id='word_1_700' title='bbox 2744 4469 2840 4538; x_wconf 84' lang='grc' dir='ltr'><strong>τὴν</strong></span> <span class='ocrx_word' id='word_1_701' title='bbox 2874 4466 2970 4536; x_wconf 86' lang='grc' dir='ltr'><strong>μὲν</strong></span> <span class='ocrx_word' id='word_1_702' title='bbox 3007 4465 3109 4534; x_wconf 83' lang='grc' dir='ltr'>γῆν</span> <span class='ocrx_word' id='word_1_703' title='bbox 3131 4465 3248 4525; x_wconf 87' lang='grc' dir='ltr'>ταῖς</span> <span class='ocrx_word' id='word_1_704' title='bbox 3281 4459 3437 4521; x_wconf 77' lang='grc' dir='ltr'>ἰδίαις</span> <span class='ocrx_word' id='word_1_705' title='bbox 3464 4449 3817 4509; x_wconf 86' lang='grc' dir='ltr'>καταπυκνῶ-</span> 
     </span>
    </p>
   </div>
   <div class='ocr_carea' id='block_1_92' title="bbox 570 4549 2146 4626">
    <p class='ocr_par' dir='ltr' id='par_1_92' title="bbox 570 4549 2146 4626">
     <span class='ocr_line' id='line_1_92' title="bbox 570 4549 2146 4626; baseline -0.004 -17"><span class='ocrx_word' id='word_1_706' title='bbox 570 4560 737 4626; x_wconf 83' lang='lat' dir='ltr'><strong>patis,</strong></span> <span class='ocrx_word' id='word_1_707' title='bbox 770 4559 1150 4612; x_wconf 86' lang='lat' dir='ltr'><strong>humiditatem</strong></span> <span class='ocrx_word' id='word_1_708' title='bbox 1191 4558 1408 4612; x_wconf 89' lang='lat' dir='ltr'><strong>insitam</strong></span> <span class='ocrx_word' id='word_1_709' title='bbox 1439 4556 1507 4610; x_wconf 89' lang='lat' dir='ltr'><strong>ab</strong></span> <span class='ocrx_word' id='word_1_710' title='bbox 1541 4556 1659 4626; x_wconf 89' lang='lat' dir='ltr'><strong>ipsa</strong></span> <span class='ocrx_word' id='word_1_711' title='bbox 1691 4551 1995 4610; x_wconf 87' lang='lat' dir='ltr'><strong>secluderet</strong></span> <span class='ocrx_word' id='word_1_712' title='bbox 2016 4591 2029 4614; x_wconf 96' lang='lat'><strong>,</strong></span> <span class='ocrx_word' id='word_1_713' title='bbox 2064 4549 2146 4604; x_wconf 90' lang='lat' dir='ltr'><strong>vel</strong></span> 
     </span>
    </p>
   </div>
   <div class='ocr_carea' id='block_1_93' title="bbox 573 4639 2151 4717">
    <p class='ocr_par' dir='ltr' id='par_1_93' title="bbox 573 4639 2151 4717">
     <span class='ocr_line' id='line_1_93' title="bbox 573 4639 2151 4717; baseline -0.004 -17"><span class='ocrx_word' id='word_1_714' title='bbox 573 4663 768 4717; x_wconf 86' lang='lat' dir='ltr'><strong>aquam</strong></span> <span class='ocrx_word' id='word_1_715' title='bbox 811 4655 970 4702; x_wconf 66' lang='lat' dir='ltr'><strong>terrae</strong></span> <span class='ocrx_word' id='word_1_716' title='bbox 1020 4650 1270 4702; x_wconf 89' lang='lat' dir='ltr'><strong>cavernis</strong></span> <span class='ocrx_word' id='word_1_717' title='bbox 1335 4648 1630 4702; x_wconf 88' lang='lat' dir='ltr'><strong>cohibitam</strong></span> <span class='ocrx_word' id='word_1_718' title='bbox 1665 4654 1718 4700; x_wconf 92' lang='lat' dir='ltr'><strong>et</strong></span> <span class='ocrx_word' id='word_1_719' title='bbox 1766 4643 2032 4698; x_wconf 89' lang='lat' dir='ltr'><strong>inclusam</strong></span> <span class='ocrx_word' id='word_1_720' title='bbox 2083 4639 2151 4695; x_wconf 90' lang='lat' dir='ltr'><strong>ab</strong></span> 
     </span>
    </p>
   </div>
   <div class='ocr_carea' id='block_1_94' title="bbox 572 4737 2146 4808">
    <p class='ocr_par' dir='ltr' id='par_1_94' title="bbox 572 4737 2146 4808">
     <span class='ocr_line' id='line_1_94' title="bbox 572 4737 2146 4808; baseline -0.005 -14"><span class='ocrx_word' id='word_1_721' title='bbox 572 4741 694 4808; x_wconf 84' lang='lat' dir='ltr'><strong>ejus</strong></span> <span class='ocrx_word' id='word_1_722' title='bbox 725 4738 1080 4808; x_wconf 88' lang='lat' dir='ltr'><strong>permistione</strong></span> <span class='ocrx_word' id='word_1_723' title='bbox 1110 4752 1415 4804; x_wconf 88' lang='lat' dir='ltr'><strong>secernere,</strong></span> <span class='ocrx_word' id='word_1_724' title='bbox 1443 4745 1605 4807; x_wconf 89' lang='lat' dir='ltr'><strong>atque</strong></span> <span class='ocrx_word' id='word_1_725' title='bbox 1629 4737 1684 4790; x_wconf 91' lang='lat' dir='ltr'><strong>in</strong></span> <span class='ocrx_word' id='word_1_726' title='bbox 1717 4749 1883 4791; x_wconf 90' lang='lat' dir='ltr'><strong>unum</strong></span> <span class='ocrx_word' id='word_1_727' title='bbox 1918 4747 2146 4803; x_wconf 78' lang='lat' dir='ltr'><strong>congre-</strong></span> 
     </span>
    </p>
   </div>
   <div class='ocr_carea' id='block_1_95' title="bbox 574 4831 748 4903">
    <p class='ocr_par' dir='ltr' id='par_1_95' title="bbox 574 4831 748 4903">
     <span class='ocr_line' id='line_1_95' title="bbox 574 4831 748 4903; baseline -0.011 -17"><span class='ocrx_word' id='word_1_728' title='bbox 574 4831 748 4903; x_wconf 76' lang='lat' dir='ltr'><strong>gare?</strong></span> 
     </span>
    </p>
   </div>
   <div class='ocr_carea' id='block_1_96' title="bbox 2253 4539 3820 4634">
    <p class='ocr_par' dir='ltr' id='par_1_96' title="bbox 2253 4539 3820 4634">
     <span class='ocr_line' id='line_1_96' title="bbox 2253 4539 3820 4634; baseline -0.02 -12"><span class='ocrx_word' id='word_1_729' title='bbox 2253 4587 2343 4623; x_wconf 86' lang='grc' dir='ltr'><strong>σαι</strong></span> <span class='ocrx_word' id='word_1_730' title='bbox 2379 4565 2674 4634; x_wconf 79' lang='grc' dir='ltr'>ποιότησιν,</span> <span class='ocrx_word' id='word_1_731' title='bbox 2709 4559 2847 4612; x_wconf 82' lang='grc' dir='ltr'>ὥστε</span> <span class='ocrx_word' id='word_1_732' title='bbox 2871 4555 3088 4609; x_wconf 90' lang='grc' dir='ltr'>πάντων</span> <span class='ocrx_word' id='word_1_733' title='bbox 3118 4551 3282 4622; x_wconf 79' lang='grc' dir='ltr'>αὐτῆς</span> <span class='ocrx_word' id='word_1_734' title='bbox 3315 4548 3423 4600; x_wconf 82' lang='grc' dir='ltr'>τῶν</span> <span class='ocrx_word' id='word_1_735' title='bbox 3453 4544 3653 4618; x_wconf 89' lang='grc' dir='ltr'>μορίων</span> <span class='ocrx_word' id='word_1_736' title='bbox 3683 4539 3820 4611; x_wconf 82' lang='grc' dir='ltr'>πρὸς</span> 
     </span>
    </p>
   </div>
   <div class='ocr_carea' id='block_1_97' title="bbox 2250 4634 3821 4729">
    <p class='ocr_par' dir='ltr' id='par_1_97' title="bbox 2250 4634 3821 4729">
     <span class='ocr_line' id='line_1_97' title="bbox 2250 4634 3821 4729; baseline -0.02 -14"><span class='ocrx_word' id='word_1_737' title='bbox 2250 4661 2318 4716; x_wconf 81' lang='grc' dir='ltr'>τὰ</span> <span class='ocrx_word' id='word_1_738' title='bbox 2359 4657 2575 4729; x_wconf 70' lang='grc' dir='ltr'>ὁμοφυῆ</span> <span class='ocrx_word' id='word_1_739' title='bbox 2604 4649 3062 4723; x_wconf 87' lang='grc' dir='ltr'>συμπιεσθέντων,</span> <span class='ocrx_word' id='word_1_740' title='bbox 3096 4648 3153 4698; x_wconf 86' lang='grc' dir='ltr'><strong>ὲν</strong></span> <span class='ocrx_word' id='word_1_741' title='bbox 3189 4644 3265 4714; x_wconf 79' lang='grc' dir='ltr'><strong>τῷ</strong></span> <span class='ocrx_word' id='word_1_742' title='bbox 3294 4638 3470 4710; x_wconf 82' lang='grc' dir='ltr'>ναστῷ</span> <span class='ocrx_word' id='word_1_743' title='bbox 3505 4653 3562 4690; x_wconf 89' lang='grc' dir='ltr'><strong>τε</strong></span> <span class='ocrx_word' id='word_1_744' title='bbox 3591 4634 3688 4688; x_wconf 69' lang='grc' dir='ltr'>καὶ</span> <span class='ocrx_word' id='word_1_745' title='bbox 3723 4650 3821 4685; x_wconf 84' lang='grc' dir='ltr'>πε-</span> 
     </span>
    </p>
   </div>
   <div class='ocr_carea' id='block_1_98' title="bbox 2251 4725 3821 4823">
    <p class='ocr_par' dir='ltr' id='par_1_98' title="bbox 2251 4725 3821 4823">
     <span class='ocr_line' id='line_1_98' title="bbox 2251 4725 3821 4823; baseline -0.019 -17"><span class='ocrx_word' id='word_1_746' title='bbox 2251 4725 2535 4823; x_wconf 84' lang='grc' dir='ltr'>πιλημένῳ</span> <span class='ocrx_word' id='word_1_747' title='bbox 2561 4725 2854 4812; x_wconf 73' lang='grc' dir='ltr'>ἀποθλῖψαι</span> <span class='ocrx_word' id='word_1_748' title='bbox 2877 4741 2971 4794; x_wconf 83' lang='grc' dir='ltr'>ἀπ’</span> <span class='ocrx_word' id='word_1_749' title='bbox 3001 4739 3168 4808; x_wconf 78' lang='grc' dir='ltr'>αὐτῆς</span> <span class='ocrx_word' id='word_1_750' title='bbox 3197 4737 3295 4807; x_wconf 81' lang='grc' dir='ltr'>τὴν</span> <span class='ocrx_word' id='word_1_751' title='bbox 3319 4729 3642 4802; x_wconf 79' lang='grc' dir='ltr'>έγκειμένην</span> <span class='ocrx_word' id='word_1_752' title='bbox 3664 4725 3821 4796; x_wconf 82' lang='grc' dir='ltr'>ὑγρό-</span> 
     </span>
    </p>
   </div>
   <div class='ocr_carea' id='block_1_99' title="bbox 2249 4819 3822 4917">
    <p class='ocr_par' dir='ltr' id='par_1_99' title="bbox 2249 4819 3822 4917">
     <span class='ocr_line' id='line_1_99' title="bbox 2249 4819 3822 4917; baseline -0.022 -16"><span class='ocrx_word' id='word_1_753' title='bbox 2249 4819 2406 4917; x_wconf 50' lang='grc' dir='ltr'>τηταλ</span> <span class='ocrx_word' id='word_1_754' title='bbox 2443 4841 2501 4894; x_wconf 80' lang='grc' dir='ltr'>τὸ</span> <span class='ocrx_word' id='word_1_755' title='bbox 2533 4840 2589 4892; x_wconf 81' lang='grc' dir='ltr'>δὲ</span> <span class='ocrx_word' id='word_1_756' title='bbox 2618 4837 2760 4907; x_wconf 82' lang='grc' dir='ltr'>ὓδωρ</span> <span class='ocrx_word' id='word_1_757' title='bbox 2790 4831 3122 4903; x_wconf 86' lang='grc' dir='ltr'>διακρίνεται</span> <span class='ocrx_word' id='word_1_758' title='bbox 3158 4827 3257 4897; x_wconf 75' lang='grc' dir='ltr'><strong>τῆς</strong></span> <span class='ocrx_word' id='word_1_759' title='bbox 3289 4825 3422 4896; x_wconf 81' lang='grc' dir='ltr'>πρὸς</span> <span class='ocrx_word' id='word_1_760' title='bbox 3447 4822 3544 4891; x_wconf 79' lang='grc' dir='ltr'><strong>τὴν</strong></span> <span class='ocrx_word' id='word_1_761' title='bbox 3570 4819 3676 4887; x_wconf 80' lang='grc' dir='ltr'>γῆν</span> <span class='ocrx_word' id='word_1_762' title='bbox 3703 4819 3822 4917; x_wconf 43' lang='grc' dir='ltr'><strong>ἐξ.</strong></span> 
     </span>
    </p>
   </div>
   <div class='ocr_carea' id='block_1_100' title="bbox 579 4906 3823 5030">
    <p class='ocr_par' dir='ltr' id='par_1_100' title="bbox 579 4906 3823 5030">
     <span class='ocr_line' id='line_1_100' title="bbox 579 4906 3823 5030; baseline -0.012 -17"><span class='ocrx_word' id='word_1_763' title='bbox 579 4959 795 5030; x_wconf 78' lang='grc' dir='ltr'>μιξίας,</span> <span class='ocrx_word' id='word_1_764' title='bbox 839 4959 934 5011; x_wconf 56' lang='grc' dir='ltr'><strong>καὶ⁸</strong></span> <span class='ocrx_word' id='word_1_765' title='bbox 977 4957 1104 5028; x_wconf 75' lang='grc' dir='ltr'>περὶ</span> <span class='ocrx_word' id='word_1_766' title='bbox 1138 4956 1299 5010; x_wconf 80' lang='grc' dir='ltr'>ἑαυτὸ</span> <span class='ocrx_word' id='word_1_767' title='bbox 1343 4953 1718 5023; x_wconf 88' lang='grc' dir='ltr'>συναγείρεται</span> <span class='ocrx_word' id='word_1_768' title='bbox 1759 4953 1878 5013; x_wconf 81' lang='grc' dir='ltr'>ταῖς</span> <span class='ocrx_word' id='word_1_769' title='bbox 1916 4950 2190 5018; x_wconf 78' lang='grc' dir='ltr'>κοιλότησι</span> <span class='ocrx_word' id='word_1_770' title='bbox 2240 4906 2338 5012; x_wconf 40' lang='grc' dir='ltr'><strong>τῆΙς</strong></span> <span class='ocrx_word' id='word_1_771' title='bbox 2375 4937 2476 5006; x_wconf 73' lang='grc' dir='ltr'>γῆς</span> <span class='ocrx_word' id='word_1_772' title='bbox 2517 4927 2982 5000; x_wconf 76' lang='grc' dir='ltr'>ἐγκρατούμενον;</span> <span class='ocrx_word' id='word_1_773' title='bbox 3023 4920 3146 4973; x_wconf 58' lang='grc' dir='ltr'>ἐπεὶ</span> <span class='ocrx_word' id='word_1_774' title='bbox 3193 4914 3284 4971; x_wconf 70' lang='grc' dir='ltr'>οὖν</span> <span class='ocrx_word' id='word_1_775' title='bbox 3317 4915 3464 4978; x_wconf 80' lang='grc' dir='ltr'>θείας</span> <span class='ocrx_word' id='word_1_776' title='bbox 3508 4912 3584 4973; x_wconf 74' lang='grc' dir='ltr'><strong>ὡς</strong></span> <span class='ocrx_word' id='word_1_777' title='bbox 3615 4906 3823 4979; x_wconf 76' lang='grc' dir='ltr'>ἀληθῶς</span> 
     </span>
    </p>
   </div>
   <div class='ocr_carea' id='block_1_101' title="bbox 575 5045 1872 5123">
    <p class='ocr_par' dir='ltr' id='par_1_101' title="bbox 575 5045 1872 5123">
     <span class='ocr_line' id='line_1_101' title="bbox 575 5045 1872 5123; baseline -0.005 -19"><span class='ocrx_word' id='word_1_778' title='bbox 575 5050 856 5123; x_wconf 85' lang='grc' dir='ltr'>δυνάμεώς</span> <span class='ocrx_word' id='word_1_779' title='bbox 889 5069 946 5104; x_wconf 89' lang='grc' dir='ltr'><strong>τε</strong></span> <span class='ocrx_word' id='word_1_780' title='bbox 978 5053 1070 5106; x_wconf 71' lang='grc' dir='ltr'><strong>καὶ</strong></span> <span class='ocrx_word' id='word_1_781' title='bbox 1100 5051 1292 5119; x_wconf 78' lang='grc' dir='ltr'>σοφίας</span> <span class='ocrx_word' id='word_1_782' title='bbox 1323 5049 1384 5103; x_wconf 83' lang='grc' dir='ltr'>τὸ</span> <span class='ocrx_word' id='word_1_783' title='bbox 1428 5045 1663 5102; x_wconf 79' lang='grc' dir='ltr'>τοιοῦτόν</span> <span class='ocrx_word' id='word_1_784' title='bbox 1693 5046 1840 5096; x_wconf 77' lang='grc' dir='ltr'>ἐστιν</span> <span class='ocrx_word' id='word_1_785' title='bbox 1859 5084 1872 5098; x_wconf 93' lang='grc'><strong>.</strong></span> 
     </span>
    </p>
   </div>
   <div class='ocr_carea' id='block_1_102' title="bbox 646 5138 2148 5200">
    <p class='ocr_par' dir='ltr' id='par_1_102' title="bbox 646 5138 2148 5200">
     <span class='ocr_line' id='line_1_102' title="bbox 646 5138 2148 5200; baseline 0 -4"><span class='ocrx_word' id='word_1_786' title='bbox 646 5144 855 5200; x_wconf 89' lang='lat' dir='ltr'><strong>Idcirco</strong></span> <span class='ocrx_word' id='word_1_787' title='bbox 903 5142 1083 5199; x_wconf 78' lang='lat' dir='ltr'><strong>Moses</strong></span> <span class='ocrx_word' id='word_1_788' title='bbox 1127 5143 1252 5198; x_wconf 92' lang='lat' dir='ltr'><strong>huic</strong></span> <span class='ocrx_word' id='word_1_789' title='bbox 1310 5143 1388 5197; x_wconf 86' lang='lat' dir='ltr'><strong>rei</strong></span> <span class='ocrx_word' id='word_1_790' title='bbox 1443 5138 1779 5194; x_wconf 69' lang='lat' dir='ltr'><strong>admirandae</strong></span> <span class='ocrx_word' id='word_1_791' title='bbox 1840 5153 2148 5197; x_wconf 89' lang='lat' dir='ltr'><strong>sermonem</strong></span> 
     </span>
    </p>
   </div>
   <div class='ocr_carea' id='block_1_103' title="bbox 580 5229 2148 5304">
    <p class='ocr_par' dir='ltr' id='par_1_103' title="bbox 580 5229 2148 5304">
     <span class='ocr_line' id='line_1_103' title="bbox 580 5229 2148 5304; baseline -0.003 -16"><span class='ocrx_word' id='word_1_792' title='bbox 580 5233 674 5290; x_wconf 89' lang='lat' dir='ltr'><strong>Dei</strong></span> <span class='ocrx_word' id='word_1_793' title='bbox 701 5232 987 5304; x_wconf 70' lang='lat' dir='ltr'><strong>praefuisse</strong></span> <span class='ocrx_word' id='word_1_794' title='bbox 1019 5233 1171 5296; x_wconf 86' lang='lat' dir='ltr'><strong>dicit,</strong></span> <span class='ocrx_word' id='word_1_795' title='bbox 1214 5232 1529 5286; x_wconf 89' lang='lat' dir='ltr'><strong>mandatum</strong></span> <span class='ocrx_word' id='word_1_796' title='bbox 1564 5230 1738 5301; x_wconf 91' lang='lat' dir='ltr'><strong>ipsius</strong></span> <span class='ocrx_word' id='word_1_797' title='bbox 1763 5229 2148 5300; x_wconf 83' lang='lat' dir='ltr'><strong>explicantem,</strong></span> 
     </span>
    </p>
   </div>
   <div class='ocr_carea' id='block_1_104' title="bbox 581 5322 2148 5399">
    <p class='ocr_par' dir='ltr' id='par_1_104' title="bbox 581 5322 2148 5399">
     <span class='ocr_line' id='line_1_104' title="bbox 581 5322 2148 5399; baseline -0.004 -17"><span class='ocrx_word' id='word_1_798' title='bbox 581 5341 692 5399; x_wconf 88' lang='lat' dir='ltr'><strong>quo</strong></span> <span class='ocrx_word' id='word_1_799' title='bbox 720 5325 939 5397; x_wconf 90' lang='lat' dir='ltr'><strong>quidem</strong></span> <span class='ocrx_word' id='word_1_800' title='bbox 979 5325 1365 5397; x_wconf 70' lang='lat' dir='ltr'><strong>egomtionem</strong></span> <span class='ocrx_word' id='word_1_801' title='bbox 1415 5338 1596 5378; x_wconf 91' lang='lat' dir='ltr'><strong>rerum</strong></span> <span class='ocrx_word' id='word_1_802' title='bbox 1644 5322 1989 5378; x_wconf 89' lang='lat' dir='ltr'><strong>conditarum</strong></span> <span class='ocrx_word' id='word_1_803' title='bbox 2047 5337 2148 5376; x_wconf 89' lang='lat' dir='ltr'><strong>na-</strong></span> 
     </span>
    </p>
   </div>
   <div class='ocr_carea' id='block_1_105' title="bbox 585 5412 2147 5487">
    <p class='ocr_par' dir='ltr' id='par_1_105' title="bbox 585 5412 2147 5487">
     <span class='ocr_line' id='line_1_105' title="bbox 585 5412 2147 5487; baseline -0.005 -15"><span class='ocrx_word' id='word_1_804' title='bbox 585 5428 722 5474; x_wconf 75' lang='lat' dir='ltr'><strong>turae</strong></span> <span class='ocrx_word' id='word_1_805' title='bbox 775 5417 998 5472; x_wconf 89' lang='lat' dir='ltr'><strong>insitam</strong></span> <span class='ocrx_word' id='word_1_806' title='bbox 1050 5415 1349 5487; x_wconf 72' lang='lat' dir='ltr'><strong>significari</strong></span> <span class='ocrx_word' id='word_1_807' title='bbox 1381 5413 1596 5485; x_wconf 90' lang='lat' dir='ltr'><strong>judico.</strong></span> <span class='ocrx_word' id='word_1_808' title='bbox 1653 5431 1670 5464; x_wconf 78' lang='grc' dir='ltr'><strong>ι</strong></span> <span class='ocrx_word' id='word_1_809' title='bbox 1706 5412 1918 5474; x_wconf 68' lang='lat' dir='ltr'><strong>Dixit,»</strong></span> <span class='ocrx_word' id='word_1_810' title='bbox 1950 5412 2147 5482; x_wconf 87' lang='lat' dir='ltr'><strong>inquit,</strong></span> 
     </span>
    </p>
   </div>
   <div class='ocr_carea' id='block_1_106' title="bbox 591 5507 2154 5582">
    <p class='ocr_par' dir='ltr' id='par_1_106' title="bbox 591 5507 2154 5582">
     <span class='ocr_line' id='line_1_106' title="bbox 591 5507 2154 5582; baseline -0.003 -18"><span class='ocrx_word' id='word_1_811' title='bbox 591 5512 765 5568; x_wconf 65' lang='lat' dir='ltr'><strong>«Deus</strong></span> <span class='ocrx_word' id='word_1_812' title='bbox 798 5530 809 5567; x_wconf 91' lang='lat'><strong>:</strong></span> <span class='ocrx_word' id='word_1_813' title='bbox 845 5509 1126 5582; x_wconf 76' lang='lat' dir='ltr'><strong>Cogantur</strong></span> <span class='ocrx_word' id='word_1_814' title='bbox 1154 5509 1395 5581; x_wconf 66' lang='lat' dir='ltr'><strong>aqmiu</strong></span> <span class='ocrx_word' id='word_1_815' title='bbox 1428 5507 1887 5580; x_wconf 76' lang='lat' dir='ltr'><strong>congregationes</strong></span> <span class='ocrx_word' id='word_1_816' title='bbox 1919 5520 2069 5572; x_wconf 88' lang='lat' dir='ltr'><strong>suas,</strong></span> <span class='ocrx_word' id='word_1_817' title='bbox 2101 5517 2154 5561; x_wconf 85' lang='lat' dir='ltr'><strong>et</strong></span> 
     </span>
    </p>
   </div>
   <div class='ocr_carea' id='block_1_107' title="bbox 587 5595 2156 5674">
    <p class='ocr_par' dir='ltr' id='par_1_107' title="bbox 587 5595 2156 5674">
     <span class='ocr_line' id='line_1_107' title="bbox 587 5595 2156 5674; baseline -0.003 -18"><span class='ocrx_word' id='word_1_818' title='bbox 587 5611 844 5674; x_wconf 76' lang='lat' dir='ltr'><strong>appareat</strong></span> <span class='ocrx_word' id='word_1_819' title='bbox 873 5602 1112 5661; x_wconf 85' lang='lat' dir='ltr'><strong>arida&quot;.</strong></span> <span class='ocrx_word' id='word_1_820' title='bbox 1146 5622 1164 5656; x_wconf 74' lang='grc' dir='ltr'><strong>ι</strong></span> <span class='ocrx_word' id='word_1_821' title='bbox 1231 5601 1607 5659; x_wconf 68' lang='lat' dir='ltr'><strong>Necessarium</strong></span> <span class='ocrx_word' id='word_1_822' title='bbox 1653 5607 1860 5653; x_wconf 82' lang='lat' dir='ltr'><strong>naturae</strong></span> <span class='ocrx_word' id='word_1_823' title='bbox 1909 5595 2156 5653; x_wconf 86' lang='lat' dir='ltr'><strong>ordinem</strong></span> 
     </span>
    </p>
   </div>
   <div class='ocr_carea' id='block_1_108' title="bbox 664 5783 1032 5854">
    <p class='ocr_par' dir='ltr' id='par_1_108' title="bbox 664 5783 1032 5854">
     <span class='ocr_line' id='line_1_108' title="bbox 664 5783 1032 5854; baseline -0.005 -13"><span class='ocrx_word' id='word_1_824' title='bbox 664 5783 709 5816; x_wconf 71' lang='grc' dir='ltr'>η</span> <span class='ocrx_word' id='word_1_825' title='bbox 737 5783 869 5840; x_wconf 82' lang='lat' dir='ltr'><strong>Gen.</strong></span> <span class='ocrx_word' id='word_1_826' title='bbox 911 5799 949 5854; x_wconf 84' lang='grc' dir='ltr'><strong>ι,</strong></span> <span class='ocrx_word' id='word_1_827' title='bbox 979 5783 1032 5841; x_wconf 85' lang='lat'><strong>9.</strong></span> 
     </span>
    </p>
   </div>
   <div class='ocr_carea' id='block_1_109' title="bbox 2327 5105 3835 5204">
    <p class='ocr_par' dir='ltr' id='par_1_109' title="bbox 2327 5105 3835 5204">
     <span class='ocr_line' id='line_1_109' title="bbox 2327 5105 3835 5204; baseline -0.024 -10"><span class='ocrx_word' id='word_1_828' title='bbox 2327 5139 2528 5193; x_wconf 82' lang='grc' dir='ltr'>Τούτου</span> <span class='ocrx_word' id='word_1_829' title='bbox 2555 5135 2713 5204; x_wconf 88' lang='grc' dir='ltr'>χάριν</span> <span class='ocrx_word' id='word_1_830' title='bbox 2744 5132 2773 5183; x_wconf 85' lang='lat'><strong>6</strong></span> <span class='ocrx_word' id='word_1_831' title='bbox 2798 5123 3034 5192; x_wconf 84' lang='grc' dir='ltr'>Μωῦσῆς</span> <span class='ocrx_word' id='word_1_832' title='bbox 3067 5120 3222 5186; x_wconf 81' lang='grc' dir='ltr'>λόγον</span> <span class='ocrx_word' id='word_1_833' title='bbox 3251 5113 3385 5169; x_wconf 78' lang='grc' dir='ltr'>Θεοῦ</span> <span class='ocrx_word' id='word_1_834' title='bbox 3414 5129 3544 5184; x_wconf 86' lang='grc' dir='ltr'>φησι</span> <span class='ocrx_word' id='word_1_835' title='bbox 3571 5109 3686 5204; x_wconf 62' lang='grc' dir='ltr'><strong>τοῦΔ</strong></span> <span class='ocrx_word' id='word_1_836' title='bbox 3705 5105 3835 5204; x_wconf 65' lang='grc' dir='ltr'>θαύσι</span> 
     </span>
    </p>
   </div>
   <div class='ocr_carea' id='block_1_110' title="bbox 2259 5197 3826 5303">
    <p class='ocr_par' dir='ltr' id='par_1_110' title="bbox 2259 5197 3826 5303">
     <span class='ocr_line' id='line_1_110' title="bbox 2259 5197 3826 5303; baseline -0.023 -18"><span class='ocrx_word' id='word_1_837' title='bbox 2259 5247 2425 5303; x_wconf 83' lang='grc' dir='ltr'>ματος</span> <span class='ocrx_word' id='word_1_838' title='bbox 2449 5220 2879 5296; x_wconf 84' lang='grc' dir='ltr'>καθηγήσασθαι,</span> <span class='ocrx_word' id='word_1_839' title='bbox 2907 5208 3314 5287; x_wconf 85' lang='grc' dir='ltr'>προστακτικήν</span> <span class='ocrx_word' id='word_1_840' title='bbox 3341 5223 3463 5260; x_wconf 89' lang='grc' dir='ltr'>τινα</span> <span class='ocrx_word' id='word_1_841' title='bbox 3493 5204 3647 5274; x_wconf 76' lang='grc' dir='ltr'>ῥῆσιν</span> <span class='ocrx_word' id='word_1_842' title='bbox 3663 5197 3826 5262; x_wconf 75' lang='grc' dir='ltr'>διεξοο</span> 
     </span>
    </p>
   </div>
   <div class='ocr_carea' id='block_1_111' title="bbox 2254 5293 3830 5387">
    <p class='ocr_par' dir='ltr' id='par_1_111' title="bbox 2254 5293 3830 5387">
     <span class='ocr_line' id='line_1_111' title="bbox 2254 5293 3830 5387; baseline -0.023 -9"><span class='ocrx_word' id='word_1_843' title='bbox 2254 5293 2495 5387; x_wconf 80' lang='grc' dir='ltr'>δεύοντα,</span> <span class='ocrx_word' id='word_1_844' title='bbox 2514 5293 2587 5382; x_wconf 83' lang='grc' dir='ltr'><strong>ὡς</strong></span> <span class='ocrx_word' id='word_1_845' title='bbox 2607 5293 2660 5370; x_wconf 71' lang='grc' dir='ltr'><strong>δέ</strong></span> <span class='ocrx_word' id='word_1_846' title='bbox 2690 5313 2799 5383; x_wconf 69' lang='grc' dir='ltr'><strong>ἐγὼ</strong></span> <span class='ocrx_word' id='word_1_847' title='bbox 2818 5309 2948 5380; x_wconf 73' lang='grc' dir='ltr'>περὶ</span> <span class='ocrx_word' id='word_1_848' title='bbox 2974 5305 3160 5361; x_wconf 87' lang='grc' dir='ltr'>τούτου</span> <span class='ocrx_word' id='word_1_849' title='bbox 3187 5302 3376 5372; x_wconf 83' lang='grc' dir='ltr'>κρίνω,</span> <span class='ocrx_word' id='word_1_850' title='bbox 3397 5299 3488 5351; x_wconf 83' lang='grc' dir='ltr'>τὸν</span> <span class='ocrx_word' id='word_1_851' title='bbox 3513 5293 3830 5387; x_wconf 75' lang='grc' dir='ltr'>ἐγκείμενον</span> 
     </span>
    </p>
   </div>
   <div class='ocr_carea' id='block_1_112' title="bbox 2256 5379 3830 5483">
    <p class='ocr_par' dir='ltr' id='par_1_112' title="bbox 2256 5379 3830 5483">
     <span class='ocr_line' id='line_1_112' title="bbox 2256 5379 3830 5483; baseline -0.022 -17"><span class='ocrx_word' id='word_1_852' title='bbox 2256 5414 2322 5483; x_wconf 83' lang='grc' dir='ltr'>τῇ</span> <span class='ocrx_word' id='word_1_853' title='bbox 2356 5379 2515 5479; x_wconf 74' lang='grc' dir='ltr'>φύσει</span> <span class='ocrx_word' id='word_1_854' title='bbox 2543 5379 2641 5476; x_wconf 77' lang='grc' dir='ltr'><strong>τῆς</strong></span> <span class='ocrx_word' id='word_1_855' title='bbox 2673 5379 2903 5462; x_wconf 74' lang='grc' dir='ltr'>κτίσεως</span> <span class='ocrx_word' id='word_1_856' title='bbox 2924 5397 3101 5465; x_wconf 88' lang='grc' dir='ltr'>λόγον,</span> <span class='ocrx_word' id='word_1_857' title='bbox 3134 5392 3221 5446; x_wconf 80' lang='grc' dir='ltr'><strong>διά</strong></span> <span class='ocrx_word' id='word_1_858' title='bbox 3249 5391 3347 5461; x_wconf 82' lang='grc' dir='ltr'>τῆς</span> <span class='ocrx_word' id='word_1_859' title='bbox 3368 5379 3830 5483; x_wconf 37' lang='grc' dir='ltr'>έξοδικῆςταρύτης</span> 
     </span>
    </p>
   </div>
   <div class='ocr_carea' id='block_1_113' title="bbox 2259 5470 3831 5567">
    <p class='ocr_par' dir='ltr' id='par_1_113' title="bbox 2259 5470 3831 5567">
     <span class='ocr_line' id='line_1_113' title="bbox 2259 5470 3831 5567; baseline -0.022 -10"><span class='ocrx_word' id='word_1_860' title='bbox 2259 5470 2609 5558; x_wconf 38' lang='grc' dir='ltr'>ἐνδείκνυται.</span> <span class='ocrx_word' id='word_1_861' title='bbox 2634 5495 2861 5567; x_wconf 79' lang='grc' dir='ltr'>ρήσεως.</span> <span class='ocrx_word' id='word_1_862' title='bbox 2898 5509 2917 5542; x_wconf 78' lang='grc' dir='ltr'><strong>ι</strong></span> <span class='ocrx_word' id='word_1_863' title='bbox 2943 5483 3079 5542; x_wconf 80' lang='grc' dir='ltr'>Εἷπε</span> <span class='ocrx_word' id='word_1_864' title='bbox 3113 5504 3130 5538; x_wconf 75' lang='grc' dir='ltr'><strong>ι</strong></span> <span class='ocrx_word' id='word_1_865' title='bbox 3160 5483 3289 5554; x_wconf 83' lang='grc' dir='ltr'>γάρ,</span> <span class='ocrx_word' id='word_1_866' title='bbox 3334 5479 3534 5567; x_wconf 65' lang='grc' dir='ltr'><strong>φησιν,Δ</strong></span> <span class='ocrx_word' id='word_1_867' title='bbox 3558 5493 3576 5526; x_wconf 78' lang='grc' dir='ltr'><strong>ι</strong></span> <span class='ocrx_word' id='word_1_868' title='bbox 3614 5475 3644 5527; x_wconf 93' lang='grc' dir='ltr'><strong>ὁ</strong></span> <span class='ocrx_word' id='word_1_869' title='bbox 3678 5470 3831 5567; x_wconf 56' lang='grc' dir='ltr'>βεὸς,</span> 
     </span>
    </p>
   </div>
   <div class='ocr_carea' id='block_1_114' title="bbox 2263 5557 3832 5661">
    <p class='ocr_par' dir='ltr' id='par_1_114' title="bbox 2263 5557 3832 5661">
     <span class='ocr_line' id='line_1_114' title="bbox 2263 5557 3832 5661; baseline -0.02 -15"><span class='ocrx_word' id='word_1_870' title='bbox 2263 5589 2588 5661; x_wconf 80' lang='grc' dir='ltr'>Συναχθήτω</span> <span class='ocrx_word' id='word_1_871' title='bbox 2634 5557 2710 5637; x_wconf 50' lang='grc' dir='ltr'>’τά</span> <span class='ocrx_word' id='word_1_872' title='bbox 2757 5580 2922 5635; x_wconf 75' lang='grc' dir='ltr'>ὕδατα</span> <span class='ocrx_word' id='word_1_873' title='bbox 2985 5578 3063 5640; x_wconf 83' lang='grc' dir='ltr'><strong>είς</strong></span> <span class='ocrx_word' id='word_1_874' title='bbox 3113 5573 3210 5636; x_wconf 84' lang='grc' dir='ltr'>τὰς</span> <span class='ocrx_word' id='word_1_875' title='bbox 3264 5563 3578 5638; x_wconf 83' lang='grc' dir='ltr'>συναγωγὰς</span> <span class='ocrx_word' id='word_1_876' title='bbox 3635 5557 3832 5622; x_wconf 78' lang='grc' dir='ltr'>αὐτῶν,</span> 
     </span>
    </p>
   </div>
  </div>
