4106 6208
325 234 408 293 89
1553 240 1621 296 lN
1658 238 1937 296 HEXAEM

2037 239 2136 298 LON
2167 245 2388 304 LIBER.

3523 272 3592 326 90

331 357 440 411 καὶ
479 355 693 426 «eam
739 355 772 424 η
819 354 978 426 ξηρά.
1025 374 1044 407 ι
1100 356 1262 427 Ὁρᾷς
1295 357 1394 429 τὴν
1431 357 1735 427 ἀναγκαίαν
1764 358 1915 423 τάξιν

2037 364 2233 420 :ernis:
2284 369 2577 438 quomodo,
2635 385 2895 440 expressa
2950 385 3086 441 aqua
3132 372 3199 427 ab
3259 370 3374 443 ipsa
3421 380 3596 440 terra,

335 447 446 517 τῆς
477 446 715 514 φύσεως,
759 446 878 508 πῶς
915 445 1016 516 τῆς
1047 446 1150 516 γῆς
1194 447 1623 516 ἀφελκυσθέντος
1661 451 1757 503 τοῦ
1791 450 1920 504 ὑδα-

335 555 437 601 τος
485 537 799 607 ξηραίνεται
846 538 910 590 τὸ
953 536 1252 608 ἀποκριθὲν
1297 537 1400 608 τῆς
1455 539 1784 610 ὑγρότητος,
1830 543 1924 594 καὶ

337 627 458 687 πῶς
527 625 728 695 μηκέτι
777 624 1077 695 πηλοειδῶς
1119 627 1574 698 ἀνακεκραμένης
1626 630 1764 700 πρὸς
1825 631 1924 700 τὴν

333 717 442 786 γῆν
494 717 594 786 τῆς
641 716 972 786 ὑγρότητος,
1025 717 1340 785 ἀναγκαίως
1397 717 1624 788 δοχείοις
1681 722 1795 771 τισι
1863 720 1926 772 τὸ

337 809 487 879 ὕδωρ
536 808 1033 878 περιστοιχίζεταιο
1085 807 1162 870 ὡς
1209 808 1276 862 ἂν
1329 807 1403 880 μὴ
1441 808 1520 878 τῷ
1569 809 1775 880 ῥευστῷ
1826 811 1927 880 τῆς

334 901 563 970 φύσεως
595 900 677 960 εἰς
707 898 1012 969 ἀφανισμὸν
1051 897 1194 951 ἔλθοι
1218 937 1234 961 ,
1273 899 1498 969 μηδενὸς
1545 901 1644 970 τὴν
1680 899 1926 971 διάχυσιν

334 985 514 1043 αὑτοῦ
561 988 1038 1060 περισφίγγοντος.
1086 989 1247 1043 Ἀλλά
1293 1007 1385 1060 μοι
1414 991 1560 1044 δοκεῖ
1591 991 1666 1062 μὴ
1699 993 1925 1070 άκαιρον

336 1077 482 1132 εἶναι
519 1080 683 1133 πάλιν
712 1080 819 1133 τῶν
844 1079 1250 1152 ὑπερουρανίων
1278 1082 1482 1137 ὑδάτων
1512 1084 1734 1153 μνήμην
1764 1086 1922 1154 ποιή-

339 1173 566 1225 σασθαι.
621 1173 683 1224 Εἰ
724 1172 834 1242 γάρ
877 1173 1192 1240 ἀναγκαίως
1232 1172 1466 1227 ἐνταῦθα
1493 1174 1627 1246 πρὸς
1660 1173 1926 1244 ὑποδοχὴν

339 1263 452 1315 τῶν
479 1264 690 1316 ὑδάτων
724 1265 755 1332 ἡ
785 1264 855 1334 γῆ
883 1264 1310 1334 σχηματίξεται,
1343 1262 1454 1318 οἷόν
1473 1283 1584 1319 τισι
1616 1265 1834 1328 κόλποις
1867 1266 1926 1319 τὸ

340 1355 572 1422 ῥευστὸν
617 1353 798 1407 αὑτῶν
839 1356 1255 1426 περιείργουσα,
1303 1358 1398 1410 καὶ
1447 1361 1513 1428 τῇ
1560 1357 1778 1428 ἀστάτῳ
1819 1358 1928 1414 τῶν

342 1446 553 1500 ὑδάτων
577 1447 760 1514 φύσει,
788 1447 866 1517 τῷ
900 1447 1016 1516 ίδίῳ
1049 1446 1296 1518 σταθερῷ
1327 1449 1673 1520 παρεχομένη
1709 1451 1770 1502 τὸ
1795 1451 1926 1504 στά-

339 1554 524 1607 σιμον·
557 1538 676 1601 πῶς
704 1539 772 1592 ἂν
813 1539 874 1591 τὸ
914 1536 1082 1609 ὓδωρ,
1115 1539 1276 1608 εῐπερ
1315 1538 1393 1608 τῷ
1423 1538 1538 1592 ὄντι
1570 1538 1710 1609 ὕδωρ
1757 1540 1924 1604 ἐστὶν,

342 1631 563 1683 ἵσταται
607 1631 704 1700 μὲν
740 1631 838 1684 ἐπὶ
865 1629 960 1684 τοῦ
1009 1631 1264 1695 ἀστάτου,
1297 1632 1582 1702 ἀδιάχυτον
1612 1633 1668 1686 δὲ
1705 1635 1797 1686 ἐπὶ
1830 1633 1924 1686 τοῦ

347 1723 554 1792 κυρτοῦ
579 1722 934 1792 διαμένει;Εἰ
956 1721 1064 1792 γὰρ
1093 1723 1223 1792 μίαν
1259 1739 1319 1775 τε
1360 1726 1454 1777 καὶ
1489 1724 1588 1792 τὴν
1616 1724 1784 1796 αὑτὴν
1822 1725 1930 1780 τῶν

348 1815 450 1867 δὺο
498 1815 701 1867 ὑδάτων
732 1812 826 1884 τὴν
855 1813 1018 1883 φύσιν
1061 1815 1450 1885 ὑποτιθέμεθα,
1496 1817 1710 1885 ἀνάγκη
1761 1818 1928 1884 πᾶσα,

354 1907 511 1975 ᾇπερ
549 1905 643 1957 ἐπὶ
686 1906 876 1960 τούτων
906 1905 1200 1976 βλέπομεν,
1241 1905 1418 1961 ταῦτα
1450 1907 1544 1961 καὶ
1588 1909 1674 1961 ἐπ’
1709 1909 1931 1962 ἐκείνων

357 1995 594 2049 οἴεσθαι·
623 1997 811 2050 οὐκοῦν
855 1996 923 2051 τὰ
961 1997 1110 2051 νῶτα
1138 1997 1232 2050 τοῦ
1279 1997 1509 2068 οὑρανοῦ
1560 1997 1804 2068 σχίζεται
1852 2000 1932 2060 είς

356 2088 625 2151 αὐλῶνας,
653 2088 768 2142 καθ’
797 2090 1089 2160 ὁμοιότητα
1112 2089 1220 2143 τῶν
1246 2089 1340 2142 ἐπὶ
1368 2089 1470 2158 τῆς
1500 2089 1603 2160 γῆς
1633 2090 1932 2159 γινομένων

351 2180 495 2250 πρὸς
518 2179 616 2243 τάς
644 2180 752 2234 τῶν
782 2181 1043 2251 κρημνῶν
1067 2180 1377 2243 διαστάσεις
1407 2179 1927 2250 ἐκφαραγγούμενα,

353 2270 439 2323 ἵνα
465 2271 526 2323 τὸ
552 2271 697 2342 ὕδωρ
723 2271 1037 2343 ἐγκρατηθῇ
1071 2275 1191 2335 ταῖς
1218 2271 1515 2340 κοιλότησι.
1551 2272 1618 2323 Τί
1648 2267 1742 2324 οὖν
1773 2271 1931 2342 ἐροῦ-

345 2380 453 2424 σιν,
482 2362 613 2415 ὅταν
646 2364 680 2432 ἠ
710 2363 998 2431 ἐγκύκλιος
1041 2363 1134 2416 τοῦ
1167 2362 1328 2416 πόλου
1376 2361 1650 2432 περιφορά
1684 2363 1820 2431 πρὸς
1865 2361 1933 2416 τὰ

345 2454 503 2506 κάτω
536 2455 691 2524 κλίνῃ
722 2455 784 2506 τὸ
827 2453 924 2507 νῦν
969 2453 1386 2524 ὑπερκείμενον,
1429 2454 1536 2522 ἄρα
1579 2452 1652 2523 μὴ
1698 2452 1935 2522 πώματά

347 2561 474 2597 τινα
505 2547 617 2608 τοῖς
649 2545 870 2608 κύκλοις
905 2545 1281 2613 ἐπινοήσωσιν,
1321 2544 1396 2608 ὡς
1431 2543 1496 2597 ἂν
1548 2544 1621 2613 μὴ
1662 2544 1933 2614 ἐκκρεμὲς

348 2638 412 2690 τὸ
448 2637 598 2707 ὕδωρ
625 2638 933 2706 γενόμενον,
969 2636 1078 2690 τῶν
1116 2637 1470 2706 κοιλωμάτων
1513 2637 1727 2708 ἐκρέοι;
1775 2635 1935 2690 Ἀλλά

349 2744 485 2796 φησι
514 2726 882 2796 δαπανητικὸν
922 2726 1020 2794 μὲν
1052 2721 1191 2778 εἶναι
1229 2725 1290 2777 τὸ
1323 2724 1458 2795 πῦρ,
1489 2725 1677 2794 χρείαν
1701 2725 1758 2778 δὲ
1789 2724 1935 2794 ἔχειν

349 2817 484 2886 ὕλης
518 2817 661 2879 τινὸς
701 2817 804 2885 τῆς
836 2815 1244 2887 ὑποτρεφοὺσης
1294 2815 1464 2868 είσαεὶ
1501 2815 1600 2885 τὴν
1633 2815 1825 2884 φλόγα,
1858 2815 1934 2878 ὼς

343 2906 415 2958 ἂν
452 2904 531 2974 μὴ
555 2905 1000 2975 καταμαρανθείη
1020 2945 1034 2968 ,
1079 2907 1144 2975 τῇ
1178 2904 1380 2976 ἀπορίᾳ
1410 2904 1504 2958 τοῦ
1545 2904 1935 2968 ὑπεκκαίοντος

345 2996 490 3048 αὑτὸ
521 2997 648 3064 περὶ
684 2997 841 3050 ἑαυτὸ
877 2995 1283 3065 δαπανώμενον.
1336 2994 1476 3064 Ἐγὼ
1520 2995 1577 3048 δέ
1617 2995 1720 3049 κᾶν
1750 2997 1783 3066 ἡ
1835 3013 1932 3065 με-

348 3087 496 3155 γάλη
529 3085 624 3138 τοῦ
651 3087 974 3140 διδασκάλου
1014 3090 1045 3157 ἡ
1055 3088 1171 3157 μῶν
1201 3087 1352 3159 φωνὴ
1383 3091 1447 3160 τῇ
1479 3087 1702 3159 τοιαύτῃ
1733 3089 1935 3160 ὑπολή-

350 3175 442 3243 ςιει
478 3176 826 3247 συμφέρεται
849 3215 864 3240 ,
892 3179 1304 3248 παραιτήσομαι
1337 3180 1458 3241 τοὺς
1487 3179 1934 3248 ἐντυγχάνοντας,

361 3267 435 3336 μὴ
485 3267 740 3336 Χαλεπῶς
793 3267 958 3335 ἔχειν,
1009 3270 1058 3321 εί
1104 3268 1241 3338 πρὸς
1267 3269 1328 3321 τὸ
1361 3269 1652 3323 ἀκόλουθον
1702 3270 1935 3339 βλέπων,

358 3359 535 3428 πάντη
562 3357 802 3411 δουλεύω
823 3362 934 3423 τοῖς
965 3359 1401 3430 προκαθημένοις
1430 3362 1488 3414 ὲν
1511 3364 1577 3431 τῇ
1603 3361 1804 3432 θεωρία
1832 3361 1940 3414 τῶν

356 3447 548 3502 (autem.
599 3449 712 3500 Καὶ
749 3447 858 3518 γάρ
905 3449 1000 3502 καὶ
1043 3447 1120 3519 τῷ
1160 3449 1460 3520 διδασκάλῳ
1507 3451 1709 3514 σκοπὸς
1743 3448 1834 3522 ἦν,
1879 3451 1941 3504 οὑ

360 3541 585 3601 πάντως
608 3541 704 3602 τὶς
732 3540 864 3604 ἰδίας
894 3541 1190 3612 ὑπολήψεις
1241 3545 1351 3606 τοῖς
1383 3543 1752 3614 ἀκροωμένοις
1778 3560 1942 3613 νομο-

363 3629 570 3691 θετεῖν,
607 3629 737 3681 ἀλλά
769 3630 955 3700 ἐφοδόν
993 3648 1112 3684 τινα
1148 3631 1235 3685 διὰ
1267 3634 1363 3702 τῆς
1406 3633 1754 3695 διδασκαλίας
1778 3633 1944 3687 αὑτοῦ

363 3721 506 3790 πρὸς
532 3721 633 3790 τὴν
654 3721 910 3792 ἀλήθειαν
935 3724 994 3776 ἐν
1027 3727 1138 3787 τοῖς
1167 3724 1632 3794 μαθητευομένοις
1667 3723 1940 3792 γενέσθαι·

362 3813 458 3865 καὶ
489 3813 652 3882 ἡμεῖς
693 3814 873 3866 τοίνυν
903 3815 1372 3884 ἐγγυμνασθέντες
1406 3819 1517 3878 τοῖς
1571 3817 1698 3885 παρ’
1734 3816 1943 3869 ἐκείνου

362 3902 772 3971 καταλειφθεῖσι
817 3903 1117 3975 μαθήμασι,
1155 3903 1290 3974 πρὸς
1316 3904 1376 3956 τὸ
1419 3903 1708 3957 ἀκόλουθον
1749 3904 1945 3974 βλέπο-

365 4008 482 4062 μεν.
522 3991 621 4061 Εῖη
667 3991 714 4043 δ’
759 3991 827 4045 ἀν
850 3987 1024 4055 οὗτος,
1056 3992 1213 4064 εἴπερ
1257 3992 1501 4062 ἐπιτύχοι
1541 3992 1634 4046 τοῦ
1670 3992 1879 4057 εἰκότος
1917 3997 1946 4046 ό

360 4082 420 4134 λό
432 4100 539 4152 (ος,
574 4085 656 4146 εἰς
690 4083 789 4152 τὴν
820 4083 914 4136 τοῦ
943 4083 1261 4138 διδασκάλου
1296 4085 1488 4152 σοφίαν
1517 4083 1943 4156 ἀναφερόμενος.

361 4175 426 4227 Ti
454 4176 637 4228 τοίνυν
670 4175 808 4244 πρὸς
831 4175 928 4243 τὴν
956 4174 1344 4245 ὑπενεχθεῖσαν
1375 4175 1645 4229 ἀντίθεσιν
1677 4178 1830 4245 ἡμεῖς
1855 4175 1945 4228 λο-

362 4267 670 4338 γιζόμεθας
709 4269 785 4321 Οὑ
811 4269 920 4338 γὰρ
950 4259 1108 4338 μόνον
1139 4269 1196 4320 ἐν
1229 4267 1308 4338 τῷ
1347 4268 1481 4337 πυρὶ
1510 4267 1604 4320 καὶ
1632 4265 1785 4320 ὕδατι
1814 4267 1948 4320 θεω-

2023 455 2170 522 quod
2217 457 2286 511 ab
2339 458 2661 514 ltumiditate
2708 470 2976 514 secretum
3033 469 3137 528 est,
3183 472 3490 530 exarescat,
3541 474 3596 518 et
3675 464 3679 468 ’

2022 548 2294 616 quomodo
2332 564 2456 603 cum
2497 551 2549 605 id
2571 551 2715 621 quod
2749 551 3031 605 humidum
3062 561 3165 616 est,
3196 569 3303 607 non
3359 554 3594 626 amplius

2025 635 2078 689 in
2121 639 2262 692 coeni
2298 655 2501 694 morem
2525 655 2648 694 cum
2673 648 2818 695 terra
2855 643 3178 712 permistum
3222 643 3313 707 sit,
3356 655 3595 715 recepta-

2025 727 2163 781 culis
2184 729 2510 796 quibusdam
2540 730 2792 800 cingatur
2821 745 2982 799 aqua,
3012 744 3079 784 ne
3104 739 3324 800 prepter
3343 741 3590 784 naturam

2024 815 2222 870 ﬂuxam
2255 819 2548 888 dispereat,
2582 820 2628 874 si
2657 818 2848 874 eii‘usio
2869 820 3042 889 ipsius
3069 820 3219 873 nulla
3249 835 3308 875 re
3338 834 3591 874 coercea-

2025 917 2135 964 tur.
2174 909 2304 964 Mihi
2337 926 2443 965 non
2468 910 2684 966 videtur
2720 911 2980 977 alienum,
3009 914 3077 965 de
3115 911 3294 980 aquis,
3326 925 3446 980 qua:
3499 925 3592 966 su-

2027 1015 2122 1070 per
2152 1001 2322 1056 caalos
2356 1009 2512 1066 sunt,
2551 1002 2746 1057 iterum
2789 1003 3112 1056 mentionem
3151 1001 3347 1055 facere.
3383 999 3516 1054 Nam
3547 1001 3594 1055 si

2026 1105 2252 1145 necesse
2313 1099 2420 1153 est,
2483 1099 2542 1144 ut
2589 1091 2677 1144 hic
2727 1101 2848 1160 apte
2896 1089 2964 1144 ad
2995 1105 3166 1160 aquas
3217 1089 3596 1160 suscipiendas

2027 1190 2169 1236 terra
2231 1181 2529 1246 formetur,
2587 1197 2707 1251 qua:
2761 1181 3086 1251 quibusdam
3147 1183 3357 1236 sinibus
3407 1196 3594 1235 earum

2026 1270 2225 1326 ﬂuenta
2255 1271 2532 1336 cohibeat,
2565 1279 2882 1340 naturaeque
2913 1271 3156 1327 instabili
3183 1270 3395 1324 tirmam
3429 1271 3598 1325 stabi-

2027 1362 2231 1417 litatem
2267 1378 2420 1417 suam
2459 1371 2738 1434 opponat:
2771 1363 2864 1432 qui
2925 1363 3041 1417 ﬂeri
3098 1370 3298 1433 potest,
3347 1370 3406 1416 ιιι
3450 1377 3593 1430 aqua

2027 1453 2117 1507 illa
2178 1456 2450 1523 superior,
2508 1455 2552 1510 si
2603 1470 2728 1509 vere
2762 1463 2847 1510 est
2893 1470 3055 1524 aqua,
3114 1469 3276 1522 super
3311 1470 3370 1509 re
3411 1452 3596 1507 mobili

2026 1545 2312 1612 consistat,
2356 1561 2455 1601 nec
2486 1562 2651 1615 super
2682 1560 2848 1599 curva
2880 1563 2938 1601 re
2978 1546 3170 1615 jacens
3201 1545 3548 1615 dispergatur
3577 1544 3600 1597 ?

2029 1636 2239 1690 Etenim
2275 1638 2321 1692 si
2357 1653 2519 1690 unam
2549 1645 2600 1690 et
2623 1638 2867 1692 eamdem
2898 1638 3182 1704 utriusque
3204 1647 3455 1690 naturam
3478 1650 3601 1690 esse

1961 1713 2003 1766 Β
2033 1729 2345 1795 statuimus,
2386 1730 2757 1784 necessarium
2815 1738 2918 1791 est,
2968 1737 3025 1781 ut
3065 1744 3184 1797 qua:
3208 1728 3260 1780 in
3319 1728 3404 1780 his
3443 1727 3600 1795 aquis

2034 1821 2425 1889 conspicimus,
2450 1819 2637 1874 eadem
2670 1819 2853 1873 omnia
2885 1818 2950 1872 de
2977 1818 3084 1871 illis
3116 1818 3439 1885 cogitemus.
3461 1815 3600 1886 Ergo

2032 1911 2158 1966 caeli
2182 1918 2330 1977 terga
2361 1911 2597 1965 dissecta
2635 1917 2785 1974 sunt,
2841 1917 3001 1979 atque
3035 1916 3292 1962 excavata
3340 1908 3396 1961 in
3431 1908 3601 1962 valles

2030 2015 2216 2056 earum
2256 2001 2487 2066 similes,
2511 2017 2634 2070 qua:
2674 2008 2900 2071 prepter
2929 1999 3215 2054 intervalla
3247 1999 3509 2052 montium
3545 2000 3599 2052 in

2031 2099 2177 2146 terra
2202 2103 2349 2157 sunt,
2383 2101 2443 2147 ut
2476 2094 2584 2148 illis
2608 2109 2747 2164 aqua
2771 2099 3111 2148 coercentur.
3152 2090 3218 2144 At
3241 2090 3370 2160 quid
3398 2090 3603 2153 dicent,

2031 2183 2250 2252 quando
2280 2183 2386 2253 poli
2411 2186 2770 2238 conversione
2800 2183 2850 2236 id
2880 2181 3024 2252 quod
3043 2182 3296 2251 superius
3327 2195 3473 2234 nunc
3499 2188 3603 2246 est,

2035 2273 2264 2328 inferius
2301 2275 2411 2338 net,
2447 2276 2716 2343 poeulane
2745 2275 2929 2343 aliqua
2962 2273 3018 2327 in
3065 2272 3296 2326 orbibus
3325 2272 3605 2340 excogita-

2033 2366 2189 2431 bunt,
2239 2381 2307 2420 ne
2368 2381 2509 2435 aqua
2576 2381 2842 2435 suspensa
2877 2381 2942 2419 ex
2990 2362 3139 2418 cavis
3168 2363 3383 2418 eﬂluat?
3424 2361 3605 2416 Verax

2032 2468 2136 2522 est,
2178 2458 2453 2526 inquiunt,
2493 2458 2657 2526 ignis,
2709 2458 3048 2526 materiaque
3085 2455 3290 2523 indiget
3335 2455 3604 2507 ﬂanimam
3702 2513 3725 2525 δ

2034 2559 2297 2619 perpetuo
2349 2550 2646 2609 nutriente.
2682 2565 2749 2603 ne
2811 2546 3200 2604 succendentis
3230 2546 3599 2615 exstinguat":

2035 2641 2237 2710 inopia,
2264 2647 2316 2693 et
2343 2656 2370 2691 a
2413 2640 2709 2708 semetipso
2741 2646 3116 2693 consumatur.
3148 2637 3259 2705 Ego
3297 2651 3446 2699 vero,
3480 2635 3609 2688 licet

2034 2746 2230 2800 magna
2255 2732 2604 2802 praeceptoris
2632 2730 2804 2784 nostri
2833 2745 2936 2783 vox
2963 2729 3090 2782 huic
3122 2727 3408 2782 sententia:
3430 2724 3609 2779 favere

2035 2822 2302 2885 videatur,
2337 2823 2540 2892 rogabo
2578 2829 2757 2876 tamen
2779 2835 2895 2882 eos.
2925 2821 2978 2873 in
3019 2833 3247 2888 quorum
3272 2832 3467 2870 manus
3495 2815 3609 2869 haec

2036 2910 2350 2972 inciderint,
2407 2925 2476 2963 ne
2523 2908 2756 2979 graviter
2803 2905 3000 2971 ferant,
3047 2903 3142 2958 sed
3178 2901 3476 2971 patiantur,
3526 2914 3609 2950 me

2037 3002 2344 3056 institutum
2376 3000 2623 3056 ordinem
2654 2998 2829 3068 sequi.
2882 2995 3068 3064 Neque
3119 2992 3264 3047 enim
3322 2990 3609 3058 Opiniones

2040 3099 2281 3156 nostras,
2329 3099 2388 3146 ut
2418 3093 2594 3161 leges,
2628 3088 2969 3144 auditoribus
3017 3081 3392 3153 proponimus,
3413 3080 3504 3134 sed
3543 3094 3607 3133 ex

2039 3186 2286 3241 doctrina
2323 3185 2496 3254 ipsius
2537 3182 2883 3238 occasionem
2933 3178 3273 3247 arripientes,
3316 3178 3609 3226 consenta-

2041 3290 2203 3329 neum
2229 3273 2474 3328 ordinem
2505 3274 2796 3326 intuemur.
2825 3269 3188 3336 Quamobrem
3212 3272 3265 3319 et
3293 3265 3409 3318 ha3c
3438 3259 3610 3315 oratio

2042 3375 2251 3427 nostra,
2305 3366 2350 3418 si
2404 3364 2622 3433 quidem
2657 3377 2686 3415 a
2719 3363 2920 3416 decoro
2961 3373 3071 3412 non
3119 3353 3488 3415 abhorruerit,
3547 3349 3612 3404 ad

2042 3456 2160 3525 ejus
2190 3455 2510 3524 sapientiam
2548 3451 2834 3506 referetur.
2871 3448 3012 3515 Quid
3042 3448 3209 3517 igitur
3235 3445 3300 3497 ad
3361 3456 3446 3504 ea,
3495 3454 3613 3510 qua’

2043 3555 2235 3601 contra
2259 3546 2604 3606 dicebantur,
2635 3537 3136 3610 respondebimus?
3183 3534 3301 3589 Non
3337 3533 3509 3588 solum
3558 3529 3613 3583 in

2043 3639 2168 3708 igne
2197 3645 2250 3692 et
2279 3649 2418 3706 aqua
2441 3634 2749 3688 contrarias
2787 3631 3077 3701 qualitates
3103 3625 3490 3698 perspicimus.
3523 3620 3614 3675 sed

2045 3729 2099 3781 in
2129 3727 2358 3796 singulis
2383 3725 2665 3780 elementis
2700 3723 2882 3777 videre
2910 3722 3037 3776 licet
3065 3719 3354 3789 quamdam
3375 3713 3621 3784 proprie-

2045 3825 2217 3871 tatum
2251 3831 2375 3870 cum
2400 3815 2666 3884 oppositis
2690 3828 2946 3883 pugnam.
2980 3808 3446 3876 Quemadmodum
3473 3805 3640 3882 enim“

2045 3908 2099 3962 in
2126 3906 2412 3961 elementis
2438 3921 2559 3974 qua:
2593 3902 3168 3961 commemoravimus,
3226 3897 3501 3953 contraria
3534 3904 3618 3950 est

2046 3995 2329 4068 l’rigiditati
2347 3994 2624 4059 caliditas,
2647 3994 2867 4048 siccitas
2897 3990 3229 4054 humiditati,
3256 3988 3335 4042 sic
3360 3988 3414 4041 in
3447 3985 3616 4038 altera

2045 4089 2442 4144 elementorum
2476 4085 2822 4155 oppositione
2867 4082 3162 4138 contrariae
3211 4087 3338 4134 sunt
3391 4077 3535 4130 inter
3562 4088 3618 4128 sc

2046 4181 2360 4251 qualitates,
2388 4177 2661 4239 soliditas,
2688 4184 2742 4231 et
2765 4175 2985 4235 raritas,
3019 4171 3218 4225 duritia
3259 4176 3313 4222 et
3365 4164 3616 4228 mollitia,

2046 4271 2284 4343 gravitas
2337 4276 2392 4324 et
2436 4268 2625 4322 levitas
2669 4285 2682 4319 :
2731 4274 2786 4320 et
2832 4266 2878 4321 si
2934 4263 3062 4334 quid
3116 4258 3262 4313 aliud
3316 4261 3371 4312 in
3424 4257 3618 4310 horum

365 4360 568 4430 ροῦμεν
598 4362 698 4422 τὰς
736 4358 1177 4429 άντιστοιχοὺσας
1224 4359 1540 4429 ποιότητας,
1586 4360 1722 4413 ἀλλά
1747 4361 1842 4414 καὶ
1888 4361 1937 4414 ἐι

2051 4371 2287 4433 utroque
2323 4359 2631 4431 preprium.
2669 4357 2826 4412 alteri
2866 4354 3201 4410 contrarium
3247 4348 3618 4420 cognoscitur.

364 4453 584 4522 ἑκάστῳ
621 4452 730 4504 τῶν
764 4451 1045 4520 στοιχείων
1087 4451 1235 4505 ἐστιν
1263 4452 1444 4521 εὑρεῖν
1475 4469 1595 4505 τινα
1641 4452 1857 4516 πάντως
1890 4453 1948 4505 ἐν

361 4545 477 4606 τοῖς
524 4542 782 4613 ίδιώμασι
821 4543 958 4612 πρὸς
993 4542 1062 4595 τὰ
1097 4543 1444 4613 ἀντικείμενα
1486 4543 1684 4614 μάχην.
1741 4543 1949 4612 Ὥσπερ

365 4633 479 4702 γάρ
511 4634 604 4683 ἐπὶ
646 4633 755 4685 τῶν
791 4631 1270 4702 μνημονευθέντων
1322 4632 1601 4702 στοιχείων
1647 4631 1948 4686 ἀντιὸαίνει

364 4722 448 4791 τῷ
467 4722 570 4790 μὲν
585 4721 774 4792 vultui)
791 4724 823 4791 ἡ
842 4721 1135 4792 θερμότης,
1153 4720 1229 4791 τῷ
1243 4721 1299 4774 δὲ
1320 4722 1472 4792 ὑγρῷ
1487 4724 1520 4791 ἠ
1540 4721 1793 4792 ξηρότης.
1808 4720 1950 4773 οὕτω

370 4811 540 4864 πάλιν
566 4811 705 4862 κατά
731 4810 827 4880 τὴν
858 4809 1053 4880 ἐτέραν
1079 4808 1368 4880 διάμετρον
1399 4809 1490 4863 ἐπὶ
1517 4809 1614 4879 τῆς
1644 4808 1748 4878 γῆς
1771 4825 1831 4861 τε
1858 4808 1951 4861 καὶ

367 4905 464 4960 τοῦ
499 4905 667 4975 ἀέρος
699 4903 758 4969 ἐξ
782 4905 1025 4958 ἐναντίου
1047 4905 1182 4956 εἰσὶν
1224 4905 1281 4956 al
1307 4906 1364 4956 ἐν
1396 4904 1640 4974 ἐκατέρῳ
1671 4903 1952 4972 ποιότητες

367 4997 628 5066 ἀλλήλαις
653 4994 1106 5066 ἀντικαθήμεναιο
1135 4995 1428 5066 στεῤῥότης
1468 5011 1527 5048 τε
1556 4995 1650 5048 καὶ
1680 4997 1949 5065 μανότης,

365 5089 662 5142 ἀντιτυπία
679 5088 774 5140 καὶ
797 5087 1076 5158 ἀραιότης,
1111 5087 1348 5159 βαρύτης
1362 5103 1421 5140 τε
1442 5088 1535 5140 καὶ
1551 5088 1837 5158 κουφότης·
1860 5089 1952 5151 καὶ

366 5178 633 5232 ὂταᾛλλα
664 5177 809 5231 κατά
829 5179 888 5232 τὸ
913 5179 1116 5244 ἰδιάζον
1139 5181 1196 5232 ἐν
1214 5178 1469 5250 ἐκατέρῳ
1494 5179 1718 5241 τούτων,
1751 5182 1815 5233 ἐκ
1845 5181 1955 5233 τῶν

370 5271 631 5322 ἐναντίων
659 5267 1008 5340 γνωρίζεται.
1048 5271 1256 5340 Ὥσπερ
1287 5269 1467 5322 τοίνυν
1514 5271 1572 5322 ἐν
1615 5268 1825 5333 τούτοις
1855 5271 1954 5324 οὑκ

372 5361 515 5414 εστιν
546 5362 724 5413 εἰπεῖν
755 5361 1049 5432 τρέφεσθαι
1100 5360 1178 5432 τῷ
1212 5361 1438 5429 ἐναντίῳ
1470 5361 1530 5413 τὸ
1562 5361 1747 5432 ἕτερον
1772 5378 1784 5390 “
1832 5360 1955 5415 οὔτε

375 5453 480 5522 γὰρ
507 5456 578 5523 τῇ
607 5453 820 5526 δαπάνῃ
845 5453 938 5509 τοῦ
968 5453 1262 5527 ἐμῦριθοῦς
1288 5454 1320 5523 ἡ
1349 5454 1406 5507 ἐν
1429 5452 1506 5524 τῷ
1534 5452 1658 5523 ἀέρι
1685 5452 1955 5523 κουφότης

378 5543 623 5608 αὒξεται,
654 5544 774 5599 οὔτε
813 5549 871 5601 τὸ
903 5549 1094 5604 ναστὸν
1127 5547 1229 5616 τῆς
1269 5547 1369 5614 γῆς
1418 5547 1632 5613 ἐνεργεῖ
1676 5545 1768 5596 τοῦ
1806 5547 1953 5598 ἀντι-

385 5635 718 5705 οτοιχοῦντος
755 5640 848 5714 τὴν
879 5644 1202 5718 ἀραιότητα,
1252 5636 1374 5691 οὗτε
1410 5637 1472 5690 τὰ
1501 5637 1660 5690 λοιπὰ
1696 5638 1822 5708 περὶ
1855 5638 1954 5708 τὴν

2053 4457 2123 4513 Ut
2157 4457 2320 4527 igitur
2364 4454 2419 4506 in
2449 4452 2531 4505 his
2566 4450 2750 4504 dicere
2776 4463 2886 4502 non
2927 4460 3252 4518 possumus.
3288 4441 3620 4497 contrarium

2052 4563 2220 4604 unum
2251 4548 2422 4601 altero
2448 4542 2728 4598 contrario
2768 4540 2992 4604 nutriri,
3029 4553 3130 4594 nec
3168 4535 3454 4608 gravitatis
3491 4547 3615 4587 con-

2052 4638 2361 4705 sumptione
2391 4632 2532 4687 aeris
2557 4631 2830 4684 levitatem
2859 4626 3068 4697 augeri,
3100 4639 3275 4694 neque
3309 4632 3466 4677 terra:
3493 4621 3626 4675 den-

2053 4728 2266 4783 sitatem
2309 4723 2545 4794 oppositi
2591 4719 2844 4776 elementi
2911 4717 3189 4772 raritatem
3241 4713 3472 4777 eﬂicerc,
3534 4719 3627 4764 aut

2051 4816 2290 4885 reliquas
2329 4815 2450 4882 ejus
2487 4811 2847 4881 proprietates
2901 4808 3045 4862 alere
3075 4819 3264 4860 aereas
3293 4802 3620 4872 qualitates:

2053 4911 2155 4973 sic,
2194 4908 2404 4977 inquiet
2426 4904 2647 4974 aliquis,
2690 4901 2942 4974 frigidum
3005 4898 3220 4969 quidem
3254 4903 3309 4950 et
3342 4893 3624 4948 humidum

2053 5003 2231 5058 calido
2278 5007 2333 5054 et
2371 4999 2518 5053 sicco
2548 5012 2673 5051 esse
2712 4994 3012 5056 contraria,
3074 5006 3182 5044 non
3225 4997 3402 5042 tamen
3444 4985 3622 5055 sequi,

2055 5103 2115 5147 ut
2143 5097 2333 5146 mutuo
2365 5090 2506 5143 inter
2535 5101 2595 5141 se
2628 5086 2852 5140 interitu
2883 5082 3218 5140 nutriantur,
3259 5093 3437 5148 neque
3468 5093 3533 5132 ex
3563 5090 3629 5130 co

2054 5182 2196 5254 quod
2222 5181 2450 5234 alterum
2473 5192 2580 5231 non
2609 5176 2701 5239 sit,
2729 5174 2958 5228 alterum
2983 5185 3124 5226 esse.
3155 5167 3269 5222 Hoc
3297 5167 3442 5222 enim
3471 5173 3630 5237 pacto

2055 5279 2308 5330 neutrum
2361 5268 2710 5328 consisteret,
2768 5266 2816 5318 si
2857 5263 3145 5330 utriusque
3183 5259 3267 5312 vis
3315 5258 3369 5312 in
3403 5257 3628 5312 alterius

2055 5365 2275 5422 interitu
2323 5361 2425 5416 sita
2471 5359 2647 5414 foret:
2704 5370 2804 5426 par
2841 5353 2988 5409 enim
3033 5354 3087 5405 in
3127 5357 3358 5419 utroque
3385 5360 3629 5404 corrum-

2056 5455 2216 5527 pendi
2252 5453 2480 5507 alterum
2507 5454 2750 5519 potestas
2779 5452 2883 5506 est,
2914 5449 2969 5496 et
3000 5457 3215 5512 semper
3243 5433 3629 5527 exsuperantis

2059 5526 2298 5621 potentia
2345 5543 2471 5597 victi
2530 5537 2799 5610 pernicies
2860 5533 3128 5596 nascitur,
3199 5529 3364 5597 idque
3418 5526 3630 5593 experi-

2059 5616 2243 5694 mento
2270 5634 2639 5692 conﬁrmatur.
2689 5629 2746 5682 Si
2778 5623 3060 5681 materiam
3095 5621 3337 5688 aliquam
3369 5616 3510 5690 ignis
3536 5627 3632 5686 ap-
