4106 6208
487 290 546 346 9|
1734 289 1792 345 S.
1833 286 2159 349 GREGORII
2196 287 2494 346 NYSSENI
3688 286 3778 344 92

496 405 865 474 prehenderit,
891 403 1088 461 deinde
1111 419 1253 476 aqua
1283 403 1628 476 conjiciatur,
1659 416 1911 459 mutuum
1939 404 2072 460 utri-
2096 434 2110 471 Α

2211 403 2275 473 ἦν
2307 401 2574 472 ἰδιώματα
2593 442 2608 466 ,
2657 399 2748 454 διά
2774 399 2878 472 τῆς
2909 399 3121 454 ἑαυτῶν
3165 399 3412 472 δαπάνης
3442 397 3634 471 τρέφει
3659 401 3782 478 τᾲς

496 512 670 568 usque
711 495 1022 554 videbimus
1066 498 1316 553 exitium.
1370 496 1526 564 Quod
1573 497 1715 552 enim
1753 496 1808 550 in
1838 505 2070 566 utroque

2211 496 2389 568 ερίους
2433 496 2723 567 ποιότητας
2755 511 2770 527 ⁸
2816 494 2992 559 οὕτως
3026 494 3170 548 εῐποι
3199 511 3284 558 τις
3331 493 3400 548 ἃν
3427 492 3486 559 ἐξ
3517 493 3782 550 ἐναντίου

497 584 834 650 dominatur,
877 586 1106 642 alterum
1145 588 1340 658 perdit,
1366 603 1489 642 cum
1522 596 1815 658 utrumque
1848 587 2073 643 alterius

2211 589 2274 641 tv
2301 584 2440 640 εἶναι
2481 586 2542 640 τὸ
2576 588 2742 658 ὑγρόν
2770 604 2829 641 τε
2875 588 2970 641 καὶ
3015 586 3259 659 ψυχρὸν,
3303 586 3383 656 τῷ
3433 585 3622 658 θερμῷ
3667 589 3782 642 καὶ

495 674 752 745 potentize
811 681 1096 746 superanti
1145 679 1350 749 pariter
1393 678 1573 734 cedat.
1621 677 1875 744 Quandiu
1927 679 2072 733 enim

2211 677 2362 749 ηρῷ,
2414 677 2490 748 μὴ
2539 678 2722 748 μέντοι
2767 678 3064 750 τρέφεσθαι
3121 677 3294 732 ταῦτα
3345 679 3464 741 ταῖς
3517 677 3782 749 ἀλλήλων

495 763 724 834 aequalis
757 775 841 820 est
865 768 1153 838 utriusque
1183 770 1264 825 vis
1293 778 1506 834 mutua,
1539 771 1798 839 utrinque
1830 777 2075 824 tentatur

2211 769 2403 841 ιθοραῖς
2426 811 2440 834 ,
2505 770 2643 840 μηδὲ
2701 771 2808 841 τὴν
2867 770 2962 824 τοῦ
3023 767 3166 824 εἶναι
3236 768 3444 823 τούτων
3504 769 3782 842 ἑκάτερον

500 853 838 920 internecio;
886 865 942 912 et
983 867 1233 914 neutrum
1287 861 1456 915 altero
1487 861 1652 915 alitur
1680 871 1774 916 aut
1812 859 2074 926 nutritur,

2211 861 2428 931 ύναμιν,
2475 861 2533 913 tv
2559 859 2638 932 τῷ
2674 862 2748 932 μὴ
2780 857 2920 916 εἶναι
2947 860 3009 914 τδ
3037 861 3224 930 ἕτερον
3253 859 3421 931 ἔχειν.
3467 859 3624 914 Οῦτω
3653 860 3780 932 γὰρ

503 945 597 1000 sed
638 954 934 1017 utrumque
967 949 1130 1003 simul
1171 951 1414 1006 vicissim
1445 951 1678 1008 deletur.
1715 953 1787 1010 Ut
1812 967 1906 1010 eas
1936 952 2079 1008 feras

2211 970 2248 1006 ιν
2274 954 2557 1025 οὐθέτερον
2591 954 2674 1024 εἴη
2696 993 2710 1016 ,
2760 955 2916 1024 εἴπερ
2944 953 2978 1023 ἡ
3008 953 3234 1024 διαμονὴ
3260 952 3571 1024 ἀμφοτέρου
3605 955 3664 1005 tv
3697 955 3774 1026 τῇ

503 1051 612 1089 non
639 1035 884 1092 dicemus
913 1049 1158 1092 mutuam
1193 1041 1296 1096 sibi
1336 1041 1551 1098 vivendi
1593 1042 1905 1098 facultatem
1939 1057 2078 1113 pra:-

2211 1043 2290 1098 κῶν
2312 1044 2405 1098 δύο
2434 1045 2610 1116 φθορᾷ
2637 1046 2735 1115 τὴν
2750 1044 2986 1115 δύναμιν
3003 1044 3115 1115 ἔχοι
3132 1061 3147 1076 ·
3182 1044 3268 1114 ἴση
3288 1045 3398 1115 γὰρ
3424 1045 3480 1097 tv
3497 1043 3718 1114 ἑκάστῳ
3734 1045 3773 1114 ἡ

503 1123 653 1187 bere,
687 1139 808 1194 quae
835 1141 957 1181 sese
986 1128 1226 1184 vicissim
1257 1130 1557 1186 devorant:
1592 1133 1672 1188 sic
1709 1133 1993 1188 humidum
2022 1140 2076 1188 et

2211 1134 2278 1188 τοῦ
2305 1136 2544 1208 φθείρειν
2570 1136 2632 1189 τὸ
2661 1136 2844 1207 ἕτερον
2871 1135 3121 1206 δύναμις,
3149 1136 3241 1188 καὶ
3275 1136 3362 1188 ἀεὶ
3398 1134 3780 1188 καταπλεονάι

505 1217 712 1301 siccum
778 1217 851 1270 ita
891 1223 1167 1274 contraria
1222 1229 1371 1286 sunt,
1424 1231 1484 1278 ut
1520 1233 1776 1280 neutrum
1807 1225 1876 1280 ab
1903 1226 2079 1281 altero

505 1316 881 1373 Conservetnr,
936 1311 982 1364 si
1036 1327 1203 1365 unum
1250 1313 1480 1369 alterius
1524 1314 1749 1370 interitu
1785 1317 2076 1370 nutriatur.

507 1396 872 1463 Quamobrem
903 1399 1036 1454 mihi
1072 1403 1247 1472 magis
1278 1412 1706 1461 consentaneum
1740 1405 1971 1468 videtur,
2025 1413 2083 1459 nt

508 1488 583 1542 ila
607 1497 936 1555 statuamus,
959 1494 1215 1563 quoniam
1245 1498 1428 1550 omnia
1449 1513 1572 1567 qua:
1593 1497 1736 1555 Deus
1764 1499 1909 1560 fecit,
1929 1498 2085 1554 valde

507 1579 647 1633 bona
678 1581 1012 1652 pulchraque
1046 1592 1194 1652 sunt,
1220 1586 1276 1641 in
1305 1589 1535 1658 singulis
1565 1588 1762 1660 inspici
1785 1588 2087 1658 pulchritu—

2189 1230 2296 1296 ζων
2327 1227 2446 1281 τοῦ
2469 1227 2890 1299 ἐπικρατοῦντος
2916 1228 2946 1279 ὁ
2977 1226 3282 1296 ἀφανισμδς
3309 1224 3405 1278 τοῦ
3441 1225 3777 1296 λειπομένου

2189 1321 2434 1390 γίνεται·
2483 1320 2578 1372 καὶ
2602 1319 2685 1372 ὅτι
2715 1317 2922 1388 ἀληθὴς
2952 1317 2982 1370 ὁ
3013 1317 3194 1384 λόγος,
3226 1316 3285 1381 ἑξ
3327 1315 3498 1386 αὐτῆς
3523 1315 3640 1368 ἑστι
3668 1315 3780 1385 τῆς

2191 1414 2388 1485 πείρας
2429 1410 2587 1465 τοῦτο
2623 1410 2835 1482 μαθεῖν.
2882 1411 3051 1464 Ὅταν
3081 1410 3190 1480 γάρ
3218 1425 3364 1471 τινος
3391 1407 3523 1478 ῦλης
3568 1406 3629 1460 τὸ
3658 1406 3780 1477 πῦρ

2192 1500 2603 1574 περιδράξηται,
2653 1496 2771 1553 εἶτα
2818 1499 3031 1570 ἑπαχθῇ
3072 1500 3133 1552 τὸ
3172 1498 3336 1568 ὕδωρ,
3385 1497 3572 1565 σαφῶς
3622 1496 3781 1549 ἔστιν

2195 1597 2324 1651 ἰδεῖν
2342 1595 2451 1648 τῶν
2475 1594 2568 1648 δύο
2593 1593 2796 1647 τούτων
2819 1593 2917 1664 τὴν
2941 1595 3000 1646 tv
3026 1592 3276 1664 ἀλλήλοις
3307 1589 3512 1660 φθοράν
3533 1606 3548 1620 ·
3580 1588 3642 1642 τὸ
3666 1587 3780 1658 γὰρ

508 1669 653 1724 diuis
700 1670 1090 1738 perfectionem
1135 1684 1416 1745 oportere.
1470 1677 1689 1732 Additio
1739 1678 1886 1732 enim
1937 1677 2088 1732 illius

2211 1687 2522 1761 ιπικρατοῦν
2576 1689 2635 1741 tv
2677 1685 2887 1749 τούτοις
2931 1685 3185 1755 ἀφανίζει·
3241 1684 3304 1737 τδ
3357 1683 3546 1750 ἕτερον
3571 1719 3586 1744 ,
3645 1679 3782 1743 ἴσως

510 1759 792 1827 particulae
826 1759 1015 1823 Valde,
1057 1763 1525 1832 signiﬁcationem
1571 1763 1829 1830 intendit,
1864 1777 2094 1833 eamque

2211 1751 2434 1842 εἴκοντος
2461 1777 2725 1848 ἑκατέρου
2761 1778 2826 1847 τῇ
2874 1751 3165 1844 δυναστείᾳ
3214 1773 3309 1827 τοῦ
3357 1769 3776 1843 πλησιάζοντος.

509 1849 897 1918 perfectionem
926 1853 1014 1906 cui
1061 1855 1200 1908 nihil
1238 1852 1404 1920 desit,
1455 1857 1616 1925 plane
1655 1856 1925 1913 declarat.
1957 1855 2095 1911 Nam

517 1947 576 1993 ut
616 1939 670 1994 in
721 1940 1038 1996 animalium
1088 1959 1306 2014 genere,
1347 1947 1603 2015 quamvis
1667 1948 2095 2026 innumerabiles

514 2030 848 2088 differentias
872 2047 1187 2102 cernamus,
1218 2037 1471 2108 'generali
1503 2045 1687 2093 tamen
1718 2055 1903 2100 rerum
1946 2054 2096 2093 com-

515 2122 866 2178 mendatione
911 2125 1204 2182 convenire
1252 2127 1508 2192 dicimus,
1563 2141 1619 2184 ut
1668 2129 2098 2200 unumquodque

519 2212 808 2282 pulchrum
847 2230 970 2271 esse
1015 2216 1249 2273 dicatur.
1290 2218 1422 2285 Qua:
1461 2227 1642 2276 tamen
1702 2223 1822 2278 laus
1861 2229 1916 2277 et
1944 2236 2096 2277 com-

517 2302 798 2359 mendatio
833 2321 943 2360 non
975 2295 1210 2363 refertur
1248 2311 1315 2363 ad
1343 2326 1463 2365 eam
1487 2312 1729 2382 speciem
1759 2321 1813 2368 et
1844 2312 2097 2380 formam,

435 2469 456 2482 ‘
519 2408 642 2462 qua:
671 2397 1028 2466 conSpicitur.
1059 2399 1279 2470 Alioqui
1322 2417 1424 2456 nec
1452 2403 1835 2473 scolopendra,
1868 2419 1969 2459 nec
1997 2413 2103 2460 ter-

522 2486 720 2541 restris
754 2503 908 2554 rana,
943 2505 1046 2545 nec
1077 2507 1198 2560 qua:
1221 2507 1288 2546 ex
1318 2493 1460 2563 putri
1494 2495 1722 2549 materia
1751 2504 2100 2565 generantur,

521 2577 779 2632 animalia
830 2588 1014 2635 essent
1056 2582 1214 2636 valde
1268 2583 1515 2653 pulchra.
1569 2583 1687 2639 Non
1729 2587 1874 2641 enim
1923 2602 2102 2642 rerum

524 2671 763 2738 speciem
799 2671 1019 2728 divinus
1069 2675 1263 2729 oculus
1296 2675 1560 2741 intuetur,
1614 2692 1714 2732 nec
1744 2677 1976 2748 quadam
2013 2693 2106 2734 co-

524 2764 678 2828 loris,
717 2765 1015 2838 formaque
1045 2759 1380 2838 przestantia',
1435 2771 1786 2840 pulchritudo
1823 2773 2104 2839 delinitur,

524 2855 620 2909 sed
643 2871 730 2920 eo,
762 2857 904 2925 quod
942 2859 1176 2928 singula,
1208 2869 1480 2930 quatenus
1508 2869 1658 2927 sunt,
1696 2869 1947 2939 naturam
1985 2877 2109 2933 per-

525 2945 724 3001 fectam
754 2948 976 3006 habent.
1009 2949 1126 3004 Non
1161 2952 1304 3006 enim
1340 2953 1393 3006 in
1418 2969 1482 3008 eo
1507 2953 1675 3009 situm
1707 2961 1814 3018 est,
1843 2963 1902 3008 ut
1934 2969 2108 3024 equus

529 3038 623 3104 sit,
649 3040 796 3112 quod
823 3041 922 3096 bos
953 3058 1061 3098 non
1087 3045 1176 3108 sit,
1209 3052 1303 3098 aut
1330 3053 1554 3113 contra;
1586 3045 1677 3100 sed
1698 3047 1842 3115 quod
1871 3046 1928 3100 in
1960 3053 2111 3100 utro-

526 3145 634 3199 que
656 3147 843 3186 eorum
879 3149 938 3187 se
973 3133 1146 3204 ipsam
1188 3143 1384 3190 natura
1408 3147 1715 3202 conservat,
1751 3137 2109 3206 propriasque

530 3223 598 3278 ad
637 3225 992 3282 stabilitatem
1035 3241 1190 3281 suam
1241 3227 1453 3283 obtinet
1496 3227 1808 3292 facultates,
1852 3243 1954 3283 nec
1985 3243 2108 3284 cor-

531 3317 843 3384 rumpendi,
873 3319 967 3372 sed
999 3318 1364 3373 conservandi
1395 3319 1502 3374 vim
1532 3318 1718 3375 habet.

2197 1871 2341 1934 Ἕως
2381 1869 2424 1921 δ’
2457 1869 2521 1921 ἂν
2554 1867 2840 1938 ἰσόρροπος
2885 1868 2942 1919 tv
2988 1865 3320 1936 ἀμφοτέροις
3363 1865 3396 1934 ἡ
3443 1861 3696 1934 δύναμις,
3743 1859 3780 1930 ἢ

2195 1960 2396 2031 ὁμοίως
2463 1959 2594 2028 παρ’
2662 1956 2988 2027 ἀμφοτέρων
3062 1953 3316 2022 ἀλλήλοις
3382 1955 3410 2006 ὁ
3473 1947 3785 2019 ἀφανισμὸς

2199 2051 2522 2122 ἑνεργεῖται,
2553 2047 2648 2101 καὶ
2673 2048 2956 2119 οὐθέτερον
2994 2045 3072 2116 τῷ
3118 2045 3290 2115 ἑτέρῳ
3322 2043 3597 2114 τρέφεται,
3647 2038 3793 2092 ἁλλεῐι⁵

2197 2141 2268 2196 τὰ
2309 2142 2403 2195 δύο
2445 2140 2693 2212 ἀλλήλοις
2723 2137 3122 2206 ἑναφανίζεται.
3177 2137 3266 2198 Ὠς
3316 2134 3493 2187 τοίνυν
3535 2131 3628 2184 βπ).
3673 2128 3787 2182 τῶν

2199 2230 2710 2302 ἀλληλοφαγούντων
2740 2229 2945 2299 θηρίων
2977 2227 3076 2281 οὐκ
3114 2226 3224 2297 ἔχει
3259 2224 3451 2294 φύσιν,
3496 2223 3789 2292 ἀμφότερα

2199 2324 2266 2377 δι’
2294 2322 2540 2393 ἀλλήλων
2565 2323 2686 2393 ζῇν,
2716 2320 2786 2374 τὰ
2820 2322 2910 2374 ὑπ’
2945 2319 3190 2390 ἀλλήλων
3219 2316 3552 2387 φθειρόμενα
3585 2331 3600 2345 ο
3643 2312 3790 2364 οὓτω

2202 2415 2297 2468 καὶ
2325 2415 2357 2485 η
2391 2412 2486 2466 τοῦ
2512 2410 2679 2483 ὑγροῦ
2707 2411 2843 2480 πρὸς
2866 2411 2930 2463 τὸ
2953 2408 3116 2480 ξηρὸν
3141 2407 3476 2469 ἐναντίωσις,
3502 2403 3792 2472 οὐθέτερον

2203 2505 2269 2560 ἂν
2301 2508 2359 2559 tv
2386 2503 2464 2575 τῷ
2492 2499 2631 2556 εἶναι
2663 2502 2962 2570 φυλάσσοι,
3006 2501 3164 2571 εἴπερ
3201 2499 3235 2568 ἡ
3281 2497 3380 2550 τοῦ
3408 2496 3594 2566 ἑτέρου
3630 2491 3786 2546 ἀπὼ-

2204 2595 2324 2650 λεια
2367 2594 2553 2666 τρέφοι
2583 2595 2643 2647 τὸ
2679 2594 2886 2664 ἕτερον.
2924 2591 3111 2644 ’Ἀλλά
3141 2607 3231 2661 μοι
3263 2589 3412 2642 δοκεῖ
3447 2585 3618 2648 ιαλῶς
3647 2583 3794 2654 ἔχειν

2205 2686 2375 2750 οῦτως
2399 2686 2464 2739 ἂν
2485 2685 2683 2757 μᾶλλον
2712 2687 2842 2755 ἡμῖν
2869 2684 3009 2736 κατὰ
3028 2682 3088 2735 τὺ
3114 2679 3403 2734 ἀκόλουθον
3427 2676 3793 2746 διαληφθῆναι

2207 2779 2297 2831 τὸν
2325 2778 2482 2846 λόγον
2505 2794 2518 2807 ·
2560 2774 2746 2846 ἐπειδὴ
2785 2777 2963 2828 πάντα
2992 2775 3093 2827 ὅσα
3124 2772 3379 2842 ἐποίησεν
3411 2771 3439 2823 ὁ
3466 2769 3620 2832 Θεὸς,
3652 2764 3796 2819 καλά

2208 2868 2327 2921 λίαν
2359 2868 2526 2933 ἐστὶν,
2567 2867 2781 2936 ἑκάστῳ
2813 2865 2956 2936 φημὶ
3001 2865 3112 2918 δεῖν
3155 2861 3265 2916 τῶν
3299 2861 3468 2914 ὄντων
3508 2857 3797 2925 ὲνθεωρεῖ-

2211 2959 2334 3013 σθαι
2365 2959 2466 3029 τὴν
2513 2957 2605 3012 τοῦ
2641 2956 2808 3010 καλοῦ
2851 2957 3186 3026 τελειότητα.
3249 2955 3314 3006 Ἣ
3365 2951 3474 3022 γὰρ
3514 2949 3608 3002 τοῦ
3653 2947 3800 3002 λίαν

2212 3047 2495 3120 προσθήκη
2521 3085 2535 3110 ,
2585 3045 2674 3099 διά
2699 3046 2798 3116 τῆς
2828 3044 3150 3112 ἑπιτατικῆς
3181 3040 3457 3112 σημασίας
3493 3035 3677 3104 σαφῶς
3706 3035 3799 3087 tv-

2212 3136 2554 3192 δείκνυταιτδ
2575 3135 2885 3197 ἀνελλειπὲς
2907 3136 2987 3197 εἰς
3009 3133 3300 3186 τελείωσιν.
3318 3131 3408 3192 Ὣς
3423 3127 3529 3198 γάρ
3549 3128 3606 3180 tv
3623 3127 3686 3195 τῇ
3705 3140 3800 3192 γε-

2175 3248 2177 3250 ·
2214 3233 2360 3286 νέσει
2391 3229 2498 3283 τῶν
2522 3229 2676 3293 ζώων
2708 3227 2906 3299 μυρίας
2946 3227 3044 3297 μὲν
3086 3225 3200 3277 ἐστι
3231 3221 3495 3292 διαφοράς
3533 3219 3658 3272 ἰδεῖν
3690 3214 3802 3268 τῶν

2218 3324 2274 3375 tv
2308 3320 2514 3383 τούτοις
2555 3319 2763 3388 γενῶν,
2812 3318 2890 3389 τῷ
2941 3317 2999 3370 δὲ
3042 3312 3315 3384 καθολικῷ
3359 3312 3505 3382 λόγῳ
3547 3309 3645 3378 τῆς
3688 3305 3804 3360 τῶν

528 3405 698 3461 ὅντων
746 3410 1017 3481 ἀποδοχῆς
1062 3409 1323 3482 ἁρμόζειν
1363 3411 1448 3479 ἐφ’
1477 3411 1707 3464 ἑκάστου
1740 3409 1938 3482 φαμὲν,
1985 3411 2126 3467 κατά
2154 3413 2214 3467 τὸ
2243 3409 2359 3466 ἴσον
2404 3411 2467 3465 τὺ
2499 3411 2659 3464 καλὸν
2691 3405 2830 3464 εἶναι
2867 3410 2987 3464 λίαν
3015 3426 3029 3440 ο
3074 3410 3135 3463 οὐ
3183 3409 3291 3480 μὴν
3338 3407 3474 3477 πρὸς
3521 3403 3580 3456 τδ
3619 3397 3804 3469 φαινέ·

537 3517 696 3571 μενον
741 3500 838 3572 τὴν
879 3502 1152 3574 ἀποδοχὴν
1195 3498 1355 3568 εἶναι,
1390 3502 1422 3572 ἢ
1474 3501 1539 3555 ἂν
1570 3502 1662 3555 καὶ
1694 3503 1727 3572 ἡ
1761 3502 2146 3576 σκολόπενδρα,
2179 3505 2273 3557 καὶ
2316 3507 2343 3558 ὁ
2374 3505 2624 3574 χερσαῖος
2655 3501 2943 3572 βάτραχος,
2972 3501 3067 3554 καὶ
3097 3499 3166 3552 τά
3207 3500 3272 3551 ὲκ
3299 3497 3401 3567 τῆς
3442 3494 3656 3566 σήψεως
3692 3492 3809 3543 τῶν

537 3591 812 3664 βορϐόρων
852 3594 1284 3665 ζωογονούμενα,
1320 3593 1432 3665 ἔχοι
1473 3594 1535 3648 τὺ
1567 3594 1686 3649 λίαν
1737 3595 1908 3649 καλά’
1939 3596 2052 3648 ἀλλ’
2087 3598 2145 3650 οὐ
2188 3597 2323 3669 πρὸς
2353 3597 2450 3668 τὴν
2481 3595 2630 3668 ὥραν
2659 3594 2767 3650 τῶν
2799 3593 3098 3663 γεγονότων
3139 3592 3167 3644 ὁ
3213 3590 3354 3653 θεῖος
3381 3585 3655 3656 ὀφθαλμὸς
3683 3581 3805 3652 βλέ-

535 3706 673 3754 πων,
703 3691 761 3741 ὲν
783 3691 1005 3762 εὐχροίᾳ
1032 3693 1138 3745 τινί
1162 3692 1256 3746 καὶ
1281 3692 1555 3762 εὐμορφίᾳ
1595 3691 1656 3744 τὸ
1702 3691 1865 3746 καλὸν
1913 3693 2174 3762 ὁρίζεται,
2213 3694 2326 3748 ἀλλ’
2358 3695 2415 3746 tv
2447 3692 2524 3764 τῷ
2554 3693 2819 3755 ἕκαστον,
2883 3688 3018 3743 καθὸ
3061 3687 3172 3741 ἔστι
3199 3726 3213 3750 ,
3262 3685 3474 3738 τελείαν
3521 3682 3578 3733 tv
3625 3675 3804 3745 ἑαυτῷ

537 3780 682 3852 ἔχειν
715 3781 814 3852 τὴν
858 3782 1055 3852 φύσινο
1111 3785 1172 3837 οὐ
1216 3784 1325 3855 γάρ
1358 3785 1415 3837 tv
1459 3783 1537 3855 τῷ
1567 3783 1694 3854 βοῦν
1744 3783 1818 3855 μὴ
1869 3779 2031 3848 εῖναι,
2079 3785 2171 3839 τὸν
2221 3787 2384 3841 ἵππον
2427 3785 2572 3838 ἐστιν
2611 3780 2770 3850 εἶναι,
2819 3780 2933 3834 ἀλλ’
2975 3780 3032 3830 tv
3079 3778 3292 3846 ἑκάστῳ
3313 3774 3522 3827 ’τούτων
3549 3765 3808 3834 συντηρεῖ

539 3871 737 3943 ἑαυτὴν
762 3873 794 3942 ἡ
830 3871 1010 3941 φύσις,
1048 3871 1183 3936 ἰδίας
1211 3871 1465 3944 ἀφορμὰς
1499 3873 1637 3942 πρὸς
1674 3871 1773 3944 τὴν
1823 3872 1958 3926 ἰδίαν
2007 3873 2264 3946 διαμονὴν
2291 3874 2621 3945 κεκτημένη,
2651 3873 2752 3925 οὐκ
2781 3874 2836 3924 tv
2863 3871 3037 3941 φθορᾷ
3067 3868 3168 3938 τῆς
3198 3866 3430 3936 φύσεως,
3463 3859 3572 3914 ἀλλ’
3595 3859 3673 3920 εἰς
3700 3855 3811 3926 τὴν

538 3961 635 4019 τοῦ
661 3958 798 4016 εἶναι
823 3961 1047 4032 δύναμιν
1075 3963 1291 4032 ἔχουσα.

615 4054 708 4110 Sic
740 4055 900 4109 etiam
929 4055 1219 4118 elementa,
1261 4055 1390 4109 licet
1424 4054 1581 4110 aliter
1618 4053 1762 4110 inter
1781 4069 1842 4110 se
1867 4055 2110 4119 habeant,

2283 4053 2442 4109 Οὕτω
2467 4051 2570 4106 κᾶν
2599 4051 2798 4121 ἑτέρως
2822 4048 2934 4118 ἔχοι
2957 4045 3026 4098 τὰ
3046 4046 3281 4114 στοιχεῖα
3292 4042 3427 4111 πρὸς
3445 4037 3667 4108 ἄλληλα,
3690 4036 3810 4090 ἀλλ’

546 4147 760 4218 singula
801 4155 980 4202 tamen
1029 4147 1085 4201 in
1128 4162 1188 4202 se
1219 4146 1404 4202 valde
1450 4155 1581 4202 sunt
1617 4146 1866 4217 pulchra.
1899 4146 2110 4216 Pr0pri:

2223 4141 2316 4200 οῦν
2346 4145 2431 4212 ἐφ’
2464 4141 2656 4195 ἑαυτοῦ
2685 4141 2914 4193 ἕκαστον
2942 4135 3108 4190 καλόν
3133 4137 3248 4187 ἑστι
3279 4133 3423 4185 λίαν.
3465 4130 3579 4197 Ἐφ’
3613 4127 3804 4180 ἑαυτοῦ

545 4240 693 4295 enim
726 4239 1154 4310 unumquodque
1184 4238 1394 4294 ratione
1417 4238 1750 4309 completum
1781 4245 1866 4294 est
1894 4237 2110 4308 pulchri

2224 4237 2333 4308 γὰρ
2365 4232 2604 4289 κατὰτὸν
2621 4232 2750 4284 ἴδιον
2763 4229 2920 4298 λόγον
2953 4230 3011 4281 tv
3028 4226 3106 4297 τῷ
3129 4223 3277 4294 καλῷ
3317 4219 3606 4289 συμπεπλή
3616 4233 3800 4310 ρωται.

547 4329 759 4386 tudine.
779 4309 1016 4384 Pulchra
1043 4309 1126 4384 est
1147 4337 1311 4395 terra,
1335 4328 1536 4398 quippe
1561 4343 1682 4398 qua:
1710 4343 1816 4383 non
1838 4335 1958 4397 eget
1987 4328 2110 4382 aeri:

2226 4329 2402 4384 Καλόν
2431 4329 2576 4381 ἑστιν
2595 4326 2627 4389 ή
2651 4324 2745 4394 γῆο
2769 4323 2828 4375 οὐ
2844 4321 2953 4392 γὰρ
2972 4320 3069 4389 τῆς
3095 4316 3370 4377 ἀπωλείας
3386 4312 3478 4366 τοῦ
3497 4313 3655 4381 ἀέρος
3670 4309 3805 4379 χρῄ-

550 4420 798 4486 interitu,
835 4429 892 4474 ut
920 4429 1064 4476 terra
1095 4421 1187 4486 sit,
1227 4422 1321 4477 sed
1356 4421 1591 4475 naturali
1621 4420 1724 4476 sibi
1759 4435 1788 4473 a
1822 4418 1931 4474 Deo
1962 4419 2110 4475 insit:

2229 4421 2312 4485 ζει
2336 4418 2471 4490 πρὸς
2481 4417 2543 4470 τὸ
2563 4412 2702 4469 εἶναι
2717 4414 2811 4484 γῆ,
2832 4412 2966 4466 ἀλλά
2985 4409 3133 4481 μένει
3155 4409 3211 4461 tv
3227 4410 3346 4469 ταῖς
3367 4406 3523 4467 ἰδίαις
3538 4403 3804 4472 ποιότησι,

551 4519 820 4580 potestate
855 4527 976 4566 sese
1009 4527 1370 4576 conservans,
1405 4511 1460 4566 in
1503 4510 1741 4581 propriis
1770 4510 2128 4580 qualitatibus

555 4609 759 4656 manet.
794 4599 1026 4656 Pulcher
1062 4610 1146 4656 est
1179 4618 1293 4666 aer,
1325 4618 1434 4656 non
1456 4617 1524 4657 ex
1561 4617 1626 4658 eo
1653 4601 1798 4672 quod
1830 4609 1976 4658 terra
2019 4616 2131 4656 non

557 4693 650 4755 sit,
701 4690 796 4746 sed
824 4692 966 4760 quod
998 4691 1114 4760 ipse
1160 4701 1265 4757 est,
1313 4708 1482 4763 seque
1523 4705 1732 4750 naturae
1774 4710 1888 4751 suae
1924 4694 2132 4750 viribus

556 4792 853 4840 sustentat.
913 4783 1014 4842 Sic
1062 4784 1228 4838 etiam
1271 4800 1413 4854 aqua
1458 4793 1542 4840 est
1586 4786 1743 4842 valde
1790 4787 2039 4856 pulchra,
2078 4794 2135 4842 et

559 4875 699 4944 ignis
735 4874 960 4944 pulcher
985 4882 1070 4929 est
1091 4875 1267 4941 valde,
1297 4883 1350 4930 et
1379 4876 1616 4944 propriis
1646 4884 1874 4946 uterque
1903 4869 2134 4948 qualita-

560 4968 707 5022 tibus
736 4967 1040 5030 absolutus,
1081 4970 1136 5021 in
1167 4983 1230 5022 ea
1273 4982 1530 5024 mensura
1559 4983 1667 5038 qua
1700 4969 1932 5038 primum
1968 4987 2136 5040 gene-

559 5065 714 5112 ratus
751 5066 858 5123 est,
911 5057 1111 5114 divine
1151 5060 1452 5115 voluntatis
1481 5060 1683 5114 virtute
1718 5068 1978 5130 perpetuo
2007 5075 2138 5115 con-

563 5159 832 5206 servatur.
897 5149 1127 5215 «Terra,
1185 5153 1409 5222 inquit,
1456 5151 1510 5205 in
1545 5158 1806 5204 aeternum
1847 5153 1956 5203 stat
1979 5147 2023 5178 ’⁷
2056 5164 2068 5200 :
2107 5164 2127 5198 ι

560 5259 670 5300 non
719 5241 1078 5309 imminuitur,
1110 5258 1219 5296 non
1249 5250 1507 5312 augetur:
1546 5257 1638 5296 aer
1668 5242 1722 5296 in
1757 5241 1991 5310 propriis
2021 5255 2134 5296 ser-

566 5343 726 5388 vatur
761 5333 1039 5398 terminis;
1070 5333 1210 5403 ignis
1241 5349 1348 5388 non
1381 5335 1665 5389 minuitur.
1699 5332 1946 5398 Quonam
1975 5332 2140 5402 igitur

567 5431 726 5494 pacto
758 5437 898 5491 aqua
947 5424 1062 5478 sola
1101 5439 1164 5478 ex
1194 5439 1381 5478 eorum
1415 5440 1614 5495 genere
1641 5431 1741 5489 est,
1785 5437 1906 5494 quae
1939 5437 2140 5477 consu-

570 5515 834 5571 muntur?
871 5513 1134 5572 Praeterea
1173 5517 1227 5570 in
1273 5516 1437 5574 rebus
1483 5516 1617 5586 ipsis
1648 5516 1790 5571 inter
1828 5528 1888 5570 se
1921 5527 2138 5583 compa-

645 5691 690 5727 ’⁷
725 5693 901 5753 Εςιιμο.
942 5694 1045 5756 ’.4.

2229 4514 2317 4569 διὰ
2329 4514 2425 4582 τῆς
2447 4507 2679 4580 φυσικῆς
2693 4506 2830 4575 αὐτῇ
2844 4502 3027 4556 θεόθεν
3044 4498 3366 4569 ἐγκειμένης
3385 4496 3665 4582 δυνάμεως
3682 4495 3804 4582 ἑαυ-

2227 4604 2326 4674 τὴν
2361 4579 2717 4669 συντηροῦσα.
2740 4593 2919 4646 Καλὸν
2935 4593 2963 4644 ὁ
2984 4592 3092 4661 ἀήρ
3113 4606 3128 4620 ο
3153 4589 3252 4641 οὐκ
3279 4589 3334 4639 tv
3351 4585 3428 4656 τῷ
3452 4588 3525 4655 μὴ
3548 4579 3683 4636 εἶναι
3707 4581 3804 4674 τὴν

2229 4671 2352 4765 γῆν,
2380 4690 2492 4745 ἀλλ’
2520 4690 2577 4740 tv
2598 4681 2641 4755 ᾧ
2666 4685 2828 4748 αὐτός
2853 4686 2968 4736 ἐστι
2981 4685 3101 4744 ταῖς
3130 4678 3270 4733 κατά
3293 4677 3451 4746 φύσιν
3471 4671 3800 4765 ἐνυπαρχού-

2235 4763 2354 4849 σαις
2381 4780 2526 4851 αὐτῴ
2537 4778 2798 4848 δυνάμεσι
2822 4775 2958 4846 πρὸς
2969 4775 3066 4842 τὴν
3087 4769 3344 4840 διαμονὴν
3365 4765 3630 4836 ἐξαρκῶν.
3654 4763 3803 4816 Οῦτω

2233 4877 2329 4932 καὶ
2359 4876 2502 4944 ὕδωρ
2547 4871 2668 4924 λίαν
2716 4868 2876 4923 καλὸν
2898 4906 2912 4930 ,
2962 4866 3055 4920 καὶ
3081 4865 3140 4916 τὸ
3171 4859 3279 4932 πῦρ
3327 4859 3487 4912 καλόν
3519 4859 3635 4910 ὲστι
3663 4856 3798 4918 λίαν,

2232 4972 2351 5032 ταῖς
2373 4967 2528 5028 ἰδίαις
2555 4963 2810 5033 ἑκάτερον
2840 4955 3380 5028 συμπεπληρωμένον
3409 4950 3680 5019 ποιότησι,
3707 4946 3802 5000 καὶ

2232 5065 2300 5132 τῇ
2332 5060 2558 5129 δυνάμει
2587 5053 2680 5108 τοῦ
2713 5052 2856 5106 θείου
2887 5049 3186 5119 θελήματος
3220 5045 3362 5098 κατὰ
3393 5043 3462 5096 τὰ
3498 5042 3606 5095 ἴδια
3635 5039 3804 5132 μέτρα

2232 5129 2334 5219 τῆς
2372 5149 2593 5219 πρώτης
2631 5141 2916 5212 γενέσεως,
2951 5139 3030 5199 είς
3077 5137 3139 5188 τὸ
3185 5133 3430 5204 διηνεκὲς
3475 5129 3801 5222 παραμένον.

2241 5257 2260 5292 ι
2282 5218 2348 5292 Ἥ
2365 5218 2459 5307 γῆ,
2472 5232 2682 5302 ιφησὶν,
2700 5251 2718 5283 ι
2739 5232 2816 5292 είς
2842 5227 2933 5280 τὸν
2951 5225 3123 5280 αἰῶνα
3141 5223 3392 5294 ἓστηκεψ
3408 5241 3425 5274 ι
3445 5222 3546 5274 οὐκ
3561 5218 3806 5271 ἐλαττου-

2238 5329 2398 5401 μένη,
2445 5327 2504 5378 οὐ
2556 5318 2941 5384 πλεονάζουσα.
3009 5317 3066 5369 '0
3108 5315 3216 5385 ἀὴρ
3250 5317 3307 5368 tv
3345 5316 3458 5374 τοῖς
3486 5311 3637 5373 ίδίοις
3663 5309 3803 5401 ὅροις

2236 5399 2594 5491 φυλάσσεται,
2640 5413 2700 5465 τὸ
2741 5411 2851 5481 πῦρ
2901 5409 2962 5462 οὐ
3009 5407 3292 5479 μειοῦται·
3357 5404 3473 5467 πῶς
3541 5401 3695 5472 μόνον
3738 5399 3803 5451 ἐκ

2236 5489 2453 5570 πάντων
2501 5508 2558 5562 τὸ
2606 5505 2748 5573 ῦδωρ
2792 5501 2903 5556 τῶν
2930 5499 3333 5569 δαπανωμένων
3367 5494 3520 5560 tari;
3575 5490 3685 5549 Καὶ
3725 5489 3803 5544 ἑτι
