4106 6208
333 238 420 294 95

1523 241 1593 299 IN
1629 244 2107 308 HEXAEMERON
2145 251 2368 308 LIBER-
3535 262 3605 318 94

335 350 492 425 πρὸς
520 347 719 414 τούτοις
749 350 951 424 πολλὴν
977 352 1194 425 δρῶμεν
1216 353 1275 408 έν
1309 356 1592 428 συγκρίσει
1613 359 1724 416 τῶν
1755 361 1915 419 ὄντων

2034 367 2222 423 randis
2257 367 2502 424 videmus
2544 381 2663 422 eam
2706 380 2825 437 quas
2870 376 3119 425 naturam
3157 386 3220 428 ac
3253 374 3360 428 vim
3392 376 3605 447 ignea

337 441 455 514 τὴν
481 441 692 514 πυρώδη
726 442 918 498 οὐσίαν
961 445 1056 498 καὶ⁵
1085 445 1314 517 δύναμιν
1335 463 1349 478 ·
1403 448 1497 502 καὶ
1537 450 1696 504 τοῦτο
1740 454 1926 524 σαφῶς

342 533 420 585 ὲκ
447 531 551 583 τῶν
576 532 647 584 τὰ
693 532 943 605 μετέωρα
984 534 1494 605 πεφιλοσοφηκότων
1542 539 1622 601 εἰς
1655 540 1927 607 ἀπόδειξιν

334 623 558 690 ἄγεται,
587 623 652 676 rb
683 623 1118 680 πολλαπλασίονα
1160 626 1262 697 τῆς
1293 628 1396 698 γῆς
1424 623 1562 682 εἶναι
1593 630 1686 682 τὸν
1730 631 1882 702 ἥλιον
1907 645 1922 660 ·

335 712 422 775 ὡς
459 713 597 783 μηδὲ
628 714 722 767 ἐπὶ
766 715 901 768 πολὺ
945 715 1039 769 τοῦ
1091 716 1252 787 ἀέρος
1283 718 1383 788 τὴν
1415 718 1510 772 ἀπ’
1564 720 1731 792 αὑτῆς
1769 723 1925 776 σκιὰν

333 802 694 867 ἐξικνεῖσθαι,
729 804 807 876 τῷ
837 806 1223 878 ὑπερϐάλλοντι
1267 809 1360 862 τοῦ
1405 810 1630 880 ἡλιακοῦ
1663 813 1925 882 μεγέθους

335 895 652 958 κωνοειδῶς
682 896 742 948 ὲν
771 899 839 966 τῇ
873 897 1143 969 προσϐολῇ
1173 899 1284 954 τῶν
1309 901 1542 955 ἀκτίνων
1570 903 1925 974 συστελλομέ-

331 1000 463 1055 νην.
491 984 559 1038 Et
583 980 677 1038 οῦν
696 984 872 1049 οὕτως
895 987 1072 1055 ὀλίγον
1095 988 1254 1043 τοῦτο
1277 989 1352 1053 ὡς
1385 991 1516 1060 πρὸς
1549 993 1724 1046 ἐκεῖνο
1751 994 1926 1065 κρινό-

338 1095 508 1148 μενον
536 1116 552 1141 ,
600 1077 743 1132 ὥστε
778 1078 1062 1134 πολλοστὸν
1105 1077 1246 1134 εἶναι
1274 1083 1366 1136 τοῦ
1403 1083 1626 1154 ἡλιακοῦ
1661 1085 1925 1156 μεγέθους

339 1168 486 1238 μετά
513 1169 695 1240 πάσης
716 1171 817 1239 τῆς
851 1171 954 1240 γῆς
985 1172 1046 1224 rb
1076 1170 1220 1245 ὕδωρ
1250 1175 1737 1246 ἀντιμετρούμενον
1774 1192 1788 1207 ’
1845 1180 1925 1241 είς

337 1258 512 1310 πόσον
555 1258 623 1311 ἂν
665 1259 854 1330 χρόνον
895 1259 957 1312 rb
987 1258 1160 1330 βραχὺ
1205 1260 1362 1315 τοῦτο
1400 1264 1480 1334 τῷ
1524 1265 1760 1336 τοσούτῳ
1790 1267 1924 1337 πυρὶ

337 1350 484 1420 πρὸς
523 1350 620 1420 τὴν
647 1350 892 1420 δαπάνην
922 1350 1235 1423 διήρκεσεν;
1285 1354 1443 1409 Ἀλλά
1488 1357 1596 1427 μὴν
1636 1358 1924 1421 διαπαντὸς

339 1441 562 1509 δρῶμεν
589 1441 688 1511 τὴν
711 1440 984 1496 θάλασσαν
1011 1444 1068 1495 ἑν
1097 1443 1173 1514 τῷ
1205 1445 1306 1515 ἴσῳ
1337 1445 1790 1518 πλημμύρουσαν,
1830 1450 1923 1501 καὶ

335 1531 452 1584 τῶν
483 1535 743 1603 ποταμῶν
773 1534 872 1605 τὴν
901 1536 1070 1606 φορὰν
1107 1537 1165 1588 ὲν
1196 1539 1309 1601 τοῖς
1341 1539 1491 1604 ἰδίοις
1532 1541 1794 1610 μένουσαν
1823 1540 1922 1611 μέ-

340 1637 497 1691 τροις
521 1639 535 1652 ·
587 1625 686 1693 ἄρα
713 1623 774 1677 rb
804 1623 880 1695 μὴ
909 1625 1251 1680 δαπανᾶσθαί
1275 1645 1326 1680 τι
1354 1628 1449 1682 τοῦ
1475 1631 1644 1705 ὑγροῦ
1665 1670 1680 1695 ,
1710 1632 1798 1684 διὰ
1823 1631 1922 1700 τῆς

2027 457 2252 523 obtinet,
2303 459 2674 529 magnitudine
2705 459 2862 529 longe
2908 470 3188 530 praestare.
3220 463 3353 519 Nam
3402 466 3478 520 illi
3509 470 3604 538 qui

2026 545 2094 602 de
2137 549 2300 604 rebus
2338 548 2664 603 sublimibus
2695 547 3172 618 philosophantur,
3217 554 3385 608 solem
3423 557 3604 627 ipsum

2026 638 2211 706 multis
2239 638 2486 707 partibus
2533 645 2676 691 terra
2710 639 2970 706 majorem
3023 657 3145 696 esse
3179 642 3337 698 facile
3375 645 3603 702 demon-

2027 733 2223 780 strant.
2249 725 2435 797 Neque
2459 727 2602 781 enim
2636 728 2884 782 umbram
2910 735 3069 784 terra:
3096 730 3311 801 longius
3344 733 3398 787 in
3424 749 3602 790 aerem

2024 816 2294 886 protendi,
2327 817 2473 886 quod
2519 827 2812 886 superante
2837 819 2971 874 solis
2999 820 3395 888 magnitudine,
3423 823 3605 877 radio-

2023 923 2145 963 rum
2166 923 2391 964 accessu
2421 909 2474 962 in
2501 910 2738 965 turbinis
2764 925 2966 965 morem
2992 913 3348 967 contrahatur
3371 921 3423 968 ct
3449 930 3606 969 coar-

2022 1007 2218 1055 ctetur.
2269 1000 2423 1067 Quod
2455 1002 2500 1056 si
2533 1011 2705 1056 totum
2754 1003 2877 1068 hoc,
2917 1004 3063 1072 quod
3107 1020 3172 1058 ex
3205 1014 3349 1060 terra
3374 1014 3428 1060 et
3462 1021 3604 1076 aqua

2025 1090 2333 1157 conficitur,
2371 1106 2496 1146 cum
2525 1093 2644 1163 ipso
2671 1100 2878 1146 tantum
2915 1094 3028 1148 sole
3051 1104 3452 1165 comparatum,
3490 1105 3602 1151 tam

2023 1182 2278 1252 exiguum
2327 1189 2447 1247 est,
2519 1189 2578 1235 ut
2618 1182 2806 1237 multis
2873 1183 3124 1251 partibus
3179 1185 3416 1240 excellat
3468 1185 3603 1241 solis

2025 1271 2360 1344 magnitudo,
2420 1272 2661 1342 quandiu
2711 1273 2983 1326 tantulum
3025 1274 3170 1328 istud
3209 1274 3418 1348 humidi
3453 1283 3603 1330 tanto

2025 1362 2135 1434 igni
2173 1364 2569 1418 nutrimentum
2605 1364 3122 1420 subministrasset?
3150 1365 3403 1420 Attamen
3425 1367 3602 1422 omni-

2024 1454 2130 1509 bus
2169 1455 2384 1510 szeculis
2427 1457 2677 1513 videmus
2728 1472 2879 1511 mare
2928 1460 3133 1527 pariter
3187 1461 3495 1527 exundans,
3548 1470 3602 1518 et

2022 1543 2305 1600 fluminum
2327 1559 2522 1602 cursus
2549 1546 2754 1602 eisdem
2789 1547 2988 1602 finibus
3014 1558 3068 1602 et
3091 1549 3265 1604 modis
3304 1553 3599 1607 contineri.

2023 1634 2142 1700 Quo
2196 1637 2414 1706 quidem
2466 1639 2845 1706 experimento
2902 1640 3035 1694 nihil
3092 1641 3299 1696 humidi
3351 1643 3601 1698 consumi

342 1711 608 1781 τοιαύτης
639 1718 987 1785 μαρτυρεῖται
1019 1716 1230 1786 πείρας.
1272 1718 1408 1772 Ἀλλ’
1436 1719 1624 1792 ὥσπερ
1657 1721 1806 1792 παρὰ
1825 1721 1915 1792 τὴν

2024 1727 2320 1795 probatur;
2372 1735 2426 1782 et
2463 1728 2928 1798 quemadmodum
2965 1731 3122 1785 initio
3156 1747 3264 1785 non
3314 1748 3380 1787 ex
3419 1734 3601 1788 humi-

347 1803 586 1873 πρώτην
615 1805 712 1858 οὑκ
740 1807 794 1858 ὲν
814 1809 877 1877 τῇ
908 1806 1086 1878 φθορᾷ
1114 1811 1214 1880 τῆς
1248 1811 1543 1882 ὑγρότητος
1568 1813 1628 1865 rb
1659 1813 1769 1883 πῦρ
1796 1812 1920 1882 ἔσχε

348 1891 459 1961 τὴν
475 1892 703 1960 γένεσιν,
715 1895 842 1947 ἀλλά
852 1896 998 1967 παρά
1008 1898 1106 1968 τῆς
1115 1898 1288 1970 αὑτῆς
1305 1901 1506 1972 ὑπέστη
1524 1901 1921 1972 δυνάμεωςοκαὶ

355 1982 524 2036 τοῦτο
549 1983 716 2048 οὕτως
729 1986 857 2039 κατά
869 1986 966 2058 τὴν
999 1987 1223 2060 πρώτην
1235 1990 1328 2044 τοῦ
1347 1992 1608 2061 στοιχείου
1641 1993 1916 2059 σύστασιν,

354 2075 453 2127 καὶ
473 2076 554 2137 είς
574 2073 922 2146 τὸδιηνεκὲςη
942 2077 1169 2148 διαμονὴ
1197 2079 1618 2152 φυλαχθήσεται,
1642 2083 1794 2136 οὐδὲν
1819 2084 1919 2154 τῆς

347 2167 524 2235 ὑγρᾶς
543 2165 752 2232 φύσεως
781 2167 918 2238 πρὸς
934 2169 996 2221 τὸ
1015 2169 1284 2240 διαμεῖναι
1307 2173 1368 2224 rb
1389 2173 1496 2243 πῦρ
1512 2173 1719 2244 διοχλου
1728 2176 1914 2246 μένης.

449 2257 588 2309 Ἀλλ’
646 2258 905 2329 δρῶμεν,
967 2261 1148 2332 φησὶ,
1227 2263 1486 2328 πολλάκις
1560 2266 1918 2336 ὑγρανθεῖσαν

335 2349 399 2415 ἐξ
486 2349 796 2423 ἐπομϐρίας
853 2350 954 2420 τὴν
1008 2351 1131 2422 γῆν,
1214 2347 1333 2405 εἶτα
1413 2353 1766 2425 σφοδρότερον
1822 2355 1916 2408 τοῦ

332 2440 494 2510 ἡλίου
542 2439 604 2492 rb
644 2440 1004 2510 ὑποκείμενον
1050 2442 1368 2512 θάλψαντος,
1409 2444 1580 2515 ξηρὰν
1628 2445 1917 2516 γινομένην

335 2529 442 2600 τὴν
467 2530 574 2601 πρὸ
597 2528 774 2599 ὀλίγου
830 2531 1114 2602 διάϐροχον
1134 2548 1148 2562 ⁸
1212 2533 1314 2586 ποῦ
1344 2535 1545 2600 τοίνυν,
1577 2538 1760 2607 φησιν,
1791 2539 1823 2607 ἡ
1859 2539 1916 2590 έν

333 2621 550 2685 τούτοις
595 2623 849 2694 ὑγρότης,
894 2624 1050 2694 εἴπερ
1101 2624 1175 2695 μὴ
1223 2625 1452 2688 καθόλου
1500 2627 1560 2679 rb
1590 2627 1791 2697 θερμὸν
1817 2628 1917 2698 τῆς

336 2712 558 2772 ἀκτῖνος
579 2711 1066 2776 έπαναλίσκοντος;
1100 2708 1226 2783 'Ap’
1247 2709 1340 2767 οὖν
1368 2715 1464 2767 καὶ
1486 2714 1549 2767 rb
1573 2716 1630 2768 ἐν
1655 2715 1733 2785 τῷ
1761 2716 1916 2787 κεράο

334 2821 426 2873 μιν
472 2803 617 2873 ὕδωρ
662 2805 711 2856 εί
767 2803 1127 2874 μεταϐληθείη
1181 2805 1318 2876 πρὸς
1363 2806 1578 2877 ἕτερον,
1621 2808 1714 2859 καὶ
1761 2807 1916 2860 κενὸν

328 2894 555 2963 ἀθρόως
599 2895 660 2944 rb
692 2893 893 2962 πλῆρες
924 2895 1134 2962 γένοιτο
1170 2910 1182 2924 ⁸
1238 2896 1359 2948 ἐπεὶ
1403 2897 1479 2949 δὲ”
1510 2898 1566 2949 ὲν
1611 2897 1784 2968 τούτῳ
1816 2898 1916 2951 οὑκ

329 2986 490 3039 εστιν
516 3025 531 3047 ,
585 2985 702 3037 οὑδὲ
743 2980 880 3038 εἶναι
926 2985 1063 3048 ὅλως
1105 2985 1164 3038 τὸ
1202 2987 1261 3038 ὲν
1309 2987 1478 3060 ἑτέρῳ
1521 2989 1801 3060 γινόμενον
1832 2989 1916 3041 λέ-

331 3092 564 3143 γουσιν;
609 3078 674 3128 ὐ
695 3075 804 3145 γὰρ
829 3075 1062 3129 ἐνταῦθα
1094 3077 1324 3146 γίνεται,
1353 3079 1511 3133 τοῦτο
1534 3079 1626 3132 καὶ
1658 3081 1742 3133 ἐπ’
1773 3080 1914 3133 ὲκεί-

331 3181 429 3219 νου
468 3184 551 3228 τις
589 3165 916 3227 ὑπολαϐὼν,
967 3165 1059 3220 τοῦ
1107 3169 1315 3231 εἰκότος
1368 3169 1464 3240 οὑχ
1517 3171 1908 3241 ἁμαρτήσεται.

334 3252 489 3309 Ἶσον
521 3258 628 3327 γάρ
676 3259 790 3310 ἔστι
822 3259 920 3328 τήν
944 3274 1004 3310 τε
1036 3258 1144 3312 ἀπὸ
1180 3258 1274 3311 τοῦ
1314 3260 1493 3312 κοίλου
1516 3259 1705 3313 τούτου
1732 3261 1826 3313 ἐπὶ
1855 3260 1916 3312 rb

334 3347 525 3418 ἓτερον
557 3348 732 3400 κοῖλον
761 3347 852 3400 τοῦ
883 3348 1051 3417 ὑγροῦ
1085 3348 1388 3420 μεταρῤοὴν
1414 3349 1685 3417 γενέσθαι,
1713 3349 1806 3402 καὶ
1819 3347 1916 3418 τὴν

334 3437 521 3489 νοτίδα
563 3437 663 3506 τῆς
689 3438 797 3506 γῆς
827 3435 1269 3506 ἐξικμασθεῖσαν,
1306 3438 1602 3508 ἀναχθῆναι
1652 3437 1788 3508 πρὸς
1823 3437 1916 3490 τὸν

333 3525 506 3595 ἀέρα,
541 3526 774 3593 φυσικῶς
820 3525 914 3579 τοῦ
945 3526 1133 3597 ὑγροῦ,
1163 3529 1290 3581 ὅταν
1324 3531 1357 3600 ἡ
1395 3529 1488 3582 τοῦ
1517 3529 1915 3601 ὑπερκειμένου

339 3616 621 3686 θερμότης
649 3617 774 3686 πρὸς
796 3618 992 3689 ἑαυτὴν
1024 3619 1315 3688 ἐφέλκηται
1345 3620 1693 3691 λεπομερῶς
1724 3621 1790 3672 ὲκ
1815 3619 1915 3689 τῆς

337 3706 469 3774 γῆς,
517 3706 649 3776 πρὸς
694 3705 758 3759 τὰ
799 3706 912 3760 ἄνω
959 3707 1328 3778 διηθουμένου.
1364 3711 1668 3781 Τεκμήριον
1709 3709 1767 3763 δὲ
1806 3708 1914 3762 τῶν

333 3797 659 3865 γινομένων.
696 3797 776 3850 ὅτι
805 3798 1124 3868 παχυτέρων
1164 3799 1422 3863 πολλάκις
1447 3800 1556 3852 τῶν
1581 3801 1770 3870 ἀτμῶν
1807 3800 1914 3854 ἀπὸ

331 3887 431 3940 τοῦ
480 3887 677 3956 βάθους
716 3889 814 3958 τῆς
849 3889 951 3959 γῆς
983 3889 1397 3960 ἀναδιδομένων,
1430 3890 1672 3963 νεφὼδης
1698 3908 1784 3955 τις
1819 3891 1914 3944 σύ-

334 3995 527 4040 στασις
563 3977 853 4048 ἀναϐρύειν
880 3979 1048 4045 δοκεῖ,
1094 3980 1190 4033 καὶ
1233 3981 1466 4052 τοσαύτη
1509 3982 1617 4035 τῶν
1657 3982 1844 4052 ἀτμῶν
1877 3984 1912 4054 ἡ

332 4068 586 4139 παχύτης
621 4070 851 4138 γίνεται,
882 4069 956 4134 ὡς
987 4071 1078 4123 καὶ
1108 4075 1222 4135 τοῖς
1257 4071 1552 4144 ὀφθαλμοῖς
1591 4075 1762 4146 αὑτὴν
1817 4076 1913 4143 ὲφ-

333 4163 493 4231 ικτὴν
526 4157 683 4214 εἶναι.
717 4161 928 4213 Γένοιτο
966 4163 1010 4213 δ’
1055 4162 1120 4216 ἄν
1149 4179 1278 4215 ποτε
1304 4164 1398 4216 καὶ
1441 4163 1911 4236 λεπτομερεστέρα

330 4267 415 4313 τις
454 4254 489 4322 ἡ
532 4252 632 4320 τῆς
667 4250 870 4313 νοτίδος
897 4249 1280 4320 ἀναθυμίασις,
1322 4253 1398 4315 ὡς
1431 4253 1738 4318 ἐξισοῦσθαι
1772 4255 1922 4326 πρὸς

2026 1817 2212 1872 ditatis
2253 1819 2476 1872 interitu
2525 1819 2670 1888 ignis
2694 1827 2874 1874 ortum
2922 1821 3130 1887 habuit,
3189 1822 3282 1876 sed
3311 1824 3380 1876 ab
3410 1822 3596 1880 eadem

2025 1910 2354 1964 constitutus
2375 1919 2459 1965 est
2479 1919 2766 1981 potestate.
2792 1914 2871 1967 sic
2894 1921 2952 1966 ut
2980 1913 3112 1966 nihil
3135 1913 3354 1967 humida
3379 1924 3592 1980 natura,

2023 2016 2132 2070 quo
2163 2001 2278 2071 ipse
2307 2011 2544 2066 maneat,
2593 2004 2964 2071 perturbetur,
3002 2004 3054 2057 in
3103 2003 3278 2073 primo
3312 2019 3411 2058 suo
3450 2011 3595 2058 statu

2024 2101 2285 2162 perpetuo
2319 2100 2703 2149 conservatum
2734 2094 2821 2146 iri.
3187 2093 3199 2102 '

2093 2272 2158 2325 At
2190 2272 2356 2337 enim,
2387 2271 2585 2342 inquit,
2622 2286 2994 2342 saepenumero
3029 2280 3227 2326 terram
3265 2271 3440 2326 imbre
3478 2287 3595 2324 ma-

2019 2363 2288 2418 defactam
2319 2365 2586 2429 videmus,
2619 2363 2814 2419 deinde
2845 2365 2960 2420 sole
2991 2364 3367 2420 vehementius
3393 2364 3596 2419 calefa-

2020 2455 2216 2517 ciente,
2244 2455 2488 2510 eamdem
2517 2470 2864 2521 exarescere,
2916 2470 3037 2526 quae
3093 2457 3256 2525 paulo
3291 2466 3415 2511 ante
3477 2464 3594 2511 erat

2021 2545 2243 2613 irrigua.
2269 2545 2518 2611 Quonam
2551 2546 2734 2614 igitur,
2767 2546 2963 2614 inquit,
2996 2546 3132 2600 abiit
3165 2547 3456 2603 humiditas
3480 2548 3592 2610 illa,

2019 2634 2064 2690 si
2091 2635 2365 2688 radiorum
2401 2635 2596 2689 ardore
2619 2649 2725 2688 non
2758 2644 2840 2689 est
2867 2644 3190 2704 consumpta
3217 2637 3240 2688 ?
3271 2637 3353 2689 An
3390 2652 3509 2704 qure
3536 2637 3591 2690 in

2018 2725 2162 2779 dolio
2181 2733 2263 2780 est
2287 2740 2448 2794 aqua,
2484 2725 2528 2780 si
2561 2725 2615 2778 in
2649 2726 2882 2779 alterum
2913 2725 3118 2778 dolium
3152 2725 3591 2794 transfundatur,

2019 2817 2313 2884 statimque
2335 2814 2708 2877 exinaniatur,
2743 2813 2888 2882 quod
2925 2815 3144 2882 plenum
3191 2823 3327 2878 erat,
3360 2816 3485 2885 quia
3538 2817 3590 2870 in

2018 2920 2126 2959 uno
2160 2921 2298 2974 aqua
2333 2920 2440 2958 non
2475 2916 2586 2968 est,
2629 2921 2698 2958 ne
2745 2905 2800 2958 in
2843 2905 3015 2958 altero
3046 2903 3263 2973 quidem
3295 2906 3442 2959 erit?
3479 2903 3593 2961 Hoc

2019 2996 2063 3050 si
2096 2996 2219 3065 quis
2255 2996 2321 3049 ad
2355 2997 2622 3051 elementa
2676 2995 2949 3060 retulerit,
2987 2994 3121 3048 nihil
3175 2995 3396 3048 errabit.
3451 2995 3590 3048 Idem

2018 3086 2161 3140 enim
2190 3096 2292 3148 est,
2325 3102 2389 3141 ex
2417 3102 2526 3141 uno
2547 3103 2677 3142 vase
2704 3087 2756 3140 in
2781 3085 3011 3140 alterum
3035 3100 3230 3155 aquam
3255 3085 3589 3149 transfundi,

2018 3185 2072 3232 et
2097 3177 2471 3232 humiditatem
2497 3187 2697 3233 eterra
2736 3176 2948 3247 exsugi,
2979 3177 3030 3229 in
3077 3190 3368 3244 acremque
3412 3182 3592 3229 trans-

2017 3267 2244 3336 portari.
2264 3266 2600 3320 Naturalitcr
2627 3268 2794 3330 enim,
2829 3267 3049 3337 quando
3077 3268 3418 3336 superiorum
3452 3267 3588 3321 cali-

2017 3357 2160 3413 ditas
2185 3359 2252 3412 ad
2286 3374 2344 3414 se
2371 3359 2615 3422 attrahit,
2647 3359 2929 3412 humidum
2955 3357 3260 3413 subtilitate
3293 3358 3528 3427 partium
3560 3373 3590 3410 a

2015 3457 2160 3506 terra
2191 3466 2404 3505 sursum
2429 3451 2654 3511 tollitur.
2678 3449 2918 3520 Hujusce
2940 3450 3016 3505 rei
3043 3449 3174 3503 illud
3217 3449 3476 3503 indicium
3499 3449 3591 3516 sit,

2016 3539 2162 3609 quod
2185 3540 2553 3596 crassioribus
2577 3556 2608 3595 c
2631 3540 2902 3610 profundo
2930 3548 3090 3594 terrze
3112 3540 3431 3610 plerumque
3463 3540 3576 3594 sub

2014 3627 2142 3682 latis
2189 3629 2504 3697 vaporibus,
2552 3629 2910 3698 caliginosum
2960 3628 3230 3698 quoddam
3260 3644 3461 3698 corpus
3496 3628 3590 3682 de-

2013 3715 2152 3780 ﬂuit,
2178 3725 2434 3785 tantaque
2459 3717 2532 3770 sit
2558 3731 2817 3786 vaporum
2853 3719 3272 3787 coagmentatio,
3312 3726 3374 3772 ut
3414 3718 3589 3774 oculis

2013 3807 2300 3877 perspicue
2343 3814 2624 3862 cernatur.
2684 3807 2835 3864 Alias
2865 3815 3044 3863 autem
3081 3809 3298 3865 tenuior
3344 3809 3587 3880 quaedam

2013 3899 2231 3968 vaporis
2264 3898 2323 3952 fit
2351 3898 2646 3966 exhalatio,
2677 3915 2799 3970 quae
2831 3899 2896 3953 ad
2936 3900 3081 3956 aeris
3112 3901 3430 3956 tenuitatem
3465 3915 3588 3970 pro-

2012 3992 2160 4046 xime
2188 3990 2419 4057 accedit,
2456 4005 2557 4046 nec
2581 3992 2734 4062 prius
2759 3989 2936 4046 oculis
2966 3992 3170 4062 percipi
3200 4000 3399 4062 potest,
3425 4006 3586 4060 quam

2013 4081 2158 4138 inter
2194 4097 2253 4138 se
2285 4091 2476 4136 coacta
2511 4091 2674 4152 atque
2695 4093 2950 4146 concreta
2990 4084 3460 4154 coagmentatione
3486 4095 3585 4134 sua

2012 4173 2212 4228 nubem
2245 4173 2458 4229 efﬁciat.
2487 4171 2703 4228 Tenues
2733 4184 2893 4242 igitur
2919 4182 3082 4243 atque
3108 4169 3317 4223 humidi
3358 4185 3588 4241 vapores

2014 4267 2089 4320 illi
2149 4267 2369 4321 levitate
2417 4281 2516 4320 sua
2562 4266 2614 4318 in
2661 4280 2784 4320 aere
2827 4265 3061 4318 fluitant.
3115 4263 3269 4328 Quod
3325 4263 3370 4318 si
3412 4263 3588 4332 major

327 4342 426 4395 τὸν
455 4342 592 4412 ἀέρα
618 4341 820 4410 τρόπον
849 4340 970 4393 τινά
991 4343 1056 4411 τῇ
1089 4341 1394 4412 λεπτότητι,
1422 4344 1514 4396 καὶ
1544 4343 1617 4414 μὴ
1648 4345 1908 4416 πρότερον

2016 4358 2218 4413 humidi
2243 4358 2400 4428 copia
2435 4357 2491 4410 in
2523 4371 2690 4410 unum
2723 4355 3005 4410 continens
3035 4354 3354 4425 gravitatem
3390 4355 3582 4423 acqui-

331 4432 702 4504 φανεροῦσθαι
748 4435 866 4494 ταῖς
908 4431 1084 4501 ὄψεσι,
1134 4433 1263 4504 πρὶν
1310 4435 1479 4506 αὑτὴν
1527 4437 1662 4507 πρὸς
1711 4439 1910 4509 ἑαυτὴν

332 4527 658 4594 συμπεσεῖν,
701 4522 800 4592 τὴν
844 4523 951 4574 τῶν
995 4523 1251 4578 τοιούτων
1293 4526 1474 4596 ὑγρῶν
1523 4527 1906 4599 ἀναθυμίασιν,

329 4618 439 4670 καὶ
465 4615 601 4667 οὕτω
621 4613 871 4682 γενέσθαι
895 4613 1056 4682 νέφος
1080 4615 1167 4670 διὰ
1197 4619 1294 4687 τῆς
1320 4618 1704 4689 συμπιλήσεως
1723 4637 1738 4654 ο
1768 4621 1908 4676 ὥστε

329 4706 440 4766 τάς
462 4704 655 4767 λεπτάς
680 4722 738 4757 τε
771 4706 863 4758 καὶ
889 4705 1188 4775 ἀτμοειδεῖς
1218 4708 1466 4778 ἰκμάδας,
1496 4713 1630 4775 τέως
1664 4713 1762 4783 μὲν
1791 4715 1911 4766 ἐπι-

329 4795 595 4858 πολάζειν
623 4796 696 4865 τῷ
717 4797 842 4866 ἀέρι
873 4795 960 4850 διὰ
987 4800 1310 4869 κουφότητα,
1346 4803 1440 4857 καὶ
1466 4803 1777 4874 ἐποχεῖσθαι
1797 4808 1909 4869 τοῖς

326 4884 663 4954 πνεύμασιν,
704 4890 752 4940 εί
785 4889 842 4941 δὲ
869 4889 1050 4942 πλεῖον
1075 4892 1106 4960 ἠ
1134 4891 1226 4944 τοῦ
1257 4893 1424 4964 ὑγροῦ
1455 4896 1740 4964 συγγένεια
1770 4897 1906 4967 πρὸς

324 4978 505 5048 αὐτὴν
535 4981 830 5051 συρρυεῖσα
862 4982 1056 5052 βαρεῖα
1100 4982 1329 5050 γένοιτο,
1361 4985 1480 5039 τότε
1536 4989 1906 5042 ἐκπίπτουσαν

323 5067 422 5120 τοῦ
457 5069 620 5140 ἀέρος
645 5071 738 5121 ἐπὶ
767 5071 867 5142 τὴν
883 5075 989 5144 γῆν
1018 5074 1252 5141 σταγόνα
1273 5075 1538 5142 γίνεσθαι.
1568 5079 1776 5134 Οὑκοῦν
1807 5082 1906 5135 οὑκ

323 5159 609 5212 ἀνάλωσεν
635 5161 670 5229 ἡ
703 5160 968 5234 θερμότης
1014 5165 1151 5234 ὅπερ
1199 5165 1263 5219 ὲκ
1301 5167 1400 5238 τῆς
1432 5169 1536 5239 γῆς
1579 5171 1903 5241 ἀνεμάξατο,

321 5250 442 5301 ἀλλ’
492 5249 552 5314 ἐξ
598 5251 780 5304 αὑτῶν
831 5253 928 5324 μὲν
961 5255 1189 5327 συνέστη
1234 5257 1294 5309 τὸ
1339 5261 1530 5327 νέφος,
1573 5261 1635 5314 rb
1662 5262 1718 5314 δὲ
1746 5263 1905 5332 νέφος

325 5341 630 5406 συνθλιϐὲν,
661 5343 804 5416 ὕδωρ
830 5347 1065 5414 ἐγένετοο
1094 5347 1248 5402 τοῦτο
1276 5349 1334 5403 δὲ
1361 5351 1522 5404 πάλιν
1544 5356 1610 5424 τῇ
1645 5358 1712 5425 γῇ
1740 5372 1904 5409 κατα-

328 5429 556 5497 mea,
600 5435 680 5496 εις
722 5436 892 5507 ἀτμὸν
931 5438 1177 5510 ἀνήχθη,
1230 5439 1324 5492 καὶ
1351 5443 1380 5494 ὁ
1425 5443 1596 5512 ἀτμὸς
1623 5447 1900 5514 νεφωθεὶς.

322 5519 531 5590 ϐμϐρος
570 5524 803 5592 ἐγένετο.
862 5530 957 5586 Ἐκ
999 5531 1055 5583 δὲ
1101 5529 1294 5583 τούτου
1347 5533 1506 5586 πάλιν
1558 5537 1590 5605 ἡ
1650 5537 1721 5605 γῆ
1779 5539 1903 5600 τοὺς

325 5609 534 5680 ἀτμοὺς
566 5614 833 5676 ἀπεκύησε
859 5637 873 5655 ο
931 5623 1174 5678 κάκεῖνοι
1220 5622 1582 5690 παχυνθέντες
1614 5628 1669 5677 ἐν
1701 5629 1762 5697 τῇ
1808 5645 1900 5679 συ·

2013 4456 2120 4514 rat,
2161 4458 2288 4502 tunc
2329 4463 2395 4501 ex
2448 4459 2574 4500 aere
2619 4445 2870 4514 guttatim
2903 4444 3072 4498 cadit.
3111 4446 3301 4514 Itaque
3336 4443 3484 4513 quod
3519 4459 3584 4499 ex

2012 4546 2156 4594 terra
2180 4536 2433 4591 caliditas
2495 4534 2720 4588 attrahit
2769 4541 2823 4589 et
2855 4535 3085 4600 extollit,
3128 4532 3182 4587 id
3240 4533 3307 4587 ab
3353 4549 3414 4588 ea
3475 4549 3584 4589 non

2011 4627 2377 4690 consumitur,
2412 4625 2507 4681 sed
2562 4627 2735 4682 nubes
2773 4625 2992 4681 evadit:
3047 4640 3154 4696 qua
3185 4625 3402 4693 quidem
3435 4640 3583 4679 com-

2011 4733 2221 4790 pressa,
2273 4717 2446 4772 imber
2477 4717 2730 4774 ellicitur.
2768 4701 2883 4772 Hoc
2919 4724 3102 4770 autem
3167 4731 3386 4771 rursum
3427 4724 3584 4771 terra:

2011 4807 2320 4873 commisto,
2344 4822 2514 4877 vapor
2535 4806 2814 4876 consurgit
2839 4825 2852 4861 :
2877 4806 2969 4876 qui
2996 4805 3252 4860 redactus
3273 4805 3328 4858 in
3355 4806 3580 4869 nubem,

2009 4903 2248 4974 pluviam
2300 4909 2355 4956 et
2408 4900 2634 4956 imbrem
2688 4901 2849 4969 parit.
2911 4897 3069 4954 Unde
3115 4913 3344 4967 vapores
3383 4898 3580 4953 iterum

2009 4997 2245 5066 concipit
2308 5005 2488 5056 terra,
2555 4994 2648 5064 qui
2717 4994 2772 5048 in
2846 4992 3019 5048 nubes
3078 4991 3434 5060 coagmentati
3487 4990 3580 5045 de-

2007 5087 2183 5143 ﬂuunt
2217 5107 2230 5142 :
2273 5087 2419 5157 quod
2457 5094 2640 5141 autem
2700 5084 2949 5148 deﬂuxit,
2980 5095 3199 5137 rursum
3229 5095 3323 5150 per
3357 5096 3580 5151 vapores

2007 5181 2236 5249 cogitur.
2263 5179 2443 5248 Atque
2463 5179 2534 5232 ita
2557 5177 2707 5232 orbis
2737 5175 2958 5246 quidam
2995 5175 3074 5238 tit,
3104 5173 3196 5242 qui
3229 5172 3282 5225 in
3319 5187 3377 5226 se
3401 5172 3577 5241 ipsum

2005 5270 2168 5333 redit,
2196 5278 2249 5323 et
2273 5269 2464 5323 iisdem
2494 5266 2736 5336 vestigiis
2760 5264 2980 5319 assidue
3007 5263 3238 5318 vertitur
3257 5275 3320 5314 ac
3345 5261 3577 5314 circum-

2006 5360 2268 5415 volvitur.
2323 5357 2478 5425 Quod
2529 5357 2572 5413 si
2617 5358 2830 5426 plantas
2870 5371 2934 5409 ac
2974 5355 3217 5425 germina
3262 5351 3576 5421 objeceris:

2005 5449 2367 5518 respondebo,
2421 5447 2603 5503 omnia
2655 5447 2712 5504 in
2761 5447 2947 5501 orbem
3003 5445 3186 5499 itidem
3247 5452 3573 5496 commeare.

2006 5539 2213 5594 llnmor
2249 5541 2393 5595 enim
2426 5556 2520 5610 per
2559 5539 2770 5608 plantas
2799 5549 2892 5592 aut
2951 5537 3160 5592 semina
3212 5533 3267 5585 in
3327 5529 3573 5601 germina

2006 5631 2250 5696 confluit,
2275 5647 2398 5688 cum
2425 5630 2570 5702 quod
2606 5641 2882 5685 terrenum
2911 5635 3014 5691 est,
3036 5625 3396 5691 consequitur
3418 5639 3430 5675 :
3453 5616 3572 5689 qui-
