4106 6208
534 245 602 308 96
1764 241 1822 295 S.
1863 238 2192 297 GREGORII
2231 238 2524 296 NYSSENI

3732 251 3833 307 96

525 359 630 416 bus
651 354 909 413 admissis
943 369 1032 412 res
1075 355 1315 410 enutrita
1363 355 1564 413 crescit
1618 365 1673 413 et
1726 367 1977 430 augetur.
2035 361 2102 413 At

2224 357 2390 410 micet
2434 355 2544 410 τῶν
2575 353 2754 424 νεφῶν
2803 355 3185 430 κατερρύησαν
3210 376 3225 392 ο
3275 361 3370 414 καὶ
3403 361 3466 415 τὸ
3505 362 3831 435 ἀπορρυὲν

526 449 622 504 ubi
662 447 958 513 exaruerit,
1001 447 1074 500 ita
1109 447 1447 512 dissolvitur,
1485 455 1543 501 ut
1571 447 1799 518 singula:
1824 459 2006 518 partes
2031 449 2100 504 ad

527 538 861 593 elementum
903 536 989 590 sui
1025 535 1200 589 simile
1230 542 1593 589 revertantur.
1629 535 1845 590 Etenim
1871 551 1995 590 cum
2045 538 2101 592 in

526 625 812 696 particulis
844 625 959 680 suis
1000 640 1093 680 aer
1115 625 1185 679 sit
1225 639 1406 692 rarus,
1449 625 1810 695 tenuibusque
1838 640 2102 696 vaporum

526 715 778 786 partibus
837 715 996 785 longe
1043 714 1286 781 tenuior,
1312 715 1577 786 quidquid
1624 717 1679 772 in
1720 717 1838 786 ipso
1875 724 1988 779 est,
2035 714 2104 768 ad

529 814 821 878 cognatum
878 806 981 860 sibi
1025 807 1355 861 elementum
1395 822 1492 877 per
1533 808 1713 878 ipsum
1763 807 1978 862 transit.
2016 806 2106 862 Sic

529 899 675 953 enim
707 905 761 952 et
790 898 991 968 pulvis,
1022 899 1148 951 licet
1195 897 1290 951 diu
1339 897 1394 951 in
1433 911 1561 952 aere
1599 897 1798 953 ditl‘usa
1847 896 2102 966 jactetur,

531 993 746 1044 tandem
793 990 1042 1044 redditur
1077 999 1237 1043 terra:
1263 1006 1278 1056 ;
1308 998 1362 1044 et
1395 989 1594 1044 humor
1649 1005 1759 1043 non
1810 989 1975 1059 perit,
2007 989 2107 1044 sed

533 1082 739 1152 aliquid
769 1082 995 1137 omnino
1030 1081 1136 1137 sibi
1177 1083 1534 1152 conjunctum
1565 1095 1630 1135 ac
1672 1080 1849 1137 simile
1876 1079 2104 1144 invenit,

535 1174 621 1228 cui
666 1173 958 1239 admistus,
990 1181 1297 1244 auctusque
1347 1173 1583 1244 partium
1613 1173 1874 1228 similium
1919 1187 2106 1226 acces-

537 1263 708 1327 sione,
743 1279 959 1318 rursum
995 1263 1048 1317 in
1076 1265 1274 1318 nubem
1314 1265 1646 1328 concrescit,
1685 1273 1849 1334 atque
1892 1263 1967 1316 ita
2013 1277 2109 1333 per

537 1355 734 1424 pluviae
764 1362 948 1425 guttas
978 1355 1030 1408 in
1064 1364 1317 1408 naturam
1339 1369 1494 1409 suam
1526 1354 1858 1408 restituitur.
1899 1352 1974 1406 Ex
1998 1367 2108 1422 quo

538 1447 618 1510 ﬁt,
679 1455 738 1500 ut
773 1446 961 1500 mundi
1016 1456 1222 1517 partes,
1268 1461 1390 1516 qua:
1439 1445 1632 1500 ordine
1687 1445 2001 1500 constitutae
2052 1443 2108 1497 in

538 1537 902 1591 universitate
957 1552 1137 1592 rerum
1177 1536 1448 1601 videntur,
1475 1535 1729 1591 eumdem
1764 1534 1986 1588 modum
2057 1541 2112 1588 et

538 1642 1052 1697 mensuram,quam
1073 1626 1286 1697 opiﬁcis
1317 1626 1580 1695 sapientia
1607 1625 1805 1694 cuique
1825 1623 1894 1678 ad
1919 1622 2106 1677 mundi

2204 447 2366 500 πάλιν
2398 447 2466 501 δι’
2499 446 2688 518 ἀτμῶν
2717 447 2965 518 ἀνεδόθη,
3005 449 3099 502 καὶ
3125 448 3269 504 οὑτω
3299 452 3498 516 κύκλος
3529 469 3616 517 τις
3640 455 3827 523 γίνε-

2203 555 2293 591 ται
2327 538 2463 608 πρὸς
2492 537 2684 591 ἑαυτὸν
2716 538 3090 609 ἀναστρέφων,
3119 540 3215 592 καὶ
3242 540 3330 594 διὰ
3353 542 3460 595 τῶν
3492 545 3680 597 αὑτῶν
3709 546 3828 599 ἀεὶ⁵

2204 629 2526 701 περιχωρῶν
2555 646 2614 683 τε
2646 631 2738 683 καὶ
2771 631 3135 700 ἑλισσόμενος.
3183 632 3299 685 Κάν
3324 634 3393 686 τά
3425 634 3569 702 φυτά
3597 635 3822 707 εῑπῃς,

2206 722 2309 776 κᾶν
2349 722 2419 774 τὰ
2467 721 2855 791 βλαστήματα,
2897 721 3076 776 πάντα
3125 722 3204 793 τῷ
3245 723 3394 794 αὑτῷ
3430 723 3618 795 κύκλῳ
3649 743 3828 798 συμσ

2207 812 2574 883 περιέρχεται.
2621 812 2690 864 Ἦ
2718 810 2828 884 γάρ
2863 812 3026 882 ἰκμάς
3052 811 3140 866 διὰ
3177 813 3419 885 φυτῶνῆ
3454 815 3831 885 σπερμάτων

2207 906 2322 967 τοῖς
2369 903 2618 973 βλαστοῖς
2665 902 3064 975 συνανέδραμεν
3090 919 3104 934 ·
3157 900 3255 957 εἷθ’
3293 905 3417 958 ὅσον
3447 905 3561 957 ἐστὶ
3586 905 3822 973 γεῶδες

2208 994 2345 1064 αὑτῇ
2391 993 2774 1062 συνεπόμενον,
2806 994 3065 1062 ἐναφεῖσα
3108 993 3186 1064 τῷ
3215 993 3363 1064 ὑγκῳ
3390 995 3484 1046 τοῦ
3518 994 3827 1064 τρεφομέ-

2207 1101 2299 1138 νου
2326 1125 2341 1150 ,
2391 1084 2518 1138 ὅταν
2547 1083 2785 1156 ξηρανθῇ
2831 1083 2894 1137 τὺ
2943 1083 3299 1155 ὑποκείμενον
3335 1084 3413 1154 τῷ
3459 1086 3819 1155 περιέχοντι,

2209 1172 2371 1226 πάλιν
2403 1174 2540 1245 πρὸς
2575 1174 2636 1226 τὸ
2675 1174 2944 1244 ὁμόφυλον
2971 1174 3340 1243 ὲξατμίζεται.
3389 1175 3602 1244 Ἀραιὸς
3635 1174 3698 1228 δὲ
3727 1175 3824 1228 ὣν

2208 1264 2237 1314 ό
2263 1262 2373 1333 ἀὴρ
2401 1265 2460 1315 ὲν
2489 1265 2600 1326 τοῖς
2629 1264 2820 1317 ἑαυτοῦ
2859 1264 3088 1335 μορίοις,
3133 1264 3228 1318 καὶ
3255 1265 3355 1335 τῆς
3396 1264 3820 1336 λεπτομερείας

2208 1352 2318 1405 τῶν
2343 1351 2530 1423 ἀτμῶν
2553 1353 3067 1424 λεπτομερέστερος,
3098 1353 3244 1408 ἀπαν
3274 1354 3336 1407 τὸ
3373 1357 3430 1408 ὲν
3463 1355 3611 1425 αὑτῷ
3643 1356 3822 1422 γενό-

2213 1460 2393 1514 μενον,
2427 1444 2566 1515 πρὸς
2605 1445 2667 1497 τὸ
2719 1446 2979 1514 συγγενὲς
3022 1445 3316 1515 διαφίησιν.
3360 1445 3515 1498 Οὑτω
3545 1447 3711 1520 γάρῆ
3747 1465 3818 1500 τε

2211 1535 2377 1597 κόνις,
2408 1533 2510 1588 κᾶν
2533 1535 2762 1590 ὲπιπολὺ
2794 1536 2888 1589 τοῦ
2922 1536 3082 1605 ἀέρος
3107 1535 3384 1606 διασχεθῇ,
3416 1536 3574 1590 πάλιν
3626 1539 3697 1608 τῇ
3731 1539 3815 1608 γῇ

2211 1625 2516 1680 ἀποδίδοται
2546 1645 2560 1658 ·
2617 1628 2711 1681 καὶ
2750 1630 2783 1698 ἡ
2835 1627 3002 1698 ἰκμάς
3042 1627 3142 1681 οὑκ
3187 1628 3500 1691 ἀπόλλυται,
3549 1627 3668 1680 ἀλλ’
3710 1629 3817 1680 εὑ-

538 1687 1004 1785 ριιίοιιι-ἰιυιίίιιόηι
1054 1687 1211 1769 initio
1245 1687 1603 1784 praescripsit,
1657 1687 1912 1766 tueantur
1945 1717 2108 1778 atque

2224 1711 2394 1783 ρίσκει
2447 1714 2509 1767 τὸ
2560 1687 2783 1780 πάντως
2811 1687 2995 1788 ἑαυτῇ*
3014 1717 3271 1784 συγγενές
3301 1734 3361 1769 τε
3395 1687 3498 1770 καὶ-
3520 1717 3816 1786 σύμφυλον

538 1813 887 1860 conservent.

2217 1802 2361 1857 κατὰ
2386 1805 2475 1859 τὸν
2502 1805 2640 1877 ἀέρα
2667 1806 3037 1876 πλανώμενον,
3066 1801 3110 1875 ᾧ
3137 1807 3578 1879 προσπλασθεῖσα
3603 1809 3699 1861 καὶ
3717 1808 3816 1861 διὰ

537 1901 637 1968 τῆς
667 1898 775 1950 τῶν
804 1897 1004 1968 ὁμοίων
1054 1896 1455 1968 προχωρήσεως
1500 1893 1794 1964 αὐξηθεῖσα
1815 1933 1829 1956 ,
1879 1891 2039 1945 πάλιν
2076 1891 2383 1960 διογκοῦταλι
2415 1897 2550 1968 πρὸς
2581 1898 2776 1966 νέφους
2807 1899 3084 1963 σύστασιν,
3122 1899 3216 1951 καὶ
3245 1897 3388 1950 οὕτω
3413 1897 3500 1950 διὰ
3525 1897 3815 1966 σταγόνων

537 1997 604 2063 τῇ
637 1993 740 2064 ἰδίᾳ
769 1993 926 2060 φύσει
957 1991 1386 2045 ἀποκαθίσταται
1408 2008 1421 2021 ο
1463 1989 1603 2041 ῶστε
1634 1986 1908 2057 πανταχοῦ
1937 1985 2004 2039 τὰ
2034 1985 2126 2038 τοῦ
2159 1988 2366 2058 κόσμου
2393 2008 2451 2043 τε
2489 1991 2842 2062 στοιχειωδῶς
2886 1993 2944 2045 ὲν
2980 1991 3060 2062 τῷ
3093 1993 3252 2045 παντὶ
3309 1991 3659 2061 θεωρούμενα
3714 1989 3817 2042 ἐπὶ

539 2083 632 2136 τοῦ
660 2083 820 2135 αὑτοῦ
855 2083 1052 2152 μέτρου
1084 2080 1472 2149 φυλάσσεσθαι,
1499 2080 1526 2132 ὃ
1557 2079 1708 2150 παρά
1750 2079 1849 2149 τὴν
1897 2075 2118 2147 πρώτην
2151 2077 2237 2146 ἐφ’
2271 2080 2504 2135 ἑκάστου
2549 2083 2656 2136 τῶν
2699 2083 2866 2137 ὄντων
2899 2085 2932 2154 ή
2981 2085 3141 2152 σοφία
3179 2082 3274 2136 τοῦ
3306 2080 3635 2154 δημιουργοῦ
3669 2081 3814 2153 πρὸς

538 2176 636 2246 τὴν
665 2173 1028 2244 εὐαρμοστίαν
1056 2173 1148 2226 τοῦ
1180 2172 1376 2234 παντὸς
1406 2173 1702 2239 διετάξατο.

614 2271 746 2324 Illud
780 2268 945 2338 objici
996 2283 1157 2338 posse
1194 2283 1302 2321 non
1369 2268 1581 2338 ignoro,
1643 2279 2016 2336 saepenumero
2065 2264 2120 2317 in

545 2362 800 2417 maximis
827 2361 1104 2414 caloribus
1137 2360 1310 2415 nubes
1333 2375 1427 2429 per
1460 2375 1640 2414 aerem
1665 2358 1923 2426 disjectas
1964 2355 2119 2418 ferri,

545 2453 600 2506 in
629 2467 768 2521 quas
799 2451 843 2505 si
872 2450 1080 2504 diutius
1108 2450 1306 2519 aliquis
1331 2449 1502 2504 aciem
1531 2450 1815 2502 oculorum
1873 2445 2124 2501 intende-

549 2544 646 2610 rit,
689 2541 981 2611 redarguet
1024 2540 1426 2610 quodammodo
1485 2539 1748 2593 rationem
1785 2552 1998 2602 eorum,
2029 2537 2123 2604 qui

545 2639 798 2686 asserunt
833 2639 1038 2685 naturae
1072 2629 1306 2682 humida:
1336 2629 1472 2682 nihil
1506 2627 1776 2692 consumi.
1823 2625 1959 2680 Nam
1996 2635 2114 2679 tur-

547 2721 784 2778 bulentae
831 2721 994 2776 nubis
1044 2721 1338 2781 sectiones,
1388 2736 1508 2790 quae
1539 2722 1764 2774 multum
1819 2718 1961 2773 aeris
1995 2732 2122 2787 spa-

548 2817 684 2868 tium
711 2820 1011 2882 occupant,
1047 2812 1280 2882 primum
1314 2811 1536 2880 quidem
1591 2810 1761 2864 nimia
1794 2809 2010 2864 ardoris
2068 2809 2119 2862 vi

548 2917 797 2956 accensae.
821 2899 1252 2970 magnitudinem
1279 2899 1629 2965 contrahunt,
1649 2899 1844 2954 deinde
1872 2899 2122 2953 incendio

548 2996 836 3049 exsiccatae
896 2993 1117 3063 penitus
1164 2993 1472 3054 abolentur,
1518 2991 1655 3045 adeo
1687 2997 1746 3044 ut
1792 2990 2020 3044 humore
2053 2989 2122 3042 ab

548 3095 684 3140 testu
729 3092 1079 3154 consumpto,
1137 3083 1269 3136 nihil
1300 3082 1527 3135 omnino
1590 3081 1951 3148 relinquatur.
2003 3063 2192 3144 ρυοο

550 3170 771 3240 quidem
806 3177 1129 3240 argumento
1164 3182 1427 3236 vaporum
1460 3167 1600 3220 ratio
1625 3167 1910 3222 refellitur.
1940 3165 2124 3222 Nubes

551 3261 698 3316 enim
723 3261 776 3314 in
807 3260 1092 3329 superiore
1111 3257 1411 3313 turbulenti
1436 3258 1760 3327 ventosique
1794 3257 1957 3326 hujus
1983 3257 2125 3312 aeris

554 3361 708 3421 parte
741 3351 1056 3404 constitutae
1089 3349 1222 3404 nihil
1253 3351 1568 3420 graviorum
1621 3364 1882 3420 vaporum
1936 3349 1992 3402 in
2026 3363 2125 3402 na-

553 3452 694 3497 turae
723 3456 837 3496 suae
858 3441 1177 3495 tenuitatem
1201 3440 1512 3506 admittunt,
1535 3455 1657 3496 cum
1685 3455 1874 3496 omnes
1900 3455 2128 3511 vapores

554 3542 609 3589 ct
637 3533 1014 3588 exhalationes
1044 3531 1374 3586 crassiorem
1397 3530 1544 3585 illam
1577 3531 1720 3586 aeris
1743 3539 1974 3601 partem,
2009 3545 2131 3601 quze

555 3633 756 3678 terram
793 3625 1020 3694 propius
1051 3623 1240 3687 ambit,
1278 3632 1472 3678 natura
1514 3622 1836 3693 praeﬁnitam
1868 3623 2126 3688 habeant,

555 3728 658 3769 nec
709 3715 942 3770 ulterius
972 3714 1226 3785 progredi
1272 3713 1506 3783 possint.
1542 3713 1678 3768 Nam
1737 3714 1919 3770 tenuis
1965 3724 2132 3784 atque

556 3806 777 3862 aetheria
809 3806 902 3860 illa
930 3805 1081 3875 regio
1116 3805 1253 3859 nihil
1303 3820 1552 3861 crassum
1589 3805 1848 3862 admittit.
1897 3804 2130 3872 Quidam

557 3912 617 3952 se
640 3897 908 3952 montium
936 3897 1333 3952 altissimorum
1361 3898 1596 3953 vertices
1618 3898 1822 3954 vidisse
1855 3899 2134 3953 memoria:

558 3987 934 4057 prodiderunt,
960 3987 1018 4042 in
1043 4001 1183 4057 quos
1202 4002 1303 4042 nec
1330 3987 1506 4042 nubes
1532 3988 1965 4051 ascendere,nec
1988 3989 2133 4042 venti

559 4079 828 4149 aspirare,
852 4094 953 4134 nec
973 4081 1228 4134 volucres
1252 4077 1424 4148 magis
1439 4077 1695 4134 advolare
1713 4079 1946 4149 possint,
1967 4093 2132 4148 quam

558 4171 814 4225 animalia
834 4186 954 4242 quae
970 4170 1118 4225 humi
1136 4169 1386 4226 demersa
1405 4178 1553 4235 sunt,
1568 4167 1620 4222 in
1635 4185 1758 4225 aere
1770 4170 1933 4224 vitam
1954 4184 2132 4240 agere.

559 4260 631 4319 Ut
672 4264 978 4334 perspicum
1010 4261 1103 4328 sit,
1129 4277 1251 4317 esse
1284 4259 1573 4332 quemdam
1607 4260 1661 4314 in
1685 4274 1809 4316 aere
1843 4259 2136 4315 terminum

559 4357 938 4416 constitutum,
973 4369 1133 4424 quem
1181 4353 1549 4410 crassioribus
1584 4359 1742 4407 terra:
1773 4349 2134 4406 exhalationi-

558 4449 663 4504 bus
710 4447 1005 4509 transilire,
1053 4453 1110 4500 ut
1157 4444 1224 4499 ad
1269 4445 1551 4516 superiora
1594 4443 1986 4510 conscendant,
2027 4458 2138 4498 non

557 4541 740 4596 liceat.
791 4536 1154 4602 Quamobrem
1211 4536 1264 4590 in
1315 4538 1580 4590 montium
1637 4535 2016 4592 cacuminibus
2069 4533 2139 4588 ad

559 4638 802 4687 aestatem
856 4643 1028 4696 usque
1074 4637 1394 4697 permanent
1443 4628 1623 4691 nives,
1676 4643 1777 4683 nec
1822 4625 2136 4696 liqueﬁunt,

560 4723 704 4793 quod
738 4722 1027 4776 humorum
1063 4719 1118 4772 in
1146 4733 1208 4772 ea
1241 4725 1392 4787 parte
1422 4719 1701 4794 concretio
1730 4720 1952 4775 assidue
1981 4720 2140 4776 refri-

561 4821 712 4884 geret
744 4827 946 4868 aerem.
983 4809 1287 4876 Quinetiam
1321 4809 1507 4878 igneos
1545 4815 1773 4874 tractus,
1807 4823 1946 4878 quos
1965 4811 2140 4880 prosi-

560 4906 756 4959 lientes
795 4903 979 4958 stellas
1008 4899 1227 4971 quidam
1259 4908 1470 4964 vocant,
1505 4914 1569 4954 ex
1601 4899 1789 4954 eadem
1822 4915 1988 4956 causa
2025 4901 2137 4956 ﬁeri

561 4995 760 5049 docent
790 4992 1084 5062 sapientes,
1118 4991 1209 5060 qui
1237 5005 1323 5046 res
1345 4988 1610 5059 ejusmodi
1635 4989 1971 5059 proﬁtentur.
1997 4989 2140 5045 Ven-

559 5089 740 5137 torum
761 5081 905 5138 enim
934 5080 983 5135 vi
1005 5081 1302 5136 crassiores
1318 5079 1582 5150 quasdam
1601 5094 1664 5134 ac
1686 5078 1969 5136 densiores
1997 5081 2139 5138 aeris

562 5184 747 5244 partes
780 5173 832 5226 in
866 5173 1142 5243 regionem
1189 5173 1464 5227 aetheriam
1511 5171 1791 5242 compelli,
1827 5187 1936 5243 quo
1977 5173 2139 5229 simul

564 5273 724 5334 atque
736 5263 1102 5334 pervenerint,
1120 5263 1355 5327 incendi,
1371 5262 1640 5317 ﬂammam
1654 5278 1870 5334 quoque
1882 5279 2004 5319 cum
2019 5281 2141 5320 ven-

563 5365 621 5412 to
643 5357 803 5412 simul
820 5354 1486 5423 exstingui.Quamobrem
1513 5368 1635 5407 cum
1661 5353 1765 5408 dici
1797 5370 1904 5408 non
1927 5358 2138 5425 possint

565 5464 797 5520 vapores
829 5446 1097 5502 exstincta
1143 5445 1284 5498 nube
1324 5458 1541 5498 rursum
1593 5445 1926 5510 consistere,
1977 5457 2035 5500 ut
2072 5464 2136 5504 ex

568 5535 1170 5609 illis,quemadmodum
1213 5535 1265 5588 in
1316 5533 1666 5588 inferioribus
1705 5533 1818 5588 ﬁeri
1863 5536 2135 5605 videmus,

569 5630 745 5687 relicti
793 5631 998 5687 humidi
1048 5628 1253 5684 reditus
1305 5627 1510 5698 sperari
1554 5636 1745 5697 queat,
1790 5644 2015 5686 necesse
2058 5646 2140 5688 est

2309 2264 2444 2316 Ἀλλ’
2471 2261 2589 2319 οἶδα
2633 2265 2724 2318 τὸν
2763 2263 3152 2319 ἀντιπίπτοντα
3170 2267 3362 2332 λόγον*
3399 2263 3660 2325 πολλάκις
3695 2261 3811 2332 γὰρ

2223 2353 2370 2406 ἐστιν
2394 2354 2536 2414 ἰδεῖν,
2569 2356 2626 2407 ὲν
2651 2355 2992 2425 σφοδροτέρῳ
3021 2355 3264 2408 καύσωνι
3289 2353 3425 2422 νέφη
3451 2352 3574 2406 τινὰ
3597 2351 3688 2404 διὰ
3707 2351 3808 2404 τοῦ

2225 2443 2385 2513 ἀέρος
2426 2445 2869 2514 κατεσπαρμένα,
2899 2440 2982 2510 οἷς
3027 2447 3081 2499 εῖ
3118 2462 3202 2509 τις
3233 2445 3326 2498 ἐπὶ
3354 2445 3535 2498 πλεῖον
3563 2444 3810 2511 ἐνατενί-

2225 2551 2389 2600 σειεν,
2433 2535 2642 2604 ἐλέγξει
2692 2551 2812 2599 πως
2843 2536 2934 2589 τὸν
2971 2536 3128 2604 λόγον
3173 2536 3382 2598 τοῦτον,
3413 2536 3472 2600 ὂς
3509 2537 3674 2607 μηδὲν
3700 2536 3809 2607 τῆς

2226 2627 2399 2697 ὑγρᾶς
2434 2628 2647 2696 φύσεως
2675 2626 3120 2692 ὲξαναλίσκεσθαι
3149 2627 3316 2695 λέγει.
3369 2627 3450 2682 Τά
3481 2628 3589 2699 γὰρ
3633 2629 3810 2700 θρομ-

2227 2718 2403 2788 ϐοειδῆ
2453 2718 2549 2771 τοῦ
2593 2718 2788 2788 νέφους
2835 2720 3101 2790 τμήματα
3122 2756 3137 2782 ,
3189 2719 3430 2792 πολλαχῆ
3493 2720 3587 2773 τοῦ
3642 2721 3807 2791 ἀέρος

2226 2808 2616 2878 ὲσκεδασμένα,
2648 2808 2861 2879 πρῶτον
2887 2809 2986 2878 μὲν
3015 2807 3332 2862 ἐλαττοῦται
3357 2810 3497 2864 κατὰ
3527 2810 3620 2864 τὸν
3640 2811 3804 2878 ὄγκον

2226 2900 2304 2970 τῷ
2333 2901 2722 2971 ὑπερὸἀλλοντι
2747 2899 2841 2953 τοῦ
2872 2900 3114 2970 φλογμοῦ
3147 2899 3496 2972 ὲξοπτώμενα
3563 2897 3679 2955 εἶτα
3707 2902 3803 2955 καὶ

2227 2993 2306 3055 εἰς
2344 2991 2407 3044 τὸ
2457 2991 2719 3054 παντελὲς
2746 2990 3064 3060 ἀφανίζεται
3098 2992 3518 3062 καταφρυγέντα
3557 2992 3633 3062 τῷ
3673 2991 3805 3046 καύ-

2227 3099 2377 3144 σωνι,
2405 3082 2482 3145 ὼς
2509 3082 2644 3153 μηδὲ
2679 3081 2849 3153 βραχύ
2882 3099 2936 3135 τι
2985 3082 3236 3151 λείψανον
3269 3083 3675 3152 ὑπολειφθῆναι,
3705 3080 3802 3136 τοῦ

2228 3173 2470 3243 φλογμοῦ
2496 3174 2596 3243 τὴν
2630 3173 2829 3242 ἰκμάδα
2859 3172 3355 3242 καταξηράναντος.
3393 3172 3563 3224 Τοῦτο
3592 3173 3646 3225 δὲ
3675 3172 3804 3224 οὑκ-

2228 3262 2306 3315 έτι
2330 3263 2446 3315 ἐστὶ
2468 3262 2543 3333 τῷ
2563 3262 2671 3315 τῶν
2691 3261 2878 3332 ἀτμῶν
2899 3262 3041 3332 λόγῳ
3064 3262 3582 3332 παραμυθήσασθαι.
3613 3264 3674 3315 Ἥ
3695 3263 3802 3333 γάρ

2229 3351 2340 3405 ἄνω
2366 3351 2475 3405 τῶν
2498 3351 2673 3420 νεφῶν
2700 3351 3031 3414 κατάστασις
3057 3352 3091 3421 ή
3121 3350 3216 3404 τοῦ
3249 3349 3470 3422 θολεροῦ
3500 3352 3686 3405 τούτου
3709 3352 3800 3405 καὶ

2227 3443 2646 3514 πνευματώδους
2664 3444 2824 3516 ἀέρος
2851 3443 3244 3514 ὑπερκειμένη,
3275 3443 3428 3496 οῦδὲν
3451 3441 3559 3496 τῶν
3581 3441 3802 3514 βαρυτέο

2235 3553 2342 3608 ρων
2373 3539 2430 3590 ὲν
2456 3540 2523 3608 τῇ
2551 3537 2838 3608 λεπτότητι
2863 3537 2963 3606 τῆς
2996 3536 3132 3598 ἰδίας
3167 3535 3383 3604 φύσεως
3413 3535 3763 3604 καταδέχεται
3782 3549 3797 3564 ο

2230 3625 2365 3680 ἀλλά
2383 3627 2580 3690 πάντες
2602 3627 2764 3696 ἀτμοὶ
2782 3627 2877 3680 καὶ
2893 3627 3060 3679 πᾶσαι
3077 3625 3465 3696 ἀναθυμιάσεις
3482 3627 3607 3697 ὅρον
3623 3625 3799 3696 έχουσι

2230 3718 2332 3787 τῆς
2354 3718 2446 3770 ἐπὶ
2465 3719 2525 3771 τὸ
2545 3718 2658 3772 ἄνω
2681 3720 2852 3789 φοράς
2871 3717 2970 3788 τὴν
2989 3716 3082 3771 τοῦ
3105 3716 3382 3788 περιγείου
3403 3717 3564 3787 ἀέρος
3588 3717 3722 3769 κατὰ
3741 3715 3802 3769 τὸ

2237 3808 2403 3879 μέρος
2425 3811 2600 3861 ἐκεῖνο
2625 3808 2929 3879 παχύτητα,
2951 3803 3018 3880 ἦς
3045 3807 3288 3861 διαδῦναι
3316 3807 3406 3860 ἐπὶ
3429 3807 3488 3859 τὸ
3509 3807 3618 3860 ἀνω
3643 3805 3801 3875 φύσιν

2233 3897 2334 3950 οὑκ
2365 3898 2498 3968 ἔχει.
2529 3897 2604 3950 οὑ
2624 3898 2732 3968 γὰρ
2761 3897 2828 3950 ἂν
2855 3896 3204 3966 ὑπολειφθείη
3233 3897 3291 3950 ὲν
3310 3896 3388 3967 τῷ
3413 3896 3591 3966 λεπτῷ
3620 3914 3676 3948 τε
3709 3898 3799 3951 καὶ

2234 3990 2549 4061 αἰθεροειδεῖ
2567 3991 2674 4043 τῶν
2696 3989 3188 4060 παχυμερεστέρων
3203 3989 3376 4041 οὐδέν.
3403 3988 3587 4050 Οὕτως
3606 3985 3694 4042 οῦν
3711 3990 3798 4042 καὶ

2234 4081 2377 4152 όρῶν
2389 4098 2547 4135 τινων
2568 4080 2958 4152 ὑπερμεγεθῶν
2974 4079 3074 4143 τὰς
3104 4079 3413 4150 ἀκρωρείας
3433 4080 3483 4132 οἱ
3503 4080 3799 4149 ἱστορήσαν-

2235 4190 2325 4236 τες
2347 4171 2593 4241 λέγουσιν
2616 4173 2941 4242 ὑπερνεφεῖς
2967 4171 3064 4240 μὲν
3092 4166 3232 4223 εἶναι
3257 4170 3346 4223 ἀεὶ
3379 4170 3473 4222 καὶ
3492 4171 3800 4239 ἀνεφίκτους

2235 4264 2348 4326 τοῖς
2365 4263 2658 4334 πνεύμασι,
2673 4264 2766 4316 καὶ
2788 4267 2902 4327 τοῖς
2920 4265 3144 4334 πτηνοῖς
3159 4263 3439 4334 ἀμήχανον
3455 4264 3553 4333 τὴν
3579 4264 3661 4315 ἐπ’
3675 4262 3799 4314 ὲκεί-

2169 4389 2212 4444 D
2239 4373 2345 4409 νων
2361 4353 2613 4422 γενέσθαι
2633 4357 2848 4425 πτῆσιν,
2867 4355 2965 4423 οὑχ
2983 4350 3194 4424 ἦττονῆ
3217 4356 3326 4416 τοῖς
3349 4353 3690 4422 ὑποϐρυχίοις
3710 4352 3797 4421 τὴν

2242 4447 2300 4499 ὲν
2321 4445 2444 4516 ἀέρι
2473 4443 2639 4514 ζωὴν,
2670 4444 2744 4507 ὡς
2788 4443 2875 4496 διὰ
2904 4445 3122 4498 πάντων
3153 4445 3337 4512 σαφῶς
3371 4444 3794 4508 ἀποδείκνυσθαι,

2239 4531 2376 4589 εἷναί
2407 4552 2460 4587 τι
2492 4533 2634 4587 κατά
2670 4533 2760 4586 τὸν
2801 4534 2938 4606 ἀέρα
2969 4534 3106 4604 πρὸς
3145 4535 3236 4586 τὸν
3269 4534 3656 4604 ὑπερκείμενον
3696 4535 3795 4604 χῶ-

2241 4642 2332 4695 ρον
2369 4623 2633 4695 μεθόριον,
2661 4623 2692 4676 ὃ
2723 4626 2855 4678 πᾶσι
2904 4628 3016 4688 τοῖς
3059 4625 3554 4696 παχυμερεστέροις
3601 4626 3700 4678 τῶν
3737 4627 3794 4678 ὲκ

2238 4720 2336 4788 τῆς
2370 4717 2472 4786 γῆς
2498 4716 2957 4786 ἀναθυμιωμένων
2983 4715 3155 4786 ὁρίζει
3190 4717 3287 4787 τήν
3325 4716 3531 4775 στάσιν·
3564 4711 3625 4768 οῦ
3652 4718 3795 4788 χάριν

2239 4808 2332 4862 καὶ
2363 4807 2522 4878 μέχρι
2547 4807 2645 4877 τῆς
2673 4805 2821 4876 ῶρας
2850 4805 2944 4859 τοῦ
2985 4806 3192 4874 θέρους,
3232 4807 3463 4874 ἀτηκτος
3504 4807 3536 4876 ή
3579 4808 3665 4859 ἐπὶ
3697 4808 3795 4860 τῶν

2239 4899 2555 4971 ἀκρωρειῶν
2581 4898 2820 4969 διαμένει
2840 4897 2989 4968 χιὼν,
3013 4897 3109 4966 τῆς
3135 4895 3244 4949 τῶν
3265 4897 3452 4966 ἀτμῶν
3505 4896 3804 4959 συστάσεως

2240 4993 2360 5046 κατ’
2387 4993 2561 5046 έκεῖνο
2591 4991 2651 5044 τὸ
2682 4991 2844 5061 μέρος
2881 4987 3138 5059 διηνεκῶς
3173 4989 3264 5041 τὸν
3301 4988 3437 5058 ἀέρα
3468 4987 3800 5058 καταψυχού-

2241 5100 2358 5154 σης.
2399 5082 2555 5136 Ἀλλά
2601 5082 2696 5136 καὶ
2744 5081 2870 5143 τοὺς
2916 5079 3216 5150 πυροειδεῖς
3263 5079 3474 5143 ὁλκοὺς,
3523 5080 3615 5142 οῦς
3666 5095 3804 5140 τινες

2237 5175 2548 5237 διάττοντας
2595 5171 2850 5227 καλοῦσιν
2887 5171 3144 5242 ἀστέρας,
3195 5172 3258 5223 ὲκ
3299 5171 3399 5241 τῆς
3435 5171 3608 5241 αὑτῆς
3633 5171 3805 5230 αἰτίας

2238 5263 2501 5334 γίνεσθαι,
2560 5259 2965 5331 φυσιολογοῦσιν
3019 5261 3068 5313 οἰ
3117 5260 3287 5313 ταῦτα
3345 5260 3529 5328 σοφοὶ,
3577 5260 3695 5312 ὅταν
3735 5258 3792 5310 ἐκ

2240 5373 2399 5410 τινων
2438 5353 2757 5424 πνευμάτων
2805 5349 2924 5420 βίας
2968 5349 3237 5420 ὑπερχεθῇ
3281 5367 3332 5402 τι
3368 5345 3464 5402 τοῦ
3510 5348 3790 5418 παχυτέρου

2242 5451 2333 5504 καὶ
2365 5446 2723 5517 ὑλωδεστέρου
2750 5443 2910 5513 ἀέρος
2941 5443 3032 5496 ἐπὶ
3058 5442 3146 5495 τὸν
3176 5441 3412 5512 αἰθέριον
3439 5441 3622 5504 τόπον,
3652 5438 3796 5501 εὐθὺς

2242 5535 2631 5608 ὲκφλογοῦσθαι
2679 5535 2789 5589 ἅνω
2845 5533 3164 5602 γενόμενον·
3223 5531 3482 5586 καὶκατὰ
3531 5530 3625 5601 τὴν
3669 5530 3797 5582 ὲνδο-

2237 5631 2426 5706 θεῖσαν
2460 5631 2521 5682 ὲκ
2555 5626 2645 5682 τοῦ
2677 5626 2979 5696 πνεύματος
3016 5624 3210 5697 ὁρμὴν,
3240 5624 3336 5695 τὴν
3385 5623 3556 5692 φλόγα
3589 5622 3797 5691 ῥέουσαν
