4106 6208
233 244 304 304 97

1456 239 1523 295 IN
1565 239 1701 296 HEX
1712 237 2040 297 AEMERON
2083 239 2312 296 LIBER;
3445 243 3513 299 98

235 360 532 434 φέρεσθαιο
570 357 883 421 σῦισθέντος
929 357 988 410 δὲ
1014 355 1107 409 τοῦ
1156 354 1481 426 πνεύματος,
1525 375 1836 429 συναπομα-

1942 373 2127 414 eorum
2153 357 2476 414 sententiam
2503 357 2823 427 approbare,
2848 356 2942 428 qui
2959 354 3240 414 humidum
3263 359 3439 424 exuri,
3458 367 3514 415 et

239 451 526 525 ραίνεσθαι
571 451 662 502 καὶ
710 449 808 520 τὴν
838 448 1033 517 φλόγα.
1071 447 1161 517 Τῷ
1209 448 1475 518 πνεύματι
1520 449 1697 504 τοίνυν
1737 451 1837 504 οὐκ

238 545 366 598 ἐστι
416 539 637 594 δυνατὸν
687 541 860 593 εἰπεῖν
907 540 1067 593 πάλιν
1109 539 1314 609 ἀτμοὺς
1342 541 1400 592 ὲν
1431 539 1509 610 τῷ
1545 540 1836 612 ἀφανισμῷ

237 633 342 687 τοῦ
395 633 586 700 νέφους
628 629 1019 684 συνίστασθαι·
1072 629 1147 692 ὼς
1199 629 1265 682 δι’
1315 630 1539 684 ἐκείνων
1595 631 1833 698 ἐλπίσαι,

238 729 365 782 καθ’
407 727 706 798 ὁμοιότητα
750 725 859 779 τῶν
908 722 1150 778 κάτωθεν
1185 723 1475 795 ῥηθέντων,
1511 725 1608 778 τοῦ
1629 725 1834 797 ἀναλη-

242 819 472 887 φθέντος
528 816 700 888 ὑγροῦ
759 817 860 887 τὴν
905 815 1184 881 ἐπάνοδον,
1233 816 1446 887 ἀνάγκη
1495 816 1835 872 συντίθεσθαι

235 915 357 976 τοῖς
397 912 720 967 ὲκκαίεσθαι
753 911 816 963 τὸ
868 909 1034 981 ὑγρὸν
1082 909 1490 979 δογματίζουσι,
1538 911 1632 963 καὶ
1671 912 1750 974 είς
1776 910 1836 965 τὸ

242 1006 323 1077 μὴ
371 1003 432 1058 ὃν
482 1002 883 1074 περιΐστασθαι.
928 1000 1064 1054 Ἀλλ’
1097 1000 1207 1069 ἐγὼ
1238 1000 1299 1053 τδ
1337 1001 1434 1070 μὲν
1483 1000 1836 1069 ἀφανίζεσθαι

236 1095 321 1166 τῷ
350 1094 742 1166 ὑπερϐάλλοντι
783 1091 1014 1163 φλογμῷ
1054 1091 1154 1160 τὴν
1192 1092 1250 1144 ὲν
1292 1094 1404 1153 τοῖς
1445 1092 1635 1160 ἀτμοῖς
1670 1092 1833 1162 ὑγρόν

236 1201 383 1255 τητα
415 1183 697 1252 πείθομαι,
736 1180 963 1252 μάταιον
998 1180 1091 1233 κιαι)⁸
1133 1178 1402 1250 ἐριστικὸν
1440 1174 1576 1231 εἶναι
1611 1181 1831 1250 κρίνων,

236 1274 304 1328 τὸ
333 1276 448 1337 τοῖς
479 1275 733 1344 φανεροῖς
766 1268 1187 1342 ἀντιμάχεσθαι·
1215 1269 1338 1322 ἐπεὶ
1369 1269 1426 1322 δὲ
1460 1270 1725 1340 προσήκει
1760 1269 1834 1340 μὴ

241 1366 444 1433 καμεῖν
475 1360 815 1431 πανταχόθεν
840 1359 1216 1430 ἀνιχνεύοντας
1244 1359 1341 1430 τὴν
1375 1359 1654 1430 ἀλήθειαν,
1684 1360 1834 1413 οὐδὲν

239 1450 405 1526 ἦττον
433 1453 638 1506 τούτων
676 1451 999 1523 γινομένων,
1036 1451 1177 1520 φημὶ
1210 1450 1268 1503 τὸ
1305 1450 1502 1521 μέτρον
1529 1452 1626 1521 τῆς
1659 1453 1833 1522 ὑγρᾶς

241 1545 459 1615 φύσεως
491 1543 764 1615 ἀμείωτον
796 1540 1174 1607 διασώζεσθαι,
1218 1543 1312 1594 καὶ
1349 1542 1437 1595 ἀεὶ
1485 1541 1547 1594 τὸ
1586 1541 1835 1596 δαπανώ-

243 1651 404 1705 μενον
431 1630 846 1700 ἀντεισάγεσθαι
885 1631 1101 1693 πάντως
1129 1629 1205 1699 τῷ
1247 1629 1506 1684 λείποντι.
1549 1632 1612 1683 Ὃ
1653 1627 1710 1683 δέ
1742 1647 1832 1700 μοι

1936 450 1990 505 in
2017 451 2247 504 nihilum
2275 448 2449 519 redigi
2475 448 2719 504 tradunt.
2751 447 2862 518 Ego
2891 464 3036 514 vero,
3069 458 3130 504 ut
3162 450 3376 519 vaporis
3409 449 3512 505 bu-

1934 555 2141 596 morem
2164 541 2233 595 ab
2255 547 2619 610 exsuperante
2640 540 2893 595 incendio
2915 541 3162 595 consumi
3215 531 3510 597 concedam

1934 629 2114 702 (stulti
2133 632 2278 687 enim
2303 647 2366 686 ac
2389 632 2684 702 pertinacis
2709 631 2945 686 hominis
2963 632 3170 701 judico,
3201 632 3362 688 rebus
3389 648 3514 704 per-

1935 722 2142 792 spicuis
2172 721 2493 787 adversari),
2527 730 2729 788 tamen,
2761 721 3019 791 quoniam
3054 719 3292 788 undique
3310 721 3511 775 verita-

1934 822 2041 868 tem
2084 812 2404 882 indagantes
2439 812 2658 884 fatigari
2701 827 2810 868 non
2850 812 3027 874 decet,
3073 826 3260 868 assero
3304 821 3512 867 natura:

1935 904 2172 958 humidae
2199 919 2513 959 mensuram
2543 905 2678 958 nihil
2723 904 3067 958 imminutam
3097 905 3432 967 conservari,
3459 913 3513 959 et

1936 995 2081 1066 quod
2108 1002 2492 1064 consumptum
2524 1003 2629 1059 est,
2655 994 2880 1069 rependi
2907 1010 3135 1065 prorsus
3160 1003 3322 1065 atque
3352 995 3514 1050 resti-

1936 1087 2036 1142 tui.
2061 1085 2217 1152 Quod
2249 1093 2428 1141 autem
2459 1087 2513 1141 in
2545 1087 2646 1141 hac
2673 1101 2758 1140 me
2785 1086 3051 1141 sententia
3074 1085 3380 1152 conﬁrmat,
3407 1085 3515 1140 hoc

1934 1186 2020 1233 est
2050 1177 2253 1248 :lgnis,
2314 1187 2374 1232 ut
2406 1194 2472 1234 ex
2505 1179 2720 1233 actione
2750 1179 2922 1248 ipsius
2943 1178 3030 1232 hic
3059 1179 3200 1248 apud
3219 1193 3320 1233 nos
3349 1193 3514 1249 expe-

1935 1270 2126 1334 rimur,
2159 1285 2265 1324 non
2297 1285 2488 1324 omnes
2516 1271 2773 1335 materiae,
2815 1286 2977 1341 quam
3005 1271 3253 1340 corripit,
3280 1270 3514 1339 qualita-

1935 1364 2018 1413 tes
2044 1357 2376 1428 depascitur.
2418 1359 2662 1430 Exempli
2707 1361 2882 1430 gratia
2913 1361 2965 1413 in
2995 1359 3099 1414 olei
3131 1359 3377 1423 materia,
3411 1358 3514 1410 hu-

1935 1449 2155 1504 miditas
2183 1457 2535 1520 posteaquam
2559 1465 2588 1504 a
2612 1451 2873 1520 qualitate
2899 1451 3092 1521 frigida
3124 1451 3371 1518 sejuncta
3402 1458 3510 1513 est,

1937 1540 2096 1596 facile
2118 1542 2187 1596 ab
2218 1542 2357 1611 ignis
2389 1543 2664 1598 caliditate
2693 1543 3004 1607 attrahitur,
3036 1550 3090 1596 et
3121 1540 3508 1595 inﬂammatur.

1939 1628 2044 1685 Sed
2077 1646 2185 1684 non
2222 1632 2395 1685 solum
2425 1632 2479 1685 in
2510 1631 2780 1687 ﬂammam
2816 1635 2994 1688 oleum
3029 1633 3385 1696 convertitur,
3416 1647 3512 1686 ve-

241 1724 347 1792 τὴν
389 1723 640 1791 τοιαύτην
691 1720 959 1790 ὑπόληψιν
1017 1719 1239 1790 βεϐαίαν
1287 1722 1449 1787 ποιεῖ,
1480 1719 1624 1773 τοῦτ’
1665 1719 1828 1772 ἐστιν·

1942 1737 2056 1775 rum
2102 1722 2264 1776 etiam
2307 1731 2430 1791 post
2482 1723 2662 1792 ignem
2715 1739 2782 1777 ex
2819 1723 2924 1777 olei
2971 1722 3294 1776 humiditate
3330 1730 3512 1774 ortum

256 1815 354 1869 ἐν
387 1818 456 1885 τῇ
491 1814 609 1868 καθ’
636 1816 781 1884 ἡμᾶς
811 1812 905 1866 τοῦ
933 1811 1104 1883 πυρὸς
1135 1811 1405 1883 ἐνεργείᾳ,
1433 1811 1590 1865 τοῦτο
1617 1811 1705 1866 διὰ
1736 1814 1830 1883 τῆς

246 1905 454 1976 πείρας
496 1905 844 1974 μανθάνομεν,
875 1904 958 1957 ὅτι
990 1903 1050 1956 οὐ
1088 1903 1268 1966 πάσας
1297 1901 1394 1966 τάς
1422 1903 1709 1974 ποιότητας
1735 1905 1832 1974 τῆς

252 1995 393 2063 ὕλης
420 1995 482 2047 τὸ
515 1995 627 2065 πῦρ
672 1995 1026 2058 ὲπιὸόσκεται,
1054 1992 1168 2047 ἀλλ’
1199 1988 1266 2063 ἦς
1315 1993 1380 2046 ἂν
1406 1993 1828 2065 περιδράξηταιο

254 2081 369 2140 οἷον
396 2086 526 2156 φέρε
551 2088 718 2139 είπεῖν
744 2087 833 2138 ἐπὶ
871 2085 972 2155 τῆς
1012 2084 1106 2138 τοῦ
1138 2084 1317 2137 ἐλαίου
1349 2082 1501 2154 ὖλης,
1532 2083 1718 2154 ἐπειδὴ
1745 2101 1834 2137 κε-

249 2176 515 2249 χώρισται
543 2177 642 2246 τῆς
669 2176 882 2246 ψυχρᾶς
915 2177 1220 2247 ποιότητος,
1253 2176 1310 2227 ὲν
1346 2176 1413 2244 τῇ
1445 2173 1544 2245 ὕλῃ
1575 2173 1744 2246 ταύτῃ
1772 2175 1834 2228 τὸ

248 2269 413 2338 ὑγρὸν
458 2268 693 2332 εὐκόλως
735 2269 842 2321 ὑπὸ
887 2267 986 2338 τῆς
1019 2267 1348 2339 θερμότητος
1378 2266 1481 2319 ἴτοῦ
1528 2267 1696 2337 πυρὸς
1745 2266 1827 2332 eg-

244 2359 522 2430 ειλκύσθη,
548 2361 640 2414 καὶ
666 2359 799 2429 φλὸξ
821 2361 1054 2428 ἐγένετο.
1095 2358 1231 2411 Ἀλλ’
1275 2359 1336 2410 οὐ
1362 2357 1519 2429 μόνον
1551 2359 1630 2421 είς
1659 2358 1834 2428 φλόγα

241 2452 302 2504 τὸ
331 2451 510 2504 ἔλαιον
548 2451 636 2504 διὰ
659 2449 755 2504 τοῦ
793 2450 964 2520 πυρὸς
996 2448 1286 2520 ἠλλοιώθη,
1317 2449 1453 2502 ἀλλά
1500 2450 1594 2502 καὶ
1641 2449 1702 2502 τὸ
1737 2449 1832 2503 τοῦ

239 2543 421 2613 πυρὸς
463 2541 556 2596 τοῦ
590 2542 885 2613 γενομένου
913 2541 1020 2594 ἀπὸ
1064 2540 1157 2594 τοῦ
1205 2539 1409 2603 ὲλαίου,
1443 2540 1625 2611 φησὶν,
1670 2541 1835 2611 ὑγρὸν

241 2635 389 2706 μετά
426 2634 488 2686 τὸ
529 2634 660 2706 πῦρ,
698 2634 836 2704 ξηρά
870 2633 1076 2701 γίνεται
1119 2633 1300 2697 κόνις·
1338 2632 1474 2702 ὅπερ
1508 2631 1694 2700 σαφῶς
1730 2632 1835 2686 δεί-

240 2740 437 2776 κνυσιν
492 2724 526 2793 ἡ
575 2725 641 2776 ὲκ
685 2723 778 2776 τοῦ
825 2723 1019 2792 λύχνου
1049 2722 1232 2790 λιγνὺς
1269 2721 1741 2791 καταμελαίνουσα
1774 2721 1835 2775 τὸ

239 2815 340 2886 τῆς
373 2814 572 2883 φλογὸς
621 2814 1054 2885 ὑπερκείμενονο
1095 2813 1232 2880 ὅπερ
1273 2812 1322 2863 εί
1376 2811 1466 2863 ἐπὶ
1519 2808 1701 2862 πλεῖον
1751 2809 1835 2878 γί-

239 2922 442 2973 γνοιτο,
477 2907 573 2959 καὶ
620 2906 781 2973 δγκος
825 2922 908 2968 τις
949 2902 1383 2974 ὑποστρέψεσθαι
1409 2900 1486 2971 τῷ
1515 2901 1604 2954 διά
1627 2901 1725 2969 τῆς
1753 2900 1833 2952 λι-

237 2997 404 3064 γνύος
444 2996 814 3067 μελαινομένῳ
849 2997 1021 3065 τόπῳ.
1057 2994 1221 3046 Ὅθεν
1252 2993 1408 3062 δῆλόν
1436 2994 1603 3056 ἐστιν,
1640 2992 1722 3044 ὅτι
1754 2993 1832 3054 είς

1936 1814 2123 1869 aridus
2156 1815 2295 1869 cinis
2325 1814 2576 1878 eﬂicitur,
2618 1815 2672 1869 id
2705 1815 2848 1885 quod
2871 1826 3055 1883 aperte
3088 1814 3418 1884 perspicitur
3443 1828 3512 1866 ex

1936 1904 2174 1958 lucernae
2205 1904 2450 1973 fuligine,
2483 1919 2588 1975 qua
2619 1920 2682 1960 ea
2712 1921 2831 1973 qua:
2877 1920 3043 1974 supra
3085 1903 3356 1957 ﬂammam
3407 1902 3512 1958 sita

1935 2003 2087 2058 sunt,
2119 1997 2455 2064 nigrescunt.
2493 1996 2647 2062 Quod
2683 1997 2728 2050 si
2759 1996 2963 2049 diutius
2996 1995 3107 2058 ﬂat,
3146 1993 3247 2062 ipsi
3280 1994 3401 2047 loco
3447 2007 3512 2047 ex

1934 2085 2172 2140 lucerna
2216 2085 2440 2156 fuligine
2489 2085 2691 2140 infecto
2735 2087 2906 2142 moles
2955 2085 3199 2155 quaedam
3247 2086 3514 2140 accrescit

1937 2185 2103 2246 atque
2133 2177 2389 2231 adhaeret.
2412 2177 2490 2231 Ex
2512 2176 2628 2247 quo
2660 2179 2878 2247 planum
2906 2177 2988 2242 fit,
3015 2178 3190 2232 oleum
3216 2192 3312 2247 per
3334 2177 3513 2247 ignem

1934 2267 2267 2321 exsiccatum
2310 2267 2364 2320 in
2411 2269 2808 2325 minutissimas
2845 2281 2898 2324 et
2943 2279 3222 2340 aspectum
3264 2279 3513 2326 nostrum

1935 2357 2254 2428 effugientes
2286 2359 2584 2428 particulas
2629 2361 2979 2427 commutari,
3026 2373 3188 2431 atque
3229 2360 3301 2416 ita
3331 2375 3513 2416 aerem

1935 2458 2141 2520 petere,
2185 2449 2420 2519 indeque
2452 2451 2711 2506 desiliens
2740 2452 2793 2505 in
2825 2459 3024 2506 terram
3061 2452 3365 2508 considere.
3411 2451 3513 2505 Mi-

1935 2539 2349 2593 nutissimarum
2375 2548 2554 2594 autem
2591 2539 2835 2611 fuliginis
2867 2543 3253 2612 particularum
3277 2543 3329 2596 in
3393 2557 3517 2597 acre

1937 2628 2051 2682 ﬂeri
2099 2627 2444 2693 effusionem,
2477 2645 2544 2684 ex
2593 2646 2657 2685 eo
2694 2641 2873 2700 potest
2902 2633 3149 2704 intelligi,
3179 2633 3320 2703 quod
3355 2647 3516 2688 nares

1935 2720 2084 2774 hunc
2116 2720 2294 2790 ipsum
2326 2735 2502 2774 aerem
2528 2723 2914 2776 attrahentium
2941 2723 3108 2793 nigrae
3131 2723 3288 2776 fiunt.
3344 2720 3515 2788 Quin-

1935 2811 2099 2864 etiam
2136 2811 2189 2864 id
2221 2812 2362 2879 quod
2393 2827 2456 2866 ex
2488 2820 2707 2881 pectore
2737 2814 3070 2883 respirantes
3104 2813 3382 2878 emittunt,
3433 2814 3516 2866 ni-

1937 2917 2094 2972 grum
2125 2917 2248 2957 esse
2279 2903 2645 2971 conspicitur,
2675 2911 2958 2972 propterea
2982 2905 3126 2974 quod
3155 2897 3397 2973 fuliginis
3423 2919 3515 2957 co-

1937 2993 2051 3046 lore
2078 3008 2170 3062 per
2204 2992 2346 3046 aeris
2378 2994 2758 3047 attractionem
2791 2993 3084 3048 accedente
3116 2994 3186 3049 sit
3227 2992 3511 3048 infectum.

237 3087 418 3139 λεπτά
445 3103 505 3138 τε
535 3085 629 3138 καὶ
676 3085 856 3154 ἀφανῆ
896 3084 1061 3154 μόρια
1093 3083 1156 3136 τὸ
1195 3083 1370 3136 ἔλαιον
1407 3081 1494 3135 διὰ
1517 3081 1609 3133 τοῦ
1646 3082 1814 3153 πυρὸς
1852 3083 2225 3153 άποξηρανθὲν
2258 3083 2584 3147 ἀλλοιοῦται,
2611 3084 2705 3137 καὶ
2734 3083 2904 3148 οὕτως
2946 3086 3004 3138 ἐν
3030 3085 3108 3154 τῷ
3135 3084 3256 3156 ἀέρι
3286 3086 3513 3154 γίνεται,

239 3177 499 3230 κάκεῖθεν
524 3178 619 3228 ἐπὶ
656 3175 752 3246 τὴν
781 3177 883 3246 γῆν
923 3175 1216 3238 συνιζάνει.
1235 3174 1481 3227 Δείκνυσι
1511 3173 1567 3227 δὲ
1600 3171 1662 3225 τὺ
1687 3175 1745 3226 ὲν
1765 3173 1840 3242 τῷ
1864 3174 1987 3245 ἀέρι
2011 3174 2109 3245 τὴν
2133 3175 2439 3246 λεπτομερῆ
2475 3177 2576 3245 τῆς
2601 3175 2814 3244 λιγνύος
2856 3173 2992 3230 εἶναι
3028 3176 3292 3248 διάχυσιν,
3329 3179 3393 3230 ἐκ
3425 3176 3518 3231 τοῦ

237 3269 374 3330 τοὺς
400 3268 682 3338 μυκτῆρας
709 3267 818 3319 τῶν
845 3267 936 3319 τὸν
969 3267 1108 3337 ἀέρα
1134 3266 1321 3320 τοῦτον
1351 3264 1724 3319 ἀναπνεόντων
1751 3266 2225 3337 ὑπομελαίνεσθαι.
2247 3268 2512 3331 Πολλάκις
2530 3269 2586 3321 δὲ
2616 3269 2708 3321 xal.
2734 3269 2792 3321 τὸ
2819 3268 3028 3322 ἔνδοθεν
3058 3272 3121 3322 ὲκ
3149 3270 3240 3323 τοῦ
3274 3269 3520 3341 θώρακος

237 3361 676 3429 ἀναπτυόμενον,
727 3358 894 3428 μέλαν
935 3359 1187 3430 ὁρᾶσθαι,
1234 3357 1324 3411 διὰ
1357 3356 1420 3410 τὸ
1450 3356 1531 3422 τῷ
1572 3356 1820 3428 χρώματι
1857 3357 1956 3428 τῆς
1982 3357 2195 3426 λιγνύος
2237 3361 2329 3413 καὶ
2365 3359 2497 3412 αύτὸ
2547 3361 3032 3433 καταχρώννυσθαι
3064 3361 3140 3432 τῷ
3166 3360 3252 3417 διὰ
3289 3361 3387 3432 τῆς
3427 3361 3520 3414 τοῦ

238 3454 410 3524 ἀέρος
437 3451 712 3519 ἀναπνοῆς
738 3451 1192 3504 συνεισπίπτοντι.

317 3541 535 3597 Οὐκοῦν
579 3541 735 3610 δῆλόν
778 3542 926 3595 ἐστιν
965 3544 1031 3596 ὲκ
1068 3542 1302 3604 τούτων,
1329 3542 1412 3594 ὅτι
1440 3539 1536 3594 τοῦ
1575 3541 1753 3594 ἐλαίου
1785 3540 1840 3594 τὸ

2019 3541 2098 3597 Ex
2125 3543 2210 3598 his
2237 3553 2447 3600 constat
2479 3545 2852 3601 bumiditatem
2883 3547 2988 3601 olei
3019 3545 3100 3602 sic
3133 3546 3186 3600 in
3219 3545 3524 3603 siccitatem

242 3638 358 3708 μὲν
403 3632 571 3703 ὑγρὸν
604 3634 678 3695 είς
719 3633 985 3704 ξηρότητα
1021 3633 1383 3705 μετεποιήθη,
1423 3635 1451 3686 ὁ
1477 3633 1533 3685 δὲ
1572 3631 1714 3686 κατά
1741 3631 1840 3703 τὴν

239 3728 394 3796 ὓλην
438 3724 601 3791 ὄγκος
649 3725 745 3776 οὐκ
777 3726 856 3788 εἰς
902 3725 1242 3796 ἀνυπαρξίαν
1285 3724 1554 3795 ἠφανίσθη
1601 3722 1689 3776 διά
1733 3723 1844 3775 τῶν

237 3816 469 3870 λεπτῶν
523 3833 583 3868 τε
631 3816 721 3868 καὶ
780 3817 1000 3886 ἀφανῶν
1050 3817 1252 3888 μορίων
1322 3815 1698 3878 ὲνσκεδασθεὶς
1765 3813 1844 3884 τῷ

241 3909 399 3978 ἀέρι.
438 3909 614 3978 Ὅπερ
656 3907 834 3960 τοίνυν
882 3909 975 3961 ἐπὶ
1029 3906 1123 3960 τοῦ
1164 3907 1332 3978 ὑγροῦ
1384 3906 1574 3960 τούτου
1615 3905 1703 3958 διὰ
1746 3905 1845 3974 τῆς

238 4002 365 4052 τῶν
401 3999 702 4068 γινομένων
747 3999 1026 4070 ἐνεργείας
1072 3998 1380 4069 ἐμάθομεν,
1407 3997 1489 4050 ὅτι
1541 3995 1845 4048 ἀλλοιοῦται

246 4091 418 4160 μόνον
445 4089 505 4142 τὺ
535 4089 705 4160 ύγρδν
733 4092 808 4152 είς
851 4089 1143 4160 ξηρότητα,
1175 4089 1274 4141 οὐκ
1302 4089 1381 4151 είς
1409 4087 1470 4140 τὸ
1498 4086 1758 4149 παντελὲς
1785 4086 1846 4140 τὸ

244 4186 443 4240 ὑλικὸν
476 4182 832 4253 ἀφανίζεται’
866 4181 1022 4234 τοῦτό
1071 4199 1155 4244 τις
1208 4181 1302 4234 καὶ
1346 4180 1476 4252 περὶ
1516 4177 1609 4232 τοῦ
1646 4179 1863 4241 παντὸς

246 4275 477 4334 ἐννοῶν,
503 4272 598 4326 τοῦ
635 4273 846 4334 εἰκότος
873 4272 971 4341 οὐχ
997 4271 1374 4341 ἁμαρτήσεται
1391 4285 1405 4298 ·
1441 4268 1596 4339 δῆλον
1621 4267 1730 4338 γὰρ
1765 4269 1847 4320 ὅτι

249 4367 322 4418 ὲκ
369 4365 548 4434 μερῶν
595 4364 658 4416 τδ
707 4364 826 4416 ὅλον
879 4362 1226 4432 συνέστηκεν.
1264 4361 1440 4430 Ὅπερ
1474 4359 1518 4411 δ’
1549 4359 1615 4412 ἂν
1665 4358 1723 4410 ὲν
1769 4355 1848 4427 τῷ

249 4455 421 4525 μέρει
445 4452 743 4522 ἐμάθομεν,
775 4451 932 4505 τοῦτο
961 4453 1054 4504 καὶ
1081 4452 1210 4522 περί
1231 4450 1324 4504 τοῦ
1350 4449 1549 4513 παντὸς
1570 4447 1850 4518 ἐδιδάχθη-

247 4563 385 4615 μεν.
428 4544 575 4598 Μίαν
613 4545 671 4597 δὲ
702 4543 778 4614 τῷ
815 4543 961 4612 γένει
1002 4543 1102 4614 τὴν
1145 4544 1416 4614 ὑγρότητα
1451 4537 1608 4606 εἶναι,
1643 4541 1752 4594 οὐδ’
1784 4539 1851 4593 ἂν

242 4636 373 4690 τῶν
402 4635 690 4704 ἐριστικῶν
720 4653 803 4698 τις
827 4634 1089 4688 ἀντείποι.
1133 4635 1292 4687 Ἀλλὰ
1327 4635 1434 4704 μὴν
1479 4632 1649 4702 λεπτὴ
1702 4631 1852 4692 κόνις

243 4725 602 4781 ὲκκαυθεῖσα
628 4727 714 4780 διὰ
749 4727 843 4781 τοῦ
887 4727 1058 4798 πυρός
1101 4729 1136 4797 ἡ
1183 4727 1420 4798 ὑγρότης
1463 4726 1698 4794 ἐγένετοο
1745 4722 1852 4794 ἄρα

1946 3637 2288 3698 commutari,
2321 3645 2378 3690 ut
2411 3637 2650 3691 materiae
2695 3637 3010 3707 magnitudo
3040 3653 3136 3706 per
3171 3638 3525 3693 tenuissimas

1944 3725 2263 3794 particulas,
2288 3733 2341 3780 et
2364 3741 2484 3795 qua:
2509 3727 2678 3780 aciem
2708 3727 2989 3779 oculorum
3021 3725 3303 3795 effugiunt,
3329 3726 3380 3779 in
3403 3741 3526 3780 aere

1947 3814 2175 3883 disiecta
2220 3830 2330 3869 non
2374 3815 2639 3869 deleatur.
2684 3814 2741 3868 Si
2787 3816 2911 3884 quis
2951 3817 3136 3886 igitur,
3184 3825 3242 3870 ut
3281 3817 3383 3871 hoc
3420 3816 3525 3871 olei

1947 3904 2229 3958 humidum
2248 3903 2513 3958 duntaxat
2535 3905 2588 3959 in
2607 3905 2814 3960 siccum
2834 3905 3190 3970 convertitur,
3211 3920 3319 3959 non
3345 3912 3525 3959 autem

1946 4002 2056 4048 tota
2086 3993 2312 4047 materia
2336 3994 2554 4063 penitus
2581 3993 2851 4057 aboletur,
2874 3995 2952 4049 sic
2975 3997 3044 4049 de
3066 3994 3324 4048 universo
3351 3992 3528 4046 humi-

1946 4083 2016 4141 do
2044 4084 2382 4153 COgitaverit,
2419 4098 2530 4138 non
2567 4085 2807 4152 errabit;
2838 4084 3184 4139 manifestum
3223 4085 3367 4138 enim
3411 4089 3524 4144 est,

1946 4183 2120 4231 totum
2159 4191 2226 4232 ex
2260 4177 2508 4247 partibus
2543 4185 2819 4232 constare.
2862 4175 3018 4241 Quod
3052 4184 3232 4228 autem
3275 4175 3341 4228 de
3374 4180 3528 4243 parte

1949 4267 2234 4329 discimus,
2267 4269 2407 4322 idem
2437 4266 2503 4322 dc
2535 4275 2650 4322 toto
2677 4268 2990 4322 edocemur.
3026 4265 3200 4321 Unam
3232 4273 3410 4319 autem
3435 4279 3528 4335 ge-

1950 4375 2079 4414 nere
2127 4359 2504 4414 humiditatem
2548 4374 2671 4414 esse
2718 4373 2879 4412 nemo
2936 4373 3005 4413 ne
3056 4357 3530 4428 pertinacissimus

1951 4451 2170 4520 quidem
2203 4451 2439 4521 negabit.
2463 4449 2638 4520 Atque
2665 4451 2961 4505 bumiditas
2995 4451 3063 4504 ab
3091 4451 3215 4520 igne
3244 4450 3528 4504 combusta

1953 4543 2132 4598 tenuis
2166 4544 2344 4614 pulvis
2370 4543 2637 4600 eﬂicitur:
2663 4552 2716 4600 et
2741 4559 2902 4599 omne
2943 4543 3245 4607 humidum,
3287 4542 3416 4597 dum
3445 4549 3532 4597 est

1951 4635 2008 4690 in
2039 4637 2181 4707 igne,
2222 4637 2610 4707 particularum
2653 4640 2970 4710 qualitatem
3006 4657 3070 4694 ex
3105 4637 3433 4692 humiditate
3476 4637 3532 4691 in

1955 4729 2254 4784 siceitatem
2287 4732 2578 4796 convertit,
2608 4747 2718 4787 non
2751 4740 2930 4787 autem
2963 4732 3184 4802 penitus
3213 4729 3424 4784 deletur
3449 4735 3533 4782 at-

245 4821 358 4874 καὶ
392 4819 505 4872 πᾶν
536 4817 698 4890 ὑγρὸν
728 4821 784 4872 ὲν
807 4817 885 4889 τῷ
907 4819 1037 4889 πυρὶ
1081 4819 1367 4889 γενόμενον
1409 4816 1730 4888 μεταϐάλλει
1752 4813 1840 4886 τὴν

1955 4837 2060 4892 que
2089 4824 2448 4879 consumitur.
2495 4823 2763 4890 Quoniam
2804 4824 2970 4896 igitur
3005 4823 3199 4878 nebula
3227 4836 3324 4876 seu
3358 4820 3534 4874 nubes

245 4912 312 4964 tv
333 4911 456 4972 τοῖς
497 4909 706 4980 μορίοις
730 4911 1008 4980 ποιότητα,
1031 4909 1168 4980 πρὸς
1193 4912 1251 4962 τὸ
1280 4909 1440 4982 ξηρὸν
1469 4911 1533 4962 ὲκ
1558 4906 1653 4960 τοῦ
1685 4905 1840 4978 ύγροῐ

1961 4913 2095 4967 nihil
2127 4915 2272 4969 aliud
2300 4925 2403 4980 est,
2441 4915 2546 4971 nisi
2577 4931 2842 4985 vaporum
2877 4915 3088 4970 coactio
3122 4922 3283 4983 atque
3309 4925 3536 4966 concre—

249 5000 686 5071 μεθιστάμενον,
715 5003 814 5055 οὐκ
839 5003 919 5064 εἰς
950 5001 1010 5053 τὸ
1039 4999 1297 5064 παντελὲς
1323 4998 1664 5069 ἀφανίζεται.
1702 4997 1853 5051 Ἐπεὶ

243 5088 355 5147 ὧν
401 5091 580 5160 ἀτμοῦ
634 5090 894 5155 σύστασις
937 5094 998 5145 τὸ
1044 5092 1202 5160 νέφος
1229 5091 1395 5156 ἐστὶν,
1434 5093 1462 5144 ὁ
1511 5089 1568 5142 δὲ
1611 5087 1784 5159 ἀτμὸς
1818 5089 1852 5160 ἠ

245 5183 608 5254 λεπτομερὴς
660 5182 754 5236 τοῦ
801 5183 966 5255 ὑγροῦ
1025 5186 1170 5237 ἐστιν
1216 5181 1596 5254 ἀναθυμίασις,
1640 5180 1851 5253 ἀνάγκη

249 5273 436 5335 πᾶσα,
469 5273 602 5326 ὅταν
645 5275 995 5344 καταφρυγὲν
1028 5273 1107 5344 τῷ
1139 5272 1368 5344 φλογμῷ
1415 5273 1476 5325 τὸ
1517 5271 1708 5342 νέφος,
1762 5272 1854 5324 τὸν

247 5364 459 5417 λεπτὸν
492 5366 702 5418 ἐκεῖνον
729 5367 824 5420 καὶ
869 5367 1048 5438 ἀμερῆ
1076 5363 1172 5419 τοῦ
1201 5365 1377 5436 ἀτμοῦ
1403 5365 1588 5433 ὄγκον,
1621 5362 1723 5417 κᾶν
1754 5362 1852 5435 τὴν

253 5455 441 5524 ὑγρὰν
490 5455 564 5526 μὴ
614 5455 850 5530 διασώζῃ
909 5459 1185 5528 ποιότητα,
1241 5455 1317 5527 μὴ
1368 5456 1554 5526 μέντοι
1616 5454 1756 5508 κατά
1797 5455 1859 5508 τὸ

255 5546 629 5615 ὑποκείμενον
669 5550 747 5613 είς
783 5551 1092 5623 ἀφανισμὸν
1122 5549 1472 5621 μεταϐαίνειν
1517 5550 1595 5610 είς
1638 5548 1699 5600 τὸ
1725 5546 1857 5618 μηδὲ

255 5638 658 5709 ἀναλυόμενον.
691 5641 935 5719 Τέσσαρα
970 5645 1081 5718 γὰρ
1117 5643 1247 5714 περὶ
1291 5640 1382 5695 τὸν
1429 5641 1600 5709 ἀτμὸν
1635 5637 1864 5711 θεωρεῖ-

1961 5004 2072 5059 tio:
2105 5022 2273 5077 vapor
2303 5015 2483 5062 autem
2510 5016 2592 5064 est
2624 5007 2948 5063 tenuissima
2978 5005 3184 5060 humidi
3215 5002 3490 5059 exhalatio
3517 5018 3532 5056 :

1959 5108 2184 5150 necesse
2223 5106 2327 5159 est,
2359 5109 2482 5150 cum
2514 5096 2710 5151 ardore
2741 5096 2913 5152 nubes
2945 5095 3240 5158 exaruerit,
3277 5091 3536 5148 minutis-

1959 5187 2156 5242 simum
2201 5188 2335 5243 illud
2376 5196 2429 5244 et
2472 5189 2811 5244 individuum
2857 5187 3075 5257 vaporis
3124 5184 3534 5255 corpusculum,

1960 5279 2210 5348 quamvis
2236 5280 2510 5334 humidam
2528 5280 2844 5350 qualitatem
2869 5294 2976 5332 non
3005 5284 3204 5340 servet,
3225 5291 3332 5331 non
3354 5283 3537 5331 tamen

1961 5372 2183 5427 omnino
2211 5372 2518 5443 disperdiet
2549 5373 2774 5429 aboleri.
2800 5373 3047 5440 Quatuor
3073 5371 3221 5426 enim
3254 5369 3311 5425 in
3339 5381 3538 5437 vapore

1959 5465 2409 5530 considerantur,
2454 5465 2781 5532 humiditas,
2823 5464 3125 5536 frigiditas,
3169 5461 3441 5533 gravitas,
3483 5463 3539 5510 et

1960 5555 2258 5625 quantitas.
2292 5556 2365 5611 Ex
2392 5555 2479 5612 his
2507 5572 2627 5628 qua:
2656 5565 2866 5612 natura
2894 5554 3037 5628 ignis
3059 5555 3443 5613 adversantur,
3471 5559 3540 5602 ea

1960 5647 2009 5704 vi
2028 5647 2203 5719 ipsius
2220 5648 2599 5720 exsuperantis
2626 5648 2933 5704 abolentur:
2956 5643 3316 5707 quamobrem
3333 5655 3435 5702 nec
3447 5638 3564 5744 huj‘
