4106 6208
637 315 704 369 99
1874 311 1934 365 S.
1977 308 2306 365 GBEGORII
2349 308 2641 364 NYSSENI

3657 367 3666 374 ,
3764 312 3868 366 100

635 429 840 485 miduin
867 443 966 484 nec
986 427 1236 499 frigidum
1268 427 1323 481 in
1352 428 1476 498 igne
1515 428 1618 484 sita
1653 437 1870 483 manent
1907 428 2195 499 ejusmodi.

2300 445 2408 491 ται,
2437 429 2498 481 τὸ
2527 429 2710 499 ὑγρὸν,
2737 429 2796 481 τὸ
2821 429 3048 500 ψυχρὸν,
3073 428 3133 481 τὸ
3167 427 3328 500 βαρὺ,
3353 429 3386 499 ἡ
3419 427 3733 498 πηλικότης.
3773 431 3872 482 Ἐκ

635 517 922 584 Quantitas
943 533 1071 574 vero
1087 518 1156 572 ab
1181 518 1321 588 ignis
1351 527 1546 572 natura
1572 534 1679 573 non
1705 519 2004 588 discrepat,
2033 533 2199 587 quan-

635 609 924 678 doquidem
953 615 1007 665 et
1035 609 1174 678 ignis
1204 610 1260 662 in
1289 618 1494 678 quanto
1559 608 1956 673 consideratur,
1991 616 2044 663 et
2073 623 2196 662 cum

633 706 840 768 quanto
870 700 1148 767 quantitas
1177 713 1286 752 non
1314 705 1534 769 pugnat.
1567 697 1752 768 Itaque
1782 699 1998 768 vaporis
2025 713 2200 767 quan-

634 791 766 845 titas
783 790 852 844 ab
874 789 1080 843 humidi
1096 797 1149 845 et
1170 790 1347 860 frigidi
1369 791 1629 860 qualitate
1656 791 1904 861 sejuncta
1929 800 2196 846 servatur.

635 880 766 946 Quae
797 889 974 935 autem
1013 896 1078 936 ex
1115 883 1382 951 gravitate
1415 883 1655 952 qualitas
1696 881 1884 951 vapori
1936 880 2200 935 naturali-

634 979 720 1024 ter
755 971 916 1035 inest,
944 986 1051 1026 una
1073 988 1198 1026 cum
1224 972 1600 1043 magnitudine
1648 980 2050 1036 conservatur;
2097 985 2197 1040 pa-

635 1063 766 1116 riter
798 1064 944 1117 enim
980 1071 1034 1118 et
1065 1063 1289 1118 humida
1323 1073 1376 1120 et
1428 1064 1630 1136 frigida
1681 1079 1901 1134 gravem
1946 1069 2197 1116 naturam

632 1153 853 1208 habent.
886 1153 963 1207 Ex
989 1155 1092 1210 hac
1121 1169 1304 1209 rerum
1328 1156 1470 1211 serie
1504 1171 1660 1211 mens
1692 1155 1843 1208 nullo
1880 1153 2070 1206 labore
2104 1164 2200 1206 co-

631 1255 876 1314 gnoscet,
927 1246 1201 1314 quomodo
1243 1261 1382 1315 aqua
1419 1246 1508 1300 ﬁat
1558 1255 1704 1300 terra
1755 1250 2199 1310 commutataque

631 1336 850 1402 vaporis
881 1337 1142 1404 qualitate
1162 1347 1413 1392 naturam
1442 1336 1674 1392 similem
1705 1342 2054 1405 assequatur.
2081 1331 2198 1386 Sic-

537 1478 540 1479 .
631 1440 754 1480 cum
788 1427 956 1491 enim,
999 1437 1052 1482 et
1083 1443 1246 1498 grave
1296 1429 1601 1498 qualitatis,
1659 1443 1785 1498 quae
1829 1434 1992 1481 terrae
2030 1426 2194 1489 inest,

628 1519 850 1588 propria
884 1527 1034 1581 sunt,
1068 1519 1122 1572 in
1153 1533 1323 1588 eaque
1351 1535 1523 1589 vapor
1551 1525 1780 1574 exustus
1837 1516 2194 1572 convertitur.

630 1607 708 1662 Ac
739 1609 870 1662 mihi
903 1610 1122 1678 quidem
1156 1624 1263 1663 non
1290 1608 1601 1663 faciendum
1637 1607 1876 1670 videtur,
1897 1613 1955 1659 ut
1990 1604 2198 1674 princi-

629 1696 779 1764 pium
844 1696 947 1750 boc
1002 1697 1264 1760 assecuti,
1315 1702 1743 1764 consequentem
1794 1693 2065 1755 ordinem,
2129 1690 2196 1744 ad

630 1799 791 1854 quem
817 1785 1188 1838 consideratio
1212 1785 1328 1853 ipsa
1353 1798 1454 1838 nos
1483 1799 1582 1853 per
1613 1782 1932 1837 verisimilia
1951 1780 2017 1834 ad
2055 1782 2198 1835 veri-

629 1883 796 1930 tatem
854 1873 1062 1931 ducens
1123 1875 1492 1946 progreditur,
1567 1875 1905 1928 omittamus.
1972 1869 2199 1926 Videtur

628 1970 772 2020 enim
802 1965 872 2019 ob
912 1965 1052 2020 hanc
1092 1981 1312 2022 causam
1348 1974 1402 2022 et
1443 1979 1592 2020 mare
1635 1979 1851 2033 semper
1877 1963 1931 2016 in
1963 1961 2199 2032 propriis

630 2056 878 2110 terminis
907 2071 1242 2125 permanere.
1275 2054 1542 2121 Quoniam
1585 2054 1831 2109 accessio
1861 2054 1973 2119 illa,
2030 2066 2196 2121 quam

628 2161 693 2201 ετ
733 2145 1139 2200 conﬂuentibus
1190 2147 1349 2214 aquis
1387 2145 1609 2200 assidue
1644 2143 1904 2214 paulatim
1939 2141 2194 2212 acquirit,

628 2235 950 2289 exhauritur
982 2245 1034 2289 et
1065 2234 1408 2289 consumitur
1433 2249 1463 2287 a
1491 2235 1788 2296 ealiditate,
1841 2248 1963 2302 qua:
2005 2247 2197 2286 cut-ur-

629 2323 814 2377 bitulae
856 2324 1030 2379 instar
1065 2331 1256 2377 tenues
1304 2322 1540 2376 humidae
1592 2331 1802 2377 natura}
1849 2337 2079 2391 vapores
2116 2327 2197 2374 at-

628 2413 816 2468 trahit.
837 2412 1038 2468 Verum
1071 2414 1196 2482 quia
1226 2412 1624 2466 mediterranea
1652 2413 1794 2475 loca,
1850 2420 1903 2467 et
1930 2427 2052 2482 quae
2080 2425 2196 2464 ma-

627 2504 712 2574 gis
757 2504 823 2557 ad
871 2505 1181 2573 aquilonem
1223 2511 1475 2572 vergunt,
1518 2503 1647 2557 huic
1689 2502 1888 2556 rationi
1942 2503 2196 2557 videntur

627 2591 935 2656 adversari,
973 2600 1256 2660 propterea
1283 2593 1599 2662 quod,cum
1637 2593 1690 2647 in
1729 2593 1813 2648 his
1835 2593 2086 2663 partibus
2126 2593 2197 2647 ob

629 2684 773 2738 neris
820 2682 1111 2736 ambientis
1157 2681 1505 2752 {rigiditatem
1545 2697 1693 2738 mare
1738 2699 1847 2737 non
1901 2684 2192 2738 admodum

628 2771 864 2836 raleiiat,
905 2787 1166 2842 vaporum
1193 2773 1462 2828 confectio
1487 2781 1718 2844 torpeat,
1739 2789 1859 2830 eam
1893 2773 2189 2845 dupliciter

627 2863 1093 2917 confirmabimus.

2297 516 2498 568 τούτων
2523 518 2621 569 ὅσα
2647 517 2745 586 μὲν
2767 518 3018 581 ἐναντίως
3061 518 3195 586 πρὸς
3225 519 3286 569 τὸ
3310 517 3421 588 πῦρ
3446 517 3578 587 ἔχει,
3604 519 3669 587 τῇ
3707 515 3869 571 δυνα-

2299 607 2452 676 στείᾳ
2489 607 2581 659 τοῦ
2628 606 3043 678 ἐπικρατοῦντος
3087 607 3500 676 ἐξαφανίζεταιο
3530 605 3652 659 οὕτε
3685 609 3780 675 γὰρ
3806 609 3873 660 τὸ

2299 696 2484 766 ὑγρὸν,
2515 697 2636 750 οὔτε
2659 698 2721 751 τὸ
2743 699 2948 770 ψυχρὸν
2977 701 3034 752 ἐν
3059 698 3136 768 τῷ
3160 700 3293 769 πυρῒ⁹
3320 698 3606 768 γενόμενον
3628 698 3874 768 διαμένει

2298 787 2549 840 τοιοῦτον.
2589 789 2650 841 Ἡ
2705 789 2886 859 μέντοι
2945 788 3239 858 πηλικότης
3279 789 3552 856 συγγενῶς
3594 789 3688 842 καὶ
3734 788 3870 857 πρὸς

2297 878 2394 948 τὴν
2415 878 2506 932 τοῦ
2533 880 2702 950 πυρὸς
2730 879 2915 932 οὐσίαν
2943 879 3084 949 ἔχει·
3130 881 3223 932 καὶ
3256 880 3364 951 γὰρ
3394 879 3453 932 τὸ
3486 879 3598 949 πῦρ
3625 880 3682 932 ἐν
3717 878 3879 947 ποσῷ

2298 969 2631 1040 καθορᾶταιο
2684 970 2834 1040 ποσῷ
2875 971 2932 1023 δὲ
2987 971 3218 1042 ποσότης
3265 972 3326 1024 οὑ
3375 971 3622 1040 μάχεται.
3670 971 3730 1022 El
3775 966 3877 1022 οὖν

2296 1062 2330 1130 ἡ
2396 1061 2691 1131 πηλικότης
2759 1060 2853 1113 τοῦ
2915 1061 3088 1131 ἀτμοῦ
3149 1061 3508 1125 διασώζεται,
3569 1063 3666 1131 τῆς
3727 1059 3881 1112 κατὰ

2296 1150 2357 1203 τὸ
2406 1151 2567 1221 ὑγρόν
2610 1169 2669 1204 τε
2715 1153 2806 1204 καὶ
2857 1151 3061 1222 ψυχρὸν
3127 1153 3408 1221 ποιότητος
3462 1150 3876 1220 διαζευχοεῖσαο

2299 1243 2331 1314 ἡ
2365 1243 2420 1294 δέ
2455 1243 2593 1296 κατὰ
2629 1241 2688 1296 τὸ
2717 1241 2880 1314 βάρος
2913 1243 3134 1313 ποιότης
3166 1241 3436 1303 ούσιωδῶς
3468 1241 3756 1310 ἐγκειμένη
3795 1244 3875 1310 τῇ

2297 1331 2390 1385 τοῦ
2416 1330 2588 1401 ἀτμοῦ
2615 1331 2804 1400 φύσει,
2835 1330 3161 1399 συνδιεσώθη
3187 1333 3252 1400 τῇ
3285 1329 3605 1399 πηλικότητι
3636 1330 3882 1398 (ἐπίσης

2298 1420 2459 1492 γὰρὴ
2487 1421 2726 1493 βαρύτης
2755 1421 2848 1474 καὶ
2878 1421 3061 1491 ὑγροῖς
3083 1421 3177 1474 καὶ
3204 1421 3386 1490 ξηροῖς
3417 1420 3739 1489 ἐνυπάρχειν
3771 1420 3881 1471 πέ-

2299 1530 2467 1582 φυκεν
2486 1516 2529 1581 )⁶
2559 1511 2734 1565 οὐκέτ’
2781 1511 2847 1565 ἂν
2878 1513 2904 1564 ό
2948 1510 3072 1573 νοῦς
3100 1511 3232 1580 ἡμῖν
3267 1509 3448 1580 κάμνῃ
3479 1513 3544 1580 τῇ
3576 1509 3880 1580 ἀκολουθίᾳ

2299 1603 2406 1655 τῶν
2434 1601 2730 1672 γινομένων
2765 1601 3027 1671 ἑπόμενος
3047 1640 3062 1664 ,
3091 1599 3231 1653 ὥστε
3264 1599 3588 1667 ἐπιγνῶναι,
3617 1601 3764 1662 ὅπως
3803 1599 3880 1652 τὸ

2301 1691 2444 1762 ὕδωρ
2470 1693 2542 1762 γῆ
2571 1692 2880 1761 γενόμενον,
2909 1691 2997 1744 διὰ
3019 1691 3111 1744 τοῦ
3140 1691 3492 1762 μεταϐάλλειν
3513 1693 3638 1754 τοὺς
3660 1692 3880 1761 ἀτμοὺς

2297 1779 2395 1849 τὴν
2439 1781 2853 1850 ποιότητα,·τὴν
2885 1780 3100 1850 ὁμοειδῆ
3132 1780 3290 1848 φύσιν
3329 1779 3754 1848 καταλαμϐάνει.
3791 1781 3878 1833 Τὸ

2295 1869 2404 1940 γὰρ
2431 1869 2594 1939 ξηρὸν
2633 1872 2723 1923 καὶ
2767 1869 2904 1941 βαρὺ
2946 1871 3074 1924 ἴδιον
3102 1871 3168 1924 ἂν
3196 1870 3282 1941 εἴη’
3328 1872 3425 1941 τῆς
3459 1873 3588 1939 περὶ
3614 1871 3713 1941 τὴν
3758 1871 3884 1941 γῆν

2296 1959 2676 2029 θεωρουμένης
2703 1958 2986 2028 ποιότητος
3006 2002 3021 2024 ,
3051 1961 3130 2023 εἰς
3158 1961 3294 2030 ὅπερ
3323 1961 3610 2023 ἐκκαυθεὶς
3637 1961 3666 2011 ό
3694 1961 3877 2030 ἀτμδς

2298 2049 2649 2120 μετεποιήθη.
2699 2050 2808 2104 Καί
2862 2067 2951 2120 μοι
2983 2050 3129 2104 δοκεῖ
3173 2051 3351 2115 καλῶς
3383 2051 3526 2122 ἔχειν
3559 2052 3658 2121 τῆς
3689 2053 3875 2123 ἀρχῆς

2294 2140 2498 2210 ταύτης
2527 2141 2875 2212 λαϐομένους,
2910 2141 2983 2212 μὴ
3011 2143 3277 2211 διαφεῖναι
3301 2143 3400 2212 τὴν
3427 2144 3743 2198 ἀκολουθίαν
3769 2147 3876 2214 τῆς

2301 2230 2615 2296 ἐξετάσεως,
2641 2234 2718 2296 εἰς
2743 2234 2809 2302 ἢν
2839 2233 3048 2302 πρόεισι
3079 2233 3162 2286 διὰ
3192 2234 3298 2286 τῶν
3326 2234 3547 2287 εἰκότων
3578 2237 3610 2305 ὴ
3643 2234 3878 2306 θεωρία,

2301 2324 2716 2394 χειραγωγοῦσα
2757 2326 2890 2394 πρὸς
2939 2326 3038 2395 τὴν
3071 2325 3351 2395 ἀλήθειαν.
3393 2327 3576 2378 ’Ἑοικε
3618 2325 3726 2394 γὰρ
3774 2328 3880 2379 καὶ

2302 2415 2335 2483 ἡ
2374 2413 2613 2467 θάλασσα
2658 2414 2746 2467 διὰ
2769 2415 2924 2468 τοῦτο
2951 2418 3008 2468 ἐν
3045 2418 3155 2480 τοῖς
3194 2416 3342 2479 ίδίοις
3370 2417 3515 2486 ὅροις
3543 2416 3629 2468 διὰ
3667 2415 3878 2479 παντὸς

2305 2501 2504 2570 μένειν,
2544 2503 2625 2555 ὅτι
2661 2504 2780 2556 κατ’
2808 2503 2986 2571 ὀλίγον
3011 2505 3110 2574 τῆς
3158 2505 3244 2557 ἀεὶ
3285 2505 3572 2576 γινομένης
3601 2505 3736 2574 αὑτῇ
3783 2504 3879 2556 διὰ

2300 2590 2412 2643 τῶν
2446 2589 2652 2642 ὑδάτων
2687 2592 3020 2662 προσθήκης,
3063 2594 3094 2660 ἡ
3133 2593 3218 2646 διὰ
3245 2594 3352 2646 τῶν
3391 2594 3578 2664 ἀτμῶν
3609 2593 3877 2664 ἐξάντλη-

2305 2695 2389 2742 σις
2426 2679 2518 2730 ἐπὶ
2558 2679 2619 2732 τὸ
2656 2680 3046 2751 ὑπερκείμενον
3090 2683 3297 2750 γίνεται
3337 2684 3434 2754 τῆς
3466 2683 3877 2754 ἐπιθαλπούσης

2301 2771 2661 2842 θερμότητος,
2698 2773 2889 2834 σικύας
2934 2771 3087 2842 δίκην
3127 2775 3187 2826 τὸ
3235 2773 3565 2844 λεπτομερὲς
3613 2775 3710 2844 τῆς
3757 2775 3879 2827 τῶν

2299 2863 2480 2934 ὑγρῶν
2522 2863 2735 2932 φύσεως
2782 2863 3149 2934 ἀνιμωμένης.
3195 2866 3282 2916 Ἑν
3325 2865 3380 2918 δέ
3421 2869 3532 2928 τοῖς
3568 2866 3878 2936 μεσογείοις

625 2969 683 3004 τε
725 2953 814 3005 καὶ
855 2952 1241 3024 βορεινοτέροις
1287 2954 1393 3006 τῶν
1423 2955 1602 3008 τόπων
1639 2957 1672 3025 ἡ
1721 2956 1815 3007 τοῦ
1859 2954 2202 3026 περιέχοντος
2238 2955 2510 3025 ψυχρότης
2543 2954 2913 3008 ἐναντιοῦσθαι
2952 2955 3098 3007 δοκεῖ
3142 2955 3218 3024 τῷ
3267 2955 3428 3024 λόγῳ,
3472 2957 3546 3020 ὡς
3575 2956 3661 3010 διὰ
3691 2956 3752 3009 τὸ
3793 2959 3878 3027 μὴ

627 3044 924 3099 θάλπεσθαι
967 3045 1211 3117 σφοδρῶς
1239 3045 1338 3116 τὴν
1383 3047 1442 3099 ἐν
1479 3049 1590 3109 τοῖς
1636 3047 1826 3116 μέρεσι
1868 3046 2077 3109 τούτοις
2111 3047 2418 3110 θάλασσαν,
2474 3046 2746 3117 ἀργούσης
2790 3046 2888 3116 τῆς
2932 3045 3040 3099 τῶν
3077 3047 3261 3116 ἀτμῶν
3302 3047 3630 3110 ἀναδόσεως,
3663 3046 3876 3110 διπλοῖς

625 3135 742 3190 ἔστι
775 3135 1053 3206 λογισμοῖς
1089 3137 1186 3206 τὴν
1224 3138 1492 3190 ἀντίθεσιν
1524 3137 1727 3206 ταύτην
1757 3139 2273 3208 παραμυθήσασθαι.

697 3225 942 3280 Primum
976 3226 1139 3294 igitur
1184 3224 1439 3288 dicimus,
1473 3225 1598 3279 licet
1644 3227 2062 3280 innumerabilia
2088 3241 2204 3281 ma-
2231 3233 2272 3289 C

628 3318 711 3372 ria
773 3317 1085 3382 videantur,
1146 3331 1314 3369 unum
1359 3324 1542 3371 tamen
1591 3327 1645 3372 et
1706 3317 2024 3371 continuum
2075 3333 2197 3374 esse

627 3421 799 3470 mare,
857 3406 910 3459 in
950 3419 1072 3460 sese
1121 3420 1218 3475 per
1249 3405 1436 3461 orbem
1493 3407 1812 3462 universum
1857 3421 2193 3474 commeans,

625 3511 731 3552 nec
761 3496 870 3548 ullo
894 3503 1052 3565 pacto
1080 3510 1111 3549 a
1141 3495 1531 3564 conjunctione
1569 3511 1668 3550 sua
1703 3496 1982 3551 divulsum
2034 3503 2198 3565 atque

627 3586 935 3654 seiunctum
992 3603 1004 3639 :
1060 3585 1437 3656 quamobrem,
1477 3586 1523 3640 si
1580 3595 1840 3657 perpetua
1899 3585 2195 3641 caliditatis

627 3673 940 3744 pra-sentin,
980 3673 1123 3742 quod
1156 3673 1397 3727 australe
1422 3683 1525 3739 est,
1557 3673 1956 3738 succendatur,
1999 3674 2054 3727 in
2083 3671 2196 3728 illis

630 3763 759 3818 item
792 3763 1043 3833 partibus
1084 3763 1504 3819 diminutionem
1537 3765 1751 3828 sentiri,
1802 3764 1961 3834 aquis
2005 3775 2199 3834 sponte

628 3870 729 3912 sua
759 3856 1014 3910 deorsum
1047 3856 1366 3911 naturaliter
1408 3857 1810 3912 conﬂuentibus
1861 3856 1926 3909 ad
1973 3856 2198 3925 explen-

629 3947 757 4000 dum
785 3947 860 4012 id,
887 3947 1031 4017 quod
1059 3948 1382 4003 exhaustum
1409 3956 1463 4004 et
1497 3949 1836 4002 exinanitum
1861 3957 1966 4003 est.
1993 3948 2199 4004 Deinde

629 4051 754 4092 cum
786 4047 959 4092 totum
995 4053 1144 4092 mare
1187 4053 1253 4092 ex
1309 4039 1503 4106 quavis
1546 4052 1688 4106 aqua
1732 4036 2068 4099 conlectum,
2125 4039 2198 4091 sit

631 4129 859 4193 salsum,
889 4143 1074 4198 parem
1106 4128 1221 4182 ﬁeri
1253 4143 1515 4198 vaporum
1548 4129 1910 4196 digestionem
1945 4142 2198 4196 compro-

632 4218 788 4283 bari;
818 4219 1087 4273 salsorum
1118 4218 1261 4272 enim
1298 4219 1565 4273 naturalis
1603 4226 1687 4274 est
1717 4218 1963 4274 siccitas.
2017 4216 2199 4284 Quare

632 4309 678 4364 si
711 4310 948 4380 qualitas
981 4310 1092 4364 haec
1127 4325 1223 4380 per
1250 4317 1422 4363 totum
1459 4325 1613 4364 mare
1642 4309 1848 4380 pariter
1877 4307 2074 4363 ditl‘usa
2090 4315 2195 4374 est,

632 4401 838 4469 pariter
873 4402 1037 4455 etiam
1085 4403 1196 4471 agit
1241 4402 1294 4456 in
1328 4402 1584 4458 omnibus
1626 4402 1775 4457 illius
1818 4401 2088 4472 partibus.
2141 4398 2196 4455 Id

2390 3225 2610 3296 Πρῶτον
2675 3226 2772 3295 μέν
2823 3228 2905 3280 ὅτι
2951 3227 3050 3297 μία
3111 3228 3224 3280 ἐστῖ⁵
3270 3227 3362 3280 καὶ
3435 3228 3661 3298 συνεχὴς
3732 3229 3883 3298 πρὸς

2297 3316 2494 3387 ἑαυτὴν
2559 3317 2730 3370 διόλου
2774 3319 2807 3387 ἡ
2864 3317 3122 3382 θάλασσα,
3173 3318 3277 3372 κᾶν
3334 3319 3415 3382 είς
3467 3322 3634 3391 μυρία
3678 3320 3875 3392 διῄρη-

2295 3425 2386 3460 ται
2442 3407 2652 3477 πελάγη
2677 3447 2693 3472 ,
2751 3408 2988 3478 οὐδαμοῦ
3032 3409 3133 3479 τῆς
3165 3409 3300 3479 πρὸς
3342 3411 3539 3482 ἐαυτὴν
3579 3412 3875 3480 συναφείας

2294 3498 2648 3568 διασπωμένη
2670 3514 2682 3528 ·
2723 3498 2886 3565 ὥστε,
2918 3502 2967 3552 εί
2995 3500 3056 3552 τὸ
3083 3501 3256 3554 νότιον
3291 3505 3356 3571 τῇ
3393 3503 3632 3574 διηνεκεῖ
3657 3521 3875 3574 παρου-

2300 3587 2391 3658 σίᾳ
2427 3587 2521 3641 τοῦ
2554 3588 2754 3659 θερμοῦ
2783 3590 3104 3659 ὑπερκέοιτο
3141 3591 3239 3660 (a),
3275 3594 3332 3645 ἐν
3374 3595 3486 3657 τοῖς
3525 3594 3873 3664 κατεψυγμέ-

2298 3697 2410 3744 νοις
2440 3681 2632 3752 μέρεσι
2669 3681 2773 3752 τῆς
2799 3683 2912 3736 ἐκεῖ
2939 3685 3235 3756 γενομένης
3265 3685 3612 3749 ἐλαττώσεως
3650 3687 3752 3758 τὴν
3784 3688 3873 3740 ατο

2301 3771 2490 3841 σθησιν
2519 3771 2785 3839 γίνεσθαι,
2829 3774 3151 3845 αὐτομάτως
3187 3777 3284 3846 τῆς
3315 3778 3424 3830 τῶν
3459 3778 3662 3831 ὑδάτων
3693 3781 3875 3850 φορᾶς

2298 3859 2356 3910 ἐν
2385 3859 2462 3929 τῷ
2488 3864 2798 3930 κατωφερεῖ
2822 3861 2922 3931 τῆς
2955 3863 3165 3932 φύσεως
3191 3865 3326 3935 πρὸς
3354 3866 3415 3918 τὸ
3436 3867 3518 3920 ἀεὶ
3547 3865 3876 3936 κινούμενον

2303 3949 2727 4021 μεταρρεούσης.
2757 3953 2986 4006 Ἔπειτα
3021 3955 3078 4008 δὲ
3109 3957 3203 4008 καὶ
3231 3957 3290 4009 τὸ
3317 3960 3492 4010 πᾶσαν
3522 3957 3699 4028 ἅλμην
3728 3954 3876 4014 εἶναι

2298 4039 2394 4110 τὴν
2427 4040 2723 4108 θάλασσαν,
2770 4045 2833 4095 ἐκ
2867 4045 3066 4108 παντὸς
3094 4047 3188 4098 τοῦ
3224 4048 3412 4111 ὓδατος
3444 4049 3754 4120 γινομένην,
3781 4050 3872 4103 διὰ

2296 4129 2395 4200 τὴν
2427 4129 2534 4183 τῶν
2563 4133 2751 4202 ἀτμῶν
2785 4133 3054 4201 ἀνάδοσιν,
3085 4137 3226 4190 κατά
3251 4139 3313 4190 τδ
3343 4136 3460 4192 ἴσον
3495 4141 3867 4213 μαρτύρεται·

2300 4215 2428 4272 ἴδιον
2459 4219 2566 4289 7&9
2590 4223 2691 4291 τῆς
2717 4221 2826 4276 τῶν
2853 4224 2994 4277 ἁλῶν
3025 4225 3239 4294 φύσεως
3270 4230 3302 4299 ἡ
3341 4229 3571 4302 ξηρότης
3603 4232 3772 4285 ἐστίν.
3806 4234 3870 4286 Et

2297 4307 2353 4360 δέ
2375 4309 2513 4362 κατὰ
2540 4310 2601 4362 τὸ
2623 4307 2738 4365 ἴσον
2764 4314 2796 4381 η
2827 4314 3044 4384 ποιότης
3065 4315 3200 4388 αῦτη
3230 4318 3361 4387 πρὸς
3387 4323 3564 4373 πᾶσαν
3591 4321 3870 4376 θάλασσαν

2297 4399 2686 4472 ἀνακέκραται,
2713 4405 2820 4475 ἀρα
2852 4407 3051 4474 ὁμοίως
3079 4409 3136 4460 ἐν
3177 4411 3337 4462 παντὶ
3381 4412 3535 4480 μέρει
3569 4413 3628 4466 τὸ
3667 4415 3870 4486 ἑαυτῆς

631 4490 776 4542 enim
801 4491 1068 4560 cujusque
1102 4501 1313 4547 natura:
1352 4493 1632 4564 proprium
1677 4500 1786 4557 est,
1815 4501 1872 4546 ut
1913 4508 1978 4547 ex
2011 4492 2062 4546 vi
2099 4505 2196 4546 sua

2300 4493 2587 4564 ἐνεργήσει
2621 4498 2654 4567 ἡ
2696 4497 2862 4568 ἅλμη.
2900 4499 3057 4552 Πᾶσα
3093 4499 3200 4570 γὰρ
3245 4501 3404 4569 φύσις
3435 4503 3496 4555 τὸ
3535 4504 3871 4576 κατάλληλον

634 4586 778 4648 agat.
812 4557 949 4632 Nam
977 4557 1036 4634 ut
1065 4582 1208 4650 ignis
1238 4557 1507 4649 accendit,
1557 4592 1610 4639 et
1657 4585 1750 4638 nix
1800 4583 2106 4653 refrigerat,
2144 4587 2198 4636 et

2301 4585 2369 4653 τῇ
2395 4557 2512 4655 ’ἰδία
2538 4557 2780 4656 δυνάμει.
2797 4557 3010 4652 πάντως
3039 4557 3345 4658 ἐργάζεται.
3386 4557 3476 4656 ἱΩς
3505 4594 3612 4665 γὰρ
3639 4557 3786 4648 καίειι

633 4669 737 4722 mel
765 4668 947 4722 dulcia
976 4670 1170 4735 reddit,
1225 4673 1298 4726 ita
1329 4675 1411 4728 sal
1453 4674 1714 4730 exsiccat.
1753 4674 2022 4742 Quocirca
2071 4687 2197 4728 cum

633 4757 840 4826 passim
873 4771 970 4826 per
1013 4759 1198 4812 omnia
1243 4761 1417 4814 maria
1465 4763 1595 4817 salis
1627 4765 1960 4819 exsiccativa
1999 4773 2196 4818 natura

634 4843 706 4899 sit
739 4843 1055 4911 distributa,
1085 4847 1166 4900 sic
1199 4846 1264 4900 ad
1299 4847 1514 4902 facilem
1543 4864 1804 4919 vaporum
1832 4853 2193 4923 digestionem

633 4933 1226 5002 prospiciente-divina
1265 4936 1570 5005 sapientia;
1608 4953 1800 4993 omnes
1828 4943 1974 4996 enim
2009 4952 2196 5011 partes

634 5039 790 5093 aquae
815 5032 1009 5081 tenues
1048 5027 1131 5081 sal
1164 5028 1566 5096 quodammodo
1594 5030 1857 5094 excludit,
1903 5042 2067 5102 atque
2105 5050 2200 5088 ex-

636 5113 791 5182 pellit
815 5128 846 5168 e
884 5117 1041 5182 mari,
1065 5118 1267 5190 quippe
1293 5119 1439 5188 quod
1465 5120 1779 5175 dominetur
1809 5122 2032 5177 humido
2066 5139 2199 5193 pro-

636 5212 755 5274 pter
803 5204 1021 5260 insitam
1082 5217 1292 5264 natura:
1353 5209 1654 5266 siccitatem
1686 5230 1700 5268 :
1733 5227 1846 5266 non
1899 5213 2196 5268 absurdum

633 5303 722 5350 est
777 5295 1114 5366 existimare,
1153 5299 1492 5369 mquabiliter
1529 5302 1769 5372 undique
1815 5302 2196 5361 humiditatem

635 5385 910 5452 consumi,
937 5402 1088 5443 mare
1117 5404 1214 5460 per
1233 5404 1462 5458 vapores
1481 5391 1846 5449 exbaurientc
1875 5408 2019 5449 aere.
2036 5393 2195 5460 Quod

636 5483 819 5531 autem
848 5475 1028 5532 omnis
1049 5491 1244 5534 aereus
1283 5478 1482 5534 humor
1506 5479 1560 5535 in
1591 5481 1834 5537 nubibus
1876 5480 1992 5550 liat,
2031 5491 2196 5560 atque

707 5654 787 5728 (α)
811 5655 1082 5738 interpres
1115 5656 1266 5730 legit,
1298 5658 1666 5730 ὑπερκαίοιτο.
1694 5657 1846 5715 Eutr.

2306 4674 2438 4744 πῦρ,
2470 4677 2565 4729 καὶ
2593 4678 2626 4747 ἡ
2670 4677 2802 4748 χιὼν
2825 4679 3007 4750 ψύχει,
3038 4683 3129 4736 καὶ
3157 4683 3433 4750 γλυκαίνει
3458 4685 3518 4737 τὸ
3553 4686 3696 4755 μέλι,
3727 4687 3873 4741 οὓτω

2305 4764 2398 4816 καὶ
2437 4765 2488 4817 oi
2536 4765 2662 4831 ἅλες
2709 4766 3072 4839 ξηραίνουσιν.
3113 4771 3319 4824 Οὐκοῦν
3362 4773 3546 4846 ἐπειδὴ
3593 4776 3870 4845 πανταχοῦ

2305 4856 2416 4917 τοῖς
2444 4855 2732 4925 πελάγεσιν
2759 4860 2791 4929 ή
2824 4859 3117 4932 ξηραντικὴ
3149 4863 3254 4918 τῶν
3281 4863 3420 4918 ἀλῶν
3452 4867 3871 4936 συγκαταμέμι-

2305 4964 2429 5000 κται
2457 4948 2634 5018 φύσις,
2666 4951 2822 5005 τοῦτο
2850 4953 2982 5024 πρὸς
3009 4954 3254 5008 εὐκολίαν
3277 4956 3374 5025 τῆς
3401 4957 3510 5010 τῶν
3533 4958 3724 5028 ἀτμῶν
3746 4960 3872 5013 ἀνα-

2303 5039 2500 5103 δόσεως
2525 5041 2623 5110 τῆς
2656 5041 2806 5106 θείας
2835 5046 3023 5112 σοφίας
3048 5047 3436 5120 προειδομένης
3462 5055 3479 5118 (
3501 5049 3738 5103 ἐκθλίϐει
3763 5052 3872 5122 γάρ

2306 5146 2423 5191 πως
2455 5131 2546 5182 καὶ
2575 5130 2848 5197 ἐξωθεῖται
2874 5133 2970 5202 τῆς
2999 5132 3271 5203 θαλάσσης
3307 5139 3414 5189 πᾶν
3445 5137 3504 5190 τὸ
3541 5137 3872 5206 λεπτομερὲς

2309 5217 2401 5270 τοῦ
2445 5217 2634 5283 ὓδατος
2675 5221 2708 5291 ἡ
2751 5220 2930 5291 ἀλμη,
2977 5221 3066 5275 διά
3107 5223 3205 5293 τῆς
3237 5224 3562 5296 ἐγκειμένης
3606 5228 3672 5295 τῇ
3711 5224 3873 5294 φύσει

2305 5305 2599 5380 ξηρότητος
2647 5310 2787 5363 κατά
2828 5309 2921 5364 τοῦ
2971 5313 3138 5383 ὑγροῦ
3193 5314 3664 5386 δυναστεύουσαν
3715 5315 3872 5368 οὑδέν

2304 5397 2408 5463 ἐξω
2453 5400 2547 5455 τοῦ
2599 5401 2806 5464 είκότος
2855 5403 3002 5456 ἐστὶν
3047 5404 3240 5475 ἐπίσης
3281 5406 3487 5460 οἴεσθαι
3537 5405 3871 5475 πανταχόθεν

2306 5489 2548 5559 γίνεσθαι
2575 5491 2651 5565 τῷ
2679 5491 2830 5569 ὑγρῷ
2869 5493 2965 5568 τὴν
2996 5494 3261 5570 δαπάνην.
3294 5498 3388 5555 τεοῦ
3437 5498 3596 5569 ἀέρος
3636 5497 3722 5558 διὰ
3759 5498 3872 5554 τῶν
