4106 6208
286 199 397 261 {Gl

1497 207 1564 266 IN
1602 209 2076 272 HEXAEMEBON
2113 208 2336 268 LIBER.

3459 219 3566 279 102

292 322 502 394 ἀτμῶν
543 317 849 392 ἀρυομένου
883 319 981 392 τὴν
1016 320 1313 380 θάλασσαν.
1361 324 1520 380 Ἀλλά
1557 328 1663 400 μὴν
1693 330 1754 383 τὸ
1787 330 1889 385 πᾶ-

1996 329 2120 386 inde
2149 330 2344 402 pluviae
2390 329 2447 385 in
2499 334 2700 387 terram
2745 330 3020 398 decidant,
3071 340 3126 389 et
3155 348 3258 390 nos
3309 338 3566 407 superius

296 433 410 468 σαν
452 414 553 486 τὴν
587 414 829 483 ἐναέριον
876 413 1080 483 ἰκμάδα
1115 414 1275 482 νέφος
1313 415 1596 484 γίνεσθαι,
1637 420 1891 476 κάκεῖθεν

295 507 556 576 ἐπιρρεῖν
592 505 720 568 τοὺς
767 503 1013 576 ὄμϐρους
1048 507 1114 576 τῇ
1156 508 1249 576 γῇ.
1290 506 1319 560 δ
1356 525 1417 560 τε
1467 509 1753 578 προλαϐὼν
1789 513 1894 566 άπ-

290 597 476 659 ιδειξε
506 594 702 663 λόγος,
745 596 841 648 καὶ
871 597 905 665 ἡ
948 596 1254 667 προφητεία
1289 597 1531 652 διδάσκει
1566 599 1643 670 τῷ
1681 601 1800 672 Θεῷ
1832 602 1891 654 τὺ

288 687 540 744 τοιοῦτον
563 687 725 758 ἔργον
745 687 1083 752 ἀνατιθεῖσα,
1103 688 1161 739 ἐν
1180 681 1262 749 οἷς
1278 704 1462 757 φησιν,
1484 688 1565 740 ὅτι
1597 707 1615 738 ‹
1639 685 1702 742 '0
1728 706 1893 760 προσ-

292 778 638 847 καλούμενος
671 777 732 830 τὺ
767 775 911 846 ὐδωρ
939 776 1040 846 τῆς
1070 774 1367 847 θαλάσσης,
1397 778 1492 830 καὶ
1524 778 1728 848 ἐκχέων
1760 778 1890 830 αὐτὸ

293 869 443 922 κατά
491 868 784 938 πρόσωπον
831 868 932 936 τῆς
982 867 1112 936 γῆς,
1153 883 1175 920 ι
1221 868 1317 921 καὶ
1364 868 1499 922 ἄλλα
1546 868 1735 923 πολλά.
1781 871 1891 923 Καὶ

289 960 359 1013 τὸ
397 959 733 1024 ἐξοπτᾶσθαι
769 958 950 1011 πάντα
987 957 1057 1011 τά
1095 959 1228 1030 νέφη
1257 962 1320 1012 ἐκ
1351 959 1450 1028 τῆς
1487 960 1891 1032 ὑπερκειμένης

295 1052 665 1124 θερμότητος,
695 1051 791 1104 καὶ
818 1053 897 1114 είς
920 1050 981 1103 τὸ
1010 1050 1272 1113 παντελὲς
1301 1052 1765 1119 καταφρύγεσθαι,
1796 1052 1890 1105 καὶ

293 1143 458 1195 τοῦτο
490 1142 580 1195 διὰ
625 1145 726 1211 τῆς
759 1142 1041 1210 ἐνεργείας
1082 1142 1381 1211 ἐμάθομεν.
1419 1143 1678 1196 Λείπεται
1711 1142 1889 1196 τοίνυν

297 1236 381 1306 μὴ
415 1233 802 1305 παραδραμεῖν
839 1233 938 1304 τὴν
968 1233 1278 1295 ἀκολούθως
1306 1233 1725 1288 ἀνακύπτουσαν
1759 1237 1888 1306 ἡμῖν

295 1329 367 1380 ἐκ
390 1327 503 1379 τῶν
528 1325 839 1396 εἰρημένων
864 1323 1153 1378 ἀντίθεσιν.
1204 1326 1351 1396 Ἐρεῖ
1372 1325 1480 1395 γάρ
1505 1344 1588 1388 τις
1617 1329 1728 1389 τοῖς
1762 1343 1891 1395 προ-

296 1416 698 1490 εῇτασμένοις
730 1415 998 1484 ἑπόμενος
1018 1453 1031 1477 ,
1063 1416 1144 1468 ὅτι
1178 1415 1336 1468 Κατὰ
1366 1415 1425 1468 τὸ
1451 1416 1542 1468 ἐπὶ
1575 1415 1668 1468 τοῦ
1707 1417 1887 1470 ἐλαίου

296 1509 609 1578 ὑπόδειγμα
646 1506 1072 1577 μεμαθήκαμεν,
1103 1505 1164 1558 τὸ
1190 1507 1285 1576 μὲν
1319 1505 1500 1558 ὑλικὸν
1533 1507 1627 1559 τοῦ
1666 1507 1880 1560 ὑποκειε

294 1598 470 1671 μένου
505 1599 601 1651 καὶ
629 1597 767 1668 μετά
800 1596 899 1668 τὴν
926 1595 1216 1665 ἐξόπτησιν
1253 1597 1326 1666 μῆ
1369 1596 1731 1663 ἀπόλλυσθαι,
1772 1597 1887 1650 ἀλλ’

1991 419 2358 487 ostendimus,
2383 430 2438 477 et
2471 423 2753 491 prephetia
2787 438 2924 494 opus
2955 425 3228 494 ejusmodi
3255 425 3368 481 Deo
3395 429 3566 484 tribui

1993 512 2155 568 docet
2191 513 2277 568 his
2310 513 2511 577 verbis,
2554 514 2746 570 dicens
2783 533 2796 569 :
2840 534 2858 566 ι
2884 514 2988 581 Qui
3026 524 3188 571 vocat
3217 531 3413 588 aquam
3445 534 3567 573 ma-

1992 604 2089 668 ris,
2123 610 2178 659 et
2209 604 2389 660 fundit
2424 620 2540 660 eam
2579 621 2746 677 super
2779 606 2974 663 faciem
2999 608 3240 664 terrae".
3268 627 3286 660 ι
3338 609 3406 662 Et
3435 625 3560 664 cum

1991 695 2098 748 alia
2133 697 2327 762 multa,
2373 707 2485 751 tum
2534 698 2708 754 nubes
2743 713 2771 751 a
2816 698 3102 767 superiore
3147 699 3427 754 caliditate
3466 715 3561 754 ac-

1992 785 2174 850 oendi,
2207 793 2262 840 et
2308 785 2525 856 penitus
2549 787 2812 842 exsiccari
2849 788 3031 856 reipsa
3055 787 3565 855 didicimus.Quare

1991 888 2101 927 non
2149 883 2234 930 est
2305 877 2681 945 praetereunda
2732 877 2983 946 quzestio,
3029 892 3151 946 quae
3191 878 3352 933 nobis
3374 893 3441 933 ex
3495 878 3566 933 iis

1991 981 2112 1036 quae
2138 965 2284 1020 dicta
2319 975 2468 1034 sunt,
2502 967 2695 1038 ordine
2739 968 3004 1023 occurrit.
3052 969 3143 1023 Sic
3169 969 3315 1024 enim
3365 969 3566 1038 aliquis

1989 1057 2214 1127 objiciat
2242 1077 2254 1112 :
2289 1057 2365 1112 Ex
2406 1068 2836 1115 commemorato
2871 1060 2976 1114 olei
3007 1061 3256 1130 exemplo
3295 1060 3568 1114 intellexi—

1991 1163 2134 1212 mus,
2176 1150 2460 1203 materiam
2491 1151 2794 1220 subjectam
2848 1151 3014 1206 etiam
3050 1159 3175 1220 post
3223 1152 3565 1207 combustio-

1989 1253 2112 1294 nem
2142 1255 2252 1294 non
2285 1240 2512 1306 aboleri,
2542 1241 2637 1297 sed
2667 1242 2721 1295 in
2748 1256 2925 1297 aerem
2945 1242 3220 1308 secedere,
3247 1241 3567 1312 atqueignis

1988 1331 2040 1384 vi
2080 1331 2131 1383 in
2162 1343 2364 1385 terram
2403 1333 2598 1402 redigi,
2624 1347 2689 1387 eo
2725 1344 3069 1401 consumpto,
3107 1334 3252 1403 quod
3287 1334 3410 1403 ejus
3437 1349 3568 1404 qua-

1996 1421 2135 1474 litati
2163 1421 2504 1476 contrarium
2537 1429 2678 1477 erat.
2725 1423 3090 1488 Quamobrem
3119 1425 3212 1494 qui
3248 1433 3428 1494 potest
3459 1426 3564 1481 hu-

1992 1511 2136 1564 mida
2161 1519 2357 1564 natura
2393 1527 2609 1581 semper
2644 1512 2952 1578 imminuta,
2997 1522 3159 1584 atque
3199 1515 3409 1585 integra
3441 1531 3568 1586 per-

1998 1614 2240 1660 manere,
2278 1614 2402 1653 cum
2447 1614 2708 1668 vaporum
2764 1601 3074 1667 humorem,
3110 1609 3170 1656 ut
3226 1603 3566 1658 declaratum

293 1692 384 1751 εἰς
413 1687 506 1740 τὺν
531 1688 667 1757 ἀέρα
695 1689 1034 1756 μεταχωρεῖν
1061 1686 1148 1738 διὰ
1172 1686 1273 1754 τῆς
1294 1685 1387 1738 τοῦ
1414 1687 1583 1756 πυρὸς
1612 1688 1889 1757 ἐνεργείας

1994 1695 2099 1749 est,
2128 1687 2331 1756 ubique
2366 1688 2618 1744 caliditas
2655 1688 2935 1755 arefaciat,
2963 1701 3017 1746 et
3056 1691 3110 1744 in
3139 1693 3342 1747 siccam
3392 1694 3568 1763 quali-

293 1780 731 1847 ἀπογεούμενον.
759 1777 866 1830 Τοῦ
890 1777 946 1829 δὲ
977 1776 1145 1848 ὑγροῦ
1175 1777 1623 1844 ἐναφανισθέντος
1643 1781 1708 1849 τῇ
1735 1780 1888 1831 ἐναν-

296 1870 402 1941 τίᾳ
434 1868 680 1937 ποιότητι
701 1908 714 1926 ,
743 1868 855 1929 πῶς
883 1866 1034 1918 ἔστιν
1078 1867 1348 1936 ἀμείωτον
1384 1866 1480 1937 τὴν
1515 1868 1684 1935 ὑγράν
1730 1869 1888 1936 φύσιν

302 1961 493 2013 εἰσαεὶ
527 1958 816 2028 διαμένειν,
849 1957 1079 2011 πάντοτε
1127 1958 1225 2025 τῆς
1267 1958 1476 2028 θερμῆς
1519 1959 1705 2020 οὐσίας
1746 1959 1804 2012 τὸ
1833 1961 1888 2012 ἐν

303 2053 435 2113 τοῖς
484 2050 676 2120 ἀτμοῖς
714 2049 869 2120 ὑγρὸν
918 2049 1425 2118 καταφρυττούσης,
1459 2052 1551 2103 καὶ
1597 2053 1676 2112 εἰς
1721 2051 1889 2120 ξηρὰν

302 2140 757 2211 μεταϐαλλούσης
794 2139 1084 2210 ποιότητα,
1133 2139 1315 2203 καθὼς
1356 2143 1388 2212 ἡ
1431 2140 1633 2211 θεωρία
1661 2142 1800 2194 κατά
1831 2141 1890 2193 τὸ

297 2231 598 2287 ἀκόλουθον
637 2231 728 2284 διὰ
765 2231 872 2283 τῶν
907 2231 1289 2301 ἐξητασμένων
1329 2230 1646 2298 ἀπέδειξεν;
1691 2231 1754 2283 El
1798 2226 1890 2284 οὖν

293 2325 652 2395 ἐξατμίζεται
698 2325 798 2394 μὲν
839 2324 900 2375 τὸ
932 2324 1117 2394 ὑγρὸν,
1163 2324 1432 2386 εὐάλωτος
1468 2323 1523 2376 δὲ
1565 2323 1771 2390 γίνεται
1812 2321 1890 2392 τῷ

294 2416 491 2486 θερμῷ
515 2417 548 2486 ὴ
573 2415 826 2485 ὑγρότης.
857 2415 938 2476 εἰς
958 2414 1023 2466 τὰ
1041 2414 1212 2467 λεπτά
1232 2432 1289 2466 τε
1312 2415 1406 2466 καὶ
1427 2413 1604 2483 ἀμερῆ
1629 2413 1892 2482 τμήματα

287 2508 391 2559 διὰ
419 2506 528 2559 τῶν
557 2506 744 2576 ἀτμῶν
775 2505 1100 2576 μερισθεῖσα
1121 2522 1133 2535 ⁸
1174 2505 1390 2574 ἀνάγκη
1421 2505 1591 2565 πᾶσα,
1630 2504 1764 2574 πρὸς
1793 2502 1891 2574 τὴν

296 2599 482 2669 ξηράν
519 2597 778 2666 ποιότητα
806 2595 900 2648 τοὺ
930 2595 1099 2666 ὑγροῦ
1131 2595 1564 2665 μεταϐαίνοντος,
1597 2593 1892 2664 ἀληθέστε-

300 2708 401 2761 ρον
427 2691 638 2741 ἐκεῖνον
673 2688 764 2740 τὸν
809 2687 968 2762 λόγον
1006 2687 1241 2752 οἴεσθαι,
1279 2688 1362 2739 ὅτι
1407 2686 1525 2738 ἐστί
1569 2703 1652 2748 τις
1686 2684 1891 2737 ὑδάτων

295 2779 632 2851 περιουσία,
675 2781 708 2848 ἡ
741 2779 826 2831 ἀεὶ
856 2777 1244 2848 ἀναπληροῦσα
1281 2777 1341 2830 τὸ
1371 2779 1435 2830 ἐκ
1472 2775 1567 2828 τοῦ
1603 2776 1770 2846 πυρὸς
1801 2775 1893 2827 δα-

295 2870 665 2940 πανώμενον.
707 2871 869 2932 Ἴσως
912 2867 956 2920 δ’
1002 2868 1066 2920 ἄν
1101 2885 1223 2920 τινα
1263 2868 1357 2920 καὶ
1403 2865 1708 2937 μαρτυρίαν
1756 2865 1895 2934 πρὸς

294 2963 402 3032 τῆν
460 2958 717 3029 τοιαύτην
765 2957 1034 3028 ὑπόληψιν
1070 2957 1178 3010 ἀπὸ
1232 2959 1332 3026 τῆς
1371 2957 1597 3026 Γραφῆς
1651 2953 1894 3024 παραλά-

1993 1785 2155 1832 tatem
2182 1778 2504 1833 convertat?
2563 1779 2695 1841 Cur,
2758 1794 2880 1833 cum
2940 1780 3223 1834 humidum
3262 1781 3565 1846 exhaletur,

1989 1877 2043 1923 et
2067 1869 2246 1923 calido
2273 1877 2382 1923 tam
2416 1870 2486 1924 sit
2515 1870 2834 1933 obnoxium,
2866 1880 2925 1925 ut
2955 1872 3010 1925 in
3041 1873 3248 1937 tenuia,
3281 1881 3448 1944 atque
3481 1874 3566 1928 in-

1991 1958 2212 2012 dividua
2255 1959 2586 2028 corpuscula
2623 1975 2718 2029 per
2753 1975 2984 2029 vapores
3010 1961 3308 2017 dissectum
3349 1964 3405 2018 in
3455 1964 3568 2019 ari-

1989 2047 2113 2101 dam
2142 2050 2464 2118 qualitatem
2495 2053 2560 2104 ab
2589 2065 2655 2105 eo
2693 2066 2921 2107 necesse
2951 2053 3022 2107 sit
3060 2055 3409 2122 commutari,
3455 2072 3567 2111 non

1979 2155 2052 2221 ea
2112 2140 2295 2194 verior
2353 2140 2699 2196 existimetur
2766 2143 2972 2210 opinio,
3019 2158 3141 2212 qua:
3197 2145 3395 2198 asserit
3445 2159 3568 2201 esse

1991 2229 2283 2300 quamdam
2321 2245 2587 2299 aquarum
2619 2232 2856 2301 copiam,
2906 2247 3012 2302 qua
3039 2248 3255 2303 semper
3289 2234 3568 2292 instaure-

1990 2329 2102 2384 tnr,
2131 2330 2185 2375 et
2207 2320 2507 2376 suﬁiciatur
2544 2323 2595 2377 id
2627 2324 2773 2394 quod
2808 2325 2877 2378 ab
2911 2325 3032 2395 igne
3063 2336 3453 2396 consumptum
3500 2341 3566 2382 ac

1990 2410 2333 2481 deperditum
2387 2414 2511 2468 est?
2557 2415 2856 2484 praesertim
2901 2432 3024 2470 cum
3066 2415 3363 2486 Scriptum
3411 2418 3570 2472 testi-

1990 2503 2177 2557 monio
2199 2503 2508 2558 conﬁrmari
2543 2506 2741 2574 possit,
2780 2522 2902 2576 qua:
2930 2507 3095 2561 tradit
3127 2496 3344 2578 apertas
3393 2507 3570 2565 fuisse

1991 2599 2296 2646 cataractas
2351 2593 2559 2657 cmli",
2624 2608 2746 2647 cum
2825 2595 2984 2662 aquis
3038 2595 3324 2650 altissimis
3376 2609 3569 2650 omnes

1994 2682 2256 2734 montium
2306 2683 2539 2737 vertices
2591 2683 2977 2752 superantibus
3025 2683 3302 2752 submergi
3361 2691 3568 2738 terram

1993 2780 2289 2842 oporteret.
2325 2772 2435 2827 Hoc
2467 2789 2565 2841 ego
2603 2773 2902 2843 Scriptura:
2953 2773 3328 2828 testimonium
3379 2775 3562 2830 dicam

1994 2864 2100 2918 alio
2156 2864 2402 2932 ejusdem
2456 2865 2753 2933 Scriptura:
2793 2865 3103 2920 testimonio
3151 2865 3322 2922 refelli
3376 2881 3564 2936 posse.

1997 2953 2147 3007 Solet
2178 2954 2324 3007 enim
2373 2952 2560 3006 divina
2613 2952 2893 3024 Scriptura
2933 2969 2963 3008 a
2997 2955 3219 3023 propria
3269 2955 3566 3024 verborum

296 3056 426 3106 ὕοι·
479 3051 543 3104 τὸ
595 3049 879 3119 ἀνοιγῆναι
939 3049 1067 3112 τοὺς
1135 3049 1522 3120 καταρράκτας
1580 3045 1672 3099 τοῦ
1734 3047 1889 3115 οὐραυ

1999 3045 2397 3115 signiﬁcatione
2449 3043 2723 3099 recedere.

293 3145 435 3208 νοῦ,
487 3143 574 3195 ὅτε
633 3139 964 3210 ὑποϐρύχιον
1014 3139 1118 3192 ἔδει
1172 3138 1425 3206 γενέσθαι
1474 3138 1572 3207 τὴν
1611 3138 1742 3207 γῆν,
1784 3136 1963 3205 πάσης
2020 3135 2162 3206 ὀρῶν
2217 3135 2461 3206 κορυφῆς
2546 3136 2641 3189 ἐπὶ
2668 3135 2920 3189 πλεῖστον
2955 3135 3152 3206 βάθους
3210 3136 3570 3209 ὑπερέχοντος

296 3232 402 3287 τού
434 3232 646 3294 ὓδατος.
681 3229 822 3281 Ἀλλ’
853 3228 962 3297 ἐγὼ
991 3228 1086 3298 τὴν
1119 3228 1217 3297 μὲν
1247 3228 1522 3298 γραφικὴν
1553 3224 1823 3279 ἀντίθεσιν
1854 3241 1994 3294 φημι
2033 3223 2255 3278 δυνατὸν
2283 3218 2421 3279 εἶναι
2444 3224 2534 3278 διὰ
2567 3225 2787 3300 Γραφῆς
2818 3225 3011 3295 ἐτέρας
3045 3227 3567 3298 παραμυθήσασθαι·

297 3321 429 3378 οῖδα
472 3323 579 3392 γὰρ
604 3322 702 3392 τὴν
737 3320 1075 3390 κατάχρησιν
1106 3318 1215 3370 τῶν
1249 3318 1407 3372 θείων
1443 3318 1702 3388 ῥημάτων
1737 3316 1827 3368 ἐπὶ
1856 3314 1956 3384 τῆς
1981 3317 2253 3386 γραφικῆς
2279 3316 2584 3385 συνηθείας.

379 3417 448 3470 Τί
515 3418 770 3486 σημαίνει
828 3414 917 3467 διὰ
978 3413 1071 3466 τοῦ
1122 3412 1350 3477 ἀνοῖξαι,
1410 3415 1504 3466 καὶ
1558 3413 1610 3466 τί
1661 3413 1750 3467 διὰ
1802 3410 1894 3466 τοῦ

299 3509 527 3562 κλεῖσαι
584 3507 940 3571 ἐνδείκνυταις
982 3505 1150 3575 Δῆλον
1183 3505 1290 3575 γὰρ
1338 3506 1420 3557 ὅτι
1470 3505 1532 3558 τὸ
1587 3504 1896 3574 κλειόμενον

298 3598 632 3665 ἀνοίγεται,
659 3597 834 3649 καὶτὸ
867 3595 1218 3666 ἀνοιγόμενον
1265 3595 1528 3648 κλείεται.
1582 3595 1734 3648 Ἐπεὶ
1777 3590 1892 3659 οὖν,

295 3688 496 3758 ἀτμοῦ
556 3703 684 3738 ποτε
740 3688 876 3740 κατά
933 3687 1058 3750 τοὺς
1115 3686 1342 3756 χρόνους
1410 3685 1587 3738 Ἡλίου
1661 3687 1894 3756 ἐπικρα-

294 3779 554 3840 τοῦντος,
578 3777 717 3830 οὕτω
737 3779 895 3848 φησὶν
918 3778 950 3847 ὴ
977 3775 1186 3848 Γραφὴ,
1213 3777 1294 3829 ὅτι
1327 3796 1341 3827 ι
1371 3775 1652 3846 Ἐκλείσθη
1669 3778 1695 3828 ὁ
1723 3777 1890 3845 οὐρα-

300 3869 400 3931 νὸς
428 3870 521 3921 ἐπὶ
555 3867 648 3938 ἐτη
680 3869 806 3938 τρία
837 3869 930 3921 καὶ
961 3869 1134 3938 μῆνας
1167 3867 1244 3931 ἐξ·
1280 3887 1296 3917 ι
1325 3866 1480 3920 τοῦτο
1507 3863 1655 3936 οἶμαι
1679 3866 1770 3918 τοῦ
1793 3866 1884 3918 οὐ·

299 3956 475 4032 ρανοῦ
517 3957 644 4021 τούς
680 3959 1064 4030 καταρράκτας
1090 3956 1358 4028 ὴνεῷχθαι
1395 3955 1488 4008 τὸν
1524 3956 1619 4025 τῆς
1663 3956 1886 4027 Γραφῆς

299 4051 463 4117 λόγον
491 4051 689 4117 λέγειν,
723 4049 799 4112 ὠς
829 4049 1082 4119 ἐκλείσθη
1110 4051 1165 4101 ἐν
1192 4048 1270 4118 τῷ
1304 4048 1404 4118 τῆς
1433 4045 1732 4118 ἀνομϐρίας
1760 4064 1881 4100 και-

301 4143 407 4214 ρῷ.
454 4143 616 4196 Ἀλλὰ
653 4142 762 4212 μὴν
801 4141 921 4194 τότε
954 4141 1039 4194 διὰ
1078 4138 1177 4211 τῆς
1211 4140 1516 4210 προσευχῆς
1545 4137 1638 4192 τοῦ
1681 4127 1883 4204 Ἠλίου,

300 4235 464 4301 νέφος
486 4235 550 4287 ἐκ
578 4233 680 4302 τῆς
709 4232 980 4303 θαλάσσης
1011 4232 1301 4301 ἀναφανέν,
1335 4231 1425 4283 τὸν
1454 4230 1678 4302 οὐρανὸν
1704 4231 1885 4294 αὐτοῖς

300 4323 395 4376 διὰ
427 4325 528 4393 τῆς
568 4324 876 4394 ἐπομϐρίας
904 4323 1133 4394 ῆνοιξεν.
1173 4323 1316 4392 Ἀρα
1343 4319 1530 4390 σαφῶς
1564 4320 1886 4373 ἀποδείκνυ-

2070 3409 2210 3475 Quid
2247 3410 2411 3479 igitur
2451 3425 2548 3480 per
2571 3410 2786 3480 aperire
2821 3418 2873 3465 et
2928 3411 3186 3466 claudere
3241 3412 3371 3467 velit
3413 3412 3572 3468 intel-

2000 3499 2093 3568 ligi
2149 3500 2581 3556 consideremus.
2635 3499 2708 3554 Ea
2756 3501 3014 3556 nimirum
3049 3503 3393 3572 aperiuntur,
3447 3519 3572 3573 quae

1997 3591 2185 3645 clausa
2224 3602 2370 3657 sunt,
2394 3599 2445 3645 et
2480 3606 2601 3660 qum
2622 3600 2751 3646 sunt
2778 3602 2984 3660 aperta,
3015 3590 3369 3646 clauduntur.
3405 3593 3571 3648 Tem-

1997 3681 2231 3750 poribus
2263 3681 2428 3752 igitur
2462 3679 2593 3735 Eliae
2622 3697 2744 3734 cum
2778 3681 2904 3734 olim
2938 3696 3132 3752 magna
3155 3682 3377 3737 siccitas
3401 3690 3570 3751 esset,

1996 3787 2059 3826 ea
2103 3788 2191 3827 res
2252 3773 2307 3826 in
2364 3771 2648 3842 Scriptura
2701 3772 2854 3827 hisce
2907 3774 3087 3827 verbis
3134 3780 3219 3828 est
3258 3772 3566 3842 explicata:

2000 3883 2018 3917 ι
2048 3864 2310 3920 Clausum
2349 3872 2434 3919 est
2484 3865 2684 3918 coelum
2741 3865 2904 3919 annis
2935 3864 3132 3928 tribus,
3181 3870 3238 3919 et
3282 3864 3569 3921 mensibus

1995 3973 2092 4013 sex
2115 3959 2183 4012 ³ο.
2218 3977 2235 4008 ι
2265 3955 2446 4023 Quare
2467 3971 2530 4010 ea
2567 3953 2862 4026 Scriptura:
2889 3955 3158 4017 oratione,
3177 3970 3285 4024 qua
3308 3955 3571 4011 dicuntur

1994 4059 2196 4118 apertae
2233 4056 2524 4102 cataractae
2566 4036 2715 4111 caeli,
2768 4047 3068 4118 signiﬁcari
3105 4048 3344 4101 arbitror
3386 4047 3566 4116 ipsum

1992 4139 2194 4193 caelum
2229 4138 2402 4194 fuisse
2430 4139 2676 4193 clausum
2707 4148 2950 4206 tempore
2987 4139 3272 4193 siccitatis.
3299 4137 3422 4202 Quo
3441 4139 3569 4207 qui-

1994 4230 2118 4286 dem
2152 4238 2400 4302 tempore
2423 4245 2547 4284 cum
2564 4229 2818 4299 precibus
2840 4227 2971 4280 Elia:
3002 4228 3174 4282 nubes
3204 4243 3235 4282 e
3261 4230 3400 4282 mari
3432 4228 3569 4285 sub-

1994 4322 2140 4387 lata,
2187 4323 2369 4393 pluvia
2408 4321 2646 4376 demissa
2701 4320 2901 4373 caelum
2959 4319 3266 4387 aperuerit,
3325 4328 3568 4388 constat,

299 4432 398 4468 ται
425 4415 512 4468 διὰ
556 4413 785 4479 τούτων,
818 4414 879 4467 τὸ
916 4413 1048 4485 μηδὲ
1086 4413 1207 4466 τότε
1237 4413 1296 4466 τὸ
1335 4411 1620 4484 στερέωμα
1661 4410 1757 4464 τοῦ
1795 4410 1886 4463 οὐ-

1997 4429 2066 4470 ne
2094 4423 2225 4468 tunc
2242 4414 2462 4484 quidem
2490 4411 2836 4466 ﬁrmamento
2865 4411 2988 4465 cmli
3017 4410 3292 4480 disrupto,
3316 4428 3384 4468 ex
3411 4415 3568 4481 aquis

303 4506 474 4578 ρανοῦ
523 4505 853 4576 δωσχισθέν,
909 4507 973 4559 ἐκ
1029 4503 1137 4557 τῶν
1186 4502 1544 4574 ὑπερκεῖσθαι
1583 4501 1891 4572 λεγομένων

301 4598 519 4651 ὑδάτων
543 4596 886 4669 καταρῤῆξαι
923 4596 1014 4649 τὸν
1051 4594 1278 4666 ὄμϐρον,
1309 4592 1426 4648 ἀλλ’
1457 4593 1683 4665 οὐρανὸν
1711 4592 1888 4660 λέγει,

297 4687 401 4741 τὸν
453 4686 731 4755 περίγειον
772 4686 945 4757 ἀέρα,
987 4687 1077 4738 τὸν
1120 4683 1371 4755 ὁρίζοντα
1407 4687 1520 4748 τοῖς
1553 4684 1746 4755 ἀτμοῖς
1790 4681 1890 4754 τὴν

300 4779 528 4841 στάσιν,
562 4777 696 4846 ὅπερ
720 4779 832 4830 ἐστί
861 4779 957 4848 τῆς
979 4775 1489 4848 λεπτομερεστάτης
1515 4775 1609 4828 τοῦ
1634 4777 1892 4846 ὑπερκει-

304 4870 480 4940 μένου
528 4869 655 4939 ὄρος
685 4869 915 4938 φύσεως·
951 4869 1066 4940 μεθ’
1098 4869 1157 4921 ὃν
1178 4869 1434 4939 οὐδεμίαν
1483 4867 1710 4938 δύναμιν
1753 4866 1891 4937 πρὸς

299 4964 406 5031 τὴν
434 4960 626 5016 ἄνοδον
656 4961 768 5031 ἔχει
807 4961 915 5014 τῶν
950 4959 1390 5031 ἐμδριθεστέρων
1421 4958 1596 5022 οὐδὲν,
1625 4957 1686 5011 οὑ
1708 4957 1889 5026 νέφος,

303 5054 365 5105 οὐ
402 5051 645 5124 πνεῦμα,
680 5054 780 5106 οὐκ
813 5052 1006 5123 ἀτμὸς,
1039 5053 1139 5106 οὐκ
1171 5050 1564 5122 ἀναθυμίασις,
1585 5050 1682 5120 οὐχ
1711 5051 1745 5120 ἠ
1783 5047 1891 5102 τῶν

305 5144 529 5214 πτηνῶν
580 5143 765 5214 φύσις,
821 5145 896 5198 Τὸ
943 5140 1036 5198 οὗν
1081 5144 1224 5216 ὑπὲρ
1282 5141 1525 5213 κεφαλῆς
1563 5139 1806 5211 συνήθως
1854 5140 1888 5210 ἠ

305 5234 501 5307 Γραφὴ
515 5235 747 5307 οὐρανὸν
764 5235 930 5304 λέγει.
956 5256 974 5288 ι
999 5234 1229 5309 οὐρανοῦ
1246 5235 1466 5290 πετεινά
1490 5254 1508 5286 ι
1532 5231 1892 5301 λέγουσα,τδν

307 5324 444 5394 ἀέρα
467 5325 664 5379 τοῦτον
689 5326 1073 5398 διαπετόμενα.
1115 5326 1254 5380 Ἀλλ’
1292 5327 1341 5378 εί
1374 5327 1467 5381 καὶ
1493 5324 1664 5378 ταῦτα
1703 5321 1889 5376 τοῦτον

309 5413 423 5487 εχει
453 5416 549 5472 νὺν
597 5420 820 5493 τρόπον,
847 5419 1003 5476 οὕτω
1053 5420 1114 5476 τὸ
1160 5420 1346 5494 ἕτερον
1373 5423 1402 5474 ὁ
1436 5421 1590 5490 λόγος
1620 5421 1752 5490 ἡμῖν
1782 5417 1886 5471 ὑπ-

381 5596 634 5654 ”Διως.
675 5615 730 5668 v,
763 5601 816 5657 8.
891 5603 935 5637 "
969 5602 1103 5661 Gen.
1136 5617 1234 5672 vn,
1256 5599 1315 5655 ll
1356 5614 1476 5674 sqq.
1554 5598 1598 5631 '°
1632 5595 1695 5652 ΙΙΙ
1729 5593 1862 5666 “98-

1992 5611 2025 5661 I,
2063 5594 2128 5662 9;
2162 5593 2295 5649 Luc.
2323 5609 2396 5660 Iv,
2424 5593 2516 5648 25.

1993 4520 2117 4575 quae
2150 4519 2314 4575 super
2350 4503 2442 4558 illo
2472 4503 2734 4557 dicuntur
2781 4518 2926 4568 esse,
2967 4505 3197 4559 imbrem
3251 4504 3567 4572 deﬂuxisse,

1994 4596 2090 4651 sed
2121 4597 2320 4650 caelum
2351 4593 2612 4663 appellari
2658 4608 2864 4658 aerem,
2926 4597 3020 4663 qui
3066 4603 3271 4649 terram
3321 4595 3570 4650 ambiens

1992 4686 2290 4756 vaporibus
2341 4685 2635 4740 terminum
2694 4685 2996 4750 constituit,
3043 4701 3151 4756 quo
3205 4700 3236 4738 a
3286 4686 3571 4742 subtiliore

1994 4785 2194 4834 natura
2243 4777 2334 4830 illa
2374 4777 2658 4846 superiore
2694 4777 3075 4847 sejungantur,
3115 4777 3257 4830 ultra
3279 4792 3441 4846 quem
3492 4777 3571 4831 ni-

1995 4869 2070 4924 hil
2109 4883 2298 4922 eorum
2324 4883 2443 4939 qua:
2470 4869 2720 4938 graviora
2751 4877 2902 4932 sunt,
2933 4875 3114 4938 potest
3160 4868 3426 4937 aspirare,
3455 4883 3569 4924 non

1993 4961 2191 5023 nubes,
2223 4975 2333 5015 non
2360 4969 2580 5024 ventus,
2628 4975 2739 5014 non
2769 4949 2960 5028 vapor,
3003 4974 3112 5013 non
3137 4959 3434 5023 exhalatio,
3457 4974 3572 5019 non

1994 5052 2128 5123 ipsa:
2157 5051 2426 5108 volucres.
2481 5051 2637 5118 Quod
2670 5062 2850 5106 autem
2891 5067 2986 5106 aer
3037 5051 3125 5105 hic
3177 5050 3453 5119 capitibus
3477 5066 3574 5104 no-

1993 5146 2126 5200 stris
2152 5145 2472 5214 impendens
2506 5144 2706 5200 caelum
2742 5145 2796 5198 in
2821 5143 3108 5213 Scriptura
3139 5148 3389 5206 vocetur,
3408 5139 3574 5198 facile

1995 5236 2366 5308 intelligimus,
2395 5236 2524 5290 dum
2554 5238 2607 5289 in
2637 5250 2698 5290 ea
2719 5235 2973 5305 legimus,
2996 5252 3015 5285 ι
3045 5231 3285 5288 volatilia
3316 5231 3568 5287 οω1ἰ⁸¹.›

1995 5327 2190 5382 Aerem
2219 5327 2361 5380 enim
2387 5340 2483 5396 per
2507 5341 2570 5382 ea
2592 5340 2713 5395 qua:
2741 5324 2798 5379 in
2831 5324 2952 5394 ipso
2977 5323 3186 5388 volant,
3227 5322 3427 5378 calum
3457 5318 3570 5376 dici

1993 5417 2398 5490 cognoscimus.
2426 5417 2694 5473 Caeterum
2717 5416 2843 5472 licet
2855 5415 2971 5472 haec
2987 5414 3063 5470 ita
3072 5429 3134 5472 se
3158 5412 3414 5480 habeant,
3431 5421 3570 5466 non-

2594 5593 2634 5626 "
2663 5590 2800 5648 Gen.
2843 5607 2882 5660 ι,
2918 5585 3032 5655 S6;
3068 5587 3256 5648 Matth.
3293 5601 3373 5660 τι,
3407 5581 3504 5642 36.
