4106 6208
621 304 728 365 103

1861 301 1916 356 S.
1951 299 2281 358 GREGORII
2313 302 2602 361 NYSSENI

3782 311 3897 366 1οι

619 422 748 478 dum
784 417 1053 490 inplicata
1076 417 1285 474 esLilla
1312 419 1562 489 qutestio,
1611 418 1886 489 quomodo
1922 435 2186 491 vaporum

2296 424 2540 489 ελύσατο,
2575 423 2748 494 πῶςὴ
2787 425 2865 487 εἰς
2893 423 2950 476 τὸ
2980 422 3142 494 ξηρὸν
3174 422 3280 476 τῶν
3313 423 3504 504 ἀτμῶν
3529 427 3895 499 μεταποίησις

618 514 677 568 in
701 511 909 567 siccum
940 511 1296 564 commutatio
1332 511 1610 565 humidum
1633 510 1687 564 vi
1739 519 1948 564 naturae
2001 512 2193 566 calidae

519 599 522 604 ’
587 610 1006 682 ⁸(Ὀιιειιιιιριιιηι
1043 619 1152 656 non
1189 603 1669 659 imminuat.Aliud
1701 610 1964 672 praeterea
1994 603 2191 658 ordine

619 695 876 764 sequitur
925 694 1313 763 inquirendum
1344 732 1359 758 ,
1413 694 1561 764 quod
1605 694 1950 748 accuratiore
2006 693 2193 748 studio

618 785 944 854 indagantes
962 784 1108 838 forte
1136 799 1560 854 consequemur.
1594 784 1809 839 Audisti
1844 784 2192 854 prophetiam

616 875 818 930 divinae
886 875 1179 944 potestatis
1235 875 1673 945 magnitudinem
1717 890 1783 929 ex
1834 875 1905 930 iis
1957 890 2080 944 quae
2132 876 2192 929 in

619 969 788 1021 rebus
829 965 1136 1034 procreatis
1185 963 1508 1018 admiranda
1551 973 1878 1029 cernuntur,
1925 981 2192 1020 enarran-

618 1063 725 1108 tem
755 1054 861 1108 hoc
897 1054 1062 1107 modo
1095 1071 1108 1106 :
1152 1073 1169 1104 ι
1193 1052 1330 1119 Quis
1351 1069 1514 1107 manu
1537 1053 1828 1110 dimensus
1849 1062 1934 1108 est
1962 1069 2187 1122 aquam,

615 1152 670 1199 et
699 1145 904 1198 coelum
953 1145 1158 1214 palmo,
1213 1155 1268 1200 et
1315 1145 1524 1214 pugillo
1575 1153 1781 1200 terram
1838 1145 2195 1199 universam?

615 1235 751 1302 Quis
781 1238 838 1289 in
863 1245 1067 1289 statera
1099 1245 1339 1299 montes,
1373 1243 1427 1291 et
1463 1237 1635 1290 valles
1665 1237 1720 1289 in
1763 1235 1922 1289 lance
1950 1236 2192 1289 coiloca~

616 1327 694 1380 vit
714 1326 790 1380 ³⁸2
821 1345 838 1376 ι
883 1325 977 1381 His
1009 1327 1212 1389 verbis,
1253 1334 1309 1378 ut
1346 1326 1605 1389 arbitror,
1637 1333 1829 1394 aperte
1862 1326 2027 1380 docet
2059 1341 2193 1394 pro-

618 1418 798 1487 pheta,
814 1417 1090 1487 propriam
1115 1417 1349 1487 singulis
1369 1417 1654 1471 elementis
1673 1417 2049 1486 praescriptam
2071 1432 2194 1472 esse

617 1522 956 1570 mensuram,
987 1523 1016 1559 a
1055 1506 1148 1562 Dei
1184 1507 1370 1560 omnia
1422 1507 1845 1576 complectentis
1893 1513 2190 1576 potestate,

614 1613 778 1667 quam
814 1599 908 1653 ille
933 1614 1179 1661 manum,
1203 1605 1256 1653 et
1295 1598 1560 1667 palmum,
1596 1605 1651 1653 et
1683 1599 1950 1668 pugillum
2005 1606 2192 1665 vocat,

615 1691 732 1744 suis
762 1690 1191 1759 unumquodque
1223 1691 1478 1744 terminis
1513 1697 1569 1745 et
1613 1690 1893 1745 mensuris
1927 1705 2193 1744 coercen-

2292 518 2391 570 οὐκ
2417 518 2628 570 ἐλαττοῖ
2656 517 2716 569 τὸ
2742 516 2927 587 ὑγρὸν,
2952 517 3014 569 τὸ
3037 517 3398 587 ἐπικρατήσει
3429 517 3529 588 τῆς
3559 517 3763 591 θερμῆς
3789 521 3891 574 οὐ-

2296 609 2417 671 σίας
2456 607 2928 678 ὲκδαπανώμενον.
2966 607 3110 678 Πρὸς
3141 607 3199 659 δὲ
3230 606 3403 660 ταῦτα
3436 606 3614 671 καλῶς
3663 608 3728 662 ἂν
3769 613 3891 681 ἒχοι

2293 694 2486 764 ἑτέραν
2508 693 2826 748 ἀκολουθίαν
2851 692 3094 765 ἐξευρεῖν
3123 697 3188 764 τῇ
3212 694 3413 766 θεωρίᾳ
3439 695 3531 748 τοῦ
3559 696 3716 765 λόγου
3746 716 3894 770 συμ-

2295 783 2605 839 ϐαίνουσαν’
2645 784 2775 848 ἴσως
2801 785 2909 856 γὰρ
2942 784 3008 838 ἂν
3049 785 3259 854 γένοιτο
3298 788 3429 856 ἡμῖν
3473 786 3563 840 διὰ
3603 788 3701 859 τῆς
3735 789 3889 858 φιλο-

2295 879 2603 950 πονωτέρας
2665 879 3015 951 προσεδρίας,
3059 879 3133 952 μὴ
3195 879 3512 950 διαμαρτεῖν
3556 881 3654 951 τῆς
3715 899 3892 953 προσ-

2293 971 2534 1042 ηκούσης
2551 973 2676 1042 περὶ
2701 971 2793 1024 τοῦ
2817 972 3131 1041 σκέμματος
3149 970 3492 1042 ὑπολήψεως.
3508 971 3754 1024 Ἤκουσα
3781 971 3890 1041 τῆς

2295 1061 2628 1132 προφητείας
2655 1062 2716 1114 τὸ
2744 1061 3028 1132 μεγαλεῖον
3059 1062 3160 1131 τῆς
3187 1060 3280 1114 τοῦ
3322 1060 3456 1114 Θεοῦ
3485 1060 3766 1131 δυνάμεως
3791 1062 3886 1114 διὰ

2294 1150 2400 1205 τῶν
2435 1150 2491 1203 ἐν
2519 1153 2584 1221 τῇ
2629 1150 2806 1203 κτίσει
2843 1149 3138 1220 θαυμάτων
3168 1148 3493 1219 διεξιούσης,
3525 1152 3582 1202 ὲν
3607 1144 3688 1213 οἷς
3715 1164 3881 1219 φησι·

2300 1258 2319 1293 ι
2357 1240 2453 1302 Τίς
2478 1241 2752 1313 ἐμέτρησε
2790 1243 2856 1311 τῇ
2905 1241 3050 1311 χειρὶ
3075 1241 3135 1295 τὸ
3182 1239 3346 1310 ὕδωρ,
3396 1241 3491 1294 καὶ
3529 1241 3619 1294 τὸν
3651 1241 3884 1312 οὐρανὸν

2297 1333 2574 1403 σπιθαμῇ,
2618 1332 2714 1385 καὶ
2747 1334 2926 1386 πᾶσαν
2960 1331 3058 1403 τὴν
3094 1332 3197 1402 γῆν
3242 1332 3439 1402 δρακί;
3471 1333 3555 1395 τίς
3583 1333 3777 1402 ἔστησε
3807 1332 3882 1384 τά

2295 1423 2423 1494 ὅρια
2460 1421 2706 1493 σταθμῷ,
2755 1423 2850 1476 καὶ
2877 1422 2975 1486 τὰς
3023 1423 3200 1484 νάπας
3240 1421 3421 1492 Cia-{Cf};
3457 1442 3475 1474 ι
3516 1422 3584 1474 δι’
3615 1415 3689 1475 ὧν
3724 1420 3879 1492 οἶμαι

2295 1515 2481 1583 σαφῶς
2507 1513 2658 1575 ἰδίοις
2687 1513 2901 1583 μέτροις
2943 1511 3052 1564 τῶν
3089 1511 3367 1587 στοιχείων
3400 1512 3627 1563 ἕκαστον
3653 1528 3883 1582 περιγε-

2293 1604 2536 1675 γράφθαι
2556 1603 2647 1656 τὸν
2669 1603 2954 1675 προφήτην
2975 1601 3265 1665 διδάσκειν,
3286 1601 3386 1671 τῆς
3405 1618 3471 1653 πε
3481 1600 3758 1671 ριεκτικῆς
3783 1598 3879 1652 τοῦ

2294 1690 2428 1742 θεοῦ
2464 1689 2765 1759 δυνάμεως,
2813 1691 2879 1759 ἦν
2909 1693 3067 1761 χεῖρα
3099 1690 3194 1742 καὶ
3237 1689 3432 1760 δράκα,
3462 1690 3557 1741 καὶ
3579 1689 3882 1759 ,σπιθαμὴν

613 1789 744 1834 tem.
784 1781 1018 1835 Necesse
1043 1789 1127 1834 est
1163 1780 1348 1849 igitur,
1376 1779 1422 1834 si
1453 1779 1546 1833 Dei
1584 1786 1827 1850 potestas
1873 1781 2075 1835 coelum
2108 1779 2191 1834 di-

2300 1780 2574 1852 ὀνομάζει,
2603 1780 2784 1844 ἰδικῶς
2809 1780 3038 1834 ’ἑκαστον
3068 1781 3176 1833 τῶν
3205 1780 3374 1833 ὄντων
3402 1782 3458 1832 ὲν
3487 1780 3564 1850 τῷ
3589 1781 3880 1851 καθήκοντι

613 1889 801 1926 mensa
841 1879 945 1935 est,
979 1873 1024 1926 si
1053 1887 1249 1926 manus
1281 1872 1401 1941 ejus
1433 1885 1654 1942 aquam,
1690 1873 1734 1927 si
1781 1873 2022 1943 pugillus
2061 1872 2194 1927 uni-

613 1981 832 2020 versam
881 1975 1109 2026 terram,
1164 1965 1209 2020 si
1245 1965 1414 2019 valles
1447 1965 1500 2018 in
1539 1973 1745 2020 statera
1775 1965 2090 2028 constituit,
2146 1965 2193 2020 si

613 2058 894 2113 montibus
931 2056 1147 2126 pondus
1184 2057 1500 2126 praelinivit,
1545 2056 1728 2110 omnia
1767 2073 2082 2112 mensuram
2130 2072 2196 2112 ac

613 2147 836 2201 modum
868 2147 1007 2201 tueri
1045 2163 1228 2211 suum,
1281 2149 1416 2200 nihil
1452 2162 1646 2202 eorum
1673 2150 1883 2218 augeri,
1916 2148 2054 2202 nihil
2091 2149 2195 2202 im-

614 2237 810 2298 minui,
844 2253 965 2306 quae
999 2253 1226 2293 mensus
1277 2245 1360 2291 est
1392 2237 1558 2302 Deus,
1599 2255 1831 2309 qumque
1873 2240 2050 2309 ipsius
2096 2255 2194 2310 po—

615 2336 813 2384 testate
839 2330 1234 2396 continentur;
1285 2330 1329 2384 si
1366 2330 1515 2384 nulla
1558 2338 1739 2386 autem
1787 2332 1966 2386 rebus
1993 2332 2195 2386 accidit

612 2423 879 2485 accretio,
935 2424 1084 2477 nulla
1123 2423 1440 2488 diminutio,
1491 2430 1552 2477 ut
1582 2423 1874 2493 prophetia
1929 2432 2188 2491 testatur,

615 2512 668 2565 in
715 2526 815 2566 sua
867 2528 1099 2582 prorsus
1147 2513 1582 2583 unumquodque
1626 2529 1888 2569 mensura
1933 2525 2193 2585 perpetuo

612 2611 817 2663 manet,
844 2617 967 2656 cum
1001 2613 1193 2656 natura
1215 2602 1330 2673 ipsa
1352 2619 1529 2658 rerum
1555 2606 1966 2660 commutabilis
1994 2615 2192 2660 cuncta

614 2693 857 2749 vicissim
887 2702 1191 2756 convertat,
1227 2704 1279 2750 et
1310 2712 1479 2749 unum
1517 2697 1572 2751 in
1613 2697 1763 2752 aliud
1800 2707 1994 2758 mutet.
2031 2698 2194 2752 idem-

615 2798 721 2852 que
755 2801 975 2839 rursum
1033 2786 1394 2841 conversione
1428 2787 1852 2858 mutationeque
1894 2789 2191 2859 pristinum

616 2874 669 2927 in
705 2883 906 2928 statum
947 2876 1198 2930 reducat.
1232 2876 1337 2932 Sed
1366 2878 1494 2948 quia
1535 2895 1794 2950 vaporem
1826 2879 1973 2933 hunc
2016 2879 2194 2933 humi-

614 2965 742 3019 dum
781 2967 834 3019 in
863 2964 1077 3020 ﬂamma
1123 2969 1388 3038 positum,
1422 2971 1678 3026 siccitate
1711 2985 1808 3040 per
1839 2971 2189 3025 combustio-

2298 1875 2482 1945 μέτρῳ
2513 1872 3000 1944 περισφιγγούσης.
3046 1873 3110 1925 Εἰ
3139 1868 3232 1926 οὖν
3271 1872 3611 1944 μεμέτρηται
3654 1873 3881 1943 οὐρανὸς

2293 1964 2360 2032 τῇ
2393 1962 2511 2031 θεία
2549 1961 2798 2031 δυνάμει,
2836 1961 2928 2012 καὶ
2956 1963 3023 2031 τῇ
3051 1962 3196 2033 χειρὶ
3216 1962 3276 2014 τὸ
3306 1961 3449 2032 ὕδωρ
3468 2005 3482 2027 ,
3511 1961 3604 2015 καὶ
3630 1965 3694 2032 τῇ
3720 1962 3881 2032 δρακὶ

2295 2057 2500 2125 πᾶσαὴ
2531 2057 2622 2125 γῆ,
2658 2055 2750 2108 καὶ
2785 2054 3242 2123 ζυγοστατοῦνται
3277 2057 3333 2110 αί
3360 2057 3552 2120 νάπαι,
3590 2057 3682 2108 καὶ
3717 2073 3881 2124 φανε-

2299 2144 2389 2216 ρὸς
2429 2148 2542 2208 τοῖς
2587 2144 2769 2214 ὄρεσιν
2800 2143 3121 2214 ἀφορίζεται
3159 2144 3432 2214 σταθμὸς,
3479 2146 3694 2214 ἀνάγκη
3725 2146 3876 2197 πᾶσα

2298 2239 2479 2308 μένειν
2513 2235 2743 2289 ἕκαστον
2773 2236 2866 2288 ἐπὶ
2909 2234 3004 2287 τοῦ
3054 2235 3183 2288 ἰδίου
3218 2236 3413 2306 μέτρου
3456 2237 3550 2288 καὶ
3599 2233 3833 2305 σταθμοῦ
3859 2276 3876 2300 ,

2297 2330 2436 2400 μήτε
2487 2329 2788 2399 αὐξήσεως,
2829 2330 2966 2399 μήτε
3011 2327 3359 2391 κολοϐώσεως
3391 2329 3449 2379 ὲν
3494 2329 3606 2389 τοῖς
3640 2326 3746 2379 ὑπὸ
3782 2325 3877 2379 τοῦ

2292 2419 2428 2473 Θεοῦ
2481 2419 2936 2491 μεμετρημένοις,
2983 2419 3077 2472 καὶ
3130 2420 3221 2489 ὑπῗ
3264 2417 3428 2471 αὑτοῦ
3475 2418 3880 2489 περιεχομένοις

2292 2511 2600 2582 δυναμένης
2629 2509 2902 2578 γενέσθαι.
2953 2511 3018 2565 El
3048 2505 3138 2563 οὖν
3175 2511 3310 2580 μήτε
3362 2509 3698 2580 προσθήκην,
3739 2509 3877 2578 μήτε

2293 2602 2584 2657 ἐλάττωσιν
2611 2602 2737 2673 περὶ
2759 2601 2825 2656 τὰ
2845 2602 2973 2656 ὄντα
2997 2600 3314 2671 συμϐαίνειν
3347 2603 3380 2672 ἡ
3404 2601 3708 2673 προφητεία
3739 2618 3877 2672 μικρ⁴

2291 2690 2539 2761 τύρεται,
2574 2691 2790 2755 πάντως
2825 2690 2918 2744 ἐπὶ
2951 2689 3030 2761 τῷ
3067 2691 3180 2762 ἰδίῳ
3228 2690 3458 2743 ἕκαστον
3499 2690 3680 2760 μέτρῳ
3707 2690 3880 2743 εἰσαεὶ

2292 2783 2559 2853 διαμένει,
2594 2786 2694 2853 τῆς
2721 2782 2964 2854 τρεπτῆς
2993 2782 3208 2851 φύσεως
3234 2783 3332 2850 τῆς
3363 2782 3421 2834 ὲν
3453 2784 3565 2844 τοῖς
3592 2776 3712 2834 οὖσι
3743 2780 3883 2834 θεω-

2297 2874 2585 2946 ρουμένης,
2619 2873 2796 2926 πάντα
2816 2875 2894 2936 εἰς
2915 2871 3118 2944 ἄλληλα
3143 2870 3602 2942 μεταϐαλλούσης,
3630 2872 3722 2926 καὶ
3743 2871 3882 2925 ἕκα-

2295 2982 2416 3020 στον
2443 2967 2521 3028 εἰς
2548 2965 2609 3018 τὸ
2631 2965 2815 3035 ἕτερον
2840 2963 3158 3032 ἀλλοιούσης
3179 3004 3194 3027 ,
3220 2963 3316 3016 καὶ
3353 2963 3514 3016 πάλιν
3545 2963 3638 3015 ἀπ’
3664 2962 3881 3015 ἐκείνου

614 3073 737 3112 nem
767 3059 1065 3128 acquisita,
1119 3061 1173 3113 in
1208 3061 1529 3129 qualitatem
1583 3068 1900 3115 terrestrem
1953 3060 2191 3114 transire

2296 3055 2378 3109 διὰ
2419 3053 2723 3125 μεταϐολῆς
2771 3071 2830 3107 τε
2869 3053 2964 3106 καὶ
2990 3051 3328 3115 ἀλλοιώσεως
3369 3053 3449 3115 εἰς
3496 3052 3558 3103 τὸ
3590 3051 3658 3154 ἐς
3702 3042 3883 3122 ἀρχῆς

613 3165 676 3204 ex
714 3151 1000 3220 superiore
1029 3150 1132 3204 olei
1164 3152 1417 3220 exemplo
1446 3151 1584 3206 satis
1619 3149 1992 3212 ostendimus,
2025 3150 2186 3205 dein-

613 3256 745 3309 ceps
787 3241 1246 3296 considerandum
1296 3248 1400 3303 est,
1453 3248 1633 3294 utrum
1680 3240 1905 3310 vaporis
1960 3240 2192 3294 materia

615 3330 668 3381 in
697 3329 1032 3381 contrariam
1070 3329 1396 3396 qualitatem
1427 3345 1695 3386 conversa
1741 3331 1988 3400 reliquis:
2021 3330 2194 3398 ipsius

614 3416 994 3470 combustione
1015 3416 1332 3472 subtiliores
1357 3433 1421 3472 ac
1455 3420 1738 3475 tenuiores
1773 3420 1984 3474 enectae
2011 3434 2182 3490 supra

617 3519 836 3559 manere
875 3506 1111 3575 possint.

2291 3140 2447 3207 αὖθις
2476 3142 2876 3212 ὲπαναγούσης.
2923 3141 3064 3194 Ἀλλ’
3095 3143 3175 3196 ὅτι
3206 3141 3303 3211 μὲν
3337 3143 3365 3194 ὁ
3402 3141 3565 3211 ὑγρὸς
3601 3135 3753 3203 οὗτος
3782 3141 3882 3194 ἀτ-

2297 3235 2413 3306 μὸς,
2449 3235 2509 3287 ὲν
2541 3233 2618 3305 τῷ
2645 3233 2870 3304 φλογμῷ
2899 3233 3298 3302 διαγενόμενος,
3333 3232 3414 3296 εἰς
3445 3232 3542 3303 τὴν
3571 3232 3745 3302 γεώδη
3786 3248 3886 3301 με-

2293 3328 2538 3382 ταϐαίνει
2588 3325 2879 3394 ποιότητα,
2915 3325 3052 3395 πρὸς
3080 3323 3138 3377 τὸ
3177 3323 3336 3394 ξηρὸν
3390 3323 3747 3395 μεταϐληθεὶς
3785 3321 3879 3375 διὰ

2296 3417 2396 3486 τῆς
2427 3415 2788 3485 ὲξοπτήσεως,
2829 3413 2987 3466 τοῦτο
3019 3413 3076 3464 ὲν
3109 3413 3222 3475 τοῖς
3265 3411 3594 3483 προλαϐοῦσι
3619 3411 3794 3478 λόγοις
3821 3410 3885 3462 ὲν

2297 3507 2374 3578 τῷ
2421 3505 2562 3559 κατά
2599 3504 2660 3557 τὺ
2707 3503 2883 3556 ἔλαιον
2928 3502 3291 3571 ὑποδείγματι
3339 3501 3576 3572 μετρίως
3607 3500 3885 3570 νενόηται,

616 3602 836 3652 σκοπεῖν
863 3601 920 3653 δὲ
955 3601 1014 3654 τὰ
1053 3602 1188 3673 μετά
1222 3603 1378 3657 τοῦτο
1411 3607 1697 3677 προσήκει,
1725 3609 1773 3659 εί
1807 3607 1904 3677 τῆς
1939 3606 2073 3678 ὕλης
2101 3605 2193 3660 τοῦ
2231 3601 2406 3674 ἀτμοῦ
2447 3599 2584 3671 πρὸς
2615 3599 2715 3669 τὴν
2742 3597 2991 3650 ὲναντίαν
3036 3595 3419 3666 ἀλλοιωθείσης
3470 3595 3758 3665 ποιότητα,
3791 3593 3889 3646 δυο

613 3691 773 3744 νατόν
797 3693 941 3744 ἐστιν
968 3694 1078 3748 ἄνω
1107 3696 1287 3765 μένειν
1313 3697 1488 3750 ἐκεῖνο
1519 3697 1614 3750 τοῦ
1646 3698 1818 3769 ἀτμοῦ
1851 3697 1911 3750 τὸ
1938 3698 2212 3768 λείψανον,
2244 3698 2326 3750 ὅτι
2352 3693 2482 3747 ποτὲ
2512 3692 2814 3746 κατανοεῖό
2833 3689 2991 3758 λόγος
3017 3687 3078 3740 τὸ
3097 3687 3184 3741 διὰ
3217 3686 3316 3754 τῆς
3343 3686 3685 3756 ὲξοπτήσεως
3719 3701 3889 3755 μετα-

614 3784 856 3855 ποιηθὲν,
889 3785 1022 3855 πρὸς
1046 3788 1106 3839 τὸ
1123 3783 1442 3859 λεπτότερόν
1470 3807 1526 3842 τε
1549 3791 1642 3843 καὶ
1665 3791 2056 3862 ἀφανέστερον.

685 3873 797 3929 Hoc
823 3884 1003 3930 autem
1037 3879 1301 3949 exemplis
1345 3880 1476 3934 item
1532 3882 1691 3936 vobis
1729 3881 2042 3937 manifestis
2093 3895 2192 3949 po-

614 3965 844 4023 terimus
870 3968 1222 4037 investigare.
1274 3967 1464 4038 Neque
1496 3971 1641 4025 enim
1684 3970 1858 4044 fuligo
1902 3974 1992 4026 illa
2021 3971 2194 4026 subti-

613 4057 824 4112 lissima
866 4068 1130 4128 perpetuo
1158 4058 1246 4112 hic
1303 4059 1360 4112 in
1403 4075 1528 4114 aere
1578 4069 1862 4129 permanet
1913 4060 2190 4126 sublimis,

615 4144 712 4199 sed
744 4159 840 4214 per
870 4147 1014 4202 aeris
1045 4147 1328 4200 raritatem
1358 4147 1425 4200 ad
1452 4155 1750 4217 cognatum
1798 4148 1903 4203 sibi
1950 4149 2193 4202 elemen-

615 4238 733 4286 tum
767 4235 1066 4297 transiens,
1121 4244 1280 4288 terrre
1333 4243 1388 4290 et
1437 4235 1769 4304 parietibus,
1810 4245 2195 4304 tectorumque

618 4317 970 4389 laquearibus
1021 4320 1370 4376 adhaerescit.
1422 4321 1578 4388 Quod
1623 4323 1693 4378 de
1739 4322 2040 4393 vaporibus
2087 4321 2196 4375 illis

2371 3869 2531 3923 Ἀλλὰ
2557 3867 2663 3938 μὴν
2691 3862 2846 3936 οἴμαι
2875 3863 3100 3919 δυνατὸν
3130 3858 3380 3919 εἶναικαὶ
3403 3872 3531 3940 περὶ
3561 3865 3771 3918 ἐκείνου
3795 3866 3888 3921 διὰ

2298 3960 2405 4014 τῶν
2427 3956 2716 4028 γνωρίμων
2744 3957 2871 4026 ὑμῖν
2901 3953 3317 4025 ὑποδειγμάτων
3343 3953 3722 4023 στοχάσασθαι.
3742 3957 3887 4011 Οὐδὲ

2298 4051 2409 4122 γὰρ
2434 4047 2668 4103 ἐνταῦθα
2692 4045 2753 4100 τὸ
2772 4045 3107 4116 λεπτομερὲς
3139 4044 3240 4114 τῆς
3261 4043 3475 4110 λιγνύος
3498 4044 3668 4097 είσαεὶ
3693 4045 3888 4116 διαμέ-

2299 4161 2378 4198 νει
2408 4141 2544 4195 κατά
2571 4141 2663 4193 τὸν
2694 4137 2831 4209 ἀέρα
2856 4136 3148 4207 μετέωρον,
3170 4134 3284 4188 ἀλλ’
3310 4135 3415 4189 ὑπὸ
3436 4136 3535 4205 τῆς
3559 4137 3887 4207 ἁραιότητος

2297 4234 2392 4287 τοῦ
2423 4233 2584 4299 ἀέρος
2615 4229 2753 4302 πρὸς
2774 4227 2836 4281 τὸ
2869 4227 3129 4295 συγγενὲς
3171 4225 3482 4295 διαφύεται,
3537 4228 3608 4296 γῇ
3645 4227 3741 4280 καὶ
3769 4227 3889 4280 τεί-

2299 4341 2419 4395 χεσι
2460 4321 2555 4376 καὶ
2600 4323 2710 4383 τοῖς
2739 4317 2833 4372 τοῦ
2878 4317 3080 4389 ὀρόφου
3119 4316 3298 4384 ξύλοις
3343 4318 3883 4388 περιχρωννύμενον.

617 4424 834 4479 quoque
856 4410 1208 4480 cogitandum
1243 4420 1348 4474 est,
1371 4419 1431 4465 ut
1474 4413 1540 4467 ad
1571 4411 1908 4482 superiorem
1947 4411 2191 4481 igneam-

2298 4410 2508 4466 Οὑκοῦν
2535 4406 2828 4464 ἀκόλουθον
2848 4407 2942 4459 καὶ
2965 4407 3092 4478 περὶ
3115 4405 3324 4459 ἐκείνου
3347 4405 3408 4458 τὸ
3433 4402 3547 4458 ἴσον
3568 4406 3887 4470 ὑπολαϐεῖν,

617 4513 725 4569 que
748 4501 1022 4569 regionem
1051 4517 1081 4555 a
1111 4502 1288 4557 ventis
1309 4504 1741 4573 compellantur,
1781 4512 1834 4558 et
1859 4502 1912 4556 in
1954 4499 2194 4556 humidae

619 4588 897 4659 qualitatis
941 4593 1374 4647 commutatione
1428 4595 1718 4649 materiam
1787 4599 2030 4656 servent,
2081 4605 2196 4647 are-

620 4679 858 4748 factique
906 4678 973 4732 ad
1017 4680 1070 4733 id
1106 4683 1250 4749 quod
1283 4683 1363 4738 eis
1393 4694 1684 4754 cognatum
1721 4694 1803 4742 est
1885 4701 1947 4740 ac
1995 4686 2192 4753 simile,

620 4771 980 4826 detrahantur
1019 4770 1280 4840 humique
1330 4774 1675 4829 consideant.
1717 4773 1995 4834 Naturalis
2050 4777 2196 4833 enim

621 4860 788 4914 rebus
830 4859 1086 4914 omnibus
1144 4861 1452 4915 attrahendi
1503 4864 1586 4918 vis
1624 4863 1790 4919 insita
1823 4876 1928 4932 est,
1985 4874 2044 4922 ut
2086 4867 2192 4921 mi-

621 4950 770 5005 nime
801 4949 1099 5004 absurdum
1133 4949 1406 5018 videatur,
1457 4953 1502 5007 si
1533 4968 1764 5023 vapores
1791 4957 2012 5025 quidam
2053 4959 2192 5012 sicci

621 5052 687 5091 ac
735 5044 1026 5092 terrestres
1079 5037 1278 5101 ell‘eeti,
1348 5049 1509 5095 terra:
1562 5041 1794 5098 siccitati
1833 5051 1888 5100 et
1943 5046 2193 5114 qualitati

621 5129 1102 5185 commisceantur.
1165 5130 1322 5197 Quod
1371 5133 1418 5188 si
1455 5149 1523 5189 ex
1563 5135 1667 5191 olei
1717 5137 1948 5192 materia
1993 5145 2191 5193 cuncta

623 5228 958 5284 constarent,
978 5221 1032 5276 in
1047 5224 1430 5282 crassitudinis
1467 5227 1728 5298 qualitate
1746 5240 1748 5242 '
1766 5245 1997 5300 vapores
2047 5229 2196 5300 ejus-

625 5309 769 5365 modi
803 5311 858 5364 in
879 5313 1113 5368 colorem
1155 5317 1376 5387 nigrum
1399 5320 1688 5376 exustione
1712 5327 2194 5388 converterentur,

625 5407 677 5454 et
698 5414 766 5454 ex
790 5401 972 5469 specie
1002 5403 1091 5458 illa
1126 5417 1444 5477 conspecta,
1496 5410 1629 5480 quid
1661 5411 1835 5476 fleret,
1883 5413 2058 5469 cuivis
2105 5431 2196 5472 es-

628 5500 711 5549 set
735 5493 1103 5564 perspicuum.
1127 5496 1328 5556 Verum
1369 5507 1496 5572 quia
1533 5502 1900 5560 subtilissima
1938 5504 2193 5575 liquidis-

701 5665 745 5698 “
766 5669 872 5727 ιω.
906 5683 994 5737 ιι,
1026 5667 1109 5724 12.

2297 4503 2380 4557 ὅτι
2425 4500 2528 4554 ὑπὸ
2571 4497 2680 4552 τῶν
2715 4497 3041 4568 πνευμάτων
3085 4495 3351 4558 ἀνωσθεὶς
3398 4497 3426 4547 ὁ
3459 4496 3632 4566 ἀτμὸς
3678 4498 3759 4560 εἰς
3792 4497 3890 4550 τὸν

2299 4591 2692 4664 ὑπερκείμενον
2714 4589 2807 4642 καὶ
2830 4587 3077 4658 φλογώδη
3102 4586 3299 4658 χῶρον,
3324 4588 3418 4640 καὶ
3445 4589 3502 4640 ὲν
3517 4589 3584 4658 τῇ
3611 4587 3887 4660 μεταϐολῇ

2297 4683 2398 4754 τῆς
2419 4683 2591 4755 ὑγρᾶς
2630 4679 2913 4748 ποιότητος
2935 4718 2951 4744 ,
2982 4677 3042 4731 τὸ
3068 4678 3251 4732 ὑλικὸν
3279 4676 3590 4740 διεσώσατο,
3639 4676 3802 4751 ξηρὸς
3830 4679 3890 4732 δὲ

2298 4774 2587 4845 γενόμενος
2611 4771 2748 4842 πρὸς
2777 4770 2838 4824 τὸ
2865 4771 3123 4839 συγγενὲς
3158 4768 3520 4840 καθειλκύσθη
3548 4770 3642 4823 καὶ
3669 4771 3888 4823 ἀπεκα-

2298 4866 2462 4938 τέστη
2491 4867 2583 4936 γῇ.
2625 4864 2877 4934 Ἐλκτικὴ
2907 4862 3015 4934 γὰρ
3039 4861 3148 4914 τῶν
3172 4861 3387 4916 οἰκείων
3408 4862 3640 4932 δύναμις
3666 4862 3890 4931 ἑκάστῳ

2299 4957 2407 5011 τῶν
2437 4958 2604 5011 όντων
2627 4957 2690 5009 ἐκ
2715 4953 2928 5024 φύσεως
2949 4952 3211 5022 ἔγκειται,
3237 4952 3313 5015 ὡς
3343 4952 3479 5024 μηδὲ
3500 4952 3605 5017 ἔξω
3630 4952 3722 5006 τοῦ
3746 4953 3892 5005 ἀκο-

2300 5047 2490 5101 λούθου
2518 5047 2617 5119 τὴν
2653 5044 2904 5114 τοιαύτην
2945 5040 3083 5097 εἶναι
3131 5043 3420 5114 ὑπόληψιν,
3457 5044 3540 5097 ὅτι
3586 5043 3753 5114 ξηρός
3798 5060 3892 5108 τις

2302 5137 2395 5190 καὶ
2417 5136 2624 5208 γεώδης
2656 5137 2685 5188 ό
2731 5134 2901 5206 ἀτμὸς
2925 5135 3213 5204 γενόμενος
3235 5135 3335 5203 τὴν
3364 5136 3643 5206 ποιότητα,
3675 5137 3741 5206 τῇ
3786 5135 3889 5206 Eq-

2306 5229 2491 5299 ρότητι
2515 5228 2614 5298 τῆς
2643 5227 2746 5298 γῆς
2787 5225 3110 5298 κατεμίχθη.
3145 5227 3208 5280 Εἰ
3245 5227 3343 5297 μὲν
3380 5222 3474 5281 οὖν
3513 5222 3580 5299 ἦν
3619 5225 3897 5296 ὲλαιώδης

2303 5320 2454 5372 πᾶσα
2482 5319 2596 5382 τῆςι
2620 5319 2791 5389 ὑγρᾶς
2827 5316 3012 5382 οὐσίας
3054 5321 3087 5391 ἡ
3140 5319 3320 5388 φύσις,
3358 5319 3574 5383 πάντως
3611 5319 3678 5373 ἂν
3711 5319 3772 5372 ὲν
3806 5320 3892 5389 τῷ

2304 5411 2613 5482 παχυμερεῑ
2643 5409 2744 5479 τῆς
2779 5409 3062 5479 ποιότητος
3094 5411 3231 5483 πρὸς
3263 5411 3324 5465 τὸ
3365 5411 3531 5482 μέλαν
3557 5411 3748 5483 ἔτρεψε
3774 5413 3896 5468 τῶν

2305 5501 2558 5557 τοιούτων
2582 5499 2772 5572 ἀτμῶν
2799 5501 2897 5570 τὴν
2926 5500 3093 5572 χρόαν
3116 5503 3148 5572 ἡ
3176 5502 3484 5574 ὲξόπτησιςο
3513 5501 3599 5560 καί
3628 5501 3895 5574 ὲπίδηλον
