4106 6208
220 274 337 328 1135

1444 269 1511 324 ΙΝ
1551 268 2023 325 HEXAEMERON
2058 269 2283 326 LIBER.

3385 275 3488 331 106

220 398 300 448 at
337 395 476 449 πᾶσι
505 392 564 446 τὸ
600 392 885 462 γινόμενον
917 387 1009 463 ἦν,
1056 392 1144 445 διὰ
1173 389 1266 448 τοῦ
1293 390 1545 462 δέχεσθαι
1592 391 1653 445 τὸ
1687 386 1824 453 εἶδος

1927 391 2175 462 simaque
2214 398 2407 446 natura
2437 390 2491 443 in
2528 388 2822 459 vaporibus
2842 400 2943 457 est,
2977 392 3031 445 bi
3062 406 3191 447 vero
3231 407 3298 447 eo
3323 408 3484 463 quem

221 481 597 553 δεικνύμενον.
637 482 790 535 Ἐπεὶ
816 481 874 535 δὲ
896 480 958 534 τὺ
982 480 1310 534 λεπτότατόν
1336 497 1393 532 τε
1421 480 1515 533 καὶ
1532 478 1821 532 διειδέστα-

229 594 335 629 τον
373 576 473 644 τῆς
501 574 609 627 τῶν
649 573 857 627 ὑδάτων
891 573 1107 641 φύσεως
1147 573 1206 624 ἐν
1229 573 1340 635 τοίς
1376 572 1568 641 ἀτμοῖς
1592 570 1818 637 γίνεται,

223 662 377 720 οὗτοι
391 666 445 718 δὲ
466 665 607 717 κατά
638 664 729 716 τὸν
745 662 1240 734 προαποδειχθέντα
1256 663 1411 731 λόγον
1436 662 1821 734 ἐναποθέμενοι

223 758 311 825 τῷ
341 756 474 825 πυρὶ
494 756 594 825 τὴν
628 754 801 825 ὑγρὰν
832 754 1108 822 ποιότητα,
1128 753 1262 825 πρὸς
1278 754 1337 807 τὸ
1356 754 1516 825 ξηρὸν
1532 752 1823 823 ἠλλοιώθη-

231 865 351 900 σαν·
368 848 585 916 ἀνάγκη
608 842 777 910 πᾶσα,
792 844 1029 915 καθαρὸν
1052 845 1208 898 τοῦτο
1229 845 1325 898 καὶ
1344 844 1575 915 ἀερῶδες
1595 843 1820 908 οἴεσθαι,

222 941 314 992 ὃτι
341 939 470 992 ποτὲ
492 939 589 991 καὶ
616 933 757 990 εἶναι
775 936 905 989 αὐτὸ
931 935 1337 1007 καταλαμϐάνει
1350 938 1383 1005 ἡ
1398 934 1573 987 ἔννοια
1584 935 1643 987 τὸ
1661 937 1725 1004 τῇ
1745 934 1824 987 λε-

226 1032 459 1101 πτότητι
475 1029 770 1099 διαφεῦγον
784 1028 880 1099 τὴν
896 1028 1243 1097 κατανόησιν.
1271 1028 1333 1080 Εἰ
1350 1028 1406 1080 δὲ
1434 1027 1532 1097 τῆς
1546 1026 1638 1078 τοῦ
1663 1026 1821 1093 λόγου

226 1123 595 1192 καταλήψεως
627 1120 1080 1191 ἀξιοπιστοτέραν
1108 1118 1282 1173 οἴεταί
1312 1136 1396 1182 τις
1422 1121 1520 1189 τὴν
1548 1118 1820 1187 αἴσθησιν,

228 1215 329 1267 καὶ
354 1214 516 1284 ζητεῖ
544 1212 625 1281 τῷ
666 1209 929 1280 ὀφθαλμῷ
957 1211 1081 1273 τοὺς
1109 1209 1335 1278 ἀμερεῖς
1370 1224 1429 1259 τε
1464 1207 1559 1260 καὶ
1591 1207 1818 1273 ἀφανεῖς

228 1304 476 1365 ἐκείνους
521 1303 718 1369 ὄγκους
778 1299 1074 1354 θεάσασθαι
1099 1315 1114 1329 ·
1160 1300 1336 1365 ἔξεστι
1387 1297 1464 1367 τῷ
1512 1297 1821 1368 βουλομένῳ

227 1395 428 1449 ναστὸν
448 1392 558 1447 τῶν
575 1392 833 1447 τοιούτων
864 1392 1064 1462 μορίων
1087 1391 1180 1443 τὸν
1204 1391 1344 1461 ἀέρα
1371 1391 1521 1454 ἰδεῖν,
1547 1390 1675 1443 ὅταν
1699 1392 1819 1442 εἰσ-

229 1488 457 1558 χεθεῖσα
487 1486 575 1539 διά
603 1484 819 1555 θυρίδος
846 1483 1009 1545 αὐτὸς
1032 1522 1047 1545 ,
1082 1481 1437 1552 ἐκδηλότερον
1477 1484 1677 1552 ποιήσῃ
1723 1480 1816 1533 τοῦ

228 1580 398 1648 ἀέρος
440 1579 659 1639 ἐκεῖνο,
705 1577 831 1629 ὅσον
879 1574 944 1628 ἂν
990 1573 1079 1627 διὰ
1128 1574 1223 1645 τῆς
1259 1574 1433 1643 αὐγῆς
1469 1573 1818 1646 καταλάμψῃ.

234 1671 306 1723 ὀ
332 1669 440 1738 γάρ
473 1669 531 1719 ἐν
555 1665 634 1736 τῷ
667 1663 841 1733 λοιπῷ
871 1663 990 1734 ἀέρι
1019 1665 1131 1725 τοῖς
1158 1661 1453 1732 ὀφθαλμοῖς
1482 1664 1627 1714 ἐστιν
1653 1664 1819 1729 ἀνέφ-

235 1776 437 1821 ικτον,
499 1755 654 1808 τοῦτο
704 1754 791 1807 διὰ
837 1754 937 1822 τῆς
994 1753 1215 1814 ἀκτῖνος
1274 1754 1463 1821 ὁρᾶται
1514 1752 1571 1802 ἐν
1628 1750 1819 1821 πλήθει

231 1848 462 1921 ἀπείρῳ
498 1847 636 1900 κατά
662 1846 751 1898 τὸν
782 1845 918 1916 ἀέρα
957 1844 1346 1914 στρεφόμενον.
1387 1845 1447 1896 Ὀ
1469 1838 1559 1897 οὖν
1582 1842 1818 1913 ἐπισχὼν

232 1941 462 2003 τούτοις
484 1940 575 1993 τὸν
602 1937 885 2006 ὀφθαλμὸν,
916 1936 1139 2006 εὑρήσει
1167 1935 1255 1987 ἀεὶ
1293 1934 1429 2005 πρὸς
1456 1932 1517 1987 τὸ
1546 1932 1695 1986 κάτω
1723 1931 1821 2001 τὴν

238 2033 369 2086 τῶν
406 2030 626 2084 λεπτῶν
653 2030 869 2082 ἐκείνων
902 2028 1075 2098 φορὰν
1109 2026 1536 2097 καταρρέουσαν.
1577 2026 1651 2077 Τὸ
1682 2024 1739 2077 δέ
1764 2026 1822 2077 ἐν

242 2122 334 2192 τῷ
373 2121 530 2191 μέρει
577 2108 671 2173 τοῦ
710 2117 867 2189 ἀέρος
895 2117 1241 2187 δεικνύμενον
1272 2115 1543 2180 ἀπόδειξίς
1580 2117 1697 2168 ἐστι
1725 2114 1820 2168 τοῦ

238 2216 342 2268 καὶ
375 2213 434 2265 ἐν
465 2210 543 2281 τῷ
587 2209 748 2263 παντὶ
778 2210 840 2262 τὸ
881 2207 1120 2262 τοιοῦτον
1158 2202 1298 2260 εἶναι
1318 2246 1333 2271 ,
1361 2205 1549 2277 ἐπειδὴ
1598 2205 1822 2276 συνεχές

236 2305 361 2356 ἐστι
389 2302 450 2355 τὸ
479 2302 586 2354 πᾶν
628 2299 807 2370 ἐαυτῷ
828 2340 843 2363 ,
868 2300 963 2353 καὶ
991 2301 1057 2352 ἐκ
1084 2298 1265 2371 μερῶν
1316 2297 1731 2369 συμπληροῦται
1762 2297 1822 2351 τὸ

236 2395 381 2448 ὅλον.
424 2394 489 2445 Εἰ
517 2392 575 2445 δέ
602 2392 836 2446 πάντοτε
881 2392 915 2462 ἡ
946 2390 1056 2444 τῶν
1080 2391 1293 2444 λεπτῶν
1326 2389 1531 2443 τούτων
1575 2388 1668 2441 κα)⁸
1692 2388 1821 2441 ἀτό-

241 2503 362 2555 μων
384 2484 529 2553 φορά
558 2482 646 2535 διὰ
683 2481 780 2534 τοῦ
808 2481 969 2551 ἀέρος
994 2481 1087 2533 ἐπὶ
1112 2481 1211 2550 τὴν
1234 2481 1338 2551 γῆν
1367 2478 1679 2550 καταρρέει,
1714 2494 1822 2546 φα-

237 2576 405 2647 νερὸν
429 2575 489 2627 δὲ
516 2576 599 2627 ὅτι
630 2573 689 2627 οὐ
724 2574 786 2627 τὸ
828 2573 1065 2645 αἰθέριον
1088 2567 1227 2637 εἶδος
1265 2574 1345 2636 είς
1384 2572 1557 2627 ταῦτα
1585 2570 1825 2643 θρυπτό-

243 2682 409 2735 μενον
444 2663 815 2717 διασκίδναται
841 2662 969 2733 (τὴν
994 2661 1102 2733 γὰρ
1126 2663 1206 2725 είς
1233 2660 1302 2713 τὰ
1339 2660 1511 2713 λεπτά
1543 2659 1740 2731 θρύψιν
1762 2676 1822 2711 τε

242 2757 344 2810 καὶ
362 2756 608 2825 διάχυσιν
631 2757 666 2825 η
689 2755 783 2808 τοῦ
810 2754 982 2827 πυρὸς
1007 2753 1167 2822 φύσις
1189 2753 1250 2807 οὐ
1282 2753 1479 2821 πάσχει
1501 2751 1521 2822 )
1548 2768 1563 2782 ·
1604 2751 1822 2819 ἀνάγκη

245 2852 396 2903 πᾶσα
424 2849 651 2901 ἐκείνων
678 2848 780 2915 τὴν
819 2846 951 2916 ὓλην
996 2844 1245 2898 κατιέναι
1293 2842 1592 2905 πιστεύειν,
1621 2834 1695 2894 ῶν
1723 2840 1823 2908 τὴν

243 2936 429 2990 ἀνοδον
458 2937 489 2987 ὁ
513 2934 673 3000 λόγος
701 2934 791 2986 διὰ
812 2934 921 2986 τῶν
955 2933 1144 3004 ἀτμῶν
1170 2930 1499 3003 ἐθεώρησεν,
1520 2929 1659 2982 ὥστε
1682 2926 1825 2998 ὑγρά

247 3026 348 3096 μὲν
376 3026 514 3077 ὄντα
560 3024 666 3076 ὑπὸ
707 3023 805 3092 τῆς
834 3022 1043 3093 θερμῆς
1073 3021 1396 3076 ἀνέλκεσθαι
1441 3019 1656 3089 φύσεως
1678 3056 1693 3082 ,
1725 3018 1821 3070 ἐκ-

245 3116 519 3171 καυθέντα
558 3115 615 3168 δέ
646 3116 735 3168 καὶ
756 3114 933 3184 γεώδη
964 3113 1252 3183 γενόμενα,
1282 3112 1479 3182 μηκέτι
1508 3112 1565 3163 ἐν
1589 3109 1666 3180 τῷ
1698 3108 1828 3179 πυρὶ

246 3206 585 3277 κρατεῖσθαι,
611 3205 746 3258 ἀλλά
768 3205 905 3276 πρὸς
919 3204 1017 3273 τὴν
1034 3206 1136 3274 γῆν
1160 3203 1317 3257 πάλιν
1343 3198 1823 3255 ἀποκαθίστασθαι.

250 3300 524 3368 Καθάπερ
555 3298 613 3350 δὲ
659 3299 759 3368 τῆς
808 3299 866 3349 ἐν
908 3297 1039 3365 ἡμῖν
1084 3294 1293 3369 τροφῆς
1343 3296 1422 3356 εἰς
1468 3293 1670 3363 λεπτὴν
1708 3308 1829 3344 τινα

248 3390 518 3458 ποιότητα
554 3388 643 3441 διὰ
667 3388 766 3457 τῆς
801 3384 1020 3455 πέψεως
1056 3384 1462 3453 ἀλλοιωθείσης,
1491 3375 1536 3449 ᾧ
1566 3381 1632 3435 ἂν
1657 3382 1830 3451 ἐμπε-

254 3483 412 3537 λάσει
438 3482 526 3534 διὰ
556 3482 651 3550 τῆς
677 3478 983 3539 ἀναδόσεως
1011 3476 1169 3547 μέρει
1194 3475 1289 3529 τοῦ
1317 3474 1586 3545 σώματος,
1622 3472 1829 3526 ἐκείνου

252 3567 548 3638 προσθήκη
562 3565 622 3617 τὺ
641 3564 1014 3634 ἀναδιδόμενον
1030 3564 1256 3631 γίνεται,
1291 3564 1378 3616 καὶ
1400 3561 1651 3631 ποικίλης
1663 3559 1831 3630 οὔσης

246 3661 307 3711 ἐν
335 3661 409 3727 τῇ
429 3656 687 3709 συστάσει
700 3655 788 3708 τοῦ
806 3654 1055 3725 σώματος
1066 3655 1163 3724 τῆς
1175 3653 1284 3707 τῶν
1307 3652 1482 3723 μελῶν
1495 3652 1753 3722 διαφορᾶς
1774 3651 1830 3702 ἐν

245 3749 330 3819 τῷ
349 3745 509 3817 ξηρῷ
524 3762 581 3797 τε
600 3746 689 3798 καὶ
717 3745 881 3816 ὑγρῷ,
908 3745 1001 3797 καὶ
1026 3743 1102 3814 τῷ
1121 3744 1329 3797 καίοντι
1353 3744 1447 3795 καὶ
1474 3741 1553 3813 τῷ
1573 3741 1798 3812 ψύχοντι
1812 3758 1826 3771 ο

248 3840 383 3909 παρ’
416 3829 494 3889 ὧν
523 3836 589 3889 ἀν
615 3836 836 3905 γένηται
861 3834 922 3888 τὸ
951 3835 1052 3905 τῆς
1089 3835 1295 3905 τροφῆς
1335 3834 1516 3904 μέρος,
1542 3835 1716 3886 ἐκεῖνο
1746 3832 1833 3901 γί-

247 3946 425 3988 νεται,
467 3927 497 3979 ὃ
541 3927 602 3980 τὸ
646 3926 1004 3996 ὑποκείμενον
1039 3925 1178 3978 κατά
1216 3924 1378 3993 φύσιν
1410 3926 1557 3977 ἐστὶν
1596 3924 1695 3993 (τὸ
1726 3924 1832 3994 γὰρ

252 4018 588 4086 ἐπικρατοῦν
618 4018 891 4088 εὐκαίρως
930 4017 1029 4088 τὴν
1060 4016 1368 4087 λεπτότητα
1402 4016 1499 4085 τῆς
1532 4015 1833 4078 ἀναδόσεως

251 4108 431 4178 ἐαυτῷ
461 4108 888 4178 προσῳκείωσε)
911 4122 927 4139 ο
962 4106 1054 4159 τὸν
1092 4104 1255 4160 αὑτὸν
1284 4107 1484 4176 τρόπον
1506 4104 1836 4174 ἀνεπαίσθη-

251 4217 344 4263 τος
382 4201 593 4266 γίνεται
644 4198 733 4251 ara
775 4197 883 4251 τῶν
922 4196 1145 4268 ἀμερῶν
1193 4197 1416 4249 ἐκείνων
1461 4197 1639 4265 δγκων
1682 4195 1834 4267 ήάεὶ

1848 1736 1891 1791 Β

1852 3071 1895 3129 C

1924 498 2093 553 supra
2127 484 2367 537 diximus
2400 480 2584 550 modo,
2624 484 2678 536 in
2712 482 2835 551 igne
2852 483 3014 552 positi
3040 486 3355 553 qualitatem
3384 487 3486 539 btt-

1922 570 2122 623 midam
2145 572 2195 624 in
2214 571 2417 626 siccam
2434 579 2776 635 convertunt,
2793 585 3017 627 necesse
3031 582 3134 636 est,
3153 576 3485 645 utquidquid

1920 660 2052 714 illud
2092 661 2276 726 fuerit,
2301 664 2446 733 quod
2475 678 2540 718 ex
2569 664 2679 718 illis
2705 664 2986 718 redactum
3015 664 3198 718 animo
3238 680 3461 737 compre

1921 749 2291 815 henderimus,
2312 767 2506 822 purum
2538 758 2592 807 et
2614 765 2829 807 aereum
2847 750 3073 820 aliquid,
3104 753 3245 821 quod
3273 754 3487 808 subtili-

1924 849 2033 896 tate
2070 856 2170 895 sua
2204 843 2571 913 cognitionem
2601 843 2837 914 eﬂ‘ugiat,
2868 844 3189 913 cogitemus.
3223 843 3317 899 Sin
3345 847 3491 915 quis-

1922 933 2065 1002 piam
2104 934 2290 990 sensui
2322 936 2495 1003 magis
2523 950 2685 1005 quam
2716 934 2914 989 rationi
2946 935 3275 991 credendum
3315 945 3487 1007 putat,

1923 1024 2229 1093 quaeritque
2262 1025 2441 1080 oculis
2469 1025 2745 1079 individua
2785 1041 2848 1079 ac
2878 1040 3017 1081 caeca
3042 1025 3132 1079 illa
3166 1030 3489 1095 corpuscula

1921 1115 2190 1180 contueri,
2228 1116 2276 1171 is
2311 1116 2509 1185 poterit
2550 1130 2727 1171 aerem
2762 1116 2963 1171 talibus
2996 1119 3278 1186 particulis
3318 1118 3489 1173 refer-

1922 1212 2036 1259 tum
2065 1207 2334 1277 aspicere,
2370 1208 2588 1277 quando
2611 1207 2747 1261 radii
2775 1208 2909 1263 solis
2942 1224 3036 1276 per
3070 1208 3365 1264 fenestram
3396 1225 3491 1265 ex~

1926 1297 2090 1365 cepti,
2153 1313 2273 1352 eam
2326 1299 2468 1354 aeris
2522 1307 2728 1368 partem
2788 1299 3073 1354 clariorem
3135 1300 3487 1365 reddiderint,

1922 1403 2043 1457 quae
2081 1389 2369 1459 splendore
2419 1390 2581 1446 fuerit
2627 1392 2917 1448 illustrata.
2955 1392 3055 1449 Hic
3093 1394 3235 1447 enim
3279 1394 3488 1448 iutinita

1923 1481 2379 1548 corpusculorum
2411 1482 2464 1536 in
2494 1497 2623 1538 aere
2648 1484 2988 1538 volitantium
3024 1485 3333 1547 multitudo,
3370 1501 3489 1554 qua:

1923 1569 1977 1622 in
2011 1570 2221 1640 reliquo
2255 1573 2397 1628 aeris
2426 1575 2602 1642 spatio
2638 1576 2811 1630 oculis
2842 1576 2987 1630 cerui
3023 1591 3131 1630 non
3173 1585 3368 1644 potest,
3398 1591 3485 1627 ra-

1923 1658 2134 1715 diormn
2181 1662 2443 1717 beneﬂcio
2479 1667 2821 1733 perspicitur.
2858 1667 2915 1721 Si
2954 1668 3077 1735 quis
3110 1667 3275 1735 igitur
3315 1669 3485 1721 aciem

1918 1753 2198 1807 oculorum
2255 1753 2567 1821 intenderit,
2597 1756 2919 1825 corpuscula
2967 1758 3053 1810 illa
3092 1757 3313 1811 subtilia
3349 1756 3487 1811 assi~

1919 1842 2027 1898 due
2068 1843 2358 1899 deﬂuentia
2388 1844 2643 1900 deorsum
2685 1846 2814 1900 ferri
2854 1847 3171 1916 conspiciet.
3206 1846 3361 1912 Quod
3390 1862 3489 1900 au-

1920 1942 2027 1990 tem
2058 1934 2113 1989 in
2146 1949 2249 1989 una
2276 1928 2429 2005 parte
2461 1936 2604 1990 aeris
2629 1937 2956 1999 ostenditur,
2984 1937 3186 1993 indicio
3207 1948 3311 2002 est,
3344 1938 3484 1991 idem

1920 2025 1974 2078 in
2008 2024 2263 2079 universo
2311 2026 2512 2089 mundo
2554 2025 2689 2090 ﬂeri,
2730 2027 2995 2097 siquidem
3042 2030 3182 2082 inter
3217 2043 3275 2083 se
3314 2030 3491 2082 couti-

1904 2132 2063 2181 _nuus
2092 2125 2196 2179 est,
2236 2126 2291 2172 et
2330 2134 2397 2173 ex
2448 2120 2695 2188 partibus
2733 2127 3074 2189 compactus.
3107 2120 3277 2174 Porro
3324 2122 3369 2176 si
3412 2131 3492 2176 te-

1919 2207 2049 2261 nuia
2082 2208 2195 2262 baac
2228 2209 2615 2279 individuaque
2649 2212 2995 2281 corpuscula,
3030 2228 3149 2281 qua:
3174 2212 3228 2266 in
3261 2212 3483 2280 acreja-

1920 2308 2158 2365 ctantur,
2188 2300 2241 2354 in
2279 2308 2479 2355 terram
2521 2300 2805 2356 deﬂuunt:
2847 2310 3165 2373 certumque
3207 2312 3291 2359 est
3326 2304 3492 2359 aethe-

1920 2390 2059 2444 riam
2113 2392 2348 2461 speciem
2400 2407 2510 2446 non
2562 2392 2797 2462 discerpi
2850 2393 2904 2447 in
2952 2409 3014 2449 ea
3062 2409 3163 2449 nec
3211 2394 3490 2465 dissipari.

1921 2482 2141 2551 quando
2196 2482 2625 2539 confractionem
2669 2494 2831 2554 atque
2871 2484 3187 2540 effusionem
3222 2486 3491 2555 ejusmodi

1921 2586 2030 2626 non
2054 2573 2259 2642 patitur
2285 2574 2425 2644 ignis
2456 2581 2647 2628 natura
2674 2594 2687 2628 :
2730 2590 2952 2630 necesse
2978 2584 3057 2631 est
3095 2585 3153 2630 ut
3181 2579 3491 2641 credamus,

1922 2663 2204 2719 materiam
2243 2679 2367 2719 esse
2401 2664 2616 2720 illorum
2651 2681 2933 2735 vaporum,
2967 2682 3199 2737 quorum
3230 2667 3491 2739 digestio-

1922 2769 2045 2808 nem
2079 2761 2206 2809 ante
2237 2753 2706 2808 consideravimus
2732 2773 2746 2810 :
2783 2757 2875 2825 qui
2908 2771 3033 2809 cum
3063 2757 3271 2811 humidi
3302 2758 3434 2823 sint,
3461 2774 3494 2812 a

1921 2841 2097 2895 calida
2137 2842 2489 2896 attrahuntur
2532 2852 2749 2908 natura,
2789 2846 3079 2914 exustique
3107 2861 3170 2901 ac
3201 2855 3491 2904 terrestres

1922 2931 2124 2996 eﬂ‘ecti,
2148 2948 2255 2987 non
2285 2934 2517 3001 amplius
2541 2934 2596 2988 in
2615 2949 2740 2990 aere
2760 2936 3129 3001 continentur,
3154 2937 3245 2992 sed
3273 2955 3490 2993 rursmu

1927 3023 1984 3077 in
2014 3031 2218 3078 terram
2244 3034 2616 3079 revertuntur.
2640 3027 3103 3091 Quemadmodum
3130 3035 3310 3083 autem
3338 3030 3495 3084 cibus

1931 3113 1986 3167 in
2036 3114 2194 3169 nobis
2246 3130 2343 3184 per
2388 3116 2797 3171 concoctionem
2850 3117 2905 3170 in
2952 3126 3166 3173 tenuem
3204 3120 3492 3188 quamdam

1929 3208 2243 3277 qualitatem
2279 3208 2615 3271 immutatur,
2655 3217 2711 3265 et
2746 3211 3056 3282 cuicunque
3082 3213 3329 3282 corporis
3356 3215 3493 3283 parti

1929 3314 2026 3369 per
2057 3299 2414 3368 digestionem
2462 3301 2778 3365 accesserit,
2807 3317 2927 3357 eam
2958 3311 3140 3373 auget,
3178 3319 3407 3373 cumque
3439 3305 3496 3359 in

1929 3388 2179 3458 corporis
2208 3389 2601 3445 constitutione
2634 3391 2785 3444 varia
2820 3390 2892 3446 sit
2922 3392 3283 3446 membrorum
3312 3392 3365 3446 in
3398 3392 3500 3448 sic-

1930 3495 1996 3535 co
2025 3489 2079 3534 et
2107 3480 2355 3547 humido,
2389 3490 2443 3536 et
2470 3481 2648 3536 calido
2682 3490 2737 3537 et
2771 3480 2969 3552 frigido
2999 3481 3321 3549 diﬂ‘ereutia,
3362 3500 3499 3555 quo-

1929 3587 2145 3642 cunque
2201 3583 2500 3630 eoucoctus
2554 3577 2912 3644 digestusquc
2968 3578 3307 3645 pervenerit,
3372 3579 3499 3633 talis

1930 3664 2130 3727 evadit,
2164 3665 2344 3735 qualis
2382 3674 2465 3721 est
2499 3679 2563 3722 ea
2605 3667 3007 3747 corporishpars
3041 3683 3070 3721 a
3118 3684 3223 3738 qua
3266 3672 3501 3741 suscipi-

1929 3762 2042 3819 tur,
2070 3772 2191 3825 quae
2227 3755 2445 3826 quidem
2486 3764 2789 3825 Opportune
2828 3759 3146 3813 tenuitatem
3182 3760 3501 3829 digestionis

1931 3845 2365 3915 comprehendit,
2391 3860 2620 3916 eamque
2647 3846 2749 3901 sibi
2772 3848 3167 3911 accommodat,
3188 3858 3243 3903 et
3270 3850 3498 3903 similem

1932 3942 1996 3982 ac
2027 3929 2302 3999 propriam
2331 3931 2504 3986 reddit
2536 3950 2551 3987 :
2579 3932 2767 3988 eodem
2794 3944 2951 4003 pacto
2978 3935 3104 3990 licet
3140 3952 3246 3990 non
3295 3938 3501 3992 sentia-

1931 4030 2043 4084 tur,
2088 4021 2309 4076 assidua
2358 4032 2513 4079 terra:
2553 4024 2609 4078 ﬂt
2667 4027 2911 4081 accessio
2958 4042 3053 4096 per
3090 4028 3366 4082 individua
3409 4027 3499 4082 illa

1934 4112 2281 4181 corpuscula.
2323 4112 2688 4178 Quamobrem
2730 4118 2990 4186 quidquid
3030 4119 3226 4171 alicubi
3261 4120 3503 4174 cohaese-

1933 4202 2026 4267 rit,
2065 4210 2119 4257 et
2147 4203 2434 4267 coaluerit,
2469 4204 2617 4259 illius
2651 4190 2835 4274 partis
2860 4221 2890 4258 a
2916 4222 3023 4273 qua
3054 4213 3365 4275 susceptum
3394 4216 3499 4268 est.

247 4290 513 4358 γινομένη
533 4289 600 4358 τῇ
624 4290 694 4359 γῇ
718 4286 1025 4358 προσθήκη.
1054 4286 1198 4339 Διὸτι
1214 4288 1376 4340 παντὶ
1401 4286 1475 4357 τῷ
1492 4287 1827 4357 ὑποκειμένῳ

1937 4302 2190 4349 naturam
2224 4296 2393 4356 subit,
2427 4294 2592 4364 [itque
2620 4295 2775 4366 gleba
2803 4295 2856 4348 in
2891 4295 3069 4364 gleba,
3108 4310 3273 4349 arena
3304 4297 3357 4350 in
3381 4312 3503 4352 are-

248 4378 592 4450 συμφυέντα,
621 4379 758 4449 ὅπερ
784 4378 851 4431 ἀν
873 4378 993 4431 κατ’
1020 4375 1258 4451 οὐσίανῇ
1289 4377 1349 4430 τὸ
1368 4376 1671 4449 δεχόμενον,
1700 4377 1827 4447 πρὸς

1938 4400 2029 4452 na,
2068 4386 2207 4455 lapis
2255 4386 2311 4440 in
2363 4385 2561 4455 lapide,
2597 4392 2650 4438 et
2688 4384 2744 4439 in
2797 4385 3053 4441 universo
3081 4384 3419 4455 universum,
3448 4397 3504 4441 et

253 4472 475 4540 ἐκείνην
503 4469 770 4541 ἠλλοιώθη
814 4470 913 4540 τὴν
952 4470 1136 4538 φύσιν,
1178 4470 1273 4524 καὶ
1300 4470 1516 4538 ἐγένετο
1561 4470 1732 4540 βῶλος
1776 4471 1833 4522 ἐν

251 4562 438 4631 βώλῳ,
470 4563 567 4615 καὶ
595 4561 825 4631 ψάμμος
851 4561 910 4613 ἐν
925 4561 1158 4631 ψάμμῳ,
1184 4562 1279 4614 καὶ
1306 4560 1450 4625 λίθος
1472 4563 1529 4614 ἐν
1553 4560 1715 4631 λίθῳ,
1743 4561 1837 4614 καὶ⁵

252 4657 310 4707 ἐν
335 4653 512 4705 παντὶ
533 4654 661 4713 πᾶν,
688 4653 882 4722 ὅτιπερ
904 4653 970 4706 ἂν
991 4652 1128 4723 τύχῃ
1160 4651 1267 4705 τῶν
1299 4652 1665 4723 στερροτέρων
1686 4651 1837 4718 δεξά-

253 4761 443 4813 μενον,
486 4741 626 4812 πρὸς
650 4742 708 4793 τὸ
755 4742 1089 4814 ἐπικρατοῦν
1121 4740 1404 4812 μετετέθη.
1437 4743 1499 4794 Ei
1532 4741 1587 4794 δὲ
1628 4741 1835 4794 δυσπα-

256 4838 529 4906 ράδεκτον
566 4831 731 4885 οἴεταί
770 4852 851 4898 τις
904 4832 999 4887 τοῦ
1046 4832 1194 4885 λίθου
1241 4832 1340 4901 τὴν
1375 4831 1698 4885 ἀντιτυπίαν
1738 4831 1837 4901 τῆς

255 4927 516 4995 τοιαύτης
560 4926 894 4995 προσθήκης,
935 4923 1037 4977 κᾶν
1063 4925 1091 4977 ὁ
1118 4922 1274 4992 λόγος
1297 4923 1357 4975 τὸ
1382 4922 1669 4976 ἀκόλουθον
1700 4921 1800 4994 ἔχῃ
1820 4960 1835 4984 ,

258 5020 405 5086 ὅμως
437 5017 550 5085 ἐγὼ
581 5017 715 5087 πρὸς
744 5017 869 5078 τοὺς
895 5016 1071 5069 ταῦτα
1104 5015 1432 5087 φρονοῦντας
1458 5054 1472 5079 ,
1497 5015 1649 5068 οὐδὲν
1686 5010 1837 5084 οἶμαι

260 5113 364 5164 δεῖν
392 5111 815 5182 ἀναμάχεσθαι.
841 5110 1007 5165 Οὐδὲν
1029 5111 1138 5183 γὰρ
1166 5111 1273 5178 ἔξει
1298 5111 1361 5165 τδ
1379 5110 1526 5171 εἰκὸς
1552 5113 1586 5180 ἡ
1616 5110 1837 5179 θεωρία,

263 5204 346 5257 διὰ
376 5205 716 5273 πνευμάτων
746 5203 852 5255 ἀπδ
893 5202 987 5255 τοῦ
1014 5204 1087 5273 μὴ
1122 5201 1539 5273 περιδεχομένου
1560 5240 1575 5263 ,
1608 5201 1745 5271 πρὸς
1781 5199 1841 5252 τὸ

270 5295 644 5362 συμφυόμενον
672 5292 772 5361 τῆς
792 5292 1000 5345 ἀνωθεν
1021 5292 1114 5345 τοῦ
1135 5291 1367 5360 γεώδους
1389 5289 1647 5361 ἐπιρροῆς
1674 5305 1841 5359 μετα-

268 5384 589 5453 τικτούσης.
610 5384 750 5435 Ἀλλ’
770 5385 888 5453 ἐρεῖ
902 5399 985 5445 τις
1002 5384 1129 5446 ἴσως
1144 5384 1218 5454 μὴ
1237 5383 1371 5452 πρὸς
1388 5382 1477 5435 τὸν
1497 5380 1625 5433 ἴδιον
1642 5378 1841 5432 σκοπὸν

275 5474 478 5543 διέπειν
498 5477 592 5529 τον
610 5476 767 5542 λόγον
793 5475 972 5546 ἡμῶν,
988 5474 1123 5528 ἀλλὰ
1140 5474 1433 5547 προθέσθαι
1453 5473 1551 5543 μὲν
1567 5470 1842 5533 ἀποδεῖξαι

272 5567 365 5636 τὴν
382 5565 548 5636 ὑγρὰν
575 5566 735 5634 φύσιν
755 5568 845 5619 ἐπί
861 5566 954 5619 τοῦ
972 5566 1031 5631 ἐξ
1050 5548 1227 5639 ἀρχῆς
1249 5566 1443 5636 μέτρου
1459 5562 1620 5634 μέχρι
1647 5560 1843 5623 παντὸς

274 5658 651 5729 διαμέιουσαν,
684 5658 863 5712 λαθεῖν
896 5660 953 5714 δὲ
988 5662 1048 5713 τίο
1077 5660 1317 5715 ἐναντίον
1350 5654 1841 5721 κατασκευάζοντα.

460 5752 730 5813 Parant.
780 5754 891 5814 Gn.
934 5755 1140 5819 κων.

1933 4476 2297 4547 quodcunque
2336 4475 2501 4531 fuerit
2536 4474 2794 4540 solidum,
2825 4475 2957 4529 illud
2982 4491 3010 4529 a
3045 4492 3154 4544 quo
3179 4477 3502 4546 suscipitur,

1934 4566 1989 4620 in
2027 4566 2266 4633 ejusdem
2298 4573 2549 4620 naturam
2580 4573 2968 4620 commutatur.
3002 4564 3159 4630 Quod
3204 4566 3248 4619 si
3294 4569 3417 4635 quis
3448 4567 3504 4620 in

1933 4655 2111 4725 lapide
2142 4662 2364 4724 propter
2396 4653 2654 4709 duritiam
2684 4664 2835 4725 putet
2865 4670 2987 4711 esse
3012 4654 3247 4721 diﬂicile,
3285 4656 3411 4710 licet
3450 4656 3505 4723 id

1933 4749 2113 4817 ipsum
2158 4747 2299 4799 ratio
2344 4746 2692 4816 persuadeat,
2737 4762 2838 4819 ego
2878 4756 3060 4803 tamen
3104 4762 3228 4801 eum
3271 4747 3364 4801 illo
3394 4762 3505 4802 non

1935 4835 2245 4891 decertabo.
2282 4834 2648 4890 Nihilominus
2679 4836 2823 4889 enim
2847 4834 3183 4897 conﬁcietur,
3213 4833 3356 4903 quod
3381 4848 3509 4901 pro.

1936 4927 2168 4997 positum
2198 4934 2300 4989 est,
2325 4939 2447 4980 cum
2471 4925 2747 4980 terrestris
2775 4925 3001 4979 materia
3027 4925 3282 4978 deorsum
3308 4922 3504 4988 ﬂuens,

1937 5032 1967 5071 a
1998 5016 2244 5087 partibus
2273 5031 2392 5071 eam
2432 5031 2541 5069 non
2582 5013 3007 5083 suscipientibus
3042 5014 3106 5066 ad
3139 5013 3509 5083 suscipientes

1939 5125 1968 5163 a
1998 5110 2170 5164 ventis
2196 5105 2579 5162 transferatur.
2606 5090 2683 5159 Δι’
2704 5105 2902 5175 aliquis
2924 5104 3067 5159 dicet
3103 5104 3357 5167 fortasse,
3390 5119 3509 5157 ora-

1940 5202 2140 5254 tionem
2166 5209 2405 5252 nostram
2434 5212 2544 5251 non
2578 5212 2644 5251 eo
2679 5198 2921 5260 tendere,
2946 5210 3053 5265 quo
3076 5196 3462 5265 proposuimus
3490 5213 3503 5247 τ

1940 5292 2098 5346 nobis
2146 5291 2289 5344 enim
2339 5289 2508 5345 fuisse
2566 5289 2935 5359 propositum,
2997 5296 3055 5341 ut
3095 5286 3508 5343 ostenderemus

1943 5399 2139 5453 aquam
2169 5397 2384 5451 semper
2416 5384 2469 5435 in
2492 5396 2554 5436 ea
2582 5397 2858 5445 mensura,
2888 5398 3047 5451 quam
3069 5382 3225 5437 initio
3248 5380 3503 5443 obtinuit,

1943 5485 2300 5542 permanere;
2337 5469 2708 5539 imprudenter
2736 5480 2915 5526 autem
2950 5473 3076 5525 illuc
3103 5488 3226 5528 esse
3260 5485 3508 5539 progres-

1945 5578 2057 5624 sos,
2102 5570 2161 5616 ut
2184 5562 2517 5616 contrarium
2555 5561 3041 5618 conﬂrmaremus:
3085 5564 3202 5618 sive
3245 5574 3388 5611 cnim
3428 5555 3512 5610 di-

1946 5652 2080 5724 gesti
2109 5664 2337 5720 vapores
2378 5651 2431 5705 in
2475 5652 2596 5721 igne
2626 5650 2968 5717 consideant,
3009 5651 3124 5705 sive
3180 5652 3515 5703 revertantur

3200 5741 3232 5789 4
