4106 6208
695 299 716 352 ί
730 299 794 352 υτ

1921 301 1979 360 S.
2020 302 2346 361 GREGORII
2373 302 2660 359 NYSSENI

3823 314 3914 371 i08

691 428 747 480 in
777 431 976 478 terram
1005 439 1018 475 :
1057 429 1286 492 utraque
1331 436 1389 477 re
1425 422 1838 479 diminutionem
1870 437 2025 494 aquze
2062 425 2251 495 parite:

2365 421 2490 476 Εἴτε
2515 423 2623 495 γὰρ
2648 425 2705 476 ὲν
2733 422 2811 495 τῷ
2844 424 2979 496 πυρὶ
3005 421 3066 476 τὸ
3097 423 3480 495 ἀναδιδόμενον
3513 425 3680 495 μένοι,
3706 428 3798 480 εἴτε
3828 431 3911 484 καὶ

690 514 866 584 sequi,
897 527 1070 583 eoque
1098 514 1218 582 ipso
1261 515 1474 584 copiam
1518 529 1782 583 aquarum
1830 514 2068 578 o'steudi,
2117 515 2262 586 quod

682 605 916 660 omnino
972 619 1186 676 semper
1231 606 1610 661 absumuntur.
1662 603 2044 662 Necessarium
2097 607 2263 677 igitur

690 697 816 760 erit,
849 704 907 751 ut
937 711 1118 750 rerum
1144 705 1394 751 naturam
1439 698 1633 751 iterum
1677 697 2108 760 consideremus,
2153 711 2264 767 quo

691 785 993 855 disputatio
1031 794 1221 840 nostra
1251 786 1456 840 rectius
1501 801 1596 856 per
1626 787 1798 857 ipsam
1836 785 1903 839 ad
1942 786 2098 840 linem
2135 801 2260 854 pro-

692 877 926 946 positum
960 877 1315 948 perducatur.

759 1151 1020 1220 Quaenam
1056 1153 1222 1223 igitur
1249 1159 1335 1209 est
1381 1166 1560 1206 rerum
1603 1152 1836 1205 natura?
1869 1151 2009 1206 Nihil
2050 1167 2260 1217 eorum,

691 1261 813 1314 quae
859 1249 1160 1296 cernuntur
1213 1242 1406 1297 ordine
1458 1251 1656 1296 terram
1709 1241 1937 1304 ambire,
1981 1250 2262 1306 constans,

692 1337 928 1399 ﬁrmum,
971 1343 1023 1389 et
1070 1335 1411 1389 immutabile
1461 1333 1821 1389 constitutum
1868 1340 1953 1389 est
2001 1347 2030 1387 a
2079 1348 2263 1408 rerum

689 1427 932 1481 omnium
962 1426 1156 1498 opiﬁce
1205 1423 1357 1481 Deo:
1401 1425 1497 1480 sed
1533 1425 1714 1479 omnia
1751 1427 1892 1479 inter
1923 1439 1982 1479 se
2018 1423 2263 1479 vicissim

689 1528 1115 1576 commutantur.
1143 1520 1290 1575 inest
1317 1518 1463 1573 enim
1493 1516 1738 1588 quaadam
1766 1517 1871 1581 vis,
1898 1515 2057 1586 cujus
2080 1531 2267 1586 perpe-

690 1618 785 1665 tuo
814 1609 1051 1679 quodam
1093 1609 1149 1663 in
1180 1607 1371 1662 orbem
1408 1614 1560 1660 motu
1607 1613 1808 1659 cuncta
1853 1605 1966 1659 haec
2003 1605 2263 1660 inferiora

691 1701 1162 1768 circumaguntur,
1205 1705 1259 1752 et
1291 1702 1694 1766 permutantur,
1726 1710 2054 1765 rursumque
2090 1696 2146 1750 in
2180 1709 2262 1750 sec

2372 515 2436 584 ξη
2445 515 2634 584 ρανθὲν
2653 513 2812 568 πάλιν
2828 515 2920 568 ἐπὶ
2935 515 3034 584 τὴν
3055 515 3158 587 γῆν
3184 515 3558 586 ὲπανέρχοιτο,
3577 518 3663 586 ἴση
3683 519 3788 572 καθ’
3801 521 3912 574 ἐκά-

2369 623 2526 680 τερον
2546 609 2579 677 ἡ
2619 605 2713 660 τοῦ
2737 605 2927 670 ὓδατος
2951 607 3248 671 ἐλάττωσις
3281 607 3434 660 ἔσται
3450 624 3462 637 ·
3500 609 3596 661 καὶ
3620 609 3754 664 οὐδὲν
3771 608 3912 680 ἦττον

2367 679 2457 750 διὰ
2477 698 2576 768 τῆς
2595 697 2944 768 κατασκευῆς
2972 697 3174 768 ταύτης
3200 698 3474 766 ἀναγκαία
3493 697 3750 754 δείκνυται
3830 701 3911 755 τοῦ

2369 788 2537 860 ὑγροῦ
2578 789 2884 860 περιουσία,
2927 789 3014 843 διὰ
3049 789 3112 843 τὸ
3145 789 3362 852 πάντως
3395 791 3566 843 εἰσαεὶ
3588 791 3910 848 δαπανᾶσθαι.

2369 879 2578 933 Οὐκοῦν
2599 881 2892 948 ἀναγκαῖον
2907 880 2972 934 ἂν
2993 879 3076 951 εἴη
3108 880 3246 953 πρὸς
3271 880 3361 934 τὸν
3387 865 3543 950 λόγον
3558 882 3750 946 τοῦτον,
3770 886 3914 940 πάλιν

2370 971 2469 1041 τὴν
2492 970 2653 1040 φύσιν
2672 970 2780 1024 τῶν
2803 971 2973 1025 ὄντων
2998 973 3348 1042 κατανοῆσαι,
3362 974 3438 1037 ὡς
3459 973 3524 1027 ἂν
3543 975 3778 1047 διἀὐτῆς
3796 981 3914 1049 ἡμῖν

2371 1063 2653 1134 εὐοδωθείη
2682 1063 2818 1136 πρὸς
2850 1064 2940 1117 τὸν
2962 1064 3320 1138 προκείμενον
3349 1065 3549 1118 σκοπὸν
3577 1067 3637 1120 τὸ
3661 1067 3911 1140 θεώρημα.

2440 1153 2537 1217 Τίς
2585 1150 2676 1208 οὖν
2713 1155 2746 1226 ἠ
2784 1154 2978 1224 φύσις;
3035 1155 3199 1208 Οὐδὲν
3239 1154 3345 1209 τῶν
3400 1157 3742 1227 στοιχειωδῶς
3775 1160 3826 1213 ὲν
3851 1165 3912 1232 τῇ

2372 1242 2628 1295 συστάσει
2679 1242 2772 1296 τοῦ
2808 1245 3086 1314 περιγείου
3117 1245 3320 1314 κόσμου
3353 1245 3731 1317 θεωρουμένων
3773 1251 3917 1322 ἄτρε-

2371 1335 2504 1387 πτόν
2557 1350 2616 1386 τε
2678 1334 2770 1387 καί⁸
2825 1334 3182 1388 ἀναλλοίωτον
3237 1337 3389 1409 παρά
3445 1337 3540 1390 τοῦ
3601 1341 3914 1411 Δημιουργοῦ

2369 1427 2476 1479 τῶν
2518 1426 2673 1481 ’ὅλων
2738 1426 3077 1499 πεποίηται·
3140 1427 3280 1482 ἀλλά
3347 1429 3525 1484 πάντα
3582 1431 3640 1483 ὲν
3694 1432 3917 1503 ἀλλήλοις

2369 1516 2514 1578 ἐστὶ,
2557 1516 2651 1571 καὶ
2709 1517 2778 1572 δι’
2816 1517 3058 1589 ἀλλήλων
3115 1518 3520 1589 διακρατεὴαι,
3556 1521 3654 1592 τῆς
3704 1523 3918 1594 τρεπτῆς

2369 1607 2649 1680 δυνάμεως
2706 1609 2794 1666 διά
2849 1628 2996 1674 τινος
3058 1611 3347 1679 ἐγκυκλίου
3406 1615 3703 1684 περιφορᾶς
3757 1614 3917 1668 πάντα

2371 1701 2453 1764 είς
2516 1701 2722 1772 ἄλληλα
2774 1701 2846 1755 τὰ
2905 1701 3080 1774 γεώδη
3142 1702 3581 1773 μεταϐαλλούσης
3608 1746 3622 1770 ,
3691 1703 3776 1757 καὶ
3828 1705 3918 1760 ἀπ’

692 1789 924 1859 metipsa
957 1788 1314 1843 reducuntur.
1339 1784 1474 1851 Qua:
1499 1785 1719 1855 quidem
1751 1785 2104 1840 commutatio
2133 1798 2251 1839 cum

2361 1790 2602 1864 ἀλλήλων
2655 1795 2734 1856 είς
2789 1793 2958 1846 ἑαυτά
3005 1793 3166 1846 πάλιν
3200 1793 3610 1865 ἑπαναγούσης·
3662 1795 3814 1868 αὐτῆς
3862 1796 3918 1850 δὲ

691 1880 806 1936 lieri
838 1893 1118 1951 nunquam
1151 1885 1353 1942 cesset,
1391 1891 1620 1932 necesse
1649 1884 1756 1942 est,
1796 1877 1851 1931 in
1880 1877 1984 1931 alia
2020 1875 2260 1932 vicissim

683 1971 871 2026 o.nnia
902 1969 1160 2030 transire,
1201 1977 1254 2022 et
1293 1984 1390 2039 per
1427 1971 1627 2024 eadem
1655 1969 1854 2023 iterum
1906 1967 2129 2038 vestigia
2176 1982 2264 2022 re-

687 2077 890 2117 meare.
919 2061 1064 2115 Nihil
1101 2061 1247 2115 enim
1283 2061 1477 2115 horum
1513 2075 1543 2114 a
1583 2075 1642 2115 se
1673 2061 1793 2130 ipso
1817 2066 2260 2126 conservaretur,

686 2152 794 2206 nisi
823 2165 945 2206 cum
982 2151 1155 2205 altero
1187 2165 1384 2220 genere
1425 2149 1775 2205 commistum
1821 2156 2071 2204 naturam
2107 2163 2260 2204 suam

687 2244 981 2298 obtineret.
1015 2240 1326 2308 Quomodo,
1363 2240 1602 2312 inquies,
1639 2240 1732 2295 illa
1770 2238 2139 2294 commutandi
2180 2240 2262 2295 vis

687 2351 784 2407 per
811 2341 1048 2406 quatuor
1099 2333 1372 2390 elementa
1411 2332 1468 2388 in
1508 2333 1696 2388 orbem
1731 2333 2036 2388 commeat?
2077 2329 2264 2403 Neque

684 2431 829 2485 enim
861 2427 1113 2498 qualibet
1149 2441 1212 2482 ex
1244 2425 1577 2496 quibuslibet
1609 2424 1850 2480 vicissim
1889 2425 2043 2490 fiunt,
2087 2440 2262 2495 neque

686 2517 1136 2575 commutationis
1169 2519 1412 2572 circulus
1442 2531 1539 2587 per
1576 2531 1665 2573 res
1706 2515 1950 2586 singulas
1982 2516 2264 2585 aequaliter

683 2621 956 2681 vagatur:
996 2610 1089 2666 sed
1139 2625 1281 2680 aqua
1320 2608 1541 2678 quidem
1584 2623 1682 2678 per
1718 2621 1944 2677 vapores
1983 2607 2037 2661 in
2080 2621 2259 2661 aerem

682 2701 1016 2767 refunditur,
1048 2715 1280 2769 vapores
1310 2708 1496 2755 autem
1544 2700 1745 2770 pabulo
1788 2697 2020 2754 ﬂammae
2054 2699 2261 2754 submi—

681 2795 912 2849 nistrato
949 2801 1238 2849 terrestres
1287 2792 1447 2859 liunt,
1477 2792 1534 2845 in
1579 2791 1814 2845 cinerem
1848 2789 2260 2860 'quodammod'o

681 2888 908 2950 redacti,
955 2895 1310 2955 posteaquam
1361 2899 1486 2939 cum
1541 2885 1664 2953 igne
1716 2882 1916 2938 versati
1959 2889 2107 2939 sunt.
2162 2881 2258 2938 His

685 2993 811 3032 vero
844 2976 1113 3046 susceptis
1144 2984 1285 3030 terra
1331 2975 1656 3029 mutationis
1692 2975 1746 3027 in
1787 2988 1846 3027 se
1872 2973 2136 3026 circulum
2180 2973 2254 3026 si-

678 3067 792 3121 stit.
823 3064 1010 3136 Neque
1036 3067 1192 3120 enim‘
1217 3079 1372 3134 aqua:
1419 3073 1615 3118 natura
1643 3078 1836 3117 rursus
1870 3071 2048 3116 ortum
2090 3063 2252 3119 habet

677 3175 708 3213 e
741 3169 907 3214 terra.
945 3157 1063 3223 Qua
1106 3157 1324 3227 quidem
1365 3157 1579 3210 ratione
1627 3155 1959 3224 relinquitur
2001 3155 2252 3212 conside—

675 3249 930 3312 randum,
961 3255 1140 3302 utrum
1173 3257 1317 3300 terra
1346 3248 1398 3301 in
1439 3261 1593 3316 aqua
1616 3253 1866 3301 naturam
1893 3246 2087 3301 mutari
2121 3262 2246 3317 pos-

673 3344 772 3396 sit.
810 3339 966 3405 Quod
999 3339 1127 3394 dum
1170 3339 1586 3409 investigamus,
1621 3353 1783 3394 nemo
1810 3339 2111 3394 orationem
2145 3355 2248 3394 uo-

677 3441 848 3488 stram
885 3439 946 3486 ut
981 3431 1281 3502 longiorem
1335 3440 1575 3487 accuset.
1612 3429 1873 3486 Videmus
1901 3446 1963 3486 ea
2001 3445 2123 3502 qua:
2152 3445 2249 3485 na-

679 3533 801 3578 tura
835 3532 961 3579 suut
1005 3523 1174 3587 sicca,
1222 3531 1418 3594 sponte
1451 3536 1550 3576 sua
1590 3522 1829 3577 naturali
1857 3522 2090 3592 quadam
2121 3537 2249 3593 pro-

675 3613 906 3682 prietate
941 3613 1243 3668 madeﬁeri.
1282 3611 1349 3668 Ut
1387 3613 1439 3666 in
1474 3613 1587 3668 sale
1635 3613 1763 3669 licet
1801 3615 2024 3678 intueri,
2053 3615 2248 3670 metal-

677 3709 768 3772 lis,
812 3707 866 3764 et
908 3712 962 3764 in
1002 3709 1070 3765 iis
1108 3724 1230 3778 quae
1270 3723 1335 3764 ex
1378 3709 1608 3764 humore
1653 3709 1838 3780 aliquo
1869 3708 2247 3781 conglaciante

2363 1882 2462 1954 τῆς
2545 1881 2886 1948 ἀλλοιώσεως
2964 1883 3260 1948 ἀπαύστως
3333 1886 3390 1938 ὲν
3471 1889 3584 1950 τοῖς
3661 1889 3921 1958 στοιχείοις

2363 1972 2786 2044 ἐνεργουμένης,
2851 1975 3062 2045 ἀνάγκη
3131 1975 3310 2030 πάντα
3378 1977 3458 2040 είς
3521 1977 3718 2048 ἄλληλα
3769 1997 3920 2050 μετα-

2364 2060 2601 2124 σαίνειν,
2653 2061 2980 2134 ἐξιστάμενά
3041 2081 3100 2122 τε
3155 2065 3249 2118 ἀπ’
3304 2065 3584 2137 ἀλλήλων,
3637 2067 3723 2120 καὶ
3768 2069 3922 2122 πάλιν

2363 2153 2507 2207 κατά
2547 2153 2608 2206 τὸ
2641 2149 2759 2208 ῐσον
2807 2155 3059 2224 ἀλλήλοις
3090 2155 3510 2227 ὲπεμϐαίνοντα.
3541 2151 3631 2212 Οὔ
3652 2159 3750 2232 γὰρ
3779 2162 3838 2214 ἄν
3869 2175 3921 2214 τι

2362 2244 2566 2298 τούτων
2597 2244 2895 2316 φυλαχθείη
2937 2247 3022 2315 ἐφ’
3055 2247 3272 2313 ἑαυτοῦ,
3307 2249 3355 2301 εί
3399 2249 3472 2320 μὴ
3498 2251 3531 2319 ἡ
3571 2251 3700 2320 πρὸς
3736 2249 3792 2304 τὸ
3817 2253 3924 2304 ἑτε-

2366 2336 2584 2407 ρογενὲς
2606 2335 2861 2406 ἐπιμιξία
2891 2337 3210 2408 διακρατοίη
3243 2339 3343 2409 τὴν
3375 2339 3557 2408 φύσιν.
3595 2340 3714 2404 Πῶς
3735 2337 3821 2393 οὖν
3847 2342 3924 2393 εί-

2365 2444 2456 2480 ποι
2484 2444 2568 2490 τις
2598 2425 2664 2480 ἂν
2683 2466 2698 2490 ,
2733 2425 2821 2480 διὰ
2860 2426 2967 2479 τῶν
3007 2427 3288 2498 τεσσάρων
3323 2429 3423 2499 τὴν
3453 2429 3841 2501 μεταὸλητικήν
3863 2448 3924 2484 τε

2347 2517 2458 2574 καὶ
2492 2517 2845 2588 ἀλλοιωτικὴν
2873 2517 3133 2588 δύναμιν,
3166 2519 3497 2590 περιοδεύειν
3527 2521 3924 2590 κυκλεύουσαν;

2363 2611 2438 2664 Οὐ
2464 2611 2570 2682 γάρ
2599 2611 2774 2664 πάντα
2812 2611 2879 2662 δι’
2909 2610 3156 2681 ἀλλήλων
3195 2612 3441 2680 γίνεται,
3475 2613 3594 2665 οὐδὲ
3627 2611 3692 2666 δι’
3725 2615 3924 2683 ὁμαλοῦ

2362 2703 2391 2755 ὁ
2428 2702 2527 2772 τῆς
2581 2700 2916 2764 ἀλλοιώσεως
2965 2701 3162 2764 κύκλος
3188 2742 3202 2766 ,
3238 2703 3304 2754 δι’
3352 2704 3584 2757 ἑκάστου
3615 2704 3719 2756 τῶν
3755 2705 3924 2758 ὄντων

2364 2794 2697 2863 περιχωρεῖ,
2735 2791 2872 2846 ἀλλά
2903 2793 2963 2844 τὸ
2995 2793 3092 2863 μὲν
3130 2793 3272 2864 ὓδωρ
3319 2794 3458 2864 πρὸς
3511 2794 3602 2847 τὸν
3648 2796 3780 2866 ἀέρα
3824 2796 3916 2850 διὰ

2362 2881 2470 2934 τῶν
2522 2881 2712 2951 ἀτμῶν
2764 2882 3032 2952 ἀνεχέθη,
3079 2885 3127 2936 oi
3159 2884 3215 2937 δὲ
3254 2885 3416 2954 ἀτμοὶ
3445 2885 3543 2957 τὴν
3586 2887 3755 2956 φλόγα
3803 2888 3930 2959 θρέ-

2359 2972 2560 3042 ψαντες
2607 2973 2767 3026 πάλιν
2810 2973 3226 3045 ἀπεγεὼθησαν,
3271 2972 3383 3030 οἷόν
3435 2994 3518 3041 τις
3565 2978 3754 3032 σποδιά
3785 2969 3928 3050 μετὰ

2354 3061 2414 3114 τὸ
2442 3061 2518 3131 τῷ
2557 3063 2688 3132 πυρὶ
2721 3061 3083 3132 καθομιλῆσαι
3113 3063 3394 3134 γενόμενοι
3421 3082 3434 3095 ·
3478 3067 3510 3136 ὴ
3541 3065 3598 3120 δὲ
3638 3067 3709 3135 γῆ
3757 3067 3929 3121 ταῦτα

2355 3151 2626 3222 δεξαμένη
2673 3151 2898 3221 ἔστησεν
2947 3153 3006 3204 ὲν
3074 3153 3242 3223 ἑαυτῇ
3300 3153 3390 3207 τὸν
3437 3154 3538 3225 τῆς
3594 3155 3932 3220 ἀλλοιώσεως

2351 3244 2568 3315 δρόμον.
2637 3242 2804 3298 Οὔπω
2859 3244 2968 3313 γάρ
3028 3244 3352 3316 ἐξήτασται,
3413 3248 3460 3299 εί
3508 3248 3541 3318 ή
3586 3246 3680 3301 τοῦ
3735 3247 3930 3312 ὓδατος

2352 3335 2513 3405 φύσις
2557 3337 2622 3389 ὲκ
2661 3336 2763 3406 γῆς
2821 3336 2932 3406 ἔχει
2958 3337 3056 3408 τὴν
3103 3337 3338 3405 γένεσιν.
3389 3338 3597 3392 Οὐκοῦν
3641 3339 3813 3410 τούτῳ
3849 3342 3932 3412 τῷ

2352 3427 2629 3497 σκέμματι
2674 3427 2957 3491 λείπεται,
2993 3429 3043 3480 εί
3087 3427 3312 3482 δυνατόν
3374 3431 3492 3482 ἐστι
3523 3429 3621 3500 τὴν
3686 3433 3788 3501 γῆν
3847 3433 3933 3497 είς

2349 3517 2540 3582 ὕδατος
2601 3519 2936 3590 μεταστῆναι
2977 3519 3158 3590 φύσιν.
3205 3519 3431 3584 Πάντως
3471 3521 3526 3574 δὲ
3581 3522 3756 3586 οὐδεὶς
3793 3527 3936 3594 ἡμῖν

2349 3609 2666 3681 ἀδολεσχίαν
2696 3610 3072 3679 ὲπεγκαλέσει,
3109 3611 3176 3664 δι’
3206 3604 3280 3664 ὧν
3310 3610 3377 3665 ἂν
3422 3607 3494 3683 ἦν
3537 3613 3757 3666 δυνατὸν
3793 3614 3935 3668 ἀνα-

2349 3699 2571 3772 ζητοῦσι
2603 3702 2663 3754 τὸ
2713 3703 2771 3754 ἐν
2805 3703 2920 3766 τοῖς
2963 3701 3276 3773 είρημένοις
3318 3701 3630 3756 ἀκόλουθον.
3680 3704 3938 3775 Ὀρῶμεν

676 3799 1010 3856 consistunt.
1048 3797 1250 3854 ﬂorum
1281 3814 1404 3854 cum
1439 3799 1659 3855 siccitas
1691 3799 1910 3870 propria
1939 3798 2031 3865 sit,
2063 3806 2246 3854 tamen

2356 3791 2522 3847 τοίνυν
2550 3791 2718 3846 πολλὰ
2744 3791 2852 3847 τῶν
2892 3790 3090 3863 ξηρῶν,
3120 3792 3440 3864 αὐτομάτως
3474 3792 3546 3846 lx
3569 3811 3719 3859 τινος
3769 3813 3939 3864 φυσι-

673 3889 722 3943 si
750 3889 972 3959 quidam
1002 3905 1066 3945 ex
1099 3889 1234 3958 ipsis
1259 3887 1442 3959 liquor
1472 3887 1789 3951 descendat,
1835 3884 2055 3940 humida
2086 3884 2242 3949 ﬁunt,

2356 3881 2452 3953 μιῆς
2527 3883 2788 3955 ἰδιότητος
2840 3883 3244 3956 ὑγραινόμενα,
3311 3879 3420 3937 οἷον
3470 3885 3563 3939 ἐπὶ
3617 3885 3734 3939 τῶν
3783 3887 3939 3944 ἀλῶν

674 3977 1089 4047 siccitatemque
1133 3992 1287 4032 suam
1331 3976 1384 4030 in
1431 3975 1705 4030 humidam
1750 3975 2067 4046 qualitatem
2113 3989 2246 4029 con-

2356 3975 2492 4029 ἔστιν
2538 3975 2687 4040 ίδεῖν,
2737 3974 2846 4028 τῶν
2895 3991 2954 4028 τε
3011 3974 3506 4047 μεταλλευομένων,
3559 3976 3653 4030 καὶ
3699 3977 3814 4032 τῶν
3871 3979 3941 4033 ἔκ

672 4076 912 4126 vertunt.
955 4068 1101 4124 Talis
1143 4069 1307 4123 etiam
1349 4067 1592 4123 cernitur
1634 4067 1810 4122 mellis
1847 4074 2062 4128 natura,
2097 4065 2243 4135 quod

2356 4083 2487 4129 τινος
2519 4065 2690 4138 ὑγροῦ
2723 4064 3206 4137 καταφρυγομένου
3254 4068 3688 4138 συνισταμένων,
3721 4061 3800 4122 ὧν
3837 4068 3942 4140 ξηδ

670 4161 853 4219 calore
875 4161 1231 4223 exsiccatum,
1260 4173 1479 4214 rursum
1503 4171 1635 4214 casu
1663 4156 1848 4228 aliquo
1875 4157 1929 4210 in
1955 4156 2240 4211 humorem

2356 4157 2508 4228 ρότης
2538 4157 2638 4228 μέν
2661 4159 2777 4211 ἐστι
2803 4157 2864 4211 τὸ
2885 4156 3096 4229 ἰδίωμα,
3123 4159 3172 4211 εί
3201 4157 3258 4211 δέ
3289 4175 3372 4221 τις
3403 4158 3584 4212 αὐτῶν
3609 4159 3767 4213 νοτία
3795 4161 3943 4216 καθ-

668 4251 981 4308 resolvitur.
1028 4247 1136 4305 Sed
1175 4249 1290 4304 haec
1327 4249 1694 4305 omittantur:
1736 4255 1957 4319 praestat
1993 4249 2141 4306 enim
2174 4265 2240 4306 ex

2356 4249 2534 4314 ίκοιτο,
2567 4248 2816 4321 ίκμαλέοι
2841 4248 3097 4318 γίνονται,
3137 4247 3231 4302 καὶ
3263 4249 3396 4320 πρὸς
3424 4247 3521 4320 τὴν
3559 4251 3736 4321 ὑγρὰν
3776 4253 3945 4306 ποιόο

667 4342 940 4414 principio
987 4341 1171 4412 aliquo
1212 4343 1527 4398 necessario
1568 4339 1960 4413 disputationis
1990 4341 2237 4398 ordinem

2356 4357 2479 4412 ιητα
2548 4340 2608 4394 τὸ
2672 4341 2730 4394 ὲν
2797 4339 2944 4409 σφίσι
2996 4339 3158 4411 ξηρὸν
3220 4339 3664 4410 μεταϐάλλουσιν.
3737 4343 3946 4408 Οὕτως

664 4448 1079 4503 persequamur.
1133 4420 1633 4489 Animadvertimus
1682 4447 1789 4488 non
1823 4448 1932 4488 una
1973 4433 2236 4504 qualitate

2356 4432 2512 4499 ἔγνων
2546 4428 2640 4484 καὶ
2677 4429 2776 4499 τὴν
2808 4428 2902 4482 τοῦ
2935 4429 3150 4498 μέλιτος
3178 4429 3339 4498 φύσιν
3367 4430 3540 4502 ξηρὰν
3569 4432 3780 4503 τρόπον
3809 4436 3947 4488 τινὰ

659 4523 931 4577 elementa
964 4523 1176 4592 singula
1206 4526 1489 4588 constitui,
1521 4535 1574 4580 et
1595 4525 1662 4579 ab
1690 4523 1812 4580 aliis
1835 4525 2120 4580 elementis
2147 4539 2232 4580 se~

2356 4522 2428 4575 ita:
2459 4521 2560 4591 τῆς
2586 4522 2867 4591 όπτήσεως
2892 4521 3203 4592 γινομένην,
3237 4520 3331 4573 καὶ
3365 4519 3527 4574 πάλιν
3556 4523 3620 4574 ἐκ
3653 4524 3946 4592 περιστά-

665 4614 868 4683 parari,
909 4613 1003 4668 sed
1036 4614 1200 4670 variis
1244 4616 1599 4684 qualitatibus
1639 4616 2047 4687 comprehendi,
2095 4629 2232 4686 qua-

2356 4611 2478 4676 rstb;
2508 4629 2650 4675 τινος
2673 4614 2752 4676 είς
2781 4612 2840 4664 τὸ
2863 4611 3027 4682 ὑγρὸν
3055 4612 3410 4665 ἀναλύουσαν.
3442 4611 3604 4665 Ἀλλά
3634 4613 3950 4684 παρείσθω

2338 4705 2531 4758 ταῦτα’
2557 4707 2804 4776 κρεῖττον
2827 4704 2934 4776 γὰρ
2957 4703 3015 4770 ἐξ
3043 4702 3216 4775 ἀρχῆς
3242 4719 3384 4767 τινος
3411 4703 3724 4772 ἀναγκαίας
3740 4704 3951 4762 δοῦναι

2337 4797 2435 4870 τὴν
2471 4796 2790 4850 ἀκολουθίαν
2818 4796 2895 4866 τῷ
2927 4796 3262 4869 θεωρήματι.
3297 4799 3373 4851 Οὐ
3410 4796 3538 4868 μίαν
3570 4797 3952 4869 γινώσκομεν

2336 4891 2420 4958 ἐφ’
2480 4890 2708 4944 ἑκάστου
2757 4889 2864 4944 τῶν
2902 4890 3180 4960 στοιχείων
3230 4890 3508 4960 ποιότητα,
3561 4890 3628 4943 δι’
3675 4884 3753 4960 ἦς
3790 4906 3960 4960 συμ-

2337 4981 2635 5053 πληροῦται
2680 4981 2739 5035 τὸ
2779 4982 3152 5052 ὑποκείμενον,
3191 4982 3284 5035 καὶ
3315 4980 3411 5033 τοῦ
3446 4980 3958 5052 ἀντιποιχοῦντος

2336 5070 2756 5141 ἀποχωρίζεται,
2796 5068 2912 5122 ἀλλ’
2958 5071 3014 5124 ὲν
3047 5069 3324 5140 διαφόροις
3360 5069 3588 5122 ἕκαστον
3621 5069 3958 5142 καταλαμο

2335 5158 2552 5214 ϐάνεται
2605 5163 2726 5224 ταῖς
2781 5160 3079 5230 ποιότησιν,
3137 5153 3214 5212 ὦν
3261 5161 3318 5212 αἱ
3385 5160 3482 5228 μὲν
3531 5161 3960 5230 ἀκοινωνήτως

2333 5249 2515 5320 ἔχουσι
2561 5251 2694 5320 πρὸς
2732 5249 2982 5320 ἀλλήλας,
3011 5251 3065 5302 αἱ
3093 5248 3148 5302 δὲ
3177 5249 3319 5301 κατά
3344 5249 3404 5302 τὸ
3427 5246 3541 5302 ἴσον
3577 5248 3962 5318 ἐνθεωροῧν-

2331 5359 2453 5407 ται,
2500 5343 2714 5404 οἰκείως
2765 5358 2823 5393 τε
2874 5343 2968 5395 καὶ
3027 5339 3300 5411 ἁρμοδίως
3345 5339 3563 5408 ἔχουσαι
3612 5338 3770 5408 πρὸς
3838 5339 3963 5403 τὰς

2334 5432 2645 5504 μαχομένας
2686 5433 2943 5503 ἀλλήλαις
2993 5431 3283 5500 ποιότητας
3308 5447 3320 5460 ο
3358 5426 3469 5484 οἷον
3513 5430 3605 5482 ἐπὶ
3657 5429 3776 5500 τῆς
3833 5431 3966 5501 γῆς

655 5527 786 5581 dum
837 5531 891 5579 et
921 5515 1155 5578 calidum
1202 5521 1529 5587 differentia,
1563 5522 1660 5577 sed
1709 5520 1928 5576 levitate
1979 5521 2122 5577 inter
2164 5537 2223 5576 se

2356 5525 2422 5577 παὶ
2469 5522 2562 5577 τοῦ
2605 5523 2809 5587 ὕδατος,
2861 5523 3106 5594 ἀμίκτως
3140 5523 3238 5594 μὲν
3272 5521 3453 5591 ἔχουσι
3499 5519 3637 5589 πρὸς
3672 5519 3970 5591 ἀλλήλας

654 5617 1016 5671 conciliantur
1045 5624 1204 5684 atque
1234 5614 1584 5668 conveniunt.
1618 5611 1760 5683 Ignis
1783 5612 2016 5682 denique
2048 5627 2077 5666 a
2111 5619 2221 5666 ter-

2356 5639 2359 5685 ι
2413 5616 2640 5686 ξηρότης
2666 5633 2722 5668 τε
2773 5616 2867 5670 καὶ
2895 5615 3148 5685 ὑγρότης,
3184 5613 3374 5680 ἐπίσης
3405 5611 3460 5663 δὲ
3510 5609 3774 5681 ἑκατέρᾳ
3810 5611 3976 5667 τού-

655 5722 712 5760 ra
744 5709 954 5766 levitate
985 5706 1308 5777 seiungitur,
1356 5706 1450 5760 sed
1500 5705 1767 5760 siccitatis
1815 5704 2217 5761 necessitudine

2357 5722 2432 5756 ων
2467 5706 2712 5760 σύνεςτιν
2766 5709 2798 5776 ὴ
2845 5707 3140 5777 ψυχρότης,
3192 5704 3382 5758 ἐνοῦσα
3417 5704 3617 5776 τρόπον
3670 5703 3825 5760 τινὰ
3878 5707 3968 5761 δι’

662 4721 784 4760 rum
809 4706 928 4760 alia:
957 4707 1099 4760 inter
1125 4721 1183 4760 se
1203 4715 1464 4776 pugnant,
1503 4706 1622 4759 alia:
1646 4708 1809 4762 simul
1843 4707 2228 4778 inspiciuntur,

661 4803 716 4850 ct
747 4795 1113 4866 pugnantibus
1151 4796 1296 4848 inter
1346 4810 1406 4850 se
1450 4795 1657 4863 pariter
1696 4797 1972 4851 cohaerent
1998 4806 2050 4851 et
2097 4811 2232 4865 qua-

662 4885 842 4942 drant.
897 4884 966 4940 Ut
1013 4885 1069 4939 in
1115 4895 1258 4940 terra
1304 4893 1357 4938 et
1395 4899 1534 4955 aqua
1578 4885 1796 4940 siccitas
1833 4897 1888 4940 et
1930 4887 2228 4958 humiditas

661 4975 919 5048 conjungi
946 4982 1253 5045 nequeunt;
1294 4973 1487 5029 horum
1521 4981 1703 5028 tamen
1730 4974 1946 5044 utrique
1975 4991 2039 5029 ex
2074 4991 2229 5045 aequo

661 5067 929 5138 l‘rigiditas
977 5068 1140 5131 inest,
1188 5081 1293 5136 qua
1338 5073 1642 5136 pugnantes
1683 5065 2084 5136 quodammodo
2130 5067 2226 5121 de-

658 5159 994 5213 vinciuntur.
1035 5159 1191 5229 Aqua
1227 5158 1353 5212 item
1388 5167 1441 5213 et
1480 5171 1574 5211 aer
1600 5159 1864 5227 gravitate
1901 5156 2227 5227 levitateque

658 5259 1008 5320 separantur,
1053 5249 1148 5305 sed
1205 5250 1259 5304 in
1298 5247 1385 5304 his
1430 5263 1647 5318 quoque
1698 5246 1969 5317 frigiditas
2007 5248 2225 5316 utrique

658 5341 1004 5405 conveniens,
1033 5349 1092 5394 ut
1124 5340 1358 5394 medium
1399 5337 1670 5408 quoddam
1696 5337 1974 5392 vinculum
2009 5349 2224 5407 specta-

654 5440 762 5490 tur.
814 5431 1089 5503 Discrepat
1127 5447 1218 5487 aer
1259 5433 1326 5486 ab
1359 5431 1481 5503 igne
1521 5446 1583 5486 ea
1613 5444 1733 5500 quis
1765 5441 1848 5487 est
1879 5431 2022 5486 inter
2070 5430 2224 5501 frigi-
