4106 6208
150 279 258 336 109

1373 277 1440 331 IN
1481 274 1949 333 IIEXAEMERON
1991 276 2200 333 LIBER.

3309 275 3409 331 H0

149 391 359 459 ἑαυτῆς
405 391 477 444 τά
522 392 823 461 μαχόμενα.
862 393 1034 448 Πάλιν
1066 391 1360 465 χωρίζεται
1387 388 1450 442 τὸ
1488 387 1632 456 ῦδωρ
1671 386 1730 438 ὲκ

1837 386 2180 455 capulantur,
2213 393 2267 441 et
2301 385 2477 443 fmdus
2516 387 2726 442 ineunt.
2767 383 2898 451 Quae
2939 384 2984 439 si
3018 385 3271 442 volumus
3309 386 3408 444 de-

146 482 243 537 τοῦ
276 482 463 553 ἀέρος,
492 485 553 552 τῇ
586 482 679 536 τοῦ
711 484 1009 555 ἐμϐριθοῦς
1049 484 1183 557 πρὸς
1227 482 1289 536 τὸ
1334 478 1535 548 κοῦφον
1579 478 1736 531 ἐνανξ-

148 575 364 645 τιότητι
384 592 399 605 ·
431 574 565 627 ἀλλὰ
602 576 700 630 καὶ
732 576 942 641 τούτοις
972 575 1245 647 μεσιτεύει
1276 570 1418 627 κατὰ
1449 570 1508 623 τὸ
1539 566 1653 620 ἴσον
1677 567 1736 619 ἐν

148 667 213 735 τῇ
274 664 534 735 ἐκατέρου
582 665 747 734 φύσει
798 665 861 719 τὸ
909 666 1077 738 ὑγρὸν
1128 662 1518 735 θεωρούμενον.
1567 657 1735 712 Πάλιν

145 754 418 809 διΐσταται
447 754 543 808 τοῦ
577 756 751 826 πυρὸς
782 758 811 811 ό
841 755 969 828 ἀὴρ,
1002 760 1068 828 τῇ
1118 755 1212 810 τοῦ
1254 751 1457 825 θερμοῦ
1493 750 1629 820 πρὸς
1674 748 1734 801 τὸ

146 844 352 915 ψυχρὸν
383 846 534 917 μάχη
564 846 978 918 ἐναντιούμενος
995 865 1010 878 '
1039 847 1177 902 ἀλλά
1214 846 1457 901 κοινωνεῖ
1488 845 1557 912 τῇ
1589 841 1732 908 κατά

143 938 204 990 τὸ
235 937 443 1006 κοῦφον
477 939 748 1010 ποιότητι,
796 940 892 995 καὶ⁵
935 940 1035 1010 τῆς
1065 940 1305 1009 φυσικῆς
1344 936 1524 1021 αύτῶν
1562 936 1730 989 ἐναν-

1837 478 2072 541 clarare,
2099 478 2179 534 sic
2201 478 2553 533 exordiamur
2571 493 2586 531 :
2602 475 2895 549 Frigiditas
2917 478 3136 549 quidem
3179 479 3233 532 in
3261 487 3407 533 terra

1835 566 2019 630 simul,
2062 577 2113 621 et
2158 581 2322 637 aqua,
2350 578 2405 622 et
2452 582 2578 623 aere
2612 568 2958 638 perspicitur,
3001 568 3191 638 majori
3228 578 3407 624 tamen

1834 673 1902 713 ex
1932 666 2084 727 parte
2109 660 2361 730 congruit
2390 674 2564 730 aquae,
2591 670 2643 714 et
2669 659 2791 726 ejus
2820 658 2873 713 in
2911 674 2971 715 se
3010 659 3409 729 quodammodo

1834 753 2093 800 naturam
2119 755 2432 811 conservat,
2472 746 2837 818 injuriamque
2866 761 2897 800 a
2934 747 3184 802 siccitate
3216 763 3410 817 prove-

1835 838 2072 893 nieutem
2099 837 2371 908 propellit,
2410 853 2475 893 ea
2504 838 2860 909 repugnantia
2887 853 3047 909 quam
3090 838 3254 894 habet
3280 853 3407 892 cum

1833 928 2032 984 calido.

122 1018 391 1097 λειότητος
408 1024 523 1082 οἷόν
542 1047 629 1093 τις
672 1029 1049 1101 καταλλάκτης
1072 1031 1107 1100 ἡ
1130 1028 1381 1084 κοινωνία
1406 1013 1507 1097 τῆς
1534 1024 1816 1093 ποιότητος
1842 1018 2069 1088 γίνεται.
2101 1013 2236 1073 Εἶτα
2262 1019 2323 1073 τὸ
2353 1018 2465 1092 πῦρ
2496 1021 2603 1075 ἀπὸ
2630 1021 2728 1091 τῆς
2754 1020 2858 1090 γῆς
2886 1018 2964 1090 τῷ
3011 1018 3165 1092 βάρει
3199 1020 3293 1072 καὶ
3331 1018 3409 1088 τῷ

146 1117 330 1187 κούφῳ
350 1117 705 1189 κεχώρισται,
738 1119 853 1173 ἀλλ’
879 1122 911 1191 ἡ
935 1119 1166 1191 ξηρότης
1192 1118 1516 1188 ἀμφοτέρων
1545 1114 1659 1167 ἐστὶ
1690 1110 1864 1183 κοινὴ,
1892 1108 1988 1163 καὶ
2013 1107 2101 1162 διὰ
2129 1109 2333 1177 ταύτης
2353 1109 2615 1165 ἔνσπονδά
2640 1128 2756 1174 πως
2781 1104 3029 1181 ἀλλήλοις
3056 1111 3124 1164 τὰ
3143 1108 3408 1163 διεστῶτα

144 1210 370 1277 γίνεται.
407 1209 473 1261 Τί
516 1209 575 1264 δὲ
618 1209 937 1281 βουλόμενος
965 1208 1212 1263 ὲντεῦθεν
1240 1209 1339 1280 τῆς
1373 1203 1971 1273 ὲξετάσεωςηᾶρχομακ
2007 1199 2087 1253 ὅτι
2118 1201 2150 1269 ἡ
2185 1198 2459 1272 ψυχρότης
2494 1200 2694 1268 ὁμοίως
2744 1199 2841 1270 μὲν
2878 1199 3221 1271 ὲνθεωρεῖται
3254 1203 3318 1271 τῇ
3345 1218 3406 1254 τε

142 1306 207 1373 τῇ
241 1305 342 1358 καὶ
384 1303 467 1374 τῷ
541 1302 698 1358 ὕδατι
738 1306 834 1358 καὶ
857 1304 935 1374 τῷ
988 1304 1133 1374 ἀέρι,
1168 1303 1372 1357 πλείονι
1413 1300 1470 1354 δὲ
1527 1299 1691 1370 μοίρᾳ.
1741 1296 1818 1365 τῷ
1867 1292 2019 1364 ὑγρῷ
2044 1294 2482 1365 προσῳκείωται,
2515 1293 2852 1365 συντηροῦσά
2877 1312 2997 1358 πως
3023 1295 3079 1347 ὲν
3105 1295 3271 1364 ἑαυτῇ
3304 1295 3405 1364 τὴν

141 1395 233 1449 τοῦ
277 1396 471 1459 ὓδατος
498 1396 677 1467 φύσιν,
709 1395 799 1449 διὰ
830 1398 931 1466 τῆς
963 1395 1099 1466 πρὸς
1127 1393 1188 1448 τδ
1221 1392 1420 1464 θερμὸν
1466 1387 1836 1451 ἀντιπαθείας,
1861 1387 1959 1457 τὴν
2003 1387 2068 1439 ἐκ
2113 1384 2205 1439 τοῦ
2240 1385 2402 1458 ξηροῦ
2441 1386 2644 1457 βλάϐην
2676 1387 3120 1457 ἀπαμϐλύνουσα.

220 1490 313 1552 ἀς
361 1490 540 1543 τοίνυν
591 1489 673 1560 τῷ
723 1488 913 1560 θερμῷ
970 1488 1200 1562 ξηρότης
1249 1486 1595 1559 ἐμπέφυκε,
1631 1484 1726 1538 καὶ

142 1582 239 1634 οὐκ
300 1580 418 1634 ἔστι
474 1580 637 1651 μόνον
681 1582 741 1634 ὲν
782 1580 863 1651 τῷ
917 1582 1089 1651 ἑτέρῳ
1137 1581 1198 1634 τὸ
1252 1580 1364 1650 πῦρ
1415 1578 1722 1648 δειχθῆναν

1901 1478 2370 1546 Quemadmodum
2406 1479 2571 1549 igitur
2623 1478 2779 1534 adest
2811 1478 2988 1533 calido
3040 1478 3261 1534 siccitas
3305 1494 3405 1533 na.

1830 1572 2045 1634 turalis,
2073 1585 2175 1625 nec
2218 1570 2362 1642 ignis
2405 1570 2559 1625 solus
2594 1570 2648 1624 in
2676 1570 2784 1625 alio
2822 1578 3003 1641 potest
3030 1569 3287 1626 ostendi:
3325 1570 3406 1626 sic

142 1671 315 1734 οὕτως
374 1672 520 1734 εἰκός
569 1673 718 1725 ἐστιν
770 1670 1007 1741 ἡνῶσθαι
1054 1670 1234 1739 λέγειν
1283 1670 1362 1741 τῷ
1422 1668 1573 1740 ὑγρῷ
1628 1668 1724 1736 τὴν

1830 1660 2118 1718 dicendum
2165 1668 2272 1727 est,
2312 1675 2435 1715 cum
2480 1660 2705 1715 humido
2751 1659 3100 1729 frigiditatem
3142 1661 3401 1731 conjungi

140 1762 458 1833 ψυχρότητα
482 1802 498 1826 ,
549 1760 638 1815 διὰ
695 1761 759 1815 τὸ
804 1762 917 1815 δείν
970 1762 1218 1834 ἑκατέρῳ
1262 1763 1372 1815 τῶν
1434 1778 1493 1814 τε
1542 1762 1600 1814 ὲν
1648 1759 1726 1829 τῷ

1830 1768 1893 1808 ac
1919 1750 2204 1807 devinciri.
2237 1749 2395 1816 Quod
2443 1751 2490 1804 si
2519 1749 2802 1804 humidum
2852 1750 3014 1804 simul
3064 1760 3116 1806 et
3146 1750 3403 1821 frigidum

139 1855 279 1925 πυρὶ
325 1853 718 1925 θεωρουμένων
755 1850 895 1907 εἶναι
934 1853 1029 1908 καὶ⁵
1059 1856 1118 1909 ὲν
1148 1854 1225 1925 τῷ
1253 1854 1404 1909 ὕδατι
1444 1852 1543 1924 τὴν
1582 1853 1730 1905 ἀντι-

142 1943 476 2013 στοιχοῦσαν
523 1943 797 2013 ποιότητα,
831 1942 974 1996 ὥστε
1029 1943 1294 2014 μάχεσθαι
1326 1943 1404 2014 τῷ
1448 1943 1547 2013 μὲν
1580 1939 1730 2013 ξηρῷ

138 2035 248 2104 τὴν
281 2034 585 2105 ὑγρότητα,
634 2033 709 2104 τῷ
738 2034 789 2087 δὲ
826 2034 1021 2105 ψυχρῷ
1050 2036 1149 2105 τὴν
1179 2034 1508 2105 θερμότητα.
1544 2035 1607 2087 Ei
1637 2029 1730 2087 οὖν

144 2125 361 2195 ἐπίσης
412 2125 489 2195 τῷ
535 2125 683 2195 ὑγρῷ
740 2124 1199 2196 συμπληρωτικὸν
1252 2124 1352 2193 τῆς
1400 2123 1494 2177 τοῦ
1540 2123 1730 2187 ὕδατος

140 2214 369 2287 φύσεως
404 2216 497 2269 καὶ
527 2215 586 2267 τὸ
631 2214 836 2285 ψυχρὸν
878 2214 1193 2286 ἀπεδείχθη,
1230 2215 1518 2269 ἀκόλουθον
1547 2215 1611 2269 ἂν
1644 2214 1728 2283 εἴη

139 2305 478 2373 λογίζεσθαι,
525 2306 607 2359 ὅτι
651 2307 753 2377 τῆς
800 2306 1014 2376 ψυχρᾶς
1045 2307 1367 2377 ’ποιότητος,
1402 2306 1498 2359 καὶ¹
1544 2309 1611 2377 τῇ
1656 2309 1726 2377 γῇ

142 2398 390 2466 φυσικῶς
418 2398 744 2468 ἐγκειμένης
782 2397 1029 2469 δυνάμει,
1064 2400 1157 2453 καὶ
1193 2399 1252 2453 τὸ
1297 2398 1441 2469 ὕδωρ
1467 2400 1526 2451 ἐν
1560 2402 1624 2471 τῇ
1657 2401 1726 2469 γῇ

141 2490 283 2553 ἐστι,
322 2488 419 2541 καὶ
465 2490 498 2557 ἡ
547 2488 621 2558 γῆ
672 2490 730 2541 ὲν
781 2489 861 2559 τῷ
920 2490 1094 2544 ὓδατι.
1136 2492 1202 2543 Ἦ
1245 2490 1353 2562 γὰρ
1389 2492 1587 2559 φυσικὴ
1634 2490 1727 2543 τοῦ

143 2578 315 2649 ὑγροῦ
344 2577 479 2647 πρὸς
508 2578 570 2630 τὸ
594 2577 801 2652 ψυχρὸν
833 2580 1061 2648 συζυγία
1107 2581 1207 2633 οὐκ
1244 2581 1311 2651 ἐᾷ
1349 2579 1727 2649 διαζευχθῆναι

140 2671 234 2723 τοῦ
264 2670 458 2740 ἐτέρου
486 2671 547 2723 τὸ
571 2671 761 2741 ἕτερον
786 2672 1016 2725 καθόλου
1038 2690 1051 2703 ⁸
1087 2672 1224 2726 ἀλλά
1266 2672 1368 2726 κᾶν
1403 2689 1530 2725 ποτε
1560 2688 1728 2724 κατα-

142 2766 319 2837 μόνας
342 2767 425 2834 ἐφ’
450 2764 645 2818 ἑαυτοῦ
666 2765 802 2837 τύχῃ
828 2764 1031 2819 τούτων
1060 2767 1340 2836 ἑκάτερον,
1369 2764 1468 2818 οὐκ
1489 2762 1729 2835 ἀκριϐῶς

1828 1858 1984 1914 aqua:
2017 1849 2270 1903 naturam
2307 1840 2669 1903 constituunt,
2707 1838 2899 1909 frigida
2947 1848 3129 1896 autem
3166 1842 3404 1910 qualitas

1828 1943 1989 1991 terrae
2022 1932 2347 1988 naturaliter
2380 1932 2523 1988 inest
2555 1946 2568 1983 :
2609 1930 2880 2000 sequitur,
2934 1938 2994 1985 ut
3028 1939 3299 2002 potestate
3348 1942 3405 1988 et

1829 2041 1968 2097 aqua
2000 2026 2129 2081 insit
2150 2024 2206 2078 in
2229 2032 2396 2089 terra,
2418 2032 2473 2080 et
2503 2031 2646 2078 terra
2675 2023 2728 2077 in
2750 2037 2914 2094 aqua.
2944 2022 3225 2080 Naturalis
3252 2026 3401 2081 enim

1828 2117 2036 2172 humidi
2085 2131 2210 2172 cum
2258 2114 2456 2186 frigido
2510 2114 2786 2184 copulatio
2842 2130 2949 2169 non
3008 2118 3292 2187 permittit,
3344 2126 3405 2171 ut

1830 2224 1999 2264 unum
2048 2209 2118 2263 ab
2166 2207 2338 2262 altero
2378 2206 2593 2275 penitus
2638 2196 2959 2283 seiungatur
2994 2224 3008 2261 :
3060 2208 3153 2263 sed
3188 2208 3405 2265 etiamsi
3448 2202 3451 2209 ’

1829 2299 2108 2369 contingat
2152 2297 2467 2367 aliquando,
2516 2303 2575 2351 ut
2620 2296 2851 2352 alterum
2881 2299 2934 2352 iu
2967 2300 3151 2371 seipso
3178 2316 3403 2373 separa-

1832 2390 1927 2444 tim
1959 2389 2250 2453 cousistat,
2283 2389 2337 2443 id
2360 2403 2467 2449 non
2491 2388 2651 2458 plane
2667 2389 2843 2444 solum
2871 2400 2975 2457 cst,
3008 2393 3103 2448 sed
3132 2402 3407 2463 potestate

1832 2491 2127 2551 utrumque
2174 2483 2227 2537 in
2278 2498 2389 2537 uno
2421 2482 2773 2553 perspicitur.
2810 2483 2946 2540 Nam
2989 2495 3048 2542 ut
3090 2489 3316 2544 humido
3351 2491 3405 2544 in

1828 2589 2007 2630 aerem
2046 2573 2265 2641 diﬂ‘uso,
2309 2572 2576 2645 frigiditas
2620 2589 2881 2644 vaporum
2916 2581 3210 2647 particulas
3255 2581 3405 2637 iuse-

1830 2666 2051 2735 quitur:
2087 2666 2168 2722 sic
2205 2682 2237 2721 ο
2263 2670 2559 2735 contrario,
2609 2670 2663 2723 in
2708 2671 2918 2728 intimis
2962 2680 3121 2727 terrae
3157 2673 3405 2741 partibus

1831 2756 2029 2827 frigido
2072 2768 2469 2824 commorante,
2505 2762 2803 2819 humiditas
2844 2772 3133 2835 cognatam
3168 2766 3405 2835 qualita-

141 2857 315 2926 μόνον
347 2858 517 2919 ἐστὶν,
559 2856 695 2909 ἀλλά
739 2858 806 2926 τῇ
853 2856 1078 2926 δυνάμει
1116 2856 1177 2908 τὸ
1222 2855 1626 2925 συναμφότερον
1672 2854 1729 2906 ὲν

1830 2854 1937 2903 tem
1984 2864 2093 2904 non
2138 2850 2498 2921 derelinquit;
2546 2854 2640 2908 sed
2678 2853 2870 2925 frigida
2914 2856 3017 2918 vis,
3075 2870 3197 2925 qua:
3245 2864 3406 2912 terra!

137 2949 218 3019 τῷ
251 2949 335 3001 ἑνὶ
376 2948 700 3018 καθορᾶται.
737 2948 948 3019 Ὠσπερ
987 2948 1096 3019 γὰρ
1135 2946 1229 3001 τοῦ
1275 2946 1442 3016 ὑγροῦ
1476 2946 1611 3019 πρὸς
1637 2945 1728 3003 τὸν

1830 2941 2156 2996 naturaliter
2193 2941 2357 3007 inest,
2382 2950 2642 3014 tauquam
2678 2945 2898 3016 aliquod
2930 2947 3166 3002 humida:
3196 2955 3404 3002 naturm
3430 2962 3437 2966 ‘

136 3041 282 3110 ἀέρα
310 3039 683 3109 διαχυθέντος,
705 3040 799 3094 καὶ
825 3042 859 3110 ἡ
887 3040 1046 3110 ψύξις
1070 3042 1181 3103 τοῖς
1201 3040 1308 3093 τῶν
1331 3038 1511 3111 ὑγρῶν
1537 3036 1726 3109 ἀτμῶν

1830 3047 2014 3089 semen
2058 3033 2307 3099 efficitur,
2356 3051 2679 3108 semperque
2722 3053 2789 3093 ex
2816 3053 2875 3093 se
2904 3040 3254 3107 coniunctam
3298 3039 3404 3094 sibt

141 3134 360 3203 μορίας
407 3132 881 3203 ἐπηκολούθησεν*
936 3132 1080 3186 οὕτω
1124 3132 1185 3187 τὸ
1216 3132 1451 3204 ἔμπαλιν
1493 3131 1594 3201 τῆς
1633 3130 1730 3199 ψυ-

1832 3126 2144 3196 qualitatem
2190 3128 2383 3199 gignit,
2433 3142 2557 3183 cum
2592 3128 2684 3183 illa
2732 3131 2814 3187 vis
2842 3129 3211 3185 commutandi
3230 3129 3401 3186 ’vehe-

134 3225 412 3298 χρότητος
448 3226 508 3278 ὲν
538 3224 617 3295 τῷ
647 3224 801 3293 βάθει
838 3225 936 3296 τῆς
973 3225 1076 3293 γῆς
1106 3224 1484 3296 διαιτωμένης,
1531 3222 1651 3277 οὐδὲ
1694 3222 1728 3294 ἡ

1831 3218 2001 3274 menti
2032 3217 2328 3289 frigiditate
2366 3227 2568 3275 terram
2619 3221 2673 3276 in
2706 3237 2902 3293 aquam
2946 3230 3252 3279 convertat.
3294 3223 3404 3279 lla-

136 3316 390 3384 ὑγρότης
433 3315 531 3385 τῆς
566 3314 798 3383 συζύγου
835 3314 1116 3386 ποιότητος
1144 3314 1514 3379 ἀπολείπεται,
1548 3312 1662 3366 ἀλλ’
1693 3314 1728 3383 ἡ

1831 3322 1952 3363 rum
1995 3323 2179 3363 rerum
2237 3310 2282 3365 si
2326 3312 2450 3380 quis
2482 3326 2511 3365 ιι
2558 3312 2717 3369 nobis
2753 3315 3021 3370 rationem
3072 3322 3128 3370 et
3175 3329 3403 3371 causam

132 3407 335 3477 ψυχρά
377 3405 605 3476 δύναμις
652 3405 896 3474 φυσικῶς
939 3405 1231 3476 ἐγκειμένη
1280 3408 1345 3477 τῇ
1398 3407 1492 3475 γῇ,
1535 3398 1645 3457 οἷόν
1676 3420 1729 3456 τι

1831 3400 2104 3470 exquirat,
2158 3412 2418 3472 rogetque
2464 3418 2586 3474 quae
2624 3405 2709 3460 vis
2765 3422 2833 3461 ex
2878 3420 3036 3477 {equo
3076 3406 3306 3462 solidum
3350 3410 3405 3461 in

138 3498 379 3568 σπέρμα
407 3495 511 3565 τῆς
542 3495 634 3549 τοῦ
672 3494 839 3567 ὑγροῦ
876 3495 1090 3565 φύσεως
1120 3493 1350 3565 γίνεται,
1379 3493 1466 3547 ἀεὶ
1496 3493 1562 3546 δι’
1602 3493 1729 3546 ἑαυ-

1832 3492 2116 3549 humidum
2164 3503 2485 3551 convertat:
2513 3496 2659 3568 quod
2684 3498 2763 3553 illi
2792 3498 3244 3570 respondeamus,
3294 3516 3405 3553 non

135 3588 243 3658 τῆς
270 3587 378 3657 τὴν
410 3586 761 3657 συνημμένην
786 3589 954 3658 ἑαυτῇ
980 3587 1239 3658 ποιότητα
1272 3586 1498 3656 φύουσα,
1548 3584 1647 3657 τῆς
1672 3583 1729 3638 δὲ

1834 3583 2179 3651 habebimus,
2229 3593 2289 3640 ut
2324 3586 2378 3641 in
2426 3588 2654 3657 reliquis
2700 3589 2864 3644 etiam
2904 3589 3181 3654 omnibus,
3213 3604 3407 3658 nempe

137 3677 521 3748 ἀλλοιωτικῆς
544 3680 809 3747 ἐνεργείας
833 3678 933 3751 τὴν
964 3679 1086 3749 γῆν,
1111 3678 1201 3733 διὰ
1216 3680 1314 3751 τῆς
1335 3678 1473 3747 ἄγαν
1496 3676 1729 3747 ψύξεως,

1833 3675 2112 3745 quomodo
2140 3690 2280 3746 aqua
2312 3677 2366 3730 in
2403 3690 2583 3732 aerem
2602 3677 2959 3745 diffundatur,
2987 3688 3042 3735 et
3076 3680 3220 3751 quod
3243 3680 3406 3735 deor-

136 3772 227 3834 είς
274 3770 485 3832 ὓδατος
531 3769 739 3838 γένεσιν
790 3771 1248 3842 μεταϐαλλούσης.
1303 3769 1521 3824 Τούτων
1563 3770 1619 3823 δὲ
1682 3768 1730 3821 εί

1833 3779 1955 3821 sum
1987 3765 2180 3830 tendit,
2209 3766 2445 3822 insideat
2479 3768 2605 3835 levi,
2637 3783 2911 3839 graveque
2941 3770 2996 3825 iu
3031 3770 3149 3827 leve
3175 3786 3405 3825 conver-

136 3864 250 3932 μὲν
291 3862 388 3916 τδν
414 3862 574 3930 λόγον
600 3864 744 3933 ημᾶς
780 3880 865 3927 τις
907 3863 1185 3932 ἀπαιτοίη,
1222 3860 1341 3925 πῶς
1388 3862 1602 3932 ἐνεργεῖ
1631 3860 1732 3929 τὴν

134 3953 242 4007 τοῦ
278 3953 514 4024 στερροῦ
544 3954 679 4023 πρὸς
718 3954 781 4007 τὸ
805 3952 971 4024 ύγρδν
1023 3951 1325 4023 μεταϐολὴν
1371 3951 1406 4019 ἡ
1449 3948 1732 4012 ἀλλοίωσις

136 4045 372 4111 διιείσης,
403 4044 852 4115 ἀμηχανησομεν,
878 4045 954 4107 ῶς
983 4044 1082 4098 καὶ
1120 4043 1214 4098 ἐπὶ
1252 4041 1361 4094 τῶν
1387 4040 1562 4095 ἄλλων
1590 4039 1729 4093 πάν-

136 4152 279 4190 των.
317 4135 448 4197 Πῶς
479 4134 589 4205 γὰρ
612 4134 879 4204 διαχεῖται
907 4133 968 4187 τὸ
1005 4134 1147 4206 ὕδωρ
1185 4131 1320 4204 πρὸς
1347 4130 1439 4187 τὸν
1469 4130 1627 4203 ἀέρα,
1654 4129 1732 4201 τῷ

134 4227 343 4296 κούφῳ
364 4227 428 4280 τὸ
451 4227 771 4297 κατωφερὲς
806 4225 1173 4295 ἑποχούμενον
1193 4241 1206 4255 ο
1249 4224 1282 4295 ἢ
1319 4222 1435 4286 πῶς
1468 4222 1529 4276 τὸ
1565 4221 1730 4292 βάρος

1833 4223 2082 4292 exemplo
2115 4221 2271 4279 facile
2314 4226 2710 4295 prmstabimus.
2752 4226 2939 4296 Neque
2989 4227 3157 4291 cutim,
3217 4227 3263 4281 si
3291 4233 3402 4280 ter-

136 4320 233 4381 ιίς
263 4320 471 4388 κοῦφον
505 4318 861 4388 μετεποίησεν
887 4320 921 4388 ἡ
949 4317 1265 4383 ἀλλοίωσιςς
1298 4315 1480 4370 Ταῦτα
1510 4314 1594 4368 δτι
1631 4314 1730 4384 μὲν

1834 4326 1948 4368 ram
1980 4314 2183 4369 siccam
2220 4314 2464 4381 eﬂ‘odias,
2488 4317 2737 4385 protinus
2784 4331 2980 4386 aquam
3012 4315 3271 4383 oﬂ'endes,
3302 4316 3403 4371 sed

135 4410 397 4477 γίνεται,
459 4412 530 4481 τῇ
594 4410 845 4481 αίσθήσει
897 4409 1386 4479 καταλαμϐάνομεν
1406 4445 1422 4469 ,
1475 4406 1621 4477 λόγῳ
1671 4404 1728 4458 δὲ

1832 4407 2067 4474 primum
2096 4414 2244 4461 tactu
2266 4408 2453 4463 nescio
2473 4408 2604 4478 quid
2636 4407 2965 4479 uliginosum
2991 4407 3225 4475 senties;
3253 4408 3402 4478 quod

138 4498 506 4567 παραστῆσαι
551 4498 618 4550 τά
650 4496 790 4568 ἔργα
824 4497 924 4569 τῆς
971 4496 1186 4565 φύσεως
1230 4495 1617 4567 ἀδυνατοῦμεν.
1664 4494 1727 4548 Εἰ

1837 4496 1883 4551 si
1937 4495 2192 4553 fodiendo
2212 4500 2473 4555 altiusire
2499 4514 2693 4570 pergas
2720 4499 2788 4554 ad
2824 4500 2941 4554 loca
2968 4499 3273 4571 frigidiora,
3295 4502 3403 4573 gle-

133 4590 199 4644 δέ
234 4606 322 4652 τις
344 4591 449 4659 τὴν
475 4590 666 4658 πεῖραν
689 4589 770 4652 είς
801 4589 1103 4661 μαρτυρίαν
1120 4588 1221 4658 τῆς
1245 4587 1501 4659 τοιαύτης
1530 4586 1730 4657 ὐπολὴ-

1832 4586 1954 4643 bam
1972 4589 2145 4658 magis
2173 4603 2451 4645 omnosam
2478 4590 2725 4646 invenies
2754 4609 2767 4645 :
2792 4598 2848 4645 at
2864 4591 2910 4646 si
2928 4592 2996 4646 ad
3030 4592 3202 4662 magis
3223 4592 3401 4647 adhuc

130 4681 297 4748 ψεως
343 4680 584 4747 δέχοιτο.
624 4679 854 4749 ἑτοίμως
889 4679 1268 4751 ἀποδείξομεν,
1317 4681 1599 4751 μάρτυρας
1635 4680 1730 4734 τοῦ

130 4771 309 4837 λόγω
340 4772 479 4831 τοὺς
512 4768 857 4840 φριωρύχους
890 4771 1245 4842 παράγοντες.
1297 4773 1450 4826 Ἐπεὶ
1488 4772 1597 4844 γὰρ
1622 4772 1733 4826 τῶν

128 4864 199 4914 ὲν
230 4860 391 4929 βάθει
430 4856 993 4929 καταλαμϐανομένων
1016 4858 1222 4913 ὑδάτων
1255 4862 1353 4930 τὴν
1376 4860 1603 4931 ἀνικμον
1627 4861 1733 4931 γῆν

126 4951 493 5021 δνιρύξωσιν,
526 4948 619 5000 ἐπὶ
655 4949 717 5001 τὸ
739 4950 892 5003 κάτω
926 4950 1209 5019 προϊόντες
1234 4953 1300 5021 τῇ
1339 4951 1591 5023 ἐργασίᾳ,
1631 4953 1732 5005 οὐκ

128 5041 312 5103 εὐθὺς
360 5039 753 5109 ὲντυγχάνουσι
805 5044 872 5112 τῇ
910 5042 1168 5096 συστάσει
1213 5041 1306 5103 τοῦ
1356 5042 1562 5106 ὓδατος,
1597 5043 1731 5096 ἀ).λά

132 5132 368 5202 πρῶτον
398 5133 501 5205 μὲν
539 5136 609 5203 τῇ
638 5134 755 5203 »ἀφῇ
800 5137 1044 5205 μετέχειν
1074 5134 1218 5199 τινὸς
1252 5132 1474 5204 ίκμάδος
1504 5136 1603 5204 τὴν
1629 5137 1731 5205 γῆν

128 5225 547 5293 ἑαυχὰααντο·
611 5219 731 5277 εἶτα
780 5226 916 5297 πρὸς
965 5226 1027 5279 τδ
1082 5226 1279 5297 μᾶλλον
1323 5226 1733 5296 κατεψυγμένον

130 5315 235 5366 διὰ
269 5315 358 5370 τοῦ
388 5316 589 5385 βάθους
608 5318 977 5386 χωρήσαντες,
1000 5319 1412 5389 τεηλωδεστέραν
1440 5317 1540 5387 τὴν
1563 5316 1731 5385 βῶλον

130 5404 673 5473 mmmam!
724 5408 862 5477 μετά
903 5408 1062 5461 τοῦτο
1090 5408 1228 5476 πρὸς
1257 5408 1318 5461 τὸ
1358 5406 1556 5476 μᾶλλον
1600 5421 1732 5459 κατ-

130 5493 456 5561 εὴημένσν
516 5494 889 5569 βαθυνομένης
939 5500 1037 5571 τῆς
1089 5499 1370 5571 ἐργασίας,
1431 5496 1588 5569 ἱδρώς
1649 5513 1734 5558 τις

130 5582 395 5651 iw:
430 5586 785 5653 ἀποφαίνεται
805 5605 822 5622 ⁸
857 5586 977 5644 εἶτα
1005 5591 1174 5662 ¹κόρου
1210 5589 1353 5650 τινὸς
1378 5587 1732 5657 ὲντμηθέντος

136 5671 271 5725 {ad
294 5673 375 5727 τδν
406 5674 659 5746 πυθμένα
689 5681 779 5735 τοῦ
807 5683 954 5740 λίθου
974 5699 989 5715 ⁸
1028 5682 1158 5739 ἔνθα
1204 5678 1407 5751 μᾶλλον
1450 5676 1593 5739 εἰκός
1617 5678 1733 5729 ἔστι

1834 3865 2007 3911 tatur.
2040 3855 2166 3913 Hec
2198 3859 2343 3913 enim
2380 3857 2497 3914 ﬁeri
2527 3873 2687 3916 sensu
2721 3859 2842 3930 ipso
2881 3862 3235 3931 percipimus,
3268 3876 3405 3932 quu-

1834 3948 1999 4004 modo
2048 3956 2229 4004 autem
2278 3964 2308 4004 a
2345 3958 2538 4006 natura
2600 3950 2750 4018 fiant,
2795 3955 3006 4009 ratione
3051 3954 3249 4010 docere
3294 3970 3402 4010 non

1833 4054 2149 4110 possumus.
2209 4040 2305 4097 Sin
2352 4044 2622 4115 quispiam
2669 4046 3061 4114 experimentis
3108 4047 3247 4102 hanc
3284 4048 3403 4116 opi—

1832 4131 2053 4189 nionem
2101 4134 2444 4203 comprobari
2489 4135 2695 4206 cupiat,
2737 4136 2789 4190 id
2824 4137 3060 4191 adducto
3117 4148 3401 4206 puteorum

1832 4678 2026 4750 frigida
2047 4680 2168 4733 loca
2184 4679 2556 4749 descenderis,
2580 4682 2796 4737 turbida
2815 4684 3062 4754 quaedam
3087 4698 3226 4753 aqua
3245 4699 3406 4755 appa-

1831 4770 2009 4827 rebit:
2034 4769 2121 4825 sin
2169 4778 2352 4826 autem
2386 4773 2491 4827 sub
2517 4772 2628 4827 imo
2653 4788 2881 4844 prorsus
2909 4774 3050 4840 solo,
3086 4789 3197 4844 quo
3219 4775 3402 4830 minus

1796 4874 1799 4875 '
1832 4859 2128 4915 verisimile
2170 4861 2243 4916 sit
2273 4862 2512 4917 calorem
2546 4864 2680 4919 solis
2710 4871 3020 4931 penetrare,
3036 4864 3270 4935 lapidem
3300 4867 3403 4920 all-

1834 4966 1995 5021 quem
2026 4950 2315 5013 incideris,
2359 4952 2486 5007 licet
2521 4952 2697 5022 ipsius
2730 4956 2929 5025 lapidis
2966 4957 3210 5012 densitas
3254 4957 3405 5011 obsi-

1834 5048 1979 5096 stere
2008 5040 2280 5103 videatur,
2305 5050 2486 5097 tamen
2516 5058 2665 5100 vena
2685 5046 2934 5114 quaedam
2962 5046 3304 5116 aperiuntur,
3334 5062 3403 5102 ex

1834 5133 2034 5201 quibus
2064 5131 2306 5201 undique
2330 5130 2586 5195 defossus
2620 5144 2816 5205 puteus
2854 5137 3013 5205 aquis
3056 5134 3405 5193 adﬂuentibus

1798 5234 1799 5237 ‘
1836 5222 2156 5291 completur.
2189 5222 2344 5289 Quod
2388 5225 2552 5294 igitur
2579 5226 2635 5280 in
2672 5227 2791 5281 loco
2835 5241 3002 5282 manu
3037 5237 3203 5297 atque
3236 5242 3401 5300 opera

1836 5312 1983 5366 facto
2011 5323 2385 5385 excavatoque
2412 5317 2713 5389 contingit,
2748 5326 2809 5371 ut
2840 5319 3034 5383 humor
3064 5320 3306 5392 undique
3350 5323 3403 5375 in

1845 5412 2067 5474 puteum
2098 5405 2370 5473 conﬂuat,
2407 5408 2459 5462 id
2492 5409 2545 5463 in
2578 5412 2725 5465 omni
2756 5413 2875 5469 loco
2905 5428 3001 5484 par
3036 5422 3119 5477 est
3150 5415 3400 5470 evenire:

1835 5510 1958 5549 cum
2009 5510 2071 5549 ea
2118 5510 2258 5566 aqua
2287 5512 2407 5565 qua:
2440 5514 2535 5569 per
2582 5511 2773 5556 tenues
2804 5503 3079 5572 colligitur
3124 5503 3402 5563 humores,

1836 5601 1933 5656 per
1958 5602 2125 5641 venas
2157 5590 2423 5656 quasdam
2457 5592 2524 5645 ad
2560 5592 2782 5648 latiores
2809 5601 3019 5648 meatus
3050 5592 3401 5662 perducatur.

1836 5687 1889 5731 et
1938 5676 2138 5733 humor
2189 5696 2248 5735 se
2302 5682 2626 5737 naturaliter
2672 5684 2725 5736 in
2782 5697 2947 5737 unum
2995 5690 3193 5749 cogat,
3242 5689 3408 5751 atque
